2516 3791
310 232 400 277 580
730 245 765 274 s.

308 343 389 366 sum
400 327 431 365 ei
444 335 713 380 poenapraestat‚
724 327 819 377 quod
833 326 878 364 sit
894 340 986 363 uxor
998 325 1100 376 justi.
1115 323 1259 361 Etenim

308 389 389 425 etin
405 387 559 425 domum
577 387 772 424 Pharaonis
784 385 1000 432 introducta,
1022 382 1153 420 mansit
1167 397 1258 420 uxor

303 448 406 499 justi.
416 451 430 485 1
441 448 478 487 8.
493 450 589 486 Cum
597 454 775 484 vocasset
783 454 912 482 autem
921 445 1074 481 Abram
1084 444 1259 491 Pharao,

309 509 411 545 dixit
423 511 458 545 ei
475 524 483 544 ε
509 510 637 558 Quare
650 508 722 543 hoc
734 506 867 556 fecisti
886 505 982 540 mihi
999 508 1015 539 P
1027 502 1124 542 Vide
1138 502 1259 553 qualia

308 565 418 602 verba
441 579 504 602 rex
523 564 706 614 profatur:
722 563 801 599 Cur
817 562 889 598 hoc
897 562 1037 613 fecisti
1058 563 1183 599 mihi?
1201 561 1256 599 in·

307 625 400 674 quit.
426 624 549 673 Egone
567 622 632 659 tibi
652 621 733 668 feci,
752 621 815 671 qui
835 621 1057 673 peregrinus,
1084 621 1146 672 qui
1166 622 1258 659 nulli

308 694 422 731 notus,
443 683 503 733 qui
525 691 668 734 propter
687 683 818 719 famem
836 681 978 730 adsum,
1001 682 1068 719 tibi
1098 681 1187 733 regi,
1201 692 1256 734 ty-

307 757 432 791 ranno,
452 751 485 780 et
499 741 691 794 imperanti
709 756 816 794 super
834 742 1060 794 AEgyptum?
1075 742 1174 788 Quid
1190 742 1257 779 feei

306 804 398 842 tibi?
421 804 480 840 Tu
499 803 589 840 mihi
611 802 791 840 abstulisti
807 817 955 840 uxorem
969 819 976 839 :
990 803 1081 840 sicut
1099 803 1257 855 peregri-

302 879 389 902 num
426 879 482 903 me
511 863 728 916 despexisti,
748 863 978 911 contemsisti,
1008 864 1142 901 nullius
1172 877 1254 901 mo-

303 926 415 964 menti
431 940 487 963 me
505 925 663 963 habuisti
679 940 686 960 :
701 924 845 962 omnino
867 925 1115 976 intemperanti
1129 938 1256 962 concu-

303 986 481 1037 piscentiae
513 995 583 1023 tuae
605 985 823 1035 obsequutus
843 998 897 1031 es,
917 993 951 1021 et
980 999 1060 1034 quae
1093 984 1158 1022 tibi
1180 985 1256 1036 pla-

304 1047 442 1094 cebant,
463 1060 568 1098 opere
599 1045 745 1084 volebas
764 1045 951 1096 complere.
969 1044 1152 1090 Quidnam
1171 1058 1255 1096 ergo

303 1106 369 1144 feci
391 1106 483 1144 tibi?
504 1108 651 1157 Magna,
674 1105 800 1156 inquit,
820 1105 909 1142 mihi
926 1105 1049 1154 fecisti,
1066 1115 1100 1143 et
1132 1105 1255 1157 gravia

304 1167 340 1204 in
373 1181 429 1204 me
449 1165 669 1205 commisisti.
690 1165 786 1204 Vide
806 1175 938 1216 quanta
965 1180 1085 1203 rerum
1113 1166 1253 1204 vicissi-

305 1228 391 1266 tudo
409 1244 416 1264 ε
431 1243 494 1266 rex
505 1227 644 1279 privato
655 1227 759 1265 dicit:
769 1227 869 1273 Quid
878 1227 991 1265 fecisti
1001 1227 1254 1274 mihiPDeum,

305 1288 435 1339 inquit,
444 1288 628 1325 inimicum
644 1287 733 1324 mihi
748 1287 950 1335 reddidisti,
962 1287 1052 1325 iram
1063 1288 1138 1339 ejus
1149 1301 1255 1339 super

306 1364 362 1387 me
387 1348 581 1396 induxisti,
595 1362 706 1400 poenae
735 1348 932 1385 obnoxium
961 1362 1016 1385 me
1047 1347 1252 1398 reddidisti,

306 1410 419 1448 fecisti
438 1419 475 1447 ut
497 1423 638 1462 poenam
660 1409 770 1446 lueret
785 1417 857 1446 tota
877 1423 954 1446 mea
985 1408 1113 1446 domus
1132 1423 1255 1446 eorum

305 1485 384 1521 quae
406 1471 441 1509 in
457 1480 491 1508 te
508 1470 664 1508 admissa
685 1479 780 1507 sunt.
805 1471 884 1507 Cur
901 1471 973 1508 hoe
988 1471 1254 1522 milu'fecisti?

310 1533 440 1582 Quare
461 1545 538 1568 non
565 1532 812 1568 annuntiasti
833 1531 929 1567 mihi
946 1531 1050 1582 quod
1067 1543 1166 1567 uoeor
1185 1538 1254 1567 tua

304 1597 431 1630 esset?
448 1594 512 1630 19.
537 1593 663 1641 Quare
682 1592 817 1628 dixisti
832 1607 843 1626 .-
863 1591 978 1629 Soror
999 1605 1086 1628 mea
1112 1599 1168 1628 est
1183 1594 1199 1626 f>
1219 1599 1255 1628 et

303 1655 437 1703 accepi
465 1666 551 1689 eam
575 1653 671 1688 mihi
690 1665 860 1689 utorem.
888 1651 981 1701 Ego,
1007 1651 1133 1701 inquit,
1153 1650 1255 1701 quasi

306 1727 462 1750 sororem
476 1721 574 1749 tuam
586 1711 748 1748 volebam
761 1710 903 1748 ducere.
921 1714 965 1748 At
984 1711 1079 1748 unde
1095 1710 1254 1748 didicisti

305 1787 454 1810 uxorem
472 1786 545 1810 esse
568 1771 686 1823 justi?
702 1771 808 1809 Ultor
833 1780 938 1809 tantae
959 1771 1172 1822 iniquitatiS,
1195 1770 1256 1808 ille

306 1833 397 1870 mihi
411 1847 487 1870 rem
496 1832 680 1870 indicavit.
694 1833 911 1884 Cursecisti
922 1834 1018 1870 mihi
1028 1834 1113 1877 hoc,
1130 1840 1165 1869 et
1176 1845 1254 1869 non

301 1895 486 1931 indicasti
504 1894 599 1930 mihi
614 1893 718 1944 quod
732 1906 831 1929 uror
843 1901 910 1930 tua
929 1901 1024 1931 esset
1039 1897 1103 1930 Pet
1122 1895 1254 1944 accepi

302 1968 388 1991 eam
401 1956 497 1991 mihi
516 1957 589 2005 ipsi
602 1967 760 1991 umorem
780 1963 1000 2005 peccaturus.
1024 1953 1136 2000 Quasi
1155 1968 1254 1991 soro-

303 2030 375 2052 rem
396 2025 493 2052 tuam
514 2013 701 2052 habiturus
719 2014 787 2051 hoc
804 2014 883 2052 feci.
907 2014 1056 2052 Attende
1077 2014 1254 2065 quomodo

302 2075 473 2126 supplicii
494 2074 650 2125 gravitas
667 2075 842 2112 concussit
862 2075 937 2126 ejus
957 2084 1124 2123 mentem,
1141 2075 1191 2113 ita
1210 2084 1250 2113 ut

303 2144 337 2171 et
354 2135 451 2185 justo
471 2134 642 2172 rationem
673 2133 850 2183 redderet,
870 2143 903 2171 et
924 2149 1028 2172 omne
1056 2148 1139 2186 erga
1173 2149 1254 2172 eum

300 2196 495 2233 declararet
506 2196 678 2233 officium.
692 2195 798 2245 Atqui
811 2196 880 2233 nisi
900 2196 966 2234 Dei
984 2197 1107 2234 fuisset
1127 2197 1253 2247 gratia,

302 2271 381 2306 quae
401 2266 556 2293 mentem
572 2256 647 2307 ejus
658 2250 873 2303 emolliebat,
889 2265 922 2293 et
938 2256 1138 2293 metumilli
1153 2257 1255 2293 incu-

302 2318 423 2365 tiebat,
444 2330 656 2367 consequens
675 2325 749 2353 crat
767 2331 849 2353 eum
864 2316 897 2353 in
912 2318 1082 2368 majorem
1100 2318 1255 2354 furorem

303 2377 489 2415 inductum
504 2378 604 2428 quasi
635 2376 858 2428 deceptorem
875 2378 1014 2429 justum
1041 2378 1254 2429 puniturum

302 2438 424 2487 fuisse,
438 2447 470 2475 et
482 2437 650 2475 extremis
662 2438 874 2474 affecturum
890 2438 1090 2489 suppliciis.
1107 2441 1150 2475 At
1163 2439 1254 2476 nihil

303 2499 431 2536 horum
447 2499 529 2536 fecit
547 2514 554 2534 :
577 2498 684 2536 timor
700 2498 794 2536 enim
810 2498 980 2550 supplicii
998 2499 1253 2538 inflammatam

299 2561 377 2610 ejus
397 2560 487 2597 iram
502 2560 666 2611 repressit
685 2569 718 2597 et
738 2559 901 2597 restinxit.
918 2576 924 2596 ε
945 2560 1037 2598 unde
1056 2575 1167 2598 unum
1186 2561 1254 2600 hoc

300 2621 462 2669 rurabat,
480 2629 518 2657 ut
531 2621 764 2672 ergajustum
783 2620 964 2658 officiosus
979 2630 1078 2659 esset.
1095 2621 1254 2660 Rescivit

301 2681 394 2718 enim
425 2681 582 2731 tandem,
602 2695 671 2719 non
688 2695 762 2719 esse
779 2681 946 2733 possibile
965 2696 1047 2720 eum
1066 2683 1252 2734 vulgarem

302 2741 509 2793 quempiam
524 2756 610 2789 esse,
631 2741 691 2792 qui
715 2750 810 2779 tanta
837 2757 989 2795 superna
1007 2743 1251 2782 benevolentia

303 2802 493 2840 frueretur.
518 2804 571 2839 Et
599 2816 701 2840 ruine
718 2817 804 2840 ecce
833 2816 932 2841 uxor
961 2812 1029 2841 tua
1051 2818 1182 2842 coram
1203 2814 1250 2854 te,

304 2871 463 2912 accepta
486 2877 532 2899 ea
554 2866 656 2900 ocius
674 2865 789 2903 vade.
809 2865 924 2914 Nunc,
939 2864 1067 2915 inquit,
1088 2866 1170 2917 quia
1195 2880 1251 2905 co-

300 2922 406 2971 gnovi
426 2937 493 2960 non
512 2938 584 2960 esse
605 2938 761 2962 sororem
780 2934 891 2973 tuam,
913 2925 975 2963 sed
993 2940 1154 2975 uxorein,
1171 2941 1249 2966 ecce

299 2982 408 3020 habes
419 2997 506 3019 eam.
522 2984 644 3034 Neque
659 2984 752 3022 enim
768 2985 839 3022 ulla
858 2985 892 3023 in
910 3000 947 3023 re
961 2986 1151 3039 deturpavi
1168 3001 1250 3025 con-

298 3043 441 3093 jugium
453 3054 626 3090 vestrum,
640 3059 750 3096 neque
761 3046 901 3098 privavi
916 3056 948 3085 te
961 3062 1072 3086 uxore
1085 3057 1156 3086 tua.
1176 3049 1252 3086 Sed

299 3118 385 3141 erce
400 3118 496 3140 teror
510 3113 575 3141 tua
584 3120 714 3142 coram
726 3114 774 3151 te,
790 3117 949 3159 accepta
960 3123 1005 3145 ea
1014 3111 1119 3147 ocius
1133 3110 1247 3147 vade.

302 3168 392 3210 Qua*
405 3166 837 3218 menspoteritdignequse
849 3169 939 3207 facta
963 3180 1044 3208 sunt
1067 3169 1248 3219 admirari,

298 3240 357 3267 ..ut
377 3246 454 3281 qua·
485 3231 606 3279 lingua
639 3233 851 3272 miraculum
887 3236 1019 3274 valebit
1055 3251 1218 3275 enarrare.
1232 3238 1248 3273 Ξ)

300 3297 429 3333 Mulier
445 3297 748 3348 s,·ton‹lid;·f‹›rm;·
764 3299 867 3337 simul
883 3316 962 3339 rum
975 3302 1051 3340 vii-u
1064 3302 1248 3354 :ngplio-

345 3415 356 3428 ι
374 3400 431 3432 Alii
455 3407 632 3443 ἁτῄῃῑῐλας
650 3418 711 3443 μγ.

808 245 992 275 ,ΙΟΑΝΝΝ
1028 244 1267 274 CHRYSOST.
1309 242 1516 272 AncniEP.
1556 243 1912 276 CONSTANTlNOP.

1332 322 1502 370 Αἴσθησιν
1534 324 1609 375 ἅμα
1640 328 1683 377 τῇ
1716 327 1869 379 τιμωρίᾳ
1899 327 2085 378 λαμὸοίνει,
2119 330 2172 368 ὅτι
2202 331 2287 381 γυνὴ
2315 325 2356 378 ἦν

1331 388 1390 421 τοῦ
1411 384 1558 423 δικαίου.
1583 386 1652 424 Καὶ
1678 386 1745 439 γὰρ
1764 388 1823 426 καὶ
1847 389 1894 430 εἷς
1914 388 1973 426 τὸν
2002 383 2094 427 οἷκον
2125 393 2357 443 εἰσενεχθεῖσα

1330 448 1390 482 τοῦ
1426 444 1633 496 Φαραὼ,”
1613 461 1714 496 εμενε
1747 447 1831 497 γυνὴ
1863 463 1923 486 του
1957 449 2091 487 δικαίου
2122 451 2353 502 τυγγάνουσα.

1333 504 1493 548 Καλέσας
1509 505 1566 551 δὲ,
1585 506 1689 557 φησὶ,
1709 506 1847 559 Φαραὼ
1865 508 1923 545 τὸν
1940 507 2100 559 Ἄδραμ,
2127 514 2221 548 εἶπεν
2243 513 2355 562 αὔτῳ·

1777 566 1874 620 ”Ορα
1892 568 1937 606 τὰ
1956 569 2118 621 ῥηματα,
2141 573 2196 607 οἱα
2219 575 2237 608 6
2254 573 2357 622 βασι-

1332 626 1410 671 λεὺς
1424 626 1596 679 προΐεται.
1620 627 1667 666 Τί
1688 632 1789 666 τοῦτο
1809 628 1978 676 ἐποίησάς
2005 645 2085 680 μοι;
2117 631 2237 682 φησίν.
2260 631 2356 683 Ἐγώ

1332 703 1386 725 σοι
1417 687 1588 736 ἐποίησα,
1608 691 1625 726 6
1644 688 1734 732 ξένος
1747 718 1757 736 ,
1777 691 1795 726 ὁ
1815 689 1938 739 μηδενὶ
1963 689 2154 741 γνώριμος,
2179 694 2196 728 6
2219 691 2276 729 διὰ
2296 694 2355 730 λι-

1328 565 1363 603 ‘ci
1376 581 1476 604 τουτο
1491 566 1684 618 επΟίησάς
1678 583 1759 615 uot;

1333 748 1396 799 μὸν
1423 749 1721 802 παραγενόμενος,
1748 753 1798 801 τῷ
1835 752 1994 800 βασιλεῖ,
2021 753 2072 801 τῷ
2098 752 2279 803 τυράννῳ,
2306 755 2356 803 τῷ

1331 813 1515 861 κρατοῦντι
1532 813 1594 857 τῆς
1610 809 1805 861 Αἰγύπτου,
1823 810 1871 849 Τί
1890 810 2040 858 ἐποίησά
2055 827 2131 859 σοι;
2153 811 2203 850 Σὺ
2223 813 2355 863 ἀφείλω

1333 887 1398 921 μου
1413 871 1476 917 τὴν
1494 877 1654 921 γυναῖκα·
1675 871 1832 924 καθάπερ
1849 870 1941 915 ξένου
1967 873 2156 924 ὑπερεῖδες,
2179 874 2351 926 κατεφρό-

1329 948 1454 978 νησας,
1484 932 1605 970 οὐδένα
1629 932 1728 984 λόγον
1755 933 1927 979 ἐποιησω·
1958 933 2047 976 δ’)ως
2069 936 2133 979 τῆς
2160 935 2353 973 ἀκολάστου

1329 992 1515 1042 ἐπιθυμίας
1534 992 1700 1043 γέγονας,
1727 993 1786 1031 καὶ
1809 993 1999 1041 ἐὸουλήθης
2025 995 2072 1038 εἷς
2091 994 2188 1046 ἔργον
2209 999 2352 1048 ἀγαγεῖν

1329 1053 1374 1091 τά
1393 1068 1448 1091 σοι
1476 1053 1636 1097 δόξαντα.
1667 1052 1715 1091 Τί
1743 1047 1801 1091 οὖν
1829 1053 1977 1100 ἐποίησα
2003 1069 2077 1102 σοι,
2100 1056 2248 1139 Μεγάλα
2273 1072 2353 1106 μοι,

1331 1130 1448 1166 φησιν,
1473 1112 1658 1160 ἐποίησας,
1681 1113 1740 1151 καὶ
1770 1113 1865 1151 δεινὰ
1893 1115 1940 1156 εἰς
1969 1113 2032 1163 ἐμὲ
2054 1115 2239 1166 διεπράξω.
2257 1115 2354 1168 “Opot

1329 1174 1421 1221 πόση
1449 1177 1517 1212 τῶν
1545 1174 1762 1227 πραγμάτων
1789 1177 1810 1219 ἡ
1840 1174 2035 1224 μεταὸολή·
2067 1179 2085 1212 6
2117 1175 2280 1226 βασιλεὺς
2304 1180 2354 1230 τῷ

1332 1235 1451 1287 ἰδιώτῃ
1472 1235 1567 1287 λέγει
1582 1265 1591 1282 ,
1609 1234 1656 1272 Τί
1673 1234 1842 1281 ἐποίησάς
1859 1251 1936 1285 μοι;
1949 1235 2008 1272 τὸν
2025 1235 2115 1274 Θεόν
2134 1253 2192 1287 μοι
2207 1266 2216 1283 ,
2237 1237 2357 1289 φησὶν,

1330 1294 1614 1345 ἐξεπολέμωσας,
1641 1295 1725 1348 παρ’
1757 1296 1862 1332 αὐτοῦ
1890 1295 1995 1348 ὀργήν
2020 1311 2078 1346 μοι
2097 1297 2290 1348 ἐπήγαγες,
2310 1301 2353 1349 τῇ

1330 1354 1483 1408 τιμωρία
1500 1354 1685 1393 ammon&
1703 1371 1746 1406 με
1764 1356 2003 1404 κατέστησας,
2025 1357 2125 1403 δίκην
2139 1357 2354 1409 παρεσκεύα-

1331 1416 1393 1460 σάς
1414 1431 1456 1466 με
1479 1416 1596 1454 δοῦναι
1621 1415 1710 1466 μετὰ
1731 1421 1790 1454 τοῦ
1809 1416 1903 1454 οἴκου
1925 1433 1990 1467 μου
2013 1418 2142 1461 παντὸς
2156 1422 2226 1456 τῶν
2247 1419 2294 1462 εἷς
2314 1418 2352 1457 σὲ

1329 1477 1585 1528 τολμηθέντων.
1606 1476 1652 1514 Τί
1668 1468 1768 1515 τοῦτο
1784 1477 1950 1523 ἐποίησάς
1972 1495 2049 1528 μοι,
2072 1478 2125 1516 ὅτι
2140 1481 2202 1516 οὐκ
2222 1478 2354 1530 Βάνήγ-

1329 1539 1446 1590 γειλάς
1465 1554 1545 1588 μοι,
1567 1538 1619 1576 ὅτι
1644 1537 1728 1589 γυνή
1750 1538 1809 1576 σού
1829 1540 1922 1586 ἐστι,
1943 1539 2012 1576 Καὶ
2031 1538 2088 1576 ἵνα
2115 1539 2150 1576 τί
2177 1533 2276 1582 εἶπας
2298 1539 2351 1578 ὅτι

1330 1599 1460 1651 ἀδελφή
1485 1598 1550 1649 μού
1569 1601 1664 1646 ἐστι;
1678 1598 1738 1636 καὶ
1757 1597 1882 1636 ἔλαὸον
1904 1598 2011 1645 αὐτὴν
2034 1602 2175 1652 ἐμαυτῷ
2191 1605 2350 1650 γυναῖκα.

1329 1659 1447 1711 Ἐγὼ,
1466 1658 1582 1711 φησὶν,
1605 1662 1651 1702 ὡς
1671 1659 1822 1711 ἀδελφήν
1847 1675 1906 1697 σου
1930 1659 2124 1710 ἐὸουλόμην
2145 1661 2352 1711 ἀγαγέσθαι.

1329 1721 1400 1759 Καὶ
1423 1720 1527 1758 πόθεν
1546 1718 1708 1771 ἔμαθες“’
1687 1736 1739 1757 οτι
1757 1720 1842 1771 γυνή
1867 1721 1942 1757 ἐστι
1967 1735 2026 1756 του
2053 1720 2207 1758 δικαίου·
2200 1751 2210 1768 ,
2227 1720 2272 1759 O
2291 1737 2353 1766 της

1329 1780 1551 1836 παρανομίας
1576 1797 1703 1827 ταυτης
1731 1780 1865 1824 ἔκδικος
1879 1811 1888 1829 ,
1911 1780 2039 1824 ἐκεῖνός
2065 1797 2124 1831 μοι
2147 1797 2249 1820 τουτο
2267 1783 2354 1834 γνώ-

1331 1858 1430 1894 ριμον
1449 1841 1606 1889 ἐποίησε.
1633 1841 1681 1879 Τί
1701 1845 1757 1880 οὐν
1779 1840 1947 1888 ἐποίησάς
1970 1858 2030 1892 μοι
2052 1846 2176 1889 τοῦτο,
2204 1841 2264 1879 καὶ
2291 1844 2353 1880 οὐκ

1329 1907 1401 1950 ἀπη
1393 1902 1544 1954 ’γγειλάς
1562 1918 1641 1953 μ,οι
1660 1901 1714 1940 οτι
1732 1901 1818 1954 γυνή
1835 1902 1895 1941 σού
1913 1904 2009 1949 ἐστι,
2027 1919 2086 1940 και
2102 1901 2226 1940 ἔλαὸον
2244 1902 2350 1949 αὐτὴν

1329 1966 1471 2015 ἕμαυτω
1489 1969 1690 2014 γυναῖκα,μ
1665 1963 1801 2002 μέλλων
1815 1963 2036 2016 ἐξαμαρτεῖν.
2061 1963 2121 2007 Ως
2138 1964 2185 2007 εἷς
2200 1963 2349 2015 ἀδελφὴν

1328 2025 1391 2074 σὴν
1422 2024 1665 2077 συγγινόμενος
1692 2029 1792 2063 τοῦτο
1820 2029 1930 2062 ποιεῖν
1961 2024 2189 2077 ἐπεχείρησα.
2216 2024 2350 2063 Σκόπει

1327 2089 1402 2130 πῶς
1429 2089 1491 2132 τῆς
1525 2085 1695 2138 τιμωρίας
1729 2089 1751 2132 ἡ
1785 2084 1976 2137 σφοδρότης
2009 2085 2208 2124 κατέσεισεν
2246 2087 2350 2123 αὐτοῦ

1328 2147 1385 2185 τὸν
1407 2146 1591 2197 λογισμὸν,
1621 2149 1667 2189 ὡς
1693 2146 1753 2183 καὶ
1776 2148 2024 2197 ἀπολογεῖσθαι
2050 2149 2101 2198 τῷ
2122 2146 2246 2198 δικαίῳ
2262 2175 2271 2193 ,
2291 2146 2351 2184 καὶ

1329 2208 1468 2245 ἅπασαν
1486 2206 1566 2257 περὶ
1588 2206 1690 2244 αὐτὸν
1713 2206 1899 2258 θεραπείαν
1928 2205 2197 2244 ἐπιδείκνυσθαι.
2226 2205 2353 2244 Καίτοι

1329 2269 1360 2305 εἷ
1380 2267 1428 2317 μὴ
1451 2270 1472 2314 ἡ
1494 2271 1553 2305 τοῦ
1573 2270 1665 2306 Θεοῦ
1688 2266 1776 2320 ῥοπὴ
1797 2261 1839 2312 ἦν
1864 2270 1886 2312 ἠ
1909 2265 1971 2312 τὴν
1993 2267 2146 2305 διάνοιαν
2163 2269 2267 2305 αὐτοῦ
2283 2283 2350 2317 μα-

1328 2328 1482 2375 λάξασα,
1507 2327 1566 2366 καὶ
1589 2329 1635 2371 εἷς
1662 2328 1765 2379 φόὲον
1787 2328 1888 2366 αὐτὸν
1910 2327 2163 2373 καταστήσασα
2178 2358 2187 2375 ,
2205 2327 2350 2365 ἀκόλου-

1329 2393 1385 2428 Οον
1409 2384 1450 2435 ἦν
1467 2389 1525 2426 καὶ
1551 2391 1598 2432 εἶς
1621 2388 1763 2426 πλείονα
1785 2387 1891 2438 θυμὸν
1911 2389 2013 2426 αὐτὸν
2032 2388 2271 2441 ἐξενεχθῆναι,
2291 2388 2350 2426 καὶ

1328 2454 1374 2494 ὡς
1400 2450 1630 2497 ἀπατήσαντα
1657 2448 1854 2499 ἀμύνασθαι
1883 2449 1941 2487 τὸν
1978 2449 2122 2497 δίκαιον,
2155 2449 2215 2488 καὶ
2250 2449 2349 2496 δίκην

1328 2511 1580 2563 εἰσπράξασθαι
1595 2541 1604 2558 ,
1625 2510 1682 2548 καὶ
1699 2511 1746 2553 εἷς
1766 2509 1823 2547 τὸν
1838 2510 1918 2563 περὶ
1930 2512 1998 2547 τῶν
2018 2509 2175 2562 ἐσχάτων
2194 2510 2349 2548 κίνδυνον

1328 2575 1482 2625 ἀγαγεῖν.
1506 2571 1596 2610 Ἀλλ’
1619 2570 1713 2610 οὐδὲν
1731 2570 1860 2609 τούτων
1877 2570 2059 2617 ἐποίησεν·
2085 2574 2103 2608 6
2126 2571 2193 2624 γὰρ
2215 2573 2279 2617 τῆς
2297 2587 2348 2608 τι-

1329 2633 1461 2684 μυρίας
1481 2633 1583 2685 :po'Gog
1606 2632 1834 2670 κατέστελλεν
1856 2633 1959 2671 αὐτοῦ
1978 2632 2039 2679 τὴν
2060 2632 2269 2684 φλεγμονὴν,
2290 2647 2349 2669 και

1329 2694 1401 2737 ἑνος
1427 2694 1529 2744 μόνου
1550 2694 1702 2744 ἐγίνετο,
1732 2709 1791 2732 του
1811 2693 1875 2739 τὴν
1898 2709 1978 2745 περι
2002 2694 2058 2732 τὸν
2087 2692 2218 2730 δίκαιον
2248 2697 2349 2745 Θερα-

1327 2754 1428 2793 πείαν
1459 2755 1552 2793 ἐπιοε
1559 2754 1707 2797 ίξασΟαι.
1729 2753 1832 2791 Ἤδει
1851 2752 1917 2805 γαρ
1942 2753 2076 2800 λοιπὸν,
2103 2752 2157 2791 ὅτι
2182 2754 2248 2804 οὐχ
2278 2747 2346 2791 οἷόν

1327 2830 1365 2851 τε
1383 2814 1439 2851 τὸν
1459 2814 1610 2865 τυγόντα
1631 2818 1718 2852 εἰναι
1735 2814 1844 2865 ανδρα
1860 2829 1917 2851 τον
1937 2812 2108 2860 τοσαύτης
2128 2813 2348 2851 ἀπολαύοντα

1327 2878 1387 2921 τῆς
1415 2874 1542 2912 ἄνωθεν
1572 2874 1716 2917 εὐνοίας.
1747 2874 1816 2913 Καὶ
1843 2878 1901 2911 νῦν
1929 2872 2000 2910 ἰδοὺ
2020 2877 2042 2920 ἡ
2060 2873 2146 2924 γυνή
2180 2889 2239 2912 σου
2266 2873 2348 2911 ἐνώ-

1325 2935 1404 2973 πιόν
1420 2950 1480 2973 σου
1491 2964 1500 2981 ,
1517 2934 1637 2972 λαὸὼν
1654 2935 1840 2987 ἀπότρεχε.
1861 2937 1947 2981 Νῦν,
1968 2934 2086 2986 φησὶν,
2103 2933 2222 2980 ἐπειδὴ
2240 2933 2347 2984 ἔγνων

1324 2997 1377 3034 ὅτι
1397 2997 1457 3034 οὐκ
1477 2996 1608 3048 ἀδελφή
1629 2995 1688 3034 σού
1709 2998 1816 3043 ἐστιν,
1836 2994 1926 3034 ἀλλὰ
1940 2994 2026 3045 γυνή
2048 3011 2108 3033 σου
2123 3025 2132 3042 ,
2161 2993 2230 3032 ἰδοὺ
2257 2993 2348 3046 ἔχεις

1324 3058 1442 3104 αὐτήν.
1474 3058 1584 3095 Οὐδὲν
1623 3057 1690 3109 γὰρ
1724 3057 1952 3107 ἐλυμηνάμην
1988 3059 2051 3101 τῆς
2082 3055 2242 3105 συζυγίας
2285 3058 2348 3101 τ’ἧς

1323 3118 1509 3171 ὑμετέρας,
1545 3118 1621 3156 οὐδὲ
1649 3117 1872 3168 ἀπεστέρησά
1909 3132 1948 3154 σε
1978 3118 2040 3161 τῆς
2068 3115 2230 3165 γυναικός
2263 3130 2344 3153 σου·

1324 3181 1401 3217 ἀλλ’
1438 3179 1526 3217 Ιδου
1559 3182 1580 3224 ἡ
1613 3177 1699 3229 γυνή
1733 3194 1792 3216 σου
1831 3176 1983 3214 εναντίον
2018 3191 2095 3214 σου·
2128 3175 2247 3213 λαίων
2282 3177 2344 3213 αὖ·

1323 3255 1386 3284 την
1417 3239 1544 3290 ἀπότρε
1549 3255 1605 3290 γε.
1634 3238 1727 3276 Ποία
1760 3237 1892 3275 διάνοια
1920 3236 2102 3282 δυνήσεται
2132 3251 2217 3287 προς
2247 3235 2346 3279 ἀξιαν

1324 3301 1498 3351 θαψΗασαι
1531 3317 1571 3337 τα
1602 3299 1837 3350 *3²3·›'3v·r,u;'vot,
1867 3297 1888 3343 ἢ
1919 3313 1975 3334 ποι
1982 3314 2001 3335 α
2033 3299 2171 3348 γλωττα
2203 3297 2344 3340 ἐξειπεῖν
