2483 3791
704 205 745 234 ΙΝ
784 205 884 235 ΕΑΡ.
927 204 973 234 ΙΙ.

462 355 640 395 ΟΜΙΛῙΑ
674 355 730 395 ιδ’.

84 484 146 527 Εἰς
162 482 204 520 τὰ
217 482 387 522 ἀκόλουθα
400 486 462 530 τῆς
477 483 635 528 κτίσεως·
651 483 749 530 Αὕτη
763 487 785 530 ἡ
809 482 927 535 βίὸλος
943 483 1109 535 γενέσεως

136 545 278 597 οὐρανοῦ
297 560 334 582 τε
349 544 408 582 καὶ
424 546 487 596 γῆς
498 574 507 592 ,
532 544 589 583 ὅτε
608 544 759 596 ἐγένετο·
774 539 798 596 ᾗ
814 545 929 598 ἡμέρα
945 543 1108 591 ἐποίησεν

136 609 155 644 ὁ
172 606 262 649 Θεὸς
277 606 335 644 τὸν
351 606 493 658 οὐρανὸν
507 606 567 644 καὶ
580 606 642 653 τὴν
657 609 736 658 γῆν.

135 733 230 785 Φερε
249 733 291 779 δὴ
308 733 460 786 σήμερον
484 731 728 784 πληρώσωμεν
751 732 852 781 ἡμῶν
874 729 970 776 τὴν”
957 728 1108 780 vardo-se-

82 808 149 840 σιν,
169 793 228 831 καὶ
248 795 310 838 τῆς
331 793 498 839 συνήθους
523 791 648 843 ἁψώμε
636 796 693 830 εθα
715 788 962 836 διδασκαλίας,
983 805 1042 826 και
1064 791 1106 840 τῇ

80 853 263 902 ἀκολουθίᾳ
283 855 350 890 τῶν
370 852 491 905 πρώην
515 852 707 904 εἰρημένων
735 850 944 902 συνοίψωμεν
975 849 1037 887 καὶ
1064 851 1108 886 τὰ

80 911 251 963 μέλλοντα
275 917 332 951 νῦν
358 912 583 965 ῥηθήσεσθαι.
613 911 707 950 Ἰστε
733 911 821 964 γὰρ,
841 909 896 949 ὅτι
928 910 987 948 καὶ
1013 908 1107 954 ἅπαξ

79 973 138 1011 καὶ
180 973 337 1027 δεύτερον
378 972 586 1016 σπεύδοντας
620 976 734 1024 ἡμᾶς,
772 972 831 1010 καὶ
878 971 1107 1023 βουλομένους

76 1036 178 1072 τοῦτο
197 1038 363 1082 ποιῆσαι,
382 1037 404 1080 ἡ
421 1033 501 1086 περὶ
527 1032 605 1076 τοὺς
624 1031 790 1086 ἀδελφοὺς
812 1031 890 1076 τοὺς
915 1031 1105 1085 ἡμετέρους

75 1094 222 1147 πρόνοια
238 1095 300 1142 τὴν
320 1097 478 1147 γλῶτταν
499 1099 582 1144 ἡμῖν
599 1096 646 1138 εἷς
664 1094 727 1140 τὴν
746 1094 833 1146 πρὸς
851 1094 1002 1138 ἐκείνους
1029 1109 1104 1132 πα-

75 1154 228 1207 ραίνεσιν
259 1155 446 1208 μετήγαγε.
476 1154 567 1194 Ποτὲ
591 1155 653 1206 μὲν
673 1154 742 1208 γὰρ
767 1154 845 1199 τοὺς
875 1154 1104 1202 νενοσηκότας

76 1218 143 1254 τῶν
165 1218 336 1269 ἀδελφῶν,
349 1217 408 1254 καὶ
427 1216 484 1255 διὰ
499 1215 679 1264 συνηθείας
693 1216 870 1268 πρόληψιν
891 1215 1104 1267 ἀποσχίζον-

77 1291 138 1318 τας
165 1275 308 1319 ἑαυτοὺς
333 1280 392 1314 τοῦ
420 1274 587 1326 συλλόγου
613 1274 732 1313 τούτου
755 1278 815 1312 τοῦ
842 1277 1103 1325 πνευματικοῦ,

75 1336 135 1374 καὶ
155 1337 219 1383 τὴν
237 1336 362 1383 ἡδονὴν
391 1340 478 1383 αϊῆς
503 1336 604 1388 ἁγίας
625 1338 748 1387 ἑορτῆς
774 1339 858 1385 ἡμῖν
881 1335 1103 1388 ἀκρωτηριά-

72 1398 191 1441 ζοντας
204 1428 213 1445 ,
234 1396 290 1435 διὰ
310 1400 372 1443 τῆς
390 1399 524 1444 πολλῆς
548 1397 805 1451 παρακλήσεως
820 1397 881 1435 καὶ
899 1397 1102 1448 συμὸουλῆς

1013 203 1175 234 clim-ts.

1131 739 1153 768 B

1217 203 1371 233 nonu„
1414 204 1493 232 ΧΗ.

2052 209 2137 255 109

1502 353 1713 392 llOMlLlA
1737 353 1822 393 Xll.

1182 478 1244 516 De
1263 479 1311 515 iis
1325 490 1412 529 quoe
1425 484 1641 529 sequuntur
1667 479 1902 515 creationem
1919 493 1930 514 .·
1945 477 2014 516 Hic
2029 487 2080 516 est
2095 479 2137 516 li-

1235 538 1298 576 ber
1313 538 1547 591 generationis
1566 538 1641 576 caeli
1667 547 1701 576 et
1730 547 1843 588 terrae,
1872 539 2017 590 quando
2045 541 2137 579 sacta

1235 607 1317 636 sunt
1333 614 1341 635 ε
1362 613 1432 650 quo
1453 598 1514 637 die
1533 599 1616 638 fecit
1635 601 1731 638 Deus
1746 600 1871 638 caelum
1885 609 1918 638 ct
1938 609 2081 640 terram.

2154 495 2228 522 Gen,
2259 504 2285 522 2.
2306 497 2332 531 l..

1234 723 1270 757 1.
1286 722 1359 771 Age
1371 720 1587 772 promissum
1602 731 1763 760 nostrum
1781 722 1888 761 hodie
1907 723 2134 777 impleamus,

1177 789 1210 818 et
1224 790 1428 819 consuetam
1442 781 1642 820 doctrinam
1656 792 1858 832 tractantes,
1875 785 2027 824 dicenda
2042 801 2136 825 nunc

1177 841 1221 879 iis
1251 855 1330 892 qum
1370 856 1479 894 supra
1517 841 1612 880 dicta
1645 852 1730 881 sunt
1759 854 2002 885 contexamus.
2028 848 2135 886 Scitis

1176 902 1286 951 enim,
1309 917 1373 941 nos
1383 904 1490 942 semel
1510 913 1615 956 atque
1630 905 1760 943 iterum
1781 906 1847 944 hoc
1863 907 1976 946 sacere
2008 909 2132 948 decre-

1176 964 1280 1014 visse,
1300 973 1333 1002 et
1348 963 1396 1002 ad
1422 964 1490 1004 hoc
1519 975 1661 1018 paratos
1685 967 1805 1016 fuisse,
1827 967 1889 1005 sed
1912 982 2036 1007 curam
2063 971 2134 1009 sra-

1175 1034 1283 1073 trum,
1331 1040 1440 1077 quam
1484 1027 1656 1079 gerimus,
1700 1028 1735 1066 in
1777 1029 1924 1068 illorum
1972 1030 2134 1071 admoni-

1174 1087 1309 1125 tionem
1331 1086 1494 1139 linguam
1525 1097 1682 1126 nostram
1699 1089 1770 1128 alio
1803 1090 1974 1142 rapuisse.
2010 1093 2133 1139 Quan-

1172 1146 1370 1199 doquidem
1395 1149 1579 1188 interdum
1602 1150 1757 1190 infirmis
1779 1152 1967 1203 fratribus,
1999 1155 2133 1205 quibus

1174 1218 1381 1247 consuetum
1396 1219 1470 1248 erat
1485 1220 1703 1262 sequestrare
1723 1227 1760 1251 se
1787 1213 1833 1250 ab
1851 1213 1920 1252 hoc.
1950 1215 2130 1267 spirituali

1174 1279 1363 1320 conventu,
1379 1280 1415 1308 et
1436 1272 1603 1310 mutilare
1635 1273 1737 1311 nobis
1768 1283 1896 1312 sanctoe
1929 1276 2131 1316 festivitatis

1174 1330 1318 1383 gaudia,
1342 1332 1520 1371 suasimus
1563 1334 1780 1373 consulendo
1817 1345 1851 1374 et
1891 1337 2128 1388 exhortando,

1174 1405 1218 1429 ne
1249 1391 1390 1430 diutius
1422 1393 1468 1431 ab
1501 1394 1592 1432 ovili
1627 1395 1761 1434 Christi
1799 1396 1931 1446 absint,
1966 1407 2000 1435 et
2030 1408 2130 1438 extra

75 1457 269 1508 ἐπάθομεν,
302 1458 351 1509 μὴ
384 1458 443 1498 ἐπὶ
475 1458 562 1497 πολὺ
578 1458 739 1512 γωρίζειν
771 1457 912 1502 ἑαυτοὺς
944 1461 1007 1505 τῆς
1042 1463 1103 1497 τοῦ
1124 1473 1148 1504 C
1173 1453 1313 1491 caulam
1327 1454 1418 1492 hanc.
1438 1455 1661 1508 spiritualem
1678 1456 1866 1495 aberrent:
1884 1459 2028 1498 nomine
2049 1461 2129 1512 qui-

75 1519 228 1572 Χριστοῦ
259 1519 432 1570 ποίμνης,
463 1519 552 1571 μηδὲ
577 1519 643 1564 ἔξω
671 1523 732 1558 τοῦ
757 1523 867 1566 σηκοῦ
897 1518 1018 1558 τούτου
1041 1524 1102 1558 τοῦ

69 1583 306 1631 πνευματικοῦ
342 1583 561 1628 πλανᾶσθαι,
588 1580 649 1618 καὶ
674 1583 724 1633 τῷ
749 1579 812 1632 μὲν
836 1580 929 1633 λόγῳ
958 1580 1018 1619 καὶ
1049 1582 1099 1634 τῷ

71 1640 217 1693 ὀνόματι
239 1644 324 1693 ἡμῖν
345 1645 499 1689 ἡνῶσθαι
516 1672 525 1690 ,
545 1645 588 1694 τῇ
614 1641 650 1680 δὲ
668 1641 814 1694 ἀληθεία
834 1641 1012 1686 Ἰουδαίοις
1031 1657 1100 1680 κα-

71 1703 292 1741 τακολουθεῖν
307 1709 378 1747 τοῖς
396 1703 453 1742 ἐπὶ
469 1706 513 1755 τῇ
531 1709 614 1756 σκιᾷ
629 1703 950 1757 παρακαθημένοις,
971 1703 1030 1741 καὶ
1049 1706 1099 1756 τῷ

71 1762 186 1816 λύχνῳ
213 1764 517 1816 προσηλωμένοις,
547 1764 637 1816 μετὰ
663 1764 727 1812 τὴν
752 1765 926 1817 ἔλλαμψιν
951 1767 1011 1802 τοῦ
1036 1767 1100 1811 τῆς

73 1824 290 1872 δικαιοσύνης
319 1825 438 1872 ἡλίου·
469 1825 581 1864 *ποτὲ
601 1825 637 1864 δὲ
657 1829 724 1864 τῶν
752 1827 899 1865 ἐνταῦθα
927 1827 1097 1877 συλλεγο-

73 1884 184 1935 μένων
208 1885 286 1930 τοὺς
307 1886 484 1936 ἀμυήτους
509 1886 799 1940 παρεκαλέσαμεν
824 1887 1028 1939 ἐπιδραμεῖν
1053 1888 1097 1938 τῇ

71 1945 194 1991 κλήσει
212 1950 254 1998 τῇ
279 1950 497 1999 πνευματικῇ
512 1976 524 1992 ,
548 1948 608 1985 καὶ
627 1948 743 1986 πάντα
761 1947 880 1994 ὕπνον,
904 1947 964 1985 καὶ
982 1953 1097 1986 πᾶσαν

72 2005 243 2058 ῥαθυμίαν
272 2007 613 2059 ἀποτιναξαμένους,
644 2008 740 2061 πόθῳ
771 2009 897 2057 ζέοντι,
927 2009 986 2047 καὶ
1013 2025 1097 2062 προ-

70 2066 176 2120 θυμία
196 2069 431 2121 συντεταμένῃ
461 2069 620 2120 ἑτοίμους
646 2069 788 2114 ἑαυτοὺς
807 2070 892 2122 πρὸς
917 2070 982 2118 τὴν
1010 2073 1094 2109 ὑπο-

69 2127 175 2179 δοχὴν
190 2131 252 2174 τῆς
267 2129 452 2180 βασιλικῆς
468 2130 598 2182 δωρεᾶς
614 2131 894 2184 ἀπεργάσασθαι,
907 2131 967 2170 καὶ
987 2137 1093 2171 σπεῦ-

66 2203 126 2226 σαι
156 2190 242 2241 πρὸς
273 2190 330 2228 τὸν
370 2189 432 2236 τὴν
472 2190 594 2242 ἄφεσιν
631 2194 701 2229 τῶν
732 2192 1092 2243 πεπλημμελημένων

65 2249 292 2302 δωρούμενον,
322 2250 382 2289 καὶ
417 2250 461 2289 τὰ
494 2251 602 2303 μυρία
637 2252 750 2304 ἀγαθὰ
785 2252 876 2303 μετὰ
911 2253 1092 2305 δαψιλείας

64 2309 275 2363 παρέχοντα.
294 2311 394 2350 Ἐπεὶ
423 2306 481 2350 οῦν
509 2312 568 2351 καὶ
597 2315 666 2352 τῶν
694 2313 775 2367 περὶ
794 2313 859 2362 τὴν
887 2318 947 2352 τοῦ
967 2315 1090 2368 πάσχα

63 2371 186 2423 ἑορτὴν
203 2372 467 2424 σφαλλομένων,
487 2373 546 2411 καὶ
566 2374 624 2412 διὰ
639 2377 702 2421 τῆς
717 2375 947 2427 νομιζομένης
962 2376 1090 2424 ταύτης

64 2438 192 2483 μικρᾶς
223 2433 500 2486 παρατηρήσεως
529 2435 666 2486 μεγάλα
694 2434 835 2479 ἑαυτοὺς
858 2436 1088 2487 ζημιούντων,

62 2492 126 2539 τὴν
154 2496 240 2544 ἡμῖν
261 2492 527 2547 Ιὀἰρμι>”ι.·τουσαν
547 2495 709 2548 πρόνοιαν
731 2497 992 2549 ἐποιησάμεθα,
1019 2515 1089 2537 κα-

63 2553 234 2600 τάλληλον
263 2556 376 2593 αὐτῶν
404 2558 454 2609 τῷ
486 2557 659 2609 τραύματι
686 2556 750 2604 τὴν
783 2559 968 2611 θεραπείαν
995 2561 1088 2599 ἐπα-

57 2614 238 2666 γαγόντες,
269 2617 328 2654 καὶ
354 2622 425 2660 τοῖς
454 2617 624 2669 ἀμυήτοις
649 2618 712 2666 τὴν
732 2619 978 2672 προσήκουσαν
1010 2637 1087 2660 νου-

60 2674 176 2714 θεσίαν
219 2678 502 2730 προσηγάγομεν,
548 2680 735 2719 ἀκόλουθον
777 2680 817 2718 ἂν
857 2680 910 2729 εἴη
952 2682 1086 2731 λοιπὸν,

59 2735 179 2783 ἐπειδὴ
206 2738 291 2790 πρὸς
313 2737 357 2776 τὰ
385 2739 638 2791 κατεπείγοντα
664 2743 733 2778 τῶν
760 2742 968 2792 νοσημάτων
989 2743 1088 2790 ἔστ-η-

36 2799 38 2801 ’
61 2812 136 2847 μεν,
165 2798 224 2836 καὶ
252 2799 292 2838 τὸ
312 2801 424 2838 αὐτῶν
455 2800 728 2855 ἐπληρώσαμεν,
757 2806 855 2854 κοινῇ
874 2811 982 2842 πᾶσιν
1004 2808 1086 2855 ὑμῖν

57 2857 210 2909 σήμερον
238 2859 392 2898 ἑστίασιν
421 2865 628 2914 παραθεῖναι
646 2863 708 2910 τὴν
724 2864 978 2915 πνευματικήν.
999 2865 1088 2904 εὨσ-

57 2933 123 2970 περ
138 2919 204 2971 γὰρ
224 2921 305 2971 πρὶν
322 2921 344 2967 ἢ
364 2924 432 2960 τῶν
452 2923 608 2976 ἀδελφῶν
624 2927 693 2963 τῶν
711 2925 890 2976 ἡμετέρων
911 2926 974 2973 τὴν
1003 2927 1084 2965 ἔπι-

60 2979 201 3028 μέλειαν
222 2981 452 3030 ποιήσασθαι,
473 2985 504 3021 εἷ
519 2986 583 3031 τὴν
602 2985 688 3037 πρὸς
704 2986 854 3030 ἐκείνους
881 2987 1085 3040 παραίνεσιν

59 3041 333 3090 καταλιπόντες,
353 3046 415 3090 τῆς
443 3044 646 3089 ἀκολουθίας
672 3047 852 3099 ἐχόμενοι,
874 3047 1086 3099 παρείδομεν

57 3099 252 3150 κάμνοντας
283 3104 428 3152 αὐτοὺς,
460 3104 601 3150 εἰκότως
626 3107 667 3145 ἄν
687 3123 739 3151 τις
766 3111 851 3159 ἡμῖν
879 3108 1086 3162 ςμέμψαιτο

98 3232 112 3247 ·
128 3223 207 3266 Reg.
229 3235 310 3257 unus
327 3234 379 3264 τῆς
394 3237 594 3270 πνευματικῆς
609 3232 726 3275 ἑορτῆς.

101 3273 116 3288 “
134 3273 195 3306 llic
232 3276 338 3319 agitur
375 3276 416 3309 de
447 3279 693 3313 catechumenis
731 3281 787 3324 qui
817 3289 854 3314 ut
882 3281 1062 3325 plurimum

56 3332 193 3357 exeunte
215 3325 475 3371 Quadragesima
499 3329 717 3364 initiabantur
733 3339 766 3365 et
787 3331 1061 3376 baptizabantur.

58 3376 84 3405 t
88 3374 138 3408 ide
157 3377 187 3408 in
211 3376 445 3412 catechesibus
460 3381 569 3414 Tomo
596 3381 743 3417 secundo
759 3395 794 3416 su
799 3396 878 3427 pra,
895 3393 927 3418 et
946 3385 1064 3420 ultimo

1115 2131 1139 2162 Ι)

1108 2993 1131 3023 Ε

1171 1514 1307 1553 demet
1336 1516 1578 1569 appellatione
1611 1517 1715 1556 nobis
1744 1518 1875 1571 juncti,
1906 1534 2029 1559 revera
2061 1536 2129 1559 au—

1172 1584 1244 1614 tem
1266 1575 1412 1616 Judaeos
1439 1588 1624 1627 sectantes,
1656 1580 1719 1631 qui
1735 1580 1855 1618 adhuc
1881 1582 2018 1620 umbrae
2042 1583 2128 1621 assi-

1171 1637 1270 1687 dent,
1297 1639 1520 1692 lucernaeque
1558 1641 1695 1680 addicti
1732 1652 1830 1693 sunt,
1864 1653 2052 1696 postquam
2077 1645 2128 1683 sol

1165 1699 1317 1751 justitiae
1335 1700 1481 1751 illuxit;
1502 1702 1684 1741 interdum
1698 1704 1806 1742 etiam
1823 1704 1985 1743 nondum
2007 1706 2128 1745 initia-

1170 1770 1238 1811 tos,
1255 1762 1318 1813 qui
1340 1761 1376 1800 in
1396 1771 1487 1801 coetu
1504 1763 1667 1815 aderant,
1689 1765 1824 1804 hortati
1849 1780 1988 1818 sumus,
2020 1777 2059 1806 ut
2079 1769 2127 1807 ad

1169 1822 1394 1874 spiritualem
1419 1824 1643 1862 vocationem
1674 1836 1875 1875 accurrant,
1903 1842 2125 1880 excussoque

1169 1883 1265 1921 omni
1285 1884 1438 1937 ignaviae
1461 1899 1599 1935 somno,
1619 1888 1769 1926 ferventi
1789 1888 1982 1939 desiderio,
2009 1900 2045 1928 et
2072 1891 2125 1929 in-

1168 1944 1264 1996 genti
1278 1945 1461 1984 alacritate
1482 1956 1625 1999 paratos
1650 1962 1687 1986 se
1713 1948 1759 1986 ad
1786 1950 2012 2003 suscipienda
2025 1952 2122 2004 regia
2139 1963 2182 1992 De
2194 1965 2327 1992 ‹methu-

1167 2019 1313 2044 munera
1332 2016 1511 2059 praestent,
1529 2017 1563 2046 et
1588 2018 1779 2062 properent
1799 2009 1845 2048 ad
1866 2024 1947 2048 eum
1969 2013 2031 2063 qui
2067 2027 2121 2051 re-
2138 2008 2242 2034 ’Μώ-

1166 2067 1372 2105 missionem
1388 2067 1500 2106 donat
1517 2078 1756 2121 peccatorum,
1785 2081 1820 2109 et
1848 2071 2044 2112 liberaliter
2063 2074 2121 2112 in-

1164 2141 1311 2166 numera
1328 2129 1417 2167 bona
1440 2130 1656 2182 suppeditat.
1677 2132 1802 2183 Itaque
1835 2142 2026 2184 postquam
2055 2148 2118 2173 eo-

1162 2203 1244 2227 rum
1260 2189 1322 2241 qui
1338 2189 1433 2228 circa
1444 2191 1590 2229 Paschae
1609 2192 1739 2230 festum
1776 2193 1956 2243 errabant,
1986 2195 2120 2246 quique

1161 2250 1327 2303 perhanc
1345 2251 1502 2302 minimi,
1525 2261 1565 2290 ut
1578 2253 1765 2306 putabant,
1793 2255 1965 2293 momenti
1999 2256 2119 2294 obser-

1159 2311 1354 2361 vationem,
1383 2325 1555 2364 magnum
1595 2313 1665 2352 sibi
1694 2314 1868 2354 damnum
1904 2315 2114 2367 inferebant,
2143 2330 2236 2370 Chr)
2230 2341 2319 2361 ouo-

1162 2382 1416 2424 congruentem
1434 2387 1557 2412 cutam
1591 2375 1778 2426 gessimus,
1801 2376 1928 2415 idoneo
1952 2377 2115 2417 adhibito
2129 2382 2207 2443 '32:¹¹
2244 2385 2319 2443 ⁰¹¹3}

1158 2434 1301 2473 vulneri
1320 2434 1590 2486 medicamento,
1604 2446 1638 2475 et
1668 2451 1737 2476 non
1758 2438 1908 2477 initiatis
1931 2453 1970 2478 ea
2003 2440 2050 2479 de
2079 2456 2115 2480 re
2129 2456 2202 2483 ,περ
2248 2428 2322 2484 clm-

1155 2495 1267 2547 probe
1279 2496 1517 2544 commonitis,
1538 2507 1644 2536 restat
1667 2508 1705 2536 ut
1722 2500 1892 2538 omnibus
1919 2501 2022 2539 nobis
2045 2503 2111 2541 ho-
2128 2505 2317 2565 emfffflffl‘n

1157 2556 1215 2595 die
1229 2557 1414 2610 spirituale
1432 2567 1576 2610 paretur
1591 2561 1811 2599 convivium.
1835 2563 1862 2599 Ν
1868 2576 1926 2600 am
1939 2564 2113 2613 quemad·

1156 2618 1307 2657 modum
1340 2620 1369 2657 si
1400 2620 1551 2657 fratrum
1584 2630 1788 2660 nostrorum
1821 2622 1980 2673 neglecta
2011 2639 2112 2674 cura,

1153 2680 1462 2732 praetermissaque
1480 2680 1626 2718 illorum
1640 2681 1897 2732 admonitione,
1915 2693 2039 2736 coeptae
2056 2700 2113 2724 se·
2141 2703 2147 2716 ·

1155 2742 1221 2780 riei
1240 2742 1426 2792 haerentes,
1449 2742 1613 2794 ipsosque
1633 2743 1852 2782 infirmantes
1865 2747 2113 2786 contemsisse·

1156 2817 1248 2854 mus,
1264 2804 1346 2856 jure
1363 2804 1540 2856 quispiam
1565 2818 1628 2842 nos
1665 2805 1961 2857 reprehendisset,
1992 2817 2113 2861 utpote
2134 2800 2142 2805 ⁴

1157 2874 1400 2917 opportunum
1417 2874 1556 2917 tenipus
1573 2874 1902 2917 praetercurrentes:
1929 2869 1976 2906 ita
2006 2884 2111 2920 nunc,

1157 2926 1241 2977 quia
1257 2927 1347 2965 nihil
1382 2927 1661 2979 praetermissum
1679 2937 1744 2978 est,
1776 2938 1949 2979 quantum
1985 2942 2112 2970 nostra·

1158 2987 1251 3026 vires
1272 2989 1405 3036 sinunt,
1424 2988 1483 3026 sed
1509 2988 1660 3026 verbum
1674 2988 1844 3028 doctrinae
1858 2990 2108 3041 adhibuimus,

1159 3049 1348 3101 pecuniam
1380 3048 1704 3097 dinumeravimus,
1737 3051 1942 3103 seminaque
1963 3053 1998 3091 in
2020 3063 2109 3092 terra

1157 3111 1225 3149 hac
1261 3110 1440 3163 spirituali
1470 3110 1636 3162 jecimus,
1674 3121 1946 3152 consentancum
1971 3124 2035 3163 est,
2072 3126 2108 3153 ιιι

1096 3233 1224 3274 Tomo,
1244 3232 1300 3265 ubi
1317 3231 1358 3265 de
1375 3231 1622 3266 catechumenis
1638 3241 1765 3277 agetur.

1140 3285 1157 3310 b
1177 3283 1267 3316 Unus
1289 3283 1402 3317 Codex
1427 3289 1630 3331 ἁρμόζουσαν.

1142 3346 1154 3360 0
1170 3335 1233 3369 Sex
1250 3337 1325 3369 Mss.
1345 3341 1515 3380 ἐμέμψατο.
1535 3337 1611 3370 Mox
1631 3345 1774 3381 quatuor
1792 3339 1867 3370 Mss.
1889 3343 1982 3375 οὕτως
2017 3348 2109 3376 ‘of-mu
