2516 3791
298 137 394 196 486

297 235 420 272 borata
439 233 545 271 fuerit
555 262 566 282 ,
593 231 732 272 vincere
761 229 918 282 corporis
952 224 1244 264 imbecillitatem.

298 295 421 333 Stabat
435 293 546 346 igitur
560 291 760 345 patriarcha
774 289 875 340 quasi
889 285 1056 332 famulus,
1072 283 1140 319 hoc
1154 294 1248 319 sum-

298 373 357 397 mo
367 358 494 396 honori
509 357 656 404 habens,
667 353 760 405 quod
778 349 1010 404 praesentibus
1021 345 1250 393 ministraret,

299 429 333 459 et
347 417 662 458 solareturitineris
673 427 795 451 eorum
809 412 979 448 laborem.
989 407 1127 448 Vidisti
1139 420 1251 458 quan-

299 490 334 519 ta
357 480 447 533 justi
460 475 837 529 hospitalitaSPNeque
860 471 954 509 enim
967 470 1036 507 hoe
1046 468 1160 507 solum
1172 481 1253 505 con·
1274 467 1296 496 Β

303 541 429 587 sidera,
459 537 555 588 quod
584 549 690 587 panes
706 532 930 586 proposuerit
949 539 982 568 et
997 530 1153 569 vitulum
1170 544 1178 564 τ
1194 527 1255 566 scd

303 600 395 638 illud
413 598 540 649 cogita,
563 610 644 634 cum
663 604 794 646 quanto
812 594 946 632 honore
971 601 1004 631 et
1025 599 1155 642 quanta
1180 604 1255 627 mo-

300 660 413 698 destia
429 657 589 696 exhibita
607 657 652 695 sit
666 655 905 708 hospitalitas.
927 654 1006 692 Non
1024 653 1115 690 sicut
1135 651 1254 701 multi,

298 721 360 772 qui
376 720 404 758 si
423 718 510 770 quid
523 719 592 756 tale
611 717 765 766 fecerint,
779 715 990 768 superbiunt
1005 722 1039 751 et
1056 712 1257 765 despiciunt

298 789 476 833 susceptos
486 780 655 832 hospiteS,
668 792 708 816 eo
719 777 814 828 quod
826 775 1061 814 ministerium
1071 774 1142 811 illis
1156 773 1257 810 exhi-

298 842 416 880 beant.
438 841 516 878 Hoc
529 849 649 877 autem
667 837 815 891 perinde
833 846 896 886 est,
913 850 954 874 ac
975 835 1003 873 si
1017 834 1097 885 quis
1110 833 1259 872 divitias

300 911 488 954 congreget
497 910 530 939 et
542 900 768 939 circumferat
780 915 788 936 :
800 907 833 936 et
847 911 928 935 cum
940 894 1128 946 colligerit,
1141 894 1259 931 omnia

309 963 418 1001 simul
434 977 452 1000 e
471 962 637 1000 manibus
663 959 836 1013 projiciat.
860 956 1030 1008 Quisquis
1059 955 1153 992 enim
1179 968 1260 991 cum

300 1024 503 1076 arrogantia
529 1032 697 1076 operatur
717 1020 919 1072 quidpiam,
940 1027 973 1055 et
993 1017 1042 1055 sic
1061 1016 1145 1053 facit
1160 1015 1261 1066 quasi

301 1086 382 1138 plus
401 1085 573 1137 praeberet
586 1098 692 1135 quam
702 1082 886 1133 acciperet,
902 1079 1012 1117 nescit
1028 1077 1115 1129 quid
1128 1076 1257 1113 faciat:

302 1145 452 1198 proinde
467 1154 500 1182 et
521 1143 731 1192 mercedem,
752 1156 830 1192 quac
849 1141 934 1178 hinc
952 1138 1168 1192 proveniret,
1188 1136 1262 1174 dis-

302 1206 430 1258 perdit.
452 1208 591 1246 Verum
605 1206 723 1257 justus
743 1203 802 1240 ille
813 1202 924 1239 sciens
941 1199 1028 1251 quid
1044 1207 1261 1251 operaretur,

301 1281 364 1318 per
382 1267 500 1305 omnia
519 1281 597 1318 quae
624 1265 787 1312 faciebat,
812 1261 1016 1300 ostendebat
1039 1260 1258 1297 alacritatem
1282 1261 1305 1290 C

303 1328 444 1365 mentis.
466 1328 513 1365 Et
526 1336 715 1380 postquam
728 1324 874 1376 largiter
889 1333 918 1361 et
933 1335 1061 1373 magna
1076 1320 1261 1358 hilaritate

304 1389 490 1427 seminavit
508 1387 800 1441 hospitalitatem,
833 1384 953 1422 statim
987 1392 1020 1420 et
1052 1381 1256 1433 manipulos

304 1449 502 1487 uberrimos
521 1447 678 1486 messuit.
699 1448 790 1484 Nam
811 1445 873 1482 ubi
894 1458 932 1482 ea
953 1457 1031 1494 quae
1051 1456 1096 1480 ex
1111 1456 1146 1479 se
1160 1450 1261 1479 erant

304 1511 479 1562 implevit,
500 1519 534 1547 et
552 1509 643 1546 nihil
671 1505 910 1559 praetei·misit,
926 1518 966 1541 ac
989 1503 1096 1540 finem
1122 1515 1261 1553 accepe-

303 1580 386 1608 runt
397 1584 474 1621 quse
489 1568 534 1606 ad
554 1567 835 1619 hospitalitatem
849 1562 1082 1616 pertinebant,
1097 1560 1258 1598 declara-

303 1641 409 1680 taque
432 1630 499 1667 fuit
524 1629 613 1680 justi
638 1627 775 1666 virtus:
793 1635 877 1663 tunc
901 1624 1045 1661 demum
1056 1631 1096 1659 ut
1112 1621 1263 1658 disceret

298 1692 416 1742 justus
436 1699 668 1741 quantorum,
703 1697 736 1725 et
769 1686 928 1737 qualium
960 1684 1139 1721 bonorum
1159 1696 1264 1719 causa

305 1753 324 1788 s
324 1752 412 1789 uerit
426 1750 663 1803 hospitalitas,
679 1749 879 1786 manifestat
893 1760 928 1784 se
939 1745 967 1783 is
981 1744 1041 1796 qui
1059 1743 1261 1791 advenerat,

304 1821 410 1863 atque
429 1811 748 1864 paulatimjustum
761 1822 832 1846 suae
840 1805 1124 1858 magnitudinem
1134 1813 1262 1857 poten—

307 1873 363 1910 tiae
377 1872 490 1910 docet.
506 1873 598 1909 Nam
613 1871 675 1908 ubi
691 1869 872 1907 viditeum
888 1876 1038 1905 stantem
1049 1865 1146 1918 apud
1159 1879 1264 1916 quer·
1287 1868 1312 1897 D

308 1950 402 1984 cum,
419 1943 451 1972 et
469 1932 594 1970 stando
605 1945 777 1982 magnum
789 1930 961 1967 honorem
977 1936 1011 1965 et
1027 1926 1265 1964 ministerium

311 1997 448 2043 afferre,
459 1993 553 2031 dixit
564 1993 596 2030 ei
609 2008 615 2028 :
630 1993 666 2029 9.
684 1993 723 2030 U
721 1994 758 2029 ln·
773 2000 826 2029 est
837 1990 955 2028 Sarra
972 2002 1070 2027 uxor
1084 1996 1149 2025 tua
1160 1992 1176 2024 Ρ
1186 1988 1266 2025 Sta-

312 2057 376 2094 tim
390 2065 509 2093 autcm
526 2068 589 2106 per
608 2051 919 2103 interrogationem
931 2047 1174 2087 subindicavit
1188 2047 1218 2084 ei
1232 2060 1267 2084 se

715 151 752 180 S.
793 148 938 179 JOANN
951 149 982 176 lS
1019 142 1271 175 CHRYSOST.

314 2132 384 2157 uon
416 2131 491 2155 esse
512 2131 556 2153 ex
578 2114 791 2165 vulgaribus
818 2112 986 2162 aliquem,
1013 2117 1134 2161 utpote
1152 2108 1214 2158 qui
1236 2116 1269 2145 et

312 2179 436 2217 uxoris
458 2178 555 2214 illius
584 2189 710 2213 nomen
739 2173 854 2211 sciret.
888 2173 952 2209 Ille
979 2180 1095 2208 autem
1129 2169 1268 2220 inquit:

314 2243 417 2278 Ecce
431 2242 472 2276 in
486 2236 748 2276 tabernaculo.
767 2234 813 2271 Et
835 2233 918 2284 quia
936 2231 1068 2278 statim,
1086 2239 1270 2280 tamquam

314 2302 423 2348 Deus,
454 2297 682 2350 polliciturus
703 2303 777 2332 erat
809 2293 841 2330 ei
861 2307 938 2343 quae
959 2305 1067 2343 supra
1100 2299 1270 2327 naturam

312 2369 424 2407 erant,
445 2366 589 2410 propter
602 2357 671 2394 hoc
694 2364 727 2393 et
753 2353 903 2391 dicendo
922 2350 1050 2390 nomen
1079 2352 1194 2389 Sarrae
1223 2350 1271 2387 si-

317 2419 502 2473 gnificavit
521 2432 627 2470 supra
637 2416 821 2454 homiuem
836 2428 910 2452 esse
925 2427 1006 2451 eum
1018 2412 1078 2463 qui
1101 2412 1135 2449 in
1154 2411 1271 2448 taber-

316 2481 486 2520 naculum
505 2480 580 2531 ejus
611 2478 814 2515 diverterat.
836 2476 898 2512 10.
919 2476 1128 2512 Revertens
1149 2475 1271 2520 enim,

316 2542 444 2593 inquit,
459 2544 612 2578 veniam
627 2539 680 2576 ad
699 2547 732 2576 te
751 2537 962 2575 secundum
981 2543 1126 2586 tempus
1141 2535 1212 2571 hoc
1233 2534 1272 2569 in

318 2604 447 2649 horas,
463 2609 500 2639 et
520 2601 676 2637 habehit
695 2598 829 2650 filium
841 2596 960 2635 Sarra
977 2609 1076 2634 uxor
1089 2604 1165 2632 tua.
1182 2594 1274 2631 Ecce
1296 2603 1318 2632 E

319 2660 574 2715 hospitalitatis
596 2660 746 2707 fructus,
761 2672 838 2696 ecce
851 2655 1044 2695 alacritatis
1064 2655 1162 2693 illius
1174 2655 1272 2692 mirae

323 2738 467 2773 merces,
487 2737 565 2761 ecce
580 2722 745 2759 laborum
773 2719 886 2757 Sarrze
917 2717 1176 2756 retributiones.
1194 2717 1275 2754 Illa

321 2793 463 2833 autem,
484 2783 611 2834 inquit,
632 2783 780 2820 audivit
797 2783 916 2833 juxta
937 2781 1078 2817 ostium
1097 2780 1274 2816 taberna-

322 2845 415 2893 culi,
437 2853 544 2882 stans
556 2852 641 2895 post
658 2843 771 2881 illud.
785 2845 848 2881 12.
870 2843 923 2880 Et
944 2849 985 2879 ut
1007 2842 1078 2878 hoc
1101 2840 1273 2889 audivit,

324 2908 407 2943 risit
431 2919 570 2953 secum,
597 2905 753 2941 dicens.-
775 2903 955 2941 Nondum
990 2901 1145 2953 quidem
1178 2902 1275 2938 mihi

312 2967 401 3021 suit
416 2979 535 3017 usque
551 2979 675 3011 nunc;
689 2965 866 3002 dominus
882 2971 1008 3001 aulem
1024 2974 1128 3000 meus
1145 2975 1274 2999 senex.

328 3027 374 3065 Et
389 3036 429 3064 ut
450 3036 591 3064 excuset
603 3026 725 3064 divina
740 3024 923 3076 Scriptura
943 3024 1099 3070 Sarram,
1115 3022 1214 3075 prius
1228 3022 1275 3060 si-

327 3087 527 3137 gnificavit,
549 3089 610 3124 11.
633 3087 838 3125 Abraham
859 3093 987 3123 autem
1005 3094 1040 3122 el
1057 3083 1176 3122 Sarra
1189 3097 1276 3134 pro-

371 3221 384 3235 a
409 3209 610 3252 [Articulum
629 3214 645 3246 ἡ
663 3207 852 3240 addidimus
868 3218 885 3240 e
903 3206 1021 3249 Coisl.]

375 3266 390 3288 Ι»
413 3261 538 3306 [Sssvii.
558 3270 590 3293 et
612 3259 712 3293 Coisl.
730 3266 831 3302 ὃμοιέν
853 3265 913 3294 ἐστι
928 3265 980 3293 τοῦ
997 3275 1061 3293 τινα
1082 3263 1111 3292 ἐκ
1135 3267 1192 3292 τῶν
1207 3272 1271 3302 1³15·
1283 3267 1314 3290 tra
1328 3284 1334 3292 ,

329 3318 456 3348 (ιιιήςείε
478 3314 690 3355 interpositis.
711 3313 801 3344 Infra
819 3311 919 3343 Coisl.
938 3319 970 3343 et
986 3309 1087 3343 Saril.
1103 3311 1135 3341 in
1154 3320 1257 3353 marg.
1275 3314 1289 3343 ὁ
1307 3312 1336 3342 δὲ

1313 140 1527 169 menuae.
1567 119 1929 168 coxsraxrix'or.

1316 221 1494 272 ἐρρωμένη
1532 225 1572 272 ᾐ,
1609 227 1707 273 νικᾷν
1741 226 1801 259 τοῦ
1837 222 1998 271 σώματος
2046 220 2110 265 τὴν
2150 218 2344 261 ἀσθένειαν,

1317 280 1488 326 Εἱστήκει
1528 280 1642 318 τοίνυν
1682 284 1700 319 6
1733 281 1956 333 πατριάρχης
1995 279 2152 331 καθάπερ
2191 281 2346 330 οἰκέτης,

1319 341 1486 392 μεγίστην
1501 339 1609 391 τιμὴν
1630 341 1760 388 ταύτην
1777 341 1986 393 ἡγούμενος,
2011 345 2070 378 τοῦ
2089 339 2346 386 καταξιωθῆναι

1292 402 1604 453 'emper-Aeaeam
1648 409 1720 446 τοῖς
1764 406 1936 453 παροῦσι,
1973 401 2033 438 καὶ
2068 400 2126 438 τὸν
2176 401 2246 438 ἀπὸ
2287 403 2348 447 τῆς

1321 463 1516 515 ὁδοιπορίας
1545 463 1702 513 κάματον
1739 464 1853 500 αὐτῶν
1881 461 2215 513 παραμυθήσασθαι.
2249 455 2350 503 Εἶδες

1320 525 1386 571 ὅση
1424 529 1484 562 τοῦ
1519 523 1652 562 δικαίου
1674 526 1720 569 ³4,
1749 523 1942 575 φιλοξενία,
1975 522 2036 569 Μὴ
2070 521 2137 573 γὰρ
2175 521 2216 567 δὴ
2248 526 2349 559 τοῦτο

1323 585 1468 631 σκόπει,
1507 585 1560 623 ὅτι
1595 585 1720 636 ἄρτους
1757 583 1935 636 παρέθηκε
1977 583 2036 622 καὶ
2070 583 2108 620 τὸ
2146 582 2350 635 μοσχάριον,

1323 647 1399 684 ἀλλ’
1430 648 1539 684 ἐκεῖνο
1557 645 1714 696 λογίζου,
1735 647 1808 696 μεθ’
1828 644 1911 691 ὅσης
1929 646 2053 694 τιμῆς,
2077 645 2152 693 μεθ’
2182 643 2265 689 ὅσης
2284 658 2349 680 τα-

1323 706 1594 759 πεινοφροσύνης
1610 706 1653 744 τὰ
1672 710 1733 753 τῆς
1752 705 1942 758 φιλοξενίας
1962 704 2198 743 ἐπεδείκνυτο·
2218 707 2256 742 οὐ
2284 719 2351 742 κα-

1325 766 1434 818 Θάπερ
1466 770 1497 804 οἱ
1523 768 1666 813 πολλοὶ,
1694 766 1758 804 κᾶν
1792 765 1967 812 ποιήσωσί
1996 765 2082 803 ποτέ
2120 781 2155 802 4τι
2184 762 2351 810 τοιοῦτον,

1327 827 1419 879 μέγα
1439 833 1599 880 φρονοῦσι
1617 828 1707 866 κατὰ
1728 831 1797 865 τῶν
1814 825 2086 879 ὑποδεχθέντων,
2106 826 2166 864 καὶ
2184 824 2352 867 πολλάκις

1325 889 1384 927 καὶ
1399 891 1614 940 ὑπερορῶσιν
1638 892 1751 927 αὐτῶν
1770 889 1826 926 διὰ
1856 889 1920 935 τὴν
1947 889 2127 940 φθάσασαν
2147 889 2194 929 εἷς
2230 885 2354 928 αὐτοὺς

1325 949 1520 1002 θεραπείαν.
1543 951 1576 987 Τ
1579 953 1658 988 οῧτο
1688 950 1723 987 δὲ
1750 949 1893 999 ι’ὅμοιόν
1919 953 1992 989 ἐστι
2023 952 2073 1000 τῷ
2102 964 2178 986 τινα
2204 949 2352 986 πλοῦτον

1326 1010 1564 1063 συναγαγόντα
1586 1011 1645 1048 καὶ
1661 1011 1893 1062 περιφέροντα
1905 1042 1914 1058 ,
1930 1013 1969 1048 ἐκ
1987 1014 2056 1048 τῶν
2071 1011 2197 1062 χειρῶν
2216 1010 2354 1046 ἅπαντα

1328 1073 1425 1123 ῥῖψαι
1439 1070 1483 1108 τὰ
1502 1070 1725 1121 συλλεγέντα.
1747 1070 1792 1108 ‘O
1807 1071 1874 1122 γὰρ
1902 1071 1991 1120 μετὰ
2011 1070 2173 1112 ἀπονοίας
2191 1085 2225 1106 τι
2251 1071 2353 1121 ἔργα·

1327 1132 1467 1182 ζόμενος
1481 1162 1491 1180 ,
1516 1132 1571 1169 καὶ
1588 1131 1680 1168 οὕτω
1699 1134 1807 1168 ποιῶν
1827 1133 1872 1173 ὡς
1890 1130 2056 1182 παρέχων
2078 1131 2210 1180 μᾶλλον
2230 1129 2356 1180 ἢλαμ-

1330 1193 1456 1241 δάνων,
1475 1190 1538 1232 οὐκ
1569 1187 1659 1231 οἶδεν
1689 1192 1706 1230 ὃ
1737 1192 2010 1244 διαπράττεται·
2032 1192 2089 1229 διὰ
2116 1195 2218 1230 τοῦτο
2249 1191 2357 1230 ἀπόλ-

1327 1256 1407 1292 λυσι
1435 1254 1494 1292 καὶ
1514 1255 1572 1292 τὸν
1597 1256 1636 1292 ἐκ
1672 1253 1794 1291 τούτου
1827 1253 1962 1304 μισθόν.
1986 1253 2077 1292 Ἀλλ’
2112 1257 2129 1292 6
2159 1253 2195 1292 δὲ
2225 1253 2358 1296 δίκαιος

1328 1311 1425 1358 οὗτος
1443 1316 1542 1358 εἰδὼς
1560 1317 1645 1367 ὅπερ
1665 1315 1842 1366 εἰργάζετο
1854 1345 1863 1363 ,
1881 1314 1937 1352 διὰ
1956 1317 2024 1352 τῶν
2039 1314 2226 1366 γινομένων
2242 1314 2356 1352 ἁπάν-

1327 1393 1395 1414 των
1424 1376 1556 1414 ἐδείκνυ
1586 1379 1649 1422 τῆς
1676 1378 1793 1428 ψυχῆς
1822 1376 1884 1423 τὴν
1912 1377 2117 1428 προθυμίαν.
2137 1377 2207 1415 Καὶ
2238 1375 2357 1422 ἐπειδὴ

1331 1438 1418 1488 μετὰ
1449 1438 1627 1490 δαψιλείας
1662 1438 1720 1475 καὶ
1746 1439 1878 1483 πολλῆς
1907 1440 1970 1483 τῆς
1995 1437 2199 1488 ἱλαρότητος
2221 1437 2359 1486 ἔσπειρε

1329 1498 1392 1545 τὴν
1413 1498 1618 1550 φιλοξενίαν,
1641 1501 1862 1550 παραχρῆμα
1883 1499 2020 1550 δαψιλεῖ
2036 1501 2078 1549 τῇ
2100 1498 2191 1550 χειρὶ
2210 1497 2254 1535 τὰ
2275 1497 2360 1548 δρά-

1330 1574 1449 1610 γματα
1468 1558 1620 1610 ἐδέχετο.
1642 1558 1788 1604 Ἐπειδὴ
1822 1558 1890 1610 γὰρ
1915 1558 2051 1596 ἅπαντα
2071 1558 2114 1596 τὰ
2133 1560 2216 1610 παρ’
2237 1560 2359 1595 ἑαυτοῦ

1330 1619 1527 1671 ἐπλήρωσε,
1553 1619 1611 1657 καὶ
1639 1620 1736 1657 οὐδὲν
1765 1619 2005 1670 ἐγκατέλιπεν,
2026 1619 2116 1657 ἀλλὰ
2141 1619 2238 1661 τέλος
2257 1619 2360 1657 ἔλαὸε

1331 1679 1375 1717 τὰ
1399 1683 1460 1725 τῆς
1491 1678 1699 1731 φιλοξενίας,
1719 1679 1778 1716 καὶ
1798 1679 1938 1730 ἐδείχθη
1955 1683 2014 1716 τοῦ
2033 1678 2167 1716 δικαίου
2185 1682 2207 1725 ἡ
2230 1679 2336 1730 ἀρετή
2355 1695 2362 1702 ·

1331 1739 1409 1777 τότε
1434 1740 1576 1785 λοιπὸν,
1600 1739 1657 1777 ἵνα
1685 1739 1779 1790 μάθῃ
1807 1742 1824 1776 6
1848 1739 1977 1782 δίκαιος
2009 1739 2089 1777 eii->v
2118 1740 2285 1791 ἐπέτυγε,
2305 1738 2364 1777 καὶ

1331 1801 1420 1839 δ’σων
1445 1803 1540 1852 αὐτῷ
1564 1802 1633 1837 τῶν
1669 1802 1806 1851 ἀγαθῶν
1833 1800 1929 1838 αἰτία
1944 1800 2129 1852 γεγένηται
2149 1803 2170 1846 ἡ
2190 1804 2253 1847 τῆς
2268 1802 2365 1853 φιλο-

1335 1862 1444 1906 ξενίας
1467 1862 1645 1906 ὓπόθεσις,
1663 1860 1875 1899 ἐκκαλύπτει
1902 1862 2024 1899 ἑαυτὸν
2058 1865 2076 1899 6
2090 1861 2338 1913 παραγεγονὼς
2353 1891 2362 1908 ,

1334 1924 1393 1962 καὶ
1416 1921 1506 1961 κατὰ
1536 1922 1658 1974 μικρὸν
1686 1922 1907 1961 ὑποδείκνυσι
1932 1925 1983 1974 τῷ
2010 1921 2133 1974 δικαίῳ
2156 1925 2218 1969 τῆς
2239 1922 2367 1966 οἰκείας

1336 1985 1514 2036 δυνάμεως
1546 1984 1584 2022 τὸ
1614 1983 1767 2034 μέγεθος.
1798 1984 1896 2022 Ἰδὼν
1922 1985 1989 2036 γὰρ
2026 1985 2128 2022 αὖτὸν
2157 1988 2367 2036 παρεστῶτα

1335 2046 1432 2100 παρὰ
1454 2047 1517 2093 τὴν
1542 2047 1639 2097 δρῦν,
1655 2045 1715 2082 καὶ
1732 2044 1788 2083 διὰ
1820 2048 1882 2091 τῆς
1904 2046 2060 2089 στάσεως
2078 2045 2141 2092 τὴν
2161 2045 2296 2092 πολλὴν
2311 2061 2367 2083 τι-

1339 2108 1407 2158 μὴν
1441 2108 1499 2145 καὶ
1531 2106 1595 2152 τὴν
1627 2105 1811 2157 Θεραπείαν
1843 2107 2146 2157 ἐπιδεικνύμενον,
2170 2107 2255 2158 φησὶ
2284 2107 2369 2159 πρὸς

1337 2167 1439 2206 αὐτόν
1457 2183 1464 2190 ·
1484 2169 1559 2204 Ποῦ
1579 2165 1702 2217 Σάρρα
1720 2169 1741 2211 ἧ
1762 2166 1849 2216 γυνηι
1868 2182 1951 2212 σου;
1975 2166 2113 2210 Εὐθέως
2131 2167 2186 2204 διὰ
2200 2171 2262 2214 τ’ῆς
2279 2169 2368 2220 ἐρω-

1337 2228 1470 2274 τήσεως
1502 2225 1688 2279 παρῄνιξεν
1718 2228 1834 2278 αὐτῷ,
1871 2227 2004 2270 δεικνὺς
2031 2230 2077 2270 ὡς
2105 2229 2172 2279 οὐχ
2201 2232 2219 2266 6
2254 2228 2368 2281 τυγών

1338 2292 1431 2328 ἔστιν
1450 2292 1467 2327 6
1486 2286 1753 2340 παραγεγονὼς,
1775 2288 1806 2325 εἴ
1835 2304 1874 2338 γε
1902 2288 1961 2326 καὶ
1992 2291 2055 2334 τ’ἧς
2080 2289 2241 2340 γυναικὸς
2265 2274 2370 2327 αὐτοῦ

1339 2350 1400 2397 τὴν
1431 2348 1668 2401 προσηγορίαν
1693 2347 1880 2395 ἠπίστατο.
1898 2348 1943 2387 ‘O
1964 2349 2000 2386 δέ
2023 2365 2148 2401 φησιν·
2166 2349 2255 2388 Ἰδοὺ
2272 2352 2306 2388 ἐν
2329 2353 2371 2397 τῆ

1339 2414 1467 2462 σκηνῇ.
1491 2410 1562 2448 Καὶ
1588 2409 1663 2446 ἐπεὶ
1685 2409 1809 2459 ἔμελλε
1832 2409 1973 2457 λοιπὸν,
1994 2413 2040 2453 ὣς
2057 2411 2167 2457 Θεὸς,
2189 2395 2373 2464 ὃπισχνεῖι-

1339 2476 1418 2509 σθαι
1444 2474 1537 2522 αὐτῷ
1561 2469 1606 2508 τὰ
1631 2470 1719 2522 ὑπὲρ
1746 2469 1860 2523 φύσιν,
1883 2470 1940 2508 διὰ
1964 2475 2066 2509 τοῦτο
2095 2472 2154 2509 καὶ
2186 2474 2236 2523 τῷ
2266 2457 2372 2510 εἰπεῖν

1341 2533 1403 2580 τὴν
1437 2532 1672 2585 προσηγορίαν
1706 2535 1769 2578 τῆς
1804 2532 1944 2585 Σάρρας
1977 2532 2173 2584 ἐσήμανεν,
2202 2533 2255 2571 ὅτι
2286 2534 2373 2586 ὑπὲρ

1341 2593 1519 2646 ἄνθρωπόν
1551 2595 1644 2631 ἐστιν
1667 2596 1684 2631 ὃ
1711 2596 1758 2637 εἷς
1789 2594 1852 2640 τὴν
1881 2593 2012 2639 σκηνὴν
2042 2596 2146 2632 αὐτοῦ
2176 2596 2374 2647 καταχθείς,

1341 2654 1639 2706 >Εποιναστρεῖρων
1664 2654 1749 2706 γὰρ,
1774 2654 1897 2706 φησὶν,
1925 2653 1997 2699 ἥξω
2021 2654 2105 2706 πρὸς
2136 2655 2174 2693 σὲ
2197 2656 2288 2693 κατὰ
2316 2657 2375 2694 τὸν

1342 2716 1459 2767 καιρὸν
1483 2719 1601 2753 τοῦτον
1629 2717 1677 2758 εἷς
1702 2714 1813 2766 ὥρας,
1835 2715 1893 2753 καί
1916 2715 1983 2760 ἕξει
2004 2716 2075 2753 υἱὸν
2106 2715 2227 2768 Σάῤῥα
2247 2719 2269 2762 ἦ
2290 2717 2374 2768 γυνή

1345 2792 1422 2814 σου.
1446 2775 1536 2814 Ἰδοὺ
1557 2778 1619 2822 τῆς
1647 2777 1723 2828 φιλι
1750 2775 1838 2819 ενίας
1858 2776 1889 2813 οἵ
1918 2776 2059 2827 καρποὶ,
2076 2775 2147 2814 ἰδοὺ
2168 2779 2231 2822 τῆς
2247 2781 2377 2829 προθυ-

1346 2837 1425 2888 μίας
1455 2841 1517 2884 τῆς
1547 2837 1799 2887 ἓπιτεταμένης
1818 2840 1835 2874 6
1857 2838 1997 2887 μισθὸς,
2018 2836 2089 2876 ἰδοὺ
2118 2840 2186 2875 τῶν
2207 2838 2376 2888 καμάτων

1344 2902 1406 2943 ’.ἧς
1437 2899 1576 2951 Σάῤῥας
1610 2901 1644 2936 αἱ
1677 2899 1833 2949 ἀμοιίαί.
1854 2899 1994 2945 Ἰζκείνη
2033 2899 2087 2948 δὲ,
2108 2900 2225 2952 φησιν,
2252 2900 2378 2946 ἤκουσε

1346 2959 1441 3012 παρὰ
1472 2960 1535 3007 τὴν
1571 2960 1677 3012 θύραν
1701 2964 1765 3007 τῆς
1793 2963 1936 3007 σκηνῆς,
1963 2963 2100 3000 ἑστῶσα
2125 2963 2279 2999 ὄπισθεν.
2311 2961 2379 2999 Καὶ

1347 3027 1447 3059 τοῦτο
1483 3020 1684 3067 ἀκούσασα,
1721 3021 1864 3072 ἐγέλασε
1906 3025 1983 3060 καθ’
2020 3021 2169 3068 ἑαυτὴν,
2208 3021 2380 3073 λέγουσα·

1347 3083 1443 3121 οὔπω
1471 3083 1532 3133 μέν
1563 3098 1620 3133 μοι
1645 3083 1784 3134 γέγονεν
1813 3083 1875 3126 ἕως
1906 3087 1966 3120 τοῦ
1986 3087 2044 3121 νῦν
2061 3099 2070 3107 ·
2087 3087 2104 3121 6
2125 3082 2159 3121 δὲ
2177 3083 2293 3135 κύριός
2315 3098 2379 3134 μου

1372 3209 1479 3243 ‹31¹sz-
1496 3206 1587 3243 οὗτος,
1603 3205 1672 3238 sinc
1686 3206 1768 3245 ἀλλ’,
1787 3205 1874 3248 quod
1888 3207 2025 3239 omnino
2044 3205 2219 3239 delendum
2238 3205 2378 3244 xideiur·¹

1374 3256 1471 3288 Savil.
1490 3258 1520 3288 in
1541 3265 1630 3288 textu
1650 3261 1717 3291 &NJ
1737 3258 1819 3294 οὗτος
1838 3259 1905 3298 εῖιῖ.]

2499 3586 2516 3791 Έν-π-τ
2500 3558 2503 3571 ·
2501 3531 2502 3536 Α
2500 3485 2501 3495 ⁴
