2516 3791
662 178 736 222 *IN
775 193 877 223 (ΛΡ.
918 194 1013 224 vul.
1052 195 1212 226 GENES.
1255 198 1411 229 nontlL.
1452 201 1596 232 xxvil.

119 276 207 326 μετὰ
228 277 423 330 ἀκριὸείας,
453 280 634 332 ἀγαπητὲ,
651 282 690 318 ἐκ
713 285 782 320 τῶν
809 287 866 321 νῦν
891 283 1057 335 ῥημάτων
1073 283 1143 322 πά-

117 338 182 382 λιν,
198 341 273 381 πῶς
287 341 322 377 ἐν
343 342 430 391 αὐτῇ
450 344 492 392 τῇ
511 341 610 394 φύσει
629 347 646 380 ὃ
666 346 734 380 τῶν
751 344 915 382 ἁπάντων
935 343 1142 396 δημιουργὸς

115 399 300 438 ἐναπέθετο
314 399 378 446 τὴν
394 403 520 452 γνῶσιν
536 406 621 452 ἡμῖν
639 404 769 456 ἀκριὸἧ
790 407 851 449 τῆς
870 407 1005 456 ἀρετῆς.
1030 405 1141 443 Πόθεν

113 459 182 513 γὰρ
195 491 204 508 ,
222 461 298 499 εἶπέ
317 477 400 512 μοι,
425 468 524 501 τοῦτο
552 466 601 515 τῷ
622 465 746 516 δικαίῳ
766 467 938 511 ε’πῆλθεν;
958 466 1082 510 Οὐδεὶς
1098 461 1139 513 ἦν

112 521 244 574 ἕτερος,
271 524 356 574 πρὸς
375 524 411 562 ὃν
433 526 514 562 ἰδεῖν
543 519 646 577 εἶχεν.
677 526 779 564 Ἀλλὰ
800 527 958 579 καθάπερ
983 530 1016 566 ἐν
1046 531 1138 580 ἀρχῇ

112 586 130 621 ὁ
150 584 217 622 ὑπὸ
235 588 294 623 τοῦ
310 587 586 637 πρωτοπλάστου
609 587 762 639 τεχθεὶς,
784 587 888 626 'Agat
909 588 1024 640 λέγω,
1049 589 1139 626 οἴκο-

111 648 166 683 θεν
188 646 387 697 κινούμενος
404 647 466 694 τὴν
483 648 717 700 προσαγωγὴν
738 650 929 695 ἐποιήσατο
946 650 1035 699 μετὰ
1056 653 1138 710 πολ-

109 708 173 752 λῆς
200 710 262 753 τῆς
291 709 471 760 ἁκριὸείας
487 725 494 732 ·
517 709 606 747 οὕτω
627 710 668 756 δὴ
692 709 751 747 καὶ
769 714 827 747 νῦν
846 713 864 746 ὁ
881 710 1011 753 δίκαιος
1039 712 1137 752 οὗτος

109 767 144 812 ἐξ
168 769 296 813 οἰκείας
322 770 464 821 γνώμης
484 770 543 808 καὶ
563 770 798 822 προαιρέσεως
821 773 933 821 ὑγιοῦς
957 770 1047 807 κατὰ
1071 768 1134 815 τὴν

109 830 328 881 ἀνθρωπίνην
351 832 510 882 δύναμιν,
530 834 576 875 ὡς
595 830 752 881 ἐνόμισε,
767 829 824 868 διὰ
841 833 909 868 τῶν
927 834 1054 868 θυσιῶν
1071 830 1134 874 τὰς

109 891 330 943 εὐχαριστίας
358 893 522 944 ἀναφέρει
552 895 601 944 τῷ
634 892 809 943 Δεσπότῃ.
834 892 903 930 Καὶ
934 892 998 945 ὅρα
1028 893 1132 931 αὐτὸν

107 951 197 1001 μετὰ
230 954 361 999 πολλῆς
406 954 607 1006 φιλοσοφίας
644 953 782 991 ἅπαντα
819 954 1130 1006 διαπραττόμενον.

105 1013 199 1052 ()ὗτε
213 1014 280 1067 γὰρ
301 1015 486 1066 οἰκοδομῆς
504 1018 599 1067 αὐτῷ
623 1015 742 1061 ἐδέησε
763 1017 950 1067 λαμπρᾶς,
968 1017 1005 1053 οὐ
1026 1019 1108 1054 ναοῦ
1120 1047 1129 1064 ,

103 1076 166 1113 οὐκ
180 1075 274 1114 οἴκου
300 1076 391 1120 τινος
419 1080 620 1128 θαυμαστοῦ
635 1107 644 1123 ,
673 1080 734 1116 οὐκ
755 1077 860 1116 ἄλλου
881 1077 1032 1120 οὐδενός·
1053 1077 1129 1129 ᾔδει

2085 197 2164 241 301

1217 284 1312 323 ditor
1345 286 1473 326 insevit
1503 298 1635 328 certam
1665 290 1812 329 virtutis
1845 293 2041 334 seientiam.
2070 299 2174 336 [mle

1216 346 1322 395 enim,
1334 347 1408 397 dic,
1422 350 1607 401 or0‚justo
1621 350 1674 389 illi
1687 351 1754 390 hoc
1772 353 1806 391 in
1825 364 1976 393 mentem
1994 357 2143 395 venisset
2155 360 2173 396 3‘

1215 408 1345 445 Nullus
1376 419 1450 447 erat
1481 411 1573 448 alius
1601 426 1706 463 quein
1742 414 1890 454 videret.
1923 416 1995 454 Sed
2015 418 2105 455 sicut
2137 420 2171 456 in

1214 468 1391 521 principio
1413 471 1501 509 Abel
1518 472 1578 509 ille
1594 473 1699 524 primi
1718 474 1872 514 hominis
1889 477 2001 527 filius,
2017 493 2035 515 a
2057 479 2172 531 scipso

1166 530 1188 559 Ε
1217 532 1468 579 conuuonitus,
1484 548 1609 586 magna
1625 534 1809 586 diligentia
1823 538 2038 576 oblationem
2057 541 2170 591 persc-

1217 589 1277 626 cit:
1302 591 1353 628 sie
1377 593 1497 642 utique
1512 609 1604 632 nunc
1618 606 1647 633 et
1657 597 1775 647 justus
1788 598 1933 642 illc,sna
1945 601 2171 639 voluntateet

1214 649 1362 686 arbitrio
1381 664 1672 702 sano,‚quantuin
1691 656 1855 695 humanis
1876 659 2014 697 viribus
2035 661 2167 712 potuit,

1213 718 1322 759 utque
1340 712 1543 751 faciendum
1561 717 1715 766 putavit,
1737 719 1891 756 Domino
1908 735 1971 772 per
1993 723 2168 760 sacrificia

1211 770 1407 819 gratiarum
1427 773 1602 812 actionem
1626 777 1758 815 retulit.
1784 779 1829 815 lit
1852 780 1933 818 vide
1956 792 2086 832 quanta
2115 798 2168 821 sa-

1210 830 1343 881 pientia
1359 834 1566 883 exsequitur
1580 836 1711 874 onmia.
1729 839 1852 888 Neque
1866 841 1960 878 enim
1976 843 2168 894 splendido

1208 902 1298 942 opus
1310 892 1462 931 habebat
1473 894 1640 945 aedificio,
1656 912 1768 948 neque
1781 900 1926 952 templo,
1939 916 2050 952 neque
2060 904 2167 942 domo

1208 953 1373 1006 quapiam
1394 955 1614 1006 admirabili,
1635 973 1750 1010 neque
1769 961 1840 999 alio
1863 963 2014 1012 quovis:
2034 965 2166 1003 sciebat

1206 1014 1313 1063 enim,
1330 1016 1462 1055 sciebat
1476 1018 1601 1069 utique
1610 1020 1805 1059 Dominum
1821 1032 1974 1061 mentem
1987 1024 2099 1062 solam
2114 1041 2166 1064 re-

1206 1076 1365 1125 quircre;
1394 1087 1428 1116 et
1449 1089 1632 1119 exstructo
1656 1083 1889 1121 tumultuaria
1921 1099 2026 1137 opera
2049 1087 2164 1135 altari,

102 1137 186 1190 γὰρ,
217 1138 292 1184 ἤδει
313 1141 452 1190 σαφῶς,
480 1138 534 1177 ὅτι
559 1139 702 1190 γνώμην
723 1141 877 1186 ἐπιζητεῖ
898 1138 1000 1189 μόνον
1023 1142 1040 1177 ὁ
1059 1141 1127 1177 Ag-
1141 1166 1188 1190 ,58
1205 1150 1287 1175 cum
1316 1140 1507 1192 accepisset
1533 1142 1698 1192 quasdam
1714 1158 1757 1181 ex
1774 1145 1991 1184 animalibus
2007 1149 2164 1195 mundis,

103 1181 255 1246 σπόςηέ-
287 1200 345 1238 χαὶ
375 1201 644 1253 ἐσχεδιασμένον
677 1200 922 1253 Οἷχοζομήσαῇ
939 1200 978 1238 τὸ
1008 1205 1128 1240 onata·
1153 1204 1178 1232 Α
1204 1207 1298 1237 etex
1317 1200 1446 1238 avibus
1468 1202 1628 1253 mundis,
1646 1204 1895 1243 holocaustum
1913 1208 2059 1258 obtulit,
2083 1224 2163 1260 gra-

101 1261 256 1312 στήριον,
277 1261 335 1298 καὶ
354 1262 472 1300 λαίὼν
499 1263 568 1301 ἀπὸ
595 1265 663 1300 τῶν
693 1266 828 1309 κτηνῶν
855 1265 923 1300 τῶν
952 1266 1126 1314 καθαρῶν,

101 1321 159 1358 καὶ
177 1322 246 1360 ἀπὸ
266 1326 333 1360 τῶν
349 1327 515 1361 πετεινῶν
543 1326 611 1361 τῶν
638 1326 813 1375 καθαρῶν,
841 1323 902 1368 τὰς
923 1324 1127 1375 ὁλοκαρπώ-

99 1398 171 1426 σεις
186 1384 372 1436 ἀνήνεγκε,
393 1385 472 1430 καὶ,
492 1385 570 1424 ὅσον
594 1379 666 1437 εἶχε
686 1384 865 1435 δυνάμεως
879 1415 888 1430 ,
908 1388 970 1431 τῆς
995 1385 1126 1429 οἰκείας

98 1443 332 1496 προαιρέσεως
354 1444 418 1491 τὴν
438 1446 703 1496 εὐγνωμοσύνην
723 1445 943 1490 ἐπεδείξατο·
964 1445 1006 1492 ἣν
1029 1449 1122 1485 ἀπο-

98 1504 279 1555 δεξάμενος
295 1508 313 1543 ὁ
333 1507 574 1560 φιλάνθρωπος
590 1507 680 1551 Θεὸς
699 1507 758 1546 καὶ
778 1507 840 1554 τὴν
858 1506 1002 1560 γνώμην
1020 1509 1121 1546 ε’στε-

96 1564 235 1616 φάνωσε
249 1595 258 1613 ,
278 1566 337 1605 καὶ
353 1567 415 1613 τὴν
432 1571 514 1620 παρ’
535 1570 658 1607 ἑαυτοῦ
686 1569 791 1607 πάλιν
812 1569 1014 1622 φιλοτιμίαν
1043 1573 1122 1608 ἐπι-

96 1626 283 1665 δείκνυται.
299 1629 398 1675 Φησὶ
413 1629 480 1683 γὰρ
498 1633 520 1676 ἡ
543 1631 666 1683 Γραφή
682 1646 690 1654 ·
711 1631 780 1669 Καὶ
793 1631 980 1684 ὠσφράνθη
997 1631 1122 1683 Κύριος

96 1687 207 1737 ὀσμὴν
228 1689 382 1733 εὐωδίας.
410 1690 504 1743 ζὈρα
524 1695 599 1735 πῶς
616 1696 637 1739 ἡ
658 1691 781 1745 γνώμη
802 1698 862 1732 τοῦ
886 1693 1121 1745 προσάγοντος

95 1749 153 1786 τὸν
171 1751 313 1798 καπνὸν,
333 1752 392 1789 καὶ
407 1753 470 1799 τὴν
491 1753 647 1802 κνίσσαν,
668 1754 728 1792 καὶ
747 1761 864 1793 πᾶσαν
881 1754 943 1801 τὴν
964 1757 1119 1793 ἐντεῦθεν

94 1811 300 1862 τικτομένην
322 1814 447 1860 ἀηδίαν
470 1817 602 1861 πολλῆς
618 1819 679 1862 τῆς
695 1816 839 1858 εὐωδίας
853 1815 1034 1863 ἐνέπλησε.
1050 1817 1119 1854 Διὰ

94 1876 194 1909 τοῦτο
211 1874 269 1911 καὶ
292 1875 432 1919 Παῦλος
450 1877 547 1927 ἔλεγε
567 1877 708 1930 γράφων
723 1892 730 1900 ·
751 1876 837 1916 (Ότι
859 1878 1010 1929 Χριστοῦ
1030 1881 1118 1916 εὐω-

93 1933 150 1970 δία
173 1935 277 1984 ἐσμὲν
295 1937 330 1973 ἐν
347 1943 417 1981 τοῖς
448 1939 653 1989 σωζομένοις
673 1939 730 1976 καὶ
758 1941 792 1977 ἓν
813 1945 884 1983 τοῖς
916 1941 1118 1991 ἀπολλυμέ-

92 2009 183 2043 νοις,
203 1991 251 2038 οἷς
270 1997 332 2047 μὲν
349 1998 440 2048 ὀσμὴ
462 2000 609 2037 θανάτου
635 2002 681 2044 εἷς
708 2000 866 2049 θάνατον,
890 1995 939 2044 οἷς
968 2001 1003 2039 δὲ
1024 2002 1116 2053 ὀσμὴ

92 2059 183 2104 ζωῆς
202 2061 250 2102 εἰς
270 2060 375 2107 ζωήν.
407 2062 569 2112 “’()σμὴν
602 2063 754 2107 εὐωδίας.
777 2063 838 2110 Μὴ
867 2066 910 2115 τῇ
938 2064 1116 2116 παχύτητι

91 2121 153 2164 τῆς
183 2119 306 2165 λέξεως
333 2122 572 2176 προσπταίῃς,
601 2123 692 2162 ἀλλὰ
720 2128 763 2176 τῇ
796 2130 923 2162 σαυτοῦ
953 2125 1116 2178 ἀσθενείᾳ

89 2183 157 2219 τῶν
190 2185 355 2233 ῥημάτιον
381 2183 444 2230 τὴν
475 2185 735 2235 συγκατάὸασιν
766 2186 1014 2238 λογισάμενος,
1045 2187 1113 2225 νόει

85 2246 254 2292 ἐντεῦθεν,
273 2245 326 2282 ὅτι
343 2245 448 2293 δεκτὴ
469 2245 605 2298 γέγονεν
621 2251 642 2294 ἡ
659 2247 872 2301 προσαγωγὴ
889 2252 950 2287 τοῦ
964 2248 1112 2288 δικαίου.

87 2305 165 2344 Ἵνα
183 2307 250 2359 γὰρ
272 2306 331 2346 καὶ
353 2308 396 2345 δι’
422 2309 535 2347 αὐτῶν
552 2312 621 2347 τῶν
638 2309 856 2362 πραγμάτων
880 2309 1007 2348 εἰδέναι
1023 2310 1112 2362 ἔχω-

89 2384 151 2419 μεν
164 2370 203 2407 τὸ
221 2369 375 2414 ἀνενδεὲς
392 2375 452 2409 τοῦ
467 2370 665 2419 Δεσπότου,
692 2371 752 2409 καὶ
778 2371 831 2409 ὅτι
847 2372 891 2409 δι’
910 2371 1005 2410 οὐδὲν
1035 2371 1112 2410 ἕτε-

88 2446 144 2482 ρον
161 2435 271 2469 ταῦτα
286 2431 441 2483 γίνεσθαι
465 2432 723 2484 συνεχώρησεν,
741 2434 817 2471 ἀλλ’
838 2432 895 2471 ἵνα
915 2434 962 2476 εἷς
979 2435 1111 2484 εὐγνω-

87 2492 238 2542 μοσύνην
265 2492 281 2512 '³
293 2494 408 2545 ἀγάγῃ
426 2494 504 2537 τοὺς
526 2494 726 2546 ἀνθρώπους
741 2510 748 2516 ·
768 2493 826 2532 διὰ
844 2497 946 2532 τοῦτο
967 2495 1108 2547 ἀφίησιν

85 2554 193 2598 αὐτὰς
220 2558 270 2607 τῷ
295 2557 378 2609 πυρὶ
412 2557 749 2602 καταναλίσκεσθαι,
782 2556 838 2594 ἵνα
870 2556 930 2594 καὶ
959 2557 1056 2595 αὐτοὶ
1078 2560 1108 2596 οἱ

84 2617 316 2669 προσάγοντες
342 2618 497 2669 μάθωσιν
529 2620 569 2656 ἐκ
585 2622 654 2656 τῶν
681 2619 884 2670 γινομένων,
904 2621 950 2663 ὡς
970 2619 1027 2657 διὰ
1044 2618 1107 2667 τὴν

84 2679 196 2716 αὐτῶν
228 2678 398 2731 ὠφέλειαν
430 2681 570 2718 ἅπαντα
600 2679 742 2732 γίνεται.
783 2680 887 2724 Τίνος
916 2680 952 2719 δὲ
981 2681 1108 2729 ἕνεκεν,

83 2738 160 2777 εἰπέ
191 2755 269 2789 μοι,
301 2741 361 2779 καὶ
386 2740 475 2785 ὅλως
497 2747 672 2794 συγχωρεῖ
702 2745 812 2779 ταῦτα
839 2740 1013 2792 γίνεσθαι;
1038 2741 1107 2780 Καὶ

81 2803 184 2839 τοῦτο
209 2802 314 2839 πάλιν
343 2802 629 2853 συγκαταὸαίνων
659 2805 702 2855 τῇ
731 2802 890 2855 ἀσθενείᾳ
908 2806 951 2855 τῇ
975 2806 1105 2856 ἀνθρω-

80 2862 163 2914 πίνῃ
177 2878 185 2886 ·
207 2863 326 2909 ἐπειδὴ
348 2863 416 2916 γὰρ
436 2865 580 2915 ἔμελλον
601 2865 692 2904 κατὰ
723 2865 846 2919 μικρὸν
873 2868 904 2904 οἱ
929 2866 1104 2918 ἅνθρωποι

79 2924 125 2966 εἰς
145 2924 319 2976 ῥᾳθυμίαν
345 2925 586 2969 ἀποκλίνοντες
611 2927 671 2964 καὶ
699 2926 794 2970 θεοὺς
814 2929 948 2971 ἑαυτοῖς
969 2929 1104 2980 ἐπιφη-

79 2985 202 3035 μίζειν,
234 2986 294 3024 καὶ
321 2987 453 3031 τούτοις
470 2987 531 3031 τὰς
551 2987 669 3032 θυσίας
701 2990 884 3033 ἐπιτελεῖν,
913 2989 1101 3041 προλαὸὼν

77 3049 311 3100 καταδέχεται
342 3052 456 3102 ἑαυτῷ
487 3053 599 3087 ταῦτα
631 3050 889 3102 προσάγεσθαι,
925 3050 982 3088 ἵνα
1010 3051 1100 3090 οὕτω

77 3113 156 3158 γοῦν
177 3111 358 3163 ἀποστήσῃ
388 3114 450 3157 τῆς
474 3110 630 3163 ὀλεθρίας
649 3111 785 3157 πλάνης
813 3111 891 3154 τοὺς
912 3112 1102 3162 μέλλοντας

77 3174 314 3226 ὑποσύρεσθαι.
337 3173 406 3212 Καὶ
419 3174 473 3212 ὅτι
493 3173 550 3212 διὰ
571 3174 833 3226 συγκατάὸασιν
853 3174 968 3212 πάντα
989 3178 1101 3213 ταῦτα

1204 1267 1350 1310 tamque
1366 1276 1466 1299 suam
1479 1263 1699 1303 voluntatem
1715 1276 1846 1317 quanta
1866 1269 1980 1319 potuit
1996 1269 2164 1308 facultate

1203 1322 1382 1359 ostendit:
1407 1337 1515 1373 quam
1543 1326 1747 1377 approbans
1778 1327 1979 1372 misericors
2009 1331 2105 1368 Deus
2129 1341 2162 1369 ct

1201 1382 1422 1422 voluntatem
1444 1387 1640 1435 coronavit,
1671 1397 1704 1425 et
1727 1388 1855 1427 iterum
1877 1404 1978 1428 suam
1998 1391 2159 1431 liberali-

1201 1451 1307 1482 tatem
1338 1459 1421 1496 erga
1445 1446 1550 1485 illum
1572 1447 1780 1488 declaravit.
1803 1451 1901 1489 Dicit
1934 1453 2029 1490 enim
2055 1455 2156 1492 Scri-

1198 1513 1304 1556 ptura
1322 1521 1329 1541 :
1344 1509 1387 1544 21
1405 1536 1412 1543 .
1429 1509 1483 1545 Et
1502 1509 1686 1548 odoratus
1707 1519 1762 1548 est
1786 1513 1979 1551 Dominus
2001 1515 2157 1553 odorem

1194 1567 1444 1619 fragrantioe.
1478 1569 1576 1609 Vide
1600 1572 1780 1622 quomodo
1809 1573 1950 1612 animus
1976 1576 2157 1614 offerentis

1197 1627 1353 1678 fumum⁷
1374 1638 1407 1667 et
1427 1629 1600 1680 nidorem,
1619 1642 1653 1670 et
1672 1647 1811 1671 omnem
1833 1649 1910 1685 quae
1931 1635 2015 1675 inde
2042 1638 2157 1675 nasei-

1199 1700 1256 1728 tur
1285 1693 1536 1732 insuavitatem
1577 1697 1690 1735 multa
1730 1698 1926 1750 fragrantia
1975 1701 2153 1754 implevit.

1196 1752 1339 1792 Idcirco
1363 1764 1396 1792 et
1414 1756 1548 1793 Paulus
1567 1757 1725 1796 scribens
1734 1758 1875 1799 dicebat
1891 1777 1898 1797 :
1913 1763 2046 1801 Bonus
2061 1765 2155 1801 odor

1198 1814 1346 1853 Christi
1362 1830 1510 1863 sumus,
1531 1820 1572 1854 in
1595 1821 1642 1856 iis
1659 1822 1726 1870 qui
1744 1822 1968 1869 salvantur,
1993 1832 2028 1862 et
2046 1827 2087 1862 in
2106 1828 2152 1863 iis

1196 1879 1263 1927 qui
1291 1886 1483 1928 pereunt:
1505 1887 1541 1916 et
1570 1882 1617 1917 iis
1645 1882 1799 1932 quidem
1821 1883 1916 1921 odor
1944 1888 2079 1924 mortis
2109 1890 2151 1924 in

1196 1946 1375 1984 mortem,
1410 1940 1490 1977 illis
1524 1949 1653 1979 autem
1692 1944 1787 1980 odor
1814 1947 1909 1982 ‘vitoe
1945 1948 1986 1983 in
2013 1950 2151 1986 vitam.

1198 2000 1362 2037 Odorem
1372 2002 1627 2053 fragrantiae.
1656 2004 1708 2041 Ne
1723 2005 1916 2044 offendaris
1932 2008 2042 2045 verbo
2055 2023 2152 2047 cras-

1193 2060 1385 2098 siorezsed
1414 2061 1521 2113 liujus
1554 2063 1653 2101 verbi
1680 2073 1947 2117 attemperatam
1978 2069 2150 2108 rationem

1193 2131 1262 2160 tuae
1283 2123 1484 2161 infirmitati
1505 2124 1712 2164 adscribens
1733 2126 1894 2179 intellige
1922 2129 2021 2175 hinc,
2050 2145 2148 2169 accc-

1191 2192 1290 2235 ptam
1309 2184 1418 2222 fuisse
1435 2185 1511 2222 Deo
1535 2185 1752 2224 oblationem
1767 2188 1868 2240 justi.
1889 2191 1939 2228 Ut
1969 2191 2064 2229 enim
2086 2207 2148 2244 per

1189 2259 1243 2283 res
1276 2245 1373 2298 ipsas
1395 2246 1530 2283 sciatur
1547 2247 1744 2286 Dominum
1762 2249 1898 2288 nullius
1919 2251 2095 2305 indigere,
2114 2264 2148 2292 et

1187 2316 1334 2359 propter
1352 2307 1443 2345 nihil
1470 2307 1572 2345 aliud
1596 2308 1672 2347 haec
1702 2310 1780 2348 fieri
1800 2312 2014 2363 permisisse,
2040 2330 2146 2366 quam

1188 2377 1228 2406 ut
1246 2369 1407 2407 homines
1422 2368 1467 2406 ad
1482 2378 1624 2421 gratum
1644 2371 1806 2409 animum
1823 2372 2016 2413 adduceret
2034 2391 2042 2411 :
2060 2391 2141 2428 pro-

1186 2439 1304 2482 pterea
1339 2431 1510 2468 concessit
1541 2440 1580 2468 nt
1600 2431 1674 2483 igni
1707 2444 2012 2486 consumerentur,
2041 2447 2079 2475 ut
2098 2453 2140 2476 ex

1186 2491 1230 2530 iis
1256 2506 1336 2543 qnae
1363 2492 1469 2538 fiunt,
1501 2491 1640 2530 discant
1679 2493 1704 2531 ii
1741 2495 1800 2545 qui
1829 2496 1995 2545 offerunt,
2026 2500 2143 2536 omnia

1186 2563 1330 2606 propter
1357 2568 1480 2592 eorum
1511 2553 1702 2592 utilitatem
1737 2556 1825 2595 ficri.
1857 2559 1978 2605 Quare
2011 2567 2142 2604 autem,

1187 2615 1258 2665 dic,
1279 2629 1414 2667 qumso,
1443 2615 1517 2652 hire
1533 2613 1610 2651 fieri
1643 2615 1787 2654 omnino
1811 2618 2015 2669 permittit?
2038 2619 2083 2658 Et
2104 2621 2139 2658 in

1185 2678 1253 2716 hoc
1271 2686 1398 2715 nostrae
1414 2675 1631 2713 infirmitatis
1647 2676 1799 2714 habetur
1812 2678 1916 2716 ratio.
1937 2679 2031 2727 Quia
2047 2681 2142 2719 enim

1186 2739 1350 2778 homines
1380 2737 1555 2789 paulatim
1584 2751 1604 2774 a
1633 2751 1715 2775 vcro
1746 2738 1811 2775 Dei
1842 2739 1940 2777 cultu
1969 2740 2141 2781 defecturi

1184 2810 1297 2846 erant,
1324 2808 1357 2836 et
1378 2798 1447 2836 sibi
1478 2797 1562 2835 deos
1585 2799 1795 2849 cooptaturi,
1815 2800 1946 2850 quihus
1964 2803 2137 2842 sacrificia

1181 2861 1422 2905 immolarent,
1446 2859 1547 2911 prius
1565 2858 1680 2897 voluit
1702 2869 1740 2897 ut
1756 2860 1825 2898 sibi
1848 2861 1945 2900 dona
1969 2864 2147 2903 offeri-en:

1181 2934 1254 2974 tur,
1287 2937 1358 2974 quo
1384 2921 1441 2959 vel
1462 2921 1511 2958 sic
1537 2920 1728 2972 depelleret
1748 2935 1767 2958 a
1789 2923 1988 2974 pernicioso
2021 2940 2138 2966 errore

1180 2999 1237 3025 eos
1258 2983 1390 3035 quibus
1419 2981 1501 3019 inde
1528 2981 1728 3033 fericulum
1761 2982 1983 3024 imminebat.
2017 2987 2064 3026 Et
2100 2999 2136 3027 ut

1180 3046 1359 3097 intelligas
1371 3044 1446 3081 haec
1465 3042 1582 3080 omnia
1600 3056 1763 3081 concessa
1787 3044 1896 3084 fuisse
1913 3047 1958 3085 ob
1980 3058 2135 3088 nostram

1179 3107 1438 3153 infirmitatem,
1468 3103 1609 3141 attende
1627 3104 1807 3155 quomodo
1829 3117 1948 3159 postca
1978 3118 2134 3162 tempore

1179 3168 1402 3227 procedente,
1421 3164 1575 3205 voluerit
1613 3165 1917 3214 circumcisionem
1957 3184 2021 3222 pro
2058 3172 2132 3224 lege

120 3301 134 3317 ι
157 3291 270 3325 Morcl.
286 3301 318 3326 et.
333 3292 434 3326 Savil.
454 3293 506 3326 hic
524 3301 677 3336 repetunt.
694 3298 742 3326 καὶ
766 3297 925 3338 &appi-19⁷1
947 3295 1052 3338 Κύριος
1067 3296 1082 3327 ὸ
1116 3289 1435 3330 Manus-eripiorum.

76 3349 148 3382 Θεὸς
175 3349 270 3388 ὀσμὴ-ι
296 3349 517 3388 &meing-‚quae
549 3347 581 3378 in
608 3345 684 3377 Mss.
715 3344 847 3378 desum.
878 3345 955 3376 Mox
981 3343 1082 3376 ildem

75 3395 187 3429 Morcl.
204 3405 237 3429 et
252 3397 352 3432 Savil.
371 3401 400 3432 δέ
426 3397 557 3431 addunt
574 3405 649 3440 post
672 3401 823 3441 παχύτητι
847 3404 966 3431 contra
984 3395 1084 3429 fidem

1159 3344 1175 3367 b
1201 3341 1262 3374 Alli
1280 3346 1420 3382 ἐναγάγη.

2147 3149 2215 3174 tisim

2169 1787 2198 1806 2.
2219 1777 2290 1808 Cor.
2307 1787 2335 1809 2.

2173 1832 2220 1851 l)-

2202 3108 2336 3135 Circum-

2261 3150 2336 3178 nilul

2147 3191 2283 3227 fersiceie
