2516 3791
734 213 791 243 m!

102 301 244 340 ἐκεῖνον.
265 297 333 337 Διὰ
360 301 462 336 τοῦτο
493 296 572 336 τότε
602 297 756 348 μάλιστα
777 298 954 350 φείδεσθαι
985 297 1035 335 δεῖ
1063 297 1131 333 τῶν

103 373 249 424 ἐχθρῶν,
263 369 345 408 ὅταν
369 370 481 407 αὐτῶν
497 368 678 420 γενώμεθα
697 368 823 421 κύριοι.
839 367 930 407 Ἀλλ’
948 367 1032 411 ἴσως
1047 365 1138 405 εἴποι

105 456 156 484 τις
177 441 218 479 ἄν
232 455 239 463 ·
262 439 320 478 καὶ
344 438 378 477 τί
399 438 490 490 μέγα
516 438 575 477 καὶ
596 439 795 490 θαυμαστὸν
815 437 999 492 γενόμενον
1018 435 1136 489 κύριον

105 509 308 564 φείσασθαι,
328 507 463 547 Πολλοὶ
481 507 550 560 γὰρ
577 507 636 546 καὶ
658 508 759 547 ἄλλοι
788 509 944 560 βασιλεῖς
967 506 1138 549 πολλάκις

105 579 163 618 ἐπὶ
178 578 241 626 τὴν
263 579 376 632 ἀρχὴν
392 578 547 622 ἐλθόντες
559 609 569 627 ,
585 577 664 622 τοὺς
678 578 790 618 πάλαι
808 577 1051 625 λελυπηκότας
1069 578 1138 616 λα-

106 651 224 694 ὅόντες
237 680 247 697 ,
268 650 406 695 ἀνάξιον
432 652 545 688 αὐτῶν
565 643 654 688 εἶναι
672 650 838 701 ἐνόμισαν
855 651 892 688 ἐν
913 650 1025 702 ἀρχῆς
1043 648 1137 700 ὄγκῳ

105 720 260 772 τοσούτῳ
279 719 378 767 δίκην
397 721 593 767 ἀπαιτῆσαι
612 722 680 758 τῶν
694 717 1065 771 πεπλημμελημένων,
1079 717 1139 756 καὶ

105 793 128 837 ἡ
147 794 210 838 τῆς
226 789 380 835 ἐξουσίας
404 789 587 842 περιουσία
612 791 836 839 καταλλαγῆς
859 787 1021 832 ὑπόθεσις
1039 786 1141 839 γέγο-

105 877 172 900 νεν.
201 860 292 899 Ἀλλ’
313 862 460 898 ἐνταῦθα
489 857 586 897 οὐδὲν
613 857 766 897 τοιοῦτόν
799 859 892 897 ἐστιν
926 860 1048 897 εἰπεῖν.
1085 860 1138 897 Οὐ

105 931 173 983 γὰρ
188 930 246 969 ἐπὶ
262 929 324 976 τὴν
339 928 452 982 ἀρχὴν
467 927 618 968 ἀνελθὼν
635 932 653 967 6
672 928 785 967 Δαυὶδ
798 959 808 976 ,
842 928 920 968 οὐδὲ
943 928 1008 976 τὴν
1031 931 1138 981 βασι-

105 1001 202 1043 λείαν
221 999 424 1047 ἀπολαὸὼν,
443 998 503 1038 καὶ
522 998 580 1037 τὸν
602 998 721 1038 Σαοὺλ
739 998 806 1037 ὑπὸ
821 1005 943 1052 χεῖρας
965 999 1068 1053 ἔχων,
1083 998 1140 1038 οὕ-

106 1088 174 1117 τως
187 1069 444 1125 ἐφείσατο,ἵνα
476 1069 526 1121 μή
558 1085 611 1113 τις
639 1068 745 1122 εἴπῃ,
765 1069 820 1108 ὅτι
853 1070 892 1108 τὸ
926 1072 988 1117 τῆς
1026 1072 1138 1123 ἀρχῆς

107 1141 252 1192 μέγεθος
279 1140 338 1179 τὸν
354 1139 462 1192 θυμὸν
476 1139 634 1184 ἐξέλυσεν
650 1155 658 1162 ·
680 1141 758 1178 ἀλλ’
775 1139 874 1184 εἰδὼς
887 1140 941 1179 ὅτι
958 1139 1139 1184 διασωθεὶς

105 1218 176 1256 τοῖς
197 1213 312 1256 αὐτοῖς
334 1210 540 1258 ἐπιθήσεται
566 1210 685 1259 πάλιν,
701 1210 760 1250 καὶ
781 1213 829 1256 εἷς
849 1210 1007 1262 μείζονας
1031 1210 1140 1262 ἐμὸα-

105 1284 159 1321 λεῖ
190 1281 270 1327 τοὺς
299 1280 494 1330 κινδύνους,
529 1279 607 1320 οὐδὲ
639 1280 747 1325 οὕτως
779 1280 974 1320 ἀπέκτεινε.
1007 1281 1070 1328 Μὴ
1098 1281 1139 1329 δὴ

105 1355 227 1391 τοῦτον
245 1351 388 1395 ἐκείνοις
403 1350 681 1403 παραὸάλωμεν.
701 1350 853 1390 Ἐκεῖνοι
873 1351 936 1402 μὲν
949 1350 1016 1403 γὰρ
1029 1353 1142 1403 ἀσφα-

105 1421 162 1467 λὲς
181 1422 220 1460 τὸ
244 1421 402 1475 ἐνέχυρον
417 1420 556 1474 ἔχοντες
571 1423 633 1468 τ’ῆς
648 1421 736 1471 μετὰ
757 1424 868 1459 ταῦτα
890 1421 1023 1466 ἀδείας,
1043 1419 1138 1459 εἷκό-

106 1509 174 1537 τως
193 1492 391 1546 φείδονται·
411 1485 509 1536 οὗτος
529 1490 565 1530 δὲ
587 1490 724 1544 μέλλων
746 1491 803 1530 τὸν
824 1491 947 1544 ἐχθρὸν
966 1493 1043 1530 καθ’
1061 1493 1138 1528 ἑαυ-

105 1568 165 1602 τοῦ
186 1563 341 1617 ἀφιέναι,
361 1563 421 1602 καὶ
439 1561 609 1613 πολέμιον
629 1564 745 1614 ἑαυτῷ
772 1561 907 1609 σώζειν,
925 1561 1002 1600 οὐδὲ
1033 1561 1142 1604 οὕτως

108 1633 211 1672 αὐτὸν
231 1633 379 1685 ἠφάνισε
388 1662 400 1679 ,
424 1631 484 1670 καὶ
509 1635 622 1670 ταῦτα
658 1631 772 1670 πολλὰ
798 1631 890 1683 ἔχων
909 1630 954 1669 τὰ
973 1630 1059 1684 πρὸς
1079 1632 1142 1679 τὴν

109 1702 246 1756 σφαγὴν
281 1701 382 1741 αὐτὸν
409 1701 541 1748 ταύτην
570 1702 738 1740 ὠθοῦντα.
778 1701 848 1740 Καὶ
881 1700 950 1753 γὰρ
970 1704 992 1748 ἡ
1013 1701 1145 1754 ἐρημία

108 1776 178 1812 τῶν
204 1772 422 1824 βοηθούντων
452 1773 504 1825 τῷ
528 1769 666 1817 Σαοὺλ,
695 1770 756 1809 καὶ
788 1773 810 1818 ἡ
842 1770 1046 1824 παραίνεσις
1073 1775 1144 1811 τῶν

110 1844 355 1895 στρατιωτῶν,
383 1841 442 1880 καὶ
462 1844 484 1888 ἡ
504 1840 628 1892 μνήμη
662 1843 731 1879 τῶν
753 1841 1018 1895 παρελθόντων,
1039 1842 1098 1881 καὶ
1127 1845 1146 1881 6

109 1913 215 1967 φόὸος
235 1915 304 1952 τῶν
325 1911 537 1963 μελλόντων,
559 1910 618 1949 καὶ
639 1911 678 1950 τὸ
699 1910 789 1962 μηδὲ
813 1915 949 1964 σφαγῆς
968 1911 1145 1966 κρίνεσθαι

109 1983 232 2023 λοιπὸν
257 1981 513 2022 ἀποκτείναντα
544 1980 602 2019 τὸν
630 1981 774 2034 ἐχθρὸν,
801 1981 862 2020 καὶ
892 1981 931 2021 τὸ
961 1982 1050 2033 μετὰ
1086 1983 1144 2022 τὸν

110 2054 210 2108 φόνον
230 2057 351 2092 τοῦτον
382 2051 549 2091 δύνασθαι
573 2051 654 2090 ἶ’τὸν
682 2052 786 2103 νόμον
815 2052 1050 2106 ὖπερὸαίνειν,
1085 2053 1145 2092 καὶ

110 2125 226 2165 πολλὰ
245 2124 347 2177 ἕτερα
368 2123 513 2162 πλείονα
531 2121 659 2162 τούτων
691 2122 850 2168 ἐῧιάζετο
873 2123 932 2162 καὶ
952 2124 1145 2176 ἠνάγκαζεν

109 2197 246 2243 ὠθῆσαι
260 2195 300 2233 τὸ
322 2193 415 2246 ξίφος
431 2195 478 2237 εἷς
497 2194 642 2231 ἐκεῖνον.
663 2194 754 2232 Ἀλλ’
773 2192 882 2232 οὐδενὶ
900 2192 1030 2232 τούτων
1047 2188 1146 2242 εἶξεν,

112 2266 190 2303 ἀλλ’
218 2264 337 2316 ἔμενεν
356 2263 477 2315 ὥσπερ
495 2278 548 2306 τις
567 2261 705 2313 ἀδάμας
717 2293 726 2310 ,
744 2261 906 2309 ἀκίνητον
925 2261 984 2300 τὸν
1004 2265 1068 2309 τῆς
1085 2278 1147 2315 φι-

112 2332 277 2385 λοσοφίας
291 2333 465 2384 διατηρῶν
481 2329 598 2381 νόμον.
623 2323 715 2369 Εἶτα
733 2329 789 2368 ἵνα
807 2329 856 2380 μὴ
877 2331 981 2382 λέγῃς
997 2331 1050 2369 ὅτι
1068 2329 1146 2370 οὐδὲ

115 2401 222 2440 ἔπαθέ
244 2417 280 2439 τι
292 2404 466 2448 τοιοῦτον,
488 2394 558 2438 οἷον
581 2399 671 2443 εἰκὸς
686 2393 742 2446 ἦν,
772 2400 848 2438 ἀλλ’
874 2398 1086 2448 ἀναισθησία
1109 2400 1148 2438 τὸ

116 2470 295 2522 γινόμενον
326 2465 388 2517 ἧν,
416 2469 492 2522 οὐχὶ
523 2468 730 2522 φιλοσοφία,
765 2467 831 2521 ὅρα
862 2471 938 2514 πῶς
966 2468 1149 2522 ἀγριωθεὶς

118 2539 360 2593 ἐκαρτέρησεν.
379 2537 466 2578 “Ort
479 2537 546 2590 γὰρ
567 2540 661 2590 αὐτῷ
679 2537 842 2587 διανέστη
865 2538 910 2577 τὰ
928 2538 1069 2590 κύματα
1087 2541 1150 2587 τῆς

117 2611 242 2662 ὀργῆς,
271 2608 332 2648 καὶ
351 2596 465 2655 πολλὴ
482 2609 552 2645 τῶν
569 2609 748 2658 λογισμῶν
768 2607 909 2656 ἐκινήθη
925 2610 948 2655 ἡ
968 2608 1074 2658 ζάλη,
1090 2608 1150 2647 καὶ

117 2680 175 2719 τὸν
195 2682 357 2733 χειμῶνα
376 2677 539 2731 ἐχαλίνου
558 2679 608 2731 τῷ
638 2677 735 2730 φόὸῳ
761 2681 822 2716 τοῦ
852 2680 967 2729 Θεοῦ,
995 2679 1054 2718 καὶ
1086 2679 1150 2728 τὴν

120 2747 272 2786 διάνοιαν
308 2746 484 2796 ἐπιέζετο,
525 2748 565 2786 ἐκ
595 2750 664 2786 τῶν
696 2747 890 2800 γενομένων
924 2749 1018 2788 ἐστὶν
1055 2751 1150 2789 ἰδεῖν.

122 2817 263 2865 Ἀνέστη
283 2817 370 2870 γὰρ,
390 2818 477 2870 φησὶ
491 2849 501 2866 ,
532 2817 592 2856 καὶ
612 2819 731 2871 ἀφεῖλε
751 2819 792 2858 τὸ
811 2819 994 2872 πτερύγιον
1013 2823 1076 2868 τῆς
1098 2821 1152 2859 δι-

121 2886 261 2932 πλοΐδος
285 2887 403 2926 Σαοὺλ
419 2886 607 2939 λαθραίως.
624 2882 726 2933 Εἶδες
743 2889 849 2933 πόσος
862 2890 994 2942 ἠγέρθη
1012 2893 1075 2937 τῆς
1092 2893 1151 2943 ὀρ-

121 2958 186 3008 γῆς
206 2959 225 2995 6
254 2955 411 3009 χειμών;
430 2955 521 2994 Ἀλλ’
555 2957 594 2993 οὗ
624 2954 805 3009 1’προῆλθε
827 2957 1044 3012 περαιτέρω,
1074 2958 1151 2998 οὐδὲ

122 3027 309 3078 εἰργάσατο
326 3026 366 3065 τὸ
383 3025 549 3078 ναυάγιον
561 3040 568 3047 ·
586 3026 604 3063 6
617 3023 685 3077 γὰρ
704 3027 917 3079 κυὸερνήτης
930 3028 1066 3081 ταχέως
1094 3030 1152 3067 αἶ-

123 3093 286 3145 σθόμενος
297 3121 307 3140 ,
322 3095 340 3132 6
360 3091 502 3140 εὖσεὸὴς
516 3091 700 3144 λογισμὸς,
720 3093 875 3144 γαλήνην
887 3095 964 3134 ἀντὶ
983 3098 1155 3148 χειμῶνος

827 213 997 244 navum
1034 211 1090 242 ET
1126 209 1267 241 SAULF.
1305 209 1497 240 ΙΙΟΜΙΗΑ
1535 211 1566 240 Ι.

2143 195 2169 240 5

2079 196 2134 256 87

1208 292 1390 345 magishic
1403 293 1562 346 pepercit
1574 293 1681 332 hosti.
1698 292 1922 344 Intelligehat
1935 294 2041 338 enim,
2055 296 2167 332 Deum

1213 352 1295 390 ideo
1317 352 1508 391 tradidisse
1532 368 1628 399 eum,
1653 362 1692 390 ut
1711 352 1780 390 sibi
1803 353 1952 405 majores
1972 354 2169 391 occasiones

1210 409 1403 462 probanda:
1425 410 1570 449 virtutis
1585 410 1840 464 suppeditaret.
1859 411 2012 449 Proinde
2031 421 2065 449 tu
2084 428 2168 463 quo-

1211 483 1294 521 que,
1315 469 1510 521 siquando
1538 470 1649 508 hostis
1679 480 1762 508 tuus
1788 469 1955 508 inciderit
1982 470 2015 508 in
2047 485 2171 509 manus

1211 537 1305 578 tuas,
1323 542 1409 567 cave
1429 537 1532 581 putes
1551 543 1624 567 esse
1645 529 1766 567 datam
1791 528 1999 574 ulciscendi,
2020 528 2080 566 sed
2101 545 2172 566 ser-

1210 587 1324 628 randi
1354 588 1467 626 hostis
1500 589 1731 627 occasionem.
1754 589 1880 640 quue
1911 598 1986 627 tum
2016 590 2172 627 maxime

1211 647 1434 699 parcendum
1449 657 1501 686 cst
1522 648 1694 699 inimicis,
1714 663 1795 687 cum
1814 648 1867 687 illi
1884 649 1974 686 forte
2002 659 2173 687 venerunt

1212 707 1249 745 in
1272 716 1478 759 potestatem
1513 717 1681 746 nostram.
1705 711 1748 747 At
1783 708 1841 746 hic
1867 709 2012 746 fortasse
2039 709 2173 748 dixerit

1212 768 1343 819 aliquis
1361 784 1368 805 :
1388 768 1432 806 lit
1449 769 1537 820 quid
1558 784 1747 823 magnum,
1761 780 1822 808 aut
1836 770 1926 822 quid
1942 770 2074 808 mirum
2092 786 2173 823 par·

1212 844 1290 869 cere
1302 830 1334 868 ei
1346 845 1453 881 quem
1482 830 1591 869 habes
1608 831 1644 869 iu
1665 841 1725 870 tua
1745 831 1942 884 potestate?
1964 832 2173 884 Complures

1211 887 1307 928 enim
1330 897 1364 926 ct
1385 889 1445 926 alii
1471 903 1572 941 reges
1595 889 1642 927 ad
1670 889 1914 943 principatum
1941 892 2069 940 everti,
2101 906 2175 930 sese

1211 950 1403 1002 indignum
1422 951 1636 1004 judicarunt
1656 951 1691 990 in
1716 961 1814 990 tanto
1840 952 1940 1003 regui
1966 953 2109 1005 fastigio
2129 954 2175 992 ab

1211 1013 1255 1052 iis
1272 1026 1394 1065 poenas
1415 1013 1579 1065 exigere,
1603 1029 1622 1051 a
1643 1014 1775 1065 quibus
1797 1015 1885 1053 olim
1907 1016 2045 1054 fuerant
2066 1016 2175 1054 offcu-

1210 1075 1240 1113 si
1266 1092 1274 1113 ε
1300 1075 1377 1128 ipsa
1399 1076 1566 1128 potentiae
1589 1076 1796 1114 sublimitas
1821 1091 1961 1115 causam
1983 1078 2104 1116 attulit
2122 1093 2176 1116 rc-

1210 1137 1480 1176 conciliationis.
1500 1139 1639 1177 Yerum
1666 1138 1701 1175 in
1735 1138 1802 1176 hoc
1828 1139 1967 1190 negotio
1991 1139 2059 1177 tale
2086 1139 2175 1177 nihil

1211 1199 1326 1252 possis
1338 1198 1468 1238 dicere.
1484 1200 1607 1250 Neque
1626 1199 1721 1237 enim
1736 1199 1854 1238 David
1867 1199 1913 1238 ad
1929 1200 2175 1252 principatum

1211 1271 1367 1310 evectus,
1391 1274 1503 1312 neque
1531 1275 1680 1313 regnum
1709 1260 1874 1314 adeptus,
1900 1276 1940 1300 ac
1969 1262 2116 1300 Saiilcm
2140 1263 2175 1301 in

1213 1323 1378 1362 manibus
1406 1323 1560 1371 habens,
1585 1323 1633 1360 ita
1663 1322 1809 1361 demum
1840 1323 1894 1361 illi
1923 1325 2105 1377 pepercit,
2136 1340 2177 1362 uc

1213 1385 1294 1436 quis
1314 1384 1449 1423 causari
1476 1384 1587 1436 possit
1610 1384 1710 1437 regni
1730 1385 1980 1437 magnitudine
2000 1387 2177 1424 sublatam

1214 1445 1322 1484 fuisse
1335 1445 1426 1485 iram
1441 1460 1449 1482 ε
1466 1445 1527 1484 scd
1547 1460 1629 1484 cum
1643 1445 1748 1484 sciret
1768 1447 1859 1496 fore,
1879 1457 1918 1486 ut
1938 1448 1999 1486 ille
2018 1458 2178 1486 servatus

1214 1521 1341 1545 rursus
1354 1506 1401 1545 ad
1413 1506 1538 1546 eadem
1556 1506 1703 1558 rediret,
1719 1517 1752 1546 et
1773 1508 1846 1561 ipsc
1865 1509 1900 1547 in
1921 1510 2086 1561 graviwa
2111 1525 2175 1562 pe—

1163 729 1186 759 B

1166 1567 1190 1598 C
1216 1567 1332 1606 ricula
1354 1567 1607 1621 conjiceretur,
1630 1583 1674 1607 ne
1692 1568 1772 1607 ideo
1794 1570 1942 1621 quidem
1964 1571 2105 1609 occidit.
2128 1572 2179 1610 Ne

1217 1629 1342 1680 utiquc
1358 1628 1456 1667 hunc
1470 1628 1639 1667 cumillis
1658 1631 1894 1669 conferamus.
1915 1631 2107 1682 Siquidem
2124 1632 2178 1671 illi

1217 1690 1389 1741 quoniam
1399 1689 1533 1728 habent
1551 1699 1689 1729 certum
1703 1700 1894 1743 tutumque
1906 1693 2036 1745 pignus
2049 1695 2177 1732 futur-‘e

1216 1752 1382 1805 deinceps
1408 1752 1630 1802 securitatis,
1658 1753 1782 1791 merito
1812 1764 1985 1807 parcunt,
2011 1755 2070 1793 hic
2093 1771 2179 1794 vero

1217 1825 1301 1849 cum
1322 1811 1427 1850 sciret
1447 1825 1484 1850 se
1504 1811 1644 1850 hostem
1662 1811 1699 1849 in
1722 1825 1824 1849 suam
1844 1812 1957 1865 ipsius
1985 1813 2179 1866 perniciem

1216 1872 1414 1923 dimittere,
1437 1886 1478 1911 ac
1491 1872 1743 1911 salutemdare
1763 1873 1928 1924 inimico,
1942 1874 2041 1913 haud
2063 1885 2178 1914 tamen

1217 1934 1324 1973 illum
1339 1934 1491 1984 occidit,
1509 1934 1618 1986 idque
1632 1949 1714 1973 cum
1733 1934 1880 1974 haberet
1899 1937 2013 1974 multa
2035 1936 2081 1974 ad
2101 1952 2180 1975 eam

1219 1995 1354 2036 caedem
1369 1996 1604 2050 impellentia.
1623 1996 1768 2035 Etenim
1784 1997 1938 2036 solitudo
1961 1998 2054 2050 regis
2075 1999 2179 2038 auxi-

1217 2056 1266 2095 lio
1294 2056 1442 2106 nudati,
1473 2057 1677 2096 exhortatio
1708 2058 1886 2107 militum,
1912 2061 2177 2112 prretcritorum

1219 2118 1408 2169 memoria,
1423 2118 1629 2157 futurorum
1650 2128 1788 2169 metus;
1809 2120 1854 2158 ad
1867 2120 1945 2159 haec
1961 2121 2058 2173 quod
2078 2123 2107 2160 si
2128 2123 2181 2160 in-

1218 2179 1410 2219 terfecisset
1427 2180 1632 2231 inimicum,
1657 2195 1725 2219 non
1740 2192 1858 2234 posset
1881 2182 2044 2221 damnari
2063 2184 2182 2233 caedis,

1220 2240 1389 2292 quodque
1423 2250 1502 2294 post
1531 2241 1663 2280 caedem
1689 2249 1901 2295 peractama
1919 2244 2034 2296 legem
2070 2245 2184 2298 ipsam

1219 2302 1495 2341 mansuetudine
1524 2317 1693 2356 superare
1718 2303 1926 2354 videretur,
1952 2306 2027 2345 haec
2052 2318 2086 2346 et
2114 2307 2183 2345 alia

1220 2361 1323 2414 plura
1360 2361 1535 2414 urgebant
1569 2362 1900 2415 compellebantque
1930 2365 2051 2417 gladio
2081 2366 2185 2404 illum

1221 2421 1421 2462 confodere.
1440 2425 1486 2462 At
1505 2423 1637 2462 horum
1657 2424 1748 2462 nulli
1766 2425 1886 2475 cessit,
1903 2426 1963 2464 sed
1986 2427 2185 2466 adamantis

1220 2483 1347 2524 invicti
1366 2499 1464 2524 more
1484 2485 1656 2538 perstitit,
1674 2485 1922 2525 intemeratam
1948 2488 2185 2543 philosophioe

1220 2545 1336 2599 legem
1370 2560 1528 2585 servans.
1553 2547 1728 2585 Caeterum
1755 2561 1799 2585 ne
1826 2547 1926 2587 dicas
1959 2549 2064 2588 illum
2095 2551 2187 2589 nihil

1223 2622 1346 2647 eorum
1361 2607 1510 2646 sensisse
1523 2607 1736 2658 affectuum,
1751 2622 1840 2659 quos
1857 2610 2004 2649 sensisse
2017 2626 2083 2664 par
2097 2623 2185 2660 erat,

1224 2668 1285 2708 sed
1307 2669 1345 2707 id
1371 2668 1470 2720 quod
1501 2668 1633 2708 accidit
1662 2683 1733 2708 non
1762 2670 1872 2709 fuisse
1898 2671 2185 2726 philosophiam,

1224 2730 1284 2770 sed
1300 2741 1484 2784 stuporem
1507 2747 1515 2768 :
1538 2730 1721 2770 considera
1742 2746 1850 2783 quam
1875 2734 2102 2774 vehementer
2117 2751 2185 2776 ex—

1225 2802 1408 2846 asperatus
1427 2792 1496 2832 sibi
1517 2793 1738 2846 temperarit.
1772 2794 1961 2846 Siquidem
1992 2797 2186 2838 iracundiae

1225 2855 1356 2893 fluctus
1373 2855 1409 2893 in
1433 2854 1552 2893 animo
1571 2855 1670 2893 illius
1698 2855 1932 2906 intumuisse,
1965 2859 2186 2912 m'ultamque

1226 2916 1485 2968 cogitationum
1517 2916 1711 2969 procellam
1742 2918 1952 2957 concitatam
1980 2921 2104 2967 fuisse,
2126 2923 2188 2961 sed

1177 2968 1202 2998 Ε
1226 2990 1304 3013 eam
1319 2983 1562 3027 tempestatem
1582 2975 1775 3013 refrenasse
1789 2975 1914 3015 timore
1931 2978 2017 3027 Dei,
2034 2980 2188 3017 animos-

1227 3049 1295 3086 que
1314 3034 1538 3086 rcpressisse,
1559 3048 1604 3073 ex.
1626 3034 1669 3071 iis
1684 3049 1761 3085 qua:
1782 3035 1870 3073 farta
1889 3046 1969 3075 sunt
1985 3039 2185 3090 perspicere

1230 3096 1323 3134 licet.
1348 3096 1539 3142 Surrexit,
1559 3095 1690 3147 inquit,
1713 3105 1748 3134 et
1766 3097 1856 3135 tulit
1877 3111 1985 3135 oram
2009 3100 2189 3147 chlamy-

166 3212 180 3226 ·
204 3200 325 3244 Legem
363 3197 470 3241 ipsam
488 3196 761 3231 ‘mansuetudine
792 3208 978 3242 superasset
1005 3200 1136 3242 David,
1172 3199 1360 3234 occidendo
1385 3211 1472 3243 eum,
1490 3200 1547 3244 qui
1572 3211 1657 3245 soepe
1684 3202 1789 3234 vitam
1813 3203 1875 3245 ipsi
1900 3203 2023 3245 ‹ei-*pere
2051 3213 2190 3237 conatus

122 3251 393 3286 etiamsiSaetem
405 3249 596 3292 occidisset,
611 3251 687 3294 quia
705 3249 756 3283 lex
776 3250 988 3294 praecipiebat
1003 3252 1138 3288 dentem
1174 3252 1294 3286 fuerat.

123 3317 184 3349 pro
211 3303 333 3345 dente,
362 3303 496 3337 oculum
523 3314 583 3346 pro
604 3301 723 3343 oculo,
741 3310 775 3336 et
790 3310 826 3335 ut
841 3314 1046 3349 consequens
1069 3313 1142 3339 erat.

1220 3307 1236 3330 b
1261 3304 1476 3349 [scripsimus
1494 3310 1626 3353 προῆλθε
1639 3316 1715 3338 cum
1732 3305 1866 3339 Savilio.
1896 3305 2010 3339 Morel.
2028 3313 2188 3351 5¹:⁵⁷2)st

126 3359 227 3390 vitam
245 3368 306 3400 pro
323 3357 390 3389 vita
408 3355 500 3397 dari,
519 3356 565 3387 ita
583 3362 618 3386 ut
635 3353 660 3387 si
678 3354 812 3387 Saulem
830 3353 1059 3399 interfecisset,
1078 3358 1142 3390 mi·
1175 3356 1296 3392 Montf.
1314 3367 1426 3391 errore
1445 3357 1699 3402 typothetarum
1719 3358 1890 3402 rrpoz'rssstsfl

127 3421 188 3442 nus
203 3411 303 3442 etiam
320 3420 420 3453 quam
446 3407 496 3441 lex
515 3407 731 3451 permittebat
759 3407 888 3442 fecisset
904 3409 1013 3444 Dan-id
1040 3410 1141 3444 semel

2212 313 2270 339 Cur
2291 310 2368 337 Dn-us

2184 355 2277 380 lione-1
2317 363 2366 378 ηυ-

2184 399 2225 422 Ι,.ς
2245 396 2351 422 tradat.
