2516 3791
638 178 677 208 [N
717 178 818 208 (ΖΑΓ).
859 177 939 208 vit.

977 176 1142 207 GENES.

1186 176 1347 206 uoth.
1387 175 1514 206 xxw.

2016 164 2106 228 267

58 267 194 320 ματέων
214 264 273 305 καὶ
292 263 513 316 Φαρισαίων,
535 264 574 300 00
596 261 644 314 μὴ
666 261 844 308 εἰσέλθητε
863 263 911 305 εἷς
931 260 995 307 τὴν
1014 263 1075 311 βα-
1097 263 1120 294 Ε
1148 259 1183 296 Γ
1188 260 1456 306 harisaeorum‚
1475 272 1553 297 non
1579 260 1778 298 intrabitis
1795 262 1836 296 in
1855 273 2015 312 regnum
2036 275 2108 299 ια’-

56 327 185 368 σιλείαν
201 329 268 365 τῶν
289 327 453 379 οὐρανῶν.
473 326 670 375 Σκοπῶμεν
689 322 802 362 τοίνυν
821 322 900 361 καθ’
918 320 1074 369 ἑαυτοὺς,

55 390 113 428 καὶ
133 387 181 439 μὴ
202 388 321 431 ἁπλῶς
340 385 620 439 παρατρέχωμεν
639 385 679 423 τὸ
698 383 894 438 εἰρημένον,
916 382 1007 422 ἀλλὰ
1023 385 1074 422 ἐν-

53 449 245 501 νοήσωμεν,
265 448 330 494 ὅση
350 447 503 486 κείσεται
526 446 668 489 κόλασις
683 451 755 489 τοῖς
776 444 824 496 μὴ
847 444 949 495 μόνον
971 447 1075 494 ὑπερ-

56 510 186 549 Εαίνειν
216 509 364 552 ἐκείνους
392 507 440 560 μὴ
461 507 723 554 σπουδάζουσιν,
740 505 831 544 ἀλλὰ
851 505 912 543 καὶ
929 504 1074 542 ἔλαττον

53 571 165 608 αὐτῶν
194 568 328 620 ἔχουσι,
350 567 409 605 καὶ
429 566 478 618 μὴ
499 565 721 618 ἀνεχομένοις
743 565 832 615 μήτε
845 564 951 616 ὀργὴν
973 566 1072 616 ἀφεῖ-

53 646 110 668 ναι
125 631 174 681 τῷ
188 628 349 675 πλησίον,
368 627 456 678 μήτε
474 626 632 679 καθαρὰν
646 626 709 673 τὴν
725 628 884 678 γλῶτταν
896 625 1072 676 διατηρεῖν

54 689 124 728 ἀπὸ
140 692 208 727 τῶν
229 688 355 740 ὅρκων,
377 688 466 740 μήτε
485 691 535 740 τῷ
556 689 726 739 ὀφθαλμῷ
747 685 969 737 βουλομένοις
986 686 1072 723 ἀπο-

53 750 213 803 τειχίζειν
229 749 292 797 τὴν
315 749 490 796 ἐπιὸλαίῆ
508 748 601 794 θέαν,
621 748 679 786 καὶ
694 751 754 785 τοῦ
770 746 949 784 Δεσπότου
964 761 1073 799 προσ-

53 812 256 857 τάττοντος,
287 810 335 860 μὴ
367 810 468 860 μόνον
497 808 722 859 ἀδικούμενον
748 807 863 860 φέρειν
892 806 1070 859 γενναίως,

51 872 143 911 ἀλλὰ
158 871 218 910 καὶ
234 870 539 917 ἐπιδαψιλεύεσθαι
552 885 560 893 ·
577 871 640 921 Τῷ
657 868 790 906 θέλοντι
805 868 874 920 γάρ
889 883 956 913 σοι,
972 867 1071 920 φησὶ,
1085 892 1132 917 22³
1147 866 1228 904 ficia
1249 866 1404 904 inimicis
1426 866 1573 918 largiter
1589 867 1764 919 prcebere3
1777 867 1827 905 ait
1840 868 1948 917 enim,
1967 870 2019 906 Ec
2037 872 2107 920 qui

51 934 223 986 κριθῆναι,
238 929 365 969 καὶτὸν
377 930 510 983 χιτῶνά
526 946 585 969 σου
602 929 736 976 λαὸεῑν,
751 930 834 981 ἄφες
848 931 942 981 αὐτῷ
958 928 1018 966 καὶ
1032 928 1072 966 τὸ
1096 931 1120 959 Α
1145 937 1270 966 tecum
1291 929 1440 980 judicio
1465 929 1696 966 contendere
1723 937 1759 966 et
1780 931 1954 966 tunicam
1973 930 2110 968 tollere

51 993 203 1044 ἱμάτιον.
222 992 347 1043 Ἡμεῖς
368 992 402 1030 δὲ
421 991 591 1034 πολλάκις
605 991 663 1028 καὶ
681 991 812 1028 ἀδυιεῖν
829 992 1073 1042 ἐπιχειροῦμεν

51 1055 109 1094 τὸν
128 1053 294 1100 πλησίον,
315 1053 338 1099 ἢ
359 1052 417 1090 καὶ
438 1051 635 1102 ἀμύνασθαι
654 1051 712 1089 τὸν
729 1051 914 1089 ἀδικοῦντα
926 1080 936 1098 ,
958 1049 1072 1088 καίτοι

52 1116 347 1169 προσταττόμενοι
373 1113 421 1165 μὴ
452 1112 554 1164 μόνον
583 1111 662 1156 τοὺς
691 1114 902 1163 ἀγαπῶντας
932 1113 1073 1164 ἀγαπᾷν

51 1178 181 1224 (Τοῦτο
198 1175 267 1229 γὰρ
285 1176 343 1214 καὶ
358 1178 389 1214 οἱ
405 1175 565 1221 τελῶναι,
594 1174 692 1226 φησὶ,
710 1176 896 1220 ποιοῦσιν),
910 1171 999 1211 ἀλλὰ
1013 1172 1073 1210 καὶ

52 1237 137 1288 πρὸς
155 1237 232 1280 τοὺς
252 1237 495 1289 ἐχθραίνοντας
510 1234 660 1285 γνησίως
676 1235 883 1280 διακεῖσθαι,
898 1232 973 1271 οὐδὲ
988 1233 1074 1286 πρὸς

51 1297 129 1340 τοὺς
149 1299 358 1349 ἀγαπῶντας
375 1296 437 1343 τὴν
453 1296 532 1342 ἴσην
546 1295 686 1347 ἀγάπην
702 1293 982 1344 ἐπιδεικνύμεθα.
1003 1293 1072 1332 Διὰ

52 1363 161 1396 ταῦτα
190 1360 286 1410 ἀλγῶ
314 1358 373 1395 καὶ
393 1358 571 1408 ὀδυνῶμαι
596 1359 685 1408 ὁρῶν
704 1359 766 1402 τῆς
787 1355 848 1406 μὲν
870 1356 995 1407 ἀρετῆς
1015 1370 1073 1393 το-

53 1419 181 1467 σαύτην
207 1420 242 1456 ἐν
263 1422 346 1469 ἡμῖν
370 1417 433 1466 τὴν
454 1417 592 1466 σπάνιν,
616 1420 678 1463 τ’ἧς
694 1416 730 1454 δὲ
749 1415 874 1460 κακίας
893 1418 970 1454 καθ’
993 1415 1072 1453 ἑκά-

53 1496 137 1526 στην
162 1481 297 1532 ἡμέραν
321 1479 384 1527 τὴν
417 1479 574 1518 ἐπίτασιν
594 1479 778 1530 γινομένην
794 1509 804 1526 ,
831 1477 891 1515 καὶ
909 1477 987 1516 οὔτε
1009 1480 1072 1524 τ’ἧς

51 1541 188 1594 γεέννης
203 1542 260 1580 τὸν
276 1541 380 1594 φόὸον
397 1541 612 1580 ἐκκόπτοντα
626 1543 728 1591 ἡμῶν
746 1539 810 1586 τὴν
827 1545 842 1560 ²¹
855 1539 913 1577 ἐπὶ
933 1538 996 1586 τὴν
1012 1554 1071 1576 κα-

52 1603 130 1642 κίαν
150 1602 282 1655 ὁρμὴν,
303 1602 380 1641 οὔτε
399 1606 462 1649 τῆς
483 1601 662 1654 βασιλείας
679 1602 738 1640 τὸν
756 1601 861 1639 πόθον
881 1599 1072 1653 προτρεπό·

52 1679 152 1715 μενον
178 1664 235 1702 ἐπὶ
258 1664 320 1711 τὴν
345 1667 406 1711 τῆς
423 1666 548 1718 ἀρετ-ἧς
567 1663 656 1711 ὁδὸν,
678 1661 768 1700 ἀλλὰ
783 1662 935 1709 πάντας,
951 1665 998 1705 ὡς
1016 1664 1071 1700 εἷ-

51 1731 148 1773 πεῖν,
170 1726 404 1776 βοσκημάτων
433 1725 530 1772 δίκην
552 1723 810 1776 ἀπαγομένους,
829 1723 889 1761 καὶ
908 1722 1072 1774 οὐδεμίαν

51 1787 182 1825 ἔννοιαν
207 1787 450 1837 λαμίῖάνοντας
469 1786 546 1824 οὔτε
564 1789 628 1832 τῆς
647 1785 796 1837 φοὸερᾶς
815 1784 947 1831 ἐκείνης
967 1784 1072 1837 ὥρας,

52 1847 130 1886 οὔτε
150 1851 218 1885 τῶν
234 1847 332 1899 παρὰ
350 1853 409 1886 τοῦ
428 1850 520 1886 Θεοῦ
540 1846 705 1884 τεθέντων
725 1849 809 1897 ἡμῖν
828 1845 962 1896 νόμων,
983 1845 1073 1884 ἀλλὰ

51 1909 136 1962 πρὸς
155 1909 218 1956 τὴν
235 1902 305 1947 τῶν
326 1908 517 1960 ἀνθρώπων
537 1907 710 1959 ὑπόληψιν
727 1908 882 1951 ἅπαντας
901 1907 1075 1959 ἐπτοημέ-

51 1985 142 2017 νους,
161 1971 221 2008 καὶ
238 1971 297 2009 τὸν
314 1970 410 2023 παρὰ
430 1969 560 2008 τούτων
580 1968 720 2007 ἔπαινον
740 1967 756 1988 ¹¹
769 1968 998 2021 θηρωμένους,
1014 1969 1074 2007 καὶ

53 2032 141 2082 μηδι
164 2031 297 2070 ἀκούειν
318 2035 377 2069 τοῦ
407 2029 608 2082 εὐαγγελίου
631 2029 810 2080 λέγοντος,
829 2031 910 2072 Πῶς
929 2028 1075 2068 δύνασθε

53 2095 151 2144 ὑμεῖς
171 2097 356 2132 πιστεῦσαι
381 2091 480 2136 δόξαν
495 2090 593 2142 παρὰ
612 2090 803 2143 ἀνθρώπων
822 2090 1072 2141 λαμὲάνοντες,

52 2154 110 2193 καὶ
129 2154 192 2200 τὴν
219 2153 316 2206 παρὰ
339 2158 399 2192 τοῦ
416 2152 520 2204 μόνου
541 2155 633 2191 Θεοῦ
649 2155 688 2190 οὐ
707 2154 910 2199 ζητοῦντες;
932 2151 1074 2206 ςΏο-περ
1098 2164 1122 2196 c

52 2214 87 2254 δὲ
117 2218 148 2254 οἱ
168 2215 298 2262 ταύτης
317 2215 512 2267 ἐφιέμενοι,
536 2213 669 2259 ἐκείνης
685 2215 864 2257 παντελῶς
882 2213 1071 2252 ἐκπίπτου·

50 2292 129 2323 σιν,
161 2276 269 2320 οὕτως
302 2278 333 2314 οἱ
361 2275 493 2322 ἐκείνης
517 2275 682 2322 διηνεκῶς
709 2273 958 2327 ἐξηρτημένοι,
994 2275 1073 2314 οὐδὲ

50 2337 177 2384 ταύτης
216 2340 502 2389 ἀποστεροῦνται.
540 2335 610 2375 Καὶ
648 2335 716 2388 γὰρ
745 2336 847 2379 αὐτὸς
884 2336 1071 2390 προλαὸὼν

51 2400 282 2451 ἐπηγγείλατο
299 2399 409 2450 λέγων
425 2429 435 2447 ,
455 2400 600 2445 Ζητεῖτε
619 2403 634 2419 ⁰
647 2401 786 2450 πρῶτον
804 2397 869 2445 τὴν
890 2398 1072 2450 βασιλείαν

54 2464 114 2498 τοῦ
128 2462 232 2506 Θεοῦ,
251 2460 311 2497 καὶ
329 2465 440 2498 ταῦτα
455 2459 570 2498 πάντα
586 2459 863 2512 προστεθήσεται
881 2462 963 2511 ὑμῖν
979 2476 987 2484 ·
1011 2461 1071 2499 καὶ

52 2523 102 2573 τῷ
131 2521 210 2574 περὶ
239 2520 372 2568 ἐκείνην
403 2521 519 2573 ἔχοντι
535 2521 593 2559 τὸν
609 2520 713 2560 πόθον
730 2525 840 2561 ταῦτα
855 2521 971 2560 πάντα
991 2522 1071 2561 ἕπε-

49 2597 121 2619 ται.
145 2581 190 2620 ‘O
205 2581 272 2635 γὰρ
288 2584 359 2621 ἐκεῖ
373 2581 555 2633 πτερώσας
574 2584 677 2620 αὐτοῦ
689 2581 752 2629 τὴν
771 2583 939 2631 διάνοιαν,
954 2584 1072 2631 πάσης

49 2644 112 2688 τ’ἧς
133 2643 312 2694 παρούσης
341 2643 541 2695 εὐημερίας,
570 2645 617 2686 ὡς
647 2642 724 2682 οὐδὲ
751 2642 870 2691 οὔσης,
902 2646 1069 2698 ὑπερορᾷ.

49 2703 96 2740 Οἱ
133 2701 200 2755 γὰρ
233 2703 296 2747 τῆς
326 2701 476 2746 πίστεως
505 2702 678 2754 ὀφθαλμοὶ
709 2701 792 2740 ὅταν
820 2705 936 2741 ἐκεῖνα
962 2719 1071 2742 κατο-

49 2761 201 2801 πτεύωσι
221 2762 265 2801 τὰ
287 2762 470 2816 ἀπόῤῥητα
493 2763 619 2815 ἀγαθὰ,
641 2763 718 2802 οὐδὲ
739 2763 901 2810 αἴσθησιν
915 2765 1064 2816 λαμὸά-

49 2837 142 2860 νουσι
171 2825 239 2860 τῶν
260 2823 464 2875 ὁρωμένων·
497 2828 641 2863 τοσοῦτο
658 2825 698 2863 τὸ
718 2824 823 2876 μέσον
849 2825 989 2864 ἐκείνων
1010 2826 1070 2865 καὶ

49 2882 192 2922 τούτων.
221 2883 314 2922 Ἀλλ’
329 2884 452 2922 οὐδένα
469 2887 539 2936 ὁρῶ
553 2889 780 2939 προτιμῶντα
795 2891 866 2925 τῶν
883 2887 1069 2939 ὁρωμένων

48 2943 92 2982 τὰ
109 2943 157 2995 μὴ
185 2945 356 2997 δρώμενα.
372 2946 436 2984 Διὸ
454 2946 546 2995 λύπη
565 2947 624 2998 μοί
642 2951 716 2987 ἐστι
731 2977 741 2995 ,
766 2949 826 2987 καὶ
846 2950 1070 2995 ἀδιάλειπτος

50 3005 152 3052 ὀδύνη
169 3009 212 3058 τῇ
230 3005 356 3059 καρδίᾳ
374 3023 452 3058 μου,
475 3007 528 3046 ὅτι
547 3009 624 3047 οὐδὲ
639 3013 661 3056 ἡ
678 3015 784 3063 πεῖρα
802 3012 872 3048 τῶν
894 3011 1069 3063 πραγμά-

49 3081 116 3103 των
137 3070 232 3117 ἧμῗίς
253 3067 453 3106 ἐπαίδευσεν
468 3098 479 3119 ,
505 3069 582 3109 οὐδὲ
602 3071 637 3108 αἱ
661 3074 721 3108 τοῦ
737 3074 830 3110 Θεοῦ
849 3071 1068 3124 ὑποσχέσεις,

51 3126 126 3165 οὐδὲ
147 3130 215 3166 τῶν
239 3129 374 3180 δωρεῶν
394 3130 434 3168 τὸ
454 3130 596 3183 μέγεθος
619 3131 705 3183 πρὸς
726 3132 785 3171 τὸν
803 3135 866 3178 τῆς
890 3132 1069 3182 βασιλείας

52 3187 155 3228 πόθον
178 3193 392 3239 μεταστῆναι
413 3191 686 3243 παρεσκεύασεν,
707 3192 786 3232 ἀλλ’
807 3193 859 3231 ἔτι
873 3193 991 3245 χαμαὶ
1008 3210 1070 3233 συ-

97 3321 110 3335 ·
127 3310 240 3343 ΜΟΙὊῙ.
257 3317 303 3347 ἐπὶ
325 3320 363 3357 τῇ
381 3319 479 3357 κακία.

100 3365 116 3389 b
131 3363 231 3397 Sanil.
248 3371 390 3410 ὑπηρεῖσθαι
410 3369 635 3408 σπονῖὀζοντας.

1148 321 1285 359 lorum.
1303 319 1577 359 Consideremus
1596 319 1709 372 igitur
1724 319 1792 358 hoc
1809 319 1962 368 dictum,
1982 330 2015 359 et
2040 336 2109 359 non

1147 381 1384 435 perfunctorie
1414 390 1644 431 transeamus,
1673 381 1735 420 sed
1763 381 1959 433 cogitemus
1979 392 2110 433 quanta

1146 457 1248 495 poena
1266 443 1385 480 futura
1400 442 1445 480 sit
1462 457 1583 481 eorum
1596 442 1656 495 qni
1676 457 1746 481 non
1755 443 1871 482 solum
1885 457 1952 481 non
1965 457 2110 496 operam

1146 503 1232 541 dant
1253 512 1290 541 ut
1311 502 1391 541 illos
1414 512 1599 556 superent,
1622 502 1684 542 sed
1715 504 1821 542 etiam
1852 504 1971 542 minus
2001 518 2111 555 quam

1145 563 1199 601 illi
1221 572 1404 615 prrcstant5
1440 578 1550 615 neque
1587 574 1714 603 cavent
1746 574 1784 603 ut
1808 565 1896 603 iram
1929 565 2111 603 remittant

1146 624 1327 676 proxinw,
1346 624 1404 661 vel
1430 624 1591 675 linguam
1609 639 1629 662 a
1645 626 1857 677 juramentis
1884 635 2022 664 servent
2042 640 2110 678 pu-

1145 698 1234 733 ram,
1246 684 1304 722 vel
1317 684 1461 722 oculum
1474 685 1637 724 muniant
1650 701 1668 723 a
1680 687 1877 739 pernicioso
1889 687 2109 740 spectaculo:

1144 754 1178 783 ct
1211 759 1293 783 cum
1313 745 1490 783 Dominus
1517 746 1701 798 proecipiat
1716 777 1726 795 ‚
1746 761 1815 784 non
1833 748 1949 785 solnm
1969 749 2108 786 sortiter

1145 806 1238 844 serre
1253 805 1282 843 si
1298 819 1368 856 qua
1384 805 1514 858 injuria
1535 807 1707 844 fuerimus
1726 807 1856 855 affecti,
1877 808 1937 845 sed
1953 818 1985 846 et
2006 809 2111 846 bene-

2125 919 2176 954 540.

1143 989 1248 1035 vult,
1272 990 1423 1026 dimitte
1443 997 1479 1026 et
1491 989 1673 1041 pallium.
1694 989 1769 1027 Nos
1793 998 1908 1027 antem
1923 1004 2014 1042 saepe
2029 1005 2112 1043 pro-

1145 1049 1244 1088 ximo
1275 1049 1446 1101 injuriam
1481 1050 1611 1088 inferre
1637 1050 1799 1099 nitimur,
1837 1060 1899 1088 aut
1927 1050 2114 1090 laeclentem

1145 1110 1283 1158 ulcisci,
1303 1111 1470 1162 quamvis
1483 1110 1584 1148 nobis
1603 1111 1819 1163 imperatum
1840 1111 1885 1149 sit
1906 1125 1974 1149 non
1992 1113 2111 1150 solum

1144 1173 1332 1226 diligentes
1344 1174 1494 1226 diligere
1510 1177 1523 1222 (
1540 1175 1644 1212 Nam
1667 1176 1754 1225 hoc,
1777 1175 1907 1225 inquit,
1927 1183 1963 1212 et
1979 1177 2111 1228 publi·
2127 1190 2239 1218 Mauh.
2261 1189 2292 1219 5.

1145 1237 1440 1289 cani-faciunt),
1459 1235 1520 1274 sed
1536 1245 1569 1274 et
1588 1236 1678 1274 bene
1693 1245 1726 1274 et
1744 1236 1858 1274 amice
1876 1237 2019 1275 affectos
2036 1251 2110 1275 esse
2126 1230 2176 1271 (16.

1145 1297 1181 1335 in
1201 1311 1260 1335 eos
1278 1299 1339 1348 qui
1361 1310 1425 1335 nos
1437 1296 1616 1335 hostiliter
1635 1297 1821 1335 infestant:
1837 1312 1899 1335 nos
1932 1307 2048 1336 tamen
2066 1312 2108 1336 ne

1145 1357 1270 1396 amicis
1283 1358 1430 1410 quidem
1451 1372 1573 1412 parem
1587 1358 1769 1396 caritatem
1787 1359 2012 1398 exhibemus.
2037 1359 2109 1397 Ea-

1145 1429 1290 1473 propter
1312 1420 1415 1458 doleo
1431 1429 1463 1459 et
1485 1421 1605 1472 lugeo,
1625 1420 1708 1472 quia
1727 1420 1834 1459 video
1854 1421 1888 1458 in
1911 1421 2011 1459 nobis
2034 1431 2109 1459 tan-

1147 1489 1218 1518 tam
1236 1481 1382 1519 virtutis
1395 1481 1577 1519 raritatem
1593 1497 1604 1531 ;
1624 1481 1799 1519 malitiam
1821 1490 1938 1519 autem
1950 1483 2111 1534 quotidie

1145 1541 1359 1580 invalescere
1381 1558 1389 1578 :
1418 1556 1530 1593 neque
1549 1550 1711 1580 moratur
1731 1542 1900 1593 gehennae
1921 1543 2029 1581 timor
2048 1558 2110 1582 no-

1144 1611 1257 1641 strum
1283 1603 1316 1641 in
1342 1603 1437 1641 mala
1460 1617 1619 1647 cursum,
1641 1617 1755 1654 neque
1775 1604 1872 1655 regni
1893 1603 2112 1642 desiderium

1145 1663 1285 1711 incitat,
1300 1673 1339 1702 ut
1359 1664 1393 1702 in
1405 1664 1462 1703 via
1474 1664 1617 1702 virtutis
1634 1664 1861 1702 ambulemus
1877 1681 1884 1701 :
1899 1665 1960 1703 sed
1975 1680 2110 1715 omnes,

1146 1724 1244 1762 utita
1263 1725 1394 1773 dicam,
1415 1725 1517 1776 quasi
1534 1725 1688 1777 pecudes
1702 1725 1939 1764 abducimur:
1955 1736 1987 1764 ct
2000 1741 2112 1778 neque

1147 1785 1345 1836 cogitamus
1378 1785 1575 1823 terribilem
1609 1786 1710 1824 illam
1734 1786 1875 1836 horam,
1902 1787 1959 1824 vel
1978 1787 2071 1839 leges
2090 1802 2111 1825 a

1148 1846 1302 1884 Domino
1322 1846 1424 1884 nobis
1443 1845 1572 1884 datas:
1597 1846 1658 1884 sed
1688 1861 1810 1885 omnes
1847 1849 1891 1885 ad
1924 1847 2110 1886 hominum

1147 1906 1331 1959 opiniones
1343 1916 1541 1960 spectamus
1556 1938 1565 1955 ‚
1582 1916 1614 1945 et
1635 1907 1821 1959 gloriolam
1841 1908 1886 1945 al)
1906 1908 1978 1946 illis
1997 1923 2109 1946 vena-

1148 1982 1240 2016 mur,
1256 1982 1369 2019 neque
1381 1968 1508 2006 audire
1532 1969 1700 2007 volumus
1713 1969 1937 2020 evangelium
1953 1969 2075 2008 dicens
2093 1985 2101 2006 :

1153 2029 1354 2079 Quomodo
1390 2042 1464 2067 vos
1489 2033 1648 2082 potestis
1683 2031 1838 2068 credere
1863 2031 2030 2082 gloriam
2059 2033 2109 2069 ab
2126 2038 2312 2080 loon-544,

1148 2091 1369 2129 hominihus
1403 2093 1651 2142 accipientes,
1680 2100 1716 2129 et
1739 2092 1904 2143 gloriam
1921 2123 1930 2139 ,
1967 2107 2053 2145 quoe
2087 2108 2112 2132 a

1147 2151 1230 2189 solo
1246 2152 1332 2189 Deo
1345 2160 1414 2200 est,
1431 2165 1510 2189 non
1529 2161 1744 2204 quoerentes
1759 2157 1776 2189 Ρ
1795 2152 2111 2199 Quemadmodum

1146 2211 1241 2250 enim
1253 2212 1424 2264 quiillam
1434 2212 1629 2250 humanam
1639 2211 1857 2263 desiderant,
1867 2213 1991 2252 divina
2005 2229 2110 2268 pror-

1147 2286 1208 2311 sus
1222 2272 1395 2311 excidunt
1418 2289 1426 2310 :
1449 2273 1498 2311 ita
1513 2273 1575 2324 qui
1600 2273 1761 2311 divinam
1786 2274 1955 2312 continuo
1975 2285 2111 2314 sectan-

1147 2343 1220 2384 tur,
1256 2349 1371 2386 neque
1392 2334 1461 2373 hac
1489 2335 1689 2387 privantur.
1723 2335 1766 2373 Id
1786 2335 1883 2387 quod
1918 2338 1991 2389 ipse
2009 2337 2110 2390 prins

1145 2394 1330 2447 promisit:
1365 2396 1534 2447 Quaerite
1552 2398 1722 2447 primum
1746 2410 1905 2448 regnum
1927 2399 2033 2445 Dei,
2072 2407 2110 2436 et
2132 2415 2226 2443 mam
2260 2416 2290 2444 6.

1145 2457 1228 2494 haec
1268 2459 1400 2494 omnia
1444 2458 1557 2494 vohis
1589 2457 1826 2509 adjicientur
1847 2473 1857 2493 :
1879 2458 2007 2496 etenim
2027 2473 2109 2496 eum
2123 2455 2175 2485 33.

1144 2519 1208 2569 qui
1247 2518 1358 2571 hujus
1390 2517 1568 2556 desiderio
1595 2526 1762 2568 tenetur,
1802 2528 1999 2569 sequuntur
2026 2519 2104 2558 haec

1145 2582 1278 2620 omnia.
1296 2582 1389 2621 Nam
1409 2582 1470 2632 qni
1498 2581 1584 2618 illuc
1604 2590 1720 2620 mente
1738 2596 1800 2619 sua
1819 2582 1886 2619 alis
1911 2582 2106 2620 instructus

1144 2644 1269 2694 volat,
1305 2658 1446 2682 omnem
1474 2651 1680 2695 praesentem
1700 2643 1972 2695 prosperitatem
1999 2645 2102 2695 quasi

1145 2718 1213 2743 non
1237 2713 1324 2743 esset
1341 2734 1351 2753 ,
1377 2704 1583 2742 contemnit.
1603 2703 1708 2741 Oculi
1731 2704 1823 2741 enim
1850 2704 1945 2753 fidei,
1962 2705 2108 2756 quando
2125 2710 2134 2715 “

1144 2767 1269 2806 vident
1298 2765 1496 2803 ineffabilia
1513 2764 1575 2802 illa
1593 2764 1698 2813 bona,
1719 2779 1762 2802 ne
1775 2765 1931 2804 sentiunt
1961 2766 2108 2818 quidem

1144 2827 1222 2865 hate
1239 2826 1400 2866 visibilia
1422 2842 1430 2862 ε
1448 2835 1586 2864 tantum
1610 2825 1702 2863 inter
1720 2825 1794 2864 lime
1816 2835 1849 2864 ct
1866 2826 1927 2864 illa
1948 2827 2104 2866 interest.

1147 2888 1217 2927 Sed
1247 2887 1423 2926 neminem
1450 2886 1556 2925 video
1583 2886 1645 2937 qui
1671 2886 1869 2925 invisibilia
1901 2888 2108 2925 visibilibus

1145 2950 1321 3003 praeserat.
1344 2948 1484 2987 Idcirco
1513 2946 1602 2985 mihi
1623 2961 1753 2986 moeror
1766 2957 1829 2997 est,
1851 2958 1885 2987 et
1905 2949 2107 2988 indesinens

1144 3010 1248 3049 dolor
1276 3009 1374 3048 cordi
1402 3007 1601 3058 meotquia
1630 3022 1698 3046 non
1734 3023 1854 3055 rerum
1879 3011 2099 3063 experientia

1144 3071 1239 3109 docti
1274 3085 1425 3117 snmus,
1446 3083 1559 3120 neque
1593 3069 1659 3106 Dei
1692 3071 1958 3122 promissiones,
1994 3086 2104 3123 neque

1143 3146 1330 3170 munerum
1347 3129 1567 3182 magnitudo,
1595 3131 1693 3181 regni
1720 3130 1939 3170 desiderium
1964 3142 2103 3171 etamo-

1145 3207 1218 3232 rem
1242 3192 1345 3231 nobis
1369 3192 1595 3243 ingenerant:
1611 3205 1736 3230 verum
1761 3192 1879 3231 adhuc
1912 3193 2013 3232 humi
2048 3208 2105 3231 rc-

1136 3327 1148 3341 ‘2
1168 3327 1291 3362 Πρῶτον
1308 3314 1399 3348 deest
1417 3311 1449 3347 in
1468 3313 1569 3348 Savil.
1588 3322 1621 3347 et
1638 3315 1670 3348 in
1687 3323 1810 3358 septem
1838 3317 1912 3348 Mss.

2129 876 2241 903 Jhssffl.
2261 875 2291 904 5.
