2516 3791
650 204 654 206 -
705 184 744 213 ts
785 184 885 214 CAP-
926 185 1034 215 xxti.

127 266 346 319 διαδέχεσθαι
366 268 470 304 αὐτοῦ
492 266 549 304 τὀν
569 268 696 319 κλῆρον
711 296 720 314 ,
740 266 830 306 οὕτω
851 268 940 319 μετὰ
959 268 1074 311 ἀδείας
1095 283 1155 306 κα-

127 327 302 374 θειστήκει
324 327 493 378 μεγίστην
516 328 670 366 ἐντεῦθεν
699 329 925 380 παραμυθίαν
947 329 1152 381 καρπούμε-

125 404 190 432 νος.
210 388 302 426 Ἀλλ’
317 388 336 422 ὁ
355 387 399 425 τὰ
430 387 613 441 ἀπόρρητα
640 391 702 435 τ’ἧς
726 390 878 433 διανοίας
905 389 1153 441 ἐπιστάμενος,

127 449 333 500 βουλόμενος
359 452 445 500 ἡμῖν
466 450 662 502 ἐκκαλύψαι
682 455 743 488 τοῦ
762 451 896 490 δικαίου
919 451 982 498 τὴν
1001 450 1150 502 ἀρετὴν,

124 510 182 548 καὶ
201 510 258 549 τὸν
275 509 384 548 πολὺν
400 511 518 559 πόθον,
536 511 574 550 ὃν
590 513 671 564 περὶ
690 512 793 550 αὐτὸν
813 512 1044 558 ἐπεδείκνυτο,
1062 509 1153 560 μετὰ

123 575 185 615 τὰς
205 571 377 615 τοσαύτας
402 572 623 625 ὑποσχέσεις,
642 573 700 611 καὶ
717 573 849 620 ταύτην
869 573 932 620 τὴν
953 572 1152 623 πρόσφατον

122 632 358 684 γεγενημένην
372 664 381 681 ,
401 633 460 671 καὶ
484 628 525 680 ἧς
548 635 613 682 τὴν
643 634 784 685 μνήμην
802 634 944 672 ἔναυλον
961 627 1054 685 εἶχεν
1067 663 1076 680 ,
1095 632 1152 670 ὅτε

121 694 242 733 λοιπὸν
268 697 304 732 ἐν
329 694 451 747 ἡλικίᾳ
473 694 613 746 γέγονεν
641 698 659 733 6
680 695 824 743 Ἰσαὰκ,
844 694 902 733 καὶ
930 696 965 732 ἐν
988 695 1082 746 αὐτῷ
1103 694 1152 744 τῷ

123 756 218 794 ἄνθει
236 758 299 802 τῆς
319 755 458 803 ἡλικίας
477 755 730 809 ἐτύγχανε,καὶ
749 756 807 794 τὸν
821 757 928 794 πόθον
947 759 1006 793 τοῦ
1023 753 1154 806 πατρὸς

121 817 179 855 τὸν
198 818 278 870 περὶ
310 818 412 856 αὐτὸν
432 812 475 864 ἦν
506 819 589 856 ἰδεῖν
611 816 859 868 αὐξανόμενον,
879 817 958 855 τότε
989 816 1079 867 μετὰ
1110 815 1154 853 τὰ

122 877 265 929 ῥήματα
283 882 395 916 ταῦτα
412 880 475 924 τῆς
497 878 726 929 ἐπαγγελίας,
754 877 814 916 καὶ
843 878 934 929 μετὰ
961 877 1001 916 τὸ
1031 879 1153 922 εἰπεῖν,

119 937 173 977 ὅτι
195 938 257 977 Ἐν
276 940 370 992 αὐτῷ
385 938 601 986 κληθήσεταί
617 954 672 978 σοι
687 939 829 992 σπέρμα
840 969 849 986 ,
863 941 922 978 καὶ
937 938 1040 982 αὐτὸς
1055 938 1154 976 ἔσται

121 1015 181 1038 σου
203 999 381 1052 διάδοχος·
403 999 507 1039 Μετὰ
533 999 578 1038 τὰ
607 1000 750 1053 ῥήματα
769 1004 881 1039 ταῦτα
906 999 1030 1043 ὁΘεὸς
1053 999 1150 1038 ἐπεί-

122 1063 200 1113 ραζε
233 1061 291 1100 τὸν
319 1061 491 1114 Ἀὸραάμ.
516 1061 564 1100 Τί
598 1063 704 1110 ἐστιν,
728 1061 959 1114 Ἔπείραζεν;

123 1122 225 1166 αὐτὸς
245 1125 392 1175 ἀγνοῶν,
410 1122 502 1162 ἀλλὰ
531 1126 707 1176 προσῆγεν
736 1126 833 1176 αὐτῷ
852 1123 916 1171 τὴν
936 1130 1073 1176 πεῖραν,
1096 1123 1152 1161 ἵνα

121 1183 180 1223 καὶ
197 1185 228 1222 οἳ
245 1185 323 1223 τότε
341 1185 528 1237 παρόντες,
546 1184 604 1223 καὶ
625 1188 657 1224 οἱ
677 1185 710 1230 ἐξ
727 1185 859 1224 ἐκείνου
877 1185 984 1237 μέχρι
1003 1189 1063 1224 τοῦ
1081 1200 1148 1222 πα-

993 1063 1075 1114 Οὐχ
1106 1064 1153 1105 ὡς

123 1249 240 1296 ρόντος
264 1246 500 1284 παιδεύων-ται
519 1246 577 1284 τὸν
597 1246 700 1285 αὐτὸν
725 1247 831 1285 πόθον
860 1249 910 1298 τῷ
930 1245 1152 1298 πατριάρχῃ,

129 1307 188 1345 καὶ
207 1307 271 1355 τὴν
291 1307 450 1354 ὑπακοὴν
464 1307 722 1347 ἐπιδείκνυσθαι
738 1308 819 1360 περὶ
835 1307 879 1345 τὰ
895 1310 954 1345 τοῦ
972 1307 1152 1346 Δεσπότου

119 1369 390 1421 προστάγματα.
406 1368 474 1407 Καὶ
486 1362 581 1416 εἶπε,
599 1368 706 1422 φησὶ,
724 1368 810 1421 πρὸς
830 1368 932 1407 αὐτόν
945 1384 952 1391 ·
976 1367 1152 1420 Ἀδραὰμ,

120 1430 295 1483 Repende.
318 1429 363 1469 ‘O
392 1429 427 1468 δὲ
447 1423 560 1469 εἶπεν·
578 1430 649 1470 ἰδοὺ
669 1430 751 1482 ἐγώ.
782 1429 831 1469 Τί
863 1429 1026 1482 βούλεται
1052 1431 1070 1467 6
1093 1434 1152 1467 τοῦ

120 1492 288 1543 ὀνόματος
303 1492 560 1544 διπλασιασμός
574 1510 582 1540 ;
600 1495 677 1539 Τῆς
696 1493 828 1539 πολλῆς
848 1491 982 1535 εὐνοίας
996 1495 1057 1538 τῆς
1073 1491 1153 1544 περὶ

119 1554 178 1593 τὸν
196 1553 421 1607 πατριάρχην
449 1555 592 1605 σημεῖόν
619 1557 714 1603 ἐστι,
735 1555 795 1593 καὶ
815 1553 946 1592 ἐδείκνυ
967 1555 1062 1606 αὐτῷ
1093 1554 1152 1592 καὶ

121 1616 178 1654 διὰ
203 1618 266 1662 τῆς
285 1616 461 1663 κλήσεως,
479 1617 531 1655 ὅτι
553 1617 673 1668 μέλλει
691 1633 725 1654 τι
743 1618 813 1654 τῶν
838 1615 1035 1667 ἀναγκαίων
1057 1618 1150 1668 αὐτῷ

121 1677 332 1717 ἐπιτάττειν.
367 1679 655 1731 Παρασκευάζων
699 1677 814 1716 τοίνυν
846 1676 948 1716 αὐτὸν
978 1682 1150 1716 συντεῖναι

123 1739 245 1778 ἑαυτὸν
272 1740 330 1778 καὶ
355 1740 444 1791 μετὰ
465 1742 618 1787 σπουδῆς
636 1739 823 1793 προσέχειν
843 1745 914 1782 τοῖς
933 1740 1016 1791 παρ’
1047 1741 1151 1776 αὐτοῦ

122 1800 345 1875 λεγόμενοι-ς,
364 1804 414 1839 τῶ
433 1803 683 1853 διπλασιασμι)
703 1805 766 1848 τῆς
782 1800 971 1846 vetica-’sq
956 1817 971 1838 ε
974 1815 1150 1852 χρησατο

121 1862 181 1901 καί
200 1878 325 1916 φησιν·
344 1863 536 1916 Ἀὸρααμ,’
532 1864 698 1916 Αὸραάμ.
715 1863 794 1902 ‘O
776 1862 812 1902 οε
831 1866 947 1901 εἶπεν·
961 1862 1032 1900 ἷδου
1065 1862 1148 1912 ἐγώ

122 1924 192 1962 Και
210 1928 304 1963 εἶπε·
324 1925 412 1963 λοίὸε
440 1926 499 1964 τὸν
525 1924 596 1963 υἱόν
620 1941 681 1964 σου
709 1926 765 1963 τὸν
789 1924 984 1976 ἀγαπητὸν,
1003 1923 1038 1961 ὃν
1059 1923 1152 1975 ἠγά-

121 2001 238 2032 πησας
253 2016 262 2031 ,
284 1986 342 2024 τὸν
373 1985 519 2032 Ἰσαακ,
539 2002 600 2024 και
628 1986 818 2038 πορεύθητι
840 1987 886 2028 εἷς
912 1984 975 2031 τὴν
999 1987 1064 2036 γῆν
1089 2001 1152 2032 την

122 2047 280 2121 ὑψηλὴν,
300 2047 361 2086 καὶ
385 2047 546 2099 ἀνένεγκε
571 2047 674 2086 αυτὸν
698 2049 745 2091 εἷς
773 2045 1051 2098 ὁλοκάρπιοσιν’
1036 2045 1091 2098 εφ’
1117 2045 1152 2083 ἓν

121 2112 190 2147 τῶν
217 2108 346 2161 ὀρέο)·,)
365 2112 413 2146 ὡν
437 2124 478 2146 αν
503 2124 556 2146 σοι
582 2108 680 2146 εἴπω.
702 2107 895 2160 Μέγαςὸ
875 2122 976 2157 ογκος
994 2109 1054 2144 τοῦ
1071 2108 1151 2144 ἐπι-

121 2170 318 2222 τάγματος,
333 2170 393 2208 καὶ
412 2170 621 2221 ὑπερὸαῖνον
641 2168 862 2221 ἀνθρωπίνην
880 2167 983 2220 φύσιν
998 2168 1038 2206 τὸ
1056 2174 1150 2219 πρᾶ-

121 2248 208 2283 γμα.
230 2231 330 2270 Ati&
348 2232 406 2270 τὸν
420 2230 492 2269 υἱόν
509 2246 570 2270 σου
589 2230 648 2269 τὸν
667 2230 848 2281 ἀγαπητὸν
861 2259 871 2276 ,
890 2229 927 2268 ὃν
941 2228 1150 2280 ἠγάπησας,

122 2292 180 2331 τὸν
197 2292 332 2332 Ἰσαάκ.
351 2292 448 2345 σΟρα
473 2295 548 2336 πῶς
578 2291 622 2330 δι’
643 2293 755 2330 αὐτῶν
781 2294 851 2330 τῶν
878 2290 1045 2344 ῥημάτων
1071 2306 1114 2341 με

121 2357 202 2399 ζονα
228 2354 291 2402 τὴν
317 2355 431 2406 πυρὰν
452 2353 618 2401 ἀνάπτει,
639 2353 698 2391 καὶ
719 2352 782 2400 τὴν
804 2353 951 2403 κάμινον
971 2356 1034 2400 τῆς
1054 2354 1151 2405 φιλο-

1120 2290 1152 2327 ί-

120 2415 282 2469 στοργίας
309 2420 369 2453 τοῦ
389 2415 522 2454 δικαίου
537 2446 548 2462 ,
569 2415 612 2462 ἣν
633 2414 712 2467 περὶ
730 2414 788 2452 τὸν
811 2413 934 2453 Ἰσαὰκ
963 2413 1150 2462 ἐκέκτητο,

120 2476 350 2528 σφοδρότερον
378 2476 554 2528 διεγείρει.
570 2475 668 2514 Aoi&
685 2476 743 2514 τὸν
763 2476 836 2513 υἱόν
856 2491 916 2513 σου
935 2475 990 2513 τὸν
1008 2476 1151 2526 ἀγαπη-

120 2536 200 2583 τὸν,
217 2536 253 2575 ὃν
281 2535 490 2588 ἠγάπησας,
511 2537 569 2575 τὸν
595 2536 730 2575 Ἰσαάκ.
749 2535 928 2575 Ἵῖκαστον
949 2536 1026 2573 καθ’
1048 2535 1152 2574 ἑαυτὸ

120 2597 236 2635 ἱκανὸν
269 2597 474 2636 καθικέσθαι
501 2600 564 2644 τῆς
588 2601 649 2636 τοῦ
676 2597 810 2636 δικαίου
844 2599 973 2650 ψυχῆς.
996 2598 1049 2636 Οὐ
1082 2595 1150 2648 γὰρ

119 2660 239 2703 ἁπλῶς
258 2653 355 2706 εἷπε,
376 2660 447 2698 Τὸν
468 2659 591 2698 Ἰσαὰκ
606 2689 616 2705 ,
638 2659 729 2697 ἀλλὰ
748 2659 964 2712 προσέθηκε,
986 2657 1057 2696 Τὸν
1076 2657 1150 2696 υἱόν

68 2738 73 2744 ·
120 2735 197 2768 σου,
218 2719 255 2758 ὃν
269 2720 367 2772 παρὰ
386 2727 503 2759 πᾶσαν
522 2720 733 2773 προσδοκίαν
754 2721 905 2768 ἐκτήσω,
925 2720 986 2758 καὶ
1001 2721 1035 2758 ἓν
1056 2721 1150 2772 αὐτῷ

120 2783 170 2834 τῷ
193 2780 287 2833 γήρᾳ
315 2787 413 2834 σχεῖν
433 2781 627 2829 ἠδυνήθης,
643 2782 714 2820 Τὸν
734 2782 937 2833 ἀγαπητὸν,
960 2781 1020 2820 τὸν
1047 2796 1147 2833 περι-

119 2842 272 2889 πόθητόν
291 2858 352 2880 σου
364 2874 373 2890 ,
388 2842 424 2881 ὃν
440 2846 515 2894 μεθ’
537 2843 734 2894 ὖπερὸολῆς
752 2847 891 2896 ἀγαπᾷς
903 2873 912 2890 ,
932 2843 990 2883 τὸν
1008 2842 1147 2891 Ἰσαὰκ,

118 2904 155 2943 ὃν
173 2905 333 2958 διάδοχον
354 2905 440 2949 ἕξειν
458 2905 669 2958 προσδοκᾷς,
689 2906 722 2951 ἐξ
741 2901 780 2944 οὗ
798 2907 858 2944 καὶ
874 2906 913 2945 τὸ
930 2904 1071 2957 σπέρμα
1088 2920 1148 2944 σου

120 2966 282 3012 αὔξεσθαι
306 2966 594 3018 ἐπηγγειλάμην,
621 2982 680 3004 και
705 2971 868 3006 τοσοῦτον
901 2967 1085 3012 αὔξεσθαι,
1104 2969 1151 3010 ὡς

119 3030 169 3080 τῷ
195 3028 325 3075 πλήθει
350 3045 382 3066 τι
375 3031 420 3067 ῧν
449 3028 608 3079 ἄστρων,
626 3028 686 3066 καὶ
710 3031 753 3081 τῇ
781 3028 890 3081 ἄμιιω
924 3032 966 3080 τῇ
988 3028 1085 3081 παρὰ
1111 3028 1150 3066 τὸ

118 3091 236 3141 γεῖλος
258 3093 322 3137 τῆς
345 3089 564 3136 θαλάσσης
550 3105 583 3128 ε
570 3088 768 3135 ζισωθηναι.
795 3091 928 3128 Ἰοῧτον
958 3094 1016 3127 οὖν
1046 3089 1148 3128 αυτὸν

121 3149 242 3198 Λάὸε,
263 3150 323 3188 καὶ
353 3150 542 3203 πορεύθητι
571 3152 621 3194 εἷς
652 3150 715 3197 τὴν
737 3152 804 3201 γῆν
823 3151 887 3196 τὴν
909 3149 1069 3202 υγηλην,
1091 3166 1150 3189 και

120 3209 281 3261 ἀνένεγκε
302 3211 406 3250 αὐτὸν
422 3213 496 3250 ἐκεῖ
510 3213 559 3255 εἷς
572 3211 808 3250 ὁλοκαύτωσιν
824 3213 877 3263 ἐφ’
895 3211 929 3249 ἓν
945 3215 1014 3250 τῶν
1029 3211 1148 3264 ὀρέων,

120 3265 173 3308 ὧν
195 3271 236 3308 ἄν
263 3287 318 3310 σοι
349 3272 447 3310 εἴπω.
470 3272 694 3324 Θαυμάσαι
688 3288 746 3310 μοι
771 3272 902 3319 ἔπεισι,
919 3289 993 3317 πως
1009 3288 1067 3311 και
1085 3273 1148 3320 τὴν

122 3331 229 3378 ἀκοὴν
260 3332 404 3383 ἤνεγκεν
428 3334 482 3372 ὁ
465 3334 607 3378 οίκαιος.
639 3335 772 3372 Τοῦτον
806 3333 872 3385 γὰρ
898 3335 1021 3380 αὐτον,
1040 3335 1126 3386 φησὶ
1140 3365 1147 3379 ,

123 3407 178 3430 τον
205 3393 265 3431 οὔτ
267 3410 295 3432 (ι)
320 3410 371 3432 σοι
398 3410 438 3432 π;
446 3395 566 3445 ριποθι
555 3411 647 3443 τοι,
671 3395 746 3433 α)έ“-’
753 3395 831 3446 Ξῗκὲ
853 3411 908 3433 υοι

934 3411 977 3438 ς
1000 3410 1052 3432 )Ι
1049 3412 1147 3433 217¹)-

1074 183 1234 212 Gumis.

2095 171 2111 180 ι.

1275 181 1432 211 noun..
1474 181 1610 211 xrvu.
2092 186 2177 230 ’,γ-ι

1227 265 1334 317 hujus
1367 266 1534 305 virtutem
1567 264 1747 317 detegere,
1777 275 1809 303 et
1832 280 2001 317 magnum
2024 282 2176 306 amorem

1225 341 1329 378 quem
1351 341 1432 378 erga
1463 342 1500 366 sc
1525 327 1684 379 gerebat,
1707 336 1786 380 post
1806 336 1856 365 tot
1876 328 2127 380 promissiones
2147 340 2178 367 ct

1227 389 1473 441 huncquoque
1493 405 1571 442 quae
1590 403 1710 428 recens
1727 390 1815 428 sacta
1831 398 1923 438 erat,
1939 398 1973 428 et
1992 391 2094 442 cujus
2107 405 2180 428 mc-

1226 451 1376 488 moriam
1393 451 1512 489 adhuc
1532 452 1672 490 firmam
1692 452 1851 499 tenebat,
1870 466 1951 490 cum
1966 452 2042 504 jam
2061 451 2179 490 adole-

1227 521 1336 549 sceret
1356 513 1469 561 Isaac,
1487 522 1520 551 et
1541 513 1576 551 in
1596 513 1673 566 ipso
1692 513 1804 551 aetatis
1820 514 1905 552 ssorc
1918 523 2027 563 esset,
2048 528 2180 552 cresce-

1166 581 1347 623 Δ,Ἡνιίιιιιο
1378 573 1490 624 patris
1525 588 1607 625 erga
1640 574 1741 612 illum
1774 574 1935 620 dilectio,
1968 584 2047 628 post
2073 575 2180 614 verba

1178 635 1200 662 A
1228 633 1476 685 promissionis
1494 643 1526 672 et
1547 644 1734 686 postquam
1756 635 1850 674 dixit
1870 652 1877 673 ε
1899 639 1946 674 In
1965 637 2036 674 illo
2062 651 2180 674 voca-

1227 695 1331 732 bitur
1365 696 1434 732 tibi
1452 709 1603 743 semen,
1640 704 1673 732 et
1702 696 1765 733 ille
1785 697 1850 734 crit
1870 712 2049 735 successor
2069 707 2150 736 tuus
2171 714 2179 734 :

1225 757 1321 794 Post
1347 757 1471 794 verba
1493 757 1595 803 lzoec,
1625 758 1801 795 tentabat
1822 758 1930 796 Deus
1953 759 2177 797 Abraham.

1227 816 1326 865 Quid
1345 826 1414 865 est,
1440 819 1660 856 Tentabatt’
1679 818 1758 855 Non
1778 818 1875 869 quod
1895 819 1968 871 ipsc
1985 820 2180 870 ignoraret,

1225 878 1417 916 tentatione
1439 878 1543 916 illum
1566 879 1749 932 probavit,
1771 879 1832 918 sed
1851 889 1891 917 ut
1910 889 1941 917 et
1963 881 1986 918 ii
2011 882 2071 932 qui
2096 891 2179 919 tunc

1224 949 1338 989 erant,
1354 949 1386 978 ct
1402 941 1464 992 qui
1478 941 1524 978 ab
1541 955 1580 979 eo
1596 950 1754 994 tempore
1770 956 1882 993 usque
1895 941 1940 979 ad
1956 957 2109 994 praesens
2126 945 2179 981 su-

1225 1002 1296 1039 turi
1315 1011 1417 1051 sunt,
1438 1002 1530 1040 istuc
1548 1002 1668 1054 ipsum
1684 1002 1895 1055 patriarchae
1913 1002 2129 1041 desiderium
2146 1014 2179 1042 ct

1224 1063 1462 1102 obedientiam
1480 1064 1515 1102 in
1538 1064 1726 1116 praeceptis
1743 1064 1931 1102 dominicis
1947 1079 2019 1117 prm
2041 1080 2076 1103 se
2091 1067 2181 1104 serre

1224 1125 1375 1164 discant.
1398 1128 1451 1165 Et
1472 1128 1583 1176 dixit,
1603 1126 1732 1177 inquit,
1753 1127 1808 1164 ad
1824 1141 1909 1164 eum
1925 1142 1935 1162 .·
1954 1127 2177 1174 Abraham,

1224 1187 1450 1226 Abraham.
1471 1189 1531 1227 At
1547 1190 1617 1227 ille
1636 1190 1735 1226 dizit
1754 1204 1765 1224 .·
1782 1189 1885 1226 Ecce
1897 1202 1976 1240 ego.
1993 1188 2091 1236 Quid
2112 1188 2180 1226 sibi

1227 1249 1303 1287 vult
1315 1249 1416 1287 verbi
1430 1249 1651 1302 duplicatio?
1671 1251 1812 1301 Magnae
1827 1249 2080 1287 benevolentia:
2098 1263 2180 1301 erga

1179 1313 1200 1343 3
1225 1311 1466 1362 patriarcham
1486 1320 1736 1363 argumentum
1756 1320 1824 1360 est,
1847 1319 1880 1348 et
1910 1311 2129 1349 monstrabat
2150 1312 2181 1349 ei

1226 1375 1410 1410 vocatione
1424 1373 1519 1425 ipsa,
1535 1387 1571 1411 se
1585 1387 1756 1424 magnum
1767 1372 1904 1424 aliquid
1918 1382 2179 1425 praecepturum

1225 1447 1308 1472 esse.
1324 1435 1374 1472 Ut
1392 1433 1502 1485 igitur
1515 1433 1620 1472 illum
1640 1433 1863 1472 attentiorem
1878 1432 2056 1483 redderet,
2077 1448 2182 1472 voca-

1225 1495 1357 1533 tionem
1372 1495 1595 1546 geminabat,
1612 1504 1646 1533 et
1660 1494 1757 1532 dixit
1773 1494 2004 1532 :Abraham
2016 1525 2027 1541 ‚
2047 1495 2180 1534 Abra-

1226 1557 1332 1595 ham.
1345 1557 1422 1594 Ille
1433 1565 1562 1595 autem
1574 1558 1671 1594 dixit
1686 1572 1696 1592 :
1710 1557 1812 1594 Ecce
1823 1557 1922 1608 Ego.
1938 1558 1975 1593 9.
1990 1557 2043 1594 Et
2055 1557 2154 1594 dizit
2170 1573 2179 1592 .-

1225 1617 1268 1656 A
1270 1620 1375 1670 ccipe
1378 1618 1514 1670 filium
1531 1626 1637 1655 ιιιιιιη
1652 1617 1848 1664 dilectum,
1865 1631 1975 1669 quem
1992 1618 2178 1664 dilezisti,

1225 1681 1363 1725 Isaac,
1385 1688 1421 1716 et
1444 1680 1550 1717 vade
1569 1681 1610 1716 in
1627 1687 1770 1716 terram
1787 1679 2002 1726 excelsam,
2022 1687 2058 1716 et
2078 1680 2183 1732 osser·

1227 1754 1314 1778 eum
1343 1742 1384 1777 in
1404 1740 1673 1777 holocaustum
1692 1752 1806 1790 super
1827 1751 1944 1775 unum
1967 1741 2175 1783 montium,

1226 1815 1339 1854 quem
1361 1803 1432 1838 tibi
1457 1802 1603 1838 dicero.
1624 1801 1800 1851 Magnum
1824 1798 1990 1851 praecepti
2019 1798 2180 1851 pondus,

1225 1872 1258 1902 et
1278 1877 1332 1901 res
1352 1864 1545 1901 humanam
1567 1861 1816 1900 transcendens
1835 1870 2010 1899 naturam,
2033 1861 2182 1913 Accipe

1222 1925 1352 1977 silium
1370 1933 1476 1963 tuum
1492 1925 1688 1970 dilectum,
1709 1938 1821 1976 quem
1836 1923 2026 1970 dilexisti,
2047 1925 2176 1961 Isaac.

1176 1990 1200 2023 C
1228 1985 1322 2025 Vide
1339 1985 1518 2036 quomodo
1543 1999 1605 2037 per
1625 1984 1733 2023 verba
1766 1984 1831 2021 ista
1858 1984 2028 2036 majorem
2052 1998 2180 2035 rogum

1225 2046 1422 2098 succendit,
1437 2056 1470 2085 et
1479 2047 1656 2092 fornacem
1671 2045 2019 2097 amoris,quojustus
2034 2046 2069 2083 in
2083 2047 2182 2083 Isaac

1225 2108 1373 2146 affectus
1401 2117 1492 2156 erat,
1525 2106 1766 2146 vehementius
1790 2105 1933 2144 excitat.
1962 2106 2109 2158 Accipe
2124 2108 2181 2160 fi-

1226 2168 1321 2207 lium
1341 2179 1449 2207 tuum
1474 2169 1677 2214 dilectum,
1701 2182 1813 2220 quem
1832 2164 2018 2215 dilexisti,
2042 2170 2171 2207 Isaac.

1227 2229 1517 2282 Unumquodque
1535 2230 1686 2268 verbum
1707 2244 1769 2282 per
1790 2243 1826 2267 se
1845 2229 2021 2268 sufficeret
2036 2229 2082 2268 ad
2101 2245 2181 2268 sau-

1225 2291 1390 2330 ciandam
1424 2291 1580 2330 animam
1611 2291 1711 2343 justi.
1740 2292 1818 2328 Non
1847 2290 1940 2328 enim
1972 2291 2183 2344 simpliciter

1224 2353 1332 2404 dicit,
1349 2355 1485 2401 Isaac,
1504 2353 1566 2391 sed
1585 2352 1746 2401 addidit,
1760 2353 1907 2390 Filium
1924 2362 2050 2402 ectum,
2074 2368 2180 2405 quem

1224 2424 1350 2467 praeter
1370 2428 1511 2452 omnem
1545 2413 1843 2466 exspectationem
1862 2413 2062 2466 suscepisti,
2083 2424 2115 2452 ct
2144 2415 2179 2452 in

1223 2475 1299 2528 ipsa
1323 2485 1501 2515 senectute
1519 2476 1649 2513 habere
1668 2475 1834 2528 potuisti,
1851 2476 2064 2521 Dilectum,
2080 2475 2178 2513 desi-

1223 2536 1420 2575 derabilem
1438 2544 1564 2580 tuum,
1595 2550 1701 2587 quem
1730 2545 1803 2573 tam
1825 2535 2015 2573 immodice
2034 2536 2157 2588 diligis
2170 2567 2179 2581 ,

1224 2598 1404 2646 Isaamlm,
1426 2611 1533 2648 quem
1559 2610 1805 2635 successurum
1830 2595 1893 2633 tibi
1914 2605 2114 2648 exspectas,
2135 2611 2179 2635 cx

1224 2672 1295 2710 quo
1323 2667 1356 2696 et
1389 2672 1505 2696 semen
1531 2666 1634 2695 tuum
1668 2655 1983 2709 multiplicandum
2011 2657 2179 2709 promisi,

1224 2719 1307 2757 etin
1322 2728 1460 2757 tantum
1477 2716 1791 2770 multiplicandum
1803 2747 1812 2762 ,
1829 2726 1869 2755 ut
1889 2717 2070 2756 stellarum
2086 2719 2180 2756 mul-

1225 2779 1371 2819 titudini
1390 2789 1423 2818 et
1441 2793 1556 2817 arenae
1571 2792 1649 2830 quae
1664 2779 1769 2830 juxta
1787 2778 1872 2816 litus
1889 2780 1997 2816 maris
2015 2787 2067 2816 est
2085 2778 2181 2816 adce-

1225 2841 1479 2893 quemi-dnum
1492 2841 1608 2893 ipsum
1629 2840 1794 2891 Accipe,
1810 2848 1845 2877 et
1857 2840 1962 2877 vade
1977 2843 2018 2877 in
2037 2849 2178 2893 ter-’ram

1226 2904 1444 2949 excelsam,
1468 2911 1502 2940 et
1537 2903 1642 2955 osser·
1661 2915 1746 2939 eum
1771 2903 1826 2938 ibi
1850 2903 1891 2938 in
1911 2902 2180 2940 holocaustum

1225 2979 1339 3018 super
1358 2978 1476 3002 unum
1499 2965 1685 3001 montium
1697 2992 1709 3009 ,
1733 2976 1845 3015 quem
1863 2964 1933 3000 tibi
1952 2963 2091 3001 dicam.
2109 2962 2181 3000 Ad-

1226 3026 1347 3064 mirari
1369 3025 1464 3063 subit
1488 3022 1667 3074 quomodo
1682 3022 1758 3061 haec
1771 3023 1891 3075 justus
1915 3023 2064 3061 auribus
2090 3024 2180 3062 ferre

1225 3088 1391 3141 potuerit.
1406 3087 1513 3124 Illum
1530 3085 1624 3123 enim
1640 3085 1776 3137 ipsum,
1799 3085 1934 3136 inquit,
1956 3095 2026 3123 tam
2044 3084 2181 3123 deside-

1225 3149 1375 3187 rabilem
1395 3147 1481 3193 tibi‚
1504 3147 1591 3184 osser
1620 3146 1710 3184 mihi
1733 3146 1768 3184 in
1793 3146 2043 3184 holocaustum
2073 3160 2181 3198 supcr

1226 3225 1335 3248 unum
1353 3209 1539 3247 montium.
1557 3207 1655 3254 Quid
1676 3207 1786 3259 igitur
1800 3208 1945 3259 justus?
1962 3209 2039 3245 Non
2058 3208 2178 3244 turba-

1225 3281 1281 3309 tus
1305 3280 1353 3309 cst
1370 3270 1491 3307 animo
1504 3299 1513 3315 ,
1531 3283 1599 3307 non
1617 3269 1783 3307 confusus
1795 3279 1844 3306 est
1860 3278 1994 3318 mente,
2013 3283 2080 3306 non
2098 3282 2180 3305 con-

1225 3332 1304 3371 silio
1318 3331 1508 3370 dcstitutus
1520 3339 1570 3369 est
1584 3330 1627 3369 ad
1641 3340 1710 3368 tam
1725 3330 1936 3383 stupendum
1953 3338 2179 3382 prirccptum.

1226 3408 1292 3432 non
1316 3393 1515 3443 cogitabat,
1539 3407 1606 3430 non
1629 3392 1905 3431 ratiocinabatur
1921 3406 2038 3429 secum
2056 3408 2062 3427 τ
2082 3390 2181 3437 Quid

1176 2790 1198 2819 1)
