2516 3791
691 262 732 291 ΙΝ
771 263 871 291 (ΛΡ.

115 360 178 384 πον
203 344 384 396 γεγονότα,
412 344 488 382 τότε
512 346 629 382 λοιπὸν
664 343 724 389 τὴν
758 344 887 381 οἰκείαν
906 344 1130 381 ἀνακαλεῖται

115 406 323 459 φιλοτιμίαν,
341 404 472 447 δεικνὺς
490 406 584 456 αὐτῷ
604 405 660 442 διὰ
679 408 746 442 τῶν
767 404 982 456 πραγμάτων
1003 405 1129 449 αὐτῶν,

112 472 157 511 ὡς
177 469 215 505 οὐ
244 471 404 505 τοσοῦτον
432 467 558 503 ἐκεῖνον
580 465 759 512 ἠδίκησεν,
793 466 872 505 ὅσον
899 464 1032 503 ἑαυτόν.
1063 464 1131 501 Καὶ
1151 467 1174 497 C

111 527 268 578 καθάπερ
288 527 415 568 ἐκεῖνος
442 527 488 569 εἷς
518 526 675 578 φυλακὴν
702 526 840 572 ἔῧαλεν,
862 525 926 568 ἕως
944 518 982 563 οὗ
1009 523 1129 574 ἀποδῷ

110 588 150 626 τὸ
169 587 403 639 ὀφειλόμενον,
419 586 509 624 οὕτω
528 587 587 624 καὶ
605 587 706 630 αὐτὸς
721 592 791 630 τοῖς
812 589 1037 637 βασανισταῖς
1060 598 1127 620 πα-

112 648 319 699 ραδέδωκεν,
355 648 419 690 ἕως
451 642 489 685 οὗ
526 648 665 686 ἅπασαν
701 650 835 698 καταθῇ
873 646 936 693 τὴν
972 645 1125 696 ὀφειλήν.

109 713 232 750 Ταῦτα
249 710 283 748 δὲ
301 711 338 749 οὗ
358 710 436 762 περὶ
452 710 632 748 ταλάντων
647 709 705 748 καὶ
721 709 800 760 περὶ
819 706 991 760 δηναρίων
1007 707 1126 749 ἁπλῶς

110 771 259 823 εἴρηκεν,
279 770 367 808 ἀλλὰ
387 771 465 822 περὶ
494 769 668 821 ἁμαρτίας
698 772 716 806 6
745 768 845 819 λόγος
878 766 937 805 καὶ
962 766 1126 817 μεγέθους

110 830 438 882 πλημμελημάτων,
462 830 518 867 ἵνα
539 829 704 879 μάθωμεν
718 828 770 866 ὅτι
788 831 889 878 ἡμεῖς
909 827 971 876 μὲν
993 826 1124 878 μυρίων

110 890 424 942 πλημμελημάτων
452 890 550 933 δίκας
579 889 770 940 ὀφείλοντες
788 891 838 940 τῷ
864 887 1046 939 Δεσπότῃ,
1068 887 1124 925 διὰ

109 951 170 998 τὴν
205 952 334 1003 ἄφατον
369 953 472 988 αὐτοῦ
506 949 766 1002 φιλανθρωπίαν
796 948 1019 1000 συγχώρησιν
1040 949 1124 1002 παρ’

109 1014 212 1051 αὐτοῦ
231 1012 414 1064 δεχόμεθα.
432 1010 518 1050 Ἐὰν
546 1010 581 1048 δὲ
613 1010 694 1062 περὶ
722 1009 800 1053 τοὺς
824 1009 1033 1060 ὁμοδούλους
1065 1009 1125 1048 καὶ

106 1072 184 1116 τοὺς
203 1075 395 1123 ὁμογενεῖς,
417 1071 475 1110 καὶ
494 1071 572 1115 τοὺς
589 1072 652 1116 τ’ἧς
669 1073 774 1116 αὐτῆς
793 1075 877 1120 ἡμῖν
900 1069 1034 1121 φύσεως
1052 1085 1124 1108 κοι-

107 1138 296 1177 νωνοῦντας
309 1133 398 1183 ὠμοὶ
419 1133 477 1171 καὶ
493 1132 718 1185 ἀπάνθρωποι
729 1131 907 1183 γενώμεθα
919 1162 928 1178 ,
946 1132 1003 1169 καὶ
1019 1130 1062 1169 τὰ
1078 1133 1124 1174 εἰς

108 1200 201 1245 ἡμᾶς
220 1193 520 1245 πλημμελούμενα
538 1192 586 1243 μὴ
606 1192 837 1242 διαλύσωμεν,
857 1193 934 1230 ἀλλ’
950 1191 1045 1244 ὑπὲρ.
1055 1193 1123 1230 τῶν

110 1257 254 1294 εὐτελῶν
278 1254 406 1293 τούτων
426 1254 699 1307 πονηρευώμεθα
715 1252 817 1300 (ὅσον
835 1252 902 1304 γὰρ
923 1251 1044 1291 ἑκατὸν
1065 1253 1124 1299 δη-

110 1316 211 1368 νάρια
238 1316 322 1369 πρὸς
354 1315 460 1367 μύρια
487 1315 639 1352 τάλαντα
654 1345 663 1361 ,
692 1317 852 1352 τοσοῦτον
871 1314 910 1351 τὸ
932 1314 1036 1364 μέσον
1056 1316 1124 1352 τῶν

109 1376 286 1428 ·.’··,μετε’ρων
311 1376 397 1427 πρὸς
425 1375 481 1413 τὸν
505 1375 686 1421 Δεσπότην
713 1373 1044 1425 πλημμελημάτων,
1066 1374 1125 1412 καὶ

110 1440 178 1474 τῶν
204 1438 251 1480 εἰς
283 1440 375 1487 ἡμᾶς
400 1436 589 1487 γινομένων
608 1434 706 1487 παρὰ
730 1438 799 1472 τῶν
817 1437 1030 1486 ὁμογενῶν),
1048 1435 1126 1474 τότε

110 1498 166 1535 καὶ
192 1498 253 1544 τὴν
282 1498 516 1549 ἀγανάκτησιν
546 1497 813 1547 ἐπισπασάμεθα
834 1500 894 1535 τοῦ
928 1497 1126 1545 Δεσπότου,

109 1558 166 1596 καὶ
187 1553 235 1596 ὧν
260 1559 424 1611 πρότερον
448 1559 512 1605 τὴν
532 1558 754 1611 συγχ.ι«’1ρησιν
776 1558 981 1609 ἐδεξάμεθα,
998 1557 1126 1596 τούτων

108 1620 210 1656 πάλιν
239 1619 300 1666 τὴν
330 1620 508 1671 ὀφείλησιν
529 1619 617 1670 μετὰ
646 1619 806 1670 βασάνων
827 1621 1051 1658 ἀπαιτεῖσθαι
1071 1635 1128 1657 κε-

108 1681 288 1731 λευόμεθα.
310 1680 386 1719 Ἵνα
404 1681 472 1734 γὰρ
494 1681 660 1730 μάθωμεν
685 1680 838 1732 ἀκριὸῶς
856 1679 910 1718 ὅτι
931 1680 1016 1733 πρὸς
1035 1679 1128 1731 ὠφέ-

108 1744 203 1780 λειαν
223 1745 290 1780 τῶν
309 1745 431 1794 ψυχῶν
449 1745 517 1779 τῶν
544 1741 724 1793 ἡμετέρων
741 1741 805 1787 τὴν
824 1740 1027 1794 παραὸολὴν
1047 1740 1128 1779 ταύ-

110 1818 171 1848 την
200 1802 403 1854 παρήγαγεν
424 1806 442 1840 6
460 1803 641 1848 Δεσπότης
653 1833 662 1849 ,
689 1802 790 1839 ἄκουε
809 1806 869 1840 τοῦ
886 1801 1103 1852 ἐπαγομένου
1121 1817 1127 1824 ·

109 1862 214 1900 Οὔτιι)
242 1864 300 1900 καὶ
330 1867 347 1901 6
377 1862 503 1915 Πατὴρ
533 1865 628 1912 ὑμῶν
648 1865 666 1900 ὃ
686 1862 843 1914 οὐράνιος
865 1862 1005 1909 ποιήσει
1034 1865 1129 1911 ὑμῖν,

112 1923 227 1974 φησὶν,
251 1923 308 1962 ἐὰν
330 1923 378 1973 μὴ
399 1926 506 1975 ἀφῆτε
526 1923 670 1966 ἕκαστος
699 1925 748 1974 τῷ
769 1924 908 1974 ἀδελφῷ
937 1923 1040 1960 αὐτοῦ
1060 1923 1131 1960 ἀπὸ

109 1987 175 2021 τῶν
196 1985 345 2036 καρδιῶν
367 1986 463 2033 ὑμῶν
493 1984 536 2022 τὰ
568 1982 841 2035 παραπτώματα
872 1985 998 2021 αὐτῶν.
1025 1983 1129 2034 Μέγα

108 2047 168 2090 τῆς
188 2045 389 2096 παραδολῆς
408 2046 446 2083 τὸ
466 2045 603 2096 κέρδος,
634 2043 736 2094 μόνον
757 2044 816 2082 ἐὰν
837 2043 1022 2096 προσέχειν
1048 2046 1128 2095 βου-

107 2105 259 2156 λώμεθα.
285 2106 333 2144 Τί
361 2106 428 2159 γὰρ
461 2109 624 2144 τοσοῦτον
655 2107 794 2157 ἀφεῖναι
826 2105 1021 2155 δυνάμεθα,
1049 2104 1128 2143 ὅσον

109 2167 246 2218 ἀφίεται
259 2170 344 2217 ἡμῖν
363 2166 460 2218 παρὰ
476 2171 536 2205 τοῦ
555 2166 752 2212 Δεσπότου;
773 2165 842 2203 Καὶ
861 2168 963 2215 ἡμεῖς
976 2165 1053 2215 μὲν,
1068 2165 1128 2203 ἐὰν

108 2232 206 2265 τοῦτο
241 2228 479 2278 βουληθῶμεν,
513 2226 713 2277 ὁμοδούλοις
751 2225 896 2277 ἀφίεμεν
910 2240 918 2248 ·
958 2224 1055 2263 αὐτοὶ
1092 2224 1127 2264 δὲ

108 2287 202 2340 παρὰ
229 2293 287 2326 τοῦ
306 2287 483 2326 Δεσπότου
502 2287 564 2334 τὴν
587 2286 811 2338 συγχώρησιν
840 2285 1025 2337 δεχόμεθα.
1057 2286 1127 2324 Καὶ

107 2347 170 2398 ὅρα
190 2348 248 2386 καὶ
267 2347 329 2394 τὴν
351 2347 529 2399 ἀκρίὸειαν
549 2349 616 2385 τῶν
637 2346 844 2399 εἷρημένων.
865 2348 919 2385 Οὐ
938 2345 1006 2398 γὰρ
1031 2340 1126 2384 εἶπεν

106 2410 242 2455 ἁπλῶς,
256 2408 312 2446 ἐὰν
330 2408 379 2459 μὴ
392 2410 503 2461 ἀφῆτε
514 2415 584 2452 τοῖς
604 2407 796 2459 ἀνθρώποις
808 2407 851 2445 τὰ
866 2407 1101 2459 ἡμαρτημένα
1113 2438 1124 2456 ,

107 2468 196 2505 oin&
223 2468 280 2515 τί;
297 2468 383 2507 Ἐὰν
406 2469 454 2518 μὴ
481 2472 590 2521 ἀφῆτε
619 2469 762 2511 ἕκαστος
782 2471 832 2520 τῷ
859 2469 997 2520 ἀδελφῷ
1017 2469 1122 2507 αὐτοῦ

913 261 974 292 lx.
1015 260 1173 291 CRM-ts.

2060 253 2082 266 Π

1215 263 1368 294 mutu„
1409 264 1549 294 xxvii.
2061 267 2107 297 31
2131 271 2140 296 Ι

1203 344 1243 381 111
1261 359 1361 382 :cum
1381 355 1499 384 autem
1518 345 1552 383 111
1573 358 1782 383 conservum
1807 344 1899 383 111101
1919 346 2094 385 crudelem
2115 359 2146 384 01

1203 404 1451 454 inhumanum,
1475 419 1575 444 suam
1596 414 1733 444 revocat
1759 404 2021 454 liberalitatem,
2044 421 2144 445 1111111-

1201 474 1316 503 strans
1345 466 1395 504 illi
1414 481 1458 505 cx
1480 481 1516 504 10
1534 466 1606 519 ipsa
1626 481 1696 517 quo
1717 475 1819 519 pacto
1848 481 1916 505 nou
1936 476 2008 506 tam
2033 467 2147 514 illum,

1199 540 1306 576 quam
1327 542 1362 565 sc
1384 527 1499 579 ipsum
1519 526 1734 566 offendisset.
1756 527 1802 565 Et
1819 528 1911 565 sieut
1932 528 1990 565 illc
2005 542 2145 566 conser-

1201 599 1287 624 vum
1308 587 1342 624 in
1365 602 1538 625 carcerem
1564 588 1727 640 conjecit,
1747 588 1859 626 donce
1883 588 2044 626 debitum
2066 589 2144 627 rcd-

1199 646 1297 684 110101
1312 663 1320 683 :
1334 647 1381 685 ita
1397 657 1430 685 01
1447 648 1526 703 ipsc·
1538 649 1731 686 tortoribus
1746 648 1912 698 traditur,
1928 649 2040 688 donec
2053 650 2147 701 quod

1197 705 1348 745 debebat
1367 717 1579 745 numeraret.
1605 709 1685 746 11100
1713 718 1830 747 autem
1851 723 1918 747 non
1939 709 1985 748 dc
2009 710 2148 748 talentis

1198 774 1230 804 01
1246 765 1402 805 denariis
1434 767 1643 819 simpliciter
1653 767 1762 817 dixit,
1780 769 1840 807 sed
1853 770 1898 807 110
1912 771 2147 822 1)001·.·111501·.’11

1197 840 1312 865 5011110
1334 836 1367 866 et
1388 827 1602 866 delictorum
1621 829 1880 879 magnitudine,
1898 839 1936 868 ut
1956 830 2147 879 dim-amus,

1199 901 1261 925 nos
1280 887 1424 938 quidem
1444 888 1664 925 infinitorum
1687 897 1909 940 peccatorum
1932 904 2051 941 poenas
2073 894 2146 928 Du-

1199 948 1295 986 mino
1308 948 1488 998 debentes,
1504 958 1650 1001 propter
1663 949 1878 987 ineffabilem
1895 950 1993 988 illius
2013 952 2147 989 miseri-

1198 1009 1372 1060 cordiam,
1390 1011 1629 1048 remissionem
1652 1010 1698 1047 ab
1719 1010 1795 1062 ipso
1818 1011 1988 1063 accipere.
2005 1012 2043 1050 Si
2068 1028 2150 1051 vero

1199 1085 1280 1123 erga
1300 1085 1487 1110 conservos
1506 1080 1538 1109 et
1555 1071 1753 1124 proximos,
1774 1080 1807 1109 01
1826 1086 1898 1122 cos,
1916 1073 1975 1123 qui
1991 1072 2149 1111 eamdem

1200 1147 1306 1183 quam
1336 1147 1398 1170 nos
1424 1141 1587 1170 naturam
1605 1131 1720 1170 sortiti
1742 1141 1836 1181 sunt,
1856 1133 2015 1171 crudeles
2039 1143 2072 1170 et
2098 1135 2150 1171 iu-

1201 1193 1347 1231 humani
1367 1193 1554 1243 fuerimus,
1574 1202 1608 1231 et
1627 1207 1704 1243 qua¹
1726 1193 1760 1230 in
1785 1207 1846 1231 nos
1865 1194 2050 1232 commissa
2070 1205 2152 1232 sunt

1199 1268 1267 1292 11011
1302 1254 1560 1304 dimiserimus,
1591 1253 1651 1293 scd
1690 1268 1756 1306 pro
1790 1269 1827 1292 10
1857 1255 1983 1293 frivola
2017 1256 2152 1293 molesti

1199 1315 1371 1354 fuerimus
1392 1318 1593 1367 (quantum
1629 1315 1723 1353 enim
1764 1315 1907 1353 interest
1943 1317 2035 1354 inter
2074 1332 2151 1355 een—

1200 1386 1277 1415 tum
1293 1376 1471 1428 denarios,
1493 1386 1526 1415 01
1544 1376 1664 1415 decem
1681 1376 1778 1414 milla
1800 1377 1944 1425 talenta,
1964 1387 2100 1416 tantum
2122 1389 2153 1416 et

1201 1438 1292 1476 inter
1306 1452 1344 1476 ea
1361 1452 1441 1489 quae
1453 1452 1517 1476 nos
1533 1438 1569 1475 in
1588 1438 1797 1487 Dominum,
1819 1447 1851 1475 01
1870 1452 1908 1475 ca
1930 1452 2008 1489 quae
2025 1453 2152 1490 conge-

1201 1512 1299 1537 neres
1319 1499 1353 1536 in
1372 1513 1434 1536 nos
1444 1498 1670 1550 deliquerunt
1683 1503 1708 1546 )‚
1722 1507 1807 1536 tunc
1821 1507 1853 1536 et
1868 1512 1931 1536 nos
1945 1498 1978 1536 in
1992 1499 2156 1549 indigna-

1200 1559 1332 1597 tionem
1358 1560 1505 1598 Domini
1523 1559 1734 1608 incidemus,
1753 1568 1785 1597 et
1806 1574 1844 1598 ea
1864 1561 2033 1612 quaejam
2057 1571 2156 1599 antea

1200 1620 1347 1659 dimissa
1364 1630 1479 1670 erant,
1495 1620 1632 1658 solvere
1652 1620 1780 1657 iterum
1801 1620 1835 1657 111
1854 1621 2038 1658 tormentis
2057 1636 2157 1671 coge-

1202 1694 1296 1717 mur.
1326 1681 1437 1717 Porro
1467 1688 1506 1717 ut
1533 1678 1724 1730 diligenter
1747 1678 1927 1716 (lismmus
1954 1672 2158 1731 parabolam

1202 1740 1293 1777 banc
1308 1739 1354 1777 ob
1367 1739 1568 1777 animarum
1588 1748 1788 1777 nostrarum
1805 1739 1953 1776 salutem
1969 1754 1987 1776 a
2003 1741 2158 1779 Domino

1202 1800 1393 1838 adductam
1407 1830 1418 1849 ,
1441 1799 1525 1837 audi
1553 1814 1631 1850 quae
1652 1799 1852 1837 inferuntur
1874 1815 1881 1835 ε
1901 1800 1963 1838 Sic
1982 1809 2016 1838 et
2038 1802 2159 1838 Pater
2174 1819 2285 1846 „mm
2313 1818 2345 1845 ,3

1203 1869 1332 1899 vester
1361 1861 1523 1899 caelestis
1539 1862 1670 1914 saciet
1700 1862 1822 1907 vobis,
1849 1860 1988 1911 inquit,
2017 1864 2050 1899 si
2080 1877 2158 1900 non
2172 1860 2221 1888 35.

1203 1924 1465 1973 unusquisque
1470 1922 1599 1974 fratri
1615 1935 1684 1959 suo
1703 1923 1926 1959 remiseritis
1943 1936 1963 1959 e
1978 1924 2156 1961 cordibus

1204 1985 1342 2020 vestris
1383 1983 1527 2020 delicta
1564 1982 1732 2019 illorum.
1764 1983 1938 2032 Magnum
1978 1983 2156 2035 parabola·

1200 2040 1358 2090 lucrum,
1376 2039 1483 2077 modo
1501 2039 1680 2078 attendere
1697 2039 1929 2078 voluerimus.
1946 2040 2046 2086 Quid
2061 2042 2157 2080 enim

1202 2110 1340 2138 tantum
1370 2100 1565 2152 poterimus
1593 2099 1784 2147 dimittere,
1805 2109 1979 2150 quantum
2009 2102 2111 2139 1101115
2136 2118 2155 2140 a

1202 2161 1356 2198 Domino
1374 2159 1593 2197 dimittitur?
1607 2161 1651 2198 lit
1671 2173 1734 2197 nos
1748 2158 1892 2210 quidem
1910 2160 1938 2197 si
1954 2160 2020 2198 1100
2037 2162 2155 2200 volue-

1201 2220 1327 2271 rimus,
1344 2219 1521 2259 conservis
1534 2219 1750 2257 remittimus
1757 2234 1768 2268 ;
1783 2219 1852 2271 ipsi
1865 2233 1949 2258 vcro
1962 2235 1981 2257 a
2001 2221 2154 2260 Domino

1201 2281 1443 2320 remissionem
1471 2280 1678 2332 accipimus.
1708 2279 1756 2318 Et
1789 2280 1876 2318 vide
1902 2290 1940 2319 ut
1965 2281 2153 2335 diligenter

1199 2342 1340 2394 singula
1368 2351 1452 2380 sunt
1473 2341 1582 2380 dicta.
1598 2343 1675 2379 Non
1702 2341 1796 2379 enim
1815 2341 1911 2379 dixit
1927 2342 2149 2395 simpliciter,

1198 2403 1237 2441 Si
1274 2417 1341 2441 non
1373 2402 1582 2441 dimiseritis
1615 2402 1822 2440 hominibus
1851 2413 1994 2454 peccata
2027 2421 2034 2441 :
2068 2407 2150 2451 sed,

1197 2465 1237 2502 Si
1262 2480 1339 2503 non
1366 2467 1628 2516 unusquisque
1642 2465 1770 2515 fratri
1794 2477 1864 2501 suo
1889 2467 2113 2504 remiseritis
2131 2482 2151 2504 e

108 2528 176 2565 ἀπὸ
205 2531 273 2566 τῶν
301 2529 451 2580 καρδιῶν
479 2531 576 2580 ὑμῶν
612 2529 656 2568 τὰ
689 2528 963 2582 παραπτώματα
996 2531 1121 2568 αὐτῶν,
1147 2545 1171 2574 Λ
1197 2527 1373 2564 cordibus
1391 2527 1530 2563 vestris
1545 2524 1689 2562 delicta
1705 2524 2040 2562 ill0r11m.Advc1·tc
2059 2540 2147 2577 quo-

108 2587 238 2626 Σκόπει
270 2592 344 2632 πῶς
376 2590 536 2640 βούλεται
569 2590 676 2638 αὐτὴν
703 2593 803 2640 ἡμῶν
835 2590 898 2637 τὴν
923 2589 1069 2642 καρδίαν
1087 2591 1127 2628 ἐν

105 2647 239 2700 γαλήνῃ
255 2650 313 2686 καὶ
325 2649 455 2701 ἡσυχίᾳ
467 2666 558 2702 τυγχ.
560 2651 666 2699 ἄνειν,
681 2651 742 2690 καὶ
759 2650 818 2689 τὸν
831 2651 998 2703 λογισμὸν
1019 2653 1120 2701 ἡμῶν
1153 2680 1155 2683 ⁴

107 2709 294 2761 ἀτάραχον,
309 2710 367 2748 καὶ
382 2711 510 2755 παντὸς
527 2712 754 2764 ἀπηλλάχθαι
773 2711 903 2755 πάθους
915 2741 925 2760 ,
947 2711 1008 2749 καὶ
1028 2713 1119 2750 πολ-

108 2769 170 2815 λὴν
198 2769 260 2815 τὴν
279 2770 364 2822 πρὸς
389 2771 465 2815 τοὺς
491 2771 640 2817 πλησίον
661 2775 755 2822 ἡμᾶς
778 2772 1036 2811 ἐπιδείκνυσθαι
1057 2772 1120 2819 τὴν

107 2830 402 2880 φιλαγαθωσύνην.
437 2832 507 2870 Καὶ
532 2834 689 2886 ἀλλαχοῦ
717 2833 753 2872 δὲ
769 2834 875 2873 πάλιν
901 2833 994 2872 ἐστὶν
1017 2836 1120 2872 αὐτοῦ

109 2891 254 2928 ἀκοῦσαι
268 2890 423 2941 λέγοντος
434 2907 442 2915 ·
457 2891 544 2931 Ἐὰν
562 2893 630 2945 γὰρ
645 2896 754 2947 ἀφῆτε
772 2901 844 2938 τοῖς
862 2893 1057 2946 ἀνθρώποις
1075 2893 1119 2932 τὰ

107 2949 377 3003 παραπτώματα
395 2954 520 3001 αὐτῶν,
538 2954 664 3006 ἀφήσει
680 2955 740 2993 καὶ
754 2957 835 3007 ὑμῖν
847 2959 866 2994 6
880 2954 1006 3007 Πατὴρ
1022 2957 1121 3005 ὑμῶν

107 3015 125 3050 6
143 3011 308 3063 οὐράνιος.
330 3012 390 3059 Μὴ
408 3012 521 3052 τοίνυν
542 3014 738 3066 νομίσωμεν
765 3015 881 3069 ἕτερον
916 3018 1119 3067 εὐεργετεῖν,

105 3071 186 3108 ὅταν
213 3077 312 3110 τοῦτο
331 3075 498 3124 ποιῶμεν,
515 3073 539 3120 ἢ
556 3075 711 3127 μεγάλην
728 3075 807 3114 τινὰ
828 3078 875 3119 εἷς
902 3077 1031 3114 ἐκεῖνον
1051 3091 1118 3113 κα-

107 3131 303 3171 τατίθεσθαι
323 3134 438 3185 χάριν.
458 3135 562 3173 Αὐτοὶ
579 3136 646 3188 γάρ
665 3139 770 3187 ἐσμεν
790 3139 822 3175 οἱ
840 3139 902 3183 τῆς
924 3135 1120 3189 εὐεργεσίας

109 3192 335 3238 ἀπολαύοντες
344 3225 353 3242 ,
365 3195 425 3233 καὶ
438 3195 525 3234 πολὺ
541 3197 580 3235 τὸ
593 3197 712 3249 κέρδος
724 3201 858 3242 ἑαυτοῖς
872 3200 1023 3236 ἐντεῦθεν
1035 3212 1120 3249 προ-

110 3252 293 3297 ξενοῦντες·
316 3255 434 3308 ὥσπερ
453 3256 512 3295 ἐὰν
529 3257 578 3308 μὴ
593 3261 693 3296 τοῦτο
712 3261 880 3309 ποιῶμεν,
899 3258 1004 3295 πάλιν
1025 3257 1119 3296 ἐκεί-

109 3328 182 3355 νους
209 3312 271 3362 μὲν
291 3316 360 3353 οὐδ’
376 3315 465 3360 ὅλως
491 3317 657 3365 ἀδικῆσαί
679 3334 713 3356 τι
732 3319 969 3370 δυνησόμεθα,
989 3321 1120 3361 ἑαυτοῖς

110 3373 143 3411 Ξὲ
166 3373 226 3419 τὴν
250 3375 418 3427 ἀφόρητον
447 3380 509 3424 τῆς
533 3378 669 3429 γεέννης
694 3379 835 3418 κόλασιν
854 3379 1121 3432 προευτρεπίζυ-

112 3448 183 3483 μεν.
209 3434 290 3483 Διὸ,
319 3439 546 3488 παρακαλῶί
564 3442 673 3478 ταῦτα
704 3441 917 3491 λογιζόμενοι
949 3440 1122 3490 μηδέποτε

1197 2586 1303 2625 modo
1315 2586 1393 2625 vult
1407 2599 1468 2623 cor
1482 2593 1641 2622 nostrum
1657 2583 1692 2621 in
1712 2583 1830 2634 quiete
1843 2592 1876 2620 01
1889 2585 2148 2635 tranquillitate

1195 2656 1319 2695 esse,et
1332 2655 1484 2684 mentem
1502 2653 1655 2682 nostram
1676 2658 1694 2681 a
1716 2643 2044 2695 perturbationibus
2057 2646 2144 2684 alic-

1196 2723 1289 2757 nam,
1310 2706 1628 2755 affcctiouilmsque
1653 2704 1819 2742 omnibus
1845 2704 2009 2755 liberam,
2030 2707 2143 2758 pluri-

1194 2780 1362 2818 mumque
1376 2780 1438 2804 nos
1451 2778 1537 2815 erga
1550 2763 1754 2816 proximum
1771 2762 1972 2802 dilectionis
1983 2764 2144 2804 studium

1191 2827 1382 2866 declarare.
1400 2826 1446 2864 Et
1465 2825 1536 2862 alio
1558 2836 1701 2874 quoque
1719 2823 1797 2860 loco
1817 2822 1945 2863 iterum
1967 2824 2140 2864 dicentem

1192 2890 1318 2928 audire
1335 2889 1416 2926 licet
1434 2903 1440 2923 :
1458 2888 1497 2925 Si
1517 2886 1737 2924 dimiseritis
1756 2885 1977 2924 hominibus
1997 2880 2141 2926 delicia
2158 2898 2265 2925 Mani„
2287 2899 2314 2928 6⁴

1192 2953 1364 2999 illorum,
1378 2950 1543 2986 dimittet
1564 2954 1599 2983 el
1620 2947 1732 2983 vobis
1751 2946 1874 2983 Pater
1891 2955 2021 2985 vester
2031 2949 2140 2986 coele—
2159 2939 2204 2977 ¹3·

1194 3015 1274 3051 stis.
1290 3013 1342 3049 Ne
1366 3009 1474 3060 igitur
1501 3015 1678 3059 putemus,
1696 3004 1783 3042 dum
1802 3005 1871 3044 hoc
1898 3007 2059 3056 facimus,
2079 3023 2141 3047 nos

1192 3072 1292 3111 alteri
1312 3067 1522 3123 gratificari,
1543 3076 1603 3104 aut
1621 3079 1790 3117 magnum
1807 3066 1988 3117 quoddam
2007 3069 2139 3108 benefi-

1193 3134 1288 3173 cium
1314 3130 1409 3183 apud
1435 3129 1538 3167 illum
1553 3127 1741 3179 deponere.
1755 3128 1846 3165 Nam
1862 3127 1928 3180 ipsi
1942 3143 2064 3168 sumus
2077 3133 2139 3182 11111

1191 3193 1364 3233 111-11011010
1391 3190 1566 3237 fruimur,
1585 3197 1619 3226 et
1639 3187 1792 3227 multum
1820 3189 1908 3226 lueri
1932 3189 2014 3228 inde
2039 3193 2140 3230 nobis

1192 3254 1421 3293 concili-'unus
1437 3267 1444 3287 :
1461 3250 1552 3288 sieut
1575 3249 1682 3287 etiam
1710 3249 1738 3287 si
1759 3249 1826 3287 1100
1855 3264 1922 3287 11011
1944 3251 2138 3297 fecerimus,

1193 3316 1337 3354 omnino
1363 3312 1449 3350 1111111
1475 3325 1532 3349 eos
1557 3310 1684 3349 lwdcre
1705 3309 1911 3362 poterimus,
1929 3311 2029 3350 nobis
2055 3313 2142 3364 ipsis

1194 3385 1308 3414 autem
1330 3371 1588 3412 ini‹.lc··.··l›ilo=n
1613 3371 1780 3421 gebenn-‘e
1805 3385 1942 3422 poenam
1961 3386 2138 3423 paramus.

1195 3436 1346 3488 Idcirco,
1369 3434 1526 3480 obsecro,
1553 3440 1590 3469 ut
1619 3431 1811 3482 cogitantes
1837 3431 1924 3481 haec,
1950 3446 2143 3483 numquam
