2516 3791
186 361 332 400 Lacrymae

143 406 235 439 rigant
253 404 334 440 plan-

144 451 200 470 tam
224 445 332 472 oratio-

146 488 200 512 nis.

157 1663 181 1681 ι.
205 1654 275 1682 Car.
293 1662 326 1682 12

152 1697 279 1726 8.—11.

158 2519 246 2547 Rom.
275 2525 320 2546 ¹2.

163 2561 209 2588 13.

159 2893 240 2919 Anna
263 2890 346 2917 docet

158 2944 216 2967 qno
265 2937 347 2967 pavlo

158 2974 242 3000 'llss'tl

159 3017 254 3042 ‹mn-ti.

272 2973 344 3000 edu·
382 2994 392 3003 ,

342 144 435 190 836

340 243 504 280 rantiam.
537 241 721 293 Siquidem
753 241 829 278 haec
863 239 980 278 vernis
1011 233 1159 276 floribus
1187 236 1290 287 longe

341 312 508 357 praestant
528 303 648 353 odore,
668 311 707 339 ut
730 315 808 352 quae
832 314 900 337 non
924 311 1098 349 aquarum
1116 296 1289 346 fontibus,

343 364 404 403 sed
434 365 675 417 lacrymarum
705 362 819 399 imbre
848 360 1022 411 rigantur.
1043 359 1164 409 Neque
1195 357 1289 395 enim

343 425 490 479 perinde
510 425 669 462 amnium
687 423 799 460 fontes
816 419 962 458 floridos
983 418 1135 457 reddunt
1154 418 1290 467 hortos,

343 496 382 525 ut
400 487 557 538 plantam
574 482 784 537 precationis
810 482 922 519 fontes
940 481 1180 533 lacrymarum
1209 479 1293 517 irri-

343 556 464 600 gantes
479 546 513 583 in
531 557 707 583 summam
723 541 947 580 altitudinem
971 541 1152 579 deducunt
1169 557 1176 578 :
1195 540 1293 592 quod

342 608 427 646 huic
442 606 590 657 contigit
602 605 756 643 mulieri.
771 603 887 642 Simul
897 603 997 641 'enim
1011 612 1050 640 ut
1063 603 1210 654 loquuta
1223 611 1290 653 est,

343 668 546 707 subvolavit
561 667 596 704 in
610 666 736 704 caelum
754 666 830 718 ejus
846 665 1058 717 deprecatio,
1076 679 1116 702 ae
1136 665 1293 702 fructum

343 728 411 782 ipsi
441 728 614 781 produxit
637 727 913 779 tempestivum,
942 724 1104 763 sanctum
1128 724 1295 763 videlicet

343 789 554 829 Samuelem.
570 788 689 827 Nolite
713 787 825 839 igitur
844 787 990 825 moleste
1005 787 1106 835 ferre,
1123 786 1152 824 si
1172 799 1294 823 rursus

343 850 438 888 idem
470 858 718 901 argumentum
756 857 907 886 tractare
937 847 1141 899 incipimus.
1172 848 1297 897 Neque

344 911 438 949 enim
456 911 576 948 eadem
598 909 758 947 dicemus
772 939 781 957 ,
802 908 862 946 sed
879 922 970 947 nova
995 907 1160 958 quaedam
1179 921 1219 944 ac
1241 922 1296 945 re-

346 973 470 1010 centia.
488 972 580 1009 Nam
608 971 644 1008 in
678 970 845 1008 convivio
875 969 1072 1021 corporali,
1091 982 1135 1006 ex
1171 968 1296 1006 eodem

345 1033 491 1071 obsonio
512 1032 624 1070 multa
647 1031 845 1070 eduliorum
876 1043 1002 1081 genera
1021 1039 1140 1082 posset
1167 1029 1298 1080 aliquis

777 159 815 188 S.

853 156 1030 188 JOANMS
1065 154 1305 185 CHRYSOST.
1344 153 1546 184 ARCHIEP.
1585 154 1933 185 CONSTANTlNOP.

1362 241 1472 275 ταῦτα
1497 239 1565 275 τῶν
1587 239 1715 290 ἠρινῶν
1736 237 1864 275 ἀνθέων
1895 237 2107 288 εὐωδέστεραι
2118 268 2129 284 ,
2158 238 2235 289 οὐχὶ
2255 243 2386 289 πηγαῖς

1362 297 1510 345 ὑδάτων,
1544 298 1620 336 ἀλλ’
1650 298 1792 351 ὄμὲροις
1820 297 1976 351 δακρύων
2009 297 2194 349 ἀρδόμενα.
2232 300 2285 337 Οὔ
2315 299 2385 352 γὰρ

1364 356 1454 395 οὕτω
1473 357 1550 401 τοὺς
1570 357 1702 404 κήπους
1724 360 1759 396 αἱ
1776 359 1886 410 πηγαὶ
1903 361 1972 396 τῶν
1992 359 2158 409 ναμάτων
2184 357 2386 398 εὐθαλεστέ-

1367 433 1442 470 ρους
1460 423 1628 465 ποιοῦσιν,
1652 422 1699 462 ὡς
1723 419 1763 457 τὸ
1784 420 1887 471 φυτὸν
1917 422 1979 465 τῆς
2006 420 2111 471 εὖχῆς
2132 422 2167 458 αἱ
2189 419 2300 472 πηγαὶ
2318 420 2387 456 τῶν

1366 479 1523 533 δακρύων
1543 479 1763 528 ποτίζουσαι,
1782 480 1867 532 πρὸς
1893 479 1976 531 ὕψος
1996 479 2156 530 μέγιστον
2186 480 2388 533 ἀνατρέχειν

1366 541 1689 594 παρασκευάζουσιν
1701 557 1708 564 ·
1725 540 1809 594 ὅπερ
1825 534 1881 579 οὖν
1902 541 1961 578 καὶ
1977 541 2033 578 ἐπὶ
2051 545 2114 587 τῆς
2129 541 2289 594 γυναικὸς
2303 540 2388 578 ταύ-

1367 618 1430 648 της
1449 601 1720 654 ἓγένετοῘΟμοῦ
1737 601 1804 655 γὰρ
1824 601 2021 653 ἐφθέγξατο,
2035 602 2094 639 καὶ
2112 603 2197 655 πρὸς
2211 602 2270 639 τὸν
2289 603 2391 654 οὖρα-

1366 664 1422 702 νὸν
1452 664 1643 716 ἀνέδραμεν
1660 668 1681 711 ἡ
1704 663 1808 716 εὐχὴ,
1838 663 1896 701 καὶ
1927 660 2060 715 καρπὸν
2087 662 2230 715 ἤνεγκεν
2259 663 2391 716 ὥριμον

1368 727 1481 776 αὐτῇ,
1516 725 1573 763 τὸν
1603 725 1699 777 ἅγιον
1724 724 1909 776 Σαμουήλ.
1931 723 1994 770 Μὴ
2023 724 2064 770 δὴ
2093 724 2343 776 δυσχεράνητε,
2364 726 2393 761 εἰ

1367 790 1429 834 τῆς
1461 787 1568 833 αὐτῆς
1595 785 1788 829 ὑποθέσεως
1810 784 1988 838 ἀρχόμεθα
2020 785 2140 823 πάλιν.
2170 788 2223 823 Οὐ
2250 785 2318 838 γὰρ
2349 784 2394 822 τὰ

1370 847 1458 886 αὐτὰ
1485 849 1642 899 ἐροῦμεν,
1671 848 1747 885 ἀλλ’
1778 847 1880 899 ἕτερά
1909 862 1987 884 τινα
2020 845 2081 884 νέα
2110 846 2169 884 καὶ
2197 846 2393 899 πρόσφατα.

1370 908 1440 947 Καὶ
1470 907 1540 961 γὰρ
1573 908 1630 946 ἐπὶ
1657 911 1719 954 τῆς
1745 910 1914 954 αἰσθητῆς
1942 907 2115 958 τραπέζης
2148 906 2181 951 ἐξ
2213 907 2285 950 ἑνὸς
2312 906 2396 958 ὄψου

1370 969 1484 1008 πολλὰ
1517 969 1556 1006 ἄν
1592 985 1645 1012 τις
1681 968 1857 1019 ἐδέσματα
1895 967 2181 1006 κατασκευάσειε.
2225 967 2296 1005 Καὶ
2321 965 2398 1010 τοὺς

1311 1068 1357 1092 722
1371 1030 1583 1084 χρυσοχόους
1611 1029 1646 1068 δὲ
1675 1032 1808 1082 ὁρῶμεν
1830 1029 1898 1067 ἀπὸ
1925 1035 2006 1079 μιᾶς
2037 1029 2147 1079 μάζης
2165 1028 2310 1081 χρυσίου
2341 1028 2399 1065 καὶ

346 1095 528 1133 conficere.
551 1093 649 1141 Quin
677 1102 710 1130 et
727 1092 893 1130 aurifices
918 1091 1082 1129 Videmus
1109 1104 1155 1128 ex
1174 1090 1298 1128 eadem
1323 1107 1348 1133 A
1371 1093 1517 1146 ψέλλια,
1537 1091 1597 1130 καὶ
1613 1090 1840 1144 περιδέῤῥαια
1854 1121 1864 1138 ,
1883 1090 1943 1128 καὶ
1962 1089 2064 1143 ἕτερα
2086 1089 2200 1128 πολλὰ
2220 1094 2401 1134 ποιοῦντας

346 1156 424 1194 auri
443 1171 556 1194 massa
572 1165 605 1194 et
620 1155 791 1202 armillas,
808 1163 843 1192 et
861 1163 1014 1205 torques,
1031 1153 1188 1203 aliasque
1207 1153 1300 1190 mul-

346 1229 400 1257 tas
414 1231 468 1268 res
487 1231 610 1254 aureas
630 1217 772 1267 fingere.
788 1215 1015 1266 Quamquam
1031 1214 1124 1251 enim
1139 1213 1298 1266 ejusdem

348 1279 485 1331 generis
510 1287 561 1316 est
590 1277 754 1323 materia,
784 1291 840 1314 ars
869 1285 985 1313 tamen
1018 1285 1069 1314 est
1091 1275 1203 1324 varia,
1234 1289 1298 1313 nec

349 1349 546 1379 coaretatur
572 1338 805 1377 similitudine
829 1337 982 1374 materiae
1010 1334 1299 1387 subjectae,cpiod

348 1402 426 1455 ipsa
442 1402 487 1440 sit
507 1401 669 1454 copiosa,
699 1399 861 1451 variique
885 1398 1040 1436 artificii.
1062 1396 1168 1444 Quod
1196 1396 1224 1434 si
1244 1411 1299 1435 res

349 1465 451 1502 istius
481 1464 563 1502 vitae
592 1472 674 1501 sunt
703 1461 901 1514 ejusmodi,
934 1460 1048 1498 multo
1074 1473 1158 1498 vero
1187 1458 1301 1510 magis

349 1524 506 1576 Spiritus
534 1522 660 1574 gratia.
689 1523 783 1560 Nam
816 1521 913 1572 quod
947 1521 1071 1572 gratiae
1103 1534 1223 1558 mensa
1257 1519 1302 1557 sit

350 1584 448 1622 varia
465 1614 476 1633 ,
501 1582 756 1630 multiformis,
775 1591 808 1619 et
837 1583 1000 1633 opipara,
1031 1580 1116 1618 audi
1146 1580 1300 1617 Paulum

350 1645 548 1684 dicentem:
582 1643 671 1682 Alii
700 1644 854 1695 quidem
882 1655 950 1694 per
977 1642 1161 1693 Spiritum
1186 1641 1302 1678 datur

351 1721 475 1746 sermo
501 1707 715 1758 sapientiae,
739 1704 811 1741 alii
839 1717 932 1740 vero
963 1716 1086 1741 sermo
1115 1703 1299 1749 scientiae,

351 1770 424 1806 alii
441 1767 702 1820 rzcrsusfides,
718 1765 788 1803 alii
804 1779 898 1802 vero
914 1765 1019 1802 dona
1036 1766 1300 1810 sanationum,

350 1831 632 1874 subventiones,
650 1828 962 1879 gubernationes,
985 1838 1128 1877 genera
1148 1825 1305 1876 lingua-

352 1904 449 1928 rum.
467 1891 562 1931 Haec
581 1896 711 1925 autern
733 1895 915 1939 operatur
934 1900 1033 1924 unns
1055 1894 1090 1924 et
1107 1886 1209 1923 idem
1223 1885 1306 1936 Spi-
1328 1903 1351 1933 B

350 1954 460 1997 ritus,
480 1950 658 1988 dividens
674 1961 843 1987 seorsum
866 1949 1005 1999 cuique
1021 1955 1061 1984 ut
1073 1947 1175 1984 vult.
1191 1945 1306 1985 Vides

353 2026 459 2063 quam
486 2010 584 2050 varia
603 2010 678 2048 sit?
700 2009 816 2048 Multa
834 2039 842 2058 ,
865 2008 1007 2060 inquit,
1037 2008 1186 2046 flumina
1199 2038 1210 2057 ,
1242 2007 1306 2047 sed

354 2087 445 2110 unus
471 2081 522 2110 est
542 2073 639 2121 fons,
660 2071 759 2108 varia
787 2079 869 2108 sunt
890 2069 1030 2119 edulia,
1050 2069 1112 2107 sed
1136 2083 1228 2107 unus
1256 2078 1307 2108 est

355 2133 573 2172 convivator.
593 2132 691 2183 Ergo
709 2146 789 2169 cum
804 2141 877 2169 tam
893 2145 1036 2182 magna,
1058 2139 1200 2181 tamque
1216 2130 1308 2168 mul-

354 2195 468 2247 tiplex
485 2194 529 2232 sit
544 2193 701 2246 Spiritus
724 2192 854 2244 gratia,
876 2207 919 2230 ne
934 2192 1184 2242 defatigemur.
1201 2190 1308 2230 Vidi-

356 2270 435 2293 mus
452 2269 528 2292 eam
548 2254 714 2302 sterilem,
732 2252 888 2291 vidimus
901 2267 978 2289 eam
993 2253 1122 2289 factam
1136 2260 1305 2290 matrem:

355 2316 515 2354 vidimus
532 2315 801 2367 lacrymantem,
822 2312 979 2350 vidimus
995 2311 1220 2363 gaudentem,
1233 2321 1310 2349 tum

355 2377 463 2415 simul
483 2391 563 2414 cum
579 2376 639 2413 illa
659 2374 878 2412 indoluimus
894 2388 901 2409 ε
920 2373 1028 2410 simul
1050 2387 1131 2410 cum
1147 2372 1207 2409 illa
1223 2385 1310 2423 gau-

356 2438 416 2476 dio
443 2438 645 2475 afficiamur
675 2445 708 2474 et
740 2435 858 2473 hodie.
876 2434 936 2473 Sic
963 2443 995 2472 et
1017 2434 1152 2472 Paulus
1179 2434 1308 2486 jubet,

360 2501 542 2539 Gaudere
569 2513 656 2537 cum
677 2498 949 2550 gaudentibus,
961 2498 1064 2548 flere
1079 2495 1312 2550 cumflenti-

359 2564 438 2599 bus.
469 2561 512 2599 Id
538 2574 622 2599 vero
649 2558 852 2597 faciendum
880 2567 932 2595 est
966 2571 1036 2595 non
1059 2557 1175 2595 solum
1207 2570 1313 2609 super

357 2623 401 2660 iis
429 2622 491 2674 qui
523 2621 710 2660 nobiscum
741 2619 884 2667 vivunt,
906 2617 966 2656 sed
996 2627 1029 2656 et
1060 2632 1164 2670 super
1184 2617 1228 2655 iis
1251 2617 1312 2668 qui

357 2685 443 2723 olim
460 2685 533 2722 nati
554 2683 697 2722 fuerint.
722 2684 771 2720 Ac
806 2695 848 2719 ne
870 2681 949 2731 quis
971 2680 1061 2718 mihi
1084 2680 1194 2730 dicat,
1225 2679 1314 2730 quid

357 2747 492 2784 fructus
513 2746 650 2798 capiam
670 2745 715 2782 ab
738 2746 853 2789 Anna,
870 2751 904 2780 et
919 2742 964 2779 ab
984 2742 1083 2780 illius
1101 2755 1313 2779 commemo-

358 2807 522 2845 ratione?
542 2808 634 2844 Nam
663 2815 695 2844 ct
721 2805 815 2842 orbae
844 2803 929 2842 hinc
958 2812 1121 2856 poterunt
1151 2803 1311 2855 discere,

357 2868 536 2920 quomodo
563 2868 698 2921 possint
734 2866 811 2904 sieri
842 2874 1002 2903 matres:
1030 2879 1153 2903 rursus
1186 2874 1314 2902 matres

361 2930 483 2979 scient,
505 2944 583 2980 qua}
612 2929 656 2966 sit
685 2927 819 2980 optima
849 2926 936 2964 ratio
964 2926 1096 2964 liberos
1121 2925 1309 2964 educandi.

1339 2624 1362 2654 C

362 2995 433 3031 hec
463 2991 600 3029 semime
636 2999 787 3037 tantuin,
810 2988 869 3025 sed
888 2997 920 3025 et
951 2987 1019 3026 viri
1047 2987 1243 3040 plurimum
1267 2987 1313 3025 ab

361 3055 426 3092 hac
442 3053 587 3091 historia
609 3052 743 3088 fruetus
762 3050 937 3097 auferent,
962 3049 990 3087 si
1016 3049 1099 3087 hinc
1122 3048 1314 3087 didicerint

358 3114 499 3168 placido
519 3113 667 3163 mitique
685 3125 767 3161 erga
790 3125 918 3149 uxores
932 3125 1004 3148 esse
1028 3110 1159 3159 anime,
1176 3110 1314 3148 etiamsi

356 3173 552 3213 sterilitatis
570 3172 657 3211 vitio
671 3171 845 3217 laborent,
865 3180 904 3207 ut
924 3170 1057 3207 Elcana
1077 3184 1159 3220 erga
1176 3172 1313 3207 Annam

358 3237 422 3274 suit
451 3236 608 3272 affectus.
633 3234 705 3270 Nec
734 3245 818 3268 vero
837 3231 905 3268 hoc
924 3231 1039 3268 solum
1053 3261 1062 3278 ,
1083 3230 1143 3268 sed
1161 3240 1194 3268 et
1213 3230 1313 3268 aliud

358 3313 396 3335 eo
428 3298 542 3349 majus
578 3293 795 3332 lucrifacient
811 3323 819 3338 ,
854 3307 934 3330 eum
974 3292 1164 3330 didicerint
1197 3301 1313 3344 patres

360 3374 479 3397 omnes
498 3366 656 3411 oportere
675 3355 819 3397 liberosv
835 3354 894 3405 qui
914 3354 984 3392 uati
1005 3353 1146 3393 suerint.
1163 3353 1312 3392 educare

1371 1152 1514 1206 χρυσία.
1544 1154 1588 1191 Εἰ
1608 1152 1676 1205 γὰρ
1702 1151 1761 1190 καὶ
1783 1150 1962 1203 μονοειδὴς
1979 1154 1999 1197 ἡ
2018 1151 2083 1197 ὕλη
2100 1181 2111 1197 ,
2133 1150 2222 1188 ἀλλὰ
2243 1150 2400 1189 ποικίλον

1370 1220 1391 1264 ἡ
1409 1216 1534 1268 τέχνη,
1561 1213 1621 1252 καὶ
1651 1215 1688 1252 οὐ
1719 1219 1987 1266 στενοχωρεῖται
2018 1215 2068 1265 τῷ
2102 1211 2305 1265 μονοτρόπῳ
2338 1213 2401 1258 τῆς

1371 1275 1602 1326 ὑποκειμένης
1621 1273 1738 1318 οὐσίας
1758 1273 1960 1326 εὖπόριστος
1980 1267 2066 1312 οῧσα
2096 1273 2155 1311 καὶ
2189 1272 2399 1324 πολυμήχα-

1369 1353 1436 1381 νος.
1458 1338 1502 1375 Εἰ
1523 1335 1558 1374 δὲ
1577 1335 1621 1373 τὰ
1648 1336 1795 1373 ἐνταῦθα
1813 1337 1976 1382 τοιαῦτα,
2004 1335 2124 1387 πολλῷ
2148 1335 2279 1384 μᾶλλον
2299 1337 2320 1380 ἦ
2339 1335 2399 1371 τοῦ

1372 1396 1577 1448 Πνεύματος
1606 1395 1719 1449 χάρις.
1747 1394 1832 1434 υΟτι
1862 1395 1929 1447 γὰρ
1956 1395 2097 1442 ποικίλη
2120 1394 2249 1441 ταύτης
2266 1398 2288 1441 ἡ
2309 1394 2399 1448 τρά-

1373 1460 1461 1501 πεζα
1475 1489 1485 1506 ,
1504 1457 1564 1495 καὶ
1582 1456 1796 1508 πολύτροπος
1811 1485 1820 1503 ,
1850 1456 1910 1494 καὶ
1939 1455 2143 1503 πολυειδὴς,
2175 1455 2319 1493 ἄκουσον
2341 1459 2401 1493 τοῦ

1374 1517 1518 1557 Παύλου
1537 1517 1697 1570 λέγοντος
1712 1532 1720 1541 ·
1736 1511 1787 1572 ἐνῼ
1809 1516 1870 1568 μὲν
1893 1516 1949 1555 διὰ
1965 1522 2024 1555 τοῦ
2048 1516 2252 1568 Πνεύματος
2269 1515 2401 1554 δίδοται

1376 1579 1474 1630 λόγος
1511 1578 1655 1631 σοφίας,
1685 1578 1781 1631 ἄλλῳ
1810 1577 1846 1616 δὲ
1878 1577 1979 1629 λόγος
2010 1576 2190 1629 γνώσεως,
2229 1576 2335 1629 ἑτέρῳ
2366 1577 2402 1615 δὲ

1376 1639 1515 1684 πίστις,
1544 1640 1640 1691 ἄλλῳ
1674 1638 1710 1677 δὲ
1742 1637 1948 1691 χαρίσματα
1988 1637 2159 1688 ἰαμάτων,
2192 1638 2402 1689 ἀντιλήψεις,

1376 1700 1621 1753 κυὸερνήσεις,
1649 1699 1731 1752 γένη
1755 1701 1936 1750 γλωσσῶν.
1965 1700 2088 1737 Ταῦτα
2109 1699 2144 1737 δὲ
2173 1699 2289 1738 πάντα
2310 1701 2403 1751 ἐνερ-

1377 1768 1429 1815 γεῖ
1461 1761 1499 1800 τὸ
1521 1761 1557 1799 ἓν
1587 1760 1647 1799 καὶ
1681 1760 1722 1798 τὸ
1747 1760 1830 1799 αὐτὸ
1850 1762 2020 1811 Πνεῦμα,
2044 1761 2195 1812 διαιροῦν
2230 1759 2300 1811 ἰδίᾳ
2322 1759 2404 1798 ἑκά-

1377 1840 1447 1875 στῳ
1482 1821 1596 1867 καθὼς
1627 1821 1800 1873 βούλεται.
1828 1821 1937 1874 Ὁρᾷς
1968 1824 2043 1866 πῶς
2070 1822 2233 1870 ποικίλη;
2264 1824 2310 1861 Οἱ
2338 1838 2404 1861 πο·-

1375 1884 1481 1935 ταμοὶ
1505 1884 1640 1930 πολλοὶ,
1662 1883 1752 1922 ἀλλὰ
1784 1883 1859 1935 μία,
1878 1883 1994 1935 φησὶν,
2016 1887 2038 1930 ἡ
2058 1884 2175 1936 πηγή·
2199 1885 2345 1937 διάφορα
2360 1883 2404 1922 τὰ

1378 1945 1565 1996 ἐδέσματα,
1597 1946 1673 1982 ἀλλ’
1705 1939 1753 1987 εἷς
1769 1948 1786 1983 ὁ
1806 1944 1990 1997 ἑστιάτωρ.
2011 1944 2114 1983 Ἐπεὶ
2136 1940 2192 1984 οῦν
2212 1944 2362 1991 τοσαύτη
2381 1948 2403 1991 ἡ

1377 2011 1436 2047 τοῦ
1467 2006 1676 2058 Πνεύματος
1693 2006 1816 2059 χάρις,
1842 2005 1890 2057 μὴ
1915 2005 2167 2058 ἀποκάμωμεν.
2194 2006 2342 2057 Εἴδομεν
2369 2004 2405 2043 δὲ

1380 2069 1488 2117 αὐτὴν
1520 2074 1658 2121 στεῖραν
1685 2062 1802 2115 οὖσαν,
1821 2067 1954 2118 εἴδομεν
1980 2067 2086 2114 αὐτὴν
2109 2067 2243 2120 μητέρα
2262 2068 2408 2118 γενομέ-
2460 2067 2462 2069 ’

1379 2146 1455 2179 νην,
1484 2129 1621 2180 εἴδομεν
1641 2128 1875 2180 δακρύουσαν,
1897 2127 2030 2178 εἴδομεν
2055 2128 2261 2180 χαίρουσαν·
2281 2130 2409 2174 συνηλ-

1381 2192 1540 2245 γήσαμεν
1572 2190 1677 2238 τότε,
1711 2192 1936 2241 συνησθῶμεν
1968 2190 2134 2242 σήμερον.
2162 2188 2266 2227 Οὕτω
2299 2189 2358 2227 καὶ
2390 2192 2408 2226 ὃ
2460 2221 2463 2227 ,

1381 2253 1522 2295 Παῦλος
1537 2250 1707 2297 ἐκέλευσε,
1722 2250 1866 2302 Χαίρειν
1881 2250 1967 2300 μετὰ
1979 2250 2186 2302 χαιρόντων,
2203 2249 2262 2287 καὶ
2275 2249 2409 2288 κλαίειν
2461 2294 2463 2299 ⁴

1385 2312 1474 2364 μετὰ
1500 2310 1705 2349 κλαιόντων.
1734 2312 1847 2349 Τοῦτο
1863 2311 1898 2348 δὲ
1916 2313 1978 2348 οὐκ
1997 2311 2055 2348 ἐπὶ
2071 2314 2139 2348 τῶν
2161 2310 2409 2362 συνακμασάν-
2461 2334 2463 2352 ;

1382 2390 1451 2413 των
1484 2376 1568 2423 ἡμῖν
1594 2371 1784 2424 ἀνθρώπων
1803 2371 1919 2424 μόνον,
1940 2372 2031 2410 ἀλλὰ
2049 2372 2108 2410 καὶ
2129 2372 2186 2410 ἐπὶ
2211 2375 2278 2411 τῶν
2298 2373 2411 2411 πάλαι
2461 2415 2463 2421 ¹

1384 2433 1620 2488 γεγενημένων
1641 2439 1751 2472 ποιεῖν
1766 2433 1848 2485 χρή.
1871 2433 1942 2471 Καὶ
1963 2432 2013 2484 μή
2037 2450 2096 2485 μοι
2114 2433 2245 2485 λεγέτω
2264 2450 2331 2478 τις·
2350 2433 2409 2472 καὶ

1384 2496 1419 2535 τί
1443 2512 1500 2547 μοι
1515 2495 1634 2548 κέρδος
1663 2494 1731 2533 ἀπὸ
1746 2498 1807 2541 τῆς
1825 2495 1947 2541 Ἄννης
1966 2495 2081 2541 ἔσται,
2103 2495 2162 2533 καὶ
2183 2499 2253 2533 τῶν
2281 2494 2410 2542 ταύτης

1388 2556 1634 2609 διηγημάτων;
1669 2556 1716 2594 Αἵ
1732 2573 1770 2595 τε
1788 2555 1855 2610 γὰρ
1877 2562 2011 2608 στεῖραι
2043 2556 2245 2603 δυνήσονται
2275 2560 2414 2607 μαθεῖν,

1387 2620 1461 2661 πῶς
1493 2618 1532 2655 ἂν
1558 2617 1710 2669 γένοιντο
1743 2617 1902 2668 μητέρες·
1934 2616 1995 2654 καὶ
2025 2619 2061 2654 αἱ
2084 2617 2230 2668 μητέρες
2264 2616 2412 2655 εἴσονται

1386 2679 1507 2724 πάλιν,
1526 2685 1621 2722 ποῖος
1650 2677 1900 2729 παιδοτροφίας
1914 2678 2053 2731 ἄριστος
2069 2677 2110 2714 ἂν
2127 2678 2260 2728 γένοιτο
2275 2677 2420 2731 τρόπος..

1388 2743 1441 2780 Οὐ
1460 2747 1618 2790 γυναῖκες
1641 2738 1676 2777 δὲ
1698 2739 1812 2790 μόνον,
1835 2737 1924 2776 ἀλλὰ
1952 2738 2011 2776 καὶ
2037 2737 2157 2791 ἄνδρες
2177 2738 2323 2790 μέγιστα
2343 2737 2412 2776 ἀπὸ

1388 2805 1450 2849 τῆς
1475 2800 1629 2853 ἱστορίας
1653 2799 1780 2846 ταύτης
1799 2798 2312 2850 καρπώσονται,παιδευθέντες
2326 2799 2413 2850 ἡμέ-
2461 2796 2464 2803 ’

1391 2879 1457 2915 ρως
1482 2861 1567 2915 πρὸς
1589 2860 1651 2904 τὰς
1671 2862 1784 2898 αὐτῶν
1805 2861 1998 2898 διακεῖσθαι
2014 2865 2193 2911 γυναῖκας,
2216 2859 2280 2898 κᾶν
2301 2863 2413 2899 ἀπαι-
2462 2871 2463 2883 ¹

1390 2924 1464 2962 δίαν
1494 2925 1639 2967 νοσῶσι,
1670 2922 1828 2973 καθάπερ
1848 2924 1865 2959 ὃ
1886 2920 2043 2959 Ἐλκανὰ
2075 2921 2160 2973 πρὸς
2195 2920 2258 2968 τὴν
2289 2921 2414 2959 Ἄνναν

1389 2984 1547 3023 διέκειτο.
1571 2985 1623 3021 Οὐ
1646 2988 1746 3021 τοῦτο
1771 2982 1806 3020 δὲ
1829 2983 1944 3033 μόνον,
1967 2981 2056 3019 ἀλλὰ
2078 2982 2137 3020 καὶ
2160 2971 2275 3034 ἕτερον
2294 2982 2416 3020 τούτου

1389 3048 1506 3097 μεῖζον
1521 3047 1737 3098 κερδανοῦσι,
1756 3044 1923 3094 μαθόντες
1939 3043 1992 3080 ὅτι
2010 3044 2059 3081 δεῖ
2076 3042 2152 3086 τοὺς
2177 3049 2288 3095 γονεῖς
2308 3045 2415 3082 ἅπαν·
2461 3050 2463 3057 ⁴

1388 3123 1450 3150 τας
1469 3108 1518 3158 τῷ
1539 3108 1621 3157 Θεῷ
1639 3106 1682 3144 τὰ
1703 3104 1870 3157 τεχθέντα
1896 3103 2033 3157 τρέφειν
2052 3104 2186 3142 παιδία.
2210 3104 2271 3151 Μὴ
2288 3104 2413 3150 τοίνυν,

1390 3167 1510 3213 ἐπειδὴ
1541 3167 1710 3219 χρήματα
1738 3166 1796 3204 καὶ
1825 3165 1988 3218 ἀργύριον
2013 3167 2074 3202 οὐκ
2101 3164 2175 3202 ἔστι
2205 3166 2325 3204 λαὸεῖν
2347 3166 2416 3204 ἀπὸ
2462 3187 2463 3195 1

1389 3232 1448 3266 τοῦ
1472 3228 1707 3279 διηγήματος,
1733 3227 1897 3273 ἀνόνητον
1919 3229 2002 3276 ἡμῖν
2034 3219 2119 3263 εἴναι
2151 3225 2216 3272 τὴν
2249 3225 2413 3278 ἀκρόασιν

1387 3289 1594 3339 νομίζιιψεν,
1625 3288 1713 3326 ἀλλὰ
1743 3289 1785 3325 δι’
1816 3288 1899 3325 αὐτὸ
1931 3287 1992 3337 μὲν
2015 3280 2071 3325 οῦν
2101 3291 2201 3325 τοῦτο
2227 3286 2413 3338 κερδαλέαν
2462 3301 2463 3312 ¹

1387 3352 1444 3389 καὶ
1472 3350 1659 3402 ὠφέλιμον,
1687 3349 1806 3395 ἐπειδὴ
1830 3351 1867 3387 οὐ
1895 3348 2035 3400 χρυσίον
2059 3347 2114 3385 καὶ
2137 3348 2308 3399 ἀργύριον,
2330 3348 2405 3385 ἀλλ’
