2516 3791
744 186 803 216 DE
840 187 1011 216 Divum-1
1048 187 1101 215 1³:1¹
1139 179 1279 218 silim-¹.
1317 190 1499 221 llOMIle
1539 192 1569 222 1.

123 271 401 327 κατορθωμάτων
422 269 488 309 ἴδοι
509 270 547 308 τὸ
581 268 722 320 μέγεθος
735 300 744 318 ,
763 271 832 308 οὐδ’
855 272 885 308 εἰ
903 270 961 308 τὸν
982 269 1149 322 στέφανον

125 333 195 372 ἀπὸ
214 336 278 380 τῆς
303 334 405 370 αὐτοῦ
436 329 556 369 >exeam
589 332 744 383 κεφαλῆς
775 331 834 369 ἐπὶ
861 331 926 378 τὴν
955 333 1015 369 τοῦ
1040 330 1151 369 Δαυὶδ

123 395 256 442 ἔθηκεν,
276 392 411 432 οὐδέπω
431 392 494 440 τὴν
523 391 622 437 ἀξίαν
651 386 693 439 ἧν
727 391 978 439 ἀποδεδωκὼς,
999 391 1091 430 ἀλλὰ
1110 391 1150 430 τὸ

121 456 225 496 πλέον
246 455 404 508 ὀφείλων.
422 454 575 498 Ἐκεῖνος
599 453 660 505 μὲν
681 453 748 506 γὰρ
769 454 828 493 καὶ
856 454 946 502 ζωὴν
968 453 1027 492 καὶ
1047 456 1149 505 βασι-

120 518 215 558 λείαν
229 521 325 571 αὐτῷ
339 517 531 570 ἐχαρίσατο
544 532 552 540 ·
576 510 673 562 οὗτος
692 516 729 555 δὲ
748 516 926 568 βασιλείας
960 517 1054 567 αὐτῷ
1075 530 1149 552 πα-

120 586 293 633 ραχωρεῖν
307 578 432 630 ἔμελλε
452 578 571 629 μόνης.
589 578 690 625 Πλὴν
708 579 785 617 ἀλλ’
808 577 938 628 ἴδωμεν
958 578 1061 614 αὐτοῦ
1070 574 1149 638 ἡτὰς

119 639 282 691 ἀμοιὸάς.
296 640 400 683 Τίνες
431 633 490 678 οῧν
524 633 613 686 ἦσαν
645 633 769 685 officum
793 639 847 676 Δι’
879 636 1030 689 ὑποψίας
1056 639 1150 689 εἶχεν

119 701 220 740 αὐτὸν
239 701 373 749 λοιπὸν,
393 700 449 739 καὶ
476 699 693 739 ὓπεὸλέπετο
710 699 779 738 ἀπὸ
797 700 860 744 τῆς
883 697 1018 751 ἡμέρας
1050 697 1150 736 ἐκεί-

1220 270 1337 323 ituque
1358 273 1386 310 si
1409 274 1604 313 humanum
1627 275 1773 327 quidem
1802 278 2004 317 subsidium
2025 292 2173 332 spectes,

1218 331 1316 371 illius
1340 334 1510 373 beneflcio
1527 335 1657 375 deinde
1671 337 1763 375 vixit
1783 353 1860 387 rex,
1873 353 1914 377 ac
1934 340 2173 394 principatum

1218 395 1389 433 servavit.
1407 397 1455 434 Et
1474 407 1608 449 postea,
1623 414 1731 450 qnam
1749 400 1800 438 illi
1817 401 1973 453 reposuit
1995 403 2172 451 gratiam?

1216 455 1310 493 Nam
1330 455 1360 493 si
1393 456 1473 507 quis
1494 459 1690 511 perpendat
1711 461 1879 512 przcclare
1898 472 2077 513 gestorum
2098 479 2171 503 ma-

1217 515 1458 567 gnitudinem,
1484 519 1623 558 etiamsi
1645 536 1738 560 rexa
1762 537 1827 560 suo
1847 524 1964 576 capite
1976 524 2171 564 detractam

1217 591 1384 616 coronam
1403 579 1557 618 Davidis
1573 583 1681 635 capiti
1711 583 1955 636 imposuisset,
1978 600 2171 638 numquam

1215 653 1337 690 parem
1351 640 1704 695 retulissetgratiam,
1717 645 1780 684 sed
1795 646 2006 698 ampliorem
2023 648 2171 687 debuis-

1215 709 1281 738 set.
1309 701 1376 739 llic
1395 703 1490 741 enim
1516 713 1550 742 et
1569 704 1681 744 vitam
1703 716 1736 745 et
1759 722 1908 758 regnum
1926 709 1979 747 illi
2007 710 2170 759 donavit,

119 779 190 811 νης.
211 765 244 802 T
248 762 315 807 ίνος
344 762 471 810 ἕνεκεν,
491 761 551 800 καὶ
584 761 642 800 διὰ
674 760 728 809 τί,
757 759 960 811 Ἀναγκαῖον
988 759 1057 812 γὰρ
1088 759 1147 798 καὶ
1156 761 1276 818 75¹ille
1294 777 1376 801 vero
1398 763 1484 803 huic
1498 779 1649 817 regnum
1665 776 1802 806 tantum
1815 779 1890 808 crat
1907 785 2082 810 cessurus.
2103 774 2172 812 Ve-

117 828 180 871 τῆς
197 824 346 877 ὑποψίας
365 823 429 870 τὴν
449 822 563 862 αἰτίαν
584 823 706 860 εἰπεῖν.
724 821 836 860 Οὐδὲν
869 820 932 872 μὲν
958 820 1038 874 γὰρ,
1060 821 1148 875 ὅπερ

118 886 158 924 ἂν
178 889 259 938 εἴπῃ
278 901 343 934 τις,
368 887 438 938 ἐρεῖ
465 884 612 923 δίκαιον.
637 883 733 937 Πρὸς
760 883 830 936 γὰρ
858 882 916 920 τὸν
949 883 1012 930 τὴν
1030 883 1147 936 ψυχὴν

115 946 365 1000 χαρισάμενον,
393 945 453 984 καὶ
476 945 540 993 τὴν
570 943 662 992 ζωὴν
693 943 958 996 δωρησάμενον,
984 944 1070 983 ποία
1099 945 1149 983 δι-

114 1007 217 1052 καίας
243 1007 394 1060 ὑποψίας
413 1007 587 1060 πρόφασις
613 1000 674 1055 ἦν5
693 1005 795 1053 Πλὴν
830 1005 921 1044 ἀλλὰ
949 1006 1008 1044 καὶ
1039 1006 1147 1054 αὐτὴν

113 1069 177 1117 τὴν
198 1069 312 1109 αἰτίαν
334 1072 396 1116 τῆς
416 1069 541 1121 ἔχθρας
573 1068 720 1119 ἴδωμεν,
739 1066 796 1105 ἵνα
832 1068 967 1119 μάθητε
981 1099 991 1117 ,
1016 1067 1070 1107 ὅτι
1089 1067 1149 1107 καὶ

113 1133 176 1178 τῆς
191 1131 288 1178 νίκης
309 1132 371 1170 οὐκ
387 1131 530 1169 ἔλαττον
550 1129 610 1168 καὶ
628 1129 686 1168 διὰ
701 1133 812 1168 ταῦτα
831 1133 1002 1181 τιμᾶσθαι
1019 1130 1150 1175 δίκαιος

112 1186 167 1241 ἧν,
181 1194 224 1231 δι’
241 1192 331 1244 ἅπερ
348 1191 573 1231 ὑπωπτεύετο
583 1191 642 1230 καὶ
657 1190 902 1230 ἐπεὸουλεύετο
921 1191 1011 1243 μετὰ
1025 1196 1147 1231 ταῦτα.

113 1253 178 1298 Τίς
192 1247 249 1293 οὖν
270 1258 292 1301 ἡ
309 1254 404 1292 αἰτία
418 1257 481 1301 τ’ἧς
498 1253 648 1305 ὑποψίας
675 1247 735 1300 ἧη
754 1253 902 1299 Ἐπειδὴ
920 1257 980 1291 τοῦ
1008 1253 1148 1306 βαρὸά-

113 1331 171 1367 ρου
187 1315 251 1363 τὴν
272 1315 426 1369 κεφαλὴν
441 1315 548 1354 ἔλαὸε
559 1346 568 1364 ,
583 1315 642 1353 καὶ
658 1314 701 1352 τὰ
721 1315 860 1368 λάφυρα
877 1314 968 1367 ἔχων
988 1315 1147 1368 ἐπανῄει,

113 1373 280 1425 Ἐξῆλθον
307 1381 342 1416 αἱ
373 1376 602 1430 χορεύουσαι,
618 1376 736 1430 φησὶν,
769 1376 916 1429 ᾄδουσαι
942 1376 1003 1414 καὶ
1027 1375 1148 1427 λέγου-

111 1455 190 1479 σαι·
213 1439 363 1485 ἐπάταξε
383 1438 501 1478 Σαοὺλ
517 1440 551 1476 ἐν
574 1438 730 1492 χιλιάσιν
756 1440 882 1486 αὐτοῦ,
902 1438 961 1476 καὶ
983 1439 1092 1476 Δαυὶδ
1111 1439 1146 1476 ἐν

112 1501 278 1554 μυριάσιν
307 1502 426 1540 αὐτοῦ.
446 1500 517 1539 Καὶ
547 1499 701 1553 ὠργίσθη
734 1499 873 1548 Σαοὺλ,
897 1499 956 1538 καὶ
991 1494 1033 1547 ἦν
1061 1502 1146 1539 ὓπο-

109 1563 322 1614 6λεπόμενος
349 1563 407 1602 τὸν
437 1562 549 1601 Δαυὶδ
575 1562 644 1601 ἀπὸ
672 1565 735 1608 τῆς
756 1560 893 1613 ἡμέρας
921 1560 1055 1609 ἐκείνης
1087 1562 1147 1600 καὶ

111 1625 284 1664 ἐπέκεινα.
298 1625 403 1669 Τίνος
419 1624 548 1672 ἕνεκεν,
567 1623 643 1662 εἰπέ
668 1639 751 1674 μοι;
775 1623 944 1661 Μάλιστα
975 1622 1037 1673 μὲν
1056 1623 1144 1676 γὰρ,

112 1689 142 1725 εἰ
160 1686 219 1724 καὶ
243 1685 371 1729 ἀδίκως
390 1689 500 1724 ταῦτα
525 1684 664 1737 ἐλέγετο
678 1683 774 1732 ,οὐδὲ
795 1682 902 1728 οὕτως
922 1684 1008 1736 πρὸς
1040 1686 1144 1723 αὐτὸν

111 1750 273 1800 ἀπεγθῶς
293 1749 494 1793 διατεθῆναι
514 1746 602 1794 ἔδει,
619 1747 696 1784 ἀλλ’
716 1745 785 1784 ἀπὸ
808 1748 877 1783 τῶν
906 1745 1146 1797 γεγενημένων

110 1809 174 1856 τὴν
194 1794 327 1848 εὔνοιαν
348 1812 451 1847 αὐτοῦ
473 1807 648 1859 μαθόντα,
667 1806 728 1845 καὶ
750 1806 803 1846 ὅτι
822 1807 970 1859 μηδενὸς
988 1809 1144 1860 ἀναγκά-

108 1872 241 1917 ζοντος,
260 1869 349 1922 μηδὲ
374 1869 577 1922 βιαζομένου
592 1899 601 1917 ,
619 1868 654 1913 ἐξ
674 1867 803 1912 οἰκείας
828 1868 960 1912 εὐνοίας
980 1873 1145 1908 τοσοῦτον

109 1932 275 1983 ὑπέμεινε
296 1932 468 1979 κίνδυνον,
496 1931 605 1982 μηδὲν
637 1930 766 1982 μηκέτι
785 1931 906 1970 λοιπὸν
936 1931 1144 1970 ὑπεπτεύειν

108 1994 190 2046 περὶ
210 1997 313 2033 αὐτοῦ
329 1993 494 2046 πονηρόν.
516 1993 605 2032 Νυνὶ
632 1993 668 2032 δὲ
687 1993 747 2032 καὶΙ
766 1993 806 2032 τὸ
824 1993 958 2032 δίκαιον
987 1987 1080 2046 εἶχον
1106 1996 1141 2033 αἱ

107 2055 274 2109 εὐφημίαι
289 2071 297 2079 ·
316 2056 376 2094 καὶ
400 2057 430 2094 εἷ
452 2055 520 2107 χρή
540 2071 575 2093 τι
595 2055 792 2106 θαυμαστὸν
812 2058 933 2102 εἰπεῖν,
952 2057 1003 2108 τῷ
1023 2055 1140 2094 Σαοὺλ

107 2117 318 2170 ἐχαρίσαντο
348 2119 496 2168 μᾶλλον,
521 2115 544 2163 ἢ
581 2119 631 2169 τῷ
670 2117 783 2154 Δαυὶδ
814 2121 927 2155 ταῦτα
954 2117 1139 2168 λέγουσαι·

106 2179 166 2216 καὶ
183 2181 322 2231 ἀγαπᾷν
340 2179 443 2217 αὐτὸν
464 2180 584 2230 ἐχρῆν,
606 2177 659 2216 ὅτι
677 2177 739 2222 τὰς
764 2179 927 2230 χιλιάδας
946 2183 1026 2231 γοῦν
1054 2179 1140 2218 ἔδω-

105 2255 170 2278 καν
192 2241 299 2291 αὐτῷ.
319 2239 366 2278 Τί
386 2233 445 2278 οὖν
460 2243 674 2289 ἀγανακτεῖ,
696 2240 748 2278 ὅτι
771 2240 903 2278 ἔδωκαν
925 2242 987 2285 τὰς
1015 2242 1140 2294 μυριά-

107 2301 168 2346 δας
195 2301 339 2354 ἐκείνῳ;
367 2303 411 2340 Εἰ
440 2301 502 2353 μὲν
536 2301 605 2354 γὰρ
630 2296 672 2349 ἧν
700 2317 734 2340 τι
764 2302 973 2346 συντελέσας
1003 2305 1051 2347 εἰς
1080 2304 1137 2342 τὸν

105 2361 275 2412 πόλεμον,
295 2362 354 2400 καὶ
385 2362 513 2415 μικρὰν
542 2367 623 2415 γοῦν
655 2378 733 2402 τινα
763 2369 886 2416 μοῖραν
921 2364 1137 2416 εἰσενεγκὼν,

107 2424 223 2466 καλῶς
254 2426 366 2460 ταῦτα
397 2423 559 2475 ἐλέγετο,
587 2423 639 2461 ὅτι
672 2423 792 2463 Σαοὺλ
818 2427 855 2462 ἐν
886 2425 1045 2478 χιλιάσι,
1078 2426 1138 2464 καὶ

108 2483 219 2522 Δαυὶδ
252 2485 286 2521 ἐν
319 2483 497 2535 μυριάσιν.
530 2486 575 2523 Εἰ
597 2484 633 2523 δὲ
668 2486 768 2530 αὐτὸς
787 2485 849 2536 μὲν
885 2486 1046 2532 δεδοικὼς
1079 2487 1138 2526 καὶ

106 2544 243 2597 τρέμων
270 2543 364 2583 ἔνδον
384 2546 555 2594 ἐκάθητο,
569 2546 648 2584 καθ’
668 2547 821 2594 ἑκάστην
844 2548 979 2601 ἡμέραν
1009 2551 1140 2588 ἀποθα-

107 2609 238 2644 νεῖσθαι
258 2608 475 2657 προσδοκῶν,
491 2602 587 2651 οὗτος
608 2607 643 2646 δὲ
667 2608 707 2646 τὸ
734 2615 804 2647 πᾶν
836 2609 1044 2662 εἰργάσατο,
1064 2613 1138 2654 πῶς

105 2667 166 2705 οὔκ
182 2667 310 2706 ἄτοπον
330 2662 387 2715 ἦν,
406 2667 464 2707 τὸν
486 2667 594 2719 μηδὲν
615 2671 662 2713 εἷς
686 2669 763 2714 τοὺς
788 2670 962 2715 κινδύνους
989 2670 1138 2715 ἐκείνους

108 2728 393 2779 συμὸαλλόμενον
416 2731 638 2782 ἀγανακτεῖν,
659 2731 713 2771 ὅτι
733 2731 781 2782 μὴ
805 2733 844 2772 τὸ
860 2733 966 2772 πλέον
994 2737 1055 2781 τῆς
1083 2736 1137 2772 εὖ·

107 2788 242 2840 φημίας
260 2790 403 2837 ἔλαὸεν;
420 2792 464 2830 Εἰ
494 2791 563 2845 γὰρ
583 2795 791 2845 ἀγανακτεῖν
811 2796 932 2847 ἐχρῆν,
946 2794 1005 2833 τὸν
1027 2796 1139 2834 Δαυὶδ

109 2851 316 2902 ἀγανακτεῖν
337 2851 424 2898 ἔδει,
445 2852 496 2890 ὅτι
514 2853 554 2892 τὸ
580 2860 650 2892 πᾶν
679 2856 779 2899 αὐτὸς
808 2856 1050 2910 κατορθώσας,
1074 2874 1135 2908 με·

111 2911 233 2962 ριστὴν
254 2912 368 2963 ἕτερον
387 2913 468 2965 ἔαγε
486 2917 546 2960 τῆς
562 2915 744 2967 εὐφημίας.

1169 832 1194 860 Α
1214 833 1414 863 rumtamen
1435 827 1702 867 consideremus
1722 831 1870 869 relatam
1899 847 1963 884 pro
1981 833 2172 872 benefactis

1214 885 1378 937 gratiam.
1397 888 1487 934 Quae
1527 889 1668 929 tandem
1692 900 1767 929 erat
1799 892 1886 930 illa?
1910 895 1963 931 De
1981 904 2104 933 caetero
2138 905 2172 934 et

1213 946 1260 985 ab
1284 947 1346 986 illo
1363 948 1422 987 die
1440 960 1644 1003 suspectum
1660 952 1787 992 habuit
1809 955 1943 1003 David,
1972 966 2004 994 et
2026 958 2072 995 ab
2107 958 2171 997 illo

1215 1009 1341 1047 metuit
1357 1010 1441 1049 sibi.
1474 1012 1548 1050 Cur
1568 1022 1602 1051 et
1620 1028 1729 1065 quam
1748 1015 1794 1053 ob
1825 1018 1993 1056 causam?
2020 1020 2113 1058 Nam
2137 1029 2171 1058 et

1214 1071 1430 1123 suspicionis
1465 1088 1569 1114 causa
1607 1078 1916 1117 commemoranda
1948 1090 2011 1119 est.
2047 1083 2172 1134 Neque

1215 1132 1309 1170 enim
1326 1134 1506 1186 quidquid
1541 1137 1672 1189 aliquis
1700 1138 1847 1190 dixerit,
1881 1140 1974 1180 idem
1997 1157 2072 1181 esse
2102 1145 2169 1195 ju-

1214 1203 1309 1232 stum
1324 1196 1532 1236 affirmabit.
1558 1200 1651 1237 Nam
1669 1214 1751 1252 erga
1770 1216 1850 1239 eum
1864 1203 1923 1253 qui
1935 1204 2093 1243 animam
2105 1205 2170 1243 im-

1214 1257 1352 1308 pendit,
1369 1267 1402 1296 et
1421 1258 1534 1298 vitam
1556 1260 1670 1311 dedit,
1691 1276 1770 1313 quae
1795 1272 1932 1315 poterat
1971 1280 2047 1304 esse
2071 1267 2170 1318 justa

1214 1319 1428 1371 suspicionis
1449 1323 1580 1361 causa?
1596 1323 1666 1361 Sed
1688 1333 1805 1362 tamen
1834 1325 1946 1378 ipsam
1974 1327 2169 1368 inimicitiae

1214 1393 1358 1419 causam
1377 1382 1624 1435 inspiciamus,
1658 1394 1696 1422 ut
1711 1385 1849 1437 aliquid
1884 1387 2047 1437 discatis,
2075 1391 2171 1441 quod

1214 1455 1278 1481 nec
1294 1443 1371 1496 ipsa
1398 1445 1549 1484 victoria
1583 1446 1628 1484 sit
1654 1446 1803 1486 inferius
1825 1465 1832 1485 :
1854 1449 2021 1502 quodque
2052 1452 2173 1491 David

1169 1513 1191 1544 Β
1213 1502 1260 1541 sit
1281 1504 1415 1543 honore
1428 1505 1560 1557 dignus
1579 1507 1626 1545 ob
1642 1522 1680 1545 ea
1701 1507 1789 1561 ipsa,
1806 1520 1953 1563 propter
1974 1526 2052 1563 quae
2068 1512 2148 1551 dein
2162 1537 2170 1541 -

1213 1579 1296 1617 ceps
1315 1566 1410 1604 venit
1433 1566 1468 1605 in
1489 1568 1742 1621 suspicionem,
1765 1569 1905 1609 insidiis
1915 1573 2093 1625 appetitus
2107 1583 2169 1612 est.

1214 1627 1303 1674 Quae
1314 1627 1424 1679 igitur
1435 1638 1509 1666 erat
1524 1629 1736 1682 suspicionis
1748 1645 1853 1669 causa
1862 1632 1879 1669 .⁰
1889 1633 2081 1685 Postquam
2092 1635 2171 1673 bar-

1212 1689 1290 1727 bari
1305 1689 1403 1728 illius
1415 1700 1519 1744 caput
1534 1691 1698 1741 abstulit,
1716 1702 1749 1731 et
1763 1694 1875 1746 spolia
1888 1705 2028 1746 gestans
2040 1697 2168 1736 rediit:

1214 1753 1424 1801 Exierunt,
1450 1752 1578 1804 inquit,
1594 1755 1774 1793 mulieres
1789 1766 1972 1796 canentes
1981 1773 2028 1796 ae
2039 1761 2168 1798 dicen·
2189 1783 2216 1804 ¹.
2233 1775 2308 1813 πρε,
2326 1776 2370 1806 ,8,

1214 1821 1270 1852 tes
1282 1830 1293 1850 .-
1311 1815 1509 1853 Percussit
1519 1815 1615 1854 Saizl
1628 1819 1669 1853 in
1686 1817 1858 1855 millibus
1873 1821 1966 1865 suis,
1983 1829 2020 1858 et
2036 1822 2170 1860 David
2183 1817 2292 1857 6·““9·

1213 1878 1253 1913 in
1261 1877 1392 1914 decem
1401 1877 1576 1915 millibus
1586 1879 1722 1915 szcis.E
1726 1887 1739 1916 t
1748 1881 1870 1917 iratus
1879 1889 1934 1918 est
1943 1881 2052 1928 Saiil,
2065 1892 2100 1921 et
2112 1898 2170 1922 su-

1210 1946 1382 1988 spectum
1402 1939 1539 1976 habuit
1555 1939 1691 1976 David
1701 1941 1750 1977 ab
1767 1954 1810 1978 eo
1827 1942 1889 1979 die
1908 1956 1954 1980 ae
1974 1944 2166 1996 deinceps.

1211 1998 1339 2050 Cujus,
1363 1999 1523 2048 obsecro,
1545 1999 1593 2037 rei
1611 2000 1752 2051 gratia?
1773 2000 1925 2041 Etiamsi
1946 2003 2022 2042 hzec
2039 2015 2170 2057 praeter

1209 2058 1376 2097 meritum
1397 2059 1666 2109 fuissentdicta,
1692 2074 1735 2098 ne
1753 2061 1804 2100 sic
1821 2062 1968 2112 quidem
1983 2066 2169 2117 oportebat

1207 2115 1375 2155 hostilem
1396 2117 1431 2155 in
1452 2117 1631 2156 Davidem
1652 2133 1771 2169 gerere
1782 2121 1942 2160 animum
1961 2139 1968 2160 ε
1992 2123 2052 2162 sed
2069 2134 2166 2177 post-

1161 2194 1186 2225 Ο
1208 2189 1315 2226 quam
1328 2191 1373 2214 ex
1384 2176 1491 2215 rebus
1503 2177 1610 2228 gestis
1626 2177 1725 2216 illius
1737 2193 1819 2231 erga
1835 2195 1872 2219 se
1883 2182 2168 2222 benevolentiam

1206 2234 1360 2273 habebat
1372 2245 1603 2288 compertam,
1613 2236 1747 2290 quippe
1759 2239 1821 2289 qui
1839 2240 1939 2279 nullo
1951 2251 2096 2293 cogente
2106 2253 2167 2282 aut

1206 2294 1449 2346 compellente,
1467 2304 1591 2348 suapte
1612 2295 1856 2335 benevolentia
1866 2307 2004 2338 tantum
2016 2301 2167 2340 subisset

1205 2350 1438 2401 discriminis,
1458 2367 1527 2391 non
1556 2354 1743 2406 oportebat
1771 2355 1938 2411 deinceps
1971 2360 2168 2412 quidquam

1205 2410 1250 2449 de
1270 2411 1333 2450 illo
1354 2411 1529 2464 suspicari
1546 2412 1646 2450 mali.
1680 2414 1783 2453 Nune
1802 2425 1921 2454 autem
1942 2418 2024 2469 jure
2044 2418 2168 2457 laudes

1206 2469 1497 2521 p1·oserebantur;
1528 2479 1561 2508 et
1582 2470 1612 2508 si
1646 2471 1697 2509 sas
1726 2482 1777 2510 est
1805 2488 1887 2512 vcra
1916 2477 2095 2528 proloqui,
2130 2478 2166 2516 in

1205 2528 1326 2568 Saiilis
1345 2528 1498 2580 gratiam
1515 2529 1576 2566 illa
1599 2529 1692 2568 dicta
1717 2541 1800 2570 sunt
1826 2534 1957 2585 potius,
1993 2551 2101 2587 quam
2131 2538 2165 2576 in

1205 2587 1379 2636 Davidis5
1403 2586 1689 2626 debebatautem
1711 2591 1796 2628 satis
1818 2592 1962 2641 habere,
1987 2596 2084 2646 quod
2111 2597 2165 2635 illi

1204 2646 1415 2684 tribuissent
1447 2645 1560 2684 mille.
1596 2647 1670 2685 Cur
1707 2647 1818 2700 igitur
1857 2651 2064 2703 indignatus
2101 2664 2164 2702 est,

1204 2705 1301 2758 quod
1322 2705 1456 2744 Davidi
1492 2705 1684 2744 tribuerint
1703 2707 1825 2746 decem
1850 2709 1994 2748 millia?
2022 2712 2164 2751 Etenim

1205 2765 1233 2803 si
1247 2779 1311 2802 rex
1329 2763 1374 2802 ad
1404 2763 1541 2802 bellum
1576 2765 1773 2804 finiendum
1810 2767 1866 2805 vel
1888 2769 2073 2820 paululum
2098 2772 2164 2809 ali-

1204 2823 1293 2874 quid
1330 2823 1501 2861 momenti
1536 2825 1754 2873 contulisset,
1793 2836 1886 2865 recte
1914 2837 1991 2881 tum
2023 2829 2162 2869 dictum

1203 2881 1340 2929 suisset,
1373 2882 1470 2920 Saiil
1499 2884 1540 2919 in
1573 2883 1759 2931 millibus,
1785 2886 1922 2924 David
1947 2890 1989 2924 in
2031 2890 2161 2927 decem

1203 2942 1392 2978 millibus.
1415 2940 1522 2987 Quod
1542 2941 1570 2978 si
1592 2942 1666 2994 ipse
1687 2943 1832 2993 quidem
1855 2946 2009 2998 pavidus
2028 2962 2069 2986 ac
2091 2958 2159 2986 tre-

1203 3013 1302 3038 mens
1325 2999 1423 3037 domi
1449 2999 1601 3049 desedit,
1643 3001 1679 3039 in
1717 3002 1877 3055 singulos
1911 3005 1988 3044 dies
2012 3016 2159 3045 mortem

1201 3066 1424 3109 exspectans,
1447 3057 1505 3095 hic
1537 3067 1657 3097 autem
1688 3069 1802 3099 totum
1829 3063 1966 3102 facinus
1993 3066 2127 3117 peregit
2149 3082 2156 3102 ε

1199 3131 1316 3155 annon
1338 3116 1535 3155 absurdum
1555 3127 1641 3166 erat,
1665 3133 1746 3158 cum
1765 3122 1829 3172 qui
1845 3123 1936 3161 nibil
1962 3124 2007 3161 ad
2036 3125 2154 3177 depel-

1199 3174 1301 3213 lenda
1324 3175 1481 3227 pericula
1503 3177 1711 3224 contulerat,
1734 3179 2034 3231 obidindignari,
2056 3183 2154 3233 quud

1200 3248 1266 3271 non
1287 3235 1367 3287 plus
1383 3234 1502 3273 laudis
1538 3234 1804 3278 tulisset?Nam
1830 3240 1857 3277 si
1893 3240 2152 3289 indignandum

1197 3302 1287 3342 erat,
1325 3293 1505 3332 Davidem
1542 3295 1662 3347 potius
1688 3297 1919 3335 conveniebat
1961 3297 2152 3349 indignari,

1196 3351 1292 3403 quod
1311 3366 1391 3390 cnm
1407 3352 1504 3391 solus
1524 3362 1636 3392 totum
1651 3355 1825 3406 gessisset,
1844 3355 1994 3394 alterum
2007 3356 2156 3397 liaberet

1196 3410 1312 3450 laudis
1329 3411 1549 3465 participem.

1156 2931 1181 2958 n
