2516 3791
718 271 758 300 ΙΝ
797 270 899 299 CAP.
939 268 1018 298 xu-
1059 267 1220 297 GENES.

134 355 354 408 εὐπρόσωπος
371 348 414 393 εἶ.
437 354 565 394 Ἔσται
592 348 662 400 οὗν,
681 354 728 396 ὡς
753 352 793 390 ἂν
814 351 914 390 ἴδωσί
933 367 971 390 σε
990 353 1021 389 οἱ
1042 350 1156 402 Αἰγύ-

131 432 241 463 πτιοι,
261 419 408 468 ἐροῦσιν,
434 416 487 455 ὅτι
517 415 603 468 γυνὴ
636 417 739 453 αὐτοῦ
774 414 886 459 αὕτη·
920 413 980 451 καὶ
1002 415 1152 451 ἀποκτε-

131 477 226 516 νοῦσί
246 493 310 528 με,
333 476 372 516 σὲ
393 477 428 516 δὲ
458 476 758 531 περιποιήσονται.
794 475 926 514 Σκόπει
953 475 1028 517 πῶς
1054 472 1153 524 ἐθάῤ-

130 541 182 589 ῥει
199 543 250 590 τῷ
277 539 396 590 τρόπῳ
417 541 479 585 τῆς
496 538 677 590 γυναικὸς,
699 538 759 575 καὶ
786 538 848 574 οὐκ
867 537 975 574 ἔδεισε
999 534 1048 586 μή
1068 550 1153 572 ποτε

129 605 199 642 τοῖς
227 600 380 644 ἐπαίνοις
401 602 587 653 χαυνωθῇ,
619 599 709 638 ἀλλὰ
743 599 802 636 καὶ
834 597 999 644 τοιαύτην
1021 595 1153 647 εἰσάγει

128 660 192 708 τὴν
211 661 413 712 συμὸουλὴν
434 661 543 713 λέγων
555 676 564 684 ·
582 660 638 698 ἵνα
664 657 792 712 μὴ’ἐμὲ
812 658 874 710 μὲν
894 656 1151 703 ἀποκτείνωσι,

131 721 168 760 σὲ
188 721 223 759 δὲ
259 722 582 776 περιποιήσωνται,
615 721 704 760 Εἰπὲ
735 714 794 758 οῧν
824 719 877 757 ὅτι
897 717 1029 768 ἀδελφὴ
1048 719 1151 756 αὐτοῦ

131 785 220 833 εἶμι,
244 782 337 826 ὅπως
367 782 407 820 ἂν
425 777 462 821 εῧ
481 797 540 833 μοι
574 781 737 833 γένηται,
770 779 830 818 καὶ
848 779 990 826 ζήσεται
1011 781 1032 824 ἡ
1053 778 1151 830 ψυχή

132 858 199 892 μου
236 843 350 881 ἕνεκεν
381 847 452 882 σοῦ.
488 841 634 889 Ἐπειδὴ
655 844 692 879 οὔ
713 841 752 879 τὸ
770 839 876 892 τυχὸν
903 834 945 886 ἦν
965 840 1052 891 ὅπερ
1072 839 1152 877 ἔπε’-

130 919 233 942 ταττε
251 933 260 950 ,
299 904 356 942 διὰ
389 907 491 942 τοῦτο
526 902 584 941 διὰ
616 905 684 940 τῶν
722 901 946 953 ἐπαγομένων
985 900 1152 953 ῥημάτιον

129 964 384 1016 ἐφελκύσασθαι
415 963 522 1011 αὐτὴν
541 962 739 1010 ἠῧουλήθη,
771 961 862 1001 ὥστε
882 962 941 1000 καὶ
969 963 1015 1005 εἷς
1039 956 1152 1001 οἶκτον

129 1025 239 1072 αὐτὴν
268 1025 485 1078 ἐπικάμψαι,
504 1025 565 1062 καὶ
584 1029 704 1062 πεῖσαι
735 1023 824 1075 μετὰ
850 1023 1046 1076 προθυμίας
1065 1026 1153 1062 ὑπο-

128 1086 310 1139 κρίνασθαι
329 1087 368 1125 τὸ
386 1088 515 1138 δρᾶμα.
538 1086 667 1125 Ἔσται
693 1079 764 1134 οῧν,
785 1085 901 1138 φησὶν,
921 1087 968 1128 ὡς
987 1085 1026 1123 ἂν
1055 1085 1155 1123 ἴδωσί

129 1163 167 1186 σε
187 1149 218 1186 οἱ
242 1148 445 1198 Αἰγύπτιοι,
467 1149 617 1200 ἐροῦσιν,
644 1146 697 1185 ὅτι
723 1147 809 1198 γυνὴ
841 1149 944 1186 αὐτοῦ
965 1146 1053 1194 αὕτη
1068 1163 1076 1170 ·
1097 1147 1156 1185 καὶ

128 1205 355 1244 ἀποκτενοῦσί
375 1221 443 1256 με,
477 1206 515 1244 σὲ
549 1205 585 1244 δὲ
603 1206 905 1258 περιποιήσονται.
943 1208 1021 1245 Οὐκ
1056 1201 1156 1256 εἷπε,

127 1266 166 1304 σὲ
199 1266 447 1318 καθυὲρίσουσι
462 1283 470 1291 ·
490 1266 577 1311 τέως
596 1270 634 1306 οὐ
653 1266 816 1319 βούλεται
840 1267 948 1315 αὐτὴν
967 1269 1148 1314 καταπλῆ-

127 1327 181 1371 ξαι
198 1327 254 1366 διὰ
269 1331 336 1366 τῶν
360 1327 540 1380 ῥημάτων,
556 1327 672 1372 ἄλλως
690 1344 727 1366 τε
744 1328 804 1366 καὶ
821 1328 971 1367 δέδοικεν
990 1327 1078 1381 ὑπὲρ
1093 1330 1157 1374 τ’ἧς

128 1388 338 1439 ἐπαγγελίας
359 1393 418 1427 τοῦ
443 1391 547 1428 Θεοῦ.
569 1389 638 1428 Διὰ
665 1389 766 1428 τοῦτό
789 1405 896 1443 φησι,
913 1390 961 1428 Σὲ
995 1390 1031 1428 δὲ
1059 1405 1156 1443 περι·

127 1449 355 1496 ποιήσονται·
374 1449 449 1488 εἰπὲ
466 1444 538 1498 οὖν,
561 1450 614 1488 ὅτι
635 1450 766 1503 ἀδελφὴ
789 1453 893 1490 αὐτοῦ
911 1453 996 1502 εἶμι.
1020 1451 1156 1490 Ἔννόει

130 1525 189 1560 μοι
208 1513 242 1550 ἐν
261 1510 316 1563 οἵᾳ
334 1512 549 1551 καταστάσει
568 1512 751 1565 τυγχάνειν
768 1513 859 1557 εἰκὸς
877 1507 920 1561 ἦν
940 1518 1000 1553 τοῦ
1021 1513 1157 1553 δικαίου

127 1571 192 1618 τὴν
222 1573 388 1621 διάνοιαν,
407 1573 512 1620 ἡνίκα
532 1578 642 1612 ταῦτα
670 1574 896 1613 συνεὸούλευε
928 1578 972 1627 τῇ
1004 1576 1156 1628 γυναικί.

128 1632 221 1671 Ἴστε
235 1634 322 1686 γὰρ,
341 1635 416 1673 ἴστε
436 1638 510 1679 πῶς
530 1635 625 1674 οὐδὲν
645 1636 767 1674 τούτου
785 1636 975 1690 βαρύτερόν
992 1639 1068 1676 ἐστι
1087 1643 1159 1681 τοῖς

129 1693 310 1746 ἀνδράσιν,
326 1700 341 1716 ⁰
354 1698 401 1741 εἷς
431 1697 472 1735 τὸ
490 1696 554 1734 κᾶν
576 1699 623 1741 εἷς
653 1697 804 1749 ὑποψίαν
824 1698 988 1745 τοιαύτην
1007 1699 1072 1746 τὴν
1094 1716 1157 1751 γα-

129 1755 236 1804 μετὴν
271 1757 392 1795 ἐλθεῖν.
414 1757 459 1796 ‘O
492 1758 611 1809 μέντοι
640 1758 771 1803 δίκαιος
797 1759 857 1797 καὶ
889 1759 1078 1804 σπουδάζει
1096 1759 1157 1798 καὶ

130 1816 246 1855 πάντα
269 1823 381 1866 ποιεῖ,
411 1818 502 1858 ὥστε
526 1822 573 1864 εἷς
602 1819 699 1872 ἔργον
717 1818 782 1866 τὴν
810 1820 971 1872 μοιχείαν
991 1821 1151 1868 ἐκὸἦναι.

129 1876 234 1915 ’Ἀλλὰ
251 1878 300 1928 μὴ
317 1880 437 1923 ἁπλῶς
449 1911 458 1927 ,
477 1880 637 1932 ἀγαπητὲ
649 1910 658 1928 ,
681 1881 909 1934 καταψηφίσῃ
930 1886 990 1921 τοῦ
1006 1882 1152 1930 δικαίου,

128 1937 220 1976 ἀλλὰ
238 1939 298 1977 καὶ
317 1941 356 1978 ἐκ
369 1940 489 1979 τούτου
508 1941 663 1991 μάλιστα
682 1941 864 1991 κατάμαθε
886 1944 990 1981 αὐτοῦ
1011 1942 1070 1980 καὶ
1089 1943 1152 1991 τὴν

128 1998 264 2037 σύνεσιν
290 2000 354 2046 τὴν
372 2000 504 2047 πολλὴν
530 2001 590 2039 καὶ
608 2001 671 2047 τὴν
693 2001 854 2054 ἀνδρείαν
872 2018 878 2025 ·
906 2002 971 2050 τὴν
993 2003 1151 2058 ἀνδρείαν

129 2058 206 2108 μὲν,
225 2059 278 2098 ὅτι
303 2060 391 2099 οὕτω
420 2061 584 2113 γενναίως
604 2063 742 2114 ἀντεῖχε
763 2063 822 2101 καὶ
852 2063 1071 2117 περιεγένετο
1089 2069 1153 2112 τ’ἧς

127 2123 196 2158 τῶν
216 2123 394 2173 λογισμῶν
412 2125 592 2175 ταραχῆς,
613 2126 660 2166 ὡς
689 2125 750 2162 καὶ
769 2128 912 2163 τοιαῦτα
934 2126 1150 2176 συμὸουλεῧ-

129 2196 200 2220 σαι.
223 2181 306 2219 ’Ότι
325 2182 393 2234 γὰρ
412 2184 509 2222 οὐδέν
531 2187 604 2222 ἐστι
622 2183 744 2223 τούτου
763 2185 1030 2238 ἀφορητότερον,
1050 2187 1154 2227 ἄκουε

127 2245 187 2279 τοῦ
216 2243 444 2294 Σολομῶντος
461 2244 639 2296 λέγοντος·
670 2246 808 2290 Μεστὸς
836 2246 902 2299 γὰρ
919 2248 1024 2295 ζήλου
1047 2250 1154 2301 θυμὸς

127 2303 247 2356 ἀνδρὸς
281 2308 386 2351 αὐτῆς
404 2321 412 2329 ·
447 2307 485 2344 οὐ
516 2305 673 2358 φείσεται
692 2309 726 2345 ἐν
744 2307 862 2361 ἡμέρᾳ
882 2308 1029 2360 κρίσεως
1044 2339 1054 2357 ,
1075 2311 1152 2350 οὐδὲ

127 2363 378 2408 ἀνταλλάξεται
396 2368 535 2404 πολλῶν
564 2366 683 2419 δώρων
703 2367 766 2416 τὴν
783 2368 911 2422 ἔχθραν
927 2385 934 2393 ·
954 2370 1013 2408 καὶ
1031 2371 1151 2421 πάλιν,

126 2424 286 2477 Σκληρὸς
308 2428 354 2470 ὡς
371 2426 454 2479 ᾅδης
474 2429 587 2474 ζῆλος.

179 2483 343 2538 Ὁρῶμεν
359 2487 395 2525 δὲ
413 2487 580 2534 πολλοὺς,
600 2487 654 2527 ὅτι
668 2491 715 2532 εἷς
729 2492 902 2540 τοσαύτην
923 2494 1050 2544 μανίαν
1071 2495 1150 2545 ἐξη-

127 2545 368 2595 κοντίσθησαν,
379 2550 426 2591 ὡς
444 2548 534 2599 μηδὲ
547 2550 660 2588 αὐτῶν
678 2551 863 2602 φείσασθαι
879 2557 948 2592 τῶν
963 2561 1151 2607 γυναικῶν,

127 2606 217 2644 ἀλλὰ
241 2606 300 2644 καὶ
328 2608 430 2646 αὐτὸν
451 2609 508 2647 τὸν
531 2610 654 2662 μοιχὸν
672 2612 843 2658 πολλάκις
862 2616 1148 2670 συγκατέσφαξαν

127 2667 186 2704 καὶ
199 2667 352 2712 ἑαυτούς.
375 2670 538 2718 Τοσαύτη
559 2675 620 2710 τοῦ
640 2672 848 2724 πράγματός
861 2677 956 2716 ἐστιν
975 2682 997 2725 ἡ
1020 2679 1128 2730 μανία
1141 2709 1151 2727 ,

126 2727 185 2764 καὶ
201 2727 306 2772 οὕτως
330 2730 518 2776 ἀκάθεκτός
548 2734 641 2771 ἐστιν
667 2736 686 2771 ὁ
709 2736 829 2783 ζῆλος,
854 2739 902 2782 ὡς
922 2741 1152 2792 παρασκευά-

126 2790 194 2831 ζειν
231 2789 291 2827 καὶ
322 2793 384 2837 τῆς
405 2791 534 2836 οἰκείας
565 2794 741 2848 σωτηρίας
776 2799 948 2850 ὑπεριδεῖν
977 2799 1036 2839 τὸν
1056 2802 1150 2847 ἅπαξ

127 2849 254 2887 ἁλόντα
270 2853 321 2902 τῷ
348 2851 465 2891 πάθει.
483 2853 552 2892 Καὶ
569 2854 634 2902 τὴν
653 2855 715 2906 μὲν
736 2858 896 2911 ἀνδρείαν
913 2861 1041 2899 ἐκεῖθέν
1075 2865 1149 2902 ἐστι

126 2914 341 2959 καταμαθεῖν
369 2916 430 2950 τοῦ
459 2914 594 2954 δικαίου
611 2931 619 2940 ·
638 2916 702 2964 τὴν
738 2918 774 2956 δὲ
803 2920 939 2960 σύνεσιν
960 2924 1066 2962 αὐτοῦ
1084 2923 1148 2972 τὴν
1170 2934 1194 2966 C

126 2969 272 3019 πολλὴν,
291 2971 344 3009 ὅτι
363 2974 397 3010 ἐν
419 2975 602 3028 ἀμηχανία
619 2977 770 3032 τοσαύτῃ
783 3010 792 3028 ,
811 2981 871 3019 καὶ
901 2982 1022 3036 ὥσπερ
1040 2987 1074 3024 ἓν
1097 2985 1148 3022 δι·-

126 3030 240 3093 κτύοις
258 3033 470 3085 ἀποληφθεὶς
495 3034 619 3088 ἴσχυσε
636 3038 764 3087 ταύτην
786 3043 898 3095 εὑρεῖν
912 3043 976 3091 τὴν
990 3045 1087 3092 ὁδὸν,
1105 3046 1150 3084 δι’

126 3094 166 3136 ἧς
187 3092 329 3131 ἔλαττον
350 3093 390 3158 ’ἐν
406 3095 540 3146 γένοιτο
557 3097 597 3135 τὸ
616 3099 736 3139 κακόν.
761 3103 803 3140 Εἰ
822 3102 886 3153 μὲν
901 3103 970 3158 γὰρ
989 3099 1082 3144 εἶπεν
1096 3105 1150 3144 ὅτι

126 3152 211 3201 γυνὴ
229 3155 333 3193 αὐτοῦ
351 3159 407 3202 ἠν,
426 3157 486 3195 καὶ
505 3157 554 3209 μὴ
570 3160 781 3213 ὑπεκρίνατο
796 3164 836 3201 τὸ
859 3165 977 3217 δρᾶμα
992 3197 1002 3215 ,
1021 3167 1081 3205 καὶ
1099 3169 1150 3205 τῶ

127 3216 189 3258 τῆς
204 3215 351 3268 ἀδελφῆς
364 3217 510 3269 ὀνόματι
529 3222 718 3274 ἐχρήσατο,
739 3225 798 3263 καὶ
824 3227 912 3274 αὐτὴ
929 3227 969 3266 ἂν
992 3206 1149 3282 ἀφηρέθη

128 3277 187 3312 τοῦ
204 3275 354 3323 δικαίου,
375 3280 434 3316 τοῦ
453 3279 597 3325 κάλλους
615 3285 679 3329 τῆς
702 3285 888 3338 εὐμορφίας
905 3271 1150 3341 ἐπισπωμένου

130 3335 197 3371 τῶν
220 3336 417 3385 Αἰγυπτίων
435 3339 498 3387 τὴν
515 3342 709 3382 ἀκόλαστον
731 3346 887 3397 γνώμην,
908 3349 965 3387 καὶ
983 3353 1000 3388 ὁ
1020 3350 1150 3394 δίκαιος

162 3451 174 3464 ·
199 3442 328 3483 [savit.
350 3443 381 3477 in
396 3457 500 3491 marg.
514 3450 600 3492 conj.
622 3456 638 3489 ἡ
657 3457 689 3486 τὸ
706 3453 751 3493 Α]

1169 1543 1218 1568 323

1182 1580 1209 1610 A
1233 1572 1276 1610 tis
1294 1573 1404 1623 enim,
1425 1572 1525 1612 scitis
1543 1571 1636 1611 nihil
1656 1570 1804 1624 gravius
1822 1570 1960 1608 maritis
1977 1583 2062 1618 esse,
2079 1583 2186 1621 quam

1261 266 1417 297 norm..
1457 265 1601 296 xxxii.
2089 253 2182 315 375

1230 363 1305 402 que
1320 358 1373 387 est
1394 357 1437 387 ut
1451 362 1538 388 cum
1555 357 1592 386 te
1611 347 1783 385 viderint
1805 347 1996 399 AEgyptii‚
2013 350 2147 387 dicant
2170 367 2179 386 .-

1229 413 1313 448 Ista
1329 419 1385 448 est
1406 423 1504 448 uxor
1519 412 1601 462 ejus
1616 425 1631 454 ;
1647 417 1683 447 et
1704 409 1880 447 occident
1899 423 1972 455 me,
1996 417 2033 446 te
2050 419 2180 448 autem

1228 473 1450 509 servabunt.
1473 470 1683 520 Considera,
1700 478 1871 521 quantum
1888 469 2091 508 confidebat
2105 484 2180 508 mo-

1227 533 1328 570 ribus
1348 532 1524 581 mulieris,
1542 546 1611 570 non
1631 541 1790 570 metuens
1805 545 1847 569 ne
1860 530 2028 569 laudibus
2044 531 2182 569 emolli-

1228 602 1340 638 retur,
1356 594 1441 644 quiu
1461 602 1495 631 et
1510 593 1579 631 tale
1593 593 1728 631 inducit
1743 593 1946 642 consilium,
1959 592 2082 631 dicens
2103 609 2111 629 :
2131 594 2181 632 Ut

1227 667 1271 691 ne
1290 667 1346 691 me
1364 653 1508 704 quidem
1525 654 1704 704 occidant,
1728 663 1761 692 te
1779 663 1897 692 autem
1916 664 2056 693 servent
2075 670 2083 691 :
2104 656 2180 693 Dic

1226 717 1358 766 igitur,
1376 715 1492 753 Soror
1505 717 1587 766 ejtcs
1599 729 1697 761 sum,
1718 724 1758 752 ut
1773 717 1869 752 mihi
1882 718 1975 753 bene
1987 719 2050 762 sic,
2068 725 2104 754 et
2119 718 2180 754 vi-

1230 783 1289 813 vet
1305 778 1441 813 anima
1460 789 1546 812 mea
1565 784 1722 827 propter
1742 784 1790 813 te.
1812 776 1989 822 Quoniam
2007 791 2075 814 non
2097 777 2178 815 vul-

1228 849 1312 887 gare
1326 845 1400 874 crat
1415 835 1511 886 quod
1526 835 1737 888 imperabat,
1758 844 1942 887 propterca
1962 837 2081 874 verbis
2101 851 2180 887 qum

1228 896 1407 947 subdidit,
1416 897 1559 936 allicere
1573 911 1648 935 eam
1663 896 1756 934 etad
1771 895 2052 934 misericordiam
2065 898 2182 934 [lecte-

1229 971 1278 1006 re,
1301 958 1588 1011 persuadereque
1607 957 1639 996 ei
1660 956 1824 1005 volebat,
1846 965 1885 994 ut
1903 965 2042 1008 promte
2061 956 2096 994 in
2116 957 2183 993 hnc

1228 1020 1351 1058 sabula
1370 1029 1490 1073 partes
1510 1034 1592 1058 suas
1612 1027 1742 1071 ageret.
1764 1019 1957 1056 Futurum
1977 1027 2032 1056 est
2051 1020 2185 1070 itaque

1231 1090 1273 1120 ut
1292 1096 1378 1120 cum
1395 1090 1433 1120 te
1451 1083 1623 1120 viderint
1637 1082 1828 1133 AEgyptii,
1848 1080 1983 1118 dicant
2002 1095 2012 1115 :
2030 1082 2114 1117 Ista
2127 1088 2183 1117 esc

1231 1145 1435 1194 uxorejus,·
1449 1152 1485 1182 et
1497 1144 1671 1181 occident
1684 1156 1757 1188 me,
1773 1150 1810 1179 te
1820 1149 1950 1179 autem
1961 1143 2183 1179 servabunt.

1230 1205 1308 1243 Non
1321 1204 1430 1254 dixit,
1442 1203 1675 1243 Contumeliis
1687 1213 1719 1242 te
1733 1202 1906 1241 afficient:
1919 1217 1988 1241 non
1998 1203 2076 1240 vult
2090 1202 2184 1240 enim

1231 1281 1308 1307 cam
1328 1281 1422 1305 nunc
1437 1266 1558 1305 verbis
1578 1275 1723 1316 terrere,
1747 1265 1925 1318 przccipue
1943 1278 2029 1302 vcro
2051 1272 2185 1302 metue-

1231 1328 1292 1367 bat
1313 1342 1420 1382 super
1438 1329 1506 1367 Dei
1525 1327 1772 1382 promissione.
1790 1329 1980 1379 Propterea
2000 1326 2089 1364 dicit
2105 1342 2112 1363 :
2135 1328 2186 1364 Te

1232 1399 1361 1429 autem
1381 1392 1591 1429 servabunt
1609 1405 1617 1426 :
1636 1391 1699 1428 dic
1712 1391 1840 1441 igitur,
1855 1389 1971 1427 Soror
1989 1391 2071 1440 ejus
2087 1402 2184 1426 sum.

1232 1452 1371 1505 Cogita,
1388 1466 1524 1503 quaeso,
1541 1465 1611 1503 quo
1622 1450 1730 1489 fuisse
1742 1459 1819 1488 tum
1834 1450 1869 1488 in
1881 1459 1974 1487 statu
1987 1449 2075 1501 justi
2089 1463 2185 1488 men-

1231 1519 1302 1550 tem
1316 1511 1512 1551 verisimile
1522 1510 1582 1560 sit,
1595 1525 1676 1548 cum
1688 1509 1755 1548 ista
1770 1509 1873 1547 uxori
1885 1509 2094 1547 consuleret.
2111 1508 2187 1547 Sci-

1232 1643 1270 1672 ut
1280 1634 1337 1673 vel
1353 1634 1389 1672 in
1407 1634 1583 1687 ejusmodi
1600 1633 1839 1686 suspicionem
1857 1645 1950 1669 uxor
1964 1631 2095 1670 veniat.
2114 1632 2185 1671 Vc-

1230 1704 1430 1733 rumtamen
1450 1694 1511 1732 hic
1528 1695 1647 1747 justus
1665 1703 1700 1731 et
1718 1691 1898 1731 contendit
1923 1701 1956 1730 et
1975 1706 2115 1729 omnem
2135 1691 2186 1729 la-

1229 1755 1352 1809 pidem
1373 1765 1508 1806 movet,
1527 1764 1568 1793 ut
1591 1747 1808 1793 adulterium
1825 1767 1932 1806 opere
1953 1753 2184 1805 compleatur.

1229 1817 1311 1854 Noli
1329 1825 1446 1855 tamen
1457 1817 1596 1869 justum
1610 1816 1706 1853 hunc
1722 1824 1853 1852 temere
1863 1813 2111 1864 condemnare,
2131 1813 2185 1851 di-

1227 1877 1432 1926 lectissime,
1444 1877 1506 1916 sed
1518 1891 1562 1915 ex
1570 1877 1639 1915 hoc
1648 1876 1767 1929 potius
1782 1875 1932 1913 multam
1943 1876 2018 1927 ejus
2029 1875 2184 1927 pruden-

1226 1939 1312 1976 tiam
1326 1952 1367 1977 ac
1378 1938 1626 1976 fortitudinem
1638 1950 1832 1989 cognosce,
1846 1935 2092 1974 fortitudinem
2106 1936 2186 1987 qui-

1225 1998 1320 2050 dem,
1335 1999 1432 2051 quod
1447 1999 1493 2038 ita
1509 2013 1675 2052 generose
1690 1997 1847 2036 motibus
1863 1997 2121 2048 cogitationum
2136 2012 2185 2036 re·

1226 2061 1367 2111 stiterit,
1383 2075 1512 2112 eosque
1523 2059 1713 2113 superarit,
1729 2058 1886 2097 ut'etiam
1899 2058 1965 2096 ista
1977 2058 2186 2098 consuleret.

1225 2122 1258 2159 H
1261 2135 1302 2159 ac
1314 2122 1409 2160 enim
1426 2135 1464 2160 re
1477 2121 1571 2160 nihil
1587 2134 1663 2159 esse
1679 2119 1940 2158 intolerabilius
1954 2119 2041 2156 audi
2057 2133 2103 2156 ex
2119 2119 2185 2157 Sa-

1226 2182 1381 2229 lomone,
1401 2182 1463 2232 qui
1481 2181 1594 2219 dicit:
1609 2181 1759 2218 Plenus
1778 2182 1882 2217 enim
1896 2180 2094 2232 zelisuror
2104 2182 2184 2217 viri
2197 2187 2289 2216 Pron,
2312 2190 2340 2217 6.

1226 2245 1309 2295 ejus
1326 2258 1343 2287 ,-
1369 2256 1448 2280 ηοη
1463 2250 1597 2293 parcet
1615 2243 1660 2278 in
1674 2241 1738 2278 die
1752 2240 1910 2293 judicii,
1935 2254 2059 2292 neque
2079 2254 2182 2278 com-
2196 2226 2246 2267 34.
2261 2228 2314 2259 3⁵·

1226 2305 1394 2342 mutabit
1405 2304 1535 2341 odt‘um
1547 2302 1679 2341 multis
1691 2302 1803 2340 donis
1821 2317 1830 2338 :
1848 2309 1882 2339 et
1893 2315 2030 2348 rursus,
2048 2303 2182 2340 Durus
2197 2309 2287 2339 Cant.
2306 2309 2335 2341 8.
2352 2311 2381 2341 6.

1225 2374 1268 2404 ut
1287 2366 1465 2419 infernus
1482 2364 1602 2403 zelus.

1278 2489 1316 2528 5.
1339 2489 1476 2528 Multos
1492 2497 1609 2527 autem
1623 2486 1789 2527 videmus
1801 2486 1837 2524 in
1853 2494 1986 2524 tantam
2001 2485 2177 2523 insaniam
2223 2499 2383 2538 zelotypiae

1224 2551 1445 2606 prorupisse,
1479 2559 1519 2588 ut
1552 2562 1616 2587 nec
1649 2547 1824 2586 uxoribus
1862 2547 1950 2599 ipsis
1978 2553 2174 2598 parcerent,
2191 2548 2311 2617 ζίῗξέἰέ

1225 2613 1288 2652 sed
1309 2622 1343 2652 et
1366 2611 1571 2650 adulterum
1590 2609 1707 2662 ipsum
1731 2621 1972 2660 saepenumero
1993 2617 2027 2645 et
2049 2615 2176 2645 semet-

1223 2675 1320 2728 ipsos
1342 2672 1594 2712 interimerent.
1617 2671 1734 2707 Tanta
1756 2669 1806 2706 rei
1825 2668 1933 2720 hujus
1952 2676 2004 2705 cst
2022 2667 2173 2717 insania,

1223 2745 1296 2774 tam
1315 2736 1489 2788 impotens
1509 2741 1542 2770 et
1561 2730 1735 2769 indomita
1750 2738 1802 2767 est
1822 2728 2013 2782 zelotypia,
2035 2737 2075 2766 ut
2094 2742 2175 2767 eum

1223 2797 1286 2849 qui
1305 2796 1412 2835 semel
1440 2795 1508 2832 hac.
1531 2791 1742 2845 aegritudine
1759 2799 1942 2842 correptus
1964 2789 2025 2840 sit,
2042 2789 2175 2828 efficiat

1221 2858 1328 2896 etiam
1344 2855 1527 2910 propriam
1544 2853 1693 2892 salutem
1713 2860 1944 2889 contemnere.
1961 2851 2011 2888 Ac
2030 2850 2171 2888 fortitu·

1219 2919 1339 2958 dinem
1360 2916 1503 2969 quidem
1517 2914 1607 2968 justi
1625 2913 1708 2951 licet
1723 2911 1807 2950 inde
1825 2924 2033 2963 cognoscere
2051 2927 2059 2947 :
2078 2925 2169 2964 pru-

1219 2981 1376 3020 dentiam
1391 2992 1475 3018 vero
1487 2990 1556 3015 non
1572 2974 1784 3013 mediocrem
1801 2986 1847 3011 ex
1862 2986 1916 3020 eo,
1933 2971 2031 3023 quod
2045 2972 2080 3010 in
2093 2981 2170 3010 tan-

1221 3052 1274 3081 tas
1290 3041 1454 3080 redactus
1473 3036 1655 3090 angustias
1668 3044 1701 3074 et
1715 3044 1883 3086 tanquam
1901 3033 2039 3084 laqueis
2055 3032 2170 3070 irreti-

1222 3114 1291 3150 tus,
1309 3103 1401 3140 hanc
1420 3100 1516 3138 viam
1537 3096 1691 3151 potuerit
1709 3094 1929 3151 adinvenire,
1949 3108 2018 3145 qua
2038 3094 2171 3132 malum

1222 3164 1501 3203 imminueretur.
1520 3160 1613 3198 Nam
1634 3157 1663 3196 si
1687 3156 1834 3209 quidem
1847 3155 1998 3194 dixisset
2026 3168 2173 3192 uxorem

1221 3241 1258 3265 se
1283 3225 1380 3263 illius
1402 3236 1489 3272 csse,
1520 3233 1632 3272 neque
1656 3218 1814 3257 fabulam
1840 3217 1940 3255 illam
1962 3216 2103 3268 egisset,
2135 3229 2175 3252 ac

1224 3286 1353 3325 sororis
1377 3297 1502 3322 nomen
1526 3288 1729 3333 usurpasset
1750 3295 1758 3316 ε
1779 3289 1813 3318 et
1841 3279 1917 3331 ipsa
1940 3279 2039 3330 justo
2061 3284 2177 3328 crepta

1219 3356 1319 3396 esset,
1351 3359 1432 3383 cum
1466 3344 1542 3395 ejus
1575 3343 1696 3381 sormze
1734 3338 1967 3393 pulchritudo
2002 3336 2178 3377 lascivum
