2433 3775
803 226 845 255 ΙΝ
883 225 984 254 (ῚΑΙ).
1025 223 1054 252 Ι.

149 311 210 350 καὶ
232 312 307 362 εἰκῇ
325 312 483 362 δαπανᾷν
503 312 596 360 ἡμᾶς
616 309 674 348 τὸν
694 307 817 360 χρόνον
843 306 1059 360 “προσήκει,
1084 303 1175 344 ἀλλὰ

148 374 225 410 καθ’
248 371 397 418 ἑκάστην
419 370 554 423 ἡμέραν
575 369 635 408 καὶ
667 368 762 422 ὥραν
781 369 850 422 πρὸ
871 360 1058 420 ὀφθαλμῶν
1083 368 1175 416 λαμ-

148 432 264 471 ὅάνειν
283 432 324 471 τὸ
347 435 406 470 τοῦ
428 429 555 482 Κυρίου
576 429 773 483 κριτήριον·
810 429 871 468 καὶ
899 429 978 467 τίνα
1009 427 1071 479 μέν
1102 429 1175 465 ἐστι

148 493 192 533 τὰ
210 493 343 541 πολλὴν
363 496 447 544 ἡμῖν
473 492 536 539 τὴν
557 491 758 546 παῤῥησίαν
785 490 961 543 προξενεῖν
981 489 1174 540 δυνάμενα,

147 554 225 592 τίνα
241 553 276 592 δὲ
296 553 340 593 τὰ
359 553 421 602 τὴν
444 553 587 592 κόλασιν
615 552 841 592 ἐπιτείνοντα.
860 551 931 590 Καὶ
950 549 1040 590 οὕτω
1063 555 1174 588 ταῦτα

149 615 352 669 στρέφοντες
382 618 416 654 ἐν
435 620 504 658 τοῖς
523 615 705 666 ἡμετέροις
723 615 926 665 λογισμοῖς,
958 609 1174 663 ιιπεριγενώ-

149 679 238 726 μεθα
252 679 321 714 τῶν
340 678 474 722 παθῶν,
511 674 805 725 καταστέλλωμεν
824 675 925 724 ἡμῶν
945 670 990 710 τὰ
1004 675 1066 718 τῆς
1086 687 1173 723 σαρ-

149 738 208 780 κὸς
237 737 479 790 σκιρτήματα,
510 736 571 774 καὶ
597 734 826 788 νεκρώσωμεν
856 735 970 784 ἡμῶν,
997 731 1089 770 κατὰ
1114 732 1172 770 τὸν

151 798 321 850 μακάριον
336 798 489 844 Παῦλον,
504 795 561 835 Τὰ
579 795 670 847 μέλη
688 795 731 834 τὰ
744 795 802 834 ἐπὶ
814 797 876 842 τῆς
889 797 952 845 γῆς
965 822 974 839 ,
997 792 1172 845 πορνείαν,

149 858 378 911 ἀκαθαρσίαν,
397 857 505 901 πάθος
517 887 527 905 ,
545 856 734 908 ἐπιθυμίαν
748 855 873 903 κακὴν,
891 854 1013 906 θυμὸν,
1025 855 1171 892 πλεονε-

149 917 235 967 ξίαν,
250 917 456 967 κενοδοξίαν,
476 917 682 968 βασκανίαν.
703 916 790 955 Ἐὰν
812 916 945 960 τούτοις
960 921 1030 960 τοῖς
1045 914 1172 953 πάθεσι

146 978 286 1031 νεκροὺς
305 978 446 1023 ἑαυτοὺς
466 978 758 1030 καταστήσωμεν,
784 980 831 1020 ὡς
860 977 909 1028 μὴ
940 977 1106 1016 δύνασθαι
1137 978 1170 1014 ἐν

146 1044 231 1091 ἡμῖν
252 1043 415 1094 ἐνεργεῖν,
439 1039 655 1091 δυνησόμεθα
681 1040 739 1078 τὸν
767 1039 902 1093 καρπὸν
923 1042 983 1077 τοῦ
1007 1036 1173 1089 Πνεύμα-

145 1117 203 1146 τος
222 1100 403 1150 δέξασθαι,
415 1106 430 1122 ⁰
440 1101 475 1146 ὅς
489 1104 582 1140 ἐστιν
596 1100 731 1152 Ἀγάπη
746 1130 755 1149 ,
772 1099 879 1153 χαρὰ,
894 1099 1026 1152 εἰρήνη,
1046 1114 1174 1151 μακρο-

147 1161 270 1214 θυμία,
287 1162 505 1215 χρηστότης,
524 1162 732 1214 ἀγαθωσύνη
745 1190 755 1207 ,
772 1161 889 1204 πίστις
900 1191 910 1209 ,
925 1160 1100 1213 πραότης,
1118 1161 1174 1207 ἐγ-

147 1223 304 1274 κράτεια.
321 1222 418 1269 Αὕτη
438 1228 498 1262 τοῦ
518 1225 728 1274 Χριστιανοῦ
743 1222 830 1276 πρὸς
845 1223 903 1261 τὸν
918 1222 1064 1261 ἄπιστον
1084 1220 1175 1259 ἔστω

147 1287 169 1330 ἡ
189 1285 336 1338 διαφορά
349 1300 357 1308 ·
377 1289 487 1323 ταῦτα
503 1286 604 1335 ἡμῶν
621 1285 713 1323 ἔστω
731 1284 775 1322 τὰ
796 1283 1038 1336 γνωρίσματα,
1061 1282 1110 1333 μὴ
1132 1285 1174 1334 τῇ

148 1346 366 1398 προσηγορίᾳ
387 1346 491 1396 μόνον
511 1345 856 1397 ἐγκαλλωπιζώμεθα
869 1375 880 1391 ,
898 1346 988 1396 μηδὲ
1009 1347 1058 1397 τῷ
1085 1344 1176 1397 σχή-

148 1421 234 1455 ματι
254 1405 345 1457 μέγα
366 1409 559 1458 φρονῶμεν,
576 1407 708 1457 μᾶλλον
729 1405 765 1444 δὲ
786 1405 898 1457 μηδὲ,
918 1408 948 1444 εἰ
964 1410 1075 1444 ταῦτα
1091 1421 1176 1452 κτη-

146 1466 296 1517 σαίμεθα
335 1467 424 1519 ἅπερ
456 1467 784 1519 ἀπηριθμησάμην,
821 1467 911 1520 μέγα
947 1466 1176 1520 φρονήσωμέν

147 1526 160 1548 ¹
166 1543 271 1575 ποτε,
300 1528 391 1566 ἀλλὰ
412 1528 472 1567 καὶ
496 1528 573 1567 τότε
600 1529 734 1579 μᾶλλον
753 1528 896 1572 ἑαυτοὺς
925 1528 1174 1580 συστείλωμεν.

144 1587 258 1628 υΟταν
277 1588 346 1643 γὰρ
364 1590 480 1629 πάντα
495 1590 667 1638 ποιήσητε
679 1620 689 1638 ,
704 1590 804 1643 φησὶ,
817 1589 950 1642 λέγετε,
966 1590 1020 1630 ὅτι
1040 1593 1176 1643 ἀχρεῖοι

146 1650 262 1688 δοῦλοί
278 1653 392 1702 ἐσμεν.
408 1651 495 1690 Ἐὰν
507 1651 598 1691 οὕτω
618 1652 919 1706 μεμεριμνημένοι
934 1652 1175 1704 τυγχάνωμεν,

146 1711 205 1749 καὶ
227 1715 290 1759 τῆς
316 1714 449 1751 ἑαυτῶν
475 1713 650 1766 σωτηρίας
680 1713 930 1767 φροντίζωμεν,
956 1713 1176 1764 δυνησόμεθα

145 1773 206 1812 καὶ
233 1772 375 1817 ἑαυτοὺς
394 1774 438 1812 τὰ
459 1773 608 1827 μέγιστα
636 1775 794 1828 ὠφελεῖν,
823 1775 882 1813 καὶ
907 1774 1082 1818 κολάσεως
1113 1777 1177 1820 τῆς

147 1834 340 1884 μελλούσης
355 1835 576 1888 ἐξαρπάζειν,
598 1836 657 1875 καὶ
677 1841 749 1880 τοῖς
769 1838 818 1879 εἷς
836 1839 930 1886 ἡμᾶς
951 1838 1058 1887 δρῶσι
1079 1836 1176 1874 διδά-

146 1898 270 1934 σκαλοι
289 1896 442 1948 γίνεσθαι
455 1899 522 1936 τῶν
541 1898 800 1950 συμφερόντων·
814 1897 872 1935 ἵνα
886 1897 976 1947 μετὰ
995 1896 1175 1949 ἀκριὸείας

146 1956 203 1994 τὸν
234 1957 392 2009 παρόντα
420 1957 641 2003 διανύσαντες
669 1958 756 2009 βίον,
780 1957 1052 2009 καταξιωθῶμεν
1088 1961 1176 2005 ἔτ’ἦς

147 2018 183 2054 ἐν
216 2021 266 2071 τῷ
298 2018 462 2068 μέλλοντι
494 2019 774 2072 φιλανθρωπίας,
808 2014 850 2065 ἧς
881 2019 1014 2071 γένοιτο
1043 2020 1176 2063 πάντας

147 2081 242 2127 ἡμᾶς
274 2080 464 2131 ἐπιτυχεῖν,
486 2079 608 2131 χάριτι
639 2081 698 2119 καὶ
731 2083 927 2134 οἷκτιρμοῖς
954 2084 1015 2119 τοῦ
1045 2080 1174 2132 Κυρίου

145 2141 247 2188 ἡμῶν
267 2140 384 2186 Ἰησοῦ
399 2141 553 2191 Χριστοῦ
571 2168 580 2187 ,
604 2143 679 2190 μεθ’
701 2135 740 2179 οὗ
758 2143 809 2193 τῷ
826 2141 942 2193 Πατρὶ
961 2141 1042 2185 δόξα
1056 2171 1066 2190 ,
1085 2142 1175 2193 κρά-

146 2213 223 2247 τος,
245 2199 332 2250 τιμὴ
354 2202 400 2243 εἷς
419 2199 497 2244 τοὺς
514 2201 642 2244 αἰῶνας
657 2203 726 2240 τῶν
746 2201 896 2240 αἰώνων.
918 2201 1040 2253 Ἀμήν.

548 2334 727 2373 ΟΜΙΛΙΑ
762 2332 802 2372 ε’.

144 2429 215 2468 Καὶ
241 2422 334 2468 εἶπεν
355 2432 374 2467 ὁ
389 2428 497 2474 Θεός·
526 2430 736 2483 συναχθήτω
752 2431 791 2470 τὸ
811 2430 903 2484 ὕδωρ
937 2431 977 2470 τὸ
1008 2430 1173 2469 ὑποκάτω

197 2494 256 2529 τοῦ
288 2493 432 2543 οὐρανοῦ
464 2493 511 2534 εἷς
537 2491 741 2543 συναγωγὴν
773 2491 869 2543 μίαν,
888 2492 956 2534 ,καὶ
983 2491 1124 2545 ὀφθήτω
1150 2495 1171 2538 ἡ

199 2551 298 2603 ξηρά·

197 2648 292 2701 Φέρε
312 2649 370 2687 καὶ
392 2648 544 2701 σήμερον
566 2651 604 2688 ἐκ
625 2652 694 2688 τῶν
714 2653 774 2688 τοῦ
797 2649 971 2702 μακαρίου
991 2650 1169 2693 Μωϋσέως

145 2710 312 2762 ῥημάτων
342 2710 404 2757 τὴν
435 2710 589 2749 ἑστίασιν
611 2714 825 2763 παραθῶμεν
844 2714 940 2763 ὑμῶν
962 2714 1007 2764 τῇ
1030 2711 1168 2764 ἀγάπῃ,

144 2772 204 2810 καὶ
228 2771 272 2809 τὰ
296 2771 388 2810 κατὰ
410 2771 472 2819 τὴν
496 2771 618 2824 τρίτην
639 2772 776 2826 ἡμέραν
792 2773 890 2826 παρὰ
912 2778 973 2812 τοῦ
990 2772 1170 2812 Δεσπότου

145 2831 444 2885 δημιουργηθέντα
464 2833 758 2885 κατοπτεύσωμεν
777 2834 865 2885 μετὰ
886 2834 1078 2887 ἀκριόείας.
1102 2835 1172 2872 ἴἘἰ

188 2955 200 2970 ²
219 2945 320 2980 Saxil.
335 2954 368 2979 et
380 2955 523 2990 quatuor
538 2949 617 2983 Mss.
636 2956 793 2995 προςῆκεν.
806 2948 924 2982 Morel.
943 2957 976 2981 et
992 2949 1047 2981 alii
1063 2963 1157 2995 προσ-

145 3006 218 3036 ήΙΞι.

1093 220 1256 251 GENES.

2138 205 2160 217 ρ

1295 220 1451 250 nomn„
1494 220 1537 249 V.
2137 219 2196 265 fn.)

1246 312 1386 355 tempus
1421 301 1620 354 expendere
1659 316 1722 340 nos
1759 311 1896 354 oportet
1912 332 1920 348 ‚
1955 302 2016 340 sed
2048 303 2198 353 singulis

1244 363 1371 404 dicbus
1385 372 1419 402 et
1432 363 1530 402 horis
1545 372 1625 402 ante
1635 363 1756 401 oculos
1768 371 1906 400 nostros
1919 376 2114 414 proponere
2129 365 2197 400 Do-

1245 424 1334 463 mini
1349 424 1550 477 judieium3
1568 433 1602 462 et
1622 438 1701 475 quoe
1714 423 1786 462 sint
1803 438 1842 461 ea
1861 437 1940 474 quae
1957 437 2121 474 magnam
2139 439 2198 461 no-

1245 485 1300 523 bis
1321 484 1489 523 fiduciam
1509 485 1637 523 asset-re
1666 493 1810 535 queant,
1831 497 1994 534 quaenam
2017 483 2099 521 item
2122 498 2198 534 quw

1197 558 1222 588 c
1244 560 1385 598 poenam
1404 546 1565 584 inserant.
1586 548 1703 596 Atque
1722 545 1795 583 haec
1815 545 1861 583 ita
1882 553 2060 583 versantes
2076 544 2111 581 in
2131 558 2197 581 no-

1243 607 1326 646 stris
1344 608 1636 659 cogitationibus,
1655 621 1863 660 superemus
1876 607 2039 653 affectus,
2055 619 2199 658 compe-

1241 683 1381 707 scamus
1405 670 1521 708 carnis
1541 669 1715 716 lascivias,
1735 677 1769 707 ct
1792 668 2060 717 mortificemus,
2074 680 2200 705 secun-

1240 728 1327 767 duiu
1339 730 1482 769 beatum
1496 730 1852 779 Paulum,JtJembra
1864 737 1997 767 nostra
2011 742 2096 781 quae
2110 736 2199 766 sunt
2218 744 2332 771 θυμω,
2351 745 2377 771 ,;,

1241 853 1461 899 molliciem,
1479 854 1833 904 concupiscentiam
1851 852 2013 898 malam,
2033 851 2200 896 furorem,

1241 915 1608 960 avaritiarn,vanau1
1621 910 2042 964 gloriamfinridentiam.
2052 911 2158 957 Quod
2173 913 2200 949 si

1241 973 1297 1012 his
1309 975 1556 1013 affectionibus
1570 989 1633 1012 nos
1645 982 1801 1012 mortuos
1813 971 2091 1019 reddiderimus,
2102 972 2148 1009 ita
2164 982 2201 1009 ut

1241 1034 1276 1073 in
1297 1036 1399 1074 nobis
1412 1035 1500 1074 nihil
1513 1035 1652 1088 operari
1665 1034 1821 1083 valeant,
1837 1033 2032 1085 poterimus
2043 1033 2201 1085 accipere

1243 1097 1378 1134 fructus
1389 1095 2199 1149 Spiritus,quisuntCaritas,gaudium,pax‚
2231 1110 2250 1135 η

1244 1158 1537 1210 longanimitas,
1551 1155 2201 1209 benignitas,bonitas,fides‚man-

1243 1221 1418 1267 suetudo,
1433 1218 1773 1260 continentia.Hoc
1789 1218 1986 1257 Christiani
2004 1218 2050 1255 al»
2067 1217 2202 1256 infideli

1198 1292 1224 1323 n
1243 1280 1434 1320 discrimen
1460 1281 1506 1320 sit
1525 1281 1604 1319 :his
1623 1280 1817 1333 signaculis
1845 1280 2139 1329 inter-noscamur,
2161 1294 2203 1317 ne

1243 1342 1316 1380 sola
1333 1342 1571 1395 appellatione
1590 1356 1771 1390 ornemur,
1791 1355 1903 1392 neque
1918 1340 2042 1378 habitu
2057 1350 2203 1379 externo

1242 1403 1409 1442 inflemur
1422 1412 1455 1442 et
1475 1404 1735 1456 superbiamus,
1758 1403 1829 1441 imo
1844 1403 1927 1440 licet
1942 1401 2204 1454 possideremus

1243 1465 1377 1515 omnia,
1399 1481 1479 1516 quae
1511 1479 1605 1503 nunc
1632 1464 1860 1513 enumeravi,
1884 1477 1927 1501 ne
1955 1463 2204 1516 superbiamus

1243 1540 1430 1577 umquam,
1444 1527 1514 1565 imo
1529 1527 1644 1578 magis
1659 1540 1720 1564 nos
1734 1525 1975 1564 humiliemus.
1991 1526 2096 1573 Nam,
2107 1526 2203 1563 Cum

1243 1590 1573 1642 oinniaseceritis,
1589 1589 1654 1640 ait,
1676 1590 1794 1627 dicite
1811 1604 1822 1624 :
1836 1588 1944 1627 Servi
1964 1588 2123 1625 inutiles
2140 1601 2203 1625 su-

1243 1664 1338 1689 mus.
1347 1650 1385 1688 Si
1398 1650 1446 1688 ita
1457 1650 1599 1688 solliciti
1614 1659 1772 1688 nostram
1785 1649 1936 1688 sulutem
1947 1648 2204 1698 curaverimus,

1242 1712 1439 1764 poterimus
1462 1721 1496 1749 et
1520 1711 1623 1750 nobis
1650 1711 1736 1764 ipsis
1754 1710 1921 1764 prodesse
1944 1710 2155 1762 plurimum,
2171 1719 2205 1748 et

1242 1787 1261 1810 a
1277 1773 1396 1812 futuro
1415 1773 1593 1826 supplicio
1612 1773 1716 1825 eripi,
1733 1782 1766 1811 et
1787 1772 1830 1810 iis
1855 1772 1916 1823 qni
1943 1786 2004 1810 nos
2029 1771 2200 1819 viderint,

1243 1834 1402 1885 magistri
1417 1848 1490 1871 esse
1505 1848 1624 1872 rerum
1638 1833 1783 1871 utilium
1801 1849 1808 1869 :
1824 1841 1863 1871 ut
1873 1832 2065 1883 diligenter
2080 1841 2201 1870 exacta

1244 1895 1310 1932 liae
1325 1894 1415 1941 vita,
1434 1908 1667 1945 assequamur
1680 1907 1860 1944 cum,quae
1881 1894 1916 1931 in
1936 1894 2058 1931 futuro
2072 1893 2202 1930 saeculo

1244 1956 1324 2006 erit,
1346 1955 1614 2007 benignitatem,
1627 1969 1734 2006 quam
1758 1954 1861 1992 nobis
1885 1953 2054 1992 omnibus
2076 1967 2201 1992 conce-

1243 2017 1305 2055 dat
1330 2017 1444 2068 gratia
1469 2026 1502 2054 et
1534 2015 1777 2055 misericordia
1807 2015 1954 2053 Domini
1980 2015 2090 2052 nostri
2117 2016 2200 2053 Jesu

1244 2079 1392 2127 Christi,
1406 2093 1488 2116 cum
1502 2093 1574 2129 quo
1594 2079 1690 2116 Patri
1706 2078 1833 2130 gloria,
1853 2077 2057 2129 imperium,
2086 2077 2202 2115 honor

1244 2139 1280 2177 in
1301 2139 1430 2178 saecula
1449 2139 1673 2181 saeculorum.
1690 2142 1815 2177 Amen.

1197 1908 1221 1938 E

1194 2305 1224 2328 52

1197 2342 1222 2370 Α
1574 2330 1790 2371 HOMILIA
1819 2329 1867 2369 V.

2216 785 2242 812 Γ.
2257 797 2285 813 ''-

2259 811 2267 825 d

1242 803 1356 842 super
1375 800 1534 838 terram,
1547 792 1867 844 fornicationem,
1892 791 2194 835 immunditiam,
2215 796 2231 813 ³

2329 1131 2333 1134 .
2353 1116 2401 1135 22’..

2223 1538 2333 1569 Lutum·
2358 1546 2402 1566 ιο.

1242 2428 1288 2466 Et
1301 2428 1397 2466 dixit
1416 2429 1514 2468 Deus
1534 2444 1540 2464 :
1561 2428 1804 2479 Congregetur
1819 2439 1911 2476 aqua
1930 2439 2008 2476 quau
2027 2424 2093 2462 sub
2113 2423 2198 2462 caeto
2217 2437 2291 2467 cm
2319 2449 2342 2467 1,
2369 2448 2398 2477 9,

1294 2500 1365 2535 est‚
1398 2490 1432 2527 in
1463 2488 1771 2541 congregationem
1804 2501 1934 2537 unam,
1967 2495 1999 2524 et
2029 2497 2197 2539 appareat

1292 2551 1406 2590 arida.

1295 2650 1330 2687 1,
1348 2649 1423 2698 Age
1438 2655 1470 2684 ct
1484 2644 1592 2682 hodie
1611 2658 1656 2682 ex
1674 2643 1768 2682 beati
1786 2644 1927 2681 Moseos
1940 2642 2060 2680 verbis
2076 2643 2198 2681 eonvi-

1241 2710 1341 2747 vium
1366 2710 1581 2746 instruamus
1597 2715 1724 2744 vestra:
1744 2704 1896 2752 caritati,
1913 2713 1945 2742 et
1971 2718 2049 2754 quae
2075 2718 2095 2741 a
2123 2705 2198 2742 Do-

1241 2769 1402 2809 minodic
1417 2768 1515 2806 tertio
1524 2768 1613 2805 saeta
1625 2765 1909 2816 sint‚diligenter
1920 2763 2195 2812 consideremus.

1241 2833 1332 2870 Nam
1349 2831 1380 2870 si
1400 2831 1423 2868 ii
1444 2829 1505 2881 qui
1531 2829 1564 2866 in
1583 2826 1796 2866 aurifodinis
1817 2826 1994 2877 laborant,
2011 2826 2071 2864 ubi
2091 2840 2198 2865 venas

1191 2948 1293 2980 ctoris
1317 2946 1454 2979 cerebro
1471 2952 1585 2977 enatos
1608 2944 1722 2986 putavi
1740 2960 1745 2977 ε
1765 2950 1803 2975 ιιι
1829 2954 1896 2976 non
1915 2942 2029 2975 inscite
2052 2942 2133 2975 milii
2157 2942 2203 2975 sc-

1190 2999 1272 3032 cisse
1289 2999 1466 3032 videantur
1484 2997 1664 3029 Veronens.
1683 2995 1775 3028 Edit.
1794 2995 2030 3040 Chrysostomi
2048 2997 2079 3027 iu
2096 2995 2199 3037 Epist.

187 3050 203 3074 ‘¹
219 3049 322 3083 Saril.
346 3058 380 3082 et
401 3051 476 3085 Mss.
503 3059 736 3098 περιγινώμεθα.
766 3053 882 3087 Morel.
912 3059 1152 3100 περιγενώμεθα.
1188 3051 1342 3086 Paulinas
1355 3059 1525 3091 auctores,
1541 3049 1596 3092 qui
1613 3060 1689 3081 cum
1707 3056 1844 3082 ventum
1860 3047 1966 3080 estad
1984 3047 2037 3079 itta
2055 3046 2202 3080 solennia

189 3108 200 3121 ·
216 3100 318 3134 Saxil.
341 3109 374 3134 ct.
390 3103 470 3146 Reg.
490 3115 572 3136 tinus
587 3110 603 3139 ὅ
619 3110 707 3139 ἐστιν.

190 3155 204 3180 s
220 3155 300 3198 Reg.
321 3167 402 3187 unus
421 3164 560 3198 πώποτε,
577 3168 641 3189 non
660 3156 757 3192 male.

184 3209 206 3237 ἐ
222 3205 278 3238 Sic
296 3205 398 3239 Saxil.
420 3215 454 3238 ct
475 3209 555 3251 Reg.
574 3208 688 3241 Morel.
709 3220 786 3241 vero
811 3218 864 3249 τῆς
887 3215 1003 3245 αἱωνίου
1018 3212 1155 3256 φιλανθρ.

150 3257 326 3291 Conclusio
343 3258 486 3292 homitiae
504 3262 537 3293 in
552 3261 628 3294 Mss.
655 3268 689 3293 et
709 3260 811 3296 Savil.
831 3263 938 3294 variat
961 3274 1022 3305 pro
1053 3273 1155 3293 more.

153 3309 229 3339 limo
246 3319 354 3342 autem
372 3313 521 3354 apposite
538 3320 635 3344 notat
659 3312 819 3346 Savilius:
840 3315 948 3347 «Mira
971 3322 1021 3347 est
1038 3314 1160 3356 ubique,
1194 3313 1285 3346 scula
1311 3311 1557 3351 circumfertur,
1575 3317 1607 3342 et
1626 3322 1726 3353 quam
1744 3310 1909 3342 edidimus
1931 3310 2041 3343 'romu
2069 3311 2101 3342 11
2120 3311 2208 3351 Ope-

1198 3377 1270 3396 rum
1297 3363 1466 3396 Athanasii
1484 3375 1517 3405 p.
1547 3363 1719 3406 ·104.Ejus
1741 3363 1871 3396 initium
1899 3370 1965 3401 est,
1984 3360 2082 3406 ὑπερ
2108 3368 2131 3395 οἱ
2158 3377 2209 3400 τῳ

155 3359 187 3390 in
216 3359 370 3396 clausulis
394 3362 606 3396 honulssarum
633 3365 857 3398 inconstantia
881 3365 915 3398 iu
939 3365 1048 3399 Codd.
1069 3367 1160 3406 M.-.s.,

153 3410 292 3456 ideoque
310 3424 363 3446 eas
390 3425 456 3447 nou
480 3416 612 3449 semela
630 3416 746 3449 scribis
772 3419 902 3461 potius,
920 3429 1019 3462 quarn
1039 3417 1082 3449 ab
1103 3430 1162 3450 au-

1191 3104 1289 3138 xerba
1303 3131 1312 3146 ,
1325 3110 1427 3148 χάριτι
1445 3108 1492 3136 καὶ
1510 3106 1732 3148 φιλανθρωπίᾳ,
1745 3099 1870 3144 reliqua
1889 3112 1950 3143 pro
1967 3099 2100 3133 lectoris
2114 3099 2202 3132 arbi-

1191 3158 1256 3190 trio
1271 3153 1434 3199 explenda
1452 3153 1677 3197 relinquunt.»
1829 3150 1832 3153 ”

1235 3220 1249 3235 ⁸
1266 3215 1298 3243 Et
1316 3214 1374 3254 γὰρ
1391 3213 1417 3241 o't
1440 3213 1494 3245 τὴν
1518 3214 1651 3251 χρυσῖτιν
1664 3214 1727 3248 γῆν.
1742 3206 1830 3237 Hinc
1851 3204 2041 3237 desumtum
2070 3213 2117 3237 e.·t
2144 3206 2205 3237 ini-

1194 3263 1275 3294 tium
1298 3258 1451 3292 Romilia:
1470 3258 1555 3290 illius
1572 3270 1644 3301 qua:
1661 3259 1747 3291 inter
1764 3259 1874 3300 spuria
1891 3257 1925 3290 S.
1937 3257 2108 3289 Athanasii
2123 3269 2205 3299 opn-

1200 3426 1330 3462 χρυτῖτιυ
1348 3423 1401 3459 γῆν
1416 3417 1622 3457 „aenum-tu.

2257 2839 2385 2876 Scriptui
2393 2850 2406 2865 a
