2516 3791
310 110 401 154 802

309 215 342 244 et
373 205 490 243 sciunt
515 205 578 256 qui
606 204 738 255 linguae
769 203 845 255 ejus
876 200 981 254 periti
1005 207 1099 243 sunt.
1129 197 1262 247 Magna

309 281 452 318 quoque
467 267 644 319 Syrorum
663 279 745 303 cum
770 265 920 302 Hebraea
951 261 1073 311 lingua
1099 257 1260 310 cognatio

311 337 376 366 est.
390 327 460 366 Sed
473 327 576 376 dieis,
594 340 702 378 quare
711 324 898 363 Transitor
906 319 1123 361 vocabatur?
1136 318 1261 358 Judaea
1286 337 1310 368 C

312 390 421 441 regio,
440 389 509 427 hoc
535 397 600 437 est,
623 385 812 424 Palaestina
838 384 966 429 omnis,
983 396 1062 434 quae
1081 382 1127 419 ab
1148 380 1262 433 AEgy-

137 465 301 502 Euphrates
314 460 375 503 pto
398 464 508 501 usque
531 449 577 487 ad
597 447 819 499 Euphratem
840 459 859 484 e
879 444 1122 497 regionejacet
1141 442 1263 496 Baby-

113 508 195 554 ¹³¹,¹“‘'⁵
212 506 300 573 ¹¹³¹Bffi'
315 512 432 561 loniae,
449 509 542 548 unde
557 517 631 547 erat
644 507 826 546 Abraham
845 522 852 544 :
869 515 902 545 et
917 505 1050 546 fluvius
1065 503 1265 544 communis

112 553 249 627 iiiiiiaeuei.
274 556 301 574 a·
315 573 485 613 terminus
519 570 704 621 utriusque
737 578 839 607 terrae
852 598 864 620 ,
896 567 1035 606 medius
1075 575 1264 617 utramque

315 643 420 674 secat.
445 631 493 670 Et
510 631 593 682 quia
623 629 807 669 Abraham
837 643 907 668 non
937 629 1145 668 Palaestinas
1173 635 1260 673 erat,

314 695 375 734 sed
393 694 439 732 ab
457 692 620 731 ulteriori
644 692 723 745 ripa
751 691 911 731 fluminis
926 699 1082 739 venerat,
1094 703 1221 742 nempe
1243 702 1264 727 a

315 754 514 808 Babylonia
535 769 542 791 :
565 753 644 792 ideo
666 768 686 791 a
704 753 782 792 loco
801 761 836 791 et
853 753 945 791 facto
963 765 1089 791 nomen
1110 749 1260 802 accepit,

314 826 347 856 et
375 816 492 854 dictus
518 825 570 854 est
602 813 790 853 Transitor
817 829 825 850 ι
853 814 937 865 quia
957 828 978 851 a
1008 813 1085 851 loco
1104 809 1264 850 ulteriori

314 878 474 917 fluminis
494 878 602 916 venit.
624 877 744 924 Quare
769 884 888 914 autem
911 874 1064 914 fluvium
1095 873 1265 913 transiit?

314 939 410 986 Quia
429 940 526 976 Deus
547 938 713 990 jusserat.
739 936 787 974 Et
815 950 925 988 quare
949 937 1046 973 Deus
1066 934 1196 988 jussit?
1215 935 1266 972 Ut

314 1001 555 1041 ostenderetur
595 998 796 1038 ohedientia
837 997 936 1050 justi.
987 998 1035 1036 Et
1085 996 1266 1048 quomodo

315 1073 452 1102 ostensa
473 1062 540 1100 fuit
559 1060 758 1100 obedientia
769 1059 882 1112 justi?
897 1059 991 1106 Quia
1011 1068 1156 1111 propter
1175 1073 1268 1111 prae-

316 1134 458 1178 ceptum
485 1123 553 1162 Dei
580 1121 733 1175 patriam
759 1135 860 1159 suam
885 1135 995 1171 quam
1019 1120 1178 1171 reliquit,
1203 1134 1269 1173 pro

316 1187 429 1224 aliena
458 1183 705 1223 commutavit.
727 1182 840 1223 Vides
859 1190 990 1233 quanta
1009 1191 1129 1220 catena
1148 1195 1269 1220 rerum

317 1249 354 1286 in
369 1246 606 1300 appellatione
625 1244 715 1298 justi
735 1243 924 1283 nectatur?
946 1244 1075 1295 Ingens
1102 1242 1267 1281 historia-

319 1323 400 1347 rum
425 1308 571 1360 pelagus
604 1319 729 1344 nomen
755 1305 824 1344 hoe
851 1304 954 1342 nobis
982 1304 1132 1357 aperuit.
1162 1304 1270 1343 Disce

318 1370 430 1422 igitur
452 1369 527 1421 ejus
543 1382 670 1406 nomen
688 1366 861 1419 primum,
882 1374 923 1403 ut
941 1379 1023 1404 cum
1040 1365 1173 1403 videris
1189 1379 1271 1404 eum

320 1431 548 1471 Palaestinam
560 1429 786 1478 incolentem,
802 1427 1040 1480 appellatione
1063 1427 1216 1465 nominis
1233 1426 1270 1465 in

320 1493 528 1531 memoriam
549 1491 704 1541 antiquae
734 1489 857 1542 patriae
889 1489 978 1541 ejus,
997 1496 1031 1527 et
1055 1502 1170 1527 causae
1191 1503 1273 1541 pro-

320 1564 400 1608 pter
420 1568 528 1605 quam
547 1567 624 1591 eam
643 1551 802 1603 reliquit,
819 1550 1090 1600 manuducaris,
1111 1559 1145 1588 et
1160 1549 1209 1587 ita
1227 1549 1274 1588 ad

163 1622 307 1652 Abraham
322 1614 538 1654 imitandum
561 1627 644 1652 eum
667 1612 889 1650 admoneare.
918 1611 1010 1649 Ecce
1033 1610 1128 1649 enim
1149 1619 1189 1648 ut
1214 1609 1276 1648 ille

119 1666 307 1744 22:222322„
754 1732 761 1739 ,
910 1732 916 1738 ,
1151 1732 1158 1738 ,
1203 1731 1211 1738 ,

322 1750 462 1788 quoque
489 1744 647 1787 tempore
671 1742 793 1785 grattae
824 1731 995 1770 traditam
1020 1740 1176 1784 susceplt
1201 1746 1274 1769 lm-

323 1797 510 1851 plendam,
545 1805 579 1834 et
605 1803 686 1834 ante
715 1803 856 1847 tempus
896 1793 1019 1845 gratiae
1049 1793 1149 1843 fecit,
1179 1792 1276 1845 quod

128 1868 235 1896 munh.
262 1875 308 1905 ¹9·
324 1868 446 1912 postea
469 1856 658 1909 discipulis
684 1854 848 1893 Christus
878 1854 974 1892 dixit
995 1870 1002 1891 :
1023 1854 1158 1893 Amen
1191 1855 1277 1892 dico

125 1910 176 1939 ²⁸·
205 1920 253 1949 29·
325 1922 451 1966 vobis,
473 1919 578 1971 quod
591 1917 723 1956 nullus
746 1925 802 1955 est
831 1917 899 1969 qui
926 1916 1085 1969 reliquit
1107 1916 1277 1966 domam,

325 1990 395 2020 aut
398 1982 564 2034 fratres,
583 1987 651 2018 aut
672 1991 834 2024 sorores,
852 1985 921 2015 aut
933 1985 1098 2029 patrem,
1112 1985 1181 2015 aut
1195 1991 1278 2014 ma-

328 2051 437 2089 trem,
464 2044 530 2094 qui
552 2055 631 2079 non
649 2039 873 2091 centuplum
892 2041 1068 2091 accipiet,
1092 2046 1129 2077 et
1151 2041 1279 2076 vitam

328 2111 512 2141 aeternam
524 2102 746 2154 possidebit.
758 2101 838 2138 Non
855 2100 972 2137 solum
985 2108 1104 2138 autem
1117 2099 1202 2137 hinc
1216 2114 1278 2152 ap-

329 2173 441 2216 paret,
460 2177 568 2214 quam
587 2162 762 2214 sapienter
784 2161 917 2200 vixerit
947 2161 1072 2212 justus,
1088 2160 1148 2199 sed
1173 2161 1280 2199 etiam

134 2238 194 2262 «cn
227 2242 271 2261 ια,
289 2242 311 2261 ι.
331 2225 397 2263 Dei
418 2224 607 2278 promissio
628 2224 696 2261 hoc
715 2222 884 2260 declarat.
901 2223 997 2260 Veni
1020 2221 1126 2269 enim,
1146 2221 1278 2272 inquit,

331 2290 372 2324 in
392 2295 548 2331 terram,
569 2298 686 2337 quam
712 2292 975 2321 monstravero
1008 2285 1091 2320 tibi.
1113 2284 1205 2320 Nam
1226 2292 1282 2320 ta·-

332 2347 434 2385 metsi
457 2355 614 2396 utraeque
637 2345 706 2383 illae
731 2344 891 2395 regiones
915 2342 1081 2381 Chaldaea
1103 2352 1134 2381 ct
1162 2343 1282 2382 Palae-

332 2409 424 2446 stina
439 2416 538 2445 crant
559 2405 770 2458 corporales,
786 2404 850 2442 illa
877 2413 992 2442 tamen
1014 2418 1077 2442 sua
1099 2413 1186 2454 erat,
1208 2405 1284 2443 haec

333 2469 447 2506 aliena
462 2485 469 2504 ε
486 2468 546 2505 illa
565 2477 673 2515 certa,
694 2467 769 2505 haec
796 2466 928 2504 incerta
947 2481 954 2502 :
972 2466 1033 2504 illa
1052 2466 1088 2504 in
1108 2466 1285 2513 manibus,

334 2533 410 2570 haec
431 2532 467 2569 in
491 2546 553 2583 spe
573 2547 581 2567 ε
601 2531 678 2583 ipse
701 2538 820 2567 autem
844 2529 976 2567 relictis
1001 2529 1117 2577 certis,
1137 2528 1286 2567 manife-

335 2593 412 2642 stis,
434 2601 467 2630 et
482 2592 524 2629 iis
536 2606 614 2643 quae
629 2591 664 2629 in
682 2604 789 2628 manu
808 2589 1111 2633 e1·ant‚festinavit
1129 2599 1285 2628 etti-ans-

337 2655 377 2692 iit
390 2654 435 2692 ad
451 2654 596 2701 incerta,
613 2652 805 2703 incognita,
820 2660 853 2690 et
872 2651 919 2690 ad
950 2666 988 2690 ea
1013 2651 1050 2689 in
1066 2651 1197 2702 quibus
1216 2651 1285 2689 sibi

338 2731 405 2754 non
424 2716 555 2753 licebat
572 2714 761 2762 dominari,
782 2723 820 2751 ut
839 2713 1047 2766 persuadeat
1065 2712 1286 2764 erudiatque,

340 2791 449 2827 neque
498 2775 835 2823 contradicendum,
876 2788 987 2825 neque
1036 2773 1287 2822 cunctandum,

338 2838 481 2889 quando
504 2839 600 2875 Deus
621 2837 803 2874 manifesta
831 2835 1027 2886 relinquere
1053 2835 1166 2886 jubet,
1188 2844 1221 2873 et
1243 2834 1289 2873 ad

340 2914 379 2937 ca
406 2913 484 2949 quae
507 2913 575 2936 non
602 2906 773 2950 apparent
803 2897 988 2949 respicere.
1009 2896 1087 2933 Non
1108 2896 1202 2934 enim
1217 2905 1289 2934 tam

341 2969 434 2997 certa
462 2974 541 3010 qua:
575 2959 610 2996 in
633 2958 812 3007 manibus,
833 2967 938 3008 atque
963 2971 1002 2995 ca
1027 2971 1103 3007 quae
1129 2956 1166 2995 in
1194 2971 1256 3010 spe
1279 2972 1286 2993 ι

344 3035 410 3058 non
427 3020 520 3058 enim
538 3020 586 3057 sie
613 3019 794 3056 manifesta
819 3027 867 3056 est
888 3032 1039 3070 praesens
1059 3017 1136 3055 haec
1160 3017 1232 3056 vita
1253 3027 1292 3056 ut

344 3083 460 3119 sutura
489 3081 563 3118 illa.
584 3081 684 3117 Hane
706 3079 799 3116 enim
824 3078 986 3117 videmus
1014 3078 1142 3116 nostris
1168 3078 1292 3128 oculis,

343 3143 443 3180 illam
471 3142 635 3180 videmus
661 3140 774 3178 oculis
801 3139 884 3177 sulci
913 3155 920 3175 :
947 3139 1038 3177 hanc
1066 3138 1229 3177 videmus
1255 3139 1290 3177 in

344 3204 508 3241 inanibus
526 3202 653 3240 nostris
668 3200 832 3253 positam,
855 3200 953 3237 illam
972 3199 1136 3238 videmus
1153 3200 1186 3237 in
1204 3215 1289 3252 pro-

345 3264 572 3302 missionibus
588 3262 654 3299 Dei
669 3261 892 3299 custoditam.

188 3346 270 3370 pm„
291 3360 298 3369 ‚
324 3355 327 3367 ,
397 3326 433 3360 Ι..
469 3322 722 3361 promissiones
747 3330 863 3358 autent
895 3320 956 3357 Uri
989 3320 1100 3356 multo
1130 3320 1292 3358 certiorts

322 1685 402 1714 ante
415 1674 530 1725 legem
544 1682 577 1711 et
589 1672 744 1723 sublege
753 1670 866 1710 vitam
880 1683 1000 1721 agens,
1009 1669 1275 1722 philosophiam
1300 1685 1324 1715 Ε

721 121 760 152 S.
796 119 975 152 JOANNJS
1009 115 1249 147 cttaYSOS'r.
1288 114 1493 146 ARCfflEP.
1530 117 1880 149 CONSTANTINOP-

1335 197 1490 248 περάτης
1526 200 1686 252 ἐλέγετο,
1712 200 1837 254 φησίν;
1868 200 1914 239 ‘H
1948 199 2100 240 Ἰουδαία
2127 201 2250 254 χώρα,
2271 218 2353 241 του-

1335 257 1463 307 τέστιν,
1485 262 1506 306 ἡ
1531 261 1751 310 Παλαιστίνη
1767 269 1877 311 πᾶσα,
1895 265 1916 309 ἡ
1938 262 2006 300 ἀπὸ
2022 265 2083 309 τῆς
2099 263 2274 314 Αἰγύπτου
2295 264 2358 315 με’-

1334 336 1396 374 χρι
1423 324 1484 359 τοῦ
1519 322 1722 376 Εὐφράτου,
1752 326 1830 362 κατ’
1852 323 1994 376 ἀντικρὺ
2023 329 2137 361 κεῖται
2155 327 2219 370 τῆς
2236 325 2357 362 Boreu-

1335 381 1481 431 λωνίας,
1500 382 1575 421 ὅθεν
1594 378 1636 431 ἦν
1655 387 1674 423 ὃ
1690 383 1867 438 Ἀδραάμ·
1886 384 1946 423 καὶ
1977 383 2080 435 μέσος
2102 387 2153 436 ῥεῖ
2171 385 2214 423 δι’
2239 387 2358 437 ἀμφο-

1335 442 1444 498 τέρων
1463 446 1481 482 ὃ
1499 444 1672 495 ποταμὸς,
1702 446 1815 484 κοινὸν
1849 445 2008 497 μεθόριον
2029 444 2076 484 ὢν
2100 445 2266 497 ἑκατέρας
2297 447 2361 492 τῆς

1335 507 1415 557 γῆς.
1432 505 1534 545 Ἐπεὶ
1549 499 1607 543 οῧν
1629 508 1690 546 οὐκ
1709 507 1779 545 ἀπὸ
1796 509 1858 553 τ’ῆς
1875 505 2113 553 Παλαιστίνης
2128 500 2182 553 ἦν,
2200 507 2276 545 ἀλλ’
2292 507 2362 545 ἀπὸ

1337 569 1397 606 τοῦ
1419 565 1528 619 πέραν
1546 560 1648 614 ἦλθεν
1666 566 1736 606 ἀπὸ
1750 569 1813 614 τῆς
1829 565 2055 610 Βαὸυλωνίας
2066 595 2076 613 ,
2098 567 2155 606 διὰ
2172 571 2273 606 τοῦτο
2292 567 2363 606 ἀπὸ

1336 631 1397 666 τοῦ
1412 626 1520 665 τόπου
1542 628 1602 666 καὶ
1621 630 1680 667 τοῦ
1708 627 1915 680 πράγματος
1939 628 1990 667 -τὸΔ
2018 628 2127 679 ὄνομα
2153 627 2275 675 ἔλαὸε,
2302 627 2362 666 καὶ

1337 688 1491 741 περάτης
1510 689 1665 741 ἐλέγετο,
1686 688 1804 737 ἐπειδὴ
1823 688 1892 727 ἀπὸ
1912 693 1971 729 τοῦ
1989 688 2098 740 πέραν
2117 683 2213 736 ἦλθε.
2233 689 2302 728 Διὰ
2328 689 2363 727 τί

1339 750 1373 789 δὲ
1407 750 1476 789 ἀπὸ
1495 755 1555 790 τοῦ
1577 750 1686 804 πέραν
1714 744 1841 798 ἦλθεν,
1863 750 2011 798 Ἐπειδὴ
2031 752 2048 789 ὁ
2069 749 2158 794 Θεὸς
2188 750 2361 789 ἐκέλευσε.

1339 810 1409 850 Καὶ
1432 811 1488 850 διὰ
1503 811 1537 850 τί
1555 814 1572 850 ὃ
1594 811 1681 855 Θεὸς
1697 810 1896 860 ἐκέλευσεν,
1914 810 1992 850 Ἵνα
2011 811 2103 863 δείξῃ
2123 811 2186 859 τὴν
2207 811 2364 859 ὑπακοὴν

1339 876 1399 910 τοῦ
1431 872 1577 911 δικαίου.
1599 872 1668 911 Καὶ
1689 874 1764 916 πῶς
1790 872 1922 911 ἐδείκνυ
1950 872 2013 920 τὴν
2039 872 2196 920 ὑπακοὴν
2225 876 2285 911 τοῦ
2314 874 2364 911 δι-

1341 933 1463 982 καίου,
1489 932 1575 973 ’Ότι
1607 933 1664 972 διὰ
1698 934 1738 972 τὸ
1769 935 1872 973 αὐτοῦ
1903 933 2115 987 πρόσταγμα
2145 933 2208 982 τὴν
2234 934 2371 973 οἰκείαν

1340 995 1455 1047 ἀφεὶς,
1473 994 1537 1042 τὴν
1572 994 1756 1047 ἀλλοτρίαν
1788 994 1864 1032 ἀντὶ
1894 995 2027 1043 ἐκείνης
2048 996 2236 1042 ἠλλάξατο.
2265 990 2367 1039 Εἶδες

1339 1055 1431 1103 πόση
1465 1054 1632 1094 πλέκεται
1654 1056 1754 1109 σειρὰ
1789 1056 1858 1094 ἀπὸ
1890 1060 1952 1104 τῆς
1979 1063 2040 1097 τοῦ
2070 1056 2203 1097 δικαίου
2235 1073 2368 1111 προση-

1339 1116 1476 1169 γορίας;
1496 1115 1712 1168 Ὁλόκληρον
1733 1121 1819 1168 ἡμῖν
1851 1117 2001 1169 πέλαγος
2020 1118 2174 1173 ἱστορίας
2198 1119 2239 1158 τὸ
2258 1119 2372 1170 ὄνομα»

1339 1178 1453 1226 ἤνοιξε
1484 1182 1597 1218 τοῦτο.
1635 1178 1737 1217 Μάθε
1770 1179 1883 1218 τοίνυν
1919 1180 2079 1218 αὐτοῦτὸ
2110 1181 2220 1232 ὄνομα
2238 1181 2278 1220 τὸ
2299 1196 2368 1218 πα-

1338 1240 1448 1289 λαιὸν,
1463 1240 1518 1278 ἵνα
1538 1239 1620 1280 ὅταν
1648 1239 1724 1293 ἴδῃς
1744 1241 1847 1280 αὐτὸν
1879 1241 1944 1288 τὴν
1963 1241 2206 1288 Παλαιστίνην
2234 1243 2370 1280 οἰκοῦν·-

1341 1317 1408 1350 τα,
1432 1301 1489 1340 διὰ
1519 1303 1582 1347 τῆς
1615 1301 1851 1356 προσηγορίας
1884 1304 1986 1341 αὐτοῦ
2013 1303 2099 1354 πρὸς
2130 1302 2193 1350 τὴν
2216 1303 2370 1355 ἀρχαίαν

1341 1362 1495 1416 πατρίδα
1515 1363 1855 1416 χειραγωγούμενος,
1876 1363 1936 1402 καὶ
1958 1364 2140 1415 μανθάνων
2156 1364 2220 1411 τὴν
2241 1364 2369 1413 αἰτίαν,

1343 1424 1386 1462 δι’
1412 1425 1453 1471 ἣν
1487 1424 1594 1471 αὐτὴν
1629 1423 1868 1475 ἐγκατέλιπεν,
1899 1425 2022 1472 ἱκανὴν
2058 1425 2144 1478 πρὸς
2176 1425 2232 1463 τὸν
2266 1425 2370 1463 αὐτὸν

1364 1487 1446 1530 ἧλον
1474 1485 1587 1536 λάὸῃς
1619 1485 1855 1537 παράκλησιν.
1875 1485 2073 1539 Ἄνθρωπος
2105 1485 2174 1539 γὰρ
2208 1485 2276 1538 πρὸ
2308 1485 2369 1524 νό-

1349 1562 1413 1598 μου
1430 1546 1490 1584 καὶ
1506 1549 1569 1593 τῆς
1596 1546 1738 1598 ἐννόμου
1759 1545 1937 1590 πολιτείας
1962 1547 2022 1596 ὢν,
2044 1547 2107 1594 τὴν
2128 1549 2163 1585 ἐν
2182 1549 2226 1597 τῇ
2252 1547 2374 1599 χάριτι

1346 1607 1549 1660 φιλοσοφίαν
1568 1607 1777 1656 ἐπεδείξατο,
1787 1608 1848 1646 καὶ
1861 1607 2072 1660 ὅπερέλεγεν
2087 1607 2228 1660 ὕστερον
2244 1612 2262 1647 ὁ
2280 1609 2371 1662 Χρι-

1348 1667 1427 1712 στὸς
1445 1674 1514 1712 τοῖς
1531 1669 1736 1712 ἀποστόλοις
1749 1683 1758 1692 ·
1777 1667 1886 1719 Ἀμὴν
1901 1668 1993 1720 λέγω
2010 1671 2104 1718 ὑμῖν,
2124 1667 2177 1707 δ’τι
2191 1670 2253 1707 οὐκ
2268 1669 2376 1717 ἔστιν,

1348 1730 1441 1774 ὅστις
1481 1732 1612 1782 ἀφῆκεν
1653 1729 1787 1779 οἰκίαν,
1815 1729 1838 1776 ἢ
1871 1729 2057 1783 ἀδελφοὺς,
2089 1729 2111 1776 ἢ
2147 1729 2320 1783 ἀδελφὰς,
2352 1730 2374 1777 ἢ

1347 1790 1545 1845 πατέρα,ἢ
1568 1790 1722 1844 μητέρα,
1750 1791 1786 1835 ὃς
1816 1793 1880 1843 οὐχ
1904 1790 2248 1830 ἑκατονταπλασίονα
2264 1791 2377 1843 λήψε-

1349 1869 1429 1902 ται,
1459 1852 1518 1890 καὶ
1546 1851 1637 1899 ζωὴν
1659 1851 1796 1890 αἰώνιον
1827 1851 2102 1906 κληρονομήσει·
2121 1856 2222 1891 τοῦτο
2250 1854 2376 1896 ἐκεῖνος

1351 1914 1408 1952 διὰ
1434 1917 1503 1952 τῶν
1523 1913 1633 1966 ἔργων
1663 1913 1731 1966 πρὸ
1759 1917 1821 1961 τῆς
1844 1913 1986 1967 χάριτος
2012 1912 2183 1961 ἐποίησεν.
2205 1915 2283 1952 Οὐκ
2307 1913 2377 1952 ἀπὸ

1349 1974 1470 2014 τούτου
1490 1975 1526 2014 δὲ
1559 1975 1660 2027 μόνον
1691 1974 1754 2023 τὴν
1788 1974 1992 2027 φιλοσοφίαν
2021 1974 2112 2013 ἐστὶν
2138 1975 2220 2013 ἰδεῖν
2245 1979 2305 2014 τοῦ
2326 1976 2376 2013 δι-

1351 2036 1462 2086 καίου,
1482 2036 1574 2076 ἀλλὰ
1593 2037 1652 2075 καὶ
1669 2036 1737 2075 ἀπὸ
1756 2038 1818 2082 τῆς
1835 2035 2055 2088 ὑποσχέσεως
2077 2038 2182 2082 αὐτῆς
2197 2040 2256 2074 τοῦ
2270 2037 2376 2074 Θεοῦ.

1351 2101 1464 2150 Δεῦρο
1484 2097 1570 2150 γὰρ,
1587 2097 1704 2150 φησὶν,
1733 2100 1780 2142 εἷς
1806 2096 1870 2144 τὴν
1891 2100 1969 2149 γῆν,
1988 2097 2030 2144 ἣν
2061 2097 2102 2135 ἄν
2123 2112 2176 2135 σοι
2197 2096 2310 2141 δείξω.
2333 2098 2378 2135 Εἰ

1351 2159 1420 2212 γὰρ
1439 2160 1499 2198 καὶ
1521 2158 1716 2211 ἀμφότεραι
1737 2158 1902 2205 αἰσθηταὶ
1922 2160 1955 2195 αἱ
1977 2157 2160 2209 πατρίδες,
2183 2160 2259 2196 ἀλλ’
2276 2161 2297 2204 ἡ
2317 2157 2377 2208 μὲν

1353 2219 1464 2258 οἰκεία
1496 2214 1551 2268 ἦν,
1581 2223 1602 2266 ἡ
1634 2220 1669 2258 δὲ
1702 2218 1891 2272 ἀλλοτρία·
1920 2218 1979 2255 καὶ
2001 2222 2022 2265 ἡ
2047 2217 2110 2268 μὲν
2130 2218 2284 2271 φανερὰ,
2301 2222 2323 2265 ἡ
2344 2217 2379 2257 δὲ

1355 2281 1503 2327 ἄδηλος·
1530 2280 1589 2319 καὶ
1622 2284 1643 2327 ἡ
1675 2280 1737 2331 μὲν
1762 2282 1796 2318 ἐν
1824 2280 1958 2332 χερσὶν,
1986 2282 2008 2326 ἡ
2039 2279 2075 2317 δὲ
2101 2281 2136 2318 ἐν
2165 2280 2297 2318 ἐλπίσι·
2320 2279 2379 2318 καὶ

1297 2370 1344 2394 693
1356 2345 1449 2393 ὅμως
1478 2342 1523 2381 τὰ
1551 2341 1682 2394 φανερὰ
1713 2341 1772 2380 καὶ
1799 2343 1888 2388 δῆλα
1919 2341 2042 2379 καὶτὰ
2067 2342 2102 2378 ἐν
2122 2341 2244 2395 χερσὶν
2264 2341 2381 2389 ἀφεὶς,

1309 2407 1334 2435 Α
1356 2404 1441 2457 πρὸς
1473 2402 1518 2442 τὰ
1547 2406 1659 2455 ἀφανῆ
1694 2403 1754 2441 καὶ
1775 2403 1914 2451 ἄδηλα,
1943 2402 2003 2440 καὶ
2035 2396 2082 2440 ὧν
2115 2405 2176 2441 οὐκ
2202 2398 2243 2450 ἦν
2265 2403 2382 2456 κύριος

1356 2466 1507 2517 ἔτρεχεν,
1529 2464 1585 2502 ἵνα
1609 2480 1647 2503 σε
1667 2464 1770 2516 πείσῃ
1799 2463 1859 2502 καὶ
1880 2462 2066 2515 παιδεύσῃ,
2084 2463 2166 2502 ὅταν
2189 2467 2207 2502 ὃ
2226 2465 2314 2508 Θεὸς
2336 2464 2381 2503 τὰ

1357 2526 1418 2578 μὲν
1440 2527 1528 2572 δῆλα
1548 2528 1684 2579 ἀφεῖναι
1703 2525 1823 2577 κελεύῃ
1838 2556 1848 2573 ,
1868 2525 1953 2578 πρὸς
1967 2525 2002 2565 δὲ
2022 2526 2066 2564 τὰ
2094 2527 2207 2573 ἄδηλα
2229 2525 2382 2577 βλέπειν,

1358 2587 1406 2639 μὴ
1425 2586 1628 2639 ἀντιλέγειν,
1647 2587 1735 2638 μηδὲ
1757 2586 2002 2639 ἀμφισὲητεῖν.
2021 2589 2074 2626 Οὐ
2101 2586 2168 2639 γὰρ
2183 2587 2274 2625 οὕτω
2293 2587 2383 2633 δῆλά

1358 2650 1431 2688 ἐστι
1454 2648 1497 2687 τὰ
1517 2651 1550 2687 ἐν
1567 2649 1699 2702 χερσὶν,
1718 2651 1764 2691 ὡς
1786 2650 1900 2686 ἐκεῖνα
1918 2648 1962 2686 τὰ
1985 2650 2018 2686 ἐν
2038 2648 2189 2687 ἐλπίσιν·
2208 2650 2274 2700 οὐχ
2292 2647 2384 2687 οὕτω

1360 2710 1448 2757 δήλη
1479 2709 1571 2747 ἐστὶν
1598 2713 1620 2755 ἡ
1646 2713 1805 2761 παροῦσα
1829 2708 1921 2757 ζωὴ,
1941 2712 1988 2752 ὡς
2019 2709 2132 2756 ἐκείνῃ
2152 2713 2173 2756 ἡ
2196 2709 2381 2760 μέλλουσα.

1361 2770 1504 2817 Ταύτην
1529 2769 1589 2821 μὲν
1610 2769 1677 2822 γὰρ
1702 2774 1836 2823 ὁρῶμεν
1864 2776 1934 2814 τοῖς
1959 2770 2142 2823 ἡμετέροις
2173 2772 2381 2822 ὀφθαλμοῖς,

1363 2831 1496 2879 ἐκείνην
1515 2833 1649 2884 ὁρῶμεν
1668 2837 1738 2874 τοῖς
1756 2834 1817 2877 τῆς
1845 2831 1996 2875 πίστεως
2026 2833 2215 2884 ὀφθαλμοῖς
2227 2847 2235 2855 ·
2254 2831 2385 2877 ταύτην

1364 2896 1499 2946 ὁρῶμεν
1528 2895 1560 2930 ἐν
1591 2899 1666 2936 ταῖς
1693 2893 1880 2945 ἡμετέραις
1913 2893 2014 2945 χερσὶ
2049 2893 2223 2944 κειμένην,
2251 2892 2384 2939 ἐκείνην

1365 2958 1498 3006 ὁρῶμεν
1516 2954 1574 2993 καὶ
1593 2961 1666 2997 ταῖς
1683 2954 1905 3005 ἐπαγγελίαις
1924 2959 1984 2992 τοῦ
2002 2957 2093 2994 Θεοῦ
2110 2953 2383 3006 φυλαττομένην.

1433 3319 1466 3353 U.
1502 3314 1534 3353 δὲ
1556 3314 1757 3363 ἐπαγγελίαι
1791 3316 1848 3351 τοῦ
1879 3314 1970 3350 Θεοῦ
2001 3313 2117 3362 πολλῷ
2145 3309 2375 3359 δυνατώτεραι
