2516 3791
329 155 424 220 676
732 171 770 202 s.

329 256 383 308 gis
397 254 537 293 dilexit.
563 255 657 293 Nam
677 254 790 305 magis
809 252 978 291 amabiles
1002 249 1172 289 videntur
1179 245 1274 295 -filii,

329 316 448 368 quiin
472 324 648 353 senectute
675 315 750 367 ipsa
778 321 1007 365 generantur,
1036 309 1277 360 majoremque

328 386 473 429 patrum
487 375 769 414 benevolentiam
786 379 1031 422 assequuntur.
1049 368 1119 407 Sed
1135 376 1175 405 ut
1190 366 1278 405 scia·
1302 383 1326 413 Ε

329 451 424 485 111115
444 451 512 475 non
525 437 593 473 hoc
607 436 721 473 solum
735 434 843 471 fuisse
855 431 952 483 quod
965 440 1103 483 patrem
1121 429 1176 467 illi
1197 442 1277 467 con-

328 469 497 546 ciliabat,
517 497 565 533 ita
592 505 631 533 ut
661 509 742 532 eum
767 494 847 531 aliis
872 493 1067 544 praeferret,
1092 490 1194 528 docet
1217 503 1280 527 nos

331 558 514 610 Scriptura
533 556 637 593 etiam
652 564 732 607 post
749 555 854 592 illum
875 553 988 590 alium
1002 566 1142 603 quoque
1157 559 1281 588 natum

332 633 405 658 esse
431 618 547 655 filium
565 633 572 653 ε
589 626 622 654 et
643 616 672 654 si
692 616 890 654 secundum
908 614 1105 652 naturalem
1124 625 1282 650 amorem

331 679 474 718 dilectio
488 678 625 727 fuisset,
639 686 840 730 postremus
856 676 980 714 fuisset
994 674 1106 726 magis
1117 673 1280 718 dilectus,

333 749 454 792 utpote
466 753 548 777 vere
563 737 752 776 senectutis
766 737 876 785 silius,
891 746 924 774 et
943 745 1027 773 tunc
1042 744 1156 782 natus,
1172 746 1282 784 quan-

332 801 379 839 do
408 800 453 838 ad
480 809 695 852 postremam
721 807 935 837 senectutem
966 795 1126 849 pervenit
1151 795 1282 846 justus.

333 862 432 909 Quid
447 861 557 913 igitur
575 870 627 899 est
641 859 857 898 dicendum?
875 859 1073 910 Supernam
1091 854 1285 907 quamdam
1298 890 1346 914 584

335 923 487 975 gratiam
511 922 634 972 fuisse,
652 936 731 973 quae
751 922 920 973 juvenem
948 919 1139 956 amabilem
1161 916 1282 954 redde·
1313 927 1336 955 Α

335 985 409 1033 bat,
428 993 461 1022 et
479 992 623 1035 propter
650 982 776 1020 animae
795 981 966 1019 virtutem
985 988 1023 1016 ut
1043 977 1178 1016 cunctis
1195 991 1287 1029 prae*

336 1046 486 1083 serretur
503 1044 677 1081 faciebat:
693 1042 784 1081 hanc
801 1050 919 1079 autem
938 1040 973 1077 in
1001 1039 1186 1091 Scriptura
1204 1051 1287 1089 pro-

338 1106 422 1158 poni
437 1119 591 1153 causam,
609 1103 702 1155 quod
716 1103 814 1140 filius
830 1100 1018 1140 senectutis
1027 1099 1146 1148 fuerit,
1163 1107 1197 1135 et
1210 1096 1288 1135 ideo

339 1168 454 1219 magis
471 1181 552 1204 eum
572 1165 756 1213 dilexerit,
778 1173 817 1201 ut
836 1176 906 1200 non
932 1161 1115 1199 manifeste
1147 1167 1290 1210 augeret

341 1229 463 1268 odium
477 1229 638 1265 fratrum.
660 1225 791 1264 Gravis
811 1223 905 1261 enim
924 1222 1000 1259 haec
1019 1220 1127 1259 animi
1147 1219 1290 1271 aegritu-

339 1290 387 1328 do
405 1299 473 1338 est,
493 1298 523 1326 et
543 1286 686 1338 quando
715 1285 871 1323 animam
892 1283 1077 1329 invaserit,
1104 1295 1171 1318 non
1191 1280 1290 1333 prius

340 1364 419 1389 eam
436 1348 620 1400 relinquit,
634 1346 745 1385 donec
763 1346 799 1383 in
815 1354 1008 1383 extremam
1036 1341 1292 1380 absurditatem

343 1427 421 1450 eam
455 1409 663 1458 induxerit,
688 1417 722 1446 et
750 1406 882 1445 laedens
909 1406 1065 1443 animam
1085 1419 1102 1441 a
1125 1417 1193 1454 qua
1213 1412 1292 1440 nata

344 1482 416 1519 est,
433 1471 576 1510 omnino
599 1469 700 1507 aliter
721 1482 801 1506 eum
820 1467 876 1505 cui
890 1465 1026 1504 invidet
1041 1464 1167 1513 afficit,
1185 1477 1294 1514 quam

217 1539 331 1566 Invidia
344 1535 425 1572 vult
437 1546 581 1584 :nempe
592 1531 791 1575 clariorem,
813 1528 1043 1574 nobiliorem,
1064 1525 1294 1562 illustriorem

142 1587 284 1619 quantum

145 1624 266 1651 malurn.

345 1596 450 1633 illum
481 1592 620 1641 reddit,
650 1590 747 1628 unde
774 1589 901 1627 iterum
923 1588 990 1625 alia
1011 1587 1156 1638 gravior
1170 1586 1294 1624 invido
1319 1603 1342 1632 Β

345 1657 450 1709 plaga
469 1654 640 1692 nascitur.
664 1652 732 1689 Hic
754 1649 952 1688 consideres
978 1648 1090 1699 igitur
1117 1647 1296 1685 admiran-

345 1717 433 1755 dum
450 1715 582 1753 illum
568 1727 736 1766 juvenem
755 1725 874 1749 rerum
893 1723 970 1760 quae
987 1707 1206 1760 agebantur
1196 1722 1297 1759 igna-

346 1793 443 1827 rum,
463 1773 707 1829 repraesentari
729 1787 809 1811 cum
829 1771 901 1809 illis
927 1780 967 1808 ut
995 1784 1076 1808 cum
1102 1769 1296 1818 fratribus,

347 1849 380 1877 ct
393 1838 492 1890 quasi
512 1837 636 1875 eodem
651 1844 750 1872 utero
769 1833 875 1880 natis,
887 1831 1004 1870 omnia
1019 1845 1101 1869 cum
1117 1829 1248 1868 fiducia
1265 1839 1298 1867 et

348 1899 575 1953 simplicitate
592 1898 806 1948 loquentem,
814 1894 896 1932 illos
910 1902 1030 1931 autem
1044 1892 1107 1930 im
1109 1892 1191 1930 idiae
1204 1892 1299 1930 malo

349 1972 469 2014 captos
483 1961 565 1999 odio
578 1974 659 1998 eum
672 1965 927 2011 persequentes.
942 1955 978 1992 4.
997 1956 1035 1992 V
1031 1955 1176 1992 identes
1188 1953 1297 2002 enim,

351 2023 663 2075 inquit,sratres‚
683 2019 787 2071 quod
793 2025 910 2069 pater
921 2030 1001 2068 pra?
1018 2015 1301 2067 omnibusfiliis

352 2084 536 2135 diligebat
553 2094 652 2127 eum,
677 2081 839 2117 oderant
852 2093 957 2124 eum,
977 2086 1014 2115 et
1031 2091 1109 2114 non
1122 2085 1303 2128 poterant

353 2145 458 2197 loqui
488 2146 524 2180 ei
554 2141 766 2194 quidquam
789 2139 963 2191 pacifice.
996 2137 1092 2177 Vide
1123 2136 1302 2187 quomodo

353 2204 436 2242 odio
455 2210 719 2256 prosequuntur
733 2213 816 2237 eum
837 2199 900 2248 qui
925 2199 961 2236 in
981 2198 1080 2235 nullo
1094 2197 1299 2235 offenderat.

354 2267 407 2303 Et
430 2264 549 2309 nihil,
582 2261 719 2311 inquit,
740 2267 919 2311 poterant
948 2259 1055 2310 loqui
1073 2260 1109 2295 ei
1128 2258 1301 2309 pacifice.
1328 2271 1353 2301 (ζ
1378 2263 1387 2276 ’

354 2324 454 2372 Quid
484 2333 552 2371 est,
581 2321 694 2360 Nihil
721 2327 901 2371 poterant
931 2319 1037 2370 loqui
1055 2320 1091 2355 ei
1115 2318 1304 2369 pacifice?

354 2386 448 2433 Quia
469 2385 615 2422 affectus
629 2380 882 2420 dominabatur
896 2379 945 2417 eis
966 2388 999 2416 et
1013 2378 1173 2429 quotidie
1193 2391 1303 2429 auge-

354 2448 460 2485 batur
470 2445 606 2491 odium,
628 2457 691 2480 ceu
707 2440 802 2494 capti
822 2440 1012 2492 tyrannide
1027 2440 1136 2491 hujus
1153 2438 1253 2487 mali,
1269 2438 1306 2476 in

355 2508 438 2546 dolo
459 2505 709 2556 loquebantur,
725 2511 758 2539 et
773 2501 865 2539 nihil
879 2501 909 2538 ei
924 2501 1071 2553 pacifice
1086 2499 1182 2550 loqui
1203 2509 1303 2551 pote-

355 2577 446 2607 rant.
466 2565 562 2606 Yide
580 2574 698 2603 autem
716 2561 895 2614 quomodo
914 2576 1058 2599 causam
1078 2560 1150 2598 odii
1171 2560 1307 2612 signifi-

356 2630 469 2675 cavit,
487 2626 584 2679 quod
597 2639 722 2677 nempe
745 2624 791 2661 ab
811 2621 949 2660 invidia
967 2620 1158 2660 exordium
1171 2621 1306 2659 habue-

355 2691 415 2728 rit.
445 2692 495 2728 Ut
513 2689 697 2726 viderunt
719 2684 832 2732 enim,
858 2683 974 2734 inquit
989 2683 1156 2735 ,fratres
1171 2712 1182 2728 ,
1205 2681 1310 2734 quod

354 2760 466 2803 pater
490 2764 576 2787 eum
604 2762 683 2800 proe
703 2747 877 2783 omnibus
887 2744 992 2796 filiis
1011 2746 1090 2781 suis
1116 2743 1305 2794 diligeret.

360 2820 466 2855 Amor
479 2816 591 2869 patris
608 2813 779 2852 invidiam
794 2811 824 2850 ei
838 2811 988 2864 peperit,
1006 2809 1066 2848 sed
1080 2809 1192 2862 patris
1205 2808 1310 2846 bene-

359 2885 550 2924 volentiam
564 2882 678 2921 virtus
690 2880 756 2918 filii
774 2879 843 2917 sibi
857 2876 1072 2916 conciliarit.
1089 2876 1182 2914 Cum
1198 2873 1309 2925 igitur

406 3019 416 3032 ²
432 3005 534 3040 Savil.
564 3018 604 3037 111
608 3004 647 3037 ile
673 3020 746 3038 ταυ.
750 3021 783 3040 ην

361 3059 482 3092 Infra*
469 3075 513 3092 ινα
538 3075 576 3095 ἰν
602 3072 672 3091 ιανῑ

361 3124 425 3143 111111
438 3108 562 3152 viunisi
564 3117 612 3139 .·ς11
629 3120 712 3147 111101·
716 3116 761 3138 ret
776 3106 936 3137 invidiam
943 3104 1104 3147 fratrum.
1125 3102 1244 3135 Sensus
1260 3101 1286 3131 C
1290 3098 1372 3141 hry-

359 3163 499 3196 sostomi
522 3168 587 3197 est,
614 3158 793 3201 Josephnm
820 3169 838 3188 a
868 3155 996 3188 Jacobo
1022 3162 1116 3198 patre
1139 3152 1212 3195 plus
1244 3151 1357 3183 caeteri

361 3215 554 3248 adamatum
575 3211 681 3244 fuisse.
701 3209 745 3242 ob
763 3220 938 3251 supernam
961 3209 1101 3250 gratiam
1119 3212 1151 3237 et
1167 3205 1284 3236 animoe
1302 3203 1370 3233 vir—

364 3275 466 3300 tutem
488 3283 492 3299 z
519 3263 575 3296 sed
598 3275 638 3295 ne
666 3261 729 3293 boc
759 3260 863 3302 ipsum
890 3259 1048 3301 majorem
1072 3263 1202 3299 pareret
1231 3254 1372 3287 fratrum

362 3318 533 3357 iuvidiam,
552 3315 651 3349 aliurn
677 3312 840 3355 adjectam
859 3310 955 3342 fuisse
973 3311 1095 3342 amoris
1111 3319 1242 3341 causam
1256 3332 1264 3347 ,
1281 3304 1371 3349 quod

363 3371 515 3404 xitlelicet
533 3371 565 3403 in
583 3373 749 3402 senectute
769 3375 825 3397 sua
843 3364 1006 3407 genuisset
1023 3373 1094 3395 eum
1111 3378 1117 3402 2
1135 3361 1228 3404 quasi
1252 3357 1370 3393 videli-

810 3007 839 3037 δὲ
864 3009 992 3048 *apos-67-
983 3016 1005 3035 :t
1028 3016 1059 3033 κ·
1049 3004 1139 3034 εῖσθαι
1173 3003 1227 3036 τὴν
1260 3001 1368 3030 αἰτίαν

698 3065 732 3094 Ῑις
753 3072 788 3089 αλ
780 3061 861 3098 ξὴςτ,
883 3063 941 3088 τῶν
967 3056 1002 3086 ἀῦ
1007 3067 1075 3097 εις
1063 3061 1101 3085 ,Ζιν
1123 3056 1174 3085 τὸν
1197 3055 1312 3095 φθόνον,
1338 3053 1372 3077 ut

807 170 997 202 JOANNIS
1033 164 1285 199 CHRYSOST.
1325 161 1536 192 ARCfflEP.
1574 159 1940 193 CONSTANTINOP-

1347 243 1504 281 παιδία
1484 242 1528 281 τὰ
1547 259 1632 296 προς
1650 245 1743 282 αὐτῶ
1763 247 1812 296 τῷ
1830 244 1922 297 γήρᾳ
1939 244 2148 295 τικτόμενα,
2171 244 2373 297 καὶμαλλο]

1349 304 1612 342 ἐπισπάσασθαι
1645 304 1809 343 δύνανται
1832 304 1896 351 τὴν
1916 304 2088 359 πατρικὴν
2116 305 2261 344 εὔνοιαν.
2281 305 2372 344 Ἀλλ’

1352 380 1406 401 ινα
1435 363 1599 415 μάθωμεν
1628 365 1682 403 ὅτι
1705 367 1743 402 οὐ
1771 370 1870 404 τοῦτο
1898 365 2000 416 μόνον
2026 370 2068 412 ἠν
2096 365 2135 403 τὸ
2163 365 2219 404 τὸν
2239 365 2377 416 πατέρα

1369 424 1593 475 πισπώμενον
1614 433 1788 478 προτιμᾷν
1807 443 1844 464 τε
1873 428 1974 465 αυτὸν
1999 430 2067 465 τῶν
2088 429 2242 479 ἀδελφων
2269 441 2379 477 παρα-

1353 486 1533 533 σκευάζον,
1559 487 1714 525 διδάσκει
1729 492 1823 538 ἡμᾶς
1841 492 1863 534 4,
1880 487 1954 525 θεία
1982 487 2158 541 Γραφὴ,
2137 504 2190 525 οτι
2209 503 2268 525 και
2290 486 2379 537 μετὰ

1353 550 1472 584 τοῦτον
1489 546 1603 599 ἔτερος
1621 547 1745 598 ἐτέχθη
1759 564 1767 571 ·
1793 547 1852 585 καὶ
1872 550 1902 585 εἰ
1925 548 2016 586 κατὰ
2035 547 2098 594 τὴν
2117 547 2264 600 φυσικὴν
2298 550 2381 585 ἀκο-

1352 608 1492 647 λουθίαν
1516 608 1560 646 τὰ
1587 611 1650 654 τῆς
1678 609 1817 659 ἀγάπης
1849 609 1997 660 ἐγίνετο,
2031 612 2157 651 ἐκεῖνος
2183 608 2224 646 ἂν
2251 610 2381 657 μᾶλλον

1353 669 1538 720 ἠγαπήθη,
1559 669 1619 706 ἅτε
1651 669 1691 715 δὴ
1726 671 1863 717 ἀληθῶς
1894 670 1966 712 υἱὸς
1995 669 2111 723 γήρως
2146 669 2206 717 ὧν,
2226 669 2286 707 καὶ
2303 668 2382 706 τότε

1354 729 1487 793 τεχθεὶς
1499 761 1508 778 ,
1526 730 1629 777 ἡνίκα
1649 731 1734 782 πρὸς
1751 731 1897 782 ἔσχατον
1918 733 2028 784 γῆρας
2043 731 2171 778 ἤλασεν
2194 733 2211 768 ὃ
2240 729 2381 774 δίκαιος.

1357 792 1403 830 Τί
1424 795 1481 829 οὖν
1507 793 1600 830 ἐστιν
1621 794 1748 838 εἰπεῖν,
1768 792 1852 830 (Ότι
1868 793 1973 845 χάρις
1999 809 2050 836 τις
2073 787 2114 839 ἠν
2138 792 2266 830 ἄνωθεν
2283 795 2304 838 ἦ
2324 791 2382 829 τὸν

1357 853 1432 891 νέον
1449 852 1638 904 ἐπέραστον
1657 858 1823 901 ποιοῦσα,
1839 854 1899 891 καὶ
1915 853 1971 891 διὰ
1993 853 2056 900 τὴν
2077 856 2138 899 τῆς
2160 855 2275 905 ψυχης
2301 854 2384 905 ἀρε-

1358 914 1420 961 τήν
1444 931 1585 953 παντων
1598 916 1699 954 αὐτὸν
1714 916 1962 968 προτιμότερον
1981 916 2192 967 ἐργαζομένη
2206 931 2213 938 ·
2231 920 2244 935 ³

1359 975 1395 1013 δὲ

2256 914 2385 960 ταύτην

1428 979 1656 1028 προσκεῖσθαι
1673 977 1736 1023 τὴν
1757 976 1868 1014 αἰτίαν
1889 978 1923 1013 ἐν
1943 981 1985 1028 τῇ
2007 979 2034 1015 Γ
2039 981 2149 1029 ραφῆ,
2173 977 2228 1015 ὅτι
2266 974 2386 1021 ἐπειδὴ

1360 1037 1431 1081 υἱὸς
1455 1038 1571 1089 γήρως
1599 1033 1640 1084 ἠν
1667 1041 1760 1089 αὐτῷ
1774 1069 1784 1085 ,
1819 1038 1873 1076 διὰ
1893 1044 1992 1077 τοῦτο
2013 1039 2112 1077 αὐτὸν
2128 1038 2253 1090 ἠγάπα
2269 1036 2387 1084 πλέον,

1361 1097 1417 1135 ἵνα
1455 1098 1503 1148 μὴ
1533 1101 1689 1151 φανερῶς
1722 1098 1856 1150 αὐξήσῃ
1884 1103 1952 1150 τῶν
1981 1101 2137 1151 ἀδελφῶν
2169 1099 2226 1136 τὸν
2256 1097 2390 1150 φθόνον.

1362 1159 1564 1211 Δεινὸνγὰρ
1595 1160 1690 1197 ταυτὶ
1718 1160 1904 1207 τὸπάθος,
1931 1161 1990 1198 καὶ
2018 1160 2157 1198 ἐπειδὰν
2179 1159 2391 1206 ἐπιλοίὸηται

1363 1221 1505 1273 ψυχῆς,
1537 1223 1574 1259 οὐ
1605 1220 1773 1273 πρότερον
1804 1221 1910 1267 αὐτὴν
1943 1221 2083 1268 ἀνίησι,
2120 1219 2243 1272 μέχρις
2273 1220 2313 1257 ἂν
2344 1221 2392 1262 εἰς

1365 1282 1516 1333 ἐσχάτην
1531 1280 1638 1328 αὐτὴν
1659 1281 1806 1320 ἀτοπίαν
1824 1282 1961 1334 ἀγάγῃ,
1981 1281 2040 1319 καὶ
2055 1281 2308 1332 λυμαινόμενον
2327 1280 2390 1326 τὴν

1365 1348 1532 1382 τεκοῦσαν
1556 1344 1640 1381 αὐτὸ
1672 1342 1812 1395 ψυχὴν,
1847 1344 1886 1381 τὸ
1914 1343 2065 1381 ἐναντίον
2091 1341 2113 1389 ἢ
2145 1342 2306 1394 βούλεται
2333 1340 2391 1379 τὸν

1365 1404 1592 1458 φθονούμενον
1628 1404 1821 1453 διατίθησι,
1860 1404 2123 1456 λαμπρότερον,
2155 1403 2390 1455 ἐνδοξότερον,

1810 1465 1915 1503 πάλιν
1936 1465 2036 1516 ἑτέρα
2068 1463 2187 1515 πληγὴ
2220 1464 2393 1516 βαρυτέρα

1366 1530 1416 1579 τῷ
1433 1526 1596 1578 βασκάνῳ
1615 1526 1759 1577 γίνεται.
1778 1526 1911 1565 Σκόπει
1925 1530 2006 1578 γοῦν
2023 1527 2168 1564 ἐνταῦθα
2179 1555 2188 1572 ,
2206 1529 2280 1569 πῶς
2293 1529 2311 1564 ὁ
2331 1525 2393 1575 μὲν

1366 1465 1668 1518 περιφανέστερον,
1694 1465 1779 1519 ὅπερ

1369 1588 1559 1638 θαυμάσιος
1592 1591 1688 1630 οὗτος
1715 1588 1811 1626 οὐδὲν
1829 1591 1896 1625 τῶν
1913 1586 2104 1638 γινομένων
2124 1586 2239 1633 εἰδὼς,
2260 1586 2321 1624 ἅτε
2352 1587 2371 1623 δ

1369 1650 1527 1700 καθάπερ
1548 1650 1706 1700 ἀδελφοῖς
1724 1649 1783 1686 καὶ
1799 1648 1861 1691 τὰς
1880 1648 1985 1690 αὐτὲις
2002 1649 2126 1691 ὠδῖνας
2143 1648 2236 1698 αὐτῷ
2251 1647 2396 1684 λύσασιν

1370 1709 1460 1748 οὕτω
1480 1709 1729 1761 προσφέρεται,
1752 1712 1887 1760 θαρρῶν
1907 1708 2045 1745 ἅπαντα
2068 1708 2128 1746 καὶ
2156 1707 2397 1759 διαλεγόμενος

1373 1770 1462 1823 μετὰ
1484 1771 1615 1816 πολλῆς
1634 1772 1694 1815 τῆς
1722 1769 1932 1843 ἁπλότητος·
1955 1771 2080 1807 ἐκεῖνοι
2106 1767 2142 1806 δὲ
2161 1769 2229 1807 ὑπὸ
2255 1771 2314 1806 τοῦ
2336 1770 2398 1814 τῆς

1375 1831 1566 1885 βασκανίας
1582 1831 1712 1875 πάθους
1732 1830 1887 1876 ἁλόντες,
1911 1837 2022 1868 μισεῖν
2046 1832 2110 1868 αὐτ
2113 1831 2149 1868 ὸν
2176 1829 2399 1882 παρεσκευά-

1373 1898 1480 1939 ζοντο.
1502 1893 1647 1936 Ἰδόντες
1674 1893 1762 1944 γὰρ,
1786 1909 1902 1946 φησιν,
1922 1896 1954 1931 οι
1981 1893 2088 1932 ἀδελο
2066 1909 2142 1945 οι,
2173 1896 2226 1932 ὅτι
2261 1890 2362 1930 αὐτὸν
2383 1894 2401 1929 ὁ

1374 1973 1493 2008 πατηρ
1530 1959 1622 2009 φιλεῖ
1653 1957 1692 1993 ἐκ
1725 1954 1864 1992 πάντων
1892 1971 1961 1993 των
1983 1956 2066 1992 υἱῶν
2084 1956 2206 2002 αὐτου,
2230 1953 2402 2004 ἐμίσησαν

1375 2020 1490 2064 αὐτὸν,
1510 2018 1570 2056 καὶ
1595 2019 1655 2056 οὒκ
1680 2017 1848 2063 ἠδύναντο
1862 2019 1980 2055 λαλεῖν
1995 2018 2088 2068 αὐτῷ
2104 1984 2206 2054 οὐδὲν,
2218 2013 2400 2067 εἰρηνικόν.

1375 2079 1472 2134 ςὈροι
1498 2083 1572 2122 πῶς
1607 2078 1664 2116 τὸν
1693 2078 1788 2116 οὐδὲν
1821 2077 2014 2124 ἠδικηκότα
2043 2082 2157 2128 μισεῖν
2189 2076 2401 2128 ἐπεχείρουν.

1377 2141 1447 2180 Καὶ
1479 2139 1587 2187 οὔδὲν,
1608 2139 1727 2191 φησὶν,
1751 2138 1920 2184 ἠδύναντο
1944 2139 2062 2176 λαλεῖν
2095 2140 2187 2189 αὐτῷ
2219 2136 2403 2190 εἰρηνικόν.

1377 2202 1424 2240 Τί
1457 2203 1572 2247 ἐστιν,
1607 2199 1717 2238 Οὐδὲν
1744 2198 1913 2244 ’ἠδύναντο
1938 2200 2054 2236 λαλεῖν
2087 2199 2179 2249 αὐτῷ
2214 2197 2406 2249 εἷρηνικόν;

1390 2260 1523 2307 Επειδὴ
1552 2260 1620 2313 γὰρ
1647 2258 1842 2312 ἐκυρίευσεν
1865 2260 1977 2296 αὐτῶν
1993 2258 2033 2296 τὸ
2050 2259 2178 2307 πάθος,
2198 2259 2258 2297 καὶ
2287 2259 2326 2297 τὸ
2343 2264 2403 2308 μῖ-

1378 2339 1436 2366 σος
1462 2322 1584 2369 ηὔξετο
1602 2324 1678 2359 καθ’
1708 2320 1858 2366 ἑκάστην
1874 2319 2024 2372 ἡμέραν,
2051 2321 2208 2372 καθάπερ
2222 2320 2406 2372 αἰχμάλω-

1378 2402 1430 2424 τοι
1445 2384 1622 2436 γενόμενοι
1636 2383 1696 2421 καὶ
1711 2381 1974 2435 τυραννούμενοι
1993 2381 2060 2420 ὑπὸ
2081 2385 2139 2420 τοῦ
2156 2383 2298 2429 πάθους,
2316 2380 2404 2432 μετὰ

1379 2446 1478 2484 δόλου
1520 2443 1792 2497 προσεφέροντο,
1824 2442 1919 2481 οὐδὲν
1950 2443 2121 2494 εἰρηνικὸν
2157 2445 2251 2496 αὐτῷ
2286 2445 2404 2481 λαλεῖν

1379 2507 1575 2556 δυνάμενοι.
1605 2505 1675 2543 Καὶ
1694 2503 1817 2542 σκόπει
1845 2506 1919 2547 πῶς
1942 2503 2004 2549 τὴν
2036 2504 2148 2541 αἰτίαν
2173 2503 2303 2551 ταύτην
2332 2503 2409 2551 ἐση-

1382 2581 1468 2617 μανε
1500 2569 1560 2602 τοῦ
1599 2563 1739 2613 μίσους,
1776 2562 1830 2600 ὅτι
1864 2563 1933 2601 ἀπὸ
1966 2565 2026 2600 τοῦ
2053 2562 2177 2613 φθόνου
2205 2561 2268 2608 τὴν
2297 2561 2409 2614 ἀρχὴν

1381 2623 1557 2674 ἑλοίμοανε
1545 2638 1589 2660 -ν
1607 2622 1755 2664 Ἰδόντες
1773 2620 1840 2672 γαρ
1862 2624 1894 2659 οἱ
1919 2620 2059 2673 ἀδελφοὶ
2083 2623 2187 2658 αὐτου
2198 2621 2341 2673 ,φησὶν,
2357 2620 2411 2659 ὅτι
2462 2641 2463 2657 1

1381 2688 1398 2723 ὁ
1423 2684 1541 2736 πατὴρ
1572 2699 1673 2722 αυτον
1694 2685 1785 2735 φιλεῖ
1809 2698 1849 2719 εκ
1875 2681 2013 2719 πάντων
2030 2684 2098 2719 τῶν
2118 2685 2200 2720 υιῶν
2223 2685 2286 2720 αὐτ
2287 2685 2338 2721 οῦ.
2359 2682 2413 2721 Τὸ
2462 2704 2464 2714 ι

1382 2745 1521 2799 φίλτρον
1549 2761 1608 2782 του
1631 2759 1760 2795 πάτρος
1775 2743 1832 2780 τὸν
1851 2742 1970 2794 φθόνον
1988 2744 2082 2780 αυτῶ
2099 2742 2228 2788 ἔτεκεν,
2245 2741 2334 2781 ἀλλὰ
2347 2741 2411 2788 τὴν

1383 2812 1442 2846 τοῦ
1466 2805 1595 2858 πατρὸς
1617 2805 1749 2842 εὔνοιαν
1767 2808 1788 2851 4,
1809 2803 1916 2855 ἀρετὴ
1937 2807 1997 2842 τοῦ
2027 2782 2150 2847 παιδὸς
2175 2803 2412 2843 ἐπεσπάσατο.

1383 2868 1468 2909 Δέον
1489 2867 1601 2905 τοίνυν
1618 2865 1766 2909 ἐκείνους
1786 2865 2008 2916 μιμήσασθαι
2028 2864 2085 2903 τὸν
2108 2865 2252 2918 ἀδελφὸν
2273 2865 2333 2903 καὶ
2354 2868 2414 2912 ζη-

1406 2999 1459 3024 cet
1476 2990 1543 3023 lucc
1561 3001 1658 3023 causa
1676 2990 1785 3021 minus
1801 2987 1844 3020 nd
1861 2987 2015 3020 ciendum
2033 2987 2170 3020 livorem
2188 2987 2307 3020 idonea
2320 2986 2415 3020 vide-

1406 3051 1508 3076 retur.
1528 3042 1595 3076 Sed
1613 3041 1692 3074 1111111
1713 3042 1817 3083 ipsum
1838 3041 1927 3083 quod
1946 3042 1979 3071 in
1994 3048 2159 3072 senectute
2173 3052 2235 3071 sua
2251 3042 2417 3084 genuisset
2462 3050 2464 3054 ⁴

1406 3107 1483 3128 eum
1497 3121 1506 3133 ,
1522 3105 1589 3126 nou
1607 3101 1704 3124 vacat
1729 3091 1946 3124 difficultate:
1967 3103 2043 3123 nam
2066 3090 2182 3124 eodem
2209 3092 2331 3132 ferme,
2359 3099 2418 3124 aut.

1410 3147 1544 3181 tantillo
1569 3145 1680 3188 elapso
1699 3153 1846 3187 tempore
1867 3143 1910 3175 ab
1932 3151 2008 3175 ortu
2034 3153 2276 3185 postremorum
2299 3143 2418 3176 Jacobi

1406 3200 1549 3233 filiorum
1567 3209 1650 3240 quos
1678 3209 1715 3229 ex
1739 3195 1797 3229 Lia
1823 3204 1909 3228 etex
1933 3195 2051 3228 ancilla
2069 3195 2225 3239 suscepit,
2244 3204 2340 3229 natus
2369 3203 2418 3228 est.

1406 3251 1613 3294 Josep113ita
1642 3256 1676 3280 ut
1697 3260 1763 3280 non
1791 3247 1879 3279 hunc
1905 3247 2090 3290 specialiter
2118 3249 2150 3280 in
2167 3255 2334 3280 senectute
2359 3259 2416 3280 sua

1408 3304 1586 3345 suscepisse
1603 3299 1765 3332 dicendus
1782 3298 1946 3333 videatur.
1968 3300 2086 3332 Verum
2101 3298 2170 3333 haec
2192 3298 2322 3344 longius
2335 3306 2418 3333 esset

1410 3354 1557 3400 pluribus
1576 3360 1739 3387 excutere.
