2516 3791
720 222 763 252 IN
800 223 901 253 CAP-

97 306 246 359 τυχόντα
273 304 563 358 καταράσασθαι,
582 307 711 343 ἐκεῖνον
742 305 805 355 μὲν
826 305 911 348 τέως
939 304 997 343 τὸν
1025 305 1124 356 ὑδρι-

96 367 179 406 κότα
201 365 344 418 ἀφίησι,
364 367 414 417 τῷ
441 364 477 403 δὲ
506 367 569 417 υἱῷ
599 364 662 411 τὴν
692 365 848 418 κατάραν
878 365 1012 417 ἐπάγει.
1035 364 1124 412 Ναὶ,

96 426 185 467 ἀλλὰ
202 426 262 464 καὶ
290 431 390 465 τοῦτο
412 425 489 476 μὲν,
503 425 608 478 φησὶ,
628 425 799 464 δείκνυσιν
824 425 878 464 ὅτι
897 426 953 464 διὰ
968 430 1068 465 τοῦτο
1084 427 1122 463 οὐ

95 487 319 538 κατηράσατο
349 487 407 525 τὸν
438 486 544 537 xlm,
575 485 695 533 ἐπειδὴ
724 490 785 534 τῆς
815 486 912 540 παρὰ
940 490 998 525 τοῦ
1029 488 1122 525 Θεοῦ

95 547 251 598 εὐλογίας
275 548 476 595 ἅπήλαυσε·
496 547 585 591 τίνος
605 546 639 586 δὲ
659 546 772 585 ἕνεκεν
796 548 926 587 ἐκείνου
947 547 1122 599 ἁμαρτόν-

95 624 152 652 τος
171 602 268 651 οὗτος
285 608 383 656 δίκην
409 608 567 655 δίδωσιν,
587 608 679 647 Οὐδὲ
706 611 808 647 τοῦτο
834 609 953 652 ἁπλῶς
977 608 1121 660 γίνεται.

97 668 166 707 Καὶ
184 668 253 721 γὰρ
270 671 332 707 οὐκ
349 668 492 707 ἔλαττον
518 673 578 706 τοῦ
604 669 726 712 παιδὸς
744 672 762 707 ὁ
791 667 877 719 Χὰμ
897 667 960 715 τὴν
978 668 1122 707 κόλασιν

96 728 266 779 ὑπέμενε,
287 729 346 767 καὶ
369 732 431 776 τῆς
450 728 621 781 τιμωρίας
640 728 702 774 τὴν
731 728 890 775 αἴσθησιν
913 728 1121 779 ἐλάμὸανεν.

96 787 190 828 ”lete
219 789 305 843 γὰρ,
325 788 398 828 ἴστε
417 791 491 833 πῶς
508 789 678 833 πολλάκις
698 788 846 835 ηὔξαντο
864 788 1013 840 πατέρες
1035 787 1124 839 ὑπὲρ

97 849 231 887 παίδων
256 849 428 902 τιμωρίαν
447 852 626 901 ὑποσχεῖν,
645 848 703 887 καὶ
729 849 823 893 ὅπως
851 848 1038 902 βαρύτερον
1060 852 1124 888 αὖ-

96 914 166 952 τοῖς
192 911 284 948 ἐστιν
307 911 354 954 εἰς
384 909 559 952 κολάσεως
586 908 699 961 λόγον,
718 909 758 948 τὸ
781 908 859 954 τοὺς
888 911 1017 954 παῖδας
1040 914 1123 964 ὑρᾷν

94 969 419 1022 τιμωρουμένους,ἣ
435 968 576 1013 ἑαυτοὺς
595 968 802 1014 ὑπευθύνους
820 969 1015 1021 γεγονότας.
1026 971 1126 1024 Ἐγέ-

95 1045 172 1070 νετο
204 1030 317 1069 τοίνυν
344 1029 535 1077 τοῦτο,ἱ’να
560 1029 619 1068 καὶ
651 1024 748 1074 οὗτος
781 1031 839 1070 διὰ
876 1031 940 1079 τὴν
974 1032 1122 1085 φυσικὴν

96 1092 341 1146 φιλοστοργίαν
374 1091 519 1131 πλείονα
547 1092 611 1140 τὴν
644 1091 766 1140 ὀδύνην
790 1091 981 1146 ὑπομείνῃ,
1010 1094 1070 1134 καὶ
1099 1097 1122 1141 ἡ

96 1156 156 1191 τοῦ
176 1154 268 1192 Θεοῦ
289 1152 426 1204 εὐλογία
451 1152 611 1206 ἀκέραιος
628 1152 807 1205 διαμείνῃ,
825 1153 884 1191 καὶ
900 1157 918 1192 ὁ
936 1154 999 1202 τὴν
1018 1155 1124 1193 κατά-

100 1229 160 1264 ραν
174 1213 356 1265 δεξάμενος
374 1220 456 1257 παῖς
475 1214 612 1252 οἰκείων
633 1214 900 1265 ἁμαρτημάτων
919 1215 996 1267 τίνῃ
1014 1215 1122 1260 δίκας.

98 1274 143 1312 Εἰ
161 1275 228 1326 γὰρ
249 1275 308 1313 καὶ
325 1274 380 1313 διὰ
399 1274 438 1313 τὸ
458 1274 653 1326 ἁμάρτημα
673 1278 732 1312 τοῦ
751 1275 881 1327 πατρὸς
903 1280 960 1314 νῦν
975 1275 1039 1323 τὴν
1059 1292 1123 1314 κα·
1146 1282 1170 1314 C

95 1336 205 1388 τάραν
218 1335 410 1387 λαμὸάνει,
432 1336 509 1373 ἀλλ’
524 1334 620 1385 ὅμως
636 1335 728 1379 εἰκὸς
745 1328 787 1381 ἦν
807 1335 852 1373 δι’
868 1337 978 1374 οἰκεῖα
997 1337 1121 1387 πλημ-

96 1396 285 1447 μελήματα
314 1396 444 1435 διδόναι
468 1395 582 1442 δίκην.
600 1396 654 1434 Οὖ
678 1393 747 1448 γὰρ
773 1396 829 1434 διὰ
857 1396 897 1435 τὸ
925 1396 1123 1449 ἁμάρτημα

95 1462 155 1497 τοῦ
180 1459 310 1511 πατρὸς
330 1458 432 1509 μόνον
459 1456 524 1503 τὴν
543 1457 700 1509 κατάραν
727 1456 975 1505 ἐδέξατο,ἀλλ’
1004 1457 1026 1504 ἢ
1052 1458 1123 1510 ἄρα

94 1517 151 1556 ἵνα
175 1518 233 1556 καὶ
252 1519 295 1556 δι’
317 1520 419 1556 αὐτοῦ
447 1520 573 1561 ἐκεῖνος
603 1517 744 1567 μείζονα
771 1518 820 1570 δῷ
847 1517 910 1566 τὴν
936 1518 1122 1570 τιμωρίαν.

94 1578 180 1617 εὈτι
202 1579 269 1632 γὰρ
285 1578 363 1617 οὔτε
382 1578 528 1630 πατέρες
551 1579 638 1631 ὑπὲρ
656 1578 799 1627 τέκνων,
813 1579 889 1618 οὔτε
911 1579 1016 1618 τέκνα
1034 1579 1123 1632 ὑπὲρ

93 1639 254 1691 πατέρων
271 1639 368 1687 δίκην
386 1639 552 1687 διδόασιν,
564 1641 640 1678 ἀλλ’
658 1639 803 1683 ἕκαστος
818 1639 906 1692 ὑπὲρ
920 1634 968 1677 ὧν
987 1642 1123 1690 ἐπλημ-

95 1699 227 1750 μέλησε
260 1700 322 1743 τὰς
355 1700 497 1743 εὐθύνας
535 1700 680 1752 ὑπέχει,
712 1702 892 1753 πολλαχοῦ
930 1703 1024 1739 ἐστιν
1060 1704 1122 1739 εὑ-

95 1768 165 1814 ρεῖν
191 1761 287 1813 παρὰ
314 1763 382 1799 τῶν
412 1764 599 1814 προφητῶν
633 1765 734 1800 τοῦτο
766 1761 966 1815 εἰρημένον·
1001 1761 1122 1815 ὥσπερ

943 222 1004 253 ΙΧ.
1043 220 1203 251 ΟΕΝΕΞ.
1239 220 1395 251 ΙΙΟΜΙΙ..
1437 221 1562 251 XXIX.

2090 214 2111 225 n

2058 214 2144 273 3³7

1196 304 1304 342 semel
1320 302 1564 350 benedixerat,
1588 303 1767 356 praeterito
1794 304 1854 342 illo
1871 319 1931 356 qni
1956 321 1991 343 se
2026 318 2148 345 conuu-

1196 365 1300 403 melia
1333 365 1509 415 affecerat,
1536 365 1612 404 filio
1634 365 1866 404 maledictum
1889 367 2021 406 intulit.
2051 369 2149 415 Esto,

1194 425 1343 475 dixeris,
1371 426 1440 465 hoe
1461 426 1607 478 quidem
1633 427 1787 466 ostendit
1819 437 2001 480 propterea
2034 429 2149 468 Cham

1197 487 1427 526 maledictum
1444 502 1513 527 non
1532 488 1651 535 fuisso,
1667 489 1749 540 quia
1763 489 1864 541 prius
1879 504 1898 527 a
1913 490 1989 527 Deo
2005 490 2147 528 benedi—

1196 549 1347 587 ctionem
1357 559 1537 602 acceperat
1549 566 1556 586 :
1566 565 1676 602 quare
1686 561 1802 589 autem
1819 566 1899 589 cum
1908 551 1970 589 ille
1983 566 2150 604 peccave-

1195 609 1254 656 rit,
1277 609 1336 647 hic
1355 624 1496 662 poenam
1516 611 1615 648 luit?
1640 613 1759 662 Neque
1780 612 1846 650 hoc
1865 613 1998 664 absque
2016 613 2151 651 ratione

1194 670 1330 707 sactum
1348 679 1411 708 est.
1430 672 1519 708 Nam
1532 681 1630 723 pater
1650 687 1718 710 non
1739 673 1909 711 minorem
1924 689 2062 727 psi-nam
2082 675 2151 713 ha-

1194 729 1285 778 buit,
1310 744 1418 780 quam
1454 731 1566 779 filius,
1587 740 1622 768 et
1656 733 1853 771 cruciatum
1887 735 2005 773 sensit.
2043 736 2150 774 Scitis
2165 744 2262 771 Patres
2300 752 2352 779 pro

2142 786 2263 813 wiht-ria
2296 794 2353 821 pu-

1194 789 1303 839 enim,
1324 789 1424 828 scitis
1439 790 1618 841 quomodo
1639 806 1880 844 smpenumero
1895 804 2010 846 patres
2019 806 2151 848 precati

1195 859 1277 888 sunt
1292 859 1331 888 ut
1349 850 1509 888 filiorum
1525 852 1721 904 poenasipsi
1735 853 1865 891 ferrent
1878 864 1932 902 ,οἱ
1948 857 2094 905 gravius
2108 858 2152 895 il-

1195 909 1241 948 lis
1258 910 1465 950 essevidere
1480 911 1573 950 filios
1591 913 1770 965 supplicio
1785 914 1894 961 affici,
1912 930 2020 966 quam
2040 917 2069 954 si
2086 918 2154 969 ipsi

1196 970 1240 1010 iis
1262 971 1377 1010 forent
1393 971 1557 1010 obnoxii.
1583 973 1731 1011 Factum
1746 983 1798 1012 est
1812 974 2015 1027 hocigitur‚
2036 987 2075 1015 ut
2094 978 2154 1016 ille

1196 1031 1242 1070 oh
1264 1032 1464 1071 naturalem
1486 1033 1521 1072 in
1542 1033 1661 1072 filium
1685 1048 1856 1084 amorem,
1877 1037 2048 1088 majorem
2069 1053 2153 1077 sen-

1196 1093 1279 1132 tiret
1311 1093 1487 1144 dolorem,
1508 1103 1542 1133 et
1566 1095 1769 1134 benedictio
1789 1096 1855 1134 Dei
1877 1108 2079 1137 servaretur
2099 1100 2153 1137 in-

1195 1154 1340 1203 violata,
1364 1164 1397 1194 et
1424 1155 1520 1193 filius
1544 1165 1687 1209 accepta
1718 1157 1980 1207 maledictione,
2007 1174 2154 1198 suorum

1195 1215 1423 1267 propriorum
1444 1230 1566 1268 poenas
1578 1226 1801 1269 peccatorum
1819 1217 1941 1257 lueret.
1963 1222 2053 1258 Nam
2073 1221 2155 1259 licet

1195 1285 1338 1328 propter
1349 1281 1460 1329 patris
1473 1287 1656 1330 peceatum
1668 1292 1762 1316 nunc
1776 1279 2018 1319 maledictioni
2034 1282 2077 1319 sit
2092 1282 2156 1320 ob-

1195 1336 1337 1385 noxius,
1357 1346 1510 1375 attamen
1527 1338 1721 1377 verisimile
1740 1349 1807 1389 est,
1845 1355 1927 1378 eum
1948 1341 2053 1379 etiam
2075 1357 2156 1395 pro-

1194 1389 1273 1450 pter
1281 1411 1345 1436 sua
1359 1397 1489 1436 delicta
1505 1398 1646 1438 dedisse
1660 1414 1811 1452 poenam.
1834 1403 1911 1440 Non
1923 1403 2018 1442 enim
2039 1404 2157 1442 solum

1194 1467 1340 1511 propter
1359 1469 1545 1512 peccatum
1566 1460 1677 1513 patris
1702 1461 1989 1502 maledictionem
2006 1465 2155 1517 accepit,

1195 1518 1258 1557 sed
1284 1520 1443 1558 fortassis
1475 1521 1581 1559 etiam
1605 1531 1644 1560 ut
1659 1537 1724 1575 per
1753 1523 1870 1575 ipsum
1893 1525 1954 1563 ille
1987 1527 2157 1578 majorem

1195 1593 1339 1632 poenam
1363 1581 1546 1633 penderet.
1566 1583 1659 1621 Nam
1688 1585 1786 1634 quod
1813 1599 1927 1637 neque
1958 1597 2074 1639 patres
2091 1602 2158 1640 pro

1195 1637 1294 1687 filiis,
1308 1653 1422 1690 neque
1434 1640 1502 1678 filii
1522 1655 1586 1693 pro
1607 1643 1772 1694 patribus
1790 1658 1930 1696 poenam
1953 1645 2065 1694 luant,
2094 1646 2157 1684 sed

1195 1700 1439 1752 unusquisque
1467 1715 1532 1754 pro
1564 1703 1638 1740 suis
1658 1704 1810 1755 peccatis
1838 1719 1948 1757 poenae
1969 1707 2014 1745 sit
2039 1707 2155 1745 ohno-

1194 1760 1290 1809 xius,
1308 1761 1431 1799 multis
1450 1762 1487 1800 in
1506 1762 1625 1801 locisa
1646 1764 1830 1816 prophetis
1853 1766 1991 1805 dictum
2010 1768 2155 1806 inveni-

2166 828 2222 855 niri
2239 830 2349 863 optant.

94 1821 176 1860 ὅταν
207 1821 353 1872 λέγωσι,
370 1823 444 1860 Τοῦ
473 1821 639 1873 φαγόντος
666 1822 725 1860 τὸν
754 1822 898 1874 ὄμφακα
926 1825 958 1860 οἱ
991 1822 1124 1866 ὀδόντες

94 1883 396 1932 *αἱμωδιάσουσν
422 1882 500 1929 καὶ,
525 1882 571 1920 ‘H
599 1881 694 1935 ψυχὴ
722 1885 744 1929 ἡ
777 1883 1001 1935 ἇμαρτοῦσα,
1035 1883 1122 1931 αὐτὴ

95 1942 155 1980 καὶ
175 1945 411 1981 ἀποθανεῖται·
428 1943 487 1980 καὶ
507 1943 626 1989 πάλιν,
643 1944 720 1981 Οὐκ
742 1946 996 1982 ἀποθανοῦνται
1014 1944 1123 1983 πατέ-

1195 1835 1286 1870 mus,
1304 1830 1343 1860 ut
1374 1837 1454 1860 cum
1473 1822 1600 1861 dicunt
1621 1840 1628 1860 :
1655 1826 1900 1866 Comedentis
1926 1842 2022 1867 uvas
2048 1844 2357 1884 acer-Jep,31‚29.

1195 1884 1278 1929 bas,
1305 1883 1437 1921 dentes
1469 1886 1769 1936 obstupescunt;
1804 1896 1856 1936 et,
1884 1888 2037 1928 Anima
2069 1906 2154 1943 quoe
2189 1889 2355 1957 8⁰¹E³⁶sh·

1192 1945 1424 1993 peccaverit,
1447 1946 1532 1996 ipsa
1555 1954 1590 1983 et
1611 1949 1812 1993 monetur,-
1830 1957 1865 1986 et
1886 1949 2016 1988 iterum
2035 1967 2042 1987 :
2063 1954 2154 1990 Non
2169 1937 2325 2008 healf-24.

96 2019 152 2056 ρες
179 2004 268 2058 ὑπὲρ
289 2003 437 2050 τέκνων,
453 2004 531 2042 οὔτε
555 2003 659 2042 τέκνα
685 2004 773 2056 ὑπὲρ
800 2004 972 2057 πατέρων.
988 2005 1124 2051 Μηδεὶς
1145 2021 1170 2051 1)
1196 2006 1407 2042 morientur
1429 2014 1559 2056 patres
1583 2020 1653 2057 pro
1671 2008 1789 2059 filiis,
1827 2024 1952 2063 neque
1981 2013 2060 2062 filii
2082 2029 2153 2066 pro
2172 2012 2218 2042 ¹6·

94 2064 207 2102 τοίνυν
240 2067 351 2115 ὑμῶν,
379 2066 743 2118 παρακαλῶ,ἀγνοῶν
773 2067 836 2110 τῆς
861 2065 953 2109 θείας
981 2067 1123 2119 Γραφῆς

93 2125 150 2163 τὸν
182 2125 324 2170 σκοπὸν,
356 2125 521 2175 τολμάτω
551 2124 751 2176 μέμφεσθαι
783 2130 854 2168 τοῖς
883 2126 1122 2178 ἐγγεγραμμέ-

93 2202 181 2234 νοις,
200 2185 279 2225 ἀλλ’
305 2185 496 2238 εὐγνώμονι
522 2186 656 2238 διανοίᾳ
683 2186 835 2238 δεχέσθω
862 2186 907 2224 τὰ
930 2187 1120 2238 λεγόμενα,

94 2247 154 2284 καὶ
177 2246 383 2298 θαυμαζέτω
401 2249 464 2292 τῆς
492 2247 583 2291 θείας
602 2249 744 2299 Γραφῆς
762 2246 825 2294 τὴν
847 2247 1047 2300 ἀκρίὸειαν,
1064 2250 1123 2287 καὶ

95 2308 283 2359 λογιζέσθω
296 2307 374 2346 ὅσον
392 2307 547 2360 ἁμαρτία
561 2308 684 2346 κακόν.
697 2307 786 2347 Ἰδοὺ
801 2307 869 2360 γὰρ
885 2309 942 2347 τὸν
962 2309 1122 2362 ἀδελφὸν,

93 2370 150 2408 τὸν
166 2373 234 2408 τῶν
255 2371 367 2408 αὐτῶν
388 2369 520 2407 ὠδίνων
542 2369 820 2418 κοινωνήσαντα,
838 2370 897 2408 τὸν
918 2372 956 2409 ἐκ
975 2373 1038 2416 τῆς
1057 2374 1121 2410 αὖ-

94 2433 156 2475 τῆς
185 2430 304 2475 νηδύος
329 2430 656 2478 ἐξελθόντα,τοῦτον
685 2432 932 2470 ἐπεισελθοῦσα
957 2435 978 2479 ἠ
1008 2433 1119 2486 ἁμαρ-

93 2490 152 2528 τία
172 2491 289 2529 δοῦλον
308 2491 510 2543 εἰργάσατο,
531 2491 589 2529 καὶ
607 2491 670 2539 τὴν
687 2491 884 2544 ἐλευθερίαν
904 2493 1119 2545 ἀφελομένη,
1142 2500 1167 2530 E

96 2553 143 2594 εἷς
167 2550 229 2597 τὴν
260 2552 437 2603 ὑποταγὴν
467 2552 598 2604 ἤγαγε·
622 2552 680 2591 καὶ
711 2551 778 2604 γὰρ
807 2555 959 2592 ἐντεῦθεν
985 2554 1029 2594 τὰ
1057 2559 1119 2603 τῆς

96 2612 250 2656 δουλείας
273 2612 385 2666 ἀρχὴν
411 2613 588 2664 ἐλάμὸανε
616 2613 749 2652 λοιπόν.
769 2613 863 2653 Οὐδὲ
886 2614 954 2668 γὰρ
980 2609 1022 2663 ἦν
1051 2617 1119 2669 πρὸ

93 2673 213 2713 τούτου
233 2677 254 2719 ἡ
276 2673 419 2725 βλακεία
440 2674 548 2722 αὕτη,
569 2675 630 2712 καὶ
649 2675 689 2713 τὸ
716 2673 804 2713 οὕτω
831 2675 1117 2726 διαθρύπτεσθαι,

94 2734 153 2772 καὶ
179 2734 303 2786 ἑτέρων
324 2735 454 2773 δεῖσθαι
474 2738 542 2774 τῶν
562 2736 858 2786 διακονουμένων,
874 2738 950 2776 ἀλλ’
972 2737 1117 2784 ἕκαστος

94 2795 194 2838 αὐτὸς
222 2797 332 2847 ἑαυτῷ
357 2797 564 2843 διηκονεῖτο,
587 2796 647 2834 καὶ
677 2796 790 2844 πολλὴ
814 2791 856 2845 ἦν
885 2800 906 2845 ἡ
928 2800 1114 2851 ὁμοτιμία,

92 2856 151 2894 καὶ
171 2862 267 2894 πᾶσα
286 2857 470 2907 ἀνωμαλία
487 2857 643 2896 ἐκποδὼν
665 2852 720 2905 ἦν.
738 2859 884 2907 Ἐπειδὴ
905 2860 941 2898 δὲ
958 2863 1115 2908 εἰσῆλθεν

91 2921 113 2963 ἡ
134 2917 306 2968 ἁμαρτία,
329 2917 526 2968 ἐλυμήνατο
543 2918 607 2965 τὴν
626 2919 839 2971 ἐλευθερίαν,
861 2920 922 2959 καὶ
945 2923 1115 2975 διέφθειρε

91 2979 154 3025 τὴν
173 2978 243 3016 ἀπὸ
260 2981 322 3024 τῆς
344 2977 476 3030 φύσεως
493 2978 510 2999 ¹³
525 2979 709 3030 δεδομένην
731 2980 840 3030 ἀξίαν,
863 2981 923 3020 καὶ
947 2982 1010 3030 τὴν
1036 2985 1115 3024 δου-

1191 2066 1379 2115 patribus.
1401 2065 1532 2103 Nullus
1561 2066 1673 2117 igitur
1698 2077 1870 2119 vestrum,
1890 2086 2021 2122 quaeso,
2051 2076 2153 2125 quasi

1193 2124 1361 2175 ignorans
1379 2124 1512 2164 divinae
1527 2126 1722 2179 Scripturae
1739 2142 1898 2182 scopum,
1919 2133 2048 2172 audeat
2075 2136 2129 2174 hae

1192 2184 1323 2237 scripta
1342 2186 1616 2237 reprehendere,
1641 2187 1703 2226 sed
1729 2199 1829 2240 grato
1851 2192 1972 2231 animo
2001 2209 2078 2245 quae
2095 2197 2154 2235 di-

1194 2254 1322 2283 cuntur
1335 2246 1503 2298 accipiat,
1525 2247 1794 2300 admireturque
1806 2250 1942 2292 divinae
1956 2255 2152 2309 Scripturae

1194 2305 1323 2344 miram
1341 2306 1583 2359 diligentiam,
1597 2317 1630 2346 et
1646 2310 1823 2362 expendat
1831 2324 2003 2364 quantum
2017 2319 2151 2358 malum

1193 2367 1239 2405 sit
1258 2376 1456 2419 peccatum.
1479 2369 1572 2407 Ecce
1593 2370 1688 2408 enim
1713 2371 1858 2411 fratrem
1877 2375 2002 2415 eadem
2028 2389 2151 2418 natum

1191 2441 1378 2480 puerpera,
1408 2429 1532 2467 eodem
1549 2444 1727 2482 egressum
1748 2442 1861 2483 utero,
1882 2437 2148 2490 subingressum

1191 2498 1377 2542 peccatum
1407 2504 1551 2529 servum
1585 2492 1683 2541 fecit,
1706 2502 1739 2531 et
1759 2494 1877 2534 ablata
1910 2498 2085 2548 libertate,
2111 2503 2146 2540 in

1191 2551 1446 2603 subjectionem
1460 2552 1715 2592 illuminduxit
1729 2570 1736 2590 :
1751 2556 1845 2594 unde
1858 2567 1976 2609 postea
1992 2562 2145 2602 servitus

1191 2612 1318 2650 sumsit
1333 2612 1518 2664 originem.
1537 2614 1660 2664 Neque
1684 2615 1777 2652 enim
1794 2626 1895 2655 antea
1922 2620 2079 2660 solebant
2095 2624 2143 2662 ita

1189 2674 1344 2713 molliter
1371 2687 1495 2725 agere,
1513 2673 1672 2713 deliciari
1703 2686 1737 2714 et
1757 2677 1910 2717 aliorum
1937 2682 2141 2723 ministeriis

1187 2735 1441 2787 indigere.Sed
1453 2735 1610 2788 sibiipsis
1623 2737 1760 2788 quique
1776 2739 2038 2792 ministrabant,
2052 2757 2140 2784 erat—

1187 2811 1256 2848 que
1289 2811 1353 2849 par
1382 2796 1542 2834 omnium
1564 2797 1689 2847 honor,
1709 2806 1741 2836 et
1760 2799 1877 2839 ablata
1892 2816 1910 2840 e
1928 2804 2047 2844 medio
2066 2818 2140 2846 erat
2159 2848 2168 2853 ,

1186 2858 1300 2897 omnis
1319 2857 1538 2908 inaequalitas
1554 2873 1565 2907 5
1588 2858 1649 2896 uhi
1672 2868 1791 2898 autem
1812 2873 1996 2913 peccatum
2026 2867 2138 2907 intra—

1186 2921 1250 2969 vit,
1271 2919 1469 2958 libertatem
1490 2918 1659 2970 perdidit,
1681 2929 1714 2957 et
1732 2920 1941 2973 dignitatem
1966 2941 1985 2964 a
2012 2938 2137 2968 natura

1185 2983 1305 3022 datam
1336 2980 1576 3028 labefactavit,
1617 2981 1895 3035 servitutemque
1919 2987 2134 3031 introduxit>

134 3102 147 3117 ¹·
163 3091 256 3125 Unus
274 3096 464 3136 ὁμοδιάσωσι.
480 3096 558 3136 Haec
578 3106 643 3128 vox
669 3094 852 3129 admodum
875 3098 984 3130 variat
1005 3094 1094 3139 apud
1129 3098 1168 3128 44
1185 3109 1190 3126 z
1211 3107 1282 3140 quoe
1306 3107 1383 3129 sane
1399 3095 1498 3129 lectio
1514 3106 1581 3128 non
1603 3098 1787 3139 spernenda
1805 3100 1953 3143 viden1r;
1969 3103 2138 3140 derivatur

91 3142 203 3175 Patres
222 3151 255 3176 et.
271 3144 448 3186 scriptores
462 3145 712 3180 ecclesiasticos.
730 3149 772 3180 In
787 3147 932 3192 Synopsi
949 3147 1095 3181 Athana·
1129 3148 1217 3181 enim
1243 3147 1286 3180 ab
1311 3155 1408 3191 ὠμός,
1430 3148 1565 3188 crudus,
1585 3150 1790 3184 immaturus.
1808 3155 1905 3198 Apud
1933 3157 2136 3192 Ezechielem

91 3194 182 3225 siana
203 3193 320 3238 legitur
334 3197 376 3228 T.
397 3197 427 3236 2,
444 3209 478 3240 P.·
497 3199 559 3230 ⁴67
583 3210 589 3229 :
615 3204 642 3233 οὶ
666 3206 794 3243 πατέρες
819 3204 928 3246 ἔφαγον
953 3203 1094 3244 ὄμφακα,
1130 3212 1205 3243 cap.
1225 3201 1278 3239 48,
1296 3211 1328 3232 v.
1345 3201 1469 3242 2,[pr0
1486 3202 1683 3244 ἐγομρίασκν]
1697 3201 1814 3244 legitur
1827 3210 2018 3251 ᾐμωδῑασαν,
2036 3209 2080 3242 ab
2095 3219 2138 3246 αἱ-

93 3250 143 3279 καὶ
167 3249 278 3285 ὀδόντες
302 3255 360 3281 τῶν
384 3254 491 3283 τέκνων
516 3253 685 3293 ὠμοδίασαν
707 3263 713 3281 ³

95 3308 191 3329 ewam
216 3299 388 3340 acerbam,
404 3309 435 3333 et
459 3302 574 3334 dentes
593 3303 747 3345 filiorum
771 3303 1020 3347 obstupuerunt.
1045 3305 1098 3336 Ita

740 3251 862 3283 Patres
890 3252 1100 3284 comederunt
1130 3255 1254 3295 μωδιάω
1265 3277 1273 3291 ,
1288 3250 1371 3282 mihi
1385 3251 1498 3282 (lentes
1518 3251 1757 3296 obstupescunt.

1177 3305 1192 3328 h
1210 3304 1362 3343 Quattuor
1378 3303 1454 3337 Mss.
1474 3306 1630 3346 δεδομένην
1650 3310 1790 3349 ἐξουσίαν,
1811 3316 1910 3353 atque
1926 3313 1972 3344 ita
1990 3312 2066 3358 legit
2086 3316 2142 3348 In-

94 3350 192 3381 etiam
217 3349 332 3393 legitur
355 3351 443 3394 apud
467 3352 632 3387 Isidorum
659 3354 856 3388 Pelusiotam
873 3355 931 3388 lib.
953 3359 985 3396 4,
1001 3357 1095 3399 epist.
1134 3362 1270 3397 toi-pres.

286 3427 378 3451 Tou.
412 3428 464 3452 lv.

1911 3427 1929 3436 -o

1885 3438 1932 3462 2.)
