2516 3791
708 223 749 252 ΙΝ
789 223 889 253 CAP.

139 311 292 358 ἀπῆλθε,
311 308 425 362 φησὶν,
444 305 574 345 Ἰακὼὸ
591 308 636 349 εἰς
658 305 802 353 Αούζαν,
818 305 841 352 ἥ
858 308 951 344 ἐστιν
970 307 1006 343 ἐν
1021 307 1065 356 γῇ
1086 305 1160 342 Χα-

135 371 233 418 ναὰν,
253 369 275 416 ἥ
295 371 368 408 ἐστι
392 367 546 415 Βαιθὴλ,
566 367 625 405 καὶ
644 373 712 410 πᾶς
740 369 758 404 6
788 366 870 410 λαὸς
903 368 921 404 6
947 366 1022 416 μετ’
1043 366 1161 403 αὐτοῦ.

137 431 205 470 Καὶ
223 429 448 483 ᾠκοδόμησεν
477 431 548 467 ἐκεῖ
575 427 832 481 θυσιαστήριον,
861 427 920 465 καὶ
951 425 1094 465 ἐκάλεσε
1123 424 1163 462 τὸ

135 492 242 542 ὄνομα
260 496 320 530 τοῦ
350 491 457 530 τόπου
480 490 633 537 Βαιθήλ·
657 491 727 528 ἐκεῖ
754 488 821 541 γὰρ
843 487 998 540 ἐπεφάνη
1031 487 1126 539 αὐτῷ
1145 488 1163 523 6

135 553 224 597 Θεὸς
243 554 277 591 ἐν
297 555 346 605 τῷ
363 551 628 607 ἀποδιδράσκειν
645 551 746 589 αὐτὸν
762 550 831 588 ἀπὸ
846 548 1034 602 προσώπου
1049 548 1164 586 ἹΙσαῦ

135 619 195 653 τοῦ
225 615 372 667 ἀδελφοῦ
401 617 518 653 αὐτοῦ.
542 612 851 666 Παραγενόμενος,
874 610 991 663 φησὶν,
1024 611 1072 653 εἷς
1098 608 1161 656 τὴν

140 676 294 723 Βαιθὴλ,
322 675 464 722 ἐποίησε
484 676 521 714 τὸ
539 673 770 728 προσταχθὲν,
785 672 844 710 καὶ
860 672 900 710 τὸ
918 670 1162 724 θυσιαστήριον

136 738 367 788 οἰκοδομήσας
400 738 543 777 ἐκάλεσε
570 737 610 775 τὸ
649 736 758 786 ὄνομα
796 737 856 771 τοῦ
883 732 990 771 τόπου
1012 732 1161 779 Βαιθήλ.

139 798 303 838 Ἀπέθανε
327 799 384 846 δὲ,
415 798 523 851 φησὶ,
557 795 716 850 Δεὸόῤῥα
745 799 767 842 ἡ
796 794 920 846 τροφὸς
948 793 1164 841 Ῥεὸέκκας,

138 859 198 897 καὶ
229 859 340 911 ἐτάφη
360 858 554 910 κατώτερον
581 856 717 903 Βαιθὴλ
735 856 802 895 ὑπὸ
822 855 885 903 τὴν
907 855 1057 906 βάλανον
1076 870 1083 878 ·
1107 855 1167 893 καὶ

139 919 300 959 ἐκάλεσεν
333 919 462 958 Ἰακὼὸ
480 919 520 958 τὸ
550 918 659 969 ὄνομα
687 919 814 965 αὐτῆς,
838 916 987 968 βάλανος
1011 916 1166 960 πένθους.

138 981 246 1034 ’θρᾷς
278 984 351 1024 πῶς
383 981 436 1019 ἀεὶ
469 981 538 1019 ἀπὸ
568 982 636 1018 τῶν
659 977 920 1031 συμὸαινόντων
941 977 1021 1022 τοὺς
1040 978 1168 1022 τόπους

136 1041 324 1093 ὠνόμαζεν,
351 1041 440 1080 ὥστε
473 1043 612 1089 διηνεκῆ
648 1039 879 1084 διασώζεσθαι
906 1039 969 1087 τὴν
1000 1039 1171 1090 μνήμην;

138 1103 207 1142 Καὶ
224 1104 315 1149 πῶς,
332 1103 372 1140 ἄν
392 1119 443 1146 τις
462 1102 573 1149 εἴποι,
595 1105 617 1148 ἡ
642 1102 765 1154 τροφὸς
786 1103 848 1147 τῆς
867 1099 1062 1143 Ῥεόέκκας
1093 1116 1170 1139 συν-

139 1167 182 1211 ἦν
215 1166 265 1216 τῷ
295 1164 425 1203 Ἰακὼὸ
462 1164 660 1217 πρόσφατον
694 1163 763 1201 ἀπὸ
795 1165 857 1209 τῆς
893 1160 1170 1212 Μεσοποταμίας

140 1225 432 1278 παραγενομένῳ,
469 1224 527 1263 καὶ
562 1224 708 1276 μηδέπω
740 1222 803 1269 τὴν
831 1222 917 1275 πρὸς
949 1221 1005 1259 τὸν
1034 1221 1171 1276 πατέρα

140 1286 326 1338 συντυχίαν
352 1286 603 1338 ποιησαμένῳ;
630 1284 681 1323 Ἣ
707 1284 802 1336 τάχα
822 1286 925 1322 τοῦτο
944 1281 985 1320 ἂν
1002 1281 1172 1333 εἴποιμεν,

141 1347 211 1392 ὅτι,
233 1346 336 1394 ἡνίκα
357 1347 426 1385 ἀπὸ
455 1349 515 1384 τοῦ
543 1346 667 1384 Λάὸαν
688 1344 852 1396 ἐπανῄει,
882 1345 1101 1382 συνανελθείν
1122 1346 1173 1395 τῷ
1196 1350 1220 1380 C

143 1408 274 1447 Ἰακὼὸ
292 1408 520 1459 ἐπεθύμησεν,
540 1407 631 1446 ὥστε
651 1407 707 1446 διὰ
727 1410 862 1459 μακροῦ
882 1409 942 1444 τοῦ
963 1404 1089 1458 χρόνου
1109 1404 1172 1451 τὴν

142 1468 334 1508 Ἱ)εὸέκκαν
353 1468 563 1508 θεάσασθαι·
584 1468 644 1506 καὶ
671 1468 752 1520 πρὶν
773 1465 795 1513 ἢ
823 1465 868 1504 τὰ
892 1468 956 1512 τῆς
983 1465 1173 1518 συντυχίας

142 1530 326 1582 γενέσθαι,
344 1533 414 1569 ἐκεῖ
435 1530 492 1568 τὸν
513 1530 585 1582 βίον
606 1529 806 1568 κατέλυσεν.

198 1591 304 1638 Ἀλλ’,
326 1593 355 1630 εἷ
385 1591 566 1643 βούλεσθε,
599 1591 659 1629 καὶ
689 1594 792 1642 ἡμεῖς
819 1591 966 1630 ἐνταῦθα
991 1590 1176 1641 στήσωμεν

145 1654 204 1691 τὸν
223 1652 325 1704 λόγον
342 1652 564 1706 ἀρκεσθέντες
581 1658 650 1695 τοῖς
671 1651 867 1703 εἰρημένοις
881 1681 890 1698 ,
907 1656 921 1672 ³
933 1653 1044 1690 ἐκεῖνο
1059 1667 1176 1704 παρα-

143 1714 350 1757 καλέσαντες
370 1715 466 1764 ὑμῶν
486 1713 549 1760 τὴν
569 1712 723 1764 ἀγάπην,
749 1711 840 1751 ὥστε
860 1712 919 1751 καὶ
944 1711 1068 1756 αὐτοὺς
1090 1713 1177 1750 πολ-

144 1775 208 1822 λὴν
239 1778 300 1821 τῆς
339 1777 463 1828 ἀρετῆς
494 1777 667 1812 ποιεῖσθαι
703 1774 767 1820 τὴν
789 1774 1005 1825 ἐπιμέλειαν,
1031 1773 1092 1811 καὶ
1114 1776 1178 1819 τῆς

144 1840 212 1875 τῶν
243 1836 328 1874 νέων
360 1835 583 1888 σωφροσύνης
611 1838 863 1887 ἐπιμελεῖσθαι.
885 1835 1065 1874 Ἐντεῦθεν
1083 1833 1176 1887 γὰρ,

147 1901 193 1941 ὡς
214 1900 333 1945 εἰπεῖν,
355 1897 493 1935 ἅπαντα
509 1896 664 1935 τίκτεται
679 1896 724 1935 τὰ
744 1896 848 1935 κακά.
868 1895 913 1934 ‘H
928 1896 995 1948 γὰρ
1015 1895 1178 1942 συνήθεια

147 1962 210 2006 τῆς
237 1958 405 2012 πονηρίας
420 1960 469 2010 τῷ
487 1958 602 2010 χρόνῳ
617 1961 787 2009 προϊοῦσα
805 1957 979 2004 τοσαύτην
999 1957 1180 2009 ἐργάζεται

147 2019 211 2066 τὴν
229 2019 355 2070 λύμην,
376 2022 422 2064 ὡς
451 2019 624 2070 μηδεμίαν
644 2020 764 2058 λοιπὸν
785 2018 990 2071 παραίνεσιν
1014 2018 1180 2057 δύνασθαι

148 2080 386 2133 περιγενέσθαι
409 2084 476 2118 τῶν
504 2079 596 2124 ἅπαξ
613 2080 681 2118 ὑπὸ
699 2083 760 2126 τῆς
779 2079 947 2132 πονηρίας
970 2079 1180 2133 προδιδομέ-

148 2158 228 2189 νων,
248 2142 307 2178 καὶ
331 2141 490 2194 καθάπερ
512 2140 750 2193 αἰχμαλώτων
778 2141 970 2192 ἀγομένων,
991 2135 1082 2193 ᾗπερ
1103 2140 1143 2178 ἂν
1164 2144 1181 2178 6

148 2203 308 2246 διάόολος
327 2201 463 2254 κελεύῃ.
479 2202 635 2245 Ἐκεῖνος
658 2202 728 2255 γάρ
748 2203 823 2241 ἐστι
849 2201 969 2240 λοιπὸν
993 2205 1012 2240 6
1035 2201 1181 2240 ἐπιτάτ-

147 2279 228 2311 των,
246 2263 304 2301 καὶ
320 2263 364 2302 τὰ
385 2262 524 2315 ὀλέθρια
540 2264 654 2301 ἐκεῖνα
674 2262 821 2301 κελεύων
838 2262 1076 2314 ἐπιτάγματα,
1089 2262 1179 2316 ἅπερ

149 2327 223 2375 μεθ’
251 2325 375 2371 ἧδονῆς
403 2325 593 2375 πληροῦσιν
622 2327 653 2362 οἱ
683 2323 778 2371 νέοι,
798 2324 838 2362 τὸ
857 2323 969 2375 παρὸν
990 2323 1093 2375 μόνον
1112 2323 1177 2371 ἡδὺ

147 2387 314 2436 ὁρῶντες,
335 2384 394 2422 καὶ
412 2384 476 2431 τὴν
500 2384 588 2435 μετὰ
609 2388 722 2422 ταῦτα
746 2384 870 2431 ὀδύνην
891 2386 928 2424 οὐ
950 2384 1177 2436 λογιζόμενοι.

150 2445 213 2483 Διὸ
232 2447 427 2497 παρακαλῶ
445 2451 548 2496 χεῖρα
575 2445 706 2498 ὀρέγειν
736 2452 807 2489 τοῖς
827 2445 928 2485 παισὶ
947 2451 1017 2489 τοῖς
1047 2446 1176 2497 ἡμετέ-

153 2521 241 2558 ροις,
257 2506 313 2543 ἵνα
331 2505 379 2556 μὴ
405 2507 465 2544 καὶ
483 2509 550 2544 τῶν
574 2508 631 2544 ὑπ’
655 2506 793 2544 ἐκείνων
812 2507 1063 2560 πραττομένων
1080 2507 1179 2546 αὐτοὶ

150 2566 212 2610 τὰς
232 2566 373 2610 εὐθύνας
397 2569 616 2618 ὑποστῶμεν.
635 2565 686 2605 Ἦ
707 2570 768 2606 οὐκ
786 2566 878 2614 ἴστε,
895 2568 929 2606 τί
945 2571 962 2606 ὃ
981 2567 1179 2620 πρεσὸύτης

153 2626 251 2665 Ἠλεὶ
282 2627 463 2675 πέπονθεν,
491 2630 529 2666 οὐ
561 2628 806 2681 προσηκόντως
839 2628 1078 2680 διορθούμενος
1108 2631 1177 2667 τῶν

152 2689 287 2727 παίδων
318 2689 362 2727 τὰ
389 2688 776 2739 ἐλαττώματαςυΟταν
804 2685 914 2743 γὰρῇ
939 2690 1049 2734 πάθος
1069 2693 1179 2742 τομῆς

155 2748 328 2799 δεόμενον,
344 2751 374 2787 εἰ
390 2749 510 2799 μέλλοι
526 2753 543 2788 ὁ
564 2750 680 2803 ἰατρὸς
697 2755 799 2789 τοῦτο
814 2749 1060 2798 ι’καταιονήσει
1086 2754 1183 2802 θερα-

155 2809 284 2856 πεύειν,
312 2809 446 2862 ταχέως
475 2810 613 2849 ἀνίατον
634 2812 816 2864 ἐργάζεται
840 2813 879 2851 τὸ
904 2812 1033 2859 πάθος,
1058 2813 1097 2850 οὐ
1118 2811 1181 2859 τὴν

157 2870 394 2921 ἁρμόττουσαν
415 2870 554 2922 ἐπάγων
582 2873 735 2924 ἰατρείαν
749 2889 756 2897 ·
780 2873 839 2912 τὸν
860 2874 962 2913 αὐτὸν
982 2873 1023 2921 δὴ
1054 2873 1182 2926 τρόπον

157 2931 215 2969 καὶ
234 2934 252 2969 6
272 2931 467 2984 πρεσίύτης
492 2935 617 2977 ἐκεῖνος
642 2934 787 2986 ὀφείλων
817 2935 897 2980 ἄξια
923 2939 990 2974 τῶν
1011 2938 1181 2987 πλημμε-

156 2992 322 3043 λημάτων
338 2992 589 3044 εἰσπράξασθαι
606 2994 684 3038 τοὺς
702 2997 824 3035 ἑαυτοῦ
841 2998 967 3040 παῖδας
978 3027 989 3046 ,
1005 2998 1119 3047 πολλῇ
1137 2999 1179 3048 τῇ

158 3053 326 3106 ἐπιεικείᾳ
346 3054 585 3106 χρησάμενος,
605 3058 667 3102 τῆς
682 3057 852 3110 τιμωρίας
872 3059 987 3101 αὐτοῖς
1003 3058 1063 3096 καὶ
1083 3057 1182 3100 αὐτὸς

159 3120 378 3168 ἐκοινώνησε.
398 3121 617 3168 Φοὸηθέντες
649 3116 720 3171 οῦν,
745 3126 940 3176 παρακαλῶ
955 3155 966 3174 ,
986 3125 1028 3164 τὸ
1046 3124 1183 3163 ὑπόδει-

207 3253 220 3267 ·
237 3240 351 3284 [Coisl.
367 3245 509 3286 adagium]

931 221 1071 252 XXXV.
1111 219 1274 249 GENES.

1316 219 1472 248 nomn„
1516 219 1606 248 mx.
2089 205 2179 265 (307

1232 305 1336 340 cavit
1354 316 1493 339 nomen
1508 302 1583 339 loci
1599 301 1706 339 illius
1735 301 1884 338 Boeehel
1899 317 1908 336 :
1928 303 1981 337 ibi
2000 305 2103 338 enim
2121 317 2185 352 (ιμ-

1229 364 1362 414 paruit
1378 365 1414 400 ei
1420 364 1542 409 Deus,
1558 363 1809 415 cumsagerel
1827 375 1851 398 ιι
1858 363 2087 415 sacieEsait'
2101 363 2183 413 sra-

1233 426 1300 460 tris
1317 426 1391 461 sui.
1410 425 1602 475 Postquam
1624 422 1731 471 venit,
1753 422 1878 472 inquit,
1895 421 1930 459 in
1948 422 2188 467 lla-tlichfecit

1233 483 1324 521 sicut
1342 484 1372 522 ei
1400 494 1618 537 praeceptum
1651 493 1737 532 crat,
1769 482 1945 521 aedificato
1978 483 2096 530 altari,
2125 498 2188 521 vo-

1234 545 1328 584 cavit
1342 559 1468 583 nomen
1484 545 1552 583 loci
1571 545 1716 583 Bae-thel.
1737 547 1772 583 8.
1791 546 1950 582 Mortua
1966 553 2021 582 est
2041 553 2184 590 autem,

1234 605 1546 657 inquit‚Deborra
1568 609 1700 644 ηιιιινζι·
1717 607 1950 651 Rebecca›,et
1967 606 2120 657 sepulta
2133 615 2186 643 est

1234 669 1288 706 ad
1299 669 1449 706 radices
1462 667 1613 705 Baeelzel
1624 669 1754 705 subter
1768 680 1966 718 quercum:
1980 675 2014 703 et
2030 669 2188 703 vocavit

1233 730 1358 768 Jacob
1380 744 1522 767 nomen
1536 731 1632 781 ejus,
1648 730 1817 780 Quercus
1835 728 1975 765 luctus.
1986 726 2190 777 Vidcsquo-

1234 790 1342 829 modo
1360 805 1500 843 semper
1513 791 1560 828 ab
1573 790 1760 828 eventibus
1772 788 1930 827 nominat
1951 788 2038 835 loca,
2056 796 2093 825 ut
2112 802 2190 840 per-

1236 862 1342 906 petua
1360 861 1520 892 servetur
1540 851 1711 890 memoria
1728 852 1745 888 ?
1767 851 1813 888 Et
1841 849 2033 901 quomodo,
2057 849 2192 886 dixerit

1237 915 1430 967 quispiam,
1451 914 1576 952 nutrix
1596 913 1761 951 Rcbeccae
1782 912 1850 950 suit
1869 926 1950 949 cum
1980 911 2091 949 Jacob
2116 911 2194 962 jam

1239 976 1399 1030 primum
1413 974 1574 1014 veniente
1590 989 1609 1011 a
1628 972 1895 1026 Mesopotamia,
1914 971 2123 1023 priusquam
2137 986 2195 1008 oc-

1239 1045 1394 1076 curreret
1428 1036 1520 1089 patri
1555 1035 1772 1073 sno?F01·1e
1797 1034 1865 1071 hoc
1891 1032 2097 1079 dicendum,
2119 1045 2196 1069 cam

1240 1097 1414 1149 quandoa
1432 1097 1556 1134 Laban
1569 1096 1630 1134 ille
1646 1095 1767 1142 rediit,
1786 1094 1892 1132 simul
1908 1107 1990 1131 cum
2009 1092 2121 1131 Jacob
2141 1106 2197 1129 ve-

1240 1158 1316 1197 nire
1330 1157 1520 1211 cupivisse,
1533 1166 1571 1194 ut
1588 1165 1666 1209 post
1680 1156 1827 1206 longum
1841 1164 1981 1205 tempus
2000 1152 2198 1189 Rebeccam

1241 1219 1410 1258 inviseret
1429 1233 1436 1254 :
1457 1217 1517 1256 sed
1535 1217 1746 1270 priusquam
1769 1214 1823 1252 illi
1839 1221 2052 1260 occurreret,
2069 1211 2196 1250 desun-

1243 1290 1335 1319 ctam
1356 1293 1441 1318 esse.

1300 1592 1338 1629 5.
1364 1592 1410 1627 At
1434 1601 1498 1626 nos
1516 1586 1636 1633 etiam,
1658 1585 1689 1623 si
1719 1584 1847 1637 placet,
1867 1583 1926 1621 hic
1943 1583 2113 1621 finiamus
2134 1596 2203 1620 scr·
2220 1601 2408 1638 Momlfflp„

1246 1656 1403 1700 monem,
1418 1648 1572 1687 contenti
1589 1647 1633 1685 iis
1650 1660 1728 1697 quae
1746 1645 1840 1682 dicta
1856 1653 1951 1683 sunt.
1971 1644 2069 1683 Illud
2083 1654 2201 1682 autem
2219 1643 2356 1711 ¹132,erss
2367 1643 2410 1710 ΕΙΣ·

1247 1721 1402 1750 vestram
1422 1709 1607 1747 caritatem
1623 1704 1882 1757 rogaverimus,
1899 1713 1936 1741 ut
1958 1713 1990 1741 et
2010 1718 2071 1742 vos
2090 1704 2204 1742 virtu·
2221 1727 2385 1762 stigationc.
2402 1700 2411 1704 “

1247 1772 1292 1810 tis
1307 1785 1430 1809 curam
1444 1768 1585 1821 geratis,
1601 1776 1635 1805 et
1646 1767 1822 1819 juvenum
1837 1764 2090 1803 continentiam
2107 1779 2205 1803 cure-

1247 1833 1305 1871 tis.
1324 1832 1416 1870 Hinc
1429 1831 1588 1879 cnim,ut
1605 1828 1653 1866 ita
1664 1827 1795 1874 dicam,
1812 1825 1931 1864 omnia
1946 1825 2039 1863 mala
2056 1839 2206 1864 nascun-

1247 1904 1318 1933 tur.
1341 1890 1570 1931 Consuetudo
1605 1888 1699 1927 enim
1719 1887 1806 1926 mali
1835 1900 2001 1939 processu
2038 1887 2208 1938 temporis

1248 1955 1467 1995 invalescens
1492 1961 1627 1991 tantam
1656 1949 1760 1987 affert
1780 1947 1985 2001 pernicicm,
2015 1956 2053 1985 ut
2088 1957 2207 1999 postea

1249 2032 1318 2056 non
1335 2015 1445 2069 possit
1459 2013 1579 2064 aliqua
1603 2010 1700 2051 vinci
1719 2008 1961 2047 admonitione
1976 2023 1988 2057 ;
2008 2017 2139 2045 etcum
2154 2022 2206 2046 se-

1249 2078 1319 2117 mel
1331 2092 1351 2115 a
1365 2075 1504 2115 malitia
1522 2072 1654 2112 fuerint
1673 2070 1849 2122 occupati,
1867 2068 1969 2120 quasi
1998 2068 2035 2105 in
2057 2068 2207 2119 captivi—

1249 2149 1355 2178 tatem
1374 2145 1489 2176 essent
1515 2132 1674 2181 abducti,
1701 2144 1843 2182 quoquo
1871 2128 2038 2167 diabolus
2063 2129 2210 2180 jusserit

1247 2209 1418 2252 aguntur.
1437 2197 1503 2236 Ille
1520 2195 1615 2233 enim
1631 2193 1681 2231 eis
1694 2191 1859 2244 imperat,
1879 2199 1912 2227 et
1931 2188 2129 2242 perniciosa
2148 2189 2209 2226 illa

1248 2262 1312 2300 dat
1339 2258 1521 2308 mandata,
1555 2268 1631 2306 qua:
1645 2253 1794 2306 juvenes
1833 2251 1985 2289 libenter
2004 2250 2207 2302 perficiunt,

1247 2331 1457 2377 praesentem
1472 2328 1613 2358 tantum
1632 2315 1853 2368 voluptatem
1872 2321 2082 2365 spectantes,
2100 2322 2131 2350 et
2151 2313 2207 2349 fu-

1246 2395 1369 2424 turum
1383 2382 1544 2421 dolorem
1565 2392 1635 2417 non
1653 2376 1858 2429 cogitantes.
1875 2373 1959 2412 Ideo
1979 2388 2041 2411 oro
2060 2382 2097 2410 ut
2120 2388 2206 2425 μνω-

1246 2447 1395 2486 beamus
1410 2456 1557 2482 manum
1572 2439 1658 2478 filiis
1674 2437 1816 2485 nostris,
1832 2445 1871 2474 ut
1893 2449 1936 2473 ne
1958 2434 2065 2473 etiam
2082 2449 2146 2487 pro
2163 2435 2206 2471 iis

1247 2522 1324 2560 quae
1344 2506 1398 2544 illi
1419 2510 1623 2558 peccarunt,
1641 2513 1704 2538 nos
1735 2511 1856 2550 poenas
1880 2495 2130 2534 sustineamus.
2151 2497 2203 2532 An
2226 2513 2248 2532 ι.
2265 2506 2339 2541 lxcg.
2356 2506 2384 2541 34.

1247 2568 1391 2608 nescitis
1409 2564 1498 2618 quid
1515 2563 1589 2602 seni
1608 2561 1667 2599 Eli
1689 2557 1871 2604 acciderit,
1895 2570 1977 2594 cum
1997 2570 2066 2593 non
2086 2555 2206 2594 debite
2226 2546 2270 2577 ¹3·

1248 2625 1618 2670 emendaretfiliorum
1626 2619 1776 2659 delicta?
1787 2615 2103 2665 Quemadmodum
2110 2616 2205 2654 enim

1249 2692 1422 2739 medicus,
1446 2688 1476 2726 si
1506 2685 1673 2724 morbum
1709 2680 1861 2720 sectione
1889 2678 2107 2730 indigentem
2140 2692 2206 2716 un-

1204 2762 1227 2792 E
1251 2755 1364 2793 ctione
1379 2759 1441 2789 aut
1452 2747 1642 2800 emplastro
1650 2756 1773 2782 curare
1783 2740 1948 2789 voluerit,
1957 2741 2026 2778 cito
2039 2739 2205 2777 morbum

1250 2812 1485 2854 incurabilem
1502 2807 1727 2855 efficiet,cum
1743 2816 1937 2854 congruam
1951 2815 2019 2839 non
2039 2801 2208 2839 adhibeat

1253 2875 1465 2914 medicinam
1483 2886 1490 2907 :
1513 2870 1560 2907 ita
1572 2877 1604 2905 et
1626 2879 1730 2904 senex
1758 2863 1832 2911 ille,
1849 2876 1930 2900 cum
1945 2861 2089 2900 deberet
2113 2861 2206 2900 filios

1253 2951 1336 2977 suos
1354 2949 1419 2988 pro
1433 2939 1655 2986 peccatorum
1670 2926 1805 2965 ratione
1815 2923 2017 2973 emendare,
2036 2923 2144 2960 nimia
2159 2923 2207 2960 lc-

1255 2999 1364 3037 nitate
1374 2995 1455 3034 illos
1465 3004 1628 3043 arguens,
1644 2985 1813 3040 supplicii
1828 2994 1861 3023 et
1880 2985 1956 3037 ipse
1969 2998 2110 3022 consors
2124 2983 2204 3021 fuit.

1257 3057 1410 3099 Proinde
1424 3069 1498 3102 oro,
1511 3050 1716 3102 exemplum
1725 3047 1794 3085 hoc
1809 3046 2009 3093 timeamus,
2025 3054 2059 3083 et
2074 3045 2210 3082 haben-

1258 3131 1309 3160 tes
1321 3119 1414 3158 filios
1428 3112 1680 3169 provideamus
1699 3109 1750 3147 cis
1763 3106 1808 3146 de
1826 3107 1974 3145 honesta
1991 3105 2211 3150 educatione,

1204 3243 1294 3277 Edit.
1315 3241 1416 3275 Savil.
1442 3241 1509 3272 κατ’
1526 3240 1635 3272 εὐνοίας
1652 3231 1737 3275 λόγον
1752 3238 1796 3275 μὴ
1822 3233 2003 3275 θεραπεύειν.
2031 3228 2122 3260 Unus
2140 3234 2212 3258 tan-

209 3295 226 3319 b
248 3303 438 3334 Καταιονήσιι
478 3300 671 3342 &panthei-15
708 3296 876 3330 Unctinne
906 3306 966 3331 aut
993 3298 1171 3343 emplastro
1205 3303 1275 3326 tum
1293 3291 1407 3325 Codex
1421 3296 1500 3324 κατὰ
1517 3294 1653 3334 Ρρόνητεν
1673 3295 1733 3327 pro
1747 3289 1931 3337 καταιονήσει
1949 3285 2069 3321 posun·
2094 3276 2214 3336 lerjff-

167 3347 317 3389 imposito
330 3358 455 3386 curare,
474 3359 492 3379 a
507 3347 608 3380 *erbo
625 3355 803 3389 καταιονάω,
822 3361 973 3394 aspergo,
992 3349 1100 3389 illino,
1120 3349 1173 3391 fo·
1207 3350 1245 3380 rii
1269 3347 1424 3378 nimirum
1441 3351 1557 3375 vocem
1581 3336 1748 3371 insolitam
1768 3335 1920 3367 vinatam
1947 3336 2118 3373 putantes,
2137 3329 2217 3360 alias

168 3409 236 3430 reo.
256 3397 433 3439 emplastro
447 3399 584 3430 obduco.
600 3398 683 3432 Mire
700 3408 876 3444 corruptus
893 3409 941 3434 est
958 3402 1010 3434 hic
1027 3400 1118 3434 locus
1140 3402 1172 3433 in
1208 3400 1496 3432 lectionestcmcrc
1513 3387 1817 3426 substitueban2.v.
1832 3394 1858 3417 ι.
1872 3386 1947 3425 7,p.
1962 3383 2037 3414 829.
2052 3382 2087 3412 Β.
2099 3389 2167 3412 ¹¹01-
2189 3384 2215 3409 '’-

1993 3447 2055 3490 42-
