2516 3791
681 244 722 275 IN
761 244 857 275 Css‘.
894 243 986 275 xm.

85 335 262 386 καλύψεως
283 333 376 384 αὐτῷ
396 333 505 368 ταῦτα
536 327 717 376 κατάδηλα
745 333 880 380 γέγονε,
908 327 999 366 Τίνα
1018 326 1085 378 γὰρ
1099 356 1108 374 ,

83 395 198 448 φησὶν,
227 394 431 448 εὑρήσομεν,
459 392 494 436 ὃς
523 390 685 438 τοιαύτης
715 390 862 436 ἠξίωται
885 389 1044 442 χάριτος,
1063 391 1111 431 ὡς

82 459 218 506 πνεῦμα
250 458 342 494 Θεοῦ
369 454 460 508 ἔχειν
490 456 524 492 ἐν
554 455 688 505 ἑαυτῷ;
706 451 775 490 Καὶ
793 444 868 489 εἷπε
886 453 936 503 τῷ
957 448 1109 500 Ἰωσήφ·

81 515 200 562 ἐπειδὴ
223 515 329 561 ἔδειξέ
344 531 398 554 σοι
412 519 430 554 6
449 514 537 559 Θεὸς
565 514 681 553 πάντα
700 516 809 551 ταῦτα
821 543 830 560 ,
852 513 915 550 οὐκ
933 511 1025 550 ἔστιν
1046 510 1108 549 ἄν-

81 580 216 628 θρωπος
233 575 490 630 φρονιμώτερός
507 591 580 614 σου.
606 574 740 614 Σκόπει
757 575 904 611 ἐνταῦθα
917 573 1009 619 πῶς,
1028 570 1110 609 ὅταν

82 636 250 689 βούληται
266 641 284 676 6
299 639 494 690 εὐμήχανος
509 636 598 680 Θεὸς
612 637 659 680 εἷς
678 635 776 687 ἔργον
796 637 938 686 ἀγαγεῖν
950 633 994 671 τὰ
1016 633 1111 684 αὐτῷ

80 698 225 743 δόξαντα
241 730 250 746 ,
275 699 371 738 οὐδὲν
386 702 455 737 τῶν
475 699 510 736 ἐν
526 701 577 750 τῷ
600 697 697 750 μέσῳ
718 695 978 747 συμὸαινόντων
999 693 1112 732 κώλυ-
1136 705 1160 736 (ζ

83 776 133 811 μα
159 761 319 812 γενέσθαι
338 760 494 798 δύναται.
526 759 616 797 Ἰδοὺ
634 758 702 811 γὰρ
714 787 724 804 ,
753 757 813 796 καὶ
832 755 948 809 σφαγὴ
968 755 1112 808 σχεδὸν,

86 823 134 863 ὡς
153 823 276 869 εἰπεῖν,
294 821 361 859 ὑπὸ
379 823 448 859 τῶν
465 821 622 872 ἀδελφῶν
640 819 778 871 γε’γονε,
798 818 856 856 καὶ
887 823 1014 870 πρᾶσις
1028 848 1037 865 ,
1056 817 1116 855 καὶ

85 881 280 934 κατηγορία
313 881 393 933 περὶ
422 882 523 919 αὐτὸν
552 880 700 932 ἔσχατον
731 880 911 931 ἐπάγουσα
943 879 1116 927 κίνδυνον,

86 943 145 980 καὶ
164 942 402 995 δεσμωτήριον
418 942 475 981 ἐπὶ
497 945 660 981 τοσοῦτον
675 942 812 995 χρόνον,
832 941 890 979 καὶ
907 941 996 992 μετὰ
1008 945 1119 980 ταῦτα

83 1005 222 1044 ἅπαντα
243 1007 291 1048 εἷς
305 1004 408 1042 αὐτὸν
425 1004 598 1056 ἀνηνέχθη
615 1035 623 1049 ,
639 1003 761 1057 σχεδὸν
779 1005 901 1050 εἰπεῖν,
920 1002 978 1041 τὸν
999 1003 1117 1055 θρόνον

81 1066 138 1105 τὸν
161 1065 352 1118 βασιλικόν.
366 1065 512 1112 Ἐπειδὴ
530 1064 636 1110 ἐδειξέ
655 1081 709 1104 σοι
729 1069 746 1104 6
766 1065 856 1108 Θεὸς
864 1065 979 1104 πάντα
992 1068 1117 1112 ταῦτα,

83 1129 145 1166 οὐκ
175 1127 266 1165 ἔστιν
287 1127 466 1179 ἄνθρωπος
485 1126 741 1180 φρονιμώτερός
757 1142 818 1166 σου
849 1126 909 1165 καὶ
929 1126 1118 1166 συνετώτε-

84 1206 152 1242 ρος.
170 1189 220 1228 Σὺ
241 1183 298 1228 οὖν
319 1190 380 1242 ἔσῃ
400 1190 457 1228 ἐπὶ
472 1192 522 1242 τῷ
539 1189 623 1241 οἴκῳ
645 1206 728 1241 μου,
747 1189 806 1227 καὶ
822 1189 879 1228 ἐπὶ
899 1191 948 1242 τῷ
966 1188 1118 1240 στόματί

84 1267 144 1290 σου
165 1252 399 1290 ἐπακούσεται
415 1257 484 1294 πᾶς
500 1254 518 1289 ὃ
534 1250 636 1300 λαὸς,
657 1250 749 1298 πλὴν
780 1250 837 1288 τὸν
867 1250 985 1302 θρόνον
1014 1252 1122 1302 ὑπερ-

85 1313 150 1358 ἔξω
166 1330 225 1353 σου
252 1313 333 1365 ἐγώ.
360 1312 459 1365 ζὈρα
478 1315 552 1356 πῶς
572 1313 695 1365 ἀθρόον
713 1315 731 1350 6
754 1311 935 1363 δεσμώτης
958 1310 1120 1362 βασιλεὺς

84 1376 291 1415 καθίσταται
309 1375 426 1422 πάσης
448 1379 510 1423 τῆς
524 1375 722 1427 Αἰγύπτου,
738 1374 797 1414 καὶ
813 1378 831 1413 6
844 1375 913 1414 ὑπὸ
933 1378 993 1413 τοῦ
1012 1375 1119 1428 ἀρχι-

87 1436 254 1489 μαγείρου
275 1439 320 1481 εἰς
338 1438 378 1476 τὸ
391 1437 629 1491 δεσμωτήριον
646 1435 836 1488 εἰσαχθεὶς,
855 1435 923 1473 ὑπὸ
941 1439 1002 1473 τοῦ
1017 1437 1120 1487 βασι-

86 1498 173 1542 λέως
188 1501 237 1543 εἷς
251 1498 360 1546 αὐτὴν
383 1497 550 1550 ἀνάγεται
569 1502 583 1518 ³
595 1497 660 1545 τὴν
690 1497 859 1536 ἀνωτάτω
874 1496 982 1549 τιμήν
998 1513 1006 1521 ·
1025 1496 1084 1536 καὶ
1103 1499 1121 1535 6

83 1560 265 1612 γενόμενος
302 1560 408 1598 αὐτοῦ
438 1559 609 1606 δεσπότης
643 1559 805 1612 ἐξαίφνης
836 1558 929 1612 ἑώρα
941 1590 951 1607 ,
996 1559 1032 1598 ὃν
1075 1560 1121 1602 ὡς

85 1622 208 1674 μοιχὸν
244 1623 292 1666 εἰς
315 1621 355 1660 τὸ
384 1621 625 1674 δεσμωτήριον
659 1620 894 1671 ἐμὸεὸλήκει,
923 1620 985 1668 τὴν
1007 1619 1122 1673 ἀρχὴν

84 1683 200 1730 πάσης
222 1682 401 1734 Αἰγύπτου
426 1683 624 1734 δεξάμενον.
655 1675 759 1725 Εἶδες
779 1681 887 1721 πόσον
908 1681 984 1719 ἐστὶ
1003 1682 1042 1720 τὸ
1060 1680 1122 1734 φέ-

87 1760 157 1796 ρειν
184 1743 399 1796 εὐχαρίστως
431 1743 510 1788 τοὺς
546 1742 782 1796 πειρασμούς;
824 1742 894 1781 Διὰ
929 1746 1032 1781 τοῦτο
1065 1742 1124 1780 καὶ

85 1807 226 1849 Παῦλος
244 1805 378 1857 ἔλεγεν·
398 1804 443 1843 Ἡ
468 1804 582 1857 θλίψις
602 1803 780 1855 ὑπομονὴν
799 1803 1051 1856 κατεργάζεται
1063 1833 1073 1851 ,
1101 1806 1123 1850 ἡ

86 1866 122 1905 δὲ
142 1867 300 1919 ὑπομονὴ
328 1865 475 1918 δοκιμὴν
488 1896 497 1913 ,
518 1869 540 1913 ἡ
561 1865 597 1905 δὲ
617 1865 746 1917 δοκιμὴ
766 1865 913 1913 ἐλπίδα,
933 1868 955 1912 ἡ
974 1865 1009 1903 δὲ
1028 1865 1126 1909 ἐλπὶς

85 1932 124 1968 οὗ
140 1928 380 1980 καταισχύνει.
410 1926 532 1981 ΝΟρα
551 1922 610 1967 οὗν
623 1944 631 1952 ·
647 1927 709 1971 τὰς
729 1927 863 1980 θλίψεις
892 1929 967 1979 μεθ’
986 1930 1124 1979 ὑπομο-

86 1993 148 2036 νῆς
167 1991 310 2042 ἤνεγκεν
327 2005 334 2013 ·
357 1992 378 2036 ἡ
395 1989 554 2040 ὑπομονὴ
572 1989 714 2040 δόκιμον
739 1989 841 2028 αὐτὸν
862 1989 1103 2042 ἀπειργάσατο
1115 2005 1123 2013 ·

88 2052 230 2103 δόκιμος
249 2051 429 2102 γινόμενος
445 2050 593 2095 ἐλπίζων
614 2050 778 2089 διετέλει·
798 2053 820 2097 ἡ
838 2050 936 2094 ἐλπὶς
949 2053 988 2089 οὐ
1009 2051 1123 2103 κατῄ-

88 2129 227 2166 σχυνεν.
249 2106 338 2152 Isim
364 2113 399 2151 δὲ
424 2113 510 2165 πρὸς
530 2112 653 2150 αὐτόν·
684 2111 758 2150 ἰδοὺ
787 2112 981 2163 καθίστημί
1004 2128 1042 2150 σε
1063 2113 1125 2160 σή-

88 2191 192 2227 μερον
225 2174 282 2212 ἐπὶ
311 2180 426 2213 πᾶσαν
453 2177 519 2225 γῆν
556 2174 748 2225 Αἰγύπτου.
780 2173 851 2212 Καὶ
878 2174 1124 2226 περιελόμενος

86 2235 224 2288 Φαραὼ
236 2235 294 2274 τὸν
314 2235 498 2273 δακτύλιον
517 2236 588 2274 ἀπὸ
603 2237 667 2281 τῆς
681 2235 797 2287 χειρὸς
812 2237 915 2273 αὐτοῦ
930 2265 939 2282 ,
956 2235 1123 2288 περιέθη-

87 2314 147 2336 κεν
169 2298 273 2336 αὖτὸν
294 2298 353 2335 ἐπὶ
372 2296 435 2344 τὴν
458 2301 563 2349 χεῖρα
581 2296 733 2348 Ἰωσὴφ,
753 2297 812 2335 καὶ
842 2296 998 2335 ἐνέδυσεν
1020 2297 1122 2335 αὐτὸν

86 2359 214 2406 στολὴν
232 2358 419 2410 βυσσίνην,
441 2358 500 2396 καὶ
529 2357 716 2410 περιέθηκε
741 2358 857 2397 κλοιὸν
872 2361 1022 2410 χρυσοῦν
1043 2358 1123 2411 περὶ

87 2421 144 2459 τὸν
179 2421 355 2473 τράχηλον
378 2420 501 2465 αὐτοῦ,
537 2419 596 2457 καὶ
625 2419 830 2458 ἀνεδίδασεν
860 2419 962 2458 αὐτὸν
993 2419 1052 2458 ἐπὶ
1083 2419 1123 2458 τὸ

89 2482 186 2535 ἅρμα
201 2483 240 2520 τὸ
260 2481 418 2535 δεύτερον
437 2483 562 2528 αὐτοῦ,
587 2482 648 2520 καὶ
666 2481 830 2534 ἐκήρυξεν
849 2481 1044 2535 ἔμπροσθεν
1065 2484 1123 2521 αὗ-

88 2549 147 2583 τοῧ
163 2542 271 2596 κήρυξ
283 2572 292 2589 ,
313 2543 372 2581 καὶ
397 2543 611 2589 κατέστησεν
628 2543 732 2582 αὐτὸν
755 2545 807 2596 ἐφ’
825 2543 909 2590 ὅλης
927 2546 990 2591 τῆς
1010 2544 1121 2596 Αἰγύ-

89 2620 187 2643 πτου.
209 2604 357 2651 Ἐπειδὴ
386 2603 453 2655 γὰρ
470 2604 528 2642 τὸν
547 2604 640 2644 Θεὸν
660 2598 736 2657 εἶχε
763 2607 838 2655 μεθ’
861 2607 1005 2652 ἑαυτοῦ,
1024 2599 1120 2650 οὗτος

89 2667 184 2718 αὐτῷ
202 2669 312 2704 ταῦτα
327 2666 442 2704 πάντα
463 2664 739 2718 προηυτρέπισε,
761 2665 821 2704 καὶ
857 2668 904 2709 εἰς
933 2666 996 2714 τὴν
1016 2682 1120 2720 περι-

1024 241 1183 273 (ΞΕΝΕδ.

1223 241 1379 272 uomit..
1422 242 1547 272 lxm.

2046 252 2102 295 71)
2118 252 2126 279 1

1186 339 1294 376 perna
1330 325 1545 364 revelatione
1578 326 1654 364 luce
1686 326 1715 363 ci
1753 328 1972 366 manifestata
2002 331 2136 368 fuisse?

1187 385 1302 431 Quem
1315 386 1423 435 enim,
1441 386 1570 438 iuquit,
1588 387 1820 434 inveniemus,
1833 389 1895 440 qui
1909 399 2042 429 tautam
2056 406 2137 430 con-

1186 456 1356 497 sequutus
1378 447 1423 485 sit
1445 448 1610 500 gratiam,
1630 458 1667 486 ut
1688 450 1855 502 spiritum
1876 450 1941 488 Dei
1964 451 1999 489 in
2024 467 2061 490 se
2075 452 2139 491 ha-

1187 507 1294 546 beat?
1313 510 1375 547 59.
1399 511 1451 548 Et
1471 512 1585 557 dixit,
1604 511 1732 563 inquit,
1755 513 1810 550 ad
1831 513 1976 566 loseph
2002 530 2012 551 .-
2038 516 2139 566 Quia

1186 573 1415 608 monstravit
1445 574 1515 609 tibi
1536 573 1643 611 Deus
1679 577 1812 612 omnia
1848 576 1942 621 hoec,
1969 590 2047 614 non
2083 585 2139 614 est

1185 631 1300 669 homo
1312 633 1542 683 prudentior
1561 649 1679 687 quam
1704 645 1756 674 tu.
1788 636 1939 674 Attende
1966 637 2027 675 hic
2050 652 2139 688 quo-
2151 649 2232 678 Nihil
2249 652 2342 688 impe-

1191 692 1313 743 modo,
1336 693 1632 746 quandocumque
1659 698 1812 736 voluerit
1838 698 2012 750 providus
2045 701 2141 738 Deus

1188 769 1294 809 opere
1313 755 1489 808 complere
1505 771 1584 807 quae
1604 758 1672 797 sihi
1692 759 1769 797 visa
1799 760 1942 808 suerint,
1969 761 2058 799 nihil
2078 775 2141 800 eo-

1190 831 1272 855 rum
1287 831 1366 868 quae
1382 817 1417 855 in
1436 817 1554 856 medio
1573 818 1733 871 :obstare
1755 820 1936 871 videntur,
1974 822 2144 875 impedire

1191 879 1315 932 possit.
1340 879 1434 918 Ecce
1451 880 1545 918 enim
1565 896 1585 919 a
1601 881 1771 920 fratribus
1793 898 1901 937 prope
1917 884 2052 922 occisus
2072 885 2146 923 sue-

1197 950 1264 991 rat,
1282 951 1402 995 postea
1414 951 1533 981 autem
1553 943 1732 993 venditus,
1757 955 1948 984 accesserat
1979 946 2062 984 item
2089 961 2147 985 ca-

1198 1002 1333 1041 lumnia
1351 1003 1387 1041 in
1406 1013 1607 1042 extremum
1627 1005 1827 1058 periculum
1847 1005 2040 1057 adducens,
2058 1016 2091 1045 et
2112 1006 2146 1045 in

1197 1077 1335 1102 carcere
1350 1073 1447 1104 tanto
1471 1075 1627 1118 tempore
1643 1067 1770 1113 suerat,
1787 1076 1819 1106 et
1839 1077 1915 1121 post
1939 1068 2013 1106 haec
2026 1068 2144 1106 omnia

1193 1125 1386 1179 adipsum,
1413 1141 1524 1180 prope
1541 1126 1711 1174 dixerim,
1741 1129 1835 1180 regis
1855 1129 1984 1168 solium
2006 1138 2149 1167 evectus

1193 1196 1255 1225 est.
1283 1188 1478 1239 Quoniam
1494 1190 1661 1228 ostendit
1679 1192 1750 1228 tibi
1766 1191 1873 1229 Deus
1891 1192 1973 1229 hoec
2000 1193 2146 1235 omnia,

1196 1262 1274 1286 non
1293 1258 1350 1287 est
1366 1251 1480 1288 homo
1491 1251 1723 1302 prudentior
1744 1260 1780 1290 et
1800 1253 2079 1304 intelligentior
2098 1261 2146 1291 te.

1196 1311 1258 1348 40.
1279 1312 1312 1348 T
1311 1325 1335 1349 u
1356 1315 1474 1364 igitur
1491 1314 1566 1350 eris
1581 1326 1694 1364 super
1706 1313 1862 1351 domum
1885 1328 2023 1361 meam,
2047 1324 2084 1353 et
2111 1318 2152 1352 in

1197 1386 1261 1410 ore
1283 1381 1348 1411 tuo
1375 1374 1526 1412 obediet
1540 1376 1666 1412 omnis
1677 1375 1843 1427 populus
1857 1391 1866 1412 :
1880 1385 2153 1414 verumtamen

1198 1435 1338 1472 throno
1361 1448 1430 1487 ego
1451 1443 1487 1473 te
1506 1435 1757 1474 antecellam.
1777 1436 1872 1477 Vide
1891 1438 2071 1488 quomodo
2096 1453 2153 1476 ca-

1196 1495 1319 1548 ptivus
1351 1505 1496 1548 repente
1514 1496 1746 1535 constituitur
1767 1511 1831 1536 rex
1848 1499 1958 1537 totius
1985 1498 2151 1553 AEgypti,

1197 1566 1231 1595 et
1249 1557 1311 1608 qui
1324 1557 1370 1595 ab
1384 1557 1624 1609 archimagim
1640 1558 1676 1597 in
1694 1573 1869 1598 carcerem
1889 1561 2068 1613 conjectus
2081 1562 2154 1600 sue-

1198 1627 1267 1670 rat,
1289 1633 1308 1657 a
1328 1632 1410 1671 rege
1425 1619 1461 1656 in
1475 1633 1658 1658 summum
1679 1621 1799 1659 locum
1818 1622 1996 1660 exaltatus
2025 1632 2098 1661 est:
2115 1638 2156 1661 ac

1198 1680 1259 1731 qui
1275 1681 1391 1718 fuerat
1410 1681 1486 1733 ejus
1505 1680 1687 1732 dominus,
1710 1691 1853 1735 repente
1865 1683 1958 1722 vidit
1978 1698 2084 1735 quem
2116 1694 2155 1722 ut

1197 1746 1403 1785 adulterum
1422 1747 1458 1784 in
1481 1760 1654 1785 carcerem
1678 1747 1836 1797 miserat,
1872 1750 1981 1788 totius
2006 1749 2156 1803 AEgypti

1199 1806 1396 1860 suscepisse
1414 1807 1616 1859 imperium.
1637 1807 1774 1847 Vidisti
1795 1817 1971 1859 quantum
2001 1809 2047 1847 sit
2062 1810 2156 1849 serre

1208 1883 1291 1907 cum
1309 1869 1505 1921 gratiarum
1532 1869 1668 1908 actione
1700 1870 1932 1909 tentationes?
1965 1873 2154 1925 Propterea

1199 1930 1333 1969 Paulus
1347 1930 1500 1980 dicebat,
1511 1931 1554 1968 A
1544 1932 1696 1984 fflietio
1709 1935 1940 1984 patientiam
1956 1943 2150 1986 operatur,

1195 1995 1390 2044 patientia
1421 1995 1705 2045 probationem,
1734 1997 1914 2046 probatio
1936 2010 2054 2047 spem,
2070 2010 2155 2049 spes

1200 2068 1277 2092 non
1293 2054 1966 2108 pudefacit.Videigitur:affli‹:tiones
1979 2057 2156 2110 patienter

1148 2127 1171 2158 Ε
1198 2116 1298 2166 tulit3
1332 2115 1502 2168 patientia
1522 2116 1714 2169 probatum
1746 2131 1828 2156 eum
1852 2118 1953 2169 fecit,
1983 2119 2154 2171 probatus

1197 2179 1310 2217 factus
1322 2179 1358 2216 in
1375 2192 1505 2230 magna
1523 2193 1586 2231 spe
1603 2179 1729 2231 agebat
1739 2195 1751 2231 3
1773 2194 1852 2233 spes
1872 2195 1942 2219 non
1956 2181 2149 2234 pudefecit.

1195 2240 1259 2278 41.
1280 2241 1396 2278 Dixit
1414 2248 1545 2278 autem
1564 2241 1620 2278 ad
1637 2255 1723 2279 eum
1740 2257 1750 2277 :
1769 2243 1872 2280 Ecce
1906 2247 2099 2282 constituo
2118 2254 2156 2283 te

1197 2303 1313 2341 hodie
1340 2315 1455 2354 super
1476 2315 1627 2340 omnem
1648 2311 1790 2341 terram
1808 2305 1981 2357 AEgypti.
2005 2305 2070 2344 49.
2105 2308 2155 2345 Et

1202 2365 1363 2402 Pharao
1382 2364 1516 2402 ablato
1536 2365 1686 2402 annulo
1709 2366 1757 2404 de
1789 2379 1909 2404 manu
1926 2380 2012 2417 sua,
2024 2371 2154 2420 posuit

1196 2428 1343 2464 eumin
1359 2439 1480 2464 manu
1496 2426 1656 2479 Joseph,
1686 2429 1890 2480 induitque
1927 2443 2014 2467 eum
2046 2439 2155 2469 veste

1197 2489 1376 2538 byssina,
1401 2495 1439 2525 et
1456 2488 1709 2526 circumdedit
1738 2490 1884 2527 collum
1911 2492 1994 2543 ejus
2018 2500 2153 2544 torque

1195 2563 1326 2597 aureo,
1351 2549 1415 2587 45.
1437 2557 1472 2587 et
1478 2550 1582 2601 fecit
1598 2563 1684 2587 eum
1701 2552 1911 2589 ascendere
1934 2565 2048 2603 super
2066 2566 2151 2590 cur-

1193 2626 1280 2650 rum
1299 2624 1410 2650 suum
1429 2611 1654 2649 secundum.
1675 2611 1730 2648 Et
1745 2613 2007 2664 promulgavit
2019 2627 2151 2652 coram

1195 2687 1238 2712 eo
1246 2686 1386 2725 praeco,
1401 2681 1438 2710 et
1448 2674 1649 2710 constituit
1660 2686 1746 2710 eum
1759 2686 1874 2725 super
1891 2683 2012 2712 totam
2026 2677 2150 2728 AEgy-

89 2727 230 2779 φᾶνεῑαν
251 2727 352 2766 αὐτὸν
383 2726 512 2773 ταύτην
545 2727 734 2779 ἀνήγαγεν·
761 2721 852 2766 Εῗπῑ
893 2727 928 2766 δὲ
957 2728 1096 2781 Φαραώ
1112 2745 1119 2752 “
1134 2767 1182 2792 605
1192 2744 1313 2787 ptum.
1338 2735 1432 2772 Nam
1449 2734 1546 2771 Deus
1557 2746 1663 2783 quem
1675 2733 1831 2772 habebat
1846 2748 1977 2785 secum,
1997 2746 2098 2776 antea
2118 2739 2148 2776 ei

91 2790 170 2826 ἄνευ
191 2793 251 2827 σοῦ
270 2789 379 2832 Οὐδεὶς
399 2787 505 2841 ἐξάρῃ
527 2788 592 2835 τὴν
611 2795 714 2842 χεῖρα
731 2791 836 2827 αὗτῡῧ
859 2788 916 2827 ἐπὶ
943 2789 1040 2841 πάσῃ
1074 2792 1118 2841 γῇ
1145 2805 1171 2834 A
1195 2795 1314 2834 omnia
1328 2795 1417 2832 bene
1429 2793 1669 2846 disposuerat,
1691 2803 1797 2846 atque
1825 2809 1907 2834 eum
1942 2797 1978 2835 in
2011 2806 2150 2837 tantum

94 2849 282 2901 Αἰγύπτου.
314 2850 383 2887 Καὶ
417 2851 562 2888 ἐκάλεσε
586 2849 726 2902 Φαραὼ
762 2850 802 2889 τὸ
830 2851 939 2902 ὄνομα
968 2850 1121 2903 Ἰωσὴφ,

92 2910 388 2963 Ψομθομφανήχ·
421 2910 478 2948 διὰ
507 2913 570 2957 τῆς
599 2912 835 2964 προσηγορίας
866 2915 925 2950 τοῦ
953 2912 1120 2964 ὀνόματος

91 2973 231 3018 διηνεκῆ
259 2971 322 3018 τὴν
340 2970 481 3022 μνήμην
504 2972 711 3022 βουλόμενος
727 2973 956 3012 ἐναποθέσθαι
985 2977 1048 3021 τῆς
1066 2975 1120 3011 ἐν·

90 3032 315 3085 υπαρχούσης
337 3034 430 3084 αὐτῷ
451 3032 585 3084 σοφίας.
601 3035 716 3072 Τοῦτο
738 3034 807 3087 γὰρ
827 3035 1032 3088 ἑρμηνεύει,
1051 3039 1120 3075 τῶν

92 3097 255 3146 κρυπτῶν
271 3093 430 3144 γνώστης
442 3109 449 3116 ·
469 3093 591 3140 ἐπειδὴ
619 3093 688 3146 γὰρ
706 3094 750 3132 τὰ
766 3102 872 3135 πᾶσιν
893 3097 1056 3148 ἄγνωστα
1075 3099 1123 3141 εἷς

93 3155 237 3205 φανερὸν
255 3154 366 3206 ἤγαγε
379 3185 389 3203 ,
417 3154 598 3206 σημαίνων
621 3158 724 3194 τοῦτο
744 3155 827 3194 αὐτὸ
850 3159 868 3194 6
887 3157 1026 3208 Φαραὼ
1060 3157 1124 3205 τὴν

94 3215 330 3268 προσηγορίαν
362 3218 457 3268 αὐτῷ
476 3215 662 3262 ἐπιτίθησι.
699 3217 769 3254 Καὶ
796 3218 1127 3270 ἐπιδαψιλευόμενος

96 3283 138 3331 τῇ
163 3284 270 3333 τιμῇ,
299 3282 437 3320 δίδωσιν
457 3285 551 3334 αὐτῷ
577 3283 636 3321 καὶ
670 3282 733 3330 τὴν
756 3284 928 3336 θυγατέρα
961 3287 1126 3339 Πετεφρῆ

42 3353 45 3356 ’
99 3350 145 3390 εἰς
165 3353 323 3398 γυναῖκα.
337 3343 427 3389 Εἶτα
449 3350 569 3398 ἐπειδὴ
589 3350 773 3402 ὁμώνυμος
787 3345 828 3400 ἦν
848 3345 945 3397 οὗτος
967 3355 1016 3405 τῷ
1035 3368 1130 3404 γενο-

146 3481 156 3495 ¹
183 3470 242 3504 Alii
260 3488 312 3511 την
329 3478 471 3509 ἀνωτάτω
489 3481 593 3520 ἀρχὴν.

1195 2856 1317 2910 gloriae
1332 2855 1472 2894 eulmen
1505 2854 1634 2893 evexit.
1655 2855 1720 2894 44.
1756 2858 1871 2896 Dia-it
1890 2861 2022 2897 aut‘em
2041 2861 2149 2899 Pha-

1195 2934 1264 2958 rao
1279 2935 1289 2956 :
1307 2920 1471 2971 Absque
1485 2926 1521 2956 te
1540 2918 1673 2957 nullus
1687 2919 1832 2958 levabit
1847 2934 2007 2959 manum
2036 2937 2149 2961 suam

1195 2984 1238 3020 in
1257 2983 1363 3018 omni
1386 2989 1490 3018 terra
1505 2980 1681 3031 AEgypti.
1703 2980 1770 3019 45.
1794 2982 1848 3020 Et
1865 2986 2022 3021 vocavit
2041 2985 2149 3022 Pha-

1196 3056 1267 3082 rao
1306 3055 1446 3079 nomen
1490 3042 1649 3093 loseph,
1695 3043 2103 3096 Psomthomphanech
2138 3062 2147 3082 .-

1197 3107 1436 3161 appellatione
1470 3105 1593 3144 volens
1620 3107 1830 3159 sapientiam
1869 3109 1946 3160 ejus
1984 3119 2151 3162 perpetua

1201 3168 1372 3208 memoria
1412 3176 1575 3205 testatam
1611 3181 1698 3206 esse.
1723 3168 1800 3206 Hoc
1830 3169 1924 3207 enim
1957 3170 2149 3222 significat,

1205 3229 1455 3269 Occultorum
1477 3228 1830 3281 cognitor:eoq110d
1841 3244 1879 3268 ea
1890 3245 1968 3281 qua·
1988 3232 2154 3270 omnibus

1203 3289 1341 3328 occulta
1357 3297 1455 3327 erant
1475 3289 1765 3340 manifestaverit,
1802 3291 1881 3330 ideo
1915 3306 1960 3329 ex
1994 3306 2031 3329 re
2059 3301 2155 3343 gesta

1205 3349 1476 3403 appellationem
1510 3350 1541 3388 ei
1574 3350 1738 3403 imponit.
1763 3351 1809 3390 Et
1848 3361 1884 3391 ut
1917 3352 2157 3391 accumularet

1198 3475 1213 3499 b
1239 3472 1360 3515 [Coist.
1381 3472 1507 3505 omittit
1524 3478 1580 3518 δρα
1596 3473 1652 3508 οὗ..
1670 3475 1680 3516 ]

2155 693 2198 719 dit

2155 739 2217 762 tum
2232 733 2300 761 Dei.

2243 693 2344 719 druc-

2206 1815 2358 1853 Quantum

2212 1860 2248 1885 sit
2283 1858 2300 1884 s:
2314 1867 2359 1884 rte

2170 1910 2235 1928 cum
2252 1900 2360 1936 gratia-

2170 1952 2234 1969 rum
2244 1942 2359 1968 actione

2170 1984 2356 2011 tentationes.

2169 2024 2259 2095 Ro5m.
2277 2024 2305 2055 5.
2328 2025 2357 2054 3.
