<?xml version="1.0" encoding="UTF-8"?>
<!DOCTYPE html PUBLIC "-//W3C//DTD XHTML 1.0 Transitional//EN"
    "http://www.w3.org/TR/xhtml1/DTD/xhtml1-transitional.dtd">
<html xmlns="http://www.w3.org/1999/xhtml" xml:lang="en" lang="en">
 <head>
  <title>
</title>
<meta http-equiv="Content-Type" content="text/html;charset=utf-8" />
  <meta name='ocr-system' content='tesseract 3.04.00' />
  <meta name='ocr-capabilities' content='ocr_page ocr_carea ocr_par ocr_line ocrx_word'/>
</head>
<body>
  <div class='ocr_page' id='page_1' title='image "./operaomniaquaeex04johnuoft_0390.png"; bbox 0 0 2516 3791; ppageno 0'>
   <div class='ocr_carea' id='block_1_1' title="bbox 162 3329 292 3357">
    <p class='ocr_par' dir='ltr' id='par_1_1' title="bbox 162 3329 292 3357">
     <span class='ocr_line' id='line_1_1' title="bbox 162 3329 292 3357; baseline 0 0"><span class='ocrx_word' id='word_1_1' title='bbox 162 3329 226 3357; x_wconf 78' lang='lat' dir='ltr'><strong>Non</strong></span> <span class='ocrx_word' id='word_1_2' title='bbox 241 3331 292 3357; x_wconf 83' lang='lat' dir='ltr'><strong>de-</strong></span> 
     </span>
    </p>
   </div>
   <div class='ocr_carea' id='block_1_2' title="bbox 303 155 406 215">
    <p class='ocr_par' dir='ltr' id='par_1_2' title="bbox 303 155 406 215">
     <span class='ocr_line' id='line_1_2' title="bbox 303 155 406 215; baseline -0.01 -16"><span class='ocrx_word' id='word_1_3' title='bbox 303 155 406 215; x_wconf 68' lang='lat'><strong>‘570</strong></span> 
     </span>
    </p>
   </div>
   <div class='ocr_carea' id='block_1_3' title="bbox 760 164 1292 199">
    <p class='ocr_par' dir='ltr' id='par_1_3' title="bbox 760 164 1292 199">
     <span class='ocr_line' id='line_1_3' title="bbox 760 164 1292 199; baseline -0.008 -1"><span class='ocrx_word' id='word_1_4' title='bbox 760 168 797 198; x_wconf 87' lang='lat' dir='ltr'><strong>S.</strong></span> <span class='ocrx_word' id='word_1_5' title='bbox 834 167 1018 199; x_wconf 70' lang='lat' dir='ltr'>JOANNJS</span> <span class='ocrx_word' id='word_1_6' title='bbox 1053 164 1292 196; x_wconf 76' lang='lat' dir='ltr'><strong>CHRYSOST.</strong></span> 
     </span>
    </p>
   </div>
   <div class='ocr_carea' id='block_1_4' title="bbox 306 246 1308 2606">
    <p class='ocr_par' dir='ltr' id='par_1_4' title="bbox 306 246 1308 2606">
     <span class='ocr_line' id='line_1_4' title="bbox 314 246 1261 304; baseline -0.006 -15"><span class='ocrx_word' id='word_1_7' title='bbox 314 252 382 290; x_wconf 88' lang='lat' dir='ltr'><strong>hoc</strong></span> <span class='ocrx_word' id='word_1_8' title='bbox 395 259 460 301; x_wconf 82' lang='lat' dir='ltr'><strong>est,</strong></span> <span class='ocrx_word' id='word_1_9' title='bbox 478 251 672 303; x_wconf 88' lang='lat' dir='ltr'><strong>unicuique</strong></span> <span class='ocrx_word' id='word_1_10' title='bbox 685 251 835 304; x_wconf 85' lang='lat' dir='ltr'><strong>apparui</strong></span> <span class='ocrx_word' id='word_1_11' title='bbox 846 264 911 303; x_wconf 87' lang='lat' dir='ltr'><strong>pro</strong></span> <span class='ocrx_word' id='word_1_12' title='bbox 929 264 992 288; x_wconf 89' lang='lat' dir='ltr'><strong>sua</strong></span> <span class='ocrx_word' id='word_1_13' title='bbox 1013 248 1198 299; x_wconf 80' lang='lat' dir='ltr'>dignitate.</span> <span class='ocrx_word' id='word_1_14' title='bbox 1213 246 1261 283; x_wconf 89' lang='lat' dir='ltr'><strong>Et</strong></span> 
     </span>
     <span class='ocr_line' id='line_1_5' title="bbox 314 310 1263 365; baseline -0.008 -15"><span class='ocrx_word' id='word_1_15' title='bbox 314 327 410 351; x_wconf 90' lang='lat' dir='ltr'><strong>nunc</strong></span> <span class='ocrx_word' id='word_1_16' title='bbox 423 327 574 364; x_wconf 88' lang='lat' dir='ltr'><strong>quoque,</strong></span> <span class='ocrx_word' id='word_1_17' title='bbox 589 313 673 363; x_wconf 85' lang='lat' dir='ltr'><strong>quia</strong></span> <span class='ocrx_word' id='word_1_18' title='bbox 683 313 819 365; x_wconf 86' lang='lat' dir='ltr'><strong>justum</strong></span> <span class='ocrx_word' id='word_1_19' title='bbox 834 325 854 348; x_wconf 90' lang='lat' dir='ltr'><strong>a</strong></span> <span class='ocrx_word' id='word_1_20' title='bbox 869 310 975 348; x_wconf 91' lang='lat' dir='ltr'><strong>domo</strong></span> <span class='ocrx_word' id='word_1_21' title='bbox 991 310 1067 360; x_wconf 86' lang='lat' dir='ltr'><strong>ejus</strong></span> <span class='ocrx_word' id='word_1_22' title='bbox 1086 314 1263 353; x_wconf 81' lang='lat' dir='ltr'>evocarat,</span> 
     </span>
     <span class='ocr_line' id='line_1_6' title="bbox 320 369 1263 427; baseline -0.012 -14"><span class='ocrx_word' id='word_1_23' title='bbox 320 383 354 413; x_wconf 88' lang='lat' dir='ltr'><strong>et</strong></span> <span class='ocrx_word' id='word_1_24' title='bbox 368 375 521 427; x_wconf 87' lang='lat' dir='ltr'><strong>jusserat</strong></span> <span class='ocrx_word' id='word_1_25' title='bbox 541 374 577 412; x_wconf 93' lang='lat' dir='ltr'><strong>in</strong></span> <span class='ocrx_word' id='word_1_26' title='bbox 598 374 750 412; x_wconf 87' lang='lat' dir='ltr'><strong>alienam</strong></span> <span class='ocrx_word' id='word_1_27' title='bbox 769 373 820 411; x_wconf 91' lang='lat' dir='ltr'><strong>ire</strong></span> <span class='ocrx_word' id='word_1_28' title='bbox 838 381 983 419; x_wconf 88' lang='lat' dir='ltr'><strong>terram,</strong></span> <span class='ocrx_word' id='word_1_29' title='bbox 1006 369 1041 406; x_wconf 89' lang='lat' dir='ltr'><strong>in</strong></span> <span class='ocrx_word' id='word_1_30' title='bbox 1061 380 1263 418; x_wconf 82' lang='lat' dir='ltr'><strong>quamcum</strong></span> 
     </span>
     <span class='ocr_line' id='line_1_7' title="bbox 315 427 1261 486; baseline -0.012 -12"><span class='ocrx_word' id='word_1_31' title='bbox 315 435 480 483; x_wconf 86' lang='lat' dir='ltr'><strong>venisset,</strong></span> <span class='ocrx_word' id='word_1_32' title='bbox 499 444 680 486; x_wconf 81' lang='lat' dir='ltr'><strong>tamquam</strong></span> <span class='ocrx_word' id='word_1_33' title='bbox 705 447 817 484; x_wconf 83' lang='lat' dir='ltr'><strong>vagus</strong></span> <span class='ocrx_word' id='word_1_34' title='bbox 834 431 961 482; x_wconf 82' lang='lat' dir='ltr'><strong>agebat</strong></span> <span class='ocrx_word' id='word_1_35' title='bbox 981 439 1014 467; x_wconf 90' lang='lat' dir='ltr'><strong>et</strong></span> <span class='ocrx_word' id='word_1_36' title='bbox 1038 427 1261 481; x_wconf 85' lang='lat' dir='ltr'><strong>peregrinus,</strong></span> 
     </span>
     <span class='ocr_line' id='line_1_8' title="bbox 314 486 1263 549; baseline -0.012 -14"><span class='ocrx_word' id='word_1_37' title='bbox 314 505 435 549; x_wconf 77' lang='lat' dir='ltr'><strong>utpote</strong></span> <span class='ocrx_word' id='word_1_38' title='bbox 450 494 658 533; x_wconf 83' lang='lat' dir='ltr'><strong>Chananaeis</strong></span> <span class='ocrx_word' id='word_1_39' title='bbox 675 493 751 531; x_wconf 89' lang='lat' dir='ltr'><strong>illic</strong></span> <span class='ocrx_word' id='word_1_40' title='bbox 779 492 900 529; x_wconf 87' lang='lat' dir='ltr'><strong>adhuc</strong></span> <span class='ocrx_word' id='word_1_41' title='bbox 926 488 1186 537; x_wconf 88' lang='lat' dir='ltr'><strong>habitantibus,</strong></span> <span class='ocrx_word' id='word_1_42' title='bbox 1206 486 1263 525; x_wconf 90' lang='lat' dir='ltr'><strong>in-</strong></span> 
     </span>
     <span class='ocr_line' id='line_1_9' title="bbox 314 549 1264 608; baseline -0.011 -13"><span class='ocrx_word' id='word_1_43' title='bbox 314 558 457 608; x_wconf 86' lang='lat' dir='ltr'><strong>quirens</strong></span> <span class='ocrx_word' id='word_1_44' title='bbox 479 555 542 593; x_wconf 86' lang='lat' dir='ltr'><strong>ubi</strong></span> <span class='ocrx_word' id='word_1_45' title='bbox 561 553 787 592; x_wconf 84' lang='lat' dir='ltr'>domicilium</span> <span class='ocrx_word' id='word_1_46' title='bbox 805 552 979 590; x_wconf 90' lang='lat' dir='ltr'><strong>collocare</strong></span> <span class='ocrx_word' id='word_1_47' title='bbox 996 549 1116 602; x_wconf 86' lang='lat' dir='ltr'><strong>ipsum</strong></span> <span class='ocrx_word' id='word_1_48' title='bbox 1135 561 1264 587; x_wconf 74' lang='lat' dir='ltr'><strong>conve·</strong></span> 
     </span>
     <span class='ocr_line' id='line_1_10' title="bbox 313 610 1263 661; baseline -0.008 -6"><span class='ocrx_word' id='word_1_49' title='bbox 313 619 403 655; x_wconf 89' lang='lat' dir='ltr'><strong>niret</strong></span> <span class='ocrx_word' id='word_1_50' title='bbox 424 633 431 653; x_wconf 76' lang='grc' dir='ltr'><strong>ε</strong></span> <span class='ocrx_word' id='word_1_51' title='bbox 455 617 570 654; x_wconf 84' lang='lat' dir='ltr'><strong>bonus</strong></span> <span class='ocrx_word' id='word_1_52' title='bbox 602 613 779 652; x_wconf 90' lang='lat' dir='ltr'><strong>Dominus</strong></span> <span class='ocrx_word' id='word_1_53' title='bbox 815 611 990 651; x_wconf 86' lang='lat' dir='ltr'><strong>consolari</strong></span> <span class='ocrx_word' id='word_1_54' title='bbox 1010 625 1105 657; x_wconf 85' lang='lat' dir='ltr'><strong>eum,</strong></span> <span class='ocrx_word' id='word_1_55' title='bbox 1131 618 1164 648; x_wconf 89' lang='lat' dir='ltr'><strong>et</strong></span> <span class='ocrx_word' id='word_1_56' title='bbox 1188 610 1263 661; x_wconf 85' lang='lat' dir='ltr'><strong>ejus</strong></span> 
     </span>
     <span class='ocr_line' id='line_1_11' title="bbox 312 675 1261 725; baseline -0.008 -9"><span class='ocrx_word' id='word_1_57' title='bbox 312 680 455 716; x_wconf 83' lang='lat' dir='ltr'><strong>firmare</strong></span> <span class='ocrx_word' id='word_1_58' title='bbox 484 677 707 715; x_wconf 80' lang='lat' dir='ltr'><strong>alacritatem</strong></span> <span class='ocrx_word' id='word_1_59' title='bbox 733 675 871 725; x_wconf 72' lang='lat' dir='ltr'><strong>volens,</strong></span> <span class='ocrx_word' id='word_1_60' title='bbox 894 683 933 712; x_wconf 90' lang='lat' dir='ltr'><strong>ut</strong></span> <span class='ocrx_word' id='word_1_61' title='bbox 961 687 1005 711; x_wconf 91' lang='lat' dir='ltr'><strong>ne</strong></span> <span class='ocrx_word' id='word_1_62' title='bbox 1032 679 1261 724; x_wconf 82' lang='lat' dir='ltr'><strong>torpesceret,</strong></span> 
     </span>
     <span class='ocr_line' id='line_1_12' title="bbox 311 732 1259 789; baseline -0.006 -14"><span class='ocrx_word' id='word_1_63' title='bbox 311 752 423 789; x_wconf 90' lang='lat' dir='ltr'><strong>neque</strong></span> <span class='ocrx_word' id='word_1_64' title='bbox 441 737 621 775; x_wconf 84' lang='lat' dir='ltr'><strong>dubitaret</strong></span> <span class='ocrx_word' id='word_1_65' title='bbox 640 736 685 775; x_wconf 86' lang='lat' dir='ltr'><strong>de</strong></span> <span class='ocrx_word' id='word_1_66' title='bbox 704 735 939 789; x_wconf 86' lang='lat' dir='ltr'><strong>promissione</strong></span> <span class='ocrx_word' id='word_1_67' title='bbox 960 735 1036 787; x_wconf 88' lang='lat' dir='ltr'><strong>jam</strong></span> <span class='ocrx_word' id='word_1_68' title='bbox 1057 732 1126 772; x_wconf 88' lang='lat' dir='ltr'><strong>sihi</strong></span> <span class='ocrx_word' id='word_1_69' title='bbox 1153 733 1259 782; x_wconf 86' lang='lat' dir='ltr'><strong>facta,</strong></span> 
     </span>
     <span class='ocr_line' id='line_1_13' title="bbox 311 797 1307 850; baseline -0.008 -13"><span class='ocrx_word' id='word_1_70' title='bbox 311 813 381 849; x_wconf 86' lang='lat' dir='ltr'><strong>qua</strong></span> <span class='ocrx_word' id='word_1_71' title='bbox 401 798 496 836; x_wconf 76' lang='lat' dir='ltr'><strong>dixit</strong></span> <span class='ocrx_word' id='word_1_72' title='bbox 515 814 523 835; x_wconf 95' lang='lat'><strong>:</strong></span> <span class='ocrx_word' id='word_1_73' title='bbox 543 800 639 836; x_wconf 80' lang='lat' dir='ltr'><strong>Veni</strong></span> <span class='ocrx_word' id='word_1_74' title='bbox 657 799 744 845; x_wconf 81' lang='lat' dir='ltr'><strong>huc,</strong></span> <span class='ocrx_word' id='word_1_75' title='bbox 768 806 805 836; x_wconf 83' lang='lat' dir='ltr'><strong>et</strong></span> <span class='ocrx_word' id='word_1_76' title='bbox 816 798 976 850; x_wconf 81' lang='lat' dir='ltr'><strong>faciam</strong></span> <span class='ocrx_word' id='word_1_77' title='bbox 999 804 1036 833; x_wconf 84' lang='lat' dir='ltr'><strong>te</strong></span> <span class='ocrx_word' id='word_1_78' title='bbox 1055 797 1095 832; x_wconf 90' lang='lat' dir='ltr'><strong>in</strong></span> <span class='ocrx_word' id='word_1_79' title='bbox 1111 802 1263 846; x_wconf 83' lang='lat' dir='ltr'><strong>gentem</strong></span> <span class='ocrx_word' id='word_1_80' title='bbox 1284 798 1307 829; x_wconf 91' lang='lat' dir='ltr'>C</span> 
     </span>
     <span class='ocr_line' id='line_1_14' title="bbox 310 854 1264 912; baseline -0.005 -16"><span class='ocrx_word' id='word_1_81' title='bbox 310 874 493 912; x_wconf 80' lang='lat' dir='ltr'><strong>magnam</strong></span> <span class='ocrx_word' id='word_1_82' title='bbox 506 858 816 910; x_wconf 82' lang='lat' dir='ltr'><strong>(quandoquidem</strong></span> <span class='ocrx_word' id='word_1_83' title='bbox 837 858 980 895; x_wconf 80' lang='lat' dir='ltr'><strong>diversa</strong></span> <span class='ocrx_word' id='word_1_84' title='bbox 994 870 1013 893; x_wconf 86' lang='lat' dir='ltr'><strong>a</strong></span> <span class='ocrx_word' id='word_1_85' title='bbox 1029 854 1264 907; x_wconf 82' lang='lat' dir='ltr'><strong>promissione</strong></span> 
     </span>
     <span class='ocr_line' id='line_1_15' title="bbox 309 915 1263 969; baseline -0.006 -11"><span class='ocrx_word' id='word_1_86' title='bbox 309 920 454 959; x_wconf 86' lang='lat' dir='ltr'><strong>videbat</strong></span> <span class='ocrx_word' id='word_1_87' title='bbox 470 921 547 959; x_wconf 85' lang='lat' dir='ltr'><strong>fieri</strong></span> <span class='ocrx_word' id='word_1_88' title='bbox 558 951 568 969; x_wconf 86' lang='lat'><strong>,</strong></span> <span class='ocrx_word' id='word_1_89' title='bbox 584 930 618 958; x_wconf 91' lang='lat' dir='ltr'><strong>et</strong></span> <span class='ocrx_word' id='word_1_90' title='bbox 641 934 676 958; x_wconf 90' lang='lat' dir='ltr'><strong>se</strong></span> <span class='ocrx_word' id='word_1_91' title='bbox 700 919 933 957; x_wconf 75' lang='lat' dir='ltr'><strong>obambulare</strong></span> <span class='ocrx_word' id='word_1_92' title='bbox 964 917 1017 954; x_wconf 89' lang='lat' dir='ltr'><strong>uti</strong></span> <span class='ocrx_word' id='word_1_93' title='bbox 1035 915 1213 967; x_wconf 87' lang='lat' dir='ltr'><strong>abjectum</strong></span> <span class='ocrx_word' id='word_1_94' title='bbox 1230 924 1263 953; x_wconf 91' lang='lat' dir='ltr'><strong>et</strong></span> 
     </span>
     <span class='ocr_line' id='line_1_16' title="bbox 310 975 1261 1033; baseline -0.007 -14"><span class='ocrx_word' id='word_1_95' title='bbox 310 981 432 1028; x_wconf 78' lang='lat' dir='ltr'><strong>vilem,</strong></span> <span class='ocrx_word' id='word_1_96' title='bbox 450 991 481 1019; x_wconf 85' lang='lat' dir='ltr'><strong>ct</strong></span> <span class='ocrx_word' id='word_1_97' title='bbox 496 981 592 1019; x_wconf 90' lang='lat' dir='ltr'><strong>omni</strong></span> <span class='ocrx_word' id='word_1_98' title='bbox 613 979 782 1033; x_wconf 83' lang='lat' dir='ltr'><strong>praesidio</strong></span> <span class='ocrx_word' id='word_1_99' title='bbox 812 978 1034 1024; x_wconf 86' lang='lat' dir='ltr'><strong>destitutum,</strong></span> <span class='ocrx_word' id='word_1_100' title='bbox 1065 989 1177 1026; x_wconf 90' lang='lat' dir='ltr'><strong>neque</strong></span> <span class='ocrx_word' id='word_1_101' title='bbox 1197 975 1261 1013; x_wconf 85' lang='lat' dir='ltr'><strong>ha-</strong></span> 
     </span>
     <span class='ocr_line' id='line_1_17' title="bbox 308 1035 1261 1088; baseline -0.005 -10"><span class='ocrx_word' id='word_1_102' title='bbox 308 1041 450 1078; x_wconf 88' lang='lat' dir='ltr'><strong>bentem</strong></span> <span class='ocrx_word' id='word_1_103' title='bbox 470 1040 531 1078; x_wconf 89' lang='lat' dir='ltr'><strong>ubi</strong></span> <span class='ocrx_word' id='word_1_104' title='bbox 551 1040 780 1088; x_wconf 81' lang='lat' dir='ltr'><strong>diverteret),</strong></span> <span class='ocrx_word' id='word_1_105' title='bbox 801 1047 840 1075; x_wconf 89' lang='lat' dir='ltr'><strong>ut</strong></span> <span class='ocrx_word' id='word_1_106' title='bbox 872 1036 983 1088; x_wconf 87' lang='lat' dir='ltr'><strong>igitur</strong></span> <span class='ocrx_word' id='word_1_107' title='bbox 1010 1044 1165 1073; x_wconf 86' lang='lat' dir='ltr'><strong>mentem</strong></span> <span class='ocrx_word' id='word_1_108' title='bbox 1185 1035 1261 1087; x_wconf 87' lang='lat' dir='ltr'><strong>ejus</strong></span> 
     </span>
     <span class='ocr_line' id='line_1_18' title="bbox 309 1095 1260 1152; baseline -0.007 -13"><span class='ocrx_word' id='word_1_109' title='bbox 309 1101 454 1144; x_wconf 80' lang='lat' dir='ltr'><strong>excitet,</strong></span> <span class='ocrx_word' id='word_1_110' title='bbox 478 1101 614 1152; x_wconf 87' lang='lat' dir='ltr'><strong>inquit:</strong></span> <span class='ocrx_word' id='word_1_111' title='bbox 651 1101 706 1138; x_wconf 88' lang='lat' dir='ltr'><strong>Et</strong></span> <span class='ocrx_word' id='word_1_112' title='bbox 721 1103 830 1138; x_wconf 80' lang='lat' dir='ltr'><strong>visus</strong></span> <span class='ocrx_word' id='word_1_113' title='bbox 848 1107 904 1137; x_wconf 85' lang='lat' dir='ltr'><strong>est</strong></span> <span class='ocrx_word' id='word_1_114' title='bbox 929 1099 1122 1136; x_wconf 84' lang='lat' dir='ltr'><strong>Dominus</strong></span> <span class='ocrx_word' id='word_1_115' title='bbox 1140 1095 1260 1133; x_wconf 77' lang='lat' dir='ltr'><strong>Ahroe</strong></span> 
     </span>
     <span class='ocr_line' id='line_1_19' title="bbox 310 1158 1258 1201; baseline -0.008 0"><span class='ocrx_word' id='word_1_116' title='bbox 310 1172 346 1201; x_wconf 84' lang='lat' dir='ltr'><strong>et</strong></span> <span class='ocrx_word' id='word_1_117' title='bbox 372 1164 471 1200; x_wconf 45' lang='lat' dir='ltr'><strong>cli-ric</strong></span> <span class='ocrx_word' id='word_1_118' title='bbox 496 1165 530 1200; x_wconf 84' lang='lat' dir='ltr'><strong>ei</strong></span> <span class='ocrx_word' id='word_1_119' title='bbox 549 1178 558 1198; x_wconf 87' lang='grc'><strong>.-</strong></span> <span class='ocrx_word' id='word_1_120' title='bbox 580 1162 726 1200; x_wconf 87' lang='lat' dir='ltr'><strong>Semini</strong></span> <span class='ocrx_word' id='word_1_121' title='bbox 754 1169 819 1198; x_wconf 81' lang='lat' dir='ltr'><strong>tuo</strong></span> <span class='ocrx_word' id='word_1_122' title='bbox 839 1160 941 1197; x_wconf 82' lang='lat' dir='ltr'><strong>dabo</strong></span> <span class='ocrx_word' id='word_1_123' title='bbox 969 1167 1112 1197; x_wconf 82' lang='lat' dir='ltr'><strong>terram</strong></span> <span class='ocrx_word' id='word_1_124' title='bbox 1143 1158 1258 1194; x_wconf 72' lang='lat' dir='ltr'><strong>hanc.</strong></span> 
     </span>
     <span class='ocr_line' id='line_1_20' title="bbox 309 1217 1260 1275; baseline -0.007 -14"><span class='ocrx_word' id='word_1_125' title='bbox 309 1223 375 1261; x_wconf 87' lang='lat' dir='ltr'><strong>Est</strong></span> <span class='ocrx_word' id='word_1_126' title='bbox 393 1233 427 1261; x_wconf 90' lang='lat' dir='ltr'><strong>et</strong></span> <span class='ocrx_word' id='word_1_127' title='bbox 442 1223 519 1260; x_wconf 84' lang='lat' dir='ltr'><strong>haee</strong></span> <span class='ocrx_word' id='word_1_128' title='bbox 534 1221 745 1275; x_wconf 83' lang='lat' dir='ltr'><strong>pollicitatio</strong></span> <span class='ocrx_word' id='word_1_129' title='bbox 767 1234 910 1272; x_wconf 87' lang='lat' dir='ltr'><strong>magna,</strong></span> <span class='ocrx_word' id='word_1_130' title='bbox 932 1228 965 1257; x_wconf 87' lang='lat' dir='ltr'><strong>et</strong></span> <span class='ocrx_word' id='word_1_131' title='bbox 981 1217 1109 1257; x_wconf 90' lang='lat' dir='ltr'><strong>similis</strong></span> <span class='ocrx_word' id='word_1_132' title='bbox 1129 1217 1181 1256; x_wconf 92' lang='lat' dir='ltr'><strong>illi</strong></span> <span class='ocrx_word' id='word_1_133' title='bbox 1199 1231 1260 1269; x_wconf 90' lang='lat' dir='ltr'><strong>per</strong></span> 
     </span>
     <span class='ocr_line' id='line_1_21' title="bbox 309 1279 1261 1336; baseline -0.006 -15"><span class='ocrx_word' id='word_1_134' title='bbox 309 1298 416 1336; x_wconf 87' lang='lat' dir='ltr'><strong>quam</strong></span> <span class='ocrx_word' id='word_1_135' title='bbox 429 1298 509 1322; x_wconf 89' lang='lat' dir='ltr'><strong>eum</strong></span> <span class='ocrx_word' id='word_1_136' title='bbox 522 1298 541 1321; x_wconf 90' lang='lat' dir='ltr'><strong>a</strong></span> <span class='ocrx_word' id='word_1_137' title='bbox 555 1283 660 1321; x_wconf 90' lang='lat' dir='ltr'><strong>domo</strong></span> <span class='ocrx_word' id='word_1_138' title='bbox 677 1290 851 1320; x_wconf 79' lang='lat' dir='ltr'><strong>evocarat.</strong></span> <span class='ocrx_word' id='word_1_139' title='bbox 870 1280 1020 1319; x_wconf 74' lang='lat' dir='ltr'><strong>Dixerat</strong></span> <span class='ocrx_word' id='word_1_140' title='bbox 1036 1279 1131 1317; x_wconf 88' lang='lat' dir='ltr'><strong>enim</strong></span> <span class='ocrx_word' id='word_1_141' title='bbox 1149 1294 1156 1315; x_wconf 75' lang='grc' dir='ltr'><strong>ε</strong></span> <span class='ocrx_word' id='word_1_142' title='bbox 1172 1280 1261 1316; x_wconf 74' lang='grc' dir='ltr'>,Μα-</span> 
     </span>
     <span class='ocr_line' id='line_1_22' title="bbox 307 1339 1263 1398; baseline -0.007 -16"><span class='ocrx_word' id='word_1_143' title='bbox 307 1346 500 1398; x_wconf 82' lang='lat' dir='ltr'><strong>gnificabo</strong></span> <span class='ocrx_word' id='word_1_144' title='bbox 517 1358 655 1381; x_wconf 87' lang='lat' dir='ltr'><strong>nomen</strong></span> <span class='ocrx_word' id='word_1_145' title='bbox 668 1352 775 1381; x_wconf 84' lang='lat' dir='ltr'><strong>tuum</strong></span> <span class='ocrx_word' id='word_1_146' title='bbox 793 1359 804 1378; x_wconf 86' lang='lat'><strong>.-</strong></span> <span class='ocrx_word' id='word_1_147' title='bbox 825 1350 1010 1394; x_wconf 86' lang='lat' dir='ltr'><strong>propterea</strong></span> <span class='ocrx_word' id='word_1_148' title='bbox 1025 1354 1119 1377; x_wconf 90' lang='lat' dir='ltr'><strong>nunc</strong></span> <span class='ocrx_word' id='word_1_149' title='bbox 1133 1339 1263 1376; x_wconf 88' lang='lat' dir='ltr'><strong>iterum</strong></span> 
     </span>
     <span class='ocr_line' id='line_1_23' title="bbox 308 1402 1264 1444; baseline -0.005 -1"><span class='ocrx_word' id='word_1_150' title='bbox 308 1405 397 1443; x_wconf 84' lang='lat' dir='ltr'><strong>dicit</strong></span> <span class='ocrx_word' id='word_1_151' title='bbox 418 1421 425 1441; x_wconf 89' lang='lat'><strong>:</strong></span> <span class='ocrx_word' id='word_1_152' title='bbox 442 1406 587 1444; x_wconf 82' lang='lat' dir='ltr'><strong>Semini</strong></span> <span class='ocrx_word' id='word_1_153' title='bbox 620 1414 685 1442; x_wconf 86' lang='lat' dir='ltr'><strong>tuo</strong></span> <span class='ocrx_word' id='word_1_154' title='bbox 719 1405 818 1441; x_wconf 82' lang='lat' dir='ltr'><strong>dabo</strong></span> <span class='ocrx_word' id='word_1_155' title='bbox 849 1412 991 1440; x_wconf 65' lang='lat' dir='ltr'><strong>terrum</strong></span> <span class='ocrx_word' id='word_1_156' title='bbox 1025 1403 1139 1439; x_wconf 83' lang='lat' dir='ltr'><strong>hanc.</strong></span> <span class='ocrx_word' id='word_1_157' title='bbox 1171 1402 1264 1439; x_wconf 86' lang='lat' dir='ltr'><strong>Nam</strong></span> 
     </span>
     <span class='ocr_line' id='line_1_24' title="bbox 309 1461 1263 1519; baseline -0.006 -15"><span class='ocrx_word' id='word_1_158' title='bbox 309 1480 388 1504; x_wconf 90' lang='lat' dir='ltr'><strong>cum</strong></span> <span class='ocrx_word' id='word_1_159' title='bbox 406 1467 482 1519; x_wconf 83' lang='lat' dir='ltr'><strong>jam</strong></span> <span class='ocrx_word' id='word_1_160' title='bbox 504 1480 611 1504; x_wconf 80' lang='lat' dir='ltr'><strong>senex</strong></span> <span class='ocrx_word' id='word_1_161' title='bbox 629 1473 718 1503; x_wconf 83' lang='lat' dir='ltr'><strong>esset</strong></span> <span class='ocrx_word' id='word_1_162' title='bbox 735 1465 869 1516; x_wconf 83' lang='lat' dir='ltr'><strong>justus,</strong></span> <span class='ocrx_word' id='word_1_163' title='bbox 894 1462 1040 1513; x_wconf 81' lang='lat' dir='ltr'><strong>filioque</strong></span> <span class='ocrx_word' id='word_1_164' title='bbox 1063 1469 1197 1499; x_wconf 87' lang='lat' dir='ltr'><strong>careret</strong></span> <span class='ocrx_word' id='word_1_165' title='bbox 1217 1461 1263 1498; x_wconf 92' lang='lat' dir='ltr'><strong>ob</strong></span> 
     </span>
     <span class='ocr_line' id='line_1_25' title="bbox 311 1521 1263 1577; baseline -0.007 -12"><span class='ocrx_word' id='word_1_166' title='bbox 311 1527 409 1565; x_wconf 81' lang='lat' dir='ltr'><strong>Sarae</strong></span> <span class='ocrx_word' id='word_1_167' title='bbox 441 1526 680 1574; x_wconf 81' lang='lat' dir='ltr'><strong>sterilitatem,</strong></span> <span class='ocrx_word' id='word_1_168' title='bbox 701 1523 881 1577; x_wconf 88' lang='lat' dir='ltr'><strong>promittit</strong></span> <span class='ocrx_word' id='word_1_169' title='bbox 900 1537 935 1561; x_wconf 92' lang='lat' dir='ltr'><strong>se</strong></span> <span class='ocrx_word' id='word_1_170' title='bbox 954 1523 1000 1570; x_wconf 84' lang='lat' dir='ltr'><strong>ei,</strong></span> <span class='ocrx_word' id='word_1_171' title='bbox 1021 1521 1083 1572; x_wconf 84' lang='lat' dir='ltr'><strong>qui</strong></span> <span class='ocrx_word' id='word_1_172' title='bbox 1111 1535 1156 1559; x_wconf 78' lang='lat' dir='ltr'><strong>ex</strong></span> <span class='ocrx_word' id='word_1_173' title='bbox 1186 1521 1263 1573; x_wconf 88' lang='lat' dir='ltr'><strong>ipso</strong></span> 
     </span>
     <span class='ocr_line' id='line_1_26' title="bbox 307 1580 1261 1633; baseline -0.005 -10"><span class='ocrx_word' id='word_1_174' title='bbox 307 1586 509 1624; x_wconf 86' lang='lat' dir='ltr'><strong>nasciturus</strong></span> <span class='ocrx_word' id='word_1_175' title='bbox 525 1585 582 1633; x_wconf 91' lang='lat' dir='ltr'><strong>sit,</strong></span> <span class='ocrx_word' id='word_1_176' title='bbox 605 1593 737 1622; x_wconf 88' lang='lat' dir='ltr'><strong>terram</strong></span> <span class='ocrx_word' id='word_1_177' title='bbox 755 1582 938 1621; x_wconf 84' lang='lat' dir='ltr'><strong>daturum.</strong></span> <span class='ocrx_word' id='word_1_178' title='bbox 970 1580 1261 1620; x_wconf 84' lang='lat' dir='ltr'><strong>Misericordiam</strong></span> 
     </span>
     <span class='ocr_line' id='line_1_27' title="bbox 308 1641 1262 1694; baseline -0.005 -11"><span class='ocrx_word' id='word_1_179' title='bbox 308 1646 375 1683; x_wconf 89' lang='lat' dir='ltr'><strong>Dei</strong></span> <span class='ocrx_word' id='word_1_180' title='bbox 393 1646 466 1692; x_wconf 88' lang='lat' dir='ltr'><strong>hic,</strong></span> <span class='ocrx_word' id='word_1_181' title='bbox 490 1659 565 1694; x_wconf 80' lang='lat' dir='ltr'><strong>oro,</strong></span> <span class='ocrx_word' id='word_1_182' title='bbox 587 1644 787 1694; x_wconf 85' lang='lat' dir='ltr'><strong>considera,</strong></span> <span class='ocrx_word' id='word_1_183' title='bbox 810 1641 990 1694; x_wconf 90' lang='lat' dir='ltr'><strong>quomodo</strong></span> <span class='ocrx_word' id='word_1_184' title='bbox 1009 1655 1092 1679; x_wconf 89' lang='lat' dir='ltr'><strong>cum</strong></span> <span class='ocrx_word' id='word_1_185' title='bbox 1119 1641 1262 1693; x_wconf 83' lang='lat' dir='ltr'><strong>praesei-</strong></span> 
     </span>
     <span class='ocr_line' id='line_1_28' title="bbox 308 1702 1261 1759; baseline -0.007 -14"><span class='ocrx_word' id='word_1_186' title='bbox 308 1716 360 1745; x_wconf 91' lang='lat' dir='ltr'><strong>ret</strong></span> <span class='ocrx_word' id='word_1_187' title='bbox 370 1706 460 1759; x_wconf 87' lang='lat' dir='ltr'><strong>justi</strong></span> <span class='ocrx_word' id='word_1_188' title='bbox 478 1706 666 1754; x_wconf 71' lang='lat' dir='ltr'><strong>virtutem,</strong></span> <span class='ocrx_word' id='word_1_189' title='bbox 690 1705 769 1743; x_wconf 90' lang='lat' dir='ltr'><strong>vult</strong></span> <span class='ocrx_word' id='word_1_190' title='bbox 790 1718 873 1742; x_wconf 90' lang='lat' dir='ltr'><strong>eum</strong></span> <span class='ocrx_word' id='word_1_191' title='bbox 905 1703 1072 1742; x_wconf 87' lang='lat' dir='ltr'><strong>omnibus</strong></span> <span class='ocrx_word' id='word_1_192' title='bbox 1104 1702 1261 1739; x_wconf 89' lang='lat' dir='ltr'><strong>manife-</strong></span> 
     </span>
     <span class='ocr_line' id='line_1_29' title="bbox 307 1762 1261 1816; baseline -0.006 -11"><span class='ocrx_word' id='word_1_193' title='bbox 307 1777 401 1805; x_wconf 88' lang='lat' dir='ltr'><strong>stum</strong></span> <span class='ocrx_word' id='word_1_194' title='bbox 413 1767 537 1816; x_wconf 86' lang='lat' dir='ltr'><strong>facere,</strong></span> <span class='ocrx_word' id='word_1_195' title='bbox 548 1776 581 1804; x_wconf 91' lang='lat' dir='ltr'><strong>et</strong></span> <span class='ocrx_word' id='word_1_196' title='bbox 597 1766 633 1804; x_wconf 92' lang='lat' dir='ltr'><strong>in</strong></span> <span class='ocrx_word' id='word_1_197' title='bbox 646 1766 762 1803; x_wconf 91' lang='lat' dir='ltr'><strong>lucem</strong></span> <span class='ocrx_word' id='word_1_198' title='bbox 776 1765 902 1803; x_wconf 80' lang='lat' dir='ltr'><strong>efferre</strong></span> <span class='ocrx_word' id='word_1_199' title='bbox 911 1763 1014 1815; x_wconf 89' lang='lat' dir='ltr'><strong>quasi</strong></span> <span class='ocrx_word' id='word_1_200' title='bbox 1030 1762 1261 1814; x_wconf 85' lang='lat' dir='ltr'><strong>margaritam</strong></span> 
     </span>
     <span class='ocr_line' id='line_1_30' title="bbox 306 1824 1261 1879; baseline -0.005 -13"><span class='ocrx_word' id='word_1_201' title='bbox 306 1828 466 1879; x_wconf 84' lang='lat' dir='ltr'><strong>aliquam</strong></span> <span class='ocrx_word' id='word_1_202' title='bbox 482 1837 562 1866; x_wconf 90' lang='lat' dir='ltr'><strong>ante</strong></span> <span class='ocrx_word' id='word_1_203' title='bbox 575 1827 764 1866; x_wconf 86' lang='lat' dir='ltr'><strong>occultam.</strong></span> <span class='ocrx_word' id='word_1_204' title='bbox 782 1826 891 1865; x_wconf 86' lang='lat' dir='ltr'><strong>Unde</strong></span> <span class='ocrx_word' id='word_1_205' title='bbox 906 1839 989 1864; x_wconf 90' lang='lat' dir='ltr'><strong>cum</strong></span> <span class='ocrx_word' id='word_1_206' title='bbox 1007 1824 1261 1877; x_wconf 88' lang='lat' dir='ltr'><strong>promissiones</strong></span> 
     </span>
     <span class='ocr_line' id='line_1_31' title="bbox 307 1886 1260 1941; baseline -0.004 -16"><span class='ocrx_word' id='word_1_207' title='bbox 307 1889 602 1941; x_wconf 85' lang='lat' dir='ltr'><strong>promissionibus</strong></span> <span class='ocrx_word' id='word_1_208' title='bbox 621 1887 857 1940; x_wconf 77' lang='lat' dir='ltr'><strong>adjunxisset,</strong></span> <span class='ocrx_word' id='word_1_209' title='bbox 875 1886 1004 1924; x_wconf 85' lang='lat' dir='ltr'><strong>iterum</strong></span> <span class='ocrx_word' id='word_1_210' title='bbox 1024 1899 1174 1938; x_wconf 83' lang='lat' dir='ltr'><strong>parvam</strong></span> <span class='ocrx_word' id='word_1_211' title='bbox 1186 1898 1260 1922; x_wconf 84' lang='lat' dir='ltr'><strong>mo-</strong></span> 
     </span>
     <span class='ocr_line' id='line_1_32' title="bbox 307 1945 1262 2000; baseline -0.006 -12"><span class='ocrx_word' id='word_1_212' title='bbox 307 1965 384 1988; x_wconf 87' lang='lat' dir='ltr'><strong>ram</strong></span> <span class='ocrx_word' id='word_1_213' title='bbox 405 1950 515 1988; x_wconf 86' lang='lat' dir='ltr'><strong>trahit</strong></span> <span class='ocrx_word' id='word_1_214' title='bbox 528 1959 562 1988; x_wconf 92' lang='lat' dir='ltr'><strong>et</strong></span> <span class='ocrx_word' id='word_1_215' title='bbox 580 1949 717 1999; x_wconf 84' lang='lat' dir='ltr'><strong>differt,</strong></span> <span class='ocrx_word' id='word_1_216' title='bbox 734 1958 774 1986; x_wconf 90' lang='lat' dir='ltr'><strong>ut</strong></span> <span class='ocrx_word' id='word_1_217' title='bbox 791 1949 859 1986; x_wconf 87' lang='lat' dir='ltr'><strong>hac</strong></span> <span class='ocrx_word' id='word_1_218' title='bbox 879 1946 1107 2000; x_wconf 85' lang='lat' dir='ltr'><strong>potissimum</strong></span> <span class='ocrx_word' id='word_1_219' title='bbox 1125 1945 1262 1983; x_wconf 89' lang='lat' dir='ltr'><strong>ratione</strong></span> 
     </span>
     <span class='ocr_line' id='line_1_33' title="bbox 308 2008 1262 2065; baseline -0.003 -17"><span class='ocrx_word' id='word_1_220' title='bbox 308 2012 521 2065; x_wconf 82' lang='lat' dir='ltr'><strong>patriarchae</strong></span> <span class='ocrx_word' id='word_1_221' title='bbox 559 2011 670 2063; x_wconf 87' lang='lat' dir='ltr'><strong>pietas</strong></span> <span class='ocrx_word' id='word_1_222' title='bbox 704 2018 936 2058; x_wconf 79' lang='lat' dir='ltr'><strong>monstretur,</strong></span> <span class='ocrx_word' id='word_1_223' title='bbox 974 2008 1058 2059; x_wconf 87' lang='lat' dir='ltr'><strong>quia</strong></span> <span class='ocrx_word' id='word_1_224' title='bbox 1080 2021 1135 2045; x_wconf 88' lang='lat' dir='ltr'><strong>res</strong></span> <span class='ocrx_word' id='word_1_225' title='bbox 1163 2020 1262 2045; x_wconf 89' lang='lat' dir='ltr'><strong>secus</strong></span> 
     </span>
     <span class='ocr_line' id='line_1_34' title="bbox 307 2067 1262 2124; baseline -0.005 -14"><span class='ocrx_word' id='word_1_226' title='bbox 307 2087 416 2123; x_wconf 88' lang='lat' dir='ltr'><strong>quam</strong></span> <span class='ocrx_word' id='word_1_227' title='bbox 435 2072 734 2124; x_wconf 82' lang='lat' dir='ltr'><strong>promittebantur</strong></span> <span class='ocrx_word' id='word_1_228' title='bbox 752 2070 891 2110; x_wconf 82' lang='lat' dir='ltr'><strong>evenire</strong></span> <span class='ocrx_word' id='word_1_229' title='bbox 900 2068 1024 2107; x_wconf 71' lang='lat' dir='ltr'><strong>videns</strong></span> <span class='ocrx_word' id='word_1_230' title='bbox 1042 2068 1167 2106; x_wconf 84' lang='lat' dir='ltr'><strong>beatus</strong></span> <span class='ocrx_word' id='word_1_231' title='bbox 1188 2067 1262 2117; x_wconf 92' lang='lat' dir='ltr'><strong>ille,</strong></span> 
     </span>
     <span class='ocr_line' id='line_1_35' title="bbox 310 2128 1308 2183; baseline -0.004 -13"><span class='ocrx_word' id='word_1_232' title='bbox 310 2147 380 2170; x_wconf 91' lang='lat' dir='ltr'><strong>non</strong></span> <span class='ocrx_word' id='word_1_233' title='bbox 400 2133 578 2183; x_wconf 88' lang='lat' dir='ltr'><strong>inquietus</strong></span> <span class='ocrx_word' id='word_1_234' title='bbox 598 2141 686 2182; x_wconf 86' lang='lat' dir='ltr'><strong>crat,</strong></span> <span class='ocrx_word' id='word_1_235' title='bbox 708 2146 772 2169; x_wconf 89' lang='lat' dir='ltr'><strong>nec</strong></span> <span class='ocrx_word' id='word_1_236' title='bbox 794 2130 997 2183; x_wconf 77' lang='lat' dir='ltr'><strong>impatiens,</strong></span> <span class='ocrx_word' id='word_1_237' title='bbox 1020 2143 1083 2166; x_wconf 89' lang='lat' dir='ltr'><strong>nee</strong></span> <span class='ocrx_word' id='word_1_238' title='bbox 1096 2128 1262 2166; x_wconf 84' lang='lat' dir='ltr'><strong>turbaba-</strong></span> <span class='ocrx_word' id='word_1_239' title='bbox 1284 2139 1308 2170; x_wconf 88' lang='grc' dir='ltr'>Ε</span> 
     </span>
     <span class='ocr_line' id='line_1_36' title="bbox 310 2190 1262 2243; baseline -0.006 -12"><span class='ocrx_word' id='word_1_240' title='bbox 310 2203 386 2243; x_wconf 89' lang='lat' dir='ltr'><strong>tur,</strong></span> <span class='ocrx_word' id='word_1_241' title='bbox 411 2193 473 2231; x_wconf 88' lang='lat' dir='ltr'><strong>sed</strong></span> <span class='ocrx_word' id='word_1_242' title='bbox 494 2193 683 2230; x_wconf 86' lang='lat' dir='ltr'><strong>immotum</strong></span> <span class='ocrx_word' id='word_1_243' title='bbox 708 2191 865 2229; x_wconf 88' lang='lat' dir='ltr'><strong>babebat</strong></span> <span class='ocrx_word' id='word_1_244' title='bbox 884 2190 1061 2238; x_wconf 84' lang='lat' dir='ltr'><strong>animum,</strong></span> <span class='ocrx_word' id='word_1_245' title='bbox 1083 2198 1200 2227; x_wconf 84' lang='lat' dir='ltr'><strong>certus</strong></span> <span class='ocrx_word' id='word_1_246' title='bbox 1222 2202 1262 2226; x_wconf 85' lang='lat' dir='ltr'><strong>ea</strong></span> 
     </span>
     <span class='ocr_line' id='line_1_37' title="bbox 312 2250 1264 2304; baseline -0.007 -12"><span class='ocrx_word' id='word_1_247' title='bbox 312 2268 390 2304; x_wconf 84' lang='lat' dir='ltr'><strong>quae</strong></span> <span class='ocrx_word' id='word_1_248' title='bbox 414 2254 521 2291; x_wconf 87' lang='lat' dir='ltr'><strong>semel</strong></span> <span class='ocrx_word' id='word_1_249' title='bbox 537 2267 557 2290; x_wconf 85' lang='lat' dir='ltr'><strong>a</strong></span> <span class='ocrx_word' id='word_1_250' title='bbox 576 2255 652 2290; x_wconf 90' lang='lat' dir='ltr'><strong>Deo</strong></span> <span class='ocrx_word' id='word_1_251' title='bbox 671 2253 740 2290; x_wconf 83' lang='lat' dir='ltr'><strong>sibi</strong></span> <span class='ocrx_word' id='word_1_252' title='bbox 760 2251 935 2304; x_wconf 89' lang='lat' dir='ltr'><strong>promissa</strong></span> <span class='ocrx_word' id='word_1_253' title='bbox 969 2250 1122 2299; x_wconf 88' lang='lat' dir='ltr'><strong>fuerant,</strong></span> <span class='ocrx_word' id='word_1_254' title='bbox 1143 2258 1219 2286; x_wconf 85' lang='lat' dir='ltr'><strong>rata</strong></span> <span class='ocrx_word' id='word_1_255' title='bbox 1230 2257 1264 2286; x_wconf 94' lang='lat' dir='ltr'><strong>et</strong></span> 
     </span>
     <span class='ocr_line' id='line_1_38' title="bbox 312 2310 1261 2364; baseline -0.006 -12"><span class='ocrx_word' id='word_1_256' title='bbox 312 2314 415 2352; x_wconf 83' lang='lat' dir='ltr'><strong>firma</strong></span> <span class='ocrx_word' id='word_1_257' title='bbox 430 2315 513 2352; x_wconf 84' lang='lat' dir='ltr'><strong>fore.</strong></span> <span class='ocrx_word' id='word_1_258' title='bbox 531 2313 710 2351; x_wconf 90' lang='lat' dir='ltr'><strong>Paulatim</strong></span> <span class='ocrx_word' id='word_1_259' title='bbox 724 2326 808 2350; x_wconf 68' lang='lat' dir='ltr'><strong>vero</strong></span> <span class='ocrx_word' id='word_1_260' title='bbox 829 2319 1092 2364; x_wconf 85' lang='lat' dir='ltr'><strong>perscrutemur</strong></span> <span class='ocrx_word' id='word_1_261' title='bbox 1106 2310 1261 2360; x_wconf 84' lang='lat' dir='ltr'><strong>singula,</strong></span> 
     </span>
     <span class='ocr_line' id='line_1_39' title="bbox 315 2370 1264 2425; baseline -0.004 -14"><span class='ocrx_word' id='word_1_262' title='bbox 315 2385 352 2412; x_wconf 90' lang='lat' dir='ltr'><strong>ut</strong></span> <span class='ocrx_word' id='word_1_263' title='bbox 365 2375 415 2413; x_wconf 85' lang='lat' dir='ltr'><strong>sic</strong></span> <span class='ocrx_word' id='word_1_264' title='bbox 431 2375 594 2413; x_wconf 77' lang='lat' dir='ltr'><strong>solertem</strong></span> <span class='ocrx_word' id='word_1_265' title='bbox 615 2371 741 2425; x_wconf 87' lang='lat' dir='ltr'><strong>optimi</strong></span> <span class='ocrx_word' id='word_1_266' title='bbox 756 2372 822 2410; x_wconf 91' lang='lat' dir='ltr'><strong>Dei</strong></span> <span class='ocrx_word' id='word_1_267' title='bbox 840 2371 1066 2424; x_wconf 85' lang='lat' dir='ltr'><strong>sapientiam,</strong></span> <span class='ocrx_word' id='word_1_268' title='bbox 1087 2370 1264 2420; x_wconf 85' lang='lat' dir='ltr'><strong>simulque</strong></span> 
     </span>
     <span class='ocr_line' id='line_1_40' title="bbox 314 2429 1265 2486; baseline -0.007 -12"><span class='ocrx_word' id='word_1_269' title='bbox 314 2450 435 2474; x_wconf 88' lang='lat' dir='ltr'><strong>curam</strong></span> <span class='ocrx_word' id='word_1_270' title='bbox 467 2449 574 2486; x_wconf 84' lang='lat' dir='ltr'><strong>qnam</strong></span> <span class='ocrx_word' id='word_1_271' title='bbox 600 2448 682 2485; x_wconf 82' lang='lat' dir='ltr'><strong>erga</strong></span> <span class='ocrx_word' id='word_1_272' title='bbox 710 2434 848 2486; x_wconf 87' lang='lat' dir='ltr'><strong>justum</strong></span> <span class='ocrx_word' id='word_1_273' title='bbox 879 2432 974 2469; x_wconf 88' lang='lat' dir='ltr'><strong>hunc</strong></span> <span class='ocrx_word' id='word_1_274' title='bbox 997 2429 1206 2476; x_wconf 66' lang='lat' dir='ltr'><strong>declaravit,</strong></span> <span class='ocrx_word' id='word_1_275' title='bbox 1231 2439 1265 2467; x_wconf 92' lang='lat' dir='ltr'><strong>et</strong></span> 
     </span>
     <span class='ocr_line' id='line_1_41' title="bbox 315 2491 1259 2549; baseline -0.007 -15"><span class='ocrx_word' id='word_1_276' title='bbox 315 2497 526 2549; x_wconf 67' lang='lat' dir='ltr'><strong>patriarchae</strong></span> <span class='ocrx_word' id='word_1_277' title='bbox 548 2496 584 2533; x_wconf 91' lang='lat' dir='ltr'><strong>in</strong></span> <span class='ocrx_word' id='word_1_278' title='bbox 614 2494 811 2533; x_wconf 88' lang='lat' dir='ltr'><strong>Dominum</strong></span> <span class='ocrx_word' id='word_1_279' title='bbox 831 2506 988 2530; x_wconf 87' lang='lat' dir='ltr'><strong>amorem</strong></span> <span class='ocrx_word' id='word_1_280' title='bbox 1017 2491 1259 2529; x_wconf 87' lang='lat' dir='ltr'><strong>addiscamus.</strong></span> 
     </span>
     <span class='ocr_line' id='line_1_42' title="bbox 314 2552 1265 2606; baseline -0.009 -10"><span class='ocrx_word' id='word_1_281' title='bbox 314 2560 368 2596; x_wconf 81' lang='lat' dir='ltr'><strong>Et</strong></span> <span class='ocrx_word' id='word_1_282' title='bbox 386 2561 494 2596; x_wconf 76' lang='lat' dir='ltr'><strong>visus</strong></span> <span class='ocrx_word' id='word_1_283' title='bbox 514 2565 584 2603; x_wconf 82' lang='lat' dir='ltr'><strong>est,</strong></span> <span class='ocrx_word' id='word_1_284' title='bbox 613 2555 747 2606; x_wconf 86' lang='lat' dir='ltr'><strong>inquit,</strong></span> <span class='ocrx_word' id='word_1_285' title='bbox 770 2556 964 2592; x_wconf 84' lang='lat' dir='ltr'><strong>Dominus</strong></span> <span class='ocrx_word' id='word_1_286' title='bbox 996 2552 1129 2590; x_wconf 82' lang='lat' dir='ltr'><strong>Abrae.</strong></span> <span class='ocrx_word' id='word_1_287' title='bbox 1166 2552 1265 2597; x_wconf 89' lang='lat' dir='ltr'><strong>Quo-</strong></span> 
     </span>
    </p>
   </div>
   <div class='ocr_carea' id='block_1_5' title="bbox 1286 1467 1310 1497">
    <p class='ocr_par' dir='ltr' id='par_1_5' title="bbox 1286 1467 1310 1497">
     <span class='ocr_line' id='line_1_43' title="bbox 1286 1467 1310 1497; baseline 0 0"><span class='ocrx_word' id='word_1_288' title='bbox 1286 1467 1310 1497; x_wconf 94' lang='lat' dir='ltr'>D</span> 
     </span>
    </p>
   </div>
   <div class='ocr_carea' id='block_1_6' title="bbox 1336 164 1937 197">
    <p class='ocr_par' dir='ltr' id='par_1_6' title="bbox 1336 164 1937 197">
     <span class='ocr_line' id='line_1_44' title="bbox 1336 164 1937 197; baseline 0.003 -3"><span class='ocrx_word' id='word_1_289' title='bbox 1336 164 1542 195; x_wconf 69' lang='lat' dir='ltr'><strong>ARCHIEP.</strong></span> <span class='ocrx_word' id='word_1_290' title='bbox 1582 165 1937 197; x_wconf 73' lang='lat' dir='ltr'><strong>CONSTANTlNOP.</strong></span> 
     </span>
    </p>
   </div>
   <div class='ocr_carea' id='block_1_7' title="bbox 1330 246 2363 2608">
    <p class='ocr_par' dir='ltr' id='par_1_7' title="bbox 1330 246 2363 2608">
     <span class='ocr_line' id='line_1_45' title="bbox 1332 246 2358 300; baseline 0.002 -17"><span class='ocrx_word' id='word_1_291' title='bbox 1332 247 1454 293; x_wconf 78' lang='grc' dir='ltr'>ἐλθεῖν,</span> <span class='ocrx_word' id='word_1_292' title='bbox 1474 247 1754 298; x_wconf 81' lang='grc' dir='ltr'>παραγενόμενος</span> <span class='ocrx_word' id='word_1_293' title='bbox 1773 247 1830 296; x_wconf 83' lang='grc' dir='ltr'>δὲ,</span> <span class='ocrx_word' id='word_1_294' title='bbox 1844 248 2002 300; x_wconf 87' lang='grc' dir='ltr'>καθάπερ</span> <span class='ocrx_word' id='word_1_295' title='bbox 2023 247 2155 295; x_wconf 76' lang='grc' dir='ltr'>ἀλήτης</span> <span class='ocrx_word' id='word_1_296' title='bbox 2165 247 2225 286; x_wconf 82' lang='grc' dir='ltr'><strong>καὶ</strong></span> <span class='ocrx_word' id='word_1_297' title='bbox 2246 246 2336 291; x_wconf 79' lang='grc' dir='ltr'>ξένος</span> <span class='ocrx_word' id='word_1_298' title='bbox 2348 277 2358 295; x_wconf 92' lang='grc'>,</span> 
     </span>
     <span class='ocr_line' id='line_1_46' title="bbox 1332 297 2359 359; baseline 0.001 -15"><span class='ocrx_word' id='word_1_299' title='bbox 1332 305 1422 344; x_wconf 81' lang='grc' dir='ltr'>οὕτω</span> <span class='ocrx_word' id='word_1_300' title='bbox 1455 307 1616 359; x_wconf 73' lang='grc' dir='ltr'>περιῄει,</span> <span class='ocrx_word' id='word_1_301' title='bbox 1650 311 1720 346; x_wconf 83' lang='grc' dir='ltr'><strong>τῶν</strong></span> <span class='ocrx_word' id='word_1_302' title='bbox 1757 308 1966 347; x_wconf 79' lang='grc' dir='ltr'>Χαναναίων</span> <span class='ocrx_word' id='word_1_303' title='bbox 2005 308 2056 346; x_wconf 85' lang='grc' dir='ltr'><strong>ἔτι</strong></span> <span class='ocrx_word' id='word_1_304' title='bbox 2093 297 2359 355; x_wconf 58' lang='grc' dir='ltr'>κατοικούντιιη,</span> 
     </span>
     <span class='ocr_line' id='line_1_47' title="bbox 1333 367 2361 421; baseline 0.002 -17"><span class='ocrx_word' id='word_1_305' title='bbox 1333 368 1505 413; x_wconf 81' lang='grc' dir='ltr'>ἐπιζητῶν</span> <span class='ocrx_word' id='word_1_306' title='bbox 1521 367 1606 406; x_wconf 81' lang='grc' dir='ltr'>ὅπου</span> <span class='ocrx_word' id='word_1_307' title='bbox 1618 367 1682 415; x_wconf 87' lang='grc' dir='ltr'><strong>τὴν</strong></span> <span class='ocrx_word' id='word_1_308' title='bbox 1695 368 1900 415; x_wconf 86' lang='grc' dir='ltr'>κατοίκησιν</span> <span class='ocrx_word' id='word_1_309' title='bbox 1912 369 2014 408; x_wconf 73' lang='grc' dir='ltr'>αὐτὸν</span> <span class='ocrx_word' id='word_1_310' title='bbox 2026 369 2238 417; x_wconf 79' lang='grc' dir='ltr'>ποιήσασθαι</span> <span class='ocrx_word' id='word_1_311' title='bbox 2251 384 2361 421; x_wconf 87' lang='grc' dir='ltr'>προσ-</span> 
     </span>
     <span class='ocr_line' id='line_1_48' title="bbox 1333 429 2359 482; baseline 0.002 -17"><span class='ocrx_word' id='word_1_312' title='bbox 1333 430 1439 474; x_wconf 79' lang='grc' dir='ltr'>ἧκεν·</span> <span class='ocrx_word' id='word_1_313' title='bbox 1475 431 1493 466; x_wconf 84' lang='grc' dir='ltr'>ὃ</span> <span class='ocrx_word' id='word_1_314' title='bbox 1523 429 1652 480; x_wconf 78' lang='grc' dir='ltr'>ἀγαθὸς</span> <span class='ocrx_word' id='word_1_315' title='bbox 1683 430 1868 478; x_wconf 80' lang='grc' dir='ltr'>Δεσπότης</span> <span class='ocrx_word' id='word_1_316' title='bbox 1899 431 2220 482; x_wconf 78' lang='grc' dir='ltr'>παραμυθήσασθαι</span> <span class='ocrx_word' id='word_1_317' title='bbox 2257 429 2359 468; x_wconf 50' lang='lat' dir='ltr'><strong>aurbu</strong></span> 
     </span>
     <span class='ocr_line' id='line_1_49' title="bbox 1336 488 2361 543; baseline 0.001 -18"><span class='ocrx_word' id='word_1_318' title='bbox 1336 488 1561 539; x_wconf 86' lang='grc' dir='ltr'>βουλόμενος,</span> <span class='ocrx_word' id='word_1_319' title='bbox 1599 489 1659 527; x_wconf 84' lang='grc' dir='ltr'><strong>καὶ</strong></span> <span class='ocrx_word' id='word_1_320' title='bbox 1693 493 1866 543; x_wconf 82' lang='grc' dir='ltr'>νευρῶσαι</span> <span class='ocrx_word' id='word_1_321' title='bbox 1901 491 2004 529; x_wconf 78' lang='grc' dir='ltr'>αὐτοῦ</span> <span class='ocrx_word' id='word_1_322' title='bbox 2049 491 2111 538; x_wconf 77' lang='grc' dir='ltr'><strong>τὴν</strong></span> <span class='ocrx_word' id='word_1_323' title='bbox 2153 490 2361 542; x_wconf 76' lang='grc' dir='ltr'>προθυμίαν,</span> 
     </span>
     <span class='ocr_line' id='line_1_50' title="bbox 1333 548 2363 604; baseline 0.003 -19"><span class='ocrx_word' id='word_1_324' title='bbox 1333 548 1424 587; x_wconf 78' lang='grc' dir='ltr'>ὥστε</span> <span class='ocrx_word' id='word_1_325' title='bbox 1445 548 1494 599; x_wconf 82' lang='grc' dir='ltr'><strong>μὴ</strong></span> <span class='ocrx_word' id='word_1_326' title='bbox 1511 551 1704 602; x_wconf 60' lang='grc' dir='ltr'>ναρκῆσαι,</span> <span class='ocrx_word' id='word_1_327' title='bbox 1727 550 1816 600; x_wconf 72' lang='grc' dir='ltr'>μηδὲ</span> <span class='ocrx_word' id='word_1_328' title='bbox 1832 551 2007 588; x_wconf 71' lang='grc' dir='ltr'>ἐνδοιάσαι</span> <span class='ocrx_word' id='word_1_329' title='bbox 2020 550 2106 604; x_wconf 76' lang='grc' dir='ltr'>πρὸς</span> <span class='ocrx_word' id='word_1_330' title='bbox 2124 551 2187 598; x_wconf 78' lang='grc' dir='ltr'><strong>τὴν</strong></span> <span class='ocrx_word' id='word_1_331' title='bbox 2207 553 2363 602; x_wconf 80' lang='grc' dir='ltr'>ἐπαγγε-</span> 
     </span>
     <span class='ocr_line' id='line_1_51' title="bbox 1333 608 2360 662; baseline 0.002 -16"><span class='ocrx_word' id='word_1_332' title='bbox 1333 609 1412 647; x_wconf 89' lang='grc' dir='ltr'>λίαν</span> <span class='ocrx_word' id='word_1_333' title='bbox 1451 608 1514 656; x_wconf 81' lang='grc' dir='ltr'><strong>τὴν</strong></span> <span class='ocrx_word' id='word_1_334' title='bbox 1551 609 1618 656; x_wconf 76' lang='grc' dir='ltr'>ἤδη</span> <span class='ocrx_word' id='word_1_335' title='bbox 1638 609 1874 661; x_wconf 77' lang='grc' dir='ltr'>γεγενημένην</span> <span class='ocrx_word' id='word_1_336' title='bbox 1902 609 1990 662; x_wconf 78' lang='grc' dir='ltr'>πρὸς</span> <span class='ocrx_word' id='word_1_337' title='bbox 2018 611 2133 657; x_wconf 76' lang='grc' dir='ltr'>αὐτὸν,</span> <span class='ocrx_word' id='word_1_338' title='bbox 2153 610 2206 648; x_wconf 78' lang='grc' dir='ltr'><strong>ὅτι</strong></span> <span class='ocrx_word' id='word_1_339' title='bbox 2226 614 2360 661; x_wconf 87' lang='grc' dir='ltr'>Δεῦρο,</span> 
     </span>
     <span class='ocr_line' id='line_1_52' title="bbox 1334 669 2360 722; baseline 0 -15"><span class='ocrx_word' id='word_1_340' title='bbox 1334 670 1394 708; x_wconf 80' lang='grc' dir='ltr'><strong>καὶ</strong></span> <span class='ocrx_word' id='word_1_341' title='bbox 1413 669 1618 716; x_wconf 76' lang='grc' dir='ltr'>ποιήσωσε</span> <span class='ocrx_word' id='word_1_342' title='bbox 1648 672 1695 714; x_wconf 90' lang='grc' dir='ltr'><strong>εἷς</strong></span> <span class='ocrx_word' id='word_1_343' title='bbox 1715 670 1807 713; x_wconf 83' lang='grc' dir='ltr'>ἔθνος</span> <span class='ocrx_word' id='word_1_344' title='bbox 1836 669 1928 721; x_wconf 81' lang='grc' dir='ltr'>μέγα</span> <span class='ocrx_word' id='word_1_345' title='bbox 1948 670 2027 718; x_wconf 72' lang='grc' dir='ltr'>(καὶ</span> <span class='ocrx_word' id='word_1_346' title='bbox 2056 670 2124 722; x_wconf 82' lang='grc' dir='ltr'><strong>γὰρ</strong></span> <span class='ocrx_word' id='word_1_347' title='bbox 2154 670 2293 708; x_wconf 81' lang='grc' dir='ltr'>ἐναντία</span> <span class='ocrx_word' id='word_1_348' title='bbox 2316 674 2360 721; x_wconf 80' lang='grc' dir='ltr'><strong>τῇ</strong></span> 
     </span>
     <span class='ocr_line' id='line_1_53' title="bbox 1335 729 2361 783; baseline 0 -15"><span class='ocrx_word' id='word_1_349' title='bbox 1335 730 1526 783; x_wconf 75' lang='grc' dir='ltr'>ἐπαγγελία</span> <span class='ocrx_word' id='word_1_350' title='bbox 1555 729 1648 782; x_wconf 80' lang='grc' dir='ltr'>ἑώρα</span> <span class='ocrx_word' id='word_1_351' title='bbox 1678 731 1723 768; x_wconf 78' lang='grc' dir='ltr'><strong>τὰ</strong></span> <span class='ocrx_word' id='word_1_352' title='bbox 1751 730 1918 782; x_wconf 85' lang='grc' dir='ltr'>γινόμενα</span> <span class='ocrx_word' id='word_1_353' title='bbox 1938 735 1955 769; x_wconf 85' lang='grc' dir='ltr'>ὃ</span> <span class='ocrx_word' id='word_1_354' title='bbox 1977 731 2125 779; x_wconf 76' lang='grc' dir='ltr'>δίκαιος,</span> <span class='ocrx_word' id='word_1_355' title='bbox 2145 730 2203 768; x_wconf 79' lang='grc' dir='ltr'><strong>καὶ</strong></span> <span class='ocrx_word' id='word_1_356' title='bbox 2233 733 2279 774; x_wconf 79' lang='grc' dir='ltr'><strong>ὡς</strong></span> <span class='ocrx_word' id='word_1_357' title='bbox 2300 729 2361 768; x_wconf 77' lang='grc' dir='ltr'><strong>ἕνα</strong></span> 
     </span>
     <span class='ocr_line' id='line_1_54' title="bbox 1335 790 2360 866; baseline -0.003 -37"><span class='ocrx_word' id='word_1_358' title='bbox 1335 794 1405 829; x_wconf 82' lang='grc' dir='ltr'><strong>τῶν</strong></span> <span class='ocrx_word' id='word_1_359' title='bbox 1424 793 1547 829; x_wconf 82' lang='grc' dir='ltr'>εὐτελ</span> <span class='ocrx_word' id='word_1_360' title='bbox 1523 809 1568 829; x_wconf 91' lang='grc' dir='ltr'><strong>ων</strong></span> <span class='ocrx_word' id='word_1_361' title='bbox 1583 807 1643 830; x_wconf 88' lang='grc' dir='ltr'><strong>και</strong></span> <span class='ocrx_word' id='word_1_362' title='bbox 1664 791 1950 866; x_wconf 66' lang='grc' dir='ltr'>ἀπερριμμένων,</span> <span class='ocrx_word' id='word_1_363' title='bbox 1980 807 2041 830; x_wconf 89' lang='grc' dir='ltr'><strong>και</strong></span> <span class='ocrx_word' id='word_1_364' title='bbox 2068 790 2360 843; x_wconf 75' lang='grc' dir='ltr'>ἀπροστατεύτων</span> 
     </span>
     <span class='ocr_line' id='line_1_55' title="bbox 1335 850 2360 905; baseline -0.003 -16"><span class='ocrx_word' id='word_1_365' title='bbox 1335 851 1455 889; x_wconf 81' lang='grc' dir='ltr'>ἑαυτὸν</span> <span class='ocrx_word' id='word_1_366' title='bbox 1478 851 1675 905; x_wconf 84' lang='grc' dir='ltr'>περιιόντα</span> <span class='ocrx_word' id='word_1_367' title='bbox 1692 867 1752 888; x_wconf 88' lang='grc' dir='ltr'><strong>και</strong></span> <span class='ocrx_word' id='word_1_368' title='bbox 1771 852 1849 890; x_wconf 55' lang='grc' dir='ltr'>οὐῗὲ</span> <span class='ocrx_word' id='word_1_369' title='bbox 1863 851 1948 889; x_wconf 83' lang='grc' dir='ltr'>ὅπου</span> <span class='ocrx_word' id='word_1_370' title='bbox 1964 854 2185 904; x_wconf 69' lang='grc' dir='ltr'>καταχθῆναι</span> <span class='ocrx_word' id='word_1_371' title='bbox 2201 850 2360 902; x_wconf 79' lang='grc' dir='ltr'>ἔχοντα),</span> 
     </span>
     <span class='ocr_line' id='line_1_56' title="bbox 1333 906 2359 964; baseline -0.001 -15.997"><span class='ocrx_word' id='word_1_372' title='bbox 1333 909 1375 948; x_wconf 82' lang='grc' dir='ltr'><strong>ἵν’</strong></span> <span class='ocrx_word' id='word_1_373' title='bbox 1393 906 1449 949; x_wconf 75' lang='grc' dir='ltr'><strong>οῦν</strong></span> <span class='ocrx_word' id='word_1_374' title='bbox 1471 912 1621 964; x_wconf 77' lang='grc' dir='ltr'>διεγείρῃ</span> <span class='ocrx_word' id='word_1_375' title='bbox 1644 915 1747 950; x_wconf 82' lang='grc' dir='ltr'>αὐτοῦ</span> <span class='ocrx_word' id='word_1_376' title='bbox 1761 912 1818 950; x_wconf 81' lang='grc' dir='ltr'><strong>τὸν</strong></span> <span class='ocrx_word' id='word_1_377' title='bbox 1837 913 2019 963; x_wconf 79' lang='grc' dir='ltr'>λογισυὸν,</span> <span class='ocrx_word' id='word_1_378' title='bbox 2036 912 2142 964; x_wconf 75' lang='grc' dir='ltr'>φησί·</span> <span class='ocrx_word' id='word_1_379' title='bbox 2166 911 2236 949; x_wconf 86' lang='grc' dir='ltr'><strong>Και</strong></span> <span class='ocrx_word' id='word_1_380' title='bbox 2261 910 2359 962; x_wconf 72' lang='grc' dir='ltr'>ὤφθη</span> 
     </span>
     <span class='ocr_line' id='line_1_57' title="bbox 1334 967 2360 1026; baseline -0.001 -16"><span class='ocrx_word' id='word_1_381' title='bbox 1334 971 1458 1023; x_wconf 78' lang='grc' dir='ltr'>Κύριος</span> <span class='ocrx_word' id='word_1_382' title='bbox 1479 975 1529 1025; x_wconf 84' lang='grc' dir='ltr'><strong>τῷ</strong></span> <span class='ocrx_word' id='word_1_383' title='bbox 1547 972 1686 1026; x_wconf 66' lang='grc' dir='ltr'>Ἄὸραμ</span> <span class='ocrx_word' id='word_1_384' title='bbox 1698 1003 1707 1020; x_wconf 91' lang='grc'>,</span> <span class='ocrx_word' id='word_1_385' title='bbox 1725 972 1784 1010; x_wconf 80' lang='grc' dir='ltr'><strong>καὶ</strong></span> <span class='ocrx_word' id='word_1_386' title='bbox 1801 967 1894 1012; x_wconf 70' lang='grc' dir='ltr'>εἶπεν</span> <span class='ocrx_word' id='word_1_387' title='bbox 1913 976 2024 1025; x_wconf 81' lang='grc' dir='ltr'>αὐτῷ·</span> <span class='ocrx_word' id='word_1_388' title='bbox 2038 975 2088 1026; x_wconf 81' lang='grc' dir='ltr'><strong>τῷ</strong></span> <span class='ocrx_word' id='word_1_389' title='bbox 2103 971 2284 1024; x_wconf 80' lang='grc' dir='ltr'>σπέρματί</span> <span class='ocrx_word' id='word_1_390' title='bbox 2299 986 2360 1010; x_wconf 87' lang='grc' dir='ltr'><strong>σου</strong></span> 
     </span>
     <span class='ocr_line' id='line_1_58' title="bbox 1333 1032 2360 1086; baseline 0.001 -17"><span class='ocrx_word' id='word_1_391' title='bbox 1333 1032 1434 1070; x_wconf 79' lang='grc' dir='ltr'>δώσω</span> <span class='ocrx_word' id='word_1_392' title='bbox 1453 1032 1515 1080; x_wconf 80' lang='grc' dir='ltr'><strong>τὴν</strong></span> <span class='ocrx_word' id='word_1_393' title='bbox 1551 1036 1616 1085; x_wconf 82' lang='grc' dir='ltr'>γ’ῆν</span> <span class='ocrx_word' id='word_1_394' title='bbox 1636 1033 1781 1080; x_wconf 86' lang='grc' dir='ltr'>ταύτην.</span> <span class='ocrx_word' id='word_1_395' title='bbox 1801 1034 1901 1078; x_wconf 82' lang='grc' dir='ltr'>Τέως</span> <span class='ocrx_word' id='word_1_396' title='bbox 1931 1037 1953 1080; x_wconf 81' lang='grc' dir='ltr'>ἡ</span> <span class='ocrx_word' id='word_1_397' title='bbox 1983 1034 2171 1086; x_wconf 75' lang='grc' dir='ltr'>ὑπόσχεσις</span> <span class='ocrx_word' id='word_1_398' title='bbox 2201 1033 2360 1084; x_wconf 80' lang='grc' dir='ltr'>μεγάλη,</span> 
     </span>
     <span class='ocr_line' id='line_1_59' title="bbox 1331 1090 2359 1148; baseline 0.001 -18"><span class='ocrx_word' id='word_1_399' title='bbox 1331 1093 1388 1130; x_wconf 66' lang='grc' dir='ltr'><strong>καὶ</strong></span> <span class='ocrx_word' id='word_1_400' title='bbox 1423 1093 1608 1138; x_wconf 85' lang='grc' dir='ltr'>ἀκόλουθος</span> <span class='ocrx_word' id='word_1_401' title='bbox 1637 1098 1680 1146; x_wconf 77' lang='grc' dir='ltr'><strong>τῇ</strong></span> <span class='ocrx_word' id='word_1_402' title='bbox 1715 1095 1927 1148; x_wconf 74' lang='grc' dir='ltr'>ἐπαγγελία,</span> <span class='ocrx_word' id='word_1_403' title='bbox 1948 1095 1993 1133; x_wconf 79' lang='grc' dir='ltr'><strong>δι’</strong></span> <span class='ocrx_word' id='word_1_404' title='bbox 2017 1090 2059 1141; x_wconf 64' lang='grc' dir='ltr'><strong>ἧς</strong></span> <span class='ocrx_word' id='word_1_405' title='bbox 2087 1095 2218 1133; x_wconf 83' lang='grc' dir='ltr'>οἴκοθεν</span> <span class='ocrx_word' id='word_1_406' title='bbox 2255 1095 2359 1133; x_wconf 82' lang='grc' dir='ltr'>αὐτὸν</span> 
     </span>
     <span class='ocr_line' id='line_1_60' title="bbox 1332 1149 2361 1209; baseline 0.001 -17"><span class='ocrx_word' id='word_1_407' title='bbox 1332 1155 1532 1202; x_wconf 82' lang='grc' dir='ltr'>ἀνέστησεν.</span> <span class='ocrx_word' id='word_1_408' title='bbox 1559 1149 1649 1194; x_wconf 54' lang='lat' dir='ltr'><strong>Eine</strong></span> <span class='ocrx_word' id='word_1_409' title='bbox 1671 1157 1739 1209; x_wconf 80' lang='grc' dir='ltr'><strong>γὰρ</strong></span> <span class='ocrx_word' id='word_1_410' title='bbox 1757 1187 1766 1204; x_wconf 90' lang='grc'>,</span> <span class='ocrx_word' id='word_1_411' title='bbox 1786 1158 1985 1208; x_wconf 82' lang='grc' dir='ltr'>Μεγαλυνῶ</span> <span class='ocrx_word' id='word_1_412' title='bbox 2004 1156 2043 1194; x_wconf 84' lang='grc' dir='ltr'><strong>τὸ</strong></span> <span class='ocrx_word' id='word_1_413' title='bbox 2063 1156 2172 1207; x_wconf 77' lang='grc' dir='ltr'>ὄνομά</span> <span class='ocrx_word' id='word_1_414' title='bbox 2202 1171 2283 1194; x_wconf 86' lang='grc' dir='ltr'>σου·</span> <span class='ocrx_word' id='word_1_415' title='bbox 2304 1156 2361 1193; x_wconf 81' lang='grc' dir='ltr'><strong>διὰ</strong></span> 
     </span>
     <span class='ocr_line' id='line_1_61' title="bbox 1330 1215 2358 1271; baseline -0.001 -17"><span class='ocrx_word' id='word_1_416' title='bbox 1330 1219 1432 1254; x_wconf 83' lang='grc' dir='ltr'>τοῦτο</span> <span class='ocrx_word' id='word_1_417' title='bbox 1448 1220 1506 1254; x_wconf 83' lang='grc' dir='ltr'><strong>νῦν</strong></span> <span class='ocrx_word' id='word_1_418' title='bbox 1517 1232 1601 1268; x_wconf 63' lang='grc' dir='ltr'>φησι</span> <span class='ocrx_word' id='word_1_419' title='bbox 1612 1217 1732 1263; x_wconf 86' lang='grc' dir='ltr'>πάλιν,</span> <span class='ocrx_word' id='word_1_420' title='bbox 1746 1220 1779 1256; x_wconf 87' lang='grc' dir='ltr'>Τ</span> <span class='ocrx_word' id='word_1_421' title='bbox 1781 1221 1810 1271; x_wconf 77' lang='grc' dir='ltr'>ᾧ</span> <span class='ocrx_word' id='word_1_422' title='bbox 1828 1217 2004 1269; x_wconf 82' lang='grc' dir='ltr'>σπέρματί</span> <span class='ocrx_word' id='word_1_423' title='bbox 2021 1233 2082 1255; x_wconf 90' lang='grc' dir='ltr'><strong>σου</strong></span> <span class='ocrx_word' id='word_1_424' title='bbox 2096 1216 2197 1255; x_wconf 78' lang='grc' dir='ltr'>δώσω</span> <span class='ocrx_word' id='word_1_425' title='bbox 2211 1215 2274 1263; x_wconf 75' lang='grc' dir='ltr'><strong>τὴν</strong></span> <span class='ocrx_word' id='word_1_426' title='bbox 2291 1220 2358 1268; x_wconf 70' lang='grc' dir='ltr'><strong>γῆν</strong></span> 
     </span>
     <span class='ocr_line' id='line_1_62' title="bbox 1330 1276 2361 1331; baseline 0.001 -17"><span class='ocrx_word' id='word_1_427' title='bbox 1330 1276 1475 1324; x_wconf 79' lang='grc' dir='ltr'>ταύτην.</span> <span class='ocrx_word' id='word_1_428' title='bbox 1499 1277 1647 1325; x_wconf 75' lang='grc' dir='ltr'>Ἐπειδὴ</span> <span class='ocrx_word' id='word_1_429' title='bbox 1674 1278 1742 1331; x_wconf 79' lang='grc' dir='ltr'><strong>γὰρ</strong></span> <span class='ocrx_word' id='word_1_430' title='bbox 1776 1281 1810 1316; x_wconf 89' lang='grc' dir='ltr'><strong>ἐν</strong></span> <span class='ocrx_word' id='word_1_431' title='bbox 1846 1279 1938 1331; x_wconf 78' lang='grc' dir='ltr'>γήρᾳ</span> <span class='ocrx_word' id='word_1_432' title='bbox 1969 1277 2152 1329; x_wconf 74' lang='grc' dir='ltr'>τυγχάνων</span> <span class='ocrx_word' id='word_1_433' title='bbox 2181 1280 2200 1315; x_wconf 86' lang='grc' dir='ltr'><strong><em>ὃ</em></strong></span> <span class='ocrx_word' id='word_1_434' title='bbox 2229 1277 2361 1320; x_wconf 82' lang='grc' dir='ltr'>δίκαιος</span> 
     </span>
     <span class='ocr_line' id='line_1_63' title="bbox 1334 1333 2362 1392; baseline -0.001 -16"><span class='ocrx_word' id='word_1_435' title='bbox 1334 1338 1439 1381; x_wconf 84' lang='grc' dir='ltr'>ἄπαις</span> <span class='ocrx_word' id='word_1_436' title='bbox 1458 1333 1514 1385; x_wconf 67' lang='grc' dir='ltr'><strong>ἦν,</strong></span> <span class='ocrx_word' id='word_1_437' title='bbox 1533 1338 1588 1376; x_wconf 83' lang='grc' dir='ltr'><strong>διὰ</strong></span> <span class='ocrx_word' id='word_1_438' title='bbox 1607 1338 1670 1385; x_wconf 73' lang='grc' dir='ltr'><strong>τὴν</strong></span> <span class='ocrx_word' id='word_1_439' title='bbox 1684 1342 1746 1384; x_wconf 74' lang='grc' dir='ltr'><strong>τῆς</strong></span> <span class='ocrx_word' id='word_1_440' title='bbox 1764 1339 1882 1392; x_wconf 82' lang='grc' dir='ltr'>Σάρας</span> <span class='ocrx_word' id='word_1_441' title='bbox 1898 1339 2094 1391; x_wconf 85' lang='grc' dir='ltr'>στείρωσιν,</span> <span class='ocrx_word' id='word_1_442' title='bbox 2110 1338 2362 1390; x_wconf 81' lang='grc' dir='ltr'>ἐπαγγέλλεται</span> 
     </span>
     <span class='ocr_line' id='line_1_64' title="bbox 1336 1398 2362 1453; baseline 0.001 -17"><span class='ocrx_word' id='word_1_443' title='bbox 1336 1401 1430 1451; x_wconf 81' lang='grc' dir='ltr'>αὐτῷ</span> <span class='ocrx_word' id='word_1_444' title='bbox 1441 1402 1491 1451; x_wconf 85' lang='grc' dir='ltr'><strong>τῷ</strong></span> <span class='ocrx_word' id='word_1_445' title='bbox 1504 1398 1536 1443; x_wconf 85' lang='grc' dir='ltr'><strong>ἐξ</strong></span> <span class='ocrx_word' id='word_1_446' title='bbox 1557 1401 1661 1438; x_wconf 78' lang='grc' dir='ltr'>αὐτοῦ</span> <span class='ocrx_word' id='word_1_447' title='bbox 1683 1401 1878 1453; x_wconf 83' lang='grc' dir='ltr'>τικτομένῳ</span> <span class='ocrx_word' id='word_1_448' title='bbox 1892 1400 1956 1447; x_wconf 78' lang='grc' dir='ltr'><strong>τὴν</strong></span> <span class='ocrx_word' id='word_1_449' title='bbox 1976 1403 2040 1452; x_wconf 72' lang='grc' dir='ltr'><strong>γῆν</strong></span> <span class='ocrx_word' id='word_1_450' title='bbox 2062 1405 2271 1452; x_wconf 71' lang='grc' dir='ltr'>παρασχεῖν.</span> <span class='ocrx_word' id='word_1_451' title='bbox 2290 1399 2362 1437; x_wconf 88' lang='grc' dir='ltr'><strong>Καὶ</strong></span> 
     </span>
     <span class='ocr_line' id='line_1_65' title="bbox 1337 1460 2361 1513; baseline -0.001 -15"><span class='ocrx_word' id='word_1_452' title='bbox 1337 1460 1460 1498; x_wconf 85' lang='grc' dir='ltr'>σκόπει</span> <span class='ocrx_word' id='word_1_453' title='bbox 1489 1476 1548 1510; x_wconf 90' lang='grc' dir='ltr'><strong>μοι</strong></span> <span class='ocrx_word' id='word_1_454' title='bbox 1583 1463 1675 1500; x_wconf 88' lang='grc' dir='ltr'>Θεοῦ</span> <span class='ocrx_word' id='word_1_455' title='bbox 1706 1462 1982 1513; x_wconf 71' lang='grc' dir='ltr'>φιλανθρωπίαν,</span> <span class='ocrx_word' id='word_1_456' title='bbox 2003 1464 2077 1504; x_wconf 84' lang='grc' dir='ltr'><strong>πῶς</strong></span> <span class='ocrx_word' id='word_1_457' title='bbox 2103 1460 2271 1512; x_wconf 79' lang='grc' dir='ltr'>προειδὼς</span> <span class='ocrx_word' id='word_1_458' title='bbox 2300 1464 2361 1498; x_wconf 85' lang='grc' dir='ltr'><strong>τοῦ</strong></span> 
     </span>
     <span class='ocr_line' id='line_1_66' title="bbox 1336 1520 2360 1573; baseline -0.001 -15"><span class='ocrx_word' id='word_1_459' title='bbox 1336 1520 1470 1558; x_wconf 76' lang='grc' dir='ltr'>δικαίου</span> <span class='ocrx_word' id='word_1_460' title='bbox 1492 1520 1554 1568; x_wconf 78' lang='grc' dir='ltr'><strong>τὴν</strong></span> <span class='ocrx_word' id='word_1_461' title='bbox 1579 1521 1720 1572; x_wconf 81' lang='grc' dir='ltr'>ἀρετὴν,</span> <span class='ocrx_word' id='word_1_462' title='bbox 1738 1522 1898 1573; x_wconf 82' lang='grc' dir='ltr'>βούλεται</span> <span class='ocrx_word' id='word_1_463' title='bbox 1923 1529 2011 1560; x_wconf 78' lang='grc' dir='ltr'>πᾶσι</span> <span class='ocrx_word' id='word_1_464' title='bbox 2035 1521 2232 1568; x_wconf 69' lang='grc' dir='ltr'>κατάδηλον</span> <span class='ocrx_word' id='word_1_465' title='bbox 2259 1521 2360 1559; x_wconf 80' lang='grc' dir='ltr'>αὐτὸν</span> 
     </span>
     <span class='ocr_line' id='line_1_67' title="bbox 1335 1581 2360 1636; baseline -0.002 -16"><span class='ocrx_word' id='word_1_466' title='bbox 1335 1585 1501 1630; x_wconf 63' lang='grc' dir='ltr'>ποιῆσαι,</span> <span class='ocrx_word' id='word_1_467' title='bbox 1519 1581 1578 1620; x_wconf 76' lang='grc' dir='ltr'><strong>καὶ</strong></span> <span class='ocrx_word' id='word_1_468' title='bbox 1597 1582 1756 1635; x_wconf 85' lang='grc' dir='ltr'>καθάπερ</span> <span class='ocrx_word' id='word_1_469' title='bbox 1779 1582 1997 1636; x_wconf 80' lang='grc' dir='ltr'>μαργαρίτην</span> <span class='ocrx_word' id='word_1_470' title='bbox 2017 1582 2096 1620; x_wconf 78' lang='grc' dir='ltr'>τινὰ</span> <span class='ocrx_word' id='word_1_471' title='bbox 2111 1581 2360 1634; x_wconf 82' lang='grc' dir='ltr'>κρυπτόμενον,</span> 
     </span>
     <span class='ocr_line' id='line_1_68' title="bbox 1335 1642 2363 1695; baseline -0.001 -15"><span class='ocrx_word' id='word_1_472' title='bbox 1335 1642 1426 1680; x_wconf 74' lang='grc' dir='ltr'>οὕτω</span> <span class='ocrx_word' id='word_1_473' title='bbox 1456 1642 1605 1695; x_wconf 71' lang='grc' dir='ltr'>φανερὸν</span> <span class='ocrx_word' id='word_1_474' title='bbox 1627 1643 1909 1695; x_wconf 81' lang='grc' dir='ltr'>ἀπεργάσασθαι.</span> <span class='ocrx_word' id='word_1_475' title='bbox 1927 1644 1998 1681; x_wconf 77' lang='grc' dir='ltr'><strong>Καὶ</strong></span> <span class='ocrx_word' id='word_1_476' title='bbox 2022 1643 2230 1693; x_wconf 80' lang='grc' dir='ltr'>ἐπαγγελίας</span> <span class='ocrx_word' id='word_1_477' title='bbox 2251 1644 2363 1693; x_wconf 88' lang='grc' dir='ltr'>ἐπαγ-</span> 
     </span>
     <span class='ocr_line' id='line_1_69' title="bbox 1333 1702 2362 1755; baseline 0 -15"><span class='ocrx_word' id='word_1_478' title='bbox 1333 1704 1465 1755; x_wconf 87' lang='grc' dir='ltr'>γελίαις</span> <span class='ocrx_word' id='word_1_479' title='bbox 1496 1705 1674 1755; x_wconf 66' lang='grc' dir='ltr'>συνάψας,</span> <span class='ocrx_word' id='word_1_480' title='bbox 1693 1704 1752 1742; x_wconf 76' lang='grc' dir='ltr'><strong>καὶ</strong></span> <span class='ocrx_word' id='word_1_481' title='bbox 1775 1705 1932 1755; x_wconf 79' lang='grc' dir='ltr'>μεγάλας</span> <span class='ocrx_word' id='word_1_482' title='bbox 1952 1704 2014 1747; x_wconf 77' lang='grc' dir='ltr'><strong>τὰς</strong></span> <span class='ocrx_word' id='word_1_483' title='bbox 2034 1702 2240 1755; x_wconf 72' lang='grc' dir='ltr'>ὑποσχέσεις</span> <span class='ocrx_word' id='word_1_484' title='bbox 2254 1718 2362 1749; x_wconf 89' lang='grc' dir='ltr'>ποιη-</span> 
     </span>
     <span class='ocr_line' id='line_1_70' title="bbox 1334 1763 2360 1818; baseline -0.002 -16"><span class='ocrx_word' id='word_1_485' title='bbox 1334 1765 1500 1815; x_wconf 85' lang='grc' dir='ltr'>σάμενος,</span> <span class='ocrx_word' id='word_1_486' title='bbox 1531 1765 1636 1803; x_wconf 83' lang='grc' dir='ltr'>πάλιν</span> <span class='ocrx_word' id='word_1_487' title='bbox 1676 1765 1800 1818; x_wconf 76' lang='grc' dir='ltr'>μικρὸν</span> <span class='ocrx_word' id='word_1_488' title='bbox 1831 1765 2124 1809; x_wconf 71' lang='grc' dir='ltr'>διαναὸάλλεται,</span> <span class='ocrx_word' id='word_1_489' title='bbox 2159 1763 2217 1801; x_wconf 88' lang='grc' dir='ltr'><strong>ἵνα</strong></span> <span class='ocrx_word' id='word_1_490' title='bbox 2249 1764 2360 1815; x_wconf 83' lang='grc' dir='ltr'>ταύτῃ</span> 
     </span>
     <span class='ocr_line' id='line_1_71' title="bbox 1335 1824 2359 1878; baseline -0.001 -15"><span class='ocrx_word' id='word_1_491' title='bbox 1335 1825 1489 1875; x_wconf 86' lang='grc' dir='ltr'>μάλιστα</span> <span class='ocrx_word' id='word_1_492' title='bbox 1509 1826 1630 1877; x_wconf 81' lang='grc' dir='ltr'>δειχθῇ</span> <span class='ocrx_word' id='word_1_493' title='bbox 1651 1829 1711 1864; x_wconf 88' lang='grc' dir='ltr'><strong>τοῦ</strong></span> <span class='ocrx_word' id='word_1_494' title='bbox 1737 1826 1962 1878; x_wconf 71' lang='grc' dir='ltr'>πατριάρχου</span> <span class='ocrx_word' id='word_1_495' title='bbox 1975 1825 2014 1863; x_wconf 81' lang='grc' dir='ltr'><strong>τὸ</strong></span> <span class='ocrx_word' id='word_1_496' title='bbox 2034 1824 2206 1877; x_wconf 80' lang='grc' dir='ltr'>φιλόθεον,</span> <span class='ocrx_word' id='word_1_497' title='bbox 2231 1825 2284 1862; x_wconf 85' lang='grc' dir='ltr'><strong>ὃτι</strong></span> <span class='ocrx_word' id='word_1_498' title='bbox 2299 1825 2359 1862; x_wconf 79' lang='grc' dir='ltr'><strong>καὶ</strong></span> 
     </span>
     <span class='ocr_line' id='line_1_72' title="bbox 1333 1884 2362 1938; baseline 0.001 -16"><span class='ocrx_word' id='word_1_499' title='bbox 1333 1884 1474 1924; x_wconf 81' lang='grc' dir='ltr'>ἐναντία</span> <span class='ocrx_word' id='word_1_500' title='bbox 1499 1892 1575 1930; x_wconf 87' lang='grc' dir='ltr'>ταῖς</span> <span class='ocrx_word' id='word_1_501' title='bbox 1596 1886 1830 1938; x_wconf 70' lang='grc' dir='ltr'>ὑποσχέσεσιν</span> <span class='ocrx_word' id='word_1_502' title='bbox 1851 1889 1939 1937; x_wconf 80' lang='grc' dir='ltr'>ὁρῶν</span> <span class='ocrx_word' id='word_1_503' title='bbox 1969 1887 2053 1929; x_wconf 85' lang='grc' dir='ltr'>τέως</span> <span class='ocrx_word' id='word_1_504' title='bbox 2083 1884 2288 1924; x_wconf 60' lang='grc' dir='ltr'>ἐκδαίνοντα</span> <span class='ocrx_word' id='word_1_505' title='bbox 2318 1885 2362 1923; x_wconf 84' lang='grc' dir='ltr'><strong>τὰ</strong></span> 
     </span>
     <span class='ocr_line' id='line_1_73' title="bbox 1333 1945 2363 2000; baseline -0.001 -16"><span class='ocrx_word' id='word_1_506' title='bbox 1333 1946 1528 1998; x_wconf 86' lang='grc' dir='ltr'>πράγματα</span> <span class='ocrx_word' id='word_1_507' title='bbox 1551 1950 1568 1984; x_wconf 85' lang='grc' dir='ltr'>ὃ</span> <span class='ocrx_word' id='word_1_508' title='bbox 1590 1947 1784 2000; x_wconf 87' lang='grc' dir='ltr'>μακάριος,</span> <span class='ocrx_word' id='word_1_509' title='bbox 1805 1948 1867 1985; x_wconf 81' lang='grc' dir='ltr'><strong>οὐκ</strong></span> <span class='ocrx_word' id='word_1_510' title='bbox 1901 1947 2115 1999; x_wconf 65' lang='grc' dir='ltr'>ἐθορυῧεῖτο,</span> <span class='ocrx_word' id='word_1_511' title='bbox 2141 1945 2217 1984; x_wconf 76' lang='grc' dir='ltr'>οὐδὲ</span> <span class='ocrx_word' id='word_1_512' title='bbox 2249 1947 2363 1983; x_wconf 83' lang='grc' dir='ltr'>διετα-</span> 
     </span>
     <span class='ocr_line' id='line_1_74' title="bbox 1336 2002 2362 2060; baseline -0.002 -14"><span class='ocrx_word' id='word_1_513' title='bbox 1336 2008 1496 2059; x_wconf 85' lang='grc' dir='ltr'>ράττετο,</span> <span class='ocrx_word' id='word_1_514' title='bbox 1516 2010 1592 2046; x_wconf 84' lang='grc' dir='ltr'>ἀλλ’</span> <span class='ocrx_word' id='word_1_515' title='bbox 1618 2007 1780 2054; x_wconf 84' lang='grc' dir='ltr'>ἀκίνητον</span> <span class='ocrx_word' id='word_1_516' title='bbox 1804 2002 1877 2059; x_wconf 65' lang='grc' dir='ltr'>εἶχε</span> <span class='ocrx_word' id='word_1_517' title='bbox 1896 2008 1954 2046; x_wconf 76' lang='grc' dir='ltr'><strong>τὸν</strong></span> <span class='ocrx_word' id='word_1_518' title='bbox 1971 2007 2153 2060; x_wconf 84' lang='grc' dir='ltr'>λογισμὸν,</span> <span class='ocrx_word' id='word_1_519' title='bbox 2170 2005 2362 2057; x_wconf 83' lang='grc' dir='ltr'>πεπεισμέ-</span> 
     </span>
     <span class='ocr_line' id='line_1_75' title="bbox 1334 2068 2361 2121; baseline -0.001 -15"><span class='ocrx_word' id='word_1_520' title='bbox 1334 2084 1388 2112; x_wconf 91' lang='grc' dir='ltr'><strong>νος</strong></span> <span class='ocrx_word' id='word_1_521' title='bbox 1404 2069 1457 2107; x_wconf 79' lang='grc' dir='ltr'><strong>ὅτι</strong></span> <span class='ocrx_word' id='word_1_522' title='bbox 1480 2068 1521 2116; x_wconf 79' lang='grc' dir='ltr'><strong>δὴ</strong></span> <span class='ocrx_word' id='word_1_523' title='bbox 1553 2069 1598 2108; x_wconf 82' lang='grc' dir='ltr'><strong>τὰ</strong></span> <span class='ocrx_word' id='word_1_524' title='bbox 1620 2069 1717 2121; x_wconf 81' lang='grc' dir='ltr'>παρὰ</span> <span class='ocrx_word' id='word_1_525' title='bbox 1740 2073 1802 2107; x_wconf 88' lang='grc' dir='ltr'><strong>τοῦ</strong></span> <span class='ocrx_word' id='word_1_526' title='bbox 1829 2070 1923 2107; x_wconf 89' lang='grc' dir='ltr'>Θεοῦ</span> <span class='ocrx_word' id='word_1_527' title='bbox 1954 2068 2046 2113; x_wconf 83' lang='grc' dir='ltr'>ἅπαξ</span> <span class='ocrx_word' id='word_1_528' title='bbox 2069 2071 2163 2120; x_wconf 82' lang='grc' dir='ltr'>αὐτῷ</span> <span class='ocrx_word' id='word_1_529' title='bbox 2183 2068 2361 2119; x_wconf 88' lang='grc' dir='ltr'>ἐπαγγελ-</span> 
     </span>
     <span class='ocr_line' id='line_1_76' title="bbox 1335 2128 2360 2181; baseline -0.003 -14"><span class='ocrx_word' id='word_1_530' title='bbox 1335 2130 1435 2168; x_wconf 80' lang='grc' dir='ltr'>θέντα</span> <span class='ocrx_word' id='word_1_531' title='bbox 1453 2129 1580 2180; x_wconf 66' lang='grc' dir='ltr'>βέὸαια</span> <span class='ocrx_word' id='word_1_532' title='bbox 1595 2129 1654 2167; x_wconf 79' lang='grc' dir='ltr'><strong>καὶ</strong></span> <span class='ocrx_word' id='word_1_533' title='bbox 1673 2129 1785 2180; x_wconf 81' lang='grc' dir='ltr'>πάγια</span> <span class='ocrx_word' id='word_1_534' title='bbox 1805 2129 1982 2181; x_wconf 76' lang='grc' dir='ltr'>τυγχάνει.</span> <span class='ocrx_word' id='word_1_535' title='bbox 2002 2129 2107 2167; x_wconf 80' lang='grc' dir='ltr'>Ἀλλὰ</span> <span class='ocrx_word' id='word_1_536' title='bbox 2128 2128 2220 2166; x_wconf 84' lang='grc' dir='ltr'>κατὰ</span> <span class='ocrx_word' id='word_1_537' title='bbox 2237 2128 2360 2181; x_wconf 79' lang='grc' dir='ltr'>μικρὸν</span> 
     </span>
     <span class='ocr_line' id='line_1_77' title="bbox 1334 2189 2360 2241; baseline -0.002 -14"><span class='ocrx_word' id='word_1_538' title='bbox 1334 2191 1473 2228; x_wconf 86' lang='grc' dir='ltr'>ἅπαντα</span> <span class='ocrx_word' id='word_1_539' title='bbox 1500 2190 1821 2241; x_wconf 77' lang='grc' dir='ltr'>διερευνησ(ι’&gt;μεθα,</span> <span class='ocrx_word' id='word_1_540' title='bbox 1841 2190 1883 2227; x_wconf 83' lang='grc' dir='ltr'><strong>ἵν’</strong></span> <span class='ocrx_word' id='word_1_541' title='bbox 1917 2189 2006 2227; x_wconf 77' lang='grc' dir='ltr'>οὕτω</span> <span class='ocrx_word' id='word_1_542' title='bbox 2027 2190 2192 2240; x_wconf 78' lang='grc' dir='ltr'>μάθωμεν</span> <span class='ocrx_word' id='word_1_543' title='bbox 2222 2189 2281 2226; x_wconf 89' lang='grc' dir='ltr'><strong>καὶ</strong></span> <span class='ocrx_word' id='word_1_544' title='bbox 2300 2193 2360 2226; x_wconf 89' lang='grc' dir='ltr'><strong>τοῦ</strong></span> 
     </span>
     <span class='ocr_line' id='line_1_78' title="bbox 1335 2248 2361 2302; baseline -0.003 -13"><span class='ocrx_word' id='word_1_545' title='bbox 1335 2254 1465 2301; x_wconf 82' lang='grc' dir='ltr'>ἀγαθοῦ</span> <span class='ocrx_word' id='word_1_546' title='bbox 1495 2253 1587 2289; x_wconf 85' lang='grc' dir='ltr'>Θεοῦ</span> <span class='ocrx_word' id='word_1_547' title='bbox 1620 2250 1683 2297; x_wconf 73' lang='grc' dir='ltr'><strong>τὴν</strong></span> <span class='ocrx_word' id='word_1_548' title='bbox 1713 2250 1912 2302; x_wconf 70' lang='grc' dir='ltr'>εὐμήχανον</span> <span class='ocrx_word' id='word_1_549' title='bbox 1940 2250 2075 2302; x_wconf 65' lang='grc' dir='ltr'>σοφίαν,</span> <span class='ocrx_word' id='word_1_550' title='bbox 2103 2250 2164 2288; x_wconf 81' lang='grc' dir='ltr'><strong>καὶ</strong></span> <span class='ocrx_word' id='word_1_551' title='bbox 2196 2248 2260 2295; x_wconf 73' lang='grc' dir='ltr'><strong>τὴν</strong></span> <span class='ocrx_word' id='word_1_552' title='bbox 2291 2265 2361 2296; x_wconf 81' lang='grc' dir='ltr'>κη-</span> 
     </span>
     <span class='ocr_line' id='line_1_79' title="bbox 1335 2310 2361 2364; baseline -0.001 -15"><span class='ocrx_word' id='word_1_553' title='bbox 1335 2311 1568 2362; x_wconf 77' lang='grc' dir='ltr'>δεμονίαν,ἢν</span> <span class='ocrx_word' id='word_1_554' title='bbox 1596 2311 1677 2364; x_wconf 80' lang='grc' dir='ltr'>περὶ</span> <span class='ocrx_word' id='word_1_555' title='bbox 1697 2310 1751 2348; x_wconf 79' lang='grc' dir='ltr'><strong>τὸν</strong></span> <span class='ocrx_word' id='word_1_556' title='bbox 1782 2311 1914 2348; x_wconf 78' lang='grc' dir='ltr'>δίκαιον</span> <span class='ocrx_word' id='word_1_557' title='bbox 1947 2311 2187 2357; x_wconf 79' lang='grc' dir='ltr'>ἐπεδείκνυτο,</span> <span class='ocrx_word' id='word_1_558' title='bbox 2209 2310 2268 2348; x_wconf 80' lang='grc' dir='ltr'><strong>καὶ</strong></span> <span class='ocrx_word' id='word_1_559' title='bbox 2300 2314 2361 2348; x_wconf 84' lang='grc' dir='ltr'><strong>τοῦ</strong></span> 
     </span>
     <span class='ocr_line' id='line_1_80' title="bbox 1334 2371 2361 2425; baseline -0.001 -15"><span class='ocrx_word' id='word_1_560' title='bbox 1334 2372 1554 2425; x_wconf 76' lang='grc' dir='ltr'>πατριάρχου</span> <span class='ocrx_word' id='word_1_561' title='bbox 1581 2372 1621 2410; x_wconf 79' lang='grc' dir='ltr'><strong>τὸ</strong></span> <span class='ocrx_word' id='word_1_562' title='bbox 1641 2372 1783 2424; x_wconf 78' lang='grc' dir='ltr'>φίλτρον</span> <span class='ocrx_word' id='word_1_563' title='bbox 1809 2372 1848 2409; x_wconf 75' lang='grc' dir='ltr'><strong>τὸ</strong></span> <span class='ocrx_word' id='word_1_564' title='bbox 1876 2372 1956 2423; x_wconf 80' lang='grc' dir='ltr'>περὶ</span> <span class='ocrx_word' id='word_1_565' title='bbox 1986 2373 2044 2410; x_wconf 80' lang='grc' dir='ltr'><strong>τὸν</strong></span> <span class='ocrx_word' id='word_1_566' title='bbox 2075 2371 2269 2417; x_wconf 84' lang='grc' dir='ltr'>Δεσπότην.</span> <span class='ocrx_word' id='word_1_567' title='bbox 2291 2371 2361 2410; x_wconf 75' lang='grc' dir='ltr'><strong>Καὶ</strong></span> 
     </span>
     <span class='ocr_line' id='line_1_81' title="bbox 1335 2431 2360 2485; baseline -0.002 -15"><span class='ocrx_word' id='word_1_568' title='bbox 1335 2432 1452 2485; x_wconf 63' lang='grc' dir='ltr'>ὤφθη,</span> <span class='ocrx_word' id='word_1_569' title='bbox 1473 2448 1576 2484; x_wconf 59' lang='lat' dir='ltr'><strong>(proi,</strong></span> <span class='ocrx_word' id='word_1_570' title='bbox 1593 2432 1720 2484; x_wconf 83' lang='grc' dir='ltr'>Κύριος</span> <span class='ocrx_word' id='word_1_571' title='bbox 1741 2437 1758 2472; x_wconf 82' lang='grc' dir='ltr'>ὁ</span> <span class='ocrx_word' id='word_1_572' title='bbox 1777 2434 1866 2476; x_wconf 86' lang='grc' dir='ltr'>Θεὸς</span> <span class='ocrx_word' id='word_1_573' title='bbox 1891 2437 1941 2485; x_wconf 72' lang='grc' dir='ltr'><strong>τῷ</strong></span> <span class='ocrx_word' id='word_1_574' title='bbox 1957 2433 2108 2484; x_wconf 66' lang='grc' dir='ltr'>Ἄδραμ.</span> <span class='ocrx_word' id='word_1_575' title='bbox 2135 2434 2219 2476; x_wconf 81' lang='grc' dir='ltr'><strong>Πῶς</strong></span> <span class='ocrx_word' id='word_1_576' title='bbox 2243 2431 2360 2484; x_wconf 48' lang='grc' dir='ltr'>ὤφθη</span> 
     </span>
     <span class='ocr_line' id='line_1_82' title="bbox 1336 2493 2360 2545; baseline -0.001 -14"><span class='ocrx_word' id='word_1_577' title='bbox 1336 2493 1397 2538; x_wconf 77' lang='grc' dir='ltr'><strong>Ὡς</strong></span> <span class='ocrx_word' id='word_1_578' title='bbox 1426 2495 1491 2533; x_wconf 81' lang='grc' dir='ltr'><strong>αὐτ</strong></span> <span class='ocrx_word' id='word_1_579' title='bbox 1494 2511 1528 2538; x_wconf 91' lang='grc' dir='ltr'><strong>ος</strong></span> <span class='ocrx_word' id='word_1_580' title='bbox 1557 2498 1574 2533; x_wconf 83' lang='grc' dir='ltr'>ὁ</span> <span class='ocrx_word' id='word_1_581' title='bbox 1598 2495 1688 2537; x_wconf 86' lang='grc' dir='ltr'>Θεος</span> <span class='ocrx_word' id='word_1_582' title='bbox 1718 2494 1820 2545; x_wconf 87' lang='grc' dir='ltr'>μόνος</span> <span class='ocrx_word' id='word_1_583' title='bbox 1853 2496 1941 2542; x_wconf 83' lang='grc' dir='ltr'>οἰοε,</span> <span class='ocrx_word' id='word_1_584' title='bbox 1961 2495 2021 2533; x_wconf 86' lang='grc' dir='ltr'><strong>καὶ</strong></span> <span class='ocrx_word' id='word_1_585' title='bbox 2047 2497 2092 2538; x_wconf 82' lang='grc' dir='ltr'><strong>ὡς</strong></span> <span class='ocrx_word' id='word_1_586' title='bbox 2117 2497 2244 2538; x_wconf 86' lang='grc' dir='ltr'>ἐκεῖνος</span> <span class='ocrx_word' id='word_1_587' title='bbox 2278 2494 2360 2532; x_wconf 79' lang='grc' dir='ltr'><strong>ἰδεῖν</strong></span> 
     </span>
     <span class='ocr_line' id='line_1_83' title="bbox 1336 2555 2360 2608; baseline -0.002 -13.99"><span class='ocrx_word' id='word_1_588' title='bbox 1336 2555 1496 2601; x_wconf 79' lang='grc' dir='ltr'>ἦούνατο.</span> <span class='ocrx_word' id='word_1_589' title='bbox 1519 2557 1571 2594; x_wconf 84' lang='grc' dir='ltr'><strong>Οὐ</strong></span> <span class='ocrx_word' id='word_1_590' title='bbox 1595 2571 1661 2608; x_wconf 86' lang='grc' dir='ltr'><strong>γαρ</strong></span> <span class='ocrx_word' id='word_1_591' title='bbox 1681 2555 1840 2606; x_wconf 81' lang='grc' dir='ltr'>παύομαι</span> <span class='ocrx_word' id='word_1_592' title='bbox 1863 2561 1965 2594; x_wconf 76' lang='grc' dir='ltr'>τουτο</span> <span class='ocrx_word' id='word_1_593' title='bbox 1990 2556 2116 2607; x_wconf 82' lang='grc' dir='ltr'>λέγων,</span> <span class='ocrx_word' id='word_1_594' title='bbox 2138 2555 2195 2593; x_wconf 78' lang='grc' dir='ltr'><strong>τὸν</strong></span> <span class='ocrx_word' id='word_1_595' title='bbox 2216 2555 2251 2593; x_wconf 82' lang='grc' dir='ltr'><strong>δὲ</strong></span> <span class='ocrx_word' id='word_1_596' title='bbox 2275 2555 2360 2606; x_wconf 87' lang='grc' dir='ltr'>τρό-</span> 
     </span>
    </p>
   </div>
   <div class='ocr_carea' id='block_1_8' title="bbox 313 2612 2361 2731">
    <p class='ocr_par' dir='ltr' id='par_1_8' title="bbox 313 2612 2361 2731">
     <span class='ocr_line' id='line_1_84' title="bbox 314 2612 2361 2669; baseline -0.009 -13"><span class='ocrx_word' id='word_1_597' title='bbox 314 2618 421 2657; x_wconf 88' lang='lat' dir='ltr'><strong>modo</strong></span> <span class='ocrx_word' id='word_1_598' title='bbox 441 2633 463 2656; x_wconf 66' lang='lat' dir='ltr'>x</span> <span class='ocrx_word' id='word_1_599' title='bbox 467 2619 540 2656; x_wconf 87' lang='lat' dir='ltr'><strong>isus</strong></span> <span class='ocrx_word' id='word_1_600' title='bbox 567 2618 646 2655; x_wconf 77' lang='lat' dir='ltr'><strong>est?</strong></span> <span class='ocrx_word' id='word_1_601' title='bbox 675 2616 777 2654; x_wconf 85' lang='lat' dir='ltr'><strong>Sicut</strong></span> <span class='ocrx_word' id='word_1_602' title='bbox 799 2615 873 2667; x_wconf 90' lang='lat' dir='ltr'><strong>ipse</strong></span> <span class='ocrx_word' id='word_1_603' title='bbox 889 2615 987 2652; x_wconf 85' lang='lat' dir='ltr'><strong>Deus</strong></span> <span class='ocrx_word' id='word_1_604' title='bbox 1012 2613 1109 2651; x_wconf 89' lang='lat' dir='ltr'><strong>solus</strong></span> <span class='ocrx_word' id='word_1_605' title='bbox 1126 2612 1206 2659; x_wconf 82' lang='lat' dir='ltr'><strong>scit,</strong></span> <span class='ocrx_word' id='word_1_606' title='bbox 1232 2620 1263 2649; x_wconf 87' lang='lat' dir='ltr'><strong>et</strong></span> <span class='ocrx_word' id='word_1_607' title='bbox 1276 2644 1324 2669; x_wconf 52' lang='lat'><strong>329</strong></span> <span class='ocrx_word' id='word_1_608' title='bbox 1337 2633 1400 2655; x_wconf 51' lang='grc' dir='ltr'><strong>πο)</strong></span> <span class='ocrx_word' id='word_1_609' title='bbox 1419 2618 1547 2668; x_wconf 55' lang='grc' dir='ltr'>ἀγνοω-</span> <span class='ocrx_word' id='word_1_610' title='bbox 1565 2616 1679 2655; x_wconf 69' lang='grc' dir='ltr'>ἀκούω</span> <span class='ocrx_word' id='word_1_611' title='bbox 1701 2617 1735 2654; x_wconf 67' lang='grc' dir='ltr'><strong>δὲ</strong></span> <span class='ocrx_word' id='word_1_612' title='bbox 1751 2632 1853 2667; x_wconf 61' lang='grc' dir='ltr'>μονον</span> <span class='ocrx_word' id='word_1_613' title='bbox 1871 2621 1933 2664; x_wconf 68' lang='grc' dir='ltr'><strong>..ἧς</strong></span> <span class='ocrx_word' id='word_1_614' title='bbox 1951 2619 1979 2655; x_wconf 86' lang='lat'>1</span> <span class='ocrx_word' id='word_1_615' title='bbox 1983 2631 2050 2669; x_wconf 58' lang='lat' dir='ltr'><strong>faut?</strong></span> <span class='ocrx_word' id='word_1_616' title='bbox 2053 2619 2093 2661; x_wconf 45' lang='grc' dir='ltr'><strong>ας</strong></span> <span class='ocrx_word' id='word_1_617' title='bbox 2111 2615 2328 2666; x_wconf 58' lang='grc' dir='ltr'>λεγούσης,σ</span> <span class='ocrx_word' id='word_1_618' title='bbox 2308 2631 2361 2653; x_wconf 76' lang='lat'><strong>0..</strong></span> 
     </span>
     <span class='ocr_line' id='line_1_85' title="bbox 313 2671 2360 2731; baseline -0.007 -14"><span class='ocrx_word' id='word_1_619' title='bbox 313 2680 374 2717; x_wconf 90' lang='lat' dir='ltr'><strong>ille</strong></span> <span class='ocrx_word' id='word_1_620' title='bbox 389 2678 512 2717; x_wconf 75' lang='lat' dir='ltr'><strong>videm</strong></span> <span class='ocrx_word' id='word_1_621' title='bbox 528 2678 655 2731; x_wconf 85' lang='lat' dir='ltr'><strong>potuit.</strong></span> <span class='ocrx_word' id='word_1_622' title='bbox 668 2679 746 2716; x_wconf 84' lang='lat' dir='ltr'><strong>Non</strong></span> <span class='ocrx_word' id='word_1_623' title='bbox 765 2676 860 2714; x_wconf 90' lang='lat' dir='ltr'><strong>enim</strong></span> <span class='ocrx_word' id='word_1_624' title='bbox 871 2675 941 2713; x_wconf 90' lang='lat' dir='ltr'><strong>hoc</strong></span> <span class='ocrx_word' id='word_1_625' title='bbox 957 2674 1076 2712; x_wconf 90' lang='lat' dir='ltr'><strong>dicere</strong></span> <span class='ocrx_word' id='word_1_626' title='bbox 1088 2672 1262 2723; x_wconf 76' lang='lat' dir='ltr'><strong>desinam,</strong></span> <span class='ocrx_word' id='word_1_627' title='bbox 1289 2682 1314 2710; x_wconf 80' lang='grc' dir='ltr'>Α</span> <span class='ocrx_word' id='word_1_628' title='bbox 1338 2676 1457 2729; x_wconf 39' lang='lat' dir='ltr'><strong>&#39;‘apo-rt</strong></span> <span class='ocrx_word' id='word_1_629' title='bbox 1476 2676 1631 2729; x_wconf 68' lang='grc' dir='ltr'>Κύριος</span> <span class='ocrx_word' id='word_1_630' title='bbox 1619 2692 1636 2716; x_wconf 84' lang='lat'>0</span> <span class='ocrx_word' id='word_1_631' title='bbox 1653 2677 1740 2722; x_wconf 65' lang='grc' dir='ltr'>Θεος</span> <span class='ocrx_word' id='word_1_632' title='bbox 1756 2681 1804 2715; x_wconf 66' lang='grc' dir='ltr'><strong>τῶ</strong></span> <span class='ocrx_word' id='word_1_633' title='bbox 1823 2677 1981 2730; x_wconf 64' lang='grc' dir='ltr'>Ἄεραμ</span> <span class='ocrx_word' id='word_1_634' title='bbox 1997 2677 2056 2715; x_wconf 59' lang='grc' dir='ltr'><strong>χαὶ</strong></span> <span class='ocrx_word' id='word_1_635' title='bbox 2074 2671 2166 2714; x_wconf 68' lang='grc' dir='ltr'>εἶπεν</span> <span class='ocrx_word' id='word_1_636' title='bbox 2183 2679 2296 2714; x_wconf 72' lang='grc' dir='ltr'>αὖ-ῶ-</span> <span class='ocrx_word' id='word_1_637' title='bbox 2311 2678 2360 2713; x_wconf 67' lang='grc' dir='ltr'><strong>τῶ</strong></span> 
     </span>
    </p>
   </div>
   <div class='ocr_carea' id='block_1_9' title="bbox 307 2734 1265 3336">
    <p class='ocr_par' dir='ltr' id='par_1_9' title="bbox 307 2734 1265 3336">
     <span class='ocr_line' id='line_1_86' title="bbox 315 2734 1265 2792; baseline -0.008 -13"><span class='ocrx_word' id='word_1_638' title='bbox 315 2740 605 2792; x_wconf 85' lang='lat' dir='ltr'><strong>quandoquidem</strong></span> <span class='ocrx_word' id='word_1_639' title='bbox 620 2738 793 2777; x_wconf 91' lang='lat' dir='ltr'><strong>modum</strong></span> <span class='ocrx_word' id='word_1_640' title='bbox 785 2751 936 2789; x_wconf 79' lang='lat' dir='ltr'><strong>ignoro:</strong></span> <span class='ocrx_word' id='word_1_641' title='bbox 959 2734 1067 2773; x_wconf 82' lang='lat' dir='ltr'><strong>audio</strong></span> <span class='ocrx_word' id='word_1_642' title='bbox 1092 2734 1188 2773; x_wconf 89' lang='lat' dir='ltr'><strong>enim</strong></span> <span class='ocrx_word' id='word_1_643' title='bbox 1203 2748 1265 2772; x_wconf 92' lang='lat' dir='ltr'><strong>so-</strong></span> 
     </span>
     <span class='ocr_line' id='line_1_87' title="bbox 315 2796 1264 2853; baseline -0.006 -15"><span class='ocrx_word' id='word_1_644' title='bbox 315 2803 391 2839; x_wconf 89' lang='lat' dir='ltr'><strong>lum</strong></span> <span class='ocrx_word' id='word_1_645' title='bbox 407 2802 630 2853; x_wconf 79' lang='lat' dir='ltr'><strong>Scripturam</strong></span> <span class='ocrx_word' id='word_1_646' title='bbox 645 2799 843 2837; x_wconf 87' lang='lat' dir='ltr'><strong>dicentem:</strong></span> <span class='ocrx_word' id='word_1_647' title='bbox 862 2799 914 2836; x_wconf 83' lang='lat' dir='ltr'><strong>Et</strong></span> <span class='ocrx_word' id='word_1_648' title='bbox 935 2799 1045 2835; x_wconf 82' lang='lat' dir='ltr'><strong>visus</strong></span> <span class='ocrx_word' id='word_1_649' title='bbox 1060 2804 1115 2834; x_wconf 82' lang='lat' dir='ltr'><strong>est</strong></span> <span class='ocrx_word' id='word_1_650' title='bbox 1129 2796 1264 2833; x_wconf 90' lang='lat' dir='ltr'><strong>Domi-</strong></span> 
     </span>
     <span class='ocr_line' id='line_1_88' title="bbox 317 2857 1262 2907; baseline -0.008 -7"><span class='ocrx_word' id='word_1_651' title='bbox 317 2877 387 2900; x_wconf 86' lang='lat' dir='ltr'><strong>nus</strong></span> <span class='ocrx_word' id='word_1_652' title='bbox 408 2864 514 2900; x_wconf 85' lang='lat' dir='ltr'><strong>Deus</strong></span> <span class='ocrx_word' id='word_1_653' title='bbox 532 2863 665 2907; x_wconf 79' lang='lat' dir='ltr'><strong>Ahroe,</strong></span> <span class='ocrx_word' id='word_1_654' title='bbox 684 2869 719 2898; x_wconf 82' lang='lat' dir='ltr'><strong>et</strong></span> <span class='ocrx_word' id='word_1_655' title='bbox 733 2861 835 2898; x_wconf 71' lang='lat' dir='ltr'><strong>dixit</strong></span> <span class='ocrx_word' id='word_1_656' title='bbox 850 2861 884 2896; x_wconf 86' lang='lat' dir='ltr'><strong>ei</strong></span> <span class='ocrx_word' id='word_1_657' title='bbox 901 2874 908 2894; x_wconf 92' lang='lat'><strong>:</strong></span> <span class='ocrx_word' id='word_1_658' title='bbox 928 2858 1073 2896; x_wconf 85' lang='lat' dir='ltr'><strong>Semini</strong></span> <span class='ocrx_word' id='word_1_659' title='bbox 1083 2865 1147 2894; x_wconf 86' lang='lat' dir='ltr'><strong>tuo</strong></span> <span class='ocrx_word' id='word_1_660' title='bbox 1159 2857 1262 2893; x_wconf 81' lang='lat' dir='ltr'><strong>dabo</strong></span> 
     </span>
     <span class='ocr_line' id='line_1_89' title="bbox 314 2916 1261 2971; baseline -0.01 -10"><span class='ocrx_word' id='word_1_661' title='bbox 314 2933 457 2962; x_wconf 72' lang='lat' dir='ltr'><strong>terram</strong></span> <span class='ocrx_word' id='word_1_662' title='bbox 490 2925 603 2961; x_wconf 82' lang='lat' dir='ltr'><strong>hanc.</strong></span> <span class='ocrx_word' id='word_1_663' title='bbox 637 2924 814 2960; x_wconf 86' lang='lat' dir='ltr'><strong>Memorcs</strong></span> <span class='ocrx_word' id='word_1_664' title='bbox 847 2929 956 2958; x_wconf 85' lang='lat' dir='ltr'><strong>estote</strong></span> <span class='ocrx_word' id='word_1_665' title='bbox 985 2916 1261 2971; x_wconf 87' lang='lat' dir='ltr'><strong>promissionum</strong></span> 
     </span>
     <span class='ocr_line' id='line_1_90' title="bbox 312 2977 1261 3035; baseline -0.008 -14"><span class='ocrx_word' id='word_1_666' title='bbox 312 2999 390 3035; x_wconf 82' lang='lat' dir='ltr'><strong>quae</strong></span> <span class='ocrx_word' id='word_1_667' title='bbox 409 2998 428 3021; x_wconf 85' lang='lat' dir='ltr'><strong>a</strong></span> <span class='ocrx_word' id='word_1_668' title='bbox 445 2985 520 3021; x_wconf 89' lang='lat' dir='ltr'><strong>Deo</strong></span> <span class='ocrx_word' id='word_1_669' title='bbox 538 2984 637 3020; x_wconf 68' lang='lat' dir='ltr'><strong>factm</strong></span> <span class='ocrx_word' id='word_1_670' title='bbox 652 2991 748 3032; x_wconf 82' lang='lat' dir='ltr'><strong>sunt,</strong></span> <span class='ocrx_word' id='word_1_671' title='bbox 770 2991 809 3019; x_wconf 89' lang='lat' dir='ltr'><strong>ut</strong></span> <span class='ocrx_word' id='word_1_672' title='bbox 829 2995 910 3019; x_wconf 87' lang='lat' dir='ltr'><strong>eum</strong></span> <span class='ocrx_word' id='word_1_673' title='bbox 925 2978 1111 3017; x_wconf 88' lang='lat' dir='ltr'><strong>audieritis</strong></span> <span class='ocrx_word' id='word_1_674' title='bbox 1123 2977 1261 3030; x_wconf 84' lang='lat' dir='ltr'><strong>justum</strong></span> 
     </span>
     <span class='ocr_line' id='line_1_91' title="bbox 312 3038 1261 3096; baseline -0.009 -13"><span class='ocrx_word' id='word_1_675' title='bbox 312 3045 420 3084; x_wconf 81' lang='lat' dir='ltr'><strong>variis</strong></span> <span class='ocrx_word' id='word_1_676' title='bbox 437 3044 576 3082; x_wconf 78' lang='lat' dir='ltr'><strong>casibus</strong></span> <span class='ocrx_word' id='word_1_677' title='bbox 593 3043 736 3096; x_wconf 73' lang='lat' dir='ltr'><strong>jactari,</strong></span> <span class='ocrx_word' id='word_1_678' title='bbox 753 3042 900 3080; x_wconf 85' lang='lat' dir='ltr'><strong>discatis</strong></span> <span class='ocrx_word' id='word_1_679' title='bbox 915 3048 1045 3092; x_wconf 80' lang='lat' dir='ltr'><strong>quanta</strong></span> <span class='ocrx_word' id='word_1_680' title='bbox 1061 3038 1167 3076; x_wconf 87' lang='lat' dir='ltr'><strong>fuerit</strong></span> <span class='ocrx_word' id='word_1_681' title='bbox 1183 3038 1261 3090; x_wconf 84' lang='lat' dir='ltr'><strong>phi-</strong></span> 
     </span>
     <span class='ocr_line' id='line_1_92' title="bbox 311 3099 1259 3158; baseline -0.007 -15"><span class='ocrx_word' id='word_1_682' title='bbox 311 3106 472 3158; x_wconf 79' lang='lat' dir='ltr'><strong>losophia</strong></span> <span class='ocrx_word' id='word_1_683' title='bbox 504 3105 676 3142; x_wconf 84' lang='lat' dir='ltr'><strong>instructu</strong></span> <span class='ocrx_word' id='word_1_684' title='bbox 686 3119 709 3150; x_wconf 85' lang='grc'>-’,</span> <span class='ocrx_word' id='word_1_685' title='bbox 747 3117 855 3154; x_wconf 89' lang='lat' dir='ltr'><strong>quam</strong></span> <span class='ocrx_word' id='word_1_686' title='bbox 892 3101 1005 3140; x_wconf 85' lang='lat' dir='ltr'><strong>solida</strong></span> <span class='ocrx_word' id='word_1_687' title='bbox 1037 3099 1259 3147; x_wconf 84' lang='lat' dir='ltr'><strong>fortitudine,</strong></span> 
     </span>
     <span class='ocr_line' id='line_1_93' title="bbox 310 3161 1258 3218; baseline -0.005 -15"><span class='ocrx_word' id='word_1_688' title='bbox 310 3181 417 3218; x_wconf 83' lang='lat' dir='ltr'><strong>quam</strong></span> <span class='ocrx_word' id='word_1_689' title='bbox 439 3166 582 3203; x_wconf 80' lang='lat' dir='ltr'><strong>sirmoet</strong></span> <span class='ocrx_word' id='word_1_690' title='bbox 605 3165 756 3202; x_wconf 87' lang='lat' dir='ltr'><strong>immoto</strong></span> <span class='ocrx_word' id='word_1_691' title='bbox 770 3165 804 3202; x_wconf 91' lang='lat' dir='ltr'><strong>in</strong></span> <span class='ocrx_word' id='word_1_692' title='bbox 823 3163 931 3201; x_wconf 87' lang='lat' dir='ltr'><strong>deum</strong></span> <span class='ocrx_word' id='word_1_693' title='bbox 951 3176 1082 3210; x_wconf 89' lang='lat' dir='ltr'><strong>amore,</strong></span> <span class='ocrx_word' id='word_1_694' title='bbox 1101 3170 1133 3199; x_wconf 90' lang='lat' dir='ltr'><strong>et</strong></span> <span class='ocrx_word' id='word_1_695' title='bbox 1154 3176 1198 3199; x_wconf 85' lang='lat' dir='ltr'><strong>ex</strong></span> <span class='ocrx_word' id='word_1_696' title='bbox 1215 3161 1258 3199; x_wconf 80' lang='lat' dir='ltr'><strong>iis</strong></span> 
     </span>
     <span class='ocr_line' id='line_1_94' title="bbox 309 3222 1254 3279; baseline -0.006 -14"><span class='ocrx_word' id='word_1_697' title='bbox 309 3227 494 3279; x_wconf 74' lang='lat' dir='ltr'><strong>quaejusto</strong></span> <span class='ocrx_word' id='word_1_698' title='bbox 510 3226 562 3263; x_wconf 89' lang='lat' dir='ltr'><strong>illi</strong></span> <span class='ocrx_word' id='word_1_699' title='bbox 583 3226 818 3275; x_wconf 80' lang='lat' dir='ltr'><strong>contigerunt,</strong></span> <span class='ocrx_word' id='word_1_700' title='bbox 829 3222 1054 3272; x_wconf 87' lang='lat' dir='ltr'><strong>erudiamiui,</strong></span> <span class='ocrx_word' id='word_1_701' title='bbox 1075 3231 1169 3260; x_wconf 84' lang='lat' dir='ltr'><strong>utne</strong></span> <span class='ocrx_word' id='word_1_702' title='bbox 1179 3222 1254 3260; x_wconf 80' lang='lat' dir='ltr'><strong>exi-</strong></span> 
     </span>
     <span class='ocr_line' id='line_1_95' title="bbox 307 3282 1254 3336; baseline -0.005 -10"><span class='ocrx_word' id='word_1_703' title='bbox 307 3287 472 3336; x_wconf 69' lang='lat' dir='ltr'><strong>sumetis,</strong></span> <span class='ocrx_word' id='word_1_704' title='bbox 487 3301 565 3324; x_wconf 79' lang='lat' dir='ltr'><strong>eum</strong></span> <span class='ocrx_word' id='word_1_705' title='bbox 586 3286 796 3324; x_wconf 84' lang='lat' dir='ltr'><strong>derelictum</strong></span> <span class='ocrx_word' id='word_1_706' title='bbox 815 3299 888 3324; x_wconf 85' lang='lat' dir='ltr'><strong>esse</strong></span> <span class='ocrx_word' id='word_1_707' title='bbox 907 3299 924 3321; x_wconf 86' lang='lat' dir='ltr'><strong>a</strong></span> <span class='ocrx_word' id='word_1_708' title='bbox 947 3285 1036 3331; x_wconf 88' lang='lat' dir='ltr'><strong>Deo,</strong></span> <span class='ocrx_word' id='word_1_709' title='bbox 1060 3284 1088 3321; x_wconf 81' lang='lat' dir='ltr'><strong>si</strong></span> <span class='ocrx_word' id='word_1_710' title='bbox 1110 3282 1254 3334; x_wconf 81' lang='lat' dir='ltr'><strong>quando</strong></span> 
     </span>
    </p>
   </div>
   <div class='ocr_carea' id='block_1_10' title="bbox 105 3351 1252 3407">
    <p class='ocr_par' dir='ltr' id='par_1_10' title="bbox 105 3351 1252 3407">
     <span class='ocr_line' id='line_1_96' title="bbox 105 3351 1252 3407; baseline -0.01 -9"><span class='ocrx_word' id='word_1_711' title='bbox 105 3378 242 3400; x_wconf 62' lang='lat' dir='ltr'><strong>sciuntur</strong></span> <span class='ocrx_word' id='word_1_712' title='bbox 278 3382 291 3399; x_wconf 74' lang='lat' dir='ltr'><strong>a</strong></span> <span class='ocrx_word' id='word_1_713' title='bbox 305 3354 468 3396; x_wconf 75' lang='lat' dir='ltr'><strong>videritis</strong></span> <span class='ocrx_word' id='word_1_714' title='bbox 484 3354 635 3407; x_wconf 87' lang='lat' dir='ltr'><strong>probum</strong></span> <span class='ocrx_word' id='word_1_715' title='bbox 648 3353 803 3404; x_wconf 73' lang='lat' dir='ltr'><strong>iliquem</strong></span> <span class='ocrx_word' id='word_1_716' title='bbox 822 3351 1074 3391; x_wconf 81' lang='lat' dir='ltr'><strong>tentationibus</strong></span> <span class='ocrx_word' id='word_1_717' title='bbox 1096 3366 1117 3390; x_wconf 72' lang='lat' dir='ltr'><strong>v</strong></span> <span class='ocrx_word' id='word_1_718' title='bbox 1124 3351 1154 3389; x_wconf 89' lang='lat' dir='ltr'><strong>cl</strong></span> <span class='ocrx_word' id='word_1_719' title='bbox 1171 3351 1252 3389; x_wconf 77' lang='lat' dir='ltr'><strong>aliis</strong></span> 
     </span>
    </p>
   </div>
   <div class='ocr_carea' id='block_1_11' title="bbox 1328 2737 2361 3403">
    <p class='ocr_par' dir='ltr' id='par_1_11' title="bbox 1328 2737 2361 3403">
     <span class='ocr_line' id='line_1_97' title="bbox 1337 2737 2360 2791; baseline -0.001 -15"><span class='ocrx_word' id='word_1_720' title='bbox 1337 2737 1513 2790; x_wconf 83' lang='grc' dir='ltr'>σπέρματί</span> <span class='ocrx_word' id='word_1_721' title='bbox 1539 2753 1598 2775; x_wconf 93' lang='grc' dir='ltr'><strong>σου</strong></span> <span class='ocrx_word' id='word_1_722' title='bbox 1623 2737 1724 2776; x_wconf 82' lang='grc' dir='ltr'>δώσω</span> <span class='ocrx_word' id='word_1_723' title='bbox 1746 2739 1808 2786; x_wconf 80' lang='grc' dir='ltr'><strong>τὴν</strong></span> <span class='ocrx_word' id='word_1_724' title='bbox 1837 2743 1902 2790; x_wconf 77' lang='grc' dir='ltr'><strong>γῆν</strong></span> <span class='ocrx_word' id='word_1_725' title='bbox 1921 2738 2062 2785; x_wconf 82' lang='grc' dir='ltr'>ταύτην.</span> <span class='ocrx_word' id='word_1_726' title='bbox 2083 2737 2251 2791; x_wconf 70' lang='grc' dir='ltr'>Ἆκριὸῶς</span> <span class='ocrx_word' id='word_1_727' title='bbox 2272 2752 2360 2787; x_wconf 88' lang='grc' dir='ltr'>μνη-</span> 
     </span>
     <span class='ocr_line' id='line_1_98' title="bbox 1339 2776 2361 2853; baseline -0.001 -17"><span class='ocrx_word' id='word_1_728' title='bbox 1339 2776 1499 2849; x_wconf 64' lang='grc' dir='ltr'>μονεῦετε</span> <span class='ocrx_word' id='word_1_729' title='bbox 1518 2802 1587 2837; x_wconf 85' lang='grc' dir='ltr'><strong>τῶν</strong></span> <span class='ocrx_word' id='word_1_730' title='bbox 1603 2799 1701 2853; x_wconf 81' lang='grc' dir='ltr'>παρὰ</span> <span class='ocrx_word' id='word_1_731' title='bbox 1722 2805 1781 2839; x_wconf 86' lang='grc' dir='ltr'><strong>τοῦ</strong></span> <span class='ocrx_word' id='word_1_732' title='bbox 1802 2801 1893 2839; x_wconf 85' lang='grc' dir='ltr'>Θεοῦ</span> <span class='ocrx_word' id='word_1_733' title='bbox 1912 2799 2137 2852; x_wconf 75' lang='grc' dir='ltr'>ὑποσχέσεων</span> <span class='ocrx_word' id='word_1_734' title='bbox 2156 2798 2361 2850; x_wconf 83' lang='grc' dir='ltr'>γινομένων,</span> 
     </span>
     <span class='ocr_line' id='line_1_99' title="bbox 1335 2859 2360 2914; baseline 0 -17"><span class='ocrx_word' id='word_1_735' title='bbox 1335 2859 1377 2897; x_wconf 78' lang='grc' dir='ltr'><strong>ἵν’</strong></span> <span class='ocrx_word' id='word_1_736' title='bbox 1397 2860 1478 2898; x_wconf 78' lang='grc' dir='ltr'>ὅταν</span> <span class='ocrx_word' id='word_1_737' title='bbox 1497 2860 1592 2907; x_wconf 70' lang='grc' dir='ltr'>ἴδητε</span> <span class='ocrx_word' id='word_1_738' title='bbox 1613 2861 1787 2914; x_wconf 63' lang='grc' dir='ltr'>διαφόροις</span> <span class='ocrx_word' id='word_1_739' title='bbox 1816 2861 2040 2914; x_wconf 80' lang='grc' dir='ltr'>περιστάσεσι</span> <span class='ocrx_word' id='word_1_740' title='bbox 2067 2861 2125 2899; x_wconf 80' lang='grc' dir='ltr'><strong>τὸν</strong></span> <span class='ocrx_word' id='word_1_741' title='bbox 2144 2859 2275 2898; x_wconf 85' lang='grc' dir='ltr'>δίκαιον</span> <span class='ocrx_word' id='word_1_742' title='bbox 2294 2875 2360 2897; x_wconf 86' lang='grc' dir='ltr'><strong>πε-</strong></span> 
     </span>
     <span class='ocr_line' id='line_1_100' title="bbox 1337 2922 2358 2975; baseline 0 -17"><span class='ocrx_word' id='word_1_743' title='bbox 1337 2922 1561 2972; x_wconf 84' lang='grc' dir='ltr'>ριπίπτοντα,</span> <span class='ocrx_word' id='word_1_744' title='bbox 1583 2924 1716 2973; x_wconf 86' lang='grc' dir='ltr'>μάθητε</span> <span class='ocrx_word' id='word_1_745' title='bbox 1738 2926 1842 2961; x_wconf 84' lang='grc' dir='ltr'>αὐτοῦ</span> <span class='ocrx_word' id='word_1_746' title='bbox 1867 2927 1928 2970; x_wconf 70' lang='grc' dir='ltr'><strong>τῆς</strong></span> <span class='ocrx_word' id='word_1_747' title='bbox 1961 2922 2164 2975; x_wconf 75' lang='grc' dir='ltr'>φιλοσοφίας</span> <span class='ocrx_word' id='word_1_748' title='bbox 2193 2922 2256 2969; x_wconf 72' lang='grc' dir='ltr'><strong>τὴν</strong></span> <span class='ocrx_word' id='word_1_749' title='bbox 2275 2937 2358 2974; x_wconf 83' lang='grc' dir='ltr'>περ·</span> 
     </span>
     <span class='ocr_line' id='line_1_101' title="bbox 1335 2981 2358 3036; baseline -0.001 -16"><span class='ocrx_word' id='word_1_750' title='bbox 1335 2981 1453 3030; x_wconf 69' lang='grc' dir='ltr'>ὃολὴν,</span> <span class='ocrx_word' id='word_1_751' title='bbox 1469 2985 1526 3021; x_wconf 81' lang='grc' dir='ltr'><strong>καὶ</strong></span> <span class='ocrx_word' id='word_1_752' title='bbox 1544 2986 1607 3030; x_wconf 69' lang='grc' dir='ltr'><strong>τῆς</strong></span> <span class='ocrx_word' id='word_1_753' title='bbox 1624 2984 1780 3036; x_wconf 78' lang='grc' dir='ltr'>ἀνδρείας</span> <span class='ocrx_word' id='word_1_754' title='bbox 1803 2984 1842 3022; x_wconf 80' lang='grc' dir='ltr'><strong>τὸ</strong></span> <span class='ocrx_word' id='word_1_755' title='bbox 1865 2985 2018 3035; x_wconf 77' lang='grc' dir='ltr'>στεῤῥὸν,</span> <span class='ocrx_word' id='word_1_756' title='bbox 2031 2983 2089 3021; x_wconf 87' lang='grc' dir='ltr'><strong>καὶ</strong></span> <span class='ocrx_word' id='word_1_757' title='bbox 2115 2988 2174 3022; x_wconf 88' lang='grc' dir='ltr'><strong>τοῦ</strong></span> <span class='ocrx_word' id='word_1_758' title='bbox 2198 2982 2279 3035; x_wconf 78' lang='grc' dir='ltr'>περὶ</span> <span class='ocrx_word' id='word_1_759' title='bbox 2299 2983 2358 3020; x_wconf 84' lang='grc' dir='ltr'><strong>τὸν</strong></span> 
     </span>
     <span class='ocr_line' id='line_1_102' title="bbox 1333 3043 2357 3118; baseline -0.002 -37"><span class='ocrx_word' id='word_1_760' title='bbox 1333 3043 1422 3081; x_wconf 89' lang='grc' dir='ltr'>Θεον</span> <span class='ocrx_word' id='word_1_761' title='bbox 1443 3044 1586 3118; x_wconf 75' lang='grc' dir='ltr'>φίλτρου</span> <span class='ocrx_word' id='word_1_762' title='bbox 1610 3045 1649 3082; x_wconf 83' lang='grc' dir='ltr'><strong>τὸ</strong></span> <span class='ocrx_word' id='word_1_763' title='bbox 1667 3047 1704 3095; x_wconf 88' lang='grc' dir='ltr'><strong>βε</strong></span> <span class='ocrx_word' id='word_1_764' title='bbox 1698 3044 1806 3083; x_wconf 66' lang='grc' dir='ltr'>’δαιον</span> <span class='ocrx_word' id='word_1_765' title='bbox 1827 3044 1887 3082; x_wconf 79' lang='grc' dir='ltr'><strong>καὶ</strong></span> <span class='ocrx_word' id='word_1_766' title='bbox 1903 3045 2077 3092; x_wconf 81' lang='grc' dir='ltr'>ἀκίνητον,</span> <span class='ocrx_word' id='word_1_767' title='bbox 2093 3059 2152 3081; x_wconf 91' lang='grc' dir='ltr'><strong>και</strong></span> <span class='ocrx_word' id='word_1_768' title='bbox 2168 3045 2207 3081; x_wconf 87' lang='grc' dir='ltr'><strong>ἐκ</strong></span> <span class='ocrx_word' id='word_1_769' title='bbox 2225 3046 2293 3080; x_wconf 84' lang='grc' dir='ltr'><strong>τῶν</strong></span> <span class='ocrx_word' id='word_1_770' title='bbox 2307 3059 2357 3079; x_wconf 71' lang='grc' dir='ltr'><strong>τι)</strong></span> 
     </span>
     <span class='ocr_line' id='line_1_103' title="bbox 1331 3103 2356 3157; baseline 0.001 -16"><span class='ocrx_word' id='word_1_771' title='bbox 1331 3105 1454 3143; x_wconf 74' lang='grc' dir='ltr'>δικαίω</span> <span class='ocrx_word' id='word_1_772' title='bbox 1475 3106 1586 3145; x_wconf 80' lang='grc' dir='ltr'>τούτω</span> <span class='ocrx_word' id='word_1_773' title='bbox 1608 3106 1816 3157; x_wconf 71' lang='grc' dir='ltr'>συμίάντων</span> <span class='ocrx_word' id='word_1_774' title='bbox 1841 3105 2077 3153; x_wconf 79' lang='grc' dir='ltr'>παιδεύησθε,</span> <span class='ocrx_word' id='word_1_775' title='bbox 2100 3103 2275 3155; x_wconf 78' lang='grc' dir='ltr'>μηδέ-οτε</span> <span class='ocrx_word' id='word_1_776' title='bbox 2296 3119 2356 3142; x_wconf 87' lang='grc' dir='ltr'><strong>νο-</strong></span> 
     </span>
     <span class='ocr_line' id='line_1_104' title="bbox 1332 3164 2356 3219; baseline -0.002 -16"><span class='ocrx_word' id='word_1_777' title='bbox 1332 3166 1474 3215; x_wconf 84' lang='grc' dir='ltr'>μίζειν</span> <span class='ocrx_word' id='word_1_778' title='bbox 1457 3183 1556 3219; x_wconf 85' lang='grc' dir='ltr'>εργον</span> <span class='ocrx_word' id='word_1_779' title='bbox 1576 3170 1668 3206; x_wconf 80' lang='grc' dir='ltr'>Θεοῦ</span> <span class='ocrx_word' id='word_1_780' title='bbox 1686 3166 1963 3219; x_wconf 59' lang='grc' dir='ltr'>ἐγκαταλείτιεως</span> <span class='ocrx_word' id='word_1_781' title='bbox 1984 3170 2090 3213; x_wconf 80' lang='grc' dir='ltr'>εἶναι,</span> <span class='ocrx_word' id='word_1_782' title='bbox 2106 3164 2246 3203; x_wconf 75' lang='grc' dir='ltr'>ἐπειδάν</span> <span class='ocrx_word' id='word_1_783' title='bbox 2258 3164 2356 3210; x_wconf 81' lang='grc' dir='ltr'>ἴδητέ</span> 
     </span>
     <span class='ocr_line' id='line_1_105' title="bbox 1329 3226 2355 3282; baseline -0.002 -17"><span class='ocrx_word' id='word_1_784' title='bbox 1329 3244 1405 3266; x_wconf 84' lang='grc' dir='ltr'>τινα</span> <span class='ocrx_word' id='word_1_785' title='bbox 1421 3245 1488 3266; x_wconf 79' lang='grc' dir='ltr'><strong>των</strong></span> <span class='ocrx_word' id='word_1_786' title='bbox 1506 3229 1625 3281; x_wconf 82' lang='grc' dir='ltr'>ἐναρέτ</span> <span class='ocrx_word' id='word_1_787' title='bbox 1614 3246 1674 3267; x_wconf 84' lang='grc' dir='ltr'><strong>,ων</strong></span> <span class='ocrx_word' id='word_1_788' title='bbox 1694 3234 1918 3282; x_wconf 71' lang='grc' dir='ltr'>πειρασμοῖς,</span> <span class='ocrx_word' id='word_1_789' title='bbox 1939 3227 1986 3273; x_wconf 71' lang='grc' dir='ltr'><strong>ἢ’</strong></span> <span class='ocrx_word' id='word_1_790' title='bbox 1973 3243 2010 3265; x_wconf 77' lang='grc' dir='ltr'><strong>ετ</strong></span> <span class='ocrx_word' id='word_1_791' title='bbox 1998 3227 2107 3279; x_wconf 84' lang='grc' dir='ltr'>ε’ραις</span> <span class='ocrx_word' id='word_1_792' title='bbox 2126 3226 2196 3265; x_wconf 76' lang='grc' dir='ltr'>τισὶ</span> <span class='ocrx_word' id='word_1_793' title='bbox 2218 3226 2355 3277; x_wconf 82' lang='grc' dir='ltr'>θλιψεσι</span> 
     </span>
     <span class='ocr_line' id='line_1_106' title="bbox 1330 3289 2353 3342; baseline -0.002 -15"><span class='ocrx_word' id='word_1_794' title='bbox 1330 3292 1509 3341; x_wconf 84' lang='grc' dir='ltr'>βιωτικαῖς</span> <span class='ocrx_word' id='word_1_795' title='bbox 1528 3290 1838 3342; x_wconf 83' lang='grc' dir='ltr'>περιπεπτωκότα·</span> <span class='ocrx_word' id='word_1_796' title='bbox 1860 3289 1938 3327; x_wconf 72' lang='grc' dir='ltr'>ἀλλ’</span> <span class='ocrx_word' id='word_1_797' title='bbox 1958 3291 2149 3331; x_wconf 77' lang='grc' dir='ltr'>ἐννοοῦντες</span> <span class='ocrx_word' id='word_1_798' title='bbox 2166 3289 2234 3325; x_wconf 80' lang='grc' dir='ltr'><strong>τῶν</strong></span> <span class='ocrx_word' id='word_1_799' title='bbox 2261 3289 2353 3325; x_wconf 86' lang='grc' dir='ltr'>οἰκο-</span> 
     </span>
     <span class='ocr_line' id='line_1_107' title="bbox 1328 3348 2354 3403; baseline -0.004 -14"><span class='ocrx_word' id='word_1_800' title='bbox 1328 3353 1456 3401; x_wconf 72' lang='grc' dir='ltr'>νομιῶν</span> <span class='ocrx_word' id='word_1_801' title='bbox 1474 3355 1532 3389; x_wconf 86' lang='grc' dir='ltr'><strong>τοῦ</strong></span> <span class='ocrx_word' id='word_1_802' title='bbox 1547 3354 1639 3390; x_wconf 85' lang='grc' dir='ltr'>Θεοῦ</span> <span class='ocrx_word' id='word_1_803' title='bbox 1659 3352 1698 3390; x_wconf 79' lang='grc' dir='ltr'><strong>τὸ</strong></span> <span class='ocrx_word' id='word_1_804' title='bbox 1721 3351 1900 3403; x_wconf 65' lang='grc' dir='ltr'>διάφορον,</span> <span class='ocrx_word' id='word_1_805' title='bbox 1923 3352 2159 3403; x_wconf 72' lang='grc' dir='ltr'>π;&lt;ραχιι)ρ’ῆτε</span> <span class='ocrx_word' id='word_1_806' title='bbox 2180 3348 2223 3388; x_wconf 77' lang='grc' dir='ltr'><strong>τὰ</strong></span> <span class='ocrx_word' id='word_1_807' title='bbox 2239 3348 2354 3387; x_wconf 86' lang='grc' dir='ltr'>πάντα</span> 
     </span>
    </p>
   </div>
  </div>
 </body>
</html>
