2516 3791
703 196 743 225 ΙΝ
786 195 888 226 cAt’.
926 194 1038 225 xvtt.

148 283 207 318 τοῦ
232 281 398 331 Χριστοῦ.
425 270 514 318 Εἶτα
550 276 721 316 διδάσκων
749 281 843 329 ἡμᾶς
867 277 1114 330 ἀκριὸέστερον
1138 277 1173 315 τί

147 343 240 380 ἔστιν
270 343 292 386 ἡ
324 338 469 385 τοιαύτη
503 338 676 391 περιτομὴ
691 369 701 385 ‚
731 339 886 390 ἐπήγαγε
899 355 906 362 ·
936 339 1174 392 Συνταφέντες

147 403 242 454 αὐτῷ
257 403 292 440 ἐν
304 403 354 454 τῷ
371 400 602 453 βαπτίσματι.
620 400 788 453 Καθάπερ
807 400 875 453 γὰρ
889 401 1038 445 ἐκείνους
1057 402 1173 448 τὸτῆς

145 465 337 515 περιτομῆς
365 469 511 514 σημεῖον
542 461 690 515 ε’χώριζε
715 466 783 501 τῶν
808 464 941 501 λοιπῶν
965 464 1085 512 ἐθνῶν,
1114 462 1173 501 καὶ

144 524 276 562 ἐδείκνυ
297 523 359 571 τὴν
381 523 553 562 οἶκείωσιν
572 526 684 562 αὐτῶν
712 522 776 570 τὴν
803 523 888 576 πρὸς
907 523 966 561 τὸν
982 523 1072 562 Θεόν
1087 538 1094 546 ·
1114 523 1172 562 τὸν

145 585 247 624 αὐτὸν
263 585 305 633 δὴ
321 586 447 638 τρόπον
466 586 526 624 καὶ
543 587 595 638 ἐφ’
614 588 714 636 ἡμῶν
732 588 754 631 ἡ
776 585 833 623 διὰ
852 588 911 623 τοῦ
930 583 1172 636 βαπτίσματος

143 647 318 700 περιτομὴ
339 648 398 686 τὸν
416 648 597 701 χωρισμὸν
617 646 742 699 ἀκριῧε
745 662 866 699 στερον
886 646 1094 692 καθίστησι,
1112 646 1170 683 καὶ

144 707 206 755 τὴν
232 708 397 760 διαίρεσιν
423 711 492 746 τῶν
513 711 646 747 πιστῶν
676 707 735 745 καὶ
755 723 823 745 των
850 708 888 745 οὐ
908 705 1085 745 τοιούτων.
1108 705 1170 745 Ἐν

143 773 172 822 ᾧ
191 768 278 821 γὰρ,
299 770 400 822 φησὶ,
420 769 678 822 περιετμήθητε
650 796 679 807 ε
699 770 872 820 περιτομῇ
894 767 1167 820 ἀχειροποιήτιο),

143 832 178 869 ἐν
190 835 232 882 τῇ
253 831 442 870 ἀπεκδύσει
455 834 523 869 τῶν
543 831 724 882 ἁμαρτων
739 831 802 875 τῆς
816 828 953 881 σαρκός.
969 827 1088 882 Οπερ
1102 828 1170 881 γὰρ

142 892 213 929 ἐκεῖ
232 891 415 943 ἐργάζεται
432 894 454 938 ἠ
475 890 650 943 περιτομὴ
669 892 716 933 εἷς
735 889 800 936 τὴν
820 892 881 936 τῆς
901 889 1028 942 σαρκὸς
1043 889 1169 928 ἀπόθε-

142 967 211 997 σιν,
235 955 337 990 τοῧτο
365 954 514 990 ἐνταῦθα
539 951 579 989 τὸ
603 951 789 1002 βάπτισμα
807 952 856 994 εἰς
882 949 945 997 τὴν
962 952 1031 988 τῶν
1056 950 1170 1003 ἁμαρ-

140 1012 307 1064 τημάτων
326 1013 506 1056 ἀπόθεσιν.
525 1011 820 1063 Ἀπεκδυσάμενοι
835 1011 903 1064 γὰρ
919 1010 1013 1056 ἅπαξ
1031 1010 1092 1056 τὰς
1109 1013 1172 1058 τῆς

141 1075 268 1126 σαρκὸς
287 1074 461 1127 ἁμαρτίας
474 1104 484 1122 ,
512 1073 571 1112 καὶ
591 1073 741 1126 καθαρὸν
762 1073 803 1112 τὸ
821 1073 952 1125 ἔνδυμα
969 1072 1170 1124 δεξάμενοι,

142 1137 316 1188 μένωμεν,
348 1136 548 1188 ἀγαπητοὶ,
567 1135 625 1174 ἐπὶ
645 1137 708 1181 τῆς
735 1136 991 1188 καθαρότητος,
1017 1134 1076 1174 καὶ
1101 1137 1171 1173 τῶν

142 1200 261 1236 παθῶν
290 1202 352 1246 τ’ἧς
372 1199 499 1250 σαρκὸς
528 1197 694 1250 ἀνώτεροι
722 1197 927 1249 γενόμενοι,
950 1199 1014 1243 τῆς
1047 1197 1172 1249 ἀρετῆς

142 1259 404 1311 ἐπιλαὸώμεθα.
426 1260 494 1298 Καὶ
515 1261 546 1297 οἱ
572 1261 608 1297 ἐν
628 1263 671 1311 τῆ
700 1258 822 1311 χάριτι
851 1259 909 1298 τὸν
929 1259 964 1296 ἐν
983 1260 1034 1311 τῷ
1054 1257 1170 1310 νόμῳ,

143 1322 276 1371 μᾶλλον
304 1321 340 1360 δὲ
372 1320 431 1359 καὶ
459 1320 527 1372 πρὸ
546 1323 604 1358 τοῦ
630 1320 750 1371 νόμου,
771 1318 1001 1370 ζηλώσωμεν,
1020 1318 1076 1356 ἵνα
1091 1321 1169 1357 κατ’

140 1380 236 1432 ἴχνος
252 1379 383 1418 ἐκείνου
398 1379 460 1427 τὴν
477 1382 610 1418 ἑαυτῶν
627 1379 718 1427 ζωὴν
734 1378 1026 1430 οἷκονομήσαντες
1036 1406 1046 1424 ,
1061 1394 1171 1417 κατα-

142 1441 319 1492 ξιωθι)μεν
337 1443 386 1485 εἰς
408 1441 486 1484 τους
507 1440 638 1480 ἐκείνου
666 1440 816 1484 κόλπους
843 1441 1088 1488 καταντῆσαι,
1108 1440 1168 1479 καὶ

137 1505 206 1540 τῶν
227 1502 375 1540 αἰωνίων
393 1503 562 1554 ἀγαθων’
547 1508 739 1554 επιτυχεῖν,
755 1501 877 1554 χάριτι
895 1517 955 1539 και
973 1502 1034 1554 φιλ
1036 1504 1167 1553 ανθρω-

137 1564 202 1602 πία
229 1568 288 1602 τοῦ
309 1564 438 1616 Κυρίου
468 1567 570 1616 ἡμων
600 1564 716 1612 Ἰησοῦ
746 1565 922 1616 Χριστοῦ,
945 1566 1021 1614 μεθ’
1053 1568 1091 1601 ου
1116 1580 1166 1616 τῳ

138 1627 280 1678 Πατρι,
297 1625 372 1677 ἅμα
391 1641 441 1663 τω
461 1625 550 1679 ἁγίῳ
563 1625 750 1677 Πνεύματι
770 1624 875 1672 δόξα,
896 1624 1042 1677 κράτος,
1055 1624 1143 1676 τιμὴ
1156 1655 1166 1672 ,

138 1689 197 1724 νῦν
213 1686 273 1725 καὶ
291 1687 366 1735 ἀεὶ,
386 1666 445 1725 καὶ
470 1689 519 1730 εἰς
540 1686 619 1730 τοὺς
638 1661 766 1730 αἰῶνας
785 1689 854 1724 τῶν
874 1685 1024 1724 αἰώνων.
1043 1685 1165 1737 Ἀμήν.

526 1830 705 1868 omum
738 1828 787 1880 μ’.

140 1935 208 1975 Καὶ
237 1928 331 1973 εἶπεν
350 1936 368 1973 ὁ
387 1935 475 1979 Θεὸς
494 1937 544 1987 τῷ
561 1934 737 1986 ἰἰῧραάμ·
756 1934 857 1988 Σάρα
881 1937 903 1982 ἠ
932 1935 1018 1987 γυνή
1046 1949 1106 1972 σου
1127 1936 1165 1973 οὐ

191 1997 405 2044 κληθήσεται
436 1996 557 2048 Σάρα,
588 1996 678 2035 ἀλλὰ
705 1996 827 2049 Σάῤῥα
857 1997 957 2035 ἔσται
988 1996 1027 2035 τὸ
1057 1996 1166 2047 ὄνομα

192 2061 310 2105 αὐτῆς.

191 2165 287 2217 Φέρε
307 2165 351 2203 τὰ
369 2164 517 2217 λείψανα
535 2167 598 2211 τῆς
619 2167 781 2216 χθεσινῆς
800 2162 975 2215 τραπέζης
993 2165 1075 2215 ὑμῖν
1091 2179 1162 2202 πα-

139 2229 313 2278 ραθῶμεν,
332 2225 391 2263 καὶ
405 2225 503 2269 τέλος
516 2226 693 2276 ἐπιθῶμεν
709 2224 862 2276 σήμερον
875 2227 925 2276 τῷ
943 2224 1035 2277 λόγῳ
1046 2254 1056 2272 ,
1075 2226 1164 2276 μᾶλ-

136 2290 196 2327 λον
222 2288 258 2326 δὲ
278 2291 320 2341 τῇ
344 2286 482 2340 εὐλογία
510 2285 569 2325 καὶ
592 2290 635 2339 τῇ
655 2286 869 2339 ὑποσχέσει,
890 2285 932 2332 ἣν
949 2288 966 2324 ὁ
986 2288 1055 2324 τῶν
1075 2286 1164 2325 ὅλων

137 2351 256 2394 Θεὸς’
242 2349 432 2396 εποιήσατο
451 2349 536 2400 πρὸς
554 2348 612 2386 τὸν
631 2347 871 2401 πατριάρχην.
889 2347 994 2386 Ἀλλὰ
1016 2348 1165 2402 λείψανα

137 2411 311 2464 τραπέζης
340 2409 488 2458 ἀκούων,
506 2409 614 2461 μηδεν
631 2410 795 2457 αἰσθητὸν
822 2409 1066 2463 υποπτεύσῃς·
1087 2410 1166 2450 οὔτε

138 2473 204 2525 γὰρ
224 2476 279 2510 οἱα
299 2471 342 2510 τὰ
365 2474 434 2509 τῶν
449 2471 650 2522 ἐδεσμάτων
669 2471 843 2523 λείψανα,
859 2472 1006 2510 τοιαῦτά
1020 2475 1088 2512 εἰσι
1107 2489 1166 2512 και

137 2534 181 2573 τὰ
211 2533 442 2584 πνευματικοί.
462 2532 604 2572 Ἐκεῖνα
633 2532 695 2584 μὲν
714 2532 782 2585 γὰρ
811 2531 906 2571 ἕωλα
937 2532 1104 2586 γινόμενα
1127 2536 1165 2573 οὖ

137 2595 200 2643 τὴν
230 2595 339 2643 αὐτὴν
364 2593 512 2647 παρέχει
535 2594 662 2641 ἡδονὴν
689 2600 760 2638 τοῖς
787 2594 1033 2645 ἑστιωμένοις·
1064 2597 1094 2633 εἷ
1129 2595 1164 2634 δὲ

137 2657 196 2696 καὶ
211 2656 294 2708 μίαν
308 2657 367 2694 καὶ
384 2656 544 2708 δευτέραν
561 2655 697 2708 ἡμέραν
715 2655 962 2709 καταλειφθείη
976 2686 986 2704 ,
1002 2655 1166 2709 ἄχρηστα

136 2719 257 2758 λοιπὸν
277 2717 391 2770 πάντῃ
420 2717 570 2769 γίνεται·
597 2721 710 2755 ταῦτα
731 2717 767 2755 δὲ
788 2716 832 2755 τὰ
852 2716 1003 2771 λείψανα
1022 2720 1060 2757 οὗ
1082 2718 1165 2770 μίαν

138 2779 197 2818 καὶ
216 2779 378 2832 δευτέραν
393 2778 541 2831 ἡμέραν,
558 2778 647 2817 ἀλλὰ
667 2779 730 2817 κᾶν
746 2780 897 2826 διηνεκεῖ
912 2782 961 2832 τῷ
978 2781 1078 2820 αἰῶνι
1097 2796 1164 2819 κοι-

137 2839 364 2887 ταλείπηται,
391 2839 454 2886 τὴν
483 2839 563 2886 ἴσην
587 2839 758 2892 ὠφέλειαν
778 2840 993 2894 παρέχεται,
1022 2840 1081 2879 καὶ
1100 2840 1164 2888 τὴν

137 2901 264 2948 ἡδονὴν
284 2902 346 2939 οὐκ
364 2900 553 2939 ἀπόλλυσι·
571 2904 644 2939 θεῖα
662 2901 728 2952 γάρ
752 2903 827 2939 ἐστι
844 2901 904 2940 καὶ
923 2901 1164 2954 πνευματικὰ,

139 2963 198 3000 καὶ
217 2961 380 3013 οὐδεμίαν
395 2962 462 3000 ὑπὸ
478 2965 538 2998 τοῦ
553 2961 677 3013 χρόνου
695 2962 830 3013 βλάὸην
846 2963 1054 3016 ὑφίσταται,
1074 2963 1166 3002 ἀλλὰ

139 3027 214 3063 καθ
235 3024 418 3070 ἐκείνη-[ν’
401 3038 453 3075 ημ
456 3023 535 3075 ε’ραν
555 3023 680 3075 νεαραν
708 3024 858 3062 δείκνυσι
877 3024 939 3072 τὴν
961 3024 1079 3077 χάριν,
1106 3025 1166 3063 καὶ

140 3087 272 3132 πολλ’ἧς
304 3085 441 3135 ἐμπίπλ
442 3099 503 3130 ησι
532 3100 595 3129 της
624 3084 835 3136 εὐφροσύνης
865 3101 943 3128 τους
975 3085 1164 3124 ἀπολαύειν

140 3146 270 3184 τούτων
293 3145 532 3197 βουλομένμυς
550 3144 656 3182 Ἐπει
680 3148 738 3182 οὖν
768 3145 914 3192 τοιαύτη
945 3145 1077 3184 τούτων
1096 3149 1165 3185 τῶν

141 3206 312 3258 λειψάνων
333 3221 354 3252 η
376 3206 518 3256 δύναμις
505 3234 540 3251 .„
556 3221 597 3258 φ·
584 3221 657 3258 ερε,
675 3205 765 3256 μετὰ
779 3206 973 3257 προθυμίας
991 3207 1080 3245 καὶ“
1068 3213 1168 3258 υμεῖς

142 3268 201 3311 τῆς
221 3266 290 3303 ἀπὸ
310 3264 438 3303 τούτων
461 3265 688 3308 ἀπολαύσεως
707 3265 929 3318 ε’μιρορήθητε
943 3297 953 3315 ,
982 3267 1041 3304 καὶ
1064 3270 1168 3318 ἡμεῖς

142 3323 346 3378 θαρροῦντες
375 3328 488 3364 αὐτῶν
519 3329 561 3377 τῇ
597 3326 741 3377 δυνάμει
771 3329 984 3380 παραθῶμεν
1005 3329 1094 3367 αὐτὰ
1123 3332 1165 3381 τῇ

143 3388 292 3438 ὓμετέρᾳ
311 3388 442 3437 ἀγάπῃ.
466 3386 554 3426 Ἀλλ’
583 3387 635 3424 ἵνα
668 3387 746 3439 δόξῃ
771 3388 981 3441 σαφέστερος
1010 3392 1091 3440 ὑμῖν
1116 3392 1164 3440 γί-

1076 193 1162 224 ΕΕΝ
1170 193 1220 224 ES
1229 214 1238 223 .
1277 193 1418 223 uomit,
1428 213 1438 223 .

1476 193 1632 224 xxxix.
2106 186 2195 249 407

1245 276 1388 329 gentius
1407 275 1496 328 quid
1521 276 1567 315 sit
1598 276 1775 330 ejusmodi
1794 277 2036 328 circumcisio,
2054 281 2197 320 subdit:

1247 338 1470 390 Consepulti
1500 339 1534 375 ei
1560 341 1602 376 in
1634 340 1834 389 baptismo.
1864 338 1965 377 Sicut
1995 340 2088 378 enim
2121 342 2200 380 illos
2217 355 2333 385 coloss.
2352 366 2380 385 2.

1242 399 1526 439 circumcisionis
1539 399 1682 452 signum
1698 399 1744 438 ab
1759 399 1840 438 aliis
1860 400 2026 452 gentibus
2041 415 2201 454 segrega-
2218 405 2264 426 ¹²·

1240 461 1322 510 bat,
1344 470 1377 499 et
1395 461 1662 500 demonstrabat
1681 475 1738 499 eos
1764 461 1994 514 peculiariter
2015 462 2058 500 ad
2085 464 2201 502 Deum

1240 522 1416 574 pertinere
1437 538 1444 558 τ
1462 522 1570 561 simili
1593 521 1698 561 modo
1719 523 1826 561 etiam
1844 522 1942 576 apud
1964 537 2028 562 nos
2049 524 2201 563 circum-

1240 582 1326 620 cisio
1344 598 1405 635 pcr
1432 583 1651 635 baptismum
1673 583 1926 622 evidentiorem
1954 584 2039 623 facit
2060 600 2200 638 separa-

1241 642 1372 680 tionem
1401 652 1434 680 ct
1463 643 1711 681 discretionem
1742 644 1902 682 fidelium
1924 654 1957 683 ct
1983 645 2199 685 infidelium.

1240 702 1338 740 Dicit
1357 703 1450 741 enim
1469 718 1476 739 ε
1499 706 1547 740 ln
1562 718 1638 756 quo
1659 707 1873 743 circumcisi
1893 708 1983 744 estis
2000 710 2200 746 circumci-

1238 769 1348 805 sione
1366 782 1445 805 non
1467 768 1711 820 manufacta,
1737 772 1779 807 in
1809 771 2089 822 despoliatione
2107 788 2200 824 pec—

1239 838 1414 868 catorum
1435 833 1579 868 cat-nis.
1613 830 1705 867 Nam
1734 830 1770 868 id
1802 830 1898 881 quod
1929 833 2003 871 illic
2037 844 2202 885 operatur

1238 890 1465 929 circumcisio
1482 890 1517 928 in
1534 890 1795 943 depositionem
1814 892 1944 942 carnis,
1958 893 2026 931 hoc
2048 895 2105 931 hic
2125 897 2200 947 agit

1194 958 1218 987 1)
1238 951 1441 1005 baptismus
1466 952 1502 991 in
1531 951 1790 1004 depositionem
1818 963 2056 1006 peccatorum.
2084 956 2200 1007 Igitur

1238 1014 1299 1065 qui
1319 1013 1426 1052 semel
1451 1013 1568 1051 carnis
1590 1022 1733 1066 peccata
1749 1014 1931 1063 exuimus,
1949 1024 1981 1053 ct
2000 1031 2128 1068 puram
2148 1017 2201 1055 in-

1238 1073 1316 1111 duti
1337 1086 1462 1111 sumus
1477 1082 1624 1122 vestem,
1651 1087 1869 1124 maneamus,
1891 1073 2025 1123 dilecti,
2043 1075 2076 1113 in
2095 1077 2198 1128 puri-

1239 1143 1322 1184 tate,
1343 1143 1376 1172 et
1394 1134 1646 1172 affectionibus
1667 1134 1784 1172 carnis
1808 1135 2007 1187 superiores
2027 1136 2110 1174 facti
2130 1138 2200 1175 vir—

1238 1205 1352 1234 tutem
1375 1195 1633 1247 amplexemur.
1655 1195 1703 1234 Et
1721 1196 1783 1248 qui
1811 1196 1879 1234 sub
1908 1197 2021 1248 gratia
2054 1212 2200 1248 sumus,

1238 1271 1319 1295 eum
1333 1256 1396 1308 qui
1414 1256 1449 1294 in
1464 1256 1555 1308 lege,
1575 1256 1646 1294 imo
1661 1265 1742 1295 ante
1757 1257 1871 1308 legem
1882 1258 1966 1308 fuit,
1978 1259 2199 1298 aemulemur:

1237 1328 1277 1357 ut
1296 1332 1379 1357 cum
1397 1317 1548 1369 vestigia
1581 1318 1656 1370 ejus
1688 1318 1866 1370 sequendo
1898 1319 2011 1358 vitam
2043 1330 2201 1359 nostram

1236 1382 1454 1432 rexerimus,
1478 1395 1679 1420 mereamur
1697 1382 1734 1420 in
1754 1382 1853 1421 illius
1874 1382 1973 1421 sinus
1992 1398 2198 1436 occurrere,

1236 1454 1269 1483 et
1302 1443 1526 1497 sempiternis
1551 1443 1622 1481 frui
1642 1443 1762 1493 boniS,
1787 1445 1901 1495 gratia
1929 1454 1962 1483 ct
1981 1446 2201 1497 benignitate

1236 1505 1382 1545 Domini
1414 1505 1523 1543 nostri
1543 1506 1628 1545 Jesu
1662 1505 1808 1555 Christi,
1830 1520 1912 1544 cum
1943 1521 2014 1558 quo
2034 1507 2145 1557 Patri,
2167 1517 2200 1546 et

1237 1566 1392 1621 Spiritui
1427 1575 1549 1605 sancto
1571 1566 1617 1605 sit
1650 1567 1776 1618 gloria,
1795 1567 1986 1620 imperium
2007 1578 2041 1607 et
2068 1569 2197 1620 honor,

1236 1643 1331 1668 nunc
1346 1635 1380 1666 et
1401 1641 1550 1680 semper,
1573 1636 1606 1666 et
1623 1627 1659 1665 in
1679 1628 1809 1666 saecula
1825 1628 2049 1668 saeculorum.
2068 1632 2196 1669 Amen.

1192 1577 1215 1606 E

1560 1831 1772 1870 HOMILIA
1801 1832 1883 1871 XL.

1238 1931 1283 1970 Et
1301 1930 1397 1970 dixit
1416 1933 1513 1972 Deus
1531 1934 1711 1972 Abiahae:
1730 1935 1818 1974 Sara
1844 1950 1937 1975 uxor
1962 1946 2021 1978 tua
2040 1953 2110 1978 non
2130 1954 2194 1981 ιο·
2210 1947 2282 1977 Gen.
2312 1959 2343 1989 12-

1317 1993 1458 2032 cabitut
1473 1995 1577 2046 Sara,
1601 1994 1661 2034 scd
1673 1996 1780 2034 Sana
1795 1996 1862 2035 erit
1878 2011 2006 2038 nomen
2025 2001 2112 2053 ejus.
2213 1988 2259 2017 ¹5'

1290 2170 1326 2205 1.
1345 2170 1419 2220 Age
1433 2169 1603 2220 reliquias
1616 2170 1790 2209 hesternae
1804 2185 1934 2211 mensae
1950 2174 2054 2212 vobis
2067 2189 2198 2229 propo-

1235 2242 1373 2279 namus,
1393 2239 1427 2268 et
1445 2230 1555 2269 finem
1569 2231 1676 2270 hodie
1694 2232 1923 2285 imponamus
1940 2237 2109 2287 sermoni,
2126 2238 2198 2276 imo

1234 2288 1477 2328 benedictioni
1496 2299 1529 2328 et
1548 2292 1779 2343 promissioni
1795 2308 1905 2345 quam
1918 2294 2002 2333 fecit
2017 2296 2103 2335 univ
2106 2311 2199 2336 etso-

1196 2388 1227 2416 o
1235 2364 1317 2388 rum
1332 2351 1510 2390 Dominus
1531 2351 1757 2404 patriarchae.
1785 2356 1818 2393 V
1822 2369 1920 2393 erum
1947 2356 2095 2395 audiens
2116 2359 2200 2396 icli-

1192 2426 1218 2456 Α
1236 2412 1338 2463 quias
1357 2426 1499 2481 mensae,
1519 2427 1562 2452 ne
1586 2413 1674 2465 quid
1702 2415 1871 2454 sensibile
1901 2417 2112 2470 suspiceris:
2132 2434 2198 2459 ne-

1235 2488 1306 2524 que
1331 2474 1426 2512 enim
1455 2475 1578 2526 quales
1607 2485 1691 2514 sunt
1723 2477 1929 2516 eduliorum
1962 2480 2197 2530 sensibilium,

1234 2536 1323 2575 tales
1342 2536 1585 2589 spiritualium
1603 2537 1774 2589 reliquiae.
1798 2539 1872 2577 Illae
1903 2540 1998 2577 enim
2019 2554 2102 2579 cum
2135 2542 2199 2580 fri-

1236 2597 1328 2649 gidae
1345 2598 1444 2636 factae
1459 2598 1602 2648 fuerint,
1616 2598 1716 2636 haud
1731 2614 1856 2652 parem
1872 2600 2095 2653 voluptatem
2116 2617 2199 2641 con-

1235 2658 1461 2697 vivatoribus
1482 2668 1651 2711 praestant
1668 2675 1676 2696 ε
1695 2673 1776 2698 nam
1794 2661 1823 2698 si
1842 2660 1889 2699 ad
1905 2675 2016 2699 unum
2034 2672 2095 2701 aut
2107 2663 2197 2702 alte-

1235 2733 1317 2757 rum
1347 2719 1444 2757 diem
1474 2720 1605 2757 fuerint
1636 2730 1821 2758 reservatae
1840 2751 1850 2771 ,
1882 2721 2026 2761 inutiles
2054 2725 2198 2763 omnino

1234 2780 1328 2819 fiunt
1346 2796 1354 2817 :
1370 2780 1445 2819 istae
1458 2795 1542 2820 vero
1560 2795 1630 2819 non
1647 2782 1762 2819 solum
1774 2782 1802 2819 si
1818 2784 1854 2820 in
1872 2797 1982 2821 unum
1999 2793 2031 2822 et
2047 2785 2199 2824 alterum

1235 2841 1346 2892 diem,
1374 2841 1434 2879 sed
1448 2851 1481 2879 et
1507 2842 1698 2892 quantovis
1720 2851 1879 2896 tempore
1894 2844 2026 2884 relictae
2042 2846 2172 2885 fuerint
2184 2877 2196 2897 ,

1236 2917 1359 2954 parem
1378 2902 1548 2940 exhibent
1565 2902 1772 2953 utilitatem,
1792 2904 2024 2958 eamdemque
2042 2908 2197 2947 afferunt

1237 2959 1632 3013 voluptatem:divinae
1667 2961 1762 2999 enim
1792 2972 1873 3001 sunt
1907 2973 1942 3002 ct
1972 2966 2199 3018 spiritualcS,

1237 3036 1352 3072 neque
1379 3022 1494 3060 ullum
1527 3022 1576 3060 eis
1597 3036 1614 3059 a
1636 3031 1793 3076 tempore
1811 3037 2063 3065 nocumentum
2083 3029 2203 3066 inuni-

1192 3095 1216 3124 Β
1240 3092 1316 3132 net,
1340 3082 1401 3121 sed
1433 3082 1592 3134 quotidie
1612 3097 1746 3122 novum
1776 3084 1936 3137 vigorem
1967 3089 2138 3138 asserunt,
2169 3099 2202 3128 et

1241 3158 1298 3182 eos
1314 3144 1377 3195 qui
1403 3144 1474 3182 illis
1503 3144 1574 3182 frui
1595 3144 1738 3195 volunt,
1755 3146 1870 3185 multa
1896 3149 2043 3201 implent
2064 3151 2198 3189 laetitia.

1242 3204 1396 3243 Proinde
1413 3205 1495 3256 quia
1524 3205 1605 3243 talis
1632 3205 1760 3244 harum
1790 3208 2026 3260 reliquiarum
2056 3212 2112 3250 vis
2131 3222 2199 3261 est,

1241 3280 1306 3319 age
1323 3266 1486 3304 alacriter
1500 3275 1533 3305 ct
1552 3281 1615 3306 vos
1630 3281 1795 3320 magnam
1811 3269 1893 3308 inde
1906 3271 2124 3324 voluptatem
2139 3288 2200 3311 au-

1241 3329 1340 3372 ferte,
1359 3342 1493 3379 nosque
1507 3327 1655 3367 fidentes
1680 3344 1802 3368 earum
1826 3331 2004 3377 efficacia„
2027 3348 2198 3384 propona-

1245 3405 1323 3428 mus
1344 3405 1401 3428 cas
1427 3399 1550 3428 vestra·
1569 3391 1718 3429 caritati.
1744 3394 1880 3432 Verum
1902 3403 1936 3432 ut
1959 3395 2057 3432 wluis
2087 3410 2199 3434 scruto
