2516 3791
332 111 423 155 810
760 123 797 153 s.

837 123 1023 154 JOANMS
1059 122 1302 153 CHRYSOST.
1342 122 1547 152 ARCHIEP.
1585 124 1945 156 CONSTANTINOP-

342 272 2370 297 mm

699 404 788 443 SER
795 404 866 441 ΜΟ
894 403 920 439 Ῐ.
1307 402 1333 432 Α

338 529 449 579 Quod
476 535 649 580 oporteat
677 535 713 565 et
741 529 782 563 in
809 526 1037 564 Pentecoste
1071 533 1109 562 et
1137 536 1284 575 semper

378 591 522 641 jejunii
540 590 771 635 meminisse,
794 595 831 625 et
850 587 955 639 quod
982 599 1059 623 non
1075 586 1285 637 proesentia

385 651 526 699 solum,
550 650 615 688 sed
626 651 744 687 etiam
759 649 977 687 recordatio
985 650 1128 700 jejunii
1142 649 1191 685 sit
1209 649 1283 684 uti-

386 713 433 750 lis
452 727 462 748 .·
480 719 516 750 et
537 712 585 749 de
603 712 680 749 Dei
699 711 965 763 providentia,
997 709 1176 761 quodque
1205 721 1284 745 non

386 774 548 810 minima
567 785 659 824 pars
678 774 796 824 ipsius
823 773 873 809 sit
891 779 1032 823 praeter
1049 769 1133 807 alia
1145 782 1283 821 paren-

386 842 467 871 tum
488 846 580 885 erga
605 833 745 870 liberos
764 845 875 870 amor
890 847 901 868 .-
920 831 1098 884 quodque
1121 843 1198 867 non
1215 842 1282 881 pa-

388 895 510 931 tribus
537 893 677 938 solum,
696 893 764 931 sed
781 901 818 931 et
845 893 1030 930 matribus
1053 898 1284 943 praeceptum

387 956 449 1000 sit,
468 961 508 991 ut
536 953 742 991 liberorum
764 965 887 991 mores
906 960 1154 1004 componant,
1171 960 1207 989 et
1233 951 1286 989 ad

385 1022 601 1053 extremum
614 1014 662 1052 de
678 1012 814 1051 Anna.

386 1140 422 1175 1.
451 1137 526 1176 Ubi
547 1136 776 1189 peregrinum
794 1136 950 1187 aliquem
968 1134 1066 1188 apud
1085 1148 1148 1173 nos
1167 1135 1285 1175 diver-

332 1208 466 1248 satum,
491 1199 538 1236 ad
568 1198 704 1249 aliquot
735 1197 813 1236 dies
840 1196 988 1236 comiter
1014 1205 1227 1249 exceptum,
1253 1206 1287 1235 et

330 1260 497 1312 colloquii
513 1272 710 1311 mensaeque
734 1257 947 1311 participem
960 1258 1094 1296 factum
1108 1257 1288 1295 dimiseri-
1311 1262 1334 1293 B

330 1336 433 1360 mus:
448 1320 618 1374 postridie
635 1319 861 1374 profectionis
877 1319 992 1371 illius,
1020 1333 1141 1357 mensa
1161 1319 1286 1371 posita,

329 1383 450 1421 statim
460 1383 537 1435 ejus
549 1396 590 1420 ac
603 1382 794 1422 verborum
814 1394 1020 1433 congressus
1039 1380 1282 1431 recordamur,

328 1457 369 1481 ac
392 1443 507 1481 multa
540 1457 622 1481 cum
651 1443 797 1481 caritate
819 1442 938 1495 ipsum
957 1442 1175 1493 requirimus
1192 1457 1200 1479 :
1216 1442 1283 1481 hoe

327 1504 431 1542 nobis
457 1517 540 1555 erga
568 1503 749 1556 jejunium
780 1517 922 1554 quoque
943 1503 1186 1555 praestandum
1218 1512 1280 1542 est.

325 1565 419 1602 Nam
443 1577 526 1602 cum
550 1562 648 1616 apud.
668 1577 732 1602 nos
751 1563 826 1602 dies
841 1563 1080 1615 quadraginta
1098 1564 1206 1602 fuerit
1224 1564 1281 1602 di-

324 1633 518 1676 versatum,
547 1623 694 1662 comiter
720 1623 815 1662 illud
840 1623 1048 1678 excepimus
1065 1625 1117 1662 'ac
1139 1623 1280 1663 dimisi-

325 1700 405 1724 mus
426 1702 434 1723 :
456 1686 598 1738 quando
615 1684 725 1736 igitur
740 1699 860 1724 mensa
868 1686 945 1738 jam
959 1685 1064 1724 nobis
1082 1685 1280 1738 spiritualis

324 1746 533 1800 apponenda
557 1755 620 1796 est,
651 1745 922 1785 reminiscamur
946 1746 1056 1797 illius,
1078 1746 1278 1787 honorum-

126 1822 393 1869 Jejunume.(l¹¹e
430 1808 617 1859 omnium,
647 1821 724 1859 quae
759 1808 864 1846 nobis
889 1808 1038 1848 invexit.
1069 1809 1150 1847 Non
1185 1809 1280 1849 enim

120 1913 166 1941 lis.

122 1875 215 1900 moria
254 1874 312 1901 uti-
325 1869 512 1922 praesentia
538 1878 677 1907 tantum
701 1868 854 1921 jejunii,
882 1868 944 1907 sed
967 1869 1077 1908 etiam
1109 1871 1280 1909 memoria

319 1931 448 1984 jejunii
490 1930 647 1969 maxime
690 1930 792 1968 utilis
827 1943 901 1969 esse
939 1939 1066 1983 potest.
1108 1930 1156 1970 Et
1191 1932 1281 1971 sicut

322 1993 376 2030 illi
395 2007 483 2044 quos
505 2006 686 2043 amamus,
709 2005 779 2031 non
805 1992 921 2030 solum
943 2006 1026 2031 cum
1050 1991 1198 2043 adsunt,
1221 2009 1281 2035 ve-

322 2067 403 2091 rum
423 2053 529 2092 ctiam
544 2067 626 2092 cum
646 2053 749 2092 nobis
768 2053 804 2090 in
824 2062 978 2092 mentem
995 2054 1157 2104 veniunt,
1179 2055 1278 2094 mul-

322 2120 356 2149 ta
395 2126 458 2151 nos
509 2113 692 2165 voluptate
738 2112 959 2165 perfundunt
991 2128 1000 2150 ε
1033 2113 1084 2152 ita
1136 2129 1278 2167 quoque

320 2172 395 2212 dies
413 2174 560 2227 jejunii,
579 2173 753 2223 collectae,
776 2187 1052 2226 communesque
1081 2185 1276 2215 conventus

320 2242 354 2271 ct
384 2234 454 2272 alia
479 2234 610 2286 quibus
638 2234 715 2286 ejus
736 2234 910 2272 beneficio
933 2235 1143 2273 fruebamur
1165 2236 1273 2286 bona,

321 2295 378 2334 rel
399 2295 473 2333 sola
489 2294 661 2333 memoria
677 2307 740 2332 nos
758 2294 948 2343 oblectant,
968 2303 1002 2333 et
1017 2295 1094 2333 haec
1108 2296 1226 2334 onmia
1243 2297 1272 2335 si

320 2357 356 2395 in
376 2357 583 2395 memoriam
601 2369 819 2405 revocemuS,
839 2354 995 2393 multum
1022 2355 1103 2395 inde
1130 2356 1271 2396 lucrum

320 2419 385 2456 hoc
403 2417 511 2457 etiam
531 2426 688 2469 tempore
706 2416 927 2468 colligemus.
947 2417 1031 2455 Haec
1045 2426 1163 2457 autem
1178 2433 1198 2457 a
1215 2433 1271 2458 me

320 2493 387 2517 uon
411 2494 451 2518 eo
482 2479 664 2528 dicuntur,
685 2477 782 2528 quod
810 2490 933 2528 eogere
949 2492 1012 2516 vos
1039 2479 1085 2517 ad
1101 2479 1268 2532 jejunan-
1295 2484 1319 2516 C

316 2540 404 2578 «lum
424 2540 545 2589 velim,
561 2539 620 2578 sed
643 2548 682 2577 ut
698 2539 801 2579 vobis
820 2539 1066 2591 persuadeam,
1087 2550 1126 2579 ut
1147 2556 1190 2580 ne
1204 2557 1268 2595 ge-

318 2601 376 2639 nio
397 2601 627 2653 indulgeatis,
647 2614 735 2639 neve
754 2600 804 2638 sic
820 2599 1040 2651 afficiamini,
1058 2611 1096 2640 ut
1109 2602 1270 2655 plerique

318 2662 477 2701 homines
514 2662 641 2711 solent,
670 2660 846 2712 siquidem
879 2661 1038 2701 homines
1064 2663 1268 2716 appellandi

319 2732 413 2771 sunt,
430 2723 491 2774 qui
505 2731 639 2760 tantam
657 2721 989 2774 pusillanimitatem
1004 2738 1076 2776 prce
1090 2739 1126 2762 se
1139 2725 1268 2777 ferunt,
1279 2763 1327 2787 700

316 2785 378 2835 qui
406 2793 587 2835 tamquam
612 2797 631 2820 e
656 2783 809 2821 vinculis
841 2784 971 2834 emissi,
993 2794 1027 2823 et
1053 2786 1156 2837 gravi
1182 2802 1269 2839 quo·
1291 2799 1318 2830 A

316 2845 413 2897 piam
429 2858 566 2882 carcere
583 2843 721 2882 liberati
741 2844 792 2882 sic
808 2844 1038 2896 alloquuntur
1057 2861 1093 2885 se
1112 2857 1237 2888 mutuo
1260 2865 1268 2886 :

317 2905 480 2944 Tandem
504 2906 691 2944 molestum
708 2905 801 2944 illud
821 2906 951 2959 jejunii
969 2908 1118 2961 pelagus
1137 2911 1269 2950 emensi

314 2982 460 3006 sumus:
478 2966 540 3003 alii
571 2980 655 3005 vero
685 2967 746 3018 qui
772 2968 884 3006 multo
912 2969 1027 3021 pejus,
1049 2979 1083 3008 et
1104 2970 1267 3010 imbecil-

314 3028 382 3066 lius
408 3037 490 3066 sunt
517 3028 647 3077 affecti,
670 3028 774 3066 etiam
800 3029 846 3067 ob
876 3030 1033 3069 suturam
1055 3032 1267 3086 Quadrage-

310 3089 438 3126 simam
458 3087 721 3140 pertimescunt.
743 3087 818 3125 Hoc
840 3103 923 3128 vero
943 3099 1144 3143 propterea,
1167 3094 1264 3144 quod

312 3160 382 3189 toto
412 3149 547 3200 reliquo
580 3157 734 3200 tempore
764 3149 924 3195 deliciis,
957 3152 1128 3203 luxuriae‚
1157 3164 1264 3206 atque

350 3277 363 3291 ι
382 3265 500 3298 Collati
531 3278 606 3297 cnm
633 3267 784 3302 Codicib.
812 3268 958 3303 Collwrt.
988 3284 1078 3305 nuru.
1117 3276 1162 3313 19,
1194 3282 1226 3307 ct
1253 3276 1326 3311 974,

307 3332 381 3351 cum
401 3320 500 3359 {legio
524 3321 613 3352 1080.

1732 407 1746 424 ³
1762 404 1927 443 ΛΟΓΟΣ
1947 404 1992 442 α’.

1358 525 1419 567 Εἰς
1437 525 1477 563 τὸ
1499 525 1568 563 δεῖν
1587 525 1647 563 καὶ
1668 527 1703 564 ἐν
1730 528 1773 578 τῇ
1811 528 2030 578 πεντηκοστῇ
2063 526 2123 564 καὶ
2144 526 2198 565 ἀεὶ
2225 528 2288 572 τῆς
2316 542 2382 574 νη-

1410 585 1526 630 στείας
1557 589 1775 637 μεμνῆσθαι,
1810 587 1870 624 καὶ
1901 586 1954 625 ὅτι
1988 589 2026 625 οὗ
2057 586 2231 641 παρουσία
2268 588 2383 638 μόνον,

1411 646 1500 684 ἀλλὰ
1533 647 1593 685 καὶ
1623 647 1744 699 μνήμη
1773 646 1933 694 νηστείας
1955 649 2080 701 ὠφελεῖ
2098 663 2106 671 ·
2131 648 2191 686 καὶ
2215 648 2296 701 περὶ
2319 652 2382 695 τῆς

1409 712 1468 746 τοῦ
1497 710 1588 747 Θεοῦ
1609 707 1794 761 προνοίας,
1819 708 1879 746 καὶ
1908 707 1962 746 ὅτι
1991 708 2080 760 μετὰ
2098 712 2166 747 τῶν
2199 709 2314 747 ἄλλων
2343 713 2381 748 οὗ

1412 768 1534 822 μικρὸν
1565 769 1667 820 μέρος
1699 771 1803 815 αὐτῆς
1820 771 1840 815 ἡ
1861 768 1989 820 φυσικὴ
2009 772 2078 807 τῶν
2096 769 2223 822 γονέων
2241 769 2321 821 περὶ
2339 769 2384 808 τὰ

1410 829 1534 881 ἔκγονα
1556 829 1671 881 φιλία·
1690 829 1749 867 καὶ
1768 829 1820 867 ὅτι
1843 830 1880 867 οὗ
1902 829 2059 882 πατράσι
2082 830 2197 881 μόνον,
2219 829 2309 868 ἀλλὰ
2324 830 2384 869 καὶ

1412 890 1584 943 μητράσιν
1617 890 1842 929 ἐπιτέτακται
1872 890 1917 929 τὰ
1948 891 2073 930 παιδία
2105 891 2294 943 ῥυθμίζειν,
2323 891 2383 930 καὶ

1411 951 1497 1004 πρὸς
1515 954 1565 1006 τῷ
1582 951 1675 991 τέλει
1690 951 1770 1003 περὶ
1784 954 1847 999 τ’ἧς
1861 950 1997 1000 Ἄννης.

1413 1132 1581 1172 Ἐπειδὰν
1609 1131 1700 1177 ξένον
1733 1132 1811 1171 τινὰ
1830 1132 2050 1186 καταχθέντα
2075 1134 2160 1188 πρὸς
2180 1137 2275 1187 ἡμᾶς
2290 1134 2383 1186 ἡμέ-

1361 1209 1422 1246 ρας
1436 1193 1531 1238 τινὰς
1548 1192 1795 1244 ὑποδεξάμενοι
1823 1193 2054 1247 φιλοφρόνως,
2081 1195 2141 1233 καὶ
2159 1195 2269 1248 λόγων
2287 1198 2382 1250 αὐτῷ

1359 1256 1418 1294 καὶ
1451 1256 1543 1295 ἁλῶν
1576 1254 1865 1304 κοινωνήσαντες,
1896 1255 2160 1308 ἀποπέμψωμεν
2177 1272 2185 1281 ·
2218 1260 2262 1309 τῇ
2293 1256 2383 1307 μετὰ

1357 1316 1421 1364 τὴν
1433 1315 1633 1367 ἀποδημίαν
1644 1315 1776 1363 ἐκείνην
1788 1315 1919 1368 ἡμέρᾳ,
1935 1317 2109 1369 τραπέζης
2118 1317 2383 1370 παρατεθείσης,

1356 1378 1480 1421 εὐθέως
1517 1377 1860 1429 ἀναμιμνησκόμεθα
1892 1379 1997 1415 αὐτοῦ
2026 1394 2065 1416 τε
2092 1378 2151 1416 καὶ
2181 1382 2250 1417 τῶν
2269 1378 2382 1431 λόγων

1354 1441 1416 1486 τῆς
1436 1439 1637 1487 συνουσίας,
1664 1437 1723 1476 καὶ
1754 1437 1844 1489 μετὰ
1877 1439 2010 1486 πολλῆς
2032 1439 2132 1478 αὐτὸν
2153 1442 2381 1491 ἐπιζητοῦμεν

1353 1502 1415 1546 τῆς
1434 1500 1573 1551 ἀγάπης
1585 1514 1592 1523 ·
1617 1504 1716 1538 τοῦτο
1742 1498 1784 1545 δὴ
1804 1498 1863 1537 καὶ
1881 1499 1939 1538 ἐπὶ
1957 1502 2019 1546 τῆς
2041 1499 2202 1547 νηστείας
2227 1500 2381 1547 ποιήσω-

1354 1577 1428 1611 μεν.
1450 1561 1520 1600 Καὶ
1538 1560 1606 1613 γὰρ
1634 1559 1795 1612 κατήχθη
1824 1560 1910 1612 πρὸς
1929 1564 2023 1611 ἡμᾶς
2048 1561 2184 1613 ἡμέρας
2208 1562 2381 1615 τεσσαρά-

1352 1637 1474 1669 κοντα,
1508 1620 1749 1672 ὑπεδεξάμεθα
1784 1620 1892 1667 αὐτὴν
1929 1621 2142 1674 φιλοφρόνως
2155 1649 2165 1668 ,
2199 1623 2259 1661 καὶ
2294 1625 2380 1662 ἀπε-

1351 1682 1540 1735 πέμψαμεν
1554 1697 1561 1705 ·
1582 1681 1657 1720 ἐπεὶ
1680 1676 1737 1720 οῧν
1759 1681 1931 1733 μέλλομεν
1953 1682 2186 1736 παρατιθέναι
2203 1683 2377 1736 τράπεζαν

1350 1748 1407 1782 νῦν
1436 1741 1694 1794 πνευματικὴν,
1728 1744 2007 1794 ἀναμνησθῶμεν
2023 1745 2148 1792 αὐτῆς,
2168 1744 2228 1782 καὶ
2252 1747 2321 1783 τῶν
2345 1743 2380 1789 ἐξ

1352 1807 1457 1852 αὖτ’-ῆς
1487 1804 1649 1842 ἁπάντων
1679 1801 1913 1855 ἐγγενομένων
1933 1806 2017 1855 ἡμῖν
2048 1806 2200 1857 ἀγαθῶν.
2226 1805 2280 1844 Οὖ
2311 1804 2380 1859 γὰρ

1352 1866 1393 1913 δὴ
1413 1864 1588 1920 παρουσία
1615 1865 1776 1913 νηστείας
1813 1863 1929 1916 μόνον,
1959 1865 2049 1903 ἀλλὰ
2081 1866 2141 1905 καὶ
2169 1867 2292 1918 μνήμη
2320 1883 2380 1914 νη-

1353 1927 1469 1972 στείας
1491 1927 1535 1966 τὰ
1558 1927 1708 1979 μέγιστα
1736 1926 1918 1978 ὠφελῆσαι
1939 1926 2066 1965 δύναιτ’
2088 1927 2144 1966 ἄν.
2174 1927 2246 1966 Καὶ
2273 1927 2380 1967 καθά-

1351 2007 1417 2045 περ
1436 1992 1467 2028 οἷ
1486 1988 1687 2043 φιλούμενοι
1714 1989 1799 2041 παρ’
1821 1989 1935 2039 ἡμῶν,
1963 1988 2042 2041 οὐχὶ
2065 1987 2235 2042 παρόντες
2263 1989 2378 2041 μόνον,

1353 2051 1442 2090 ἀλλὰ
1456 2050 1516 2089 καὶ
1536 2052 1583 2093 εἷς
1604 2053 1681 2088 νοῦν
1701 2052 1786 2100 ἡμῖν
1805 2047 2007 2100 ἐρχόμενοι,
2026 2051 2158 2097 πολλῆς
2176 2054 2270 2102 ἡμᾶς
2288 2052 2377 2098 πλη-

1352 2118 1465 2164 ροῦσιν
1480 2113 1606 2159 ἡδονῆς
1618 2126 1626 2134 ·
1647 2109 1737 2149 οὕτω
1756 2109 1816 2148 καὶ
1833 2113 1869 2148 αἱ
1887 2113 1950 2157 τῆς
1973 2110 2134 2157 νηστείας
2149 2111 2299 2165 ἡμέραι,
2318 2111 2377 2149 καὶ

1348 2175 1379 2213 οἷ
1399 2174 1576 2226 σύλλογοι,
1596 2172 1656 2211 καὶ
1677 2173 1712 2209 αἱ
1731 2171 1908 2223 διατριῧαὶ
1931 2173 1965 2210 αἱ
1983 2171 2118 2221 κοιναὶ,
2143 2172 2203 2211 καὶ
2222 2173 2267 2210 τὰ
2286 2172 2376 2210 ἄλλα

1348 2234 1370 2272 ἃ
1388 2236 1470 2286 παρ’
1491 2232 1624 2279 ἐκείνης
1640 2231 1886 2284 ἐκαρπούμεθα
1905 2231 1996 2270 καλὰ
2008 2262 2018 2281 ,
2039 2232 2098 2270 καὶ
2117 2232 2186 2271 ἀπὸ
2204 2235 2266 2280 τ’ῆς
2286 2233 2375 2283 μνή-

1346 2311 1413 2344 μης
1431 2293 1625 2348 εὐφραίνει,
1659 2293 1724 2331 κᾶν
1740 2296 1851 2331 ταῦτα
1881 2292 2018 2331 ἅπαντα
2050 2292 2270 2338 συλλέξαντες
2293 2297 2375 2333 ἀνα-

1345 2359 1566 2407 μνησθῶμεν,
1584 2354 1720 2407 μεγάλα
1734 2353 1793 2392 καὶ
1808 2353 1900 2392 κατὰ
1913 2354 1971 2393 τὸν
1987 2354 2145 2408 παρόντα
2161 2355 2280 2409 καιρὸν
2295 2371 2374 2408 κερ-

1344 2419 1522 2469 δανοῦμεν.
1542 2419 1667 2456 Ταῦτα
1687 2416 1723 2454 δὲ
1741 2415 1833 2467 λέγω
1861 2417 1921 2454 οὐκ
1958 2416 2162 2469 ἀναγκάζων
2181 2416 2373 2465 νηστεύειν,

1343 2479 1433 2518 ἀλλὰ
1447 2479 1574 2517 πείθων
1597 2478 1645 2530 μὴ
1661 2484 1804 2530 τρυφᾷν,
1826 2477 1914 2528 μηδὲ
1932 2478 2023 2516 κατὰ
2041 2477 2119 2522 τοὺς
2136 2478 2285 2522 πολλοὺς
2303 2481 2371 2517 τῶν

1342 2539 1532 2594 ἀνθρώπων
1567 2541 1782 2587 διακεῖσθαι,
1818 2538 1888 2589 εἴγε
1927 2538 2129 2592 ἀνθρώπους
2166 2540 2244 2583 τοὺς
2282 2539 2372 2578 οὕτω

1343 2601 1569 2654 μικροψύχως
1601 2599 1839 2650 διακειμένους
1874 2598 1969 2651 ὴχρὴ
1997 2602 2127 2649 καλεῖν,
2154 2600 2186 2639 οἳ
2214 2601 2372 2654 καθάπερ

1341 2666 1380 2702 ἐκ
1405 2664 1540 2713 δεσμῶν
1564 2661 1762 2714 ἀφεθέντες,
1787 2660 1845 2698 καὶ
1874 2661 2114 2713 δεσμωτηρίου
2138 2662 2228 2706 τινὸς
2257 2663 2371 2700 ἀπαλ-

1340 2724 1503 2776 λαγέντες
1537 2725 1713 2776 χαλεποῦ,
1745 2721 1830 2773 πρὸς
1865 2722 2036 2768 ἀλλήλους
2082 2723 2239 2775 λέγουσι·
2271 2723 2369 2775 μόλις

1339 2786 1422 2825 ποτὲ
1441 2786 1480 2824 τὸ
1496 2784 1650 2838 χαλεπὸν
1680 2787 1742 2831 τῆς
1770 2783 1931 2830 νηστείας
1961 2784 2171 2836 διηνύσαμεν
2192 2785 2342 2837 πέλαγος
2360 2802 2366 2809 ·

1339 2848 1437 2886 ἄλλοι
1469 2846 1505 2884 δὲ
1531 2845 1659 2884 τούτων
1678 2843 1920 2898 ἀσθενέστερον
1941 2845 2171 2896 διακείμενοι,
2194 2846 2253 2884 καὶ
2281 2846 2368 2899 ὑπὲρ

1336 2913 1398 2957 τῆς
1431 2906 1624 2959 μελλούσης
1656 2905 1829 2944 δεδοίκασι
1860 2909 2154 2958 τεσσαρακοστῆς.
2188 2909 2300 2946 Τοῦτο
2331 2908 2366 2946 δὲ

1336 2971 1468 3023 γίνεται
1491 2972 1529 3008 ἐκ
1548 2972 1607 3006 τοῦ
1628 2969 1684 3006 τὸν
1715 2967 1819 3005 ἄλλον
1839 2967 1976 3006 ἅπαντα
2006 2968 2124 3021 καιρὸν
2149 2971 2260 3021 τρυφῇ
2278 2999 2286 3016 ,
2306 2969 2365 3006 καὶ

1337 3031 1490 3083 ἀσωτίᾳ,
1513 3030 1571 3068 καὶ
1602 3029 1689 3081 μέθῃ
1710 3029 1805 3081 πάσῃ
1835 3030 1909 3080 μεθ’
1935 3029 2129 3081 ὓπερὸολῆς
2151 3029 2291 3073 ἑαυτοὺς
2310 3033 2365 3068 ε’κ-

1336 3093 1478 3132 διδόναι.
1499 3092 1563 3134 “Ως
1585 3090 1655 3142 εἴγε
1689 3090 1986 3141 μεμελετήκειμεν
2008 3089 2067 3132 τὰς
2096 3090 2202 3132 ἄλλας
2230 3090 2363 3142 ἡμέρας

1335 3157 1468 3206 σεμνῶς
1494 3153 1552 3191 καὶ
1588 3154 1748 3195 ἐπιεικῶς
1778 3153 1852 3203 ζῇν,
1887 3150 1945 3188 καὶ
1979 3152 2194 3189 ἀπελθοῦσαν
2217 3150 2256 3188 ἂν
2280 3154 2361 3189 ἐπο-

1441 3277 1454 3299 ¹¹
1474 3276 1550 3317 llcg.
1572 3282 1629 3322 για),
1652 3280 1754 3317 λέχει-ι.
