2516 3791
357 127 450 175 350
795 145 831 174 s.

147 240 176 266 aa
212 241 336 268 servat-n
349 226 447 264 idem
460 239 605 265 servans
625 226 773 273 idioma,
790 225 887 277 quod
906 235 940 263 et
959 234 1059 263 antea
1078 224 1246 273 habebat,
1265 233 1304 261 ut

148 281 268 310 idioma.

143 2062 256 2090 Matth.

143 2111 193 2132 20.

141 2189 210 2215 Act.
241 2189 287 2226 ll..

142 2239 194 2258 22.

280 2069 326 2100 ¹7·

348 286 576 325 manifestum
602 286 793 325 divisionis
818 287 927 337 hujus
945 285 1086 335 signum
1106 285 1206 321 foret.
1227 284 1352 322 Vi-c

348 346 434 385 disti
445 361 509 399 per
521 356 606 398 quot
619 362 674 386 res
687 346 924 384 immortalem
939 345 1110 394 nullaque
1123 343 1302 382 oblivione

348 406 536 445 delendam
554 407 662 458 hujus
683 406 767 443 facti
790 404 997 441 memoriam
1016 404 1151 442 servari
1178 404 1302 442 volue-

347 467 421 504 rit?
444 467 535 504 Hine
551 466 645 503 enim
667 474 768 517 pater
783 464 860 502 filio
881 473 1000 516 postea
1024 465 1216 516 cogebatur
1239 465 1298 503 di—

347 542 425 565 cere
443 541 585 565 causam
601 534 674 563 tam
689 525 839 564 diversae
859 525 971 564 vocis.
994 525 1038 563 Et
1053 540 1143 578 puer
1161 541 1180 564 a
1199 535 1301 578 patre

346 588 524 637 quaerebat
544 601 654 637 quare
673 586 724 624 sie
744 586 844 625 locus
861 586 924 624 ille
943 587 1184 639 appellaretur
1200 603 1207 623 ε
1221 586 1300 627 ideo

346 661 498 697 namque
511 647 678 700 Babylon
697 646 814 685 dictus
830 656 880 686 est
898 647 1015 696 locus;
1033 647 1129 698 quod
1147 657 1198 686 est
1217 662 1299 686 con-

344 707 449 756 fusio,
466 707 565 758 quod
582 708 657 746 illic
676 708 851 746 Dominus
871 710 968 746 Deus
988 708 1188 746 confuderit
1204 709 1300 747 labia

346 768 519 807 universae
537 778 652 819 terrae,
672 778 706 807 et
725 770 772 808 ab
792 770 853 808 illo
875 770 953 808 loco
979 769 1185 822 disperserit
1204 770 1297 808 illos.

345 829 438 867 Nam
458 839 650 881 utrumque
668 830 738 868 loci
761 830 955 883 appellatio
977 831 1067 868 mihi
1095 830 1300 883 significare

346 889 501 938 videtur,
516 900 550 928 et
562 891 658 942 quod
669 891 811 942 linguas
827 891 1040 941 confuderit,
1052 900 1086 929 et
1099 891 1198 942 quod
1214 891 1298 930 inde

345 948 520 1002 dispersio
534 960 611 989 orta
632 951 687 989 sit.

399 1261 435 1299 5.
457 1259 671 1310 Audivistis,
691 1258 827 1312 dilecti,
848 1260 943 1299 unde
962 1261 1050 1314 ipsis
1067 1261 1300 1314 dispersionis

348 1321 597 1373 varietatisque
623 1322 829 1373 linguarum
853 1331 929 1360 orta
951 1322 998 1360 sit
1018 1337 1133 1360 causa.
1167 1323 1299 1375 Fugia-

345 1396 440 1432 mus,
458 1383 615 1432 obsecro,
635 1397 678 1421 ne
694 1384 759 1421 hos
784 1383 988 1421 imitemur:
1004 1393 1038 1421 et
1058 1383 1102 1422 iis
1132 1399 1211 1435 quae
1232 1399 1298 1423 no-

344 1443 401 1481 bis
428 1445 524 1481 Deus
554 1444 724 1482 concessit
757 1459 801 1482 ne
834 1444 1106 1483 abutamur:ac
1135 1454 1299 1483 naturam

341 1503 537 1543 humanam
569 1504 844 1556 considerantes,
876 1520 916 1543 ea
944 1506 1184 1544 consultemus
1219 1521 1297 1557 quae

345 1565 513 1603 mortales
528 1565 690 1603 homines
709 1565 873 1604 deceant:
886 1575 920 1604 et
934 1566 1127 1617 cogitantes
1145 1582 1298 1619 praesen-

345 1625 391 1662 tis
410 1625 492 1662 vitae
516 1625 760 1676 fragilitatem,
791 1640 832 1664 ae
862 1641 973 1676 quam
997 1626 1107 1664 breve
1137 1627 1182 1664 sit
1208 1637 1298 1665 tem-

342 1700 411 1738 pus
427 1685 508 1723 vitae
527 1695 655 1724 nostrae
669 1716 679 1734 ,
701 1687 850 1724 multam
869 1701 931 1739 per
952 1687 1129 1724 bonorum
1148 1702 1298 1739 operum

342 1746 555 1784 exercitium
571 1745 741 1784 fiduciam
772 1746 1027 1785 recondamus:
1040 1756 1073 1784 et
1090 1761 1159 1785 non
1180 1748 1295 1785 solum

342 1820 406 1858 per
427 1806 492 1844 hos
520 1806 596 1844 dies
629 1820 809 1844 servemus
845 1807 976 1859 jejunii
1014 1808 1210 1857 fervorem,
1236 1808 1298 1847 sed

342 1866 450 1904 etiam
468 1867 700 1920 eleemosyna}
712 1867 913 1919 largitatem
929 1877 963 1905 et
974 1883 1121 1920 precum
1141 1870 1297 1908 assidui-

341 1936 462 1965 tatem.
482 1928 624 1965 Etenim
635 1928 771 1980 jejunio
796 1943 918 1981 preces
933 1943 1071 1981 semper
1088 1931 1296 1982 conjunctas

341 2002 416 2025 esse
434 1998 584 2041 oportet.
605 1989 652 2027 Et
668 1989 766 2040 quod
783 1989 851 2027 hoc
872 2004 996 2028 verum
1012 1991 1071 2040 sit,
1087 1991 1171 2029 audi
1189 1993 1297 2030 Chri-

342 2057 438 2087 stum
464 2049 657 2088 dicentem:
672 2052 757 2088 Hoc
777 2064 897 2102 genus
917 2052 1196 2090 daemoniorum
1219 2068 1298 2091 non

345 2111 539 2162 egreditur
564 2114 639 2148 nisi
668 2114 710 2148 in
739 2114 963 2162 precatione
988 2121 1026 2149 et
1047 2115 1215 2165 jejunio.
1252 2115 1297 2153 Et

344 2171 474 2208 iterum
501 2170 546 2208 de
577 2171 746 2223 apostolis
768 2171 900 2209 dicitur
919 2174 1047 2209 :Nam
1074 2187 1160 2211 eum
1190 2188 1298 2213 oras-

345 2240 443 2281 sent,
462 2231 591 2281 inquit,
610 2240 646 2269 et
655 2234 913 2283 jejunassent,
930 2235 1298 2273 commendaverant

347 2306 412 2331 eos
431 2294 615 2338 Domino,
634 2295 676 2329 in
695 2306 809 2344 quem
827 2293 1084 2331 crediderant.
1101 2294 1147 2332 Et
1170 2295 1298 2334 iterum

145 2379 171 2399 ι,
189 2369 329 2411 Cor-‚7-5.
348 2353 464 2405 inquit
482 2353 680 2405 apostolus:
699 2355 758 2390 Ne
777 2354 980 2406 fraudetis
1013 2357 1191 2403 invicem,
1224 2359 1299 2394 nisi

342 2416 388 2451 in
403 2416 628 2466 precatione
649 2423 685 2451 et
702 2416 865 2466 jejunio.
887 2412 1024 2452 Vidisti
1044 2416 1221 2465 quomodo
1243 2418 1298 2469 je—

338 2475 483 2527 junium
524 2475 592 2512 hoc
629 2474 788 2512 subsidio
829 2474 1021 2526 indigeat?
1059 2477 1163 2513 Tunc
1204 2478 1298 2516 enim

344 2536 572 2588 potissimum
602 2550 724 2588 preces
756 2550 838 2573 cum
866 2536 1058 2574 attentione
1086 2537 1193 2588 fiunt,
1216 2554 1298 2578 eum

342 2596 542 2649 expeditior
584 2606 636 2635 est
673 2611 771 2635 mens
802 2607 944 2644 nostra,
984 2611 1097 2649 neque
1133 2610 1292 2651 gravata,

343 2672 457 2709 neque
494 2658 588 2696 malo
629 2657 844 2695 deliciarum
885 2672 988 2696 onere
1023 2673 1144 2711 pressa
1177 2661 1295 2700 fuerit.

344 2721 476 2770 Magna
518 2733 618 2756 arma
647 2728 729 2756 sunt
763 2733 906 2771 preces,
939 2733 1066 2771 magna
1104 2722 1296 2773 securitas,

345 2794 495 2831 magnus
537 2780 742 2829 thesaurus,
780 2794 932 2832 magnus
966 2791 1115 2833 portus,
1155 2783 1295 2822 tutissi-

347 2855 426 2878 mus
450 2841 547 2878 locus
567 2857 575 2878 :
599 2841 707 2879 modo
740 2841 851 2879 sobrii
878 2851 911 2879 et
939 2842 1067 2894 vigiles
1103 2844 1296 2883 Dominum

346 2901 528 2951 adeamus,
551 2912 667 2940 mente
683 2912 800 2941 nostra
816 2903 974 2954 undique
995 2904 1154 2954 collecta,
1177 2905 1296 2944 inimi-

1310 2149 1357 2173 ³01

870 144 1054 174 JOQNMS
1091 143 1328 173 CHRYSOST.
1370 144 1972 177 ARC111EP.CONSTANT1NOP.

1379 228 1439 262 τοῦ
1453 225 1620 275 ὀνόματος
1636 227 1867 279 προσηγορία·
1884 229 1922 266 τὸ
1940 227 2066 267 Φαλὲκ
2083 229 2189 282 γὰρ”
2169 246 2300 281 ονομα,
2315 232 2400 285 ὅπερ

1375 286 1394 321 6
1408 283 1518 336 “Essap
1533 285 1868 339 ἐπεθηκετῶπαιδὶ,
1880 289 2238 341 μερισμὸνσημαίνει.
2249 290 2401 331 Ἔπειτα

1376 346 1398 390 ἡ
1414 348 1474 382 τοῦ
1493 344 1601 383 τόπου
1627 348 1861 399 προσηγορία·
1882 349 2048 401 σύγχυσις
2073 351 2141 403 γὰρ
2157 354 2175 389 6
2189 351 2292 396 τόπος
2316 355 2400 392 ὠνο-

1377 405 1545 455 μοίσθη,ἰ
1532 405 1617 458 όπερ
1635 407 1709 445 ἐστὶ
1727 408 1909 447 Βαὸυλών.
1935 409 2088 449 Επειτα
2111 411 2211 456 αὐτὸς
2229 411 2272 451 b6
2288 412 2400 466 ‘'EGep

1377 465 1478 516 ἔμενε
1496 465 1560 513 τὴν
1584 467 1692 514 αὐτὴν
1717 468 1808 520 ἔχων
1832 470 1946 509 διαλ
1904 487 1994 545 εςιν,
2013 471 2123 524 ἥνπερ
2142 473 2201 511 καὶ
2220 474 2401 526 πρότερον,

1372 526 1429 564 ι’να
1448 527 1507 564 καὶ
1520 530 1622 565 τοῦτο
1635 535 1780 578 σημεῖον
1794 529 1935 582 ἐναργὲς
1953 531 2097 582 γένηται
2109 548 2170 579 της
2188 534 2400 585 διαιρέσεως.

1374 581 1474 630 Εἶδες
1495 587 1551 626 διὰ
1570 604 1688 627 ποσων
1707 589 1886 637 ἠὸουλήθη
1912 591 2052 638 διηνεκῆ·
2070 592 2134 638 τὴν
2158 593 2300 645 μνήμην
2320 595 2399 633 δια-

1375 648 1567 697 σωζεσθαι,
1601 666 1660 688 και
1683 650 1856 698 μηοέποτε
1883 651 1976 704 λήθῃ
1999 654 2238 705 παραδοθηναι
2265 656 2304 694 τὸ
2322 656 2400 694 τότε

1374 725 1412 760 γε
1414 710 1620 762 γενημένον,
1642 711 1737 749 Και
1727 711 1795 763 γὰρ
1817 711 1851 756 ἐξ
1874 712 2005 751 ἐκείνου
2020 713 2140 751 λοιπὸν
2161 714 2280 769 πατὴρ
2299 717 2399 754 παιδὶ

1374 770 1527 822 ἀνάγκην
1547 775 1621 823 εἶχε
1639 770 1702 817 τὴν
1724 772 1837 810 αἰτίαν
1855 772 1967 824 λέγειν
1986 777 2048 820 τῆς
2063 774 2290 826 ἑτεροφωνίας
2308 806 2317 824 ,
2339 777 2399 816 καὶ

1373 836 1455 875 παῖς
1483 832 1580 884 παρὰ
1611 849 1742 884 πατρος
1769 834 1954 883 υ.ανθανειν
1979 835 2091 882 ἐζητει
2121 840 2184 883 τῆς
2204 852 2263 876 του
2289 838 2395 877 τόπου

1373 892 1607 944 προσηγορίας
1642 893 1705 941 τὴν
1735 895 1868 933 αἷτίαψ
1891 896 2062 934 Βαὸυλὼν
2095 898 2161 951 γὰρ
2184 899 2242 937 διὰ
2261 905 2360 939 τοῦτο
2379 905 2397 940 6

1372 952 1477 996 τόπος
1494 953 1682 1004 ὠνομάσθη
1699 984 1708 1000 ,
1728 955 1814 1008 ὅπερ
1832 958 1906 995 ἐστὶ
1923 957 2088 1009 σύγχυσις
2099 989 2108 1007 ,
2131 959 2186 997 ὅτι
2214 962 2287 998 ἐκεῖ
2314 978 2397 1000 συν-

1374 1012 1451 1064 έχεε
1482 1013 1607 1065 Κύριος
1625 1017 1642 1052 6
1667 1015 1756 1058 Θεὸς
1785 1016 1829 1054 τὰ
1859 1017 1959 1068 χείλη
1986 1018 2102 1066 πάσης
2135 1022 2197 1066 τῆς
2229 1023 2314 1073 γῆς,
2337 1023 2397 1060 καὶ

1374 1075 1502 1112 ἐκεῖθεν
1535 1074 1729 1128 διέσπειρεν
1757 1078 1889 1122 αὐτούς.
1915 1079 2110 1132 Ἀμφότεροι
2143 1085 2165 1128 ἡ
2194 1086 2254 1120 τοῦ
2289 1083 2397 1122 τόπου

1374 1135 1592 1188 προσηγορία
1608 1136 1791 1185 σημαίνειν
1814 1154 1873 1189 μοι
1892 1140 2002 1185 δοκεῖ,
2017 1141 2077 1178 καὶ
2092 1141 2145 1179 ὅτι
2161 1141 2224 1186 τὰς
2237 1142 2397 1194 γλώσσας

1375 1195 1534 1248 συνέχεε,
1553 1197 1612 1234 καὶ
1626 1197 1768 1236 αὐτόθεν
1785 1198 1847 1245 τὴν
1865 1200 2057 1253 διασπορὰν
2071 1201 2274 1252 ὑπέμειναν.

1428 1257 1641 1305 Ἠκούσατε,
1681 1259 1876 1309 ἀγαπητοὶ,
1905 1260 2008 1299 πόθεν
2050 1264 2164 1306 αὐτοῖς
2184 1266 2206 1310 ἡ
2234 1268 2296 1311 τῆς
2321 1265 2401 1303 δια-

1374 1326 1506 1371 σπορᾶς
1525 1318 1686 1362 ὑπόθεσις
1707 1319 1825 1371 γέγονε
1840 1349 1849 1365 ,
1873 1320 1932 1359 καὶ
1959 1325 2027 1359 τῶν
2047 1324 2210 1373 γλωττῶν
2228 1329 2250 1372 ἡ
2272 1324 2399 1378 διαίρε-

1375 1395 1438 1422 σις.
1473 1378 1663 1430 Φύγωμεν,
1690 1383 1908 1431 παρακαλῶ,
1942 1381 2004 1429 τὴν
2046 1383 2208 1433 μίμησιν,
2236 1385 2296 1423 καὶ
2328 1391 2399 1430 τοῖς

1373 1440 1469 1491 παρὰ
1491 1444 1550 1477 τοῦ
1569 1442 1661 1478 Θεοῦ
1681 1445 1954 1493 παρασχεθεῖσιν
1978 1446 2062 1493 ἡμῖν
2084 1447 2131 1487 εἷς
2158 1444 2232 1483 δέον
2253 1446 2396 1499 χρησώ-

1379 1505 1488 1552 μεθα,
1507 1502 1566 1539 καὶ
1585 1501 1648 1549 τὴν
1665 1501 1834 1553 φύσιντὴν
1856 1504 2075 1554 ἀνθρωπίνην
2096 1507 2290 1550 ἐννοοῦντες
2306 1507 2396 1546 οὕτω

1375 1562 1618 1613 βουλευώμεθα
1629 1592 1639 1610 ,
1656 1566 1701 1606 ὡς
1723 1563 1811 1606 εἰκὸς
1826 1563 2024 1615 ἀνθρώπους
2038 1566 2291 1615 βουλεύσασθαι
2305 1571 2391 1616 θνη-

1372 1623 1450 1668 τοὺς
1468 1624 1701 1676 τυγχάνοντας
1714 1640 1721 1646 ·
1745 1624 1803 1662 καὶ
1819 1625 2035 1676 λογιζόμενοι
2055 1632 2114 1665 τοῦ
2132 1628 2301 1680 παρόντος
2319 1630 2394 1681 βίου

1371 1686 1410 1724 τὸ
1429 1685 1606 1737 ἐπίκηρον,
1622 1685 1681 1722 καὶ
1699 1688 1744 1728 ὡς
1765 1685 1897 1738 βραχὺς
1915 1689 1932 1723 6
1950 1690 2012 1733 τῆς
2031 1690 2120 1734 ζωῆς
2135 1692 2236 1738 ἡμῶν
2252 1690 2393 1741 χρόνος,

1371 1746 1504 1793 πολλὴν
1540 1748 1672 1788 ἑαυτοῖς
1708 1747 1908 1798 παρρησίαν
1943 1748 2225 1799 προαποθώμεθα
2252 1750 2309 1788 διὰ
2335 1754 2398 1798 τ’ἧς

1370 1810 1439 1845 τῶν
1476 1809 1614 1858 ἀγαθῶν
1646 1806 1802 1860 πράξεων
1837 1807 2021 1859 ἐργασίας·
2051 1809 2111 1846 καὶ
2142 1809 2314 1859 μὴμόνον
2335 1813 2397 1856 τῆς

1371 1868 1531 1915 νηστείας
1550 1868 1614 1915 τὴν
1636 1867 1794 1906 ἐπίτασιν
1818 1868 1909 1906 κατὰ
1930 1867 1990 1911 τὰς
2013 1868 2148 1920 ἡμέρας
2170 1869 2296 1914 ταύτας
2318 1873 2395 1909 ἐπι-

1372 1929 1580 1979 δειξώμεθα,
1614 1928 1705 1966 ἀλλὰ
1744 1928 1802 1966 καὶ
1842 1928 2076 1979 ἐλεημοσύνης
2113 1930 2294 1982 δαψίλειαν
2336 1931 2396 1969 καὶ

1370 1989 1566 2042 προσευχὰς
1590 1992 1746 2033 ἐκτενεῖς.
1776 1989 1845 2027 Καὶ
1875 1989 1941 2041 γὰρ
1977 1993 2020 2042 τῇ
2041 1990 2182 2043 νηστεία
2203 1990 2266 2038 τὴν
2286 2008 2394 2045 προσ-

1372 2050 1476 2104 ευχὴν
1494 2051 1546 2089 ἀεὶ
1567 2053 1788 2102 συνεζεῦχθαι
1802 2052 1863 2088 δεῖ.
1880 2051 1947 2088 Καὶ
1963 2051 2017 2090 ὅτι
2033 2052 2134 2090 τοῦτό
2146 2055 2239 2091 ἐστιν
2252 2054 2394 2101 ἀληθὲς,

1373 2112 1475 2150 ἄκουε
1495 2117 1553 2150 τοῦ
1586 2113 1739 2163 Χριστοῦ
1770 2111 1950 2162 λέγοντος·
1984 2113 2099 2151 Τοῦτο
2129 2113 2168 2151 τὸ
2208 2130 2304 2165 γενος
2335 2117 2396 2153 οὒκ

1322 2186 1349 2214 Α
1372 2173 1614 2225 ἐκπορεύεται,
1635 2175 1666 2210 εἰ
1697 2172 1745 2223 μὴ
1770 2174 1805 2210 ἐν
1831 2189 2008 2225 προσευχῇ
2046 2190 2106 2211 και
2135 2175 2289 2227 νηστεία.
2325 2177 2396 2214 Καὶ

1371 2234 1505 2273 πάλιν
1492 2249 1548 2271 επι
1567 2237 1636 2271 τῶν
1658 2234 1877 2280 ἀποστόλων,
1896 2234 2178 2285 Προσευξάμενοι
2191 2235 2276 2289 γὰρ,
2291 2251 2394 2287 φησι,

1371 2296 1431 2334 καὶ
1451 2294 1698 2341 νηστεύσαντες
1716 2294 1904 2346 παρέθεντο
1925 2295 2046 2338 αὐτοὺς
2068 2298 2118 2347 τῷ
2138 2296 2275 2348 Κυρίῳ,
2292 2299 2339 2340 εἷς
2358 2298 2394 2336 ὃν

1371 2356 1675 2395 πεπιστεύκεισαν.
1708 2356 1777 2394 Καὶ
1806 2356 1911 2394 πάλιν
1931 2360 1948 2394 6
1985 2356 2176 2400 ἀπόστολος
2191 2388 2200 2403 ,
2222 2357 2283 2404 Μὴ
2305 2361 2394 2397 ἀπο·

1371 2424 1546 2469 στερεῖτε,
1568 2418 1684 2469 φησὶν,
1719 2416 1911 2463 ἀλλήλους,
1933 2417 1962 2454 εἷ
1984 2417 2032 2468 μὴ
2065 2419 2099 2454 ἐν
2128 2421 2306 2470 προσευχῇ
2336 2420 2395 2457 καὶ

1369 2478 1525 2530 νηστείᾳ.
1544 2472 1643 2521 Εἶδες
1663 2480 1737 2520 πῶς
1757 2478 1868 2515 δεῖται
1893 2480 1954 2523 τῆς
1974 2479 2126 2516 ἐντεῦθεν
2148 2478 2353 2530 συμμαχίας
2373 2483 2394 2526 ἡ

1370 2539 1530 2587 νηστεία,
1561 2539 1652 2577 Τότε
1684 2538 1750 2590 γὰρ
1783 2539 1937 2588 μάλιστα
1976 2538 2035 2576 καὶ
2070 2538 2159 2589 μετὰ
2190 2539 2326 2591 νήψεως
2360 2543 2395 2578 αἱ

1369 2600 1560 2653 προσευχαὶ
1580 2599 1752 2649 γίνονται,
1781 2599 1991 2651 κουφοτέρας
2011 2602 2071 2645 τῆς
2097 2599 2246 2642 διανοίας
2267 2615 2396 2652 τυγχα-

1369 2662 1514 2709 νούσης,
1532 2661 1590 2698 καὶ
1605 2661 1714 2699 οὐδενὶ
1733 2660 1949 2712 βαρουμένης
1962 2690 1971 2707 ,
1989 2659 2066 2697 οὐδὲ
2085 2660 2152 2698 ὑπὸ
2166 2664 2225 2697 τοῦ
2242 2664 2395 2713 πονηροῦ

1368 2726 1430 2769 τῆς
1450 2726 1578 2775 τρυφῆς
1598 2721 1736 2773 φορτίου
1757 2721 1975 2772 πιεζομένης.
1996 2720 2100 2771 Μέγα
2133 2720 2202 2773 γὰρ
2235 2720 2342 2760 ὅπλον
2372 2725 2394 2767 ἡ

1370 2783 1455 2835 εὐχὴ
1469 2814 1478 2830 ,
1511 2782 1644 2833 μεγοίλη
1682 2782 1875 2833 ἀσφάλεια,
1905 2781 2014 2832 μέγας
2052 2782 2225 2833 θησαυρὸς
2241 2810 2249 2825 ,
2288 2782 2396 2835 μέγας

1369 2844 1489 2895 λιμὴν,
1505 2844 1631 2881 ἄσυλον
1651 2842 1778 2894 χωρίον
1791 2859 1798 2865 ·
1818 2843 1920 2893 μόνον
1936 2843 1995 2880 ἐὰν
2015 2842 2177 2894 νήφοντες
2193 2843 2396 2894 προσίωμεν

1370 2909 1419 2959 τῷ
1439 2904 1600 2956 Αεσπότη
1613 2934 1622 2950 ,
1638 2905 1698 2942 καὶ
1718 2905 1935 2956 πανταχόθεν
1957 2904 2160 2955 συνάγοντες
2180 2906 2313 2942 ἑαυτῶν
2332 2904 2395 2950 τὴν

347 2977 457 3013 coque
478 2972 604 3001 nostrae
623 2963 749 3002 salutis
769 2964 868 3003 nullo
890 2965 989 3003 aditu
1006 2965 1190 3019 permisso.
1208 2969 1299 3007 Cum
1327 2973 1349 3002 B
1371 2968 1536 3013 διάνοιαν,
1560 2965 1649 3004 οὕτω
1689 2965 1751 3012 τὴν
1790 2965 1958 3017 πρόσοδον
1996 2964 2196 3015 ποιώμεθα,
2221 2964 2396 3015 μηδεμίαν

346 3023 433 3061 sciat
453 3024 545 3062 enim
566 3024 731 3063 inimicus
764 3035 901 3076 noster,
922 3040 984 3064 nos
1016 3041 1079 3079 per
1100 3036 1238 3080 tempus
1259 3030 1302 3068 il-

1371 3028 1596 3082 παρείσδυσιν
1611 3026 1758 3069 διέόντες
1776 3030 1823 3078 τῷ
1841 3029 1955 3078 ἐχθρῷ
1968 3030 2029 3072 τῆς
2044 3025 2218 3077 σωτηρίας
2232 3028 2294 3072 τῆς
2309 3030 2397 3076 ἦμε-

388 3152 405 3176 1,
424 3151 464 3182 Id
486 3151 575 3193 quod
600 3151 652 3184 liic
678 3152 726 3184 ait.
751 3152 1026 3197 Chrysostomus‚
1044 3155 1209 3187 Heberum
1237 3166 1353 3196 nempe
1388 3156 1514 3187 nonita
1541 3162 1667 3186 certum
1695 3162 1756 3187 cst.
1777 3154 1970 3195 Disputatur
1997 3160 2106 3185 autem
2135 3159 2208 3184 utra
2237 3150 2397 3183 dialectus

342 3204 485 3246 priscam
509 3215 651 3236 servasse
668 3204 866 3245 dialectum,
883 3206 1013 3248 qualem
1032 3206 1177 3239 adamus
1197 3206 1353 3249 loqueba·
1388 3208 1580 3250 primigenia
1600 3206 1696 3238 suerit
1712 3205 1916 3238 ttcbraicnne
1939 3217 1980 3237 an
2003 3203 2183 3236 Clialdaica
2198 3216 2207 3247 ς
2224 3215 2284 3246 pro
2305 3211 2397 3235 utra·

345 3264 410 3294 tur,
429 3254 510 3286 illud
522 3281 529 3293 ‚
554 3256 686 3298 inquam
698 3283 705 3293 ,

732 3256 859 3299 aliquot
885 3257 1142 3291 difficultatibus
1168 3258 1349 3291 obnoxium
1385 3271 1447 3302 que
1477 3260 1631 3301 opinione
1656 3265 1747 3289 stant
1774 3269 1841 3290 non
1871 3255 2054 3299 spernenda
2083 3262 2298 3299 argumenta,
2325 3265 2397 3297 quae

343 3315 415 3340 est:
440 3319 515 3339 nain
543 3314 652 3339 utrum
682 3308 789 3341 netu-r
812 3311 952 3351 priscam
979 3309 1123 3355 linguam
1153 3313 1350 3355 servaverit,

1386 3310 1514 3355 longius
1529 3319 1611 3343 essct
1631 3310 1761 3343 referre.
