2516 3791
340 110 432 156 318

336 207 493 253 datione,
512 206 574 245 sed
593 215 632 244 ut
652 219 715 244 nos
734 205 781 243 ad
794 205 885 242 illud
896 205 1040 256 signum
1051 202 1290 254 respicienteS,
1317 202 1341 231 C

337 268 429 307 nihil
450 268 585 306 durum
601 266 835 319 suspicemur,
852 265 914 303 sed
932 263 1052 302 statim
1068 261 1296 299 recordemur

334 328 470 368 divinae
485 327 744 382 promissionis,
757 335 790 364 et
805 323 1025 363 confidamus
1041 321 1134 359 nihil
1147 334 1210 358 nos
1225 320 1295 357 tale

336 404 516 442 passuros.
793 426 801 434 ,

390 452 426 488 5.
455 448 593 489 Vidisti
616 456 788 498 quantum
805 447 901 483 Deus
916 459 952 482 se
965 451 1111 496 propter
1129 450 1293 480 nostram

336 511 580 549 infirmitatem
614 507 778 545 demittat
791 537 801 555 ,
831 515 1001 557 quantam
1038 517 1161 542 euram
1196 510 1294 554 gerat

335 571 447 609 nostri
470 569 626 621 generis,
648 577 818 619 quantam
839 565 1092 605 misericordiae
1113 563 1293 616 magnitu-

334 631 457 669 dinem
489 629 658 676 declaret,
679 642 749 666 non
778 628 861 679 quia
879 626 1068 665 hominum
1087 625 1294 664 conversio—

334 705 416 729 nem
437 690 542 739 vidit,
556 690 619 728 sed
634 699 672 728 ut
691 704 754 742 per
767 689 887 727 omnia
901 703 964 727 nos
978 689 1103 726 doceat
1116 688 1293 739 ingentem

335 766 437 790 suam
452 752 676 790 bonitatem?
691 753 746 789 Ec
763 765 841 788 non
856 753 927 788 erit
941 750 1046 787 ultra
1062 763 1168 801 aqua
1183 752 1225 786 in
1237 750 1294 785 di-

336 814 500 863 luvium,
520 816 577 850 ita
606 821 649 851 ut
677 813 806 850 deleat
834 825 986 849 omnem
1011 824 1168 848 carnem
1191 826 1201 845 :
1225 824 1294 847 non

335 874 493 926 amplius
511 874 579 911 erit
595 873 770 925 ejusmodi
785 872 924 925 pluvia.
944 871 1036 918 Quia
1054 871 1158 909 scivit
1170 870 1238 908 boc
1252 871 1296 907 ti-

336 947 432 971 mere
456 934 650 972 humanam
672 943 850 982 naturam,
871 932 955 971 vide
984 931 1164 983 quomodo
1183 931 1295 968 conti·
1315 940 1340 969 D

335 1008 407 1032 nuo
423 994 491 1032 hoc
512 995 712 1046 pollicetur,
731 994 833 1044 quasi
845 993 967 1031 dicens
991 1008 999 1028 ε
1023 991 1175 1029 Etiamsi
1193 991 1294 1029 vide-

335 1054 413 1092 ritis
428 1055 560 1093 multos
576 1055 707 1093 imbres
726 1053 880 1101 demitti,
900 1067 943 1091 ne
957 1052 1044 1103 quid
1063 1050 1146 1089 inde
1161 1050 1292 1089 durum

334 1116 564 1168 suspicemini
583 1125 645 1154 aut
664 1115 829 1154 metuatis
848 1129 855 1149 ε
873 1116 965 1153 Non
983 1113 1079 1151 enim
1096 1116 1167 1150 erit
1187 1126 1294 1165 aqua

334 1179 376 1213 in
400 1178 606 1223 diluvium,
624 1180 680 1214 ita
704 1186 745 1214 ut
775 1177 903 1214 deleat
933 1188 1084 1212 omnem
1100 1188 1258 1211 earnem
1280 1189 1291 1208 .-

334 1238 415 1275 talis
431 1238 545 1276 imber
564 1252 633 1276 non
655 1238 723 1276 erit
741 1237 846 1284 ultra,
861 1245 997 1274 tantam
1012 1234 1294 1287 indignationem

334 1312 403 1337 non
434 1299 528 1337 ultra
554 1300 757 1352 experietur
781 1299 981 1336 humanum
1010 1311 1135 1349 genus.
1157 1299 1219 1335 16.
1240 1299 1293 1334 Et

333 1362 419 1406 erit,
438 1360 569 1411 inquit,
591 1374 704 1399 arcus
725 1374 831 1398 meus
845 1362 887 1396 in
902 1361 1016 1404 nube,
1033 1367 1068 1395 et
1090 1358 1231 1394 videbo
1252 1366 1293 1394 ut

333 1423 512 1459 recorder·
537 1424 759 1459 testamenti
789 1423 924 1458 ceter-ni
955 1422 1057 1457 inter
1084 1420 1234 1464 Deum,
1258 1427 1295 1456 et

333 1485 436 1519 inter
452 1485 631 1519 annnam
651 1485 850 1519 viventem
869 1483 911 1517 in
931 1482 1036 1517 omni
1054 1493 1184 1517 carne.
1201 1479 1295 1516 Con-

332 1542 449 1581 sidera
467 1542 647 1593 quomodo
662 1542 786 1580 volens
804 1542 999 1579 humanam
1014 1549 1177 1577 naturam
1191 1539 1236 1577 ad
1251 1540 1294 1577 fi-

331 1603 414 1641 dem
429 1613 462 1641 et
473 1604 614 1641 firmam
632 1602 896 1655 persuasionem
915 1601 1096 1648 inducere,
1109 1608 1205 1637 tanta
1218 1614 1294 1638 ver·
1315 1608 1338 1637 E

331 1664 460 1701 borum
486 1679 570 1701 usus
595 1665 641 1702 sit
664 1662 966 1715 attemperatione.
993 1661 1041 1698 Et
1064 1660 1213 1707 videbo,
1239 1661 1292 1699 in-

332 1724 426 1775 quit,
447 1734 487 1762 ut
512 1724 678 1763 recorder
699 1723 900 1762 testamenti
925 1722 1006 1760 mei.
1029 1722 1171 1772 Ergone
1198 1722 1295 1760 visus

331 1787 449 1838 ipsum
469 1785 506 1823 in
530 1785 741 1824 memoriam
755 1785 881 1823 ducit?
904 1785 983 1821 Non
1003 1792 1043 1820 ut
1057 1783 1125 1820 hoc
1140 1783 1296 1835 suspice-

331 1860 434 1896 mur;
449 1847 544 1884 absit
554 1862 565 1895 5
577 1846 639 1884 sed
654 1855 704 1895 ut,
717 1845 862 1896 quando
877 1845 1044 1883 videmus
1058 1844 1202 1895 signum
1214 1844 1295 1893 hoc,

332 1908 399 1945 Dei
414 1907 641 1959 promissioni
658 1907 893 1955 confidamus,
906 1905 990 1943 certi
1007 1919 1076 1943 non
1093 1919 1166 1942 esse
1180 1905 1294 1957 possi-

331 1969 404 2006 bile
430 1970 496 2007 Dei
517 1969 769 2021 promissiones
789 1968 1012 2006 intercidere.
1032 1969 1093 2005 17.
1115 1969 1169 2004 Et
1195 1968 1295 2005 dixit

332 2032 452 2079 Deus,
466 2031 595 2081 inquit,
614 2032 666 2068 ad
681 2032 764 2068 21⁴0&
777 2046 787 2066 .·
802 2031 888 2067 Hoc
904 2032 1055 2080 signum
1076 2030 1296 2066 testamenti

333 2094 409 2129 mei
425 2094 529 2144 quod
537 2095 649 2143 posui
667 2094 769 2128 inter
784 2105 855 2137 me,
873 2099 908 2127 et
922 2093 1023 2127 inter
1043 2103 1193 2126 omnem
1208 2103 1294 2126 car-

334 2167 419 2189 nem
432 2167 517 2203 qlcoe
533 2161 589 2189 est
603 2166 716 2203 super
727 2161 882 2188 terram.
899 2149 1093 2201 Accepisti,
1106 2149 1233 2200 inquit,
1247 2149 1294 2187 si-

333 2227 444 2263 gnum
469 2213 507 2250 id
527 2212 622 2263 quod
643 2211 726 2249 dedi
749 2212 839 2249 inter
859 2225 914 2248 me
935 2221 969 2247 et
991 2224 1132 2247 omnem
1152 2224 1292 2247 carnem
1303 2240 1352 2263 273

333 2289 411 2324 qum
422 2283 472 2311 est
486 2283 744 2325 superterram.
756 2273 809 2310 Ne
821 2272 913 2309 ultra
926 2270 1153 2309 confundaris
1164 2280 1292 2321 mente,
1315 2277 1341 2305 Α

332 2346 376 2369 ne
389 2332 542 2369 turberis
559 2332 677 2369 animo
692 2347 699 2367 :
715 2331 775 2368 scd
790 2330 836 2368 ad
851 2331 919 2368 hoc
936 2330 1126 2382 respi‹·e,et
1143 2330 1216 2382 ipse
1228 2331 1293 2368 bo-

333 2407 416 2430 nam
446 2407 544 2445 spem
572 2393 715 2441 habeto,
735 2401 768 2430 et
788 2406 908 2429 omnes
927 2391 989 2442 qui
1014 2400 1091 2443 post
1121 2401 1153 2429 te
1180 2391 1293 2429 futuri

333 2463 415 2492 sunt
441 2454 527 2491 hinc
554 2454 830 2491 consolationem
855 2453 1056 2504 accipiant:
1074 2461 1107 2490 et
1131 2462 1292 2505 aspectus

333 2515 425 2565 signi
446 2514 619 2552 fiduciam
638 2514 687 2552 eis
705 2523 862 2566 praestet,
883 2513 979 2564 quod
997 2527 1193 2563 numquam
1212 2514 1292 2552 talis

778 124 816 153 S.
855 122 1039 153 JOAN'le
1075 119 1298 151 CHRYSOST
1308 138 1316 147 .

333 2584 522 2627 tempestas
553 2584 685 2613 terram
718 2575 888 2612 invasura
922 2574 979 2611 sit.
1003 2575 1096 2619 Nam
1129 2574 1292 2625 quamvis

332 2645 475 2688 peccata
494 2637 682 2674 hominnm
703 2644 871 2684 crescant,
892 2649 956 2686 ego
975 2644 1090 2672 tamen
1111 2650 1189 2685 quse
1210 2650 1292 2688 pro-

331 2697 413 2734 misi
433 2697 651 2749 adimplebo,
672 2706 705 2734 ct
726 2710 924 2746 numquam
947 2696 1052 2733 talem
1073 2695 1291 2747 indignatio-

333 2771 412 2795 nem
444 2758 478 2795 in
504 2772 625 2795 omnes
649 2757 838 2795 exhibebo.
855 2757 1011 2796 Vidistis
1036 2771 1143 2808 quam
1169 2757 1292 2809 ingens

333 2819 379 2855 sit
396 2818 542 2856 Domini
558 2819 722 2856 bonitas?
734 2818 874 2856 vidistis
887 2827 1060 2868 quantum
1075 2818 1119 2855 ad
1137 2827 1292 2856 nostram

332 2879 506 2916 vilitatem
528 2880 645 2917 verbis
668 2893 703 2916 se
728 2879 918 2917 demittat?
934 2878 1078 2916 vidistis
1107 2879 1182 2931 ejus
1210 2893 1291 2929 erga

333 2954 395 2977 nos
412 2939 644 2992 providentiae
660 2939 971 2990 magnitudinem?
986 2938 1129 2977 vidistis
1143 2939 1293 2991 promit-

334 3001 437 3038 tentis
453 3001 727 3038 liberalitatem?
745 3002 824 3038 Non
845 3000 939 3038 enim
960 3000 1171 3038 heneficium
1187 3014 1290 3038 suum

336 3076 447 3112 usque
465 3061 508 3099 ad
529 3061 630 3109 duas,
650 3063 706 3099 vel
728 3071 811 3107 tres,
831 3062 887 3100 vel
906 3061 1028 3099 decem
1050 3061 1292 3113 generationes

335 3122 508 3170 extendit,
520 3123 581 3160 sed
597 3123 759 3175 promisit
769 3123 942 3174 quamdiu
958 3122 1125 3160 subsistet
1138 3121 1293 3160 mundus

335 3182 602 3221 extendendum
622 3199 628 3219 :
649 3193 684 3221 ut
702 3198 745 3221 ex
768 3193 917 3234 utroque
934 3182 1189 3221 emendatiores
1206 3181 1292 3220 red-

1317 2954 1339 2983 R

1358 118 1547 147 Ancum?
1557 137 1567 146 .
1605 117 1960 149 CONSTANTINOP-

1365 215 1438 245 τες,
1464 197 1570 248 μηδὲν
1605 199 1855 250 ὓποπτεύωμεν
1881 199 2056 251 χαλεπὸν,
2084 201 2159 238 ἀλλ’
2191 199 2312 244 εὐθέως
2340 203 2387 243 εἰς

1363 259 1559 309 ὑπόμνησιν
1583 259 1764 310 ἐρχόμενοι
1785 264 1846 307 τῆς
1862 265 1922 299 τοῦ
1939 263 2031 299 Θεοῦ
2046 261 2277 312 ἐπαγγελίας,
2307 264 2386 312 θαῤ-

1361 321 1476 370 ῥῶμεν
1496 321 1542 362 ὡς
1561 319 1657 356 οὐδὲν
1675 319 1690 339 ¹'
1705 324 1838 359 τοιοῦτο
1857 321 2064 372 πεισόμεθα.

1415 435 1518 484 Εἶδες
1543 444 1636 481 Θεοῦ
1658 445 1934 496 συγκατάὸασιν,
1955 445 2038 492 ὅσην
2059 452 2211 484 ποιεῖται
2230 447 2387 496 κηδεμο-

1364 502 1438 540 νίαν
1467 507 1528 540 τοῦ
1553 503 1671 554 γένους
1689 508 1749 542 τοῦ
1774 505 1959 558 ἡμετέρου,
1979 505 2085 544 πόσον
2107 507 2249 558 μέγεθος
2269 509 2388 558 φιλαν-

1364 562 1518 614 θρωπίας
1540 563 1752 611 ἐπεδείξατο,
1775 566 1838 602 οὐκ
1858 565 1978 612 ἐπειδὴ
1999 560 2067 603 εἶδε
2085 566 2148 612 τὴν
2168 569 2237 604 τῶν
2258 566 2388 618 ἀνθρώ-

1363 639 1439 661 πων
1457 623 1668 674 μεταὸολὴν,
1688 625 1765 663 ἀλλ’
1781 625 1838 663 ἵνα
1852 625 1910 663 διὰ
1925 624 2064 663 πάντων
2080 630 2174 676 ἡμᾶς

2194 626 2287 639 RNV

2191 627 2311 678 οιοάςῃ
2326 630 2389 673 τῆς

1365 684 1579 736 ἀγαθότητος
1607 687 1710 723 αὐτοῦ
1730 686 1794 732 τὴν
1811 686 2006 737 ὑπερὸολήν
2021 702 2031 734 ;
2053 686 2122 724 Καὶ
2141 688 2203 724 οὐκ
2223 687 2321 726 ἔσται
2338 690 2389 726 ἐτι

1364 744 1455 797 ὕδωρ
1472 747 1520 788 εἷς
1538 747 1799 797 κατακλυσμὸν,
1818 747 1910 785 ὥστε
1928 746 2107 799 ἐξαλεῖψαι
2126 754 2243 786 πᾶσαν
2263 747 2387 800 σάρκα·

1363 809 1517 850 τοιοῦτος
1535 806 1664 859 ὄμῧρος
1683 808 1797 845 οὐκέτι
1817 807 1926 846 ἔσται.
1950 807 2096 854 Ἐπειδὴ
2120 801 2189 846 οἶδε
2208 813 2309 846 τοῦτο
2332 809 2389 846 δε-

1364 868 1518 905 δοικυῖαν
1547 866 1610 913 τὴν
1643 868 1861 919 ἀνθρωπίνην
1893 867 2007 919 φύσιν,
2041 868 2106 921 ὅρα
2138 871 2212 912 πῶς
2237 872 2389 922 συνεχῶς

1363 933 1516 965 ποιεῖται
1537 927 1599 975 τὴν
1622 928 1825 981 ὑπόσχεσιν,
1846 929 2030 981 μονονουχὶ
2050 929 2161 980 λέγων
2178 945 2185 953 ·
2208 929 2271 967 κᾶν
2291 929 2388 977 ἴδητε

1363 988 1498 1034 πολλὴν
1519 991 1587 1026 τῶν
1610 989 1751 1041 ὄμὸρων
1783 989 1845 1036 τὴν
1870 989 1992 1041 φορὰν,
2023 989 2112 1040 μηδὲ
2127 989 2217 1028 οὕτω
2232 991 2386 1042 χαλεπόν

1362 1064 1396 1086 τι
1423 1049 1676 1096 ὑποπτεύσητε.
1700 1052 1753 1088 Οὐ
1771 1050 1839 1101 γὰρ
1865 1049 1963 1088 ἔσται
1982 1051 2022 1089 τὸ
2039 1051 2132 1102 ὕδωρ
2148 1053 2195 1094 εἷς
2210 1053 2388 1089 κατακλυ-

1363 1110 1463 1160 σμὸν,
1493 1109 1585 1148 ὥστε
1604 1111 1782 1163 ἐξαλεῖψαι
1802 1118 1919 1149 πᾶσαν
1937 1110 2070 1163 σάρκα·
2093 1113 2245 1156 τὀιοῦτος
2260 1113 2389 1165 ὅμὸρος

1363 1171 1479 1209 οὐκέτι
1509 1171 1628 1220 ἔσται,
1654 1173 1817 1219 τοιαύτης
1838 1173 2108 1223 ἀγανακτήσεως
2123 1172 2240 1211 οὐκέτι
2260 1189 2387 1225 πειρα-

1363 1231 1506 1278 θήσεται
1521 1235 1542 1278 ἡ
1566 1236 1634 1270 τῶν
1655 1233 1847 1285 ἅνθρώπων
1868 1232 1980 1285 φύσις.
2015 1234 2086 1272 Καὶ
2104 1234 2216 1279 ἔσται,
2235 1234 2331 1286 φησὶ,
2348 1235 2388 1272 τὸ

1363 1293 1457 1337 τόξον
1482 1309 1545 1344 μου
1576 1295 1609 1331 ἐν
1634 1297 1676 1344 τῇ
1705 1294 1830 1346 νεφέλῃ
1845 1325 1854 1341 ,
1875 1294 1935 1333 καὶ
1960 1296 2093 1347 ὄψομαι
2112 1299 2171 1334 τοῦ
2193 1298 2388 1345 μνησθῆναι

1362 1353 1530 1402 διαθήκην
1553 1353 1692 1392 αἰώνιον
1712 1355 1778 1393 ἀνὰ
1799 1355 1904 1405 μέσον
1920 1360 1980 1394 τοῦ
1999 1358 2103 1403 Θεοῦ,
2119 1356 2179 1394 καὶ
2197 1355 2261 1394 ἀνὰ
2282 1356 2388 1406 μέσον

2042 1434 2056 1445 ,-

2042 1446 2058 1469 ρ

1365 1477 1572 1528 βουλόμενος
1601 1480 1647 1521 εἷς
1673 1477 1798 1529 θάρσος
1823 1479 1883 1515 καὶ
1903 1480 1951 1521 εἷς
1975 1478 2213 1530 πληροφορίαν
2245 1482 2386 1530 ἀγαγεῖν

1362 1416 1477 1462 πάσης
1506 1417 1621 1468 ψυχῆς
1658 1415 1771 1462 ζώσης
1800 1418 1834 1454 ἐν
1862 1416 1959 1468 πάσῃ
1991 1433 2036 1455 σα
2061 1416 2107 1454 κί.
2143 1416 2277 1455 Σκόπει
2312 1420 2386 1461 πῶς

1363 1538 1426 1586 τὴν
1447 1539 1667 1591 ἀνθρωπίνην
1686 1539 1807 1591 φύσιν,
1827 1540 1918 1592 πόσῃ
1942 1540 2166 1586 ταπεινότητι
2185 1543 2253 1578 τῶν
2276 1541 2387 1591 λόγων

1363 1600 1547 1653 κέχρηται.
1581 1600 1651 1638 Καὶ
1668 1602 1820 1652 ὄψομαι,
1840 1602 1944 1653 φησὶ,
1968 1605 2027 1638 τοῦ
2049 1605 2246 1653 μνησθῆναι
2265 1602 2388 1647 διαθή-

1364 1677 1427 1708 κης
1445 1677 1523 1712 μου.
1553 1660 1597 1699 ‘H
1618 1662 1695 1713 ὄψις
1711 1656 1767 1699 οἶν
1785 1664 1831 1706 εἷς
1847 1663 1987 1713 μνήμην
2005 1663 2105 1700 αὐτὸν
2124 1663 2218 1714 ἄγει;
2235 1663 2317 1714 Οὐχ
2331 1662 2388 1701 ἵνα

1364 1727 1464 1761 τοῦτο
1482 1722 1755 1773 ὑποπτεύσωμεν
1774 1739 1780 1747 ·
1803 1723 1852 1774 μὴ
1872 1725 2025 1774 γένοιτο·
2048 1726 2124 1761 ἀλλ’
2144 1724 2200 1762 ἵνα
2214 1724 2295 1762 ὅταν
2311 1725 2389 1762 ἴδω-

1366 1799 1428 1834 μεν
1449 1783 1487 1821 τὸ
1515 1789 1659 1833 σημεῖον
1681 1788 1801 1831 τοῦτο,
1832 1786 1969 1836 Θαῤῥεῖν
1990 1783 2126 1836 ἔχωμεν
2150 1787 2193 1836 τῇ
2215 1787 2274 1821 τοῦ
2295 1786 2387 1822 Θεοῦ

1365 1844 1568 1895 ἐπαγγελίᾳ,
1587 1844 1646 1882 καὶ
1663 1847 1709 1888 ὡς
1728 1845 1793 1896 οὐχ
1811 1839 1879 1883 οἷόν
1897 1861 1934 1883 τε
1951 1846 2129 1883 διαπεσεῖν
2145 1845 2206 1888 τὰς
2221 1848 2280 1883 τοῦ
2297 1847 2389 1884 Θεοῦ

1364 1905 1580 1956 ὑποσχέσεις.
1608 1905 1677 1944 Καὶ
1698 1900 1792 1943 εἶπεν
1811 1909 1828 1944 ὁ
1843 1906 1944 1951 Θεὸς,
1963 1906 2061 1958 φησὶ,
2083 1909 2132 1958 τῷ
2155 1908 2236 1945 Νῶε
2252 1922 2259 1930 ·
2288 1912 2388 1946 τοῦτο

1364 1965 1403 2003 τὸ
1434 1971 1579 2016 σημεῖον
1608 1968 1670 2012 τῆς
1701 1966 1887 2013 διαθήκης,
1920 1961 1960 2012 ἧς
1993 1967 2155 2018 διεθέμην
2184 1966 2249 2005 ἀνὰ
2283 1967 2387 2018 μέσον

1365 2029 1472 2077 ἐμοῦ,
1493 2027 1552 2064 καὶ
1572 2027 1637 2065 ἀνὰ
1655 2027 1759 2077 μέσον
1777 2027 1893 2075 πάσης
1910 2028 2060 2080 σαρκὸς,
2089 2028 2112 2074 ἥ
2134 2030 2227 2067 ἐστιν
2253 2030 2312 2068 ἐπὶ
2326 2031 2388 2075 τῆς

1364 2091 1438 2139 γῆς.
1458 2088 1629 2136 Ἰξλαὸες,
1646 2089 1748 2140 φησὶ,
1767 2089 1806 2127 τὸ
1825 2096 1982 2139 σημεῖον,
2003 2090 2088 2141 ὅπερ
2107 2091 2242 2128 δέδωκα
2260 2091 2388 2142 μεταξὺ

1365 2151 1449 2198 ἐμοῦ
1471 2148 1528 2186 καὶ
1550 2149 1667 2195 πάσης
1691 2149 1818 2202 σαρκὸς
1842 2152 1903 2195 τῆς
1922 2150 2025 2196 οὔσης
2042 2151 2100 2188 ἐπὶ
2115 2154 2177 2196 τ’ἧς
2193 2154 2269 2202 γῆς.
2301 2155 2387 2199 Μη-

1365 2208 1439 2247 κέτι
1459 2210 1630 2262 ταράττου
1651 2209 1713 2256 τὴν
1736 2210 1910 2259 διάνοιαν,
1935 2211 2022 2262 μηδὲ
2041 2213 2186 2264 θορυῧοῦ
2213 2213 2271 2250 τὸν
2290 2215 2388 2264 λογι-

1365 2269 1465 2320 σμὸν,
1483 2269 1570 2306 ἀλλὰ
1586 2271 1672 2321 πρὸς
1689 2274 1790 2308 τοῦτο
1807 2271 1944 2321 βλέπων
1965 2272 2024 2310 καὶ
2044 2273 2144 2315 αὐτὸς
2160 2272 2218 2324 ἔχε
2232 2273 2388 2325 χρηστὰς

1363 2328 1424 2371 τὰς
1444 2328 1599 2372 ἐλπίδας,
1628 2328 1686 2365 καὶ
1712 2331 1742 2366 οἱ
1769 2329 1858 2379 μετὰ
1873 2330 1910 2367 σὲ
1925 2330 2053 2374 πάντες
2066 2335 2128 2377 τῆς
2145 2334 2299 2370 ἐντεῦθεν
2314 2349 2388 2370 πα-

1364 2388 1532 2441 ραμυθίας
1570 2388 1840 2427 ἀπολαυέτωσαν
1856 2420 1865 2437 ,
1899 2390 1958 2428 καὶ
1992 2407 2013 2438 η
2045 2391 2121 2444 ὄψις
2153 2396 2213 2430 τοῦ
2242 2393 2387 2444 σημείου

1361 2450 1545 2502 παρεχέτω
1566 2452 1715 2503 θαρρεῖν,
1742 2453 1788 2494 ὡς
1805 2450 1921 2488 οὐκέτι
1943 2456 2096 2489 τοιοῦτον
2115 2452 2303 2492 κλυδώνιον
2323 2453 2387 2500 τὴν

1361 2511 1566 2560 οἰκουμένην
1588 2510 1843 2562 καταλήψεται.
1880 2511 1954 2550 Κᾶν
1984 2511 2050 2564 γὰρ
2078 2513 2293 2559 ἐπιτείνηται
2317 2517 2386 2552 τῶν

1362 2571 1554 2622 ἀνθρώπιον
1576 2572 1620 2609 τα
1645 2571 1907 2623 ἁμαρτήματα,
1938 2573 2015 2610 ἀλλ’
2036 2572 2105 2623 ἐγὼ
2127 2573 2216 2625 ἅπερ
2231 2576 2386 2627 ὑπεσχό-

1364 2649 1432 2683 μην
1453 2637 1563 2671 ταῦτα
1583 2632 1774 2684 πληρώσω,
1791 2633 1850 2670 καὶ
1866 2632 1980 2670 οὐκέτι
1999 2633 2162 2679 τοιαύτην
2184 2635 2275 2673 κατὰ
2294 2636 2385 2673 πάν-

1362 2710 1430 2730 των
1447 2693 1685 2744 ἀγανάκτησιν
1693 2693 1899 2743 ποιήσομαι.
1913 2693 2035 2732 Etis-ts
2053 2695 2266 2745 ἀγαθότητος
2281 2699 2387 2748 ὓπερ-

1364 2754 1494 2801 Εολήνς
1525 2755 1630 2791 εἴδετε
1659 2753 1953 2805 συγκαταὲοίσεως
1977 2754 2138 2806 μέγεθος,
2158 2756 2265 2794 εἴδετε
2285 2759 2388 2804 κηδε-

1365 2815 1483 2866 μονίας
1505 2815 1689 2861 ἐπίτασιν,
1722 2814 1828 2852 εἴδετε
1849 2816 2047 2866 φιλοτιμίας
2066 2817 2277 2869 ἐπαγγελίαν
2295 2835 2305 2866 ;
2333 2821 2386 2857 Οὐ

1362 2877 1430 2928 γὰρ
1460 2876 1564 2928 μέχρι
1593 2875 1652 2913 δύο
1679 2875 1738 2912 καί
1767 2879 1872 2927 τριῶν
1896 2877 1955 2914 καὶ
1975 2877 2058 2915 δέκα
2078 2882 2205 2929 γενεῶν
2224 2878 2387 2922 ἐξέτεινεν

1364 2940 1468 2976 αὐτοῦ
1495 2936 1558 2982 τὴν
1587 2935 1795 2989 εὐεργεσίαν,
1816 2935 1906 2974 ἀλλὰ
1928 2941 1969 2988 τῇ
1991 2939 2156 2977 συστάσει
2177 2943 2236 2977 τοῦ
2256 2939 2386 2990 κόσμου

1363 2997 1492 3043 ταύτην
1514 3001 1774 3049 παρεκταθῆναι
1794 2996 1967 3049 ὑπέσχετο
1980 3028 1989 3045 ,
2009 2998 2064 3035 ἵνα
2082 2999 2115 3042 εξ
2133 3000 2305 3051 ἑκατέρων
2321 3016 2386 3038 σω-

1364 3058 1615 3110 φρονιζιῖψεθα,
1642 3058 1701 3096 καὶ
1731 3058 1763 3101 ἐξ
1784 3052 1831 3094 ὧν
1862 3060 1986 3096 ἐκεῖνοι
2002 3060 2058 3098 διὰ
2077 3059 2117 3097 τὸ
2135 3063 2204 3098 τῶν
2227 3063 2387 3114 ἁμαρτη-

1366 3119 1485 3169 μάτων
1506 3121 1635 3166 πλῆθος
1654 3119 1817 3165 τοιαύτην
1835 3119 2039 3164 ἐπεδέξαντο
2055 3121 2248 3173 τιμωρίαν,
2277 3122 2336 3159 καὶ
2351 3122 2386 3166 εξ

1364 3185 1410 3218 ὡν
1433 3185 1533 3231 ἡμεῖς
1554 3181 1610 3219 διὰ
1628 3181 1689 3228 τὴν
1715 3181 1844 3232 ἄφατον
1866 3184 1968 3220 αὐτοῦ
1987 3183 2246 3235 φιλανθρωπίαν
2267 3185 2386 3223 τοιαύ-

384 3292 397 3312 ¹¹
428 3290 497 3320 Dio
523 3289 599 3319 31⁸5.
635 3295 765 3322 τοτοὶτον
791 3296 971 3331 πετόμενοι,
999 3290 1074 3322 Mox
1101 3288 1236 3332 quidam
1267 3295 1355 3325 πόσην
1379 3295 1514 3321 ποιεῖται.
