2516 3791
338 157 431 202 826
782 173 820 202 s.
857 172 1039 204 JOANMS
1073 172 1318 202 cuuvsosr.

335 255 539 307 Scriptura,
574 256 687 293 multo
709 265 864 307 tempore
891 256 1021 292 factum
1048 259 1126 302 est)
1146 254 1283 292 fortiter

335 316 482 368 pertulit
496 325 751 369 tempestatem,
772 330 835 353 nec
849 329 951 367 passa
968 324 1019 352 est
1031 315 1207 353 rationem
1221 314 1282 353 de-

334 378 460 429 mergi.
474 377 660 428 Siquidem
671 377 736 415 Dei
754 376 875 425 timor,
894 385 1078 426 tamquam
1095 375 1283 414 nauclerus

333 439 582 491 gubernaculis
606 437 776 487 assidens,
799 436 974 489 persuasit
999 451 1075 475 cam
1095 446 1283 489 tempesta-

334 509 404 538 tem
432 513 560 551 magno
583 499 702 536 animo
724 497 970 550 perferendam
988 512 1082 549 esse,
1102 512 1165 536 nec
1183 498 1284 550 prius

332 561 470 599 destitit
510 567 662 596 mentem
701 558 801 596 illius
841 558 1060 610 gubernare,
1092 558 1204 597 donec
1246 560 1282 598 in

335 620 567 670 tranquillum
602 618 793 657 adduceret
829 627 974 671 portum
1017 633 1146 658 navem
1180 634 1283 658 onere

330 683 486 734 plenam,
502 680 570 719 hoc
589 689 655 731 est,
678 690 816 718 uterum
838 680 993 732 pretioso
1012 680 1177 719 thesauro
1195 696 1283 720 onu-

330 753 439 781 stum.
456 743 578 794 Neque
592 741 688 780 enim
707 756 835 780 aurum
855 750 1086 793 argentumve
1104 742 1283 795 portabat,

329 804 390 843 sed
421 804 631 856 prophetam
655 812 688 841 et
713 802 929 842 sacerdotem
938 818 950 853 3
973 812 1118 854 eratque
1144 804 1283 856 gemina

329 866 405 918 ejus
428 865 520 903 uteri
540 864 789 914 sanctificatio,
809 872 843 901 et
860 862 956 914 quod
976 863 1041 901 tali
1062 877 1172 916 puero
1192 879 1282 916 prae-

330 939 440 977 gnaris
463 934 576 973 esset,
598 934 633 963 et
660 924 758 976 quod
780 924 1018 976 conceptionis
1051 924 1193 962 initium
1223 940 1283 976 per

329 987 566 1039 precationem
575 1001 616 1025 ac
627 987 799 1024 caelestem
815 985 966 1038 gratiam
979 985 1179 1037 accepisset.

380 1056 417 1091 9.
448 1054 549 1091 Onus
575 1061 694 1091 autem
723 1050 816 1089 illud
841 1065 909 1089 non
939 1050 1056 1088 solum
1074 1059 1148 1088 erat
1164 1051 1281 1103 inopi-

330 1123 451 1153 natum
480 1124 513 1153 et
545 1113 778 1160 admirabile,
805 1127 931 1151 verum
967 1121 1001 1150 et
1032 1111 1279 1164 negotiationis

329 1177 456 1214 modus
479 1176 547 1214 fuit
567 1174 814 1213 admirabilior
834 1190 842 1210 :
862 1188 975 1225 neque
989 1173 1084 1211 enim
1099 1173 1191 1211 illud
1210 1174 1276 1212 ho-

329 1237 486 1276 minibus
510 1237 595 1275 ullis
619 1235 782 1275 vendidit
811 1244 872 1272 aut
897 1234 1194 1286 negotiatoribus,
1216 1235 1278 1273 sed

327 1299 488 1351 protinus
503 1307 542 1337 ut
560 1306 771 1351 exposuerat
790 1311 808 1334 e
824 1297 967 1348 scapha,
987 1297 1063 1334 Deo
1084 1295 1249 1334 vendidit
1268 1313 1276 1333 :

327 1371 465 1399 tantum
501 1370 620 1398 autem
651 1359 717 1397 hac
743 1357 978 1409 negotiatione
1011 1357 1152 1395 lucrum
1183 1357 1277 1407 fecit,

326 1431 496 1473 quantum
527 1421 638 1459 facere
657 1434 723 1472 par
738 1428 788 1457 est
806 1432 895 1468 eam,
910 1432 989 1468 quae
1009 1431 1091 1455 cum
1118 1419 1193 1456 Deo
1213 1418 1276 1456 ba—

325 1482 444 1520 buerit
473 1482 734 1520 commercium.
761 1479 905 1518 Etenim
936 1488 1164 1531 posteaquam
1193 1494 1274 1517 eum

324 1544 435 1581 fetum
456 1552 636 1595 acceperat
657 1544 773 1591 Deus,
792 1539 952 1578 reddidit
978 1539 1033 1577 illi
1056 1540 1209 1577 alterum
1233 1540 1274 1577 ss-

324 1604 412 1642 lium
438 1620 445 1641 :
474 1604 547 1642 imo
574 1603 717 1656 potius,
759 1615 829 1639 non
857 1615 990 1649 unum,
1022 1614 1133 1651 neque
1165 1600 1270 1647 duos,

323 1680 436 1716 neque
450 1675 532 1716 tres,
547 1672 824 1715 nequequamor
836 1671 989 1712 tantum,
1006 1660 1064 1699 sed
1082 1661 1139 1699 his
1159 1662 1272 1700 multo

126 1742 151 1763 1.
169 1735 240 1772 neg.
258 1744 284 1763 2.
323 1726 454 1778 plures,
481 1727 583 1777 Quia
605 1724 762 1772 sterilis,
787 1722 916 1773 inquit,
934 1724 1081 1775 peperit
1112 1731 1268 1774 septem,

122 1777 152 1803 ⁵·
324 1795 356 1824 et
375 1801 482 1825 usura
513 1795 645 1824 sortem
671 1783 831 1823 excessit.
853 1782 954 1821 Talis
978 1783 1073 1820 enim
1096 1792 1147 1821 est
1165 1797 1272 1835 nego-

324 1848 438 1899 tiatio,
449 1863 527 1900 quae
542 1862 624 1886 cum
634 1848 711 1885 Deo
725 1845 877 1897 geritur:
891 1858 961 1882 non
975 1844 1035 1882 ille
1046 1844 1271 1895 quantulam-

323 1923 472 1962 cumque
495 1909 600 1948 sortis
626 1917 774 1961 partem,
791 1906 851 1944 sed
870 1906 995 1944 multis
1012 1906 1176 1958 partibus
1191 1920 1272 1944 con-

321 1972 539 2024 duplicatam
554 1969 684 2009 reddit.
696 1970 818 2019 Neque
832 1968 948 2006 solum
965 1965 1064 2005 dedit
1083 1967 1138 2004 illi
1154 1967 1272 2019 proles

321 2033 500 2083 femineas,
520 2032 581 2071 sed
599 2046 645 2070 ex
664 2041 812 2081 utroque
824 2044 912 2067 sexu
931 2028 1072 2066 lucrum
1092 2028 1190 2066 illius
1210 2043 1271 2067 cu-

320 2094 486 2142 mulavit,
506 2104 545 2132 ut
570 2093 625 2131 illi
641 2094 715 2145 jam
740 2092 934 2144 perfectum
965 2089 1152 2142 contigerit
1179 2103 1271 2142 gau-

319 2155 433 2193 dium.
454 2155 539 2193 Haec
558 2169 598 2193 eo
613 2166 865 2201 commemoro,
886 2165 956 2189 non
969 2159 1009 2188 ut
1024 2149 1177 2189 laudetis
1194 2159 1272 2189 tan-

323 2226 410 2263 tum,
431 2215 493 2253 sed
511 2224 544 2253 et
563 2213 777 2252 aemulemini
795 2213 905 2264 hujus
923 2211 1084 2249 mulieris
1100 2210 1209 2249 fidem
1231 2224 1272 2248 ac

322 2276 557 2324 tolerantiam,
576 2288 684 2326 quam
698 2287 742 2311 ex
756 2281 857 2325 parte
876 2270 1022 2322 quidem
1044 2271 1193 2309 audistis
1208 2285 1275 2309 nu-

324 2351 397 2389 per,
419 2350 544 2375 verum
567 2344 607 2373 ut
629 2333 798 2385 reliquias
817 2332 1074 2385 persolvamus,
1095 2331 1275 2370 concedite

324 2398 412 2435 mihi
444 2411 557 2450 pauca
585 2407 860 2434 commemorare
886 2392 931 2430 de
952 2393 1173 2431 sermonibus
1198 2401 1278 2445 post

323 2460 474 2511 primam
490 2457 728 2510 precationem
745 2469 827 2492 cum
840 2452 1018 2492 sacerdote
1039 2455 1184 2506 ejusque
1205 2454 1276 2491 mi-

323 2520 434 2557 nistro
448 2518 593 2567 habitis,
607 2526 646 2555 ut
661 2514 883 2569 perspiciatis
900 2514 1023 2552 mitem
1038 2528 1078 2552 ac
1093 2514 1277 2567 placidum

128 2585 151 2603 ¹·
166 2575 228 2605 ¹²⁸⁰
235 2596 240 2601 ·
260 2583 286 2602 ¹·
324 2581 431 2633 liujus
450 2579 610 2618 mulieiis
626 2578 798 2616 animum.
819 2578 872 2614 Et
880 2577 1043 2629 factum
1060 2584 1127 2624 est,
1144 2575 1275 2626 inquit,

127 2626 171 2645 m
325 2657 410 2680 cnm
434 2642 709 2693 multiplicaret
727 2640 988 2690 precationem
1009 2639 1050 2673 in
1073 2646 1278 2689 conspectu

327 2705 501 2749 Domini,
526 2702 617 2739 Heli
635 2700 815 2738 sacerdos
841 2699 1070 2736 observabat
1090 2711 1131 2735 os
1151 2698 1273 2736 illius.

327 2764 517 2803 Geminam
545 2762 695 2814 scriptor
721 2759 780 2797 hic
803 2758 976 2798 virtutem
1003 2758 1038 2795 in
1060 2758 1189 2795 femina
1212 2773 1276 2797 suo

160 2843 246 2880 pupi,
252 2854 311 2870 ΕΒΗ,
326 2824 527 2863 testimonio
549 2820 820 2874 comprobavit:
838 2820 874 2857 in
898 2818 1064 2871 precibus
1087 2819 1278 2857 assiduita-

126 2884 214 2911 ΛΜ·
254 2896 310 2911 ω·
329 2895 410 2934 tem,
431 2894 463 2922 et
491 2881 868 2933 animivigilantiam:
892 2880 992 2917 illam
1016 2878 1174 2930 quidem,
1197 2895 1277 2918 cum

125 2933 185 2994 '9¹¹¹‘
190 2937 216 2952 ¹¹¹
248 2927 311 2954 ¹¹¹¹
326 2946 390 2996 ait,
413 2945 725 2996 Illultiplicavit:
746 2942 852 2991 hanc,
871 2954 953 2978 cum
975 2939 1091 2991 addit,
1110 2943 1159 2978 In
1187 2955 1277 2979 con-

325 3016 454 3059 spectu
476 3007 642 3057 *Domini
660 3020 670 3040 .-
688 3017 770 3041 nam
800 3016 920 3040 omnes
946 3000 1094 3051 quidem
1120 3016 1274 3040 oramus.

1356 172 1962 204 ARC!11EP.C0NSTANT1N0P.

1356 253 1461 308 στέρα
1493 254 1770 305 γέμουσαν.οὐ
1809 256 1876 308 γὰρ
1913 257 2068 309 χρυσίω,
2105 257 2182 296 οὐδὲ
2218 258 2380 311 ἀργύριον

1357 316 1556 363 ἐὸάσταζεν,
1577 315 1668 355 ἀλλὰ
1687 317 1870 369 προφήτην
1886 334 1944 356 και
1963 321 2032 371 ἱερε
2018 318 2076 355 .’·α
2101 334 2159 356 και
2179 319 2355 362 διπλοῦς’
2337 336 2380 366 ην

1357 380 1465 423 αὐτῆς
1484 380 1544 423 τῆς
1561 378 1710 450 γαστρὸς
1725 379 1775 416 6
1759 379 1948 429 αγιασμὸς,
1964 378 2016 416 ὅτι
2045 395 2083 416 τε
2106 383 2259 418 τοιοῦτον
2278 384 2320 427 ἠν
2340 380 2380 418 τὸ

1357 455 1542 490 κυουμενον
1561 439 1712 486 παιδίον,
1736 439 1789 477 ὅτι
1823 456 1861 477 τε
1891 439 1926 484 ἐξ
1953 441 2056 491 εὔχῃ(
2083 455 2142 478 και
2170 443 2232 487 τ’ῆς
2251 440 2379 479 ἄνωθεν

1356 501 1498 552 χάριτος
1513 500 1576 546 τὴν
1593 499 1707 551 ἀρχὴν
1726 504 1787 547 τῆς
1806 501 1960 547 κυήσεως
1979 501 2112 539 ἔλαέεν.

1408 1048 1488 1098 Οὐχ
1511 1048 1528 1083 ὁ
1557 1046 1678 1098 φόρτος
1697 1046 1732 1084 ’δὲ
1752 1046 1854 1097 μόνον
1885 1045 2077 1098 παράδοξος
2104 1040 2146 1093 ἦν
2163 1046 2223 1085 καὶ
2242 1050 2379 1098 θαυμα-

1355 1108 1451 1155 στὸς,
1473 1107 1563 1145 ἀλλὰ
1582 1108 1641 1144 καὶ
1660 1111 1678 1146 6
1696 1107 1821 1159 τρόπος
1838 1111 1901 1155 τῆς
1919 1107 2089 1159 ἐμπορίας
2106 1107 2379 1162 παραδοξότερος

1351 1168 1509 1221 γέγονεν·
1544 1168 1619 1208 οὐδὲ
1647 1169 1714 1221 γὰρ
1746 1168 1846 1207 αὐτὸν
1883 1167 2076 1222 ἀνθρώποις
2097 1170 2270 1217 ἀπέδοτο,
2302 1168 2378 1208 οὐδὲ

1353 1229 1516 1282 ἐμπόροις
1541 1230 1611 1268 τισὶ
1638 1230 1698 1268 ναὶ
1725 1229 1918 1278 καπήλοις,
1947 1231 2023 1268 ἀλλ’
2053 1229 2175 1274 εὐθέως
2196 1230 2299 1269 αὐτὸν
2319 1232 2377 1270 ἐκ·

1351 1290 1507 1329 ὅαλοῦσα
1526 1295 1584 1329 τοῦ
1602 1291 1752 1343 σκάφους
1768 1290 1929 1338 ἐπώλησε
1944 1293 1993 1343 τῷ
2008 1293 2091 1344 Θεῷ
2101 1307 2109 1314 ·
2130 1291 2190 1329 καὶ
2205 1291 2376 1339 τοσαύτην

1351 1353 1536 1405 εἰργάσατο
1557 1352 1619 1398 τὴν
1647 1351 1832 1404 ἐμπορίαν,
1856 1353 1939 1399 ὅσην
1961 1352 2051 1396 εἰκὸς
2069 1347 2110 1399 ἦν
2131 1354 2214 1405 Θεῷ
2234 1353 2375 1404 ‹suueu-

1349 1414 1476 1451 λοῦσαν
1498 1413 1723 1465 ἐργάσασθαι.
1744 1413 1845 1451 Μετὰ
1858 1413 1925 1465 γὰρ
1942 1414 1982 1452 τὸ
1996 1414 2116 1452 λαὲεῖν
2138 1415 2250 1461 αὐτὸν,
2272 1416 2375 1455 ἀντέ-

1351 1476 1457 1512 δωκεν
1486 1475 1598 1527 ἕτερον
1632 1477 1717 1526 αὐτῇ
1749 1474 1886 1513 τέκνον·
1920 1477 2053 1526 μᾶλλον
2080 1475 2115 1512 δὲ
2144 1477 2210 1527 οὐχ
2229 1475 2280 1519 ἓν,
2297 1477 2374 1516 οὐδὲ

1351 1536 1428 1583 δύο,
1448 1535 1524 1574 οὐδὲ
1554 1535 1634 1588 τρία
1647 1564 1655 1580 ,
1677 1535 1736 1573 καὶ
1754 1535 1908 1586 τέσσαρα
1929 1536 2044 1586 μόνον,
2065 1537 2156 1575 ἀλλὰ
2175 1537 2234 1574 καὶ
2256 1540 2376 1590 πολλῷ

1348 1597 1492 1635 πλείονα
1505 1625 1514 1642 ,
1532 1596 1616 1634 (Ότι
1635 1602 1754 1649 στεῖρα
1767 1627 1777 1644 ,
1794 1596 1909 1648 φησὶν,
1927 1597 2042 1635 ἔτεκεν
2066 1598 2173 1644 ἑπτὰ,
2194 1598 2255 1636 καὶ
2270 1601 2375 1651 ὑπερ-

1346 1658 1409 1705 έὸη
1431 1657 1470 1695 τὸ
1496 1657 1683 1709 κεφάλαιον
1701 1661 1718 1695 6
1738 1656 1848 1700 τόκος.
1877 1656 2035 1703 Τοιαύτη
2065 1657 2132 1711 γὰρ
2156 1662 2177 1705 ἡ
2208 1661 2295 1713 πρὸς
2316 1660 2373 1698 τὸν

1347 1719 1437 1757 Θεὸν
1458 1717 1684 1770 πραγματεία
1700 1733 1707 1740 ·
1737 1719 1775 1756 οὐ
1801 1718 1841 1756 τὸ
1869 1719 2058 1758 πολλοστὸν
2080 1723 2139 1758 τοῦ
2166 1721 2374 1772 κεφαλαίου,

1347 1780 1438 1819 ἀλλὰ
1457 1781 1496 1819 τὸ
1512 1779 1748 1818 πολυπλάσιον
1769 1780 1972 1819 ἀποδίδωσι.
1993 1781 2065 1819 Καὶ
2085 1783 2122 1820 οὐ
2140 1781 2248 1828 θήλεα
2272 1782 2374 1833 μόνον

1347 1842 1454 1880 ἔδωκε
1471 1841 1515 1879 τὰ
1542 1841 1666 1880 παιδία
1682 1872 1691 1889 ,
1718 1841 1807 1880 ἀλλὰ
1825 1841 1885 1880 καὶ
1913 1841 1947 1886 ἐξ
1976 1842 2142 1895 ἑκατέρας
2161 1847 2223 1890 τῆς
2241 1843 2374 1896 φύσεως

1345 1903 1402 1941 τὸν
1427 1903 1526 1941 τόκον
1557 1905 1662 1949 αὐτῆς
1695 1902 1967 1955 συνεκρότησεν·
1986 1902 2075 1942 ὥστε
2109 1906 2373 1957 ἀπηρτισμένην

1346 1966 1433 2017 αὐτῇ
1470 1964 1629 2016 γενέσθαι
1665 1964 1727 2011 τὴν
1764 1964 1902 2011 ἡδονήν.
1925 1966 2048 2003 Ταῦτα
2079 1965 2191 2018 λέγω,
2221 1967 2288 2019 οὐχ
2317 1967 2373 2006 ἵνα

1345 2031 1358 2046 ⁰
1369 2025 1575 2073 ἐπαινέσητε
1594 2025 1709 2077 μόνον,
1727 2028 1802 2065 ἀλλ’
1819 2025 1876 2064 ἵνα
1892 2025 1951 2064 καὶ
1966 2026 2146 2074 ζηλώσητε
2163 2026 2227 2074 τὴν
2243 2028 2375 2077 πίστιν,

1345 2086 1408 2133 τὴν
1440 2086 1660 2131 ἀνεξικακίαν
1678 2091 1740 2134 τῆς
1760 2088 1937 2139 γυναικὸς,
1963 2088 2004 2134 ἢν
2036 2088 2209 2134 ἠκούσατε
2246 2089 2308 2140 μὲν
2336 2093 2375 2129 ἐκ

1347 2147 1469 2199 μέρους
1489 2147 1547 2185 καὶ
1564 2146 1687 2199 πρῴην
1707 2163 1713 2169 ·
1737 2147 1825 2185 ὥστε
1847 2147 1882 2185 δὲ
1910 2148 1969 2185 καὶ
1988 2147 2031 2185 τὰ
2050 2148 2199 2200 λείψανα
2229 2150 2374 2188 ἀποδοῦ-

1345 2224 1401 2246 ναι
1418 2238 1427 2255 ,
1448 2207 1524 2246 δότε
1545 2223 1604 2258 μοι
1631 2209 1754 2261 μικρὸν
1775 2208 2008 2259 διηγήσασθαι
2027 2210 2105 2260 περὶ
2123 2213 2190 2248 τῶν
2209 2211 2375 2262 ῥημάτων

1345 2270 1413 2305 τῶν
1437 2268 1525 2319 μετὰ
1544 2268 1605 2315 τὴν
1635 2268 1776 2319 πρώτην
1807 2269 1912 2321 εὐχὴν
1939 2270 2024 2322 πρὸς
2043 2270 2100 2308 τὸν
2120 2270 2212 2321 ἱερέα
2232 2271 2291 2308 καὶ
2316 2270 2374 2308 τὸν

1346 2330 1456 2366 παῖδα
1475 2333 1534 2366 τοῦ
1551 2329 1668 2380 ἱερέως
1685 2329 1889 2380 γενομένων,
1907 2329 1963 2368 ἵνα
1979 2330 2114 2381 μάθητε
2131 2331 2170 2369 τὸ
2190 2338 2300 2383 πρᾶον
2318 2332 2387 2370 mni(

1347 2390 1386 2427 τὸ
1405 2389 1534 2442 ἥμερον
1555 2389 1717 2442 φρόνημα
1746 2394 1807 2437 τῆς
1829 2391 2000 2443 γυναικός.
2031 2392 2100 2430 Καὶ
2133 2392 2287 2443 ἐγένετο,
2312 2409 2374 2445 φη·

1348 2451 1415 2499 σἰν,
1443 2450 1500 2489 ὅτε
1537 2451 1707 2498 ἐπλήθυνε
1740 2452 2003 2505 προσευχομένη
2050 2452 2196 2492 ἐνώπιον
2227 2455 2375 2506 Κυρίου,

1348 2511 1407 2549 καὶ
1427 2510 1526 2549 ’luat
1543 2515 1560 2549 6
1579 2511 1688 2564 ἱερεὺς
1710 2513 1881 2565 ἐφύλασσε
1901 2513 1940 2550 τὸ
1965 2513 2079 2565 στόμα
2099 2516 2217 2560 αὖτ’ἧς.
2234 2516 2372 2561 Διπλῆν

1347 2574 1493 2610 ἐνταῦθα
1513 2575 1529 2610 6
1550 2573 1764 2626 συγγραφεὺς
1795 2573 1921 2625 ἀρετὴν
1953 2582 2119 2628 μαρτυρεῖ
2145 2579 2188 2625 τῇ
2215 2575 2374 2627 γυναικὶ,

1347 2634 1406 2672 καὶ
1426 2634 1489 2680 τὴν
1521 2634 1706 2686 καρτερίαν
1731 2634 1794 2681 τὴν
1815 2637 1849 2672 ἐν
1881 2641 1957 2678 ταῖς
1983 2636 2123 2687 εὐχαῖς,
2155 2636 2214 2674 καὶ
2240 2637 2280 2675 τὸ
2310 2639 2372 2682 τ’ἧς

1348 2695 1497 2739 διανοίας
1524 2695 1709 2749 ἐγρηγορός
1724 2712 1731 2719 ·
1752 2697 1790 2735 τὸ
1823 2696 1897 2747 μὲν,
1919 2695 1975 2734 διὰ
2007 2701 2066 2734 τοῦ
2097 2699 2218 2742 εἰπεῖν,
2238 2697 2372 2745 Ἐπλή-

1348 2760 1441 2793 θυνε·
1462 2756 1501 2793 τὸ
1521 2757 1578 2800 δὲ,
1600 2755 1656 2793 διὰ
1690 2759 1748 2793 τοῦ
1781 2760 2000 2808 προσθεῖναι,
2028 2755 2199 2795 Ἐνώπιον
2220 2758 2347 2810 Κυρίου
2366 2774 2373 2781 ·

1347 2817 1473 2860 πάντες
1510 2817 1571 2867 μὲν
1604 2816 1670 2868 γὰρ
1691 2816 1884 2868 εὐχόμεθα,
1906 2819 1982 2854 ἀλλ’
2016 2819 2052 2856 οὗ
2082 2819 2208 2862 πάντες
2227 2819 2372 2857 ἐνώπιον

1347 2883 1407 2917 τοῦ
1422 2881 1526 2917 Θεοῦ.
1547 2877 1659 2916 ζΌταν
1681 2878 1747 2930 γὰρ
1765 2882 1824 2916 τοῦ
1845 2877 2007 2929 σώματος
2030 2879 2087 2918 ἐπὶ
2113 2883 2176 2931 γῆς
2195 2880 2373 2931 κειμένου,

1348 2941 1407 2978 καὶ
1425 2944 1484 2978 τοῦ
1505 2938 1676 2989 στόματος
1691 2941 1766 2990 εἰκῇ
1782 2941 1969 2991 ληροῦντος
1980 2971 1989 2988 ,
2004 2944 2025 2987 ἡ
2045 2940 2178 2979 διάνοια
2193 2946 2374 2994 πανταχοῦ

1347 3006 1409 3048 τῆς
1427 3001 1535 3043 οἰκίας
1556 3000 1614 3037 καὶ
1633 3004 1694 3046 τῆς
1716 3003 1843 3052 ἀγορᾶς
1865 3000 2114 3053 περιέρχηται,
2134 3005 2208 3045 πῶς
2226 3005 2244 3040 ὁ
2264 3007 2373 3040 τοιοῦ-

325 3068 384 3106 sed
413 3081 482 3105 non
513 3080 631 3104 omnes
651 3064 687 3101 in
705 3071 895 3115 conspectu
924 3061 1004 3100 Dei.
1025 3062 1169 3100 Etenim
1193 3077 1274 3102 cum
1298 3070 1321 3101 E
1347 3078 1403 3106 τος
1423 3062 1605 3108 δυνήσεται
1628 3063 1748 3109 εἰπεῖν,
1770 3061 1822 3098 ὅτι
1852 3060 1998 3099 ἐνώπιον
2023 3065 2082 3099 τοῦ
2109 3064 2200 3100 Θεοῦ
2220 3061 2372 3109 ηὔξατο;

325 3143 471 3181 corpore
487 3127 522 3165 in
536 3137 627 3165 terra
644 3134 836 3178 prostrato,
852 3132 885 3160 ct
899 3137 959 3161 ore
975 3132 1104 3161 temere
1119 3123 1274 3162 deliran-

325 3202 371 3240 te,
389 3205 486 3229 inens
500 3188 631 3240 ubique
650 3202 710 3239 per
725 3185 872 3223 domum
884 3198 924 3222 ac
938 3185 1054 3222 sorum
1070 3185 1271 3225 circumva-

321 3262 425 3302 gatur
442 3267 448 3287 τ
465 3265 536 3301 quo
557 3263 617 3287 ore
638 3247 718 3285 talis
746 3255 858 3297 posset
879 3244 1010 3296 dicere,
1029 3245 1126 3296 quod
1152 3261 1272 3286 orave-

362 3381 372 3393 ··
392 3369 472 3411 Βοὲς.
490 3374 523 3401 et
537 3364 632 3399 Colb.
653 3363 720 3397 duo
737 3364 974 3403 ἐπαινέσαιμεν...
991 3363 1180 3401 ζηλώσωμεν.

1347 3123 1517 3163 Ἓνώπιον
1534 3122 1602 3174 γὰρ
1620 3122 1746 3174 Κυρίου
1778 3122 1918 3175 εὔχεται
1944 3125 1961 3160 ὁ
1986 3122 2150 3161 πάντοθεν
2167 3126 2289 3162 ἑαυτοῦ
2309 3123 2370 3171 τὴν

1344 3184 1458 3238 ψυχὴν
1488 3184 1676 3235 συλλέγων,
1705 3184 1764 3222 καὶ
1797 3183 1904 3234 μηδὲν
1938 3183 2028 3235 {lviv
2049 3183 2161 3222 κουὀν
2192 3185 2277 3237 πρὸς
2307 3185 2368 3231 τὴν

1801 3242 1857 3264 iv*

1344 3251 1420 3299 γῆν,
1445 3245 1533 3284 ἀλλὰ
1567 3245 1651 3296 πρὸς
1683 3244 1784 3282 αὐτὸν
1827 3260 1884 3281 τον
1904 3244 2047 3296 οὐρανὸν
2073 3245 2193 3282 ἑαυτὸν
2217 3246 2368 3295 μετοικί-

1396 3360 1410 3382 b
1428 3366 1480 3395 ἰὸν
1496 3365 1616 3406 οὶρανέν
1629 3358 1721 3393 deest
1739 3361 1771 3393 in
1786 3358 1882 3392 colb.
1903 3369 1934 3392 et
1950 3361 1982 3393 in
1997 3362 2075 3404 1³05.
