2433 3775
762 238 803 268 ΙΝ
838 238 938 269 ΕΑΡ.
978 237 1007 267 L

116 322 217 377 μέρος
249 323 409 372 διεσώθη,
443 324 501 362 καὶ
539 322 581 362 τὰ
611 322 689 375 τρία
719 321 966 376 παραπώλετο.
994 321 1048 360 Τὸ
1075 321 1137 372 μὲν

114 383 181 435 γὰρ
201 386 269 422 τῶν
297 385 509 437 σπερμάτων
536 384 576 422 τὸ
601 383 699 438 παρὰ
720 383 783 431 τὴν
811 384 888 422 ὁδὸν
918 382 1138 429 καταὲληθὲν

113 444 270 498 ἄκαρπον
290 445 423 497 ἔμεινε,
452 446 491 484 τὸ
520 445 555 485 δὲ
580 445 647 484 ὑπὸ
667 448 736 483 τῶν
769 447 927 483 ἀκανθῶν
949 443 1138 494 ἀπεπνίγη,

113 505 227 559 ἕτερον
245 505 278 544 δὲ
293 509 340 550 εἷς
360 506 420 551 τὰς
435 505 565 560 πέτρας
584 505 818 554 καταὸληθὲν,
836 505 896 544 καὶ
913 505 970 543 ἐπὶ
985 508 1047 551 τῆς
1063 506 1137 543 ἐπι-

113 567 252 618 φανείας
272 573 406 618 μεῖναν,
421 568 542 606 οὐδένα
561 568 695 622 καρπὸν
718 570 867 618 ἐνεγκεῖν
893 566 1059 612 ἠδυνήθη·
1087 568 1138 604 ἐν·

113 632 221 667 ταῦθα
257 630 292 667 δὲ
323 630 379 669 διὰ
409 630 472 677 τὴν
507 635 567 669 τοῦ
603 632 696 669 Θεοῦ
729 628 832 682 χάριν
861 628 1136 679 ιιπροσδοκῶμεν

114 690 252 729 ἅπαντα
268 691 326 730 τὸν
343 691 471 744 σπόρον
491 694 538 735 εἷς
557 691 620 738 τὴν
636 689 746 737 καλὴν
760 693 825 740 γῆν
839 686 1137 734 καταὸεὸλῆσθαι,

113 750 173 787 καὶ
194 751 269 796 τοὺς
290 753 354 801 μὲν
375 759 485 791 ποιεῖν
506 752 641 799 ἑκατὸν,
655 751 733 794 τοὺς
748 751 784 788 δὲ
803 748 984 795 ἑξήκοντα,
1004 746 1081 791 τοὺς
1101 748 1136 787 δὲ

112 811 311 862 τριάκοντα.
335 814 448 850 Τοῦτο
474 815 575 861 ἡμῶν
593 810 656 857 τὴν
681 808 877 862 προθυμίαν
902 808 1016 854 αὔξει,
1036 813 1137 847 τοῦτο

110 870 174 916 τὴν
205 871 358 910 διάνοιαν
389 871 571 924 διεγείρει,
599 872 638 910 τὸ
665 871 816 917 εἰδέναι,
843 869 895 908 ὅτι
925 872 990 922 οὐχ
1016 870 1136 913 ἁπλῶς

110 932 185 970 οὐδὲ
205 935 281 984 εἰκῇ
299 932 376 976 τοὺς
394 932 516 985 λόγους
538 932 752 985 προϊέμεθα,
775 933 851 970 ἀλλ’
875 931 928 970 ὅτι
947 930 1137 983 νηφούσαις

109 997 185 1037 ταῖς
202 996 322 1037 ἀκοαῖς
336 993 395 1032 καὶ
413 994 648 1046 συντεταμένῃ
665 997 707 1046 τη”
728 993 863 1047 διανοίᾳ
878 992 922 1031 τὰ
934 993 1017 1045 παρ’
1033 995 1134 1043 ἡμῶν

109 1054 262 1107 δέχεσθε.
285 1055 356 1094 Καὶ
375 1059 486 1094 ταῦτα
514 1058 551 1094 οὖ
573 1055 769 1094 κολακεύων
793 1058 889 1107 ὑμῶν
909 1054 974 1101 τὴν
994 1055 1134 1106 ἀγάπην

107 1116 219 1168 λέγω,
252 1117 342 1156 ἀλλὰ
376 1118 630 1170 στοχαζόμενος
669 1116 732 1164 τὴν
769 1117 966 1171 προθυμίαν
998 1119 1037 1156 ἐκ
1065 1120 1135 1155 τῶν

107 1177 187 1229 χθὲς
202 1177 308 1229 Ι’ἡμῖν
330 1178 534 1231 εἰρημένων.
548 1178 693 1231 Ἑώρων
709 1178 777 1230 γὰρ
794 1179 951 1222 ἅπαντας
964 1180 1136 1232 ἐκκρεμα-

108 1238 231 1289 μένους
254 1240 333 1291 περὶ
356 1239 419 1287 τὴν
441 1240 689 1287 διδασκαλίαν,
712 1241 772 1279 καὶ
793 1240 910 1279 πάντα
933 1244 1134 1288 ποιοῦντας,

106 1300 196 1340 ὥστε
216 1301 303 1353 μηδὲ
327 1303 367 1341 τὸ
385 1302 488 1354 τυχὸν
510 1306 599 1353 ὑμᾶς
625 1304 693 1340 τῶν
724 1302 923 1354 λεγομένων
951 1304 1134 1355 παραδρα-

107 1368 184 1413 μεῖν
198 1379 206 1386 ·
231 1363 345 1407 ἄλλως
364 1363 399 1402 δὲ
426 1363 486 1401 καὶ
504 1367 525 1410 ἡ
546 1366 614 1402 τῶν
636 1364 768 1416 κρότων
791 1363 952 1416 συνέχεια
983 1364 1134 1416 μεγίστη

106 1423 277 1469 ἀπόδειξις
296 1424 432 1476 ἐγένετο
461 1429 522 1464 ’τοῦ
551 1427 626 1476 μεθ’
645 1426 770 1472 ἦδονῆς
788 1428 878 1476 ὑμᾶς
907 1424 1072 1477 δέχεσθαι
1090 1425 1134 1464 τὰ

106 1485 289 1536 λεγόμενα.
304 1485 349 1524 ‘O
366 1486 402 1524 δὲ
421 1488 498 1538 μεθ’
512 1487 637 1534 ἡδονῆς
653 1485 785 1525 ἀκούων
802 1489 906 1524 τινῶν
924 1486 1134 1540 λεγομένων,

106 1547 208 1594 δῆλον
223 1547 276 1587 ὅτι
290 1547 349 1586 καὶ
369 1549 584 1600 ἐμπήγνυσιν
608 1548 695 1587 αὐτὰ
713 1551 756 1602 τῇ
778 1549 925 1602 διανοίᾳ,
951 1548 1011 1587 καὶ
1031 1548 1132 1594 ἀνεξ-

105 1608 291 1647 α’λειπτα’
276 1610 458 1662 εργάζεται
484 1613 534 1648 τῶ
553 1610 680 1649 πλάτει
698 1613 761 1658 τῆς
784 1610 936 1655 διανοίας
966 1613 1132 1650 ἐναποτι-

104 1670 256 1722 θέμενος.
277 1671 376 1716 Τ’ίς
359 1688 399 1710 αν
417 1677 474 1711 οὐν
497 1672 583 1724 πρὸς
602 1671 735 1717 ἀξίανε
726 1672 802 1735 ,καὶ
817 1676 907 1724 ὑμᾶς
926 1673 1132 1723 ἐπαινέσειε,

104 1749 164 1771 και
182 1737 277 1784 ἡμᾶς
297 1734 542 1787 μακαρίσειεν,
571 1734 624 1773 ὅτι
647 1736 696 1778 εἷς
722 1751 798 1772 ωτα
822 1734 969 1787 λέγομεν
992 1735 1134 1774 ἀκουόν-

104 1808 192 1841 των,
213 1794 397 1847 Μακάριος
416 1795 502 1848 γαρ,
523 1812 649 1848 φησιν,
669 1799 687 1834 ὃ
703 1795 815 1847 λέγων
831 1798 879 1839 εἷς
894 1813 969 1834 ωτα
989 1796 1133 1835 ἀκουόν-

104 1871 184 1893 των.
208 1857 322 1895 Ἰοῦτο
334 1857 496 1904 νηστείας
514 1873 554 1895 το
571 1857 803 1911 κατόρθωμα,
821 1860 921 1895 τοῦτο
940 1857 979 1894 τὸ
993 1857 1132 1908 φάρμα-

104 1931 164 1953 κον
191 1916 253 1963 τὴν
277 1917 453 1971 σωτηρίαν
482 1920 551 1955 τῶν
572 1917 754 1970 ἡμετέρων
781 1919 902 1970 Luyfiv
936 1918 1132 1970 εἰργάσατο.

106 1978 189 2015 Εἰ
171 1976 206 2016 οὲ
226 1976 298 2021 ἐξ
279 1981 391 2030 αρχῆς
410 1978 503 2016 καῖ’
488 1995 527 2016 εκ
546 1979 738 2031 προοιμίων
762 1978 932 2026 τοσαύτην
952 1979 1015 2026 τὴν
1033 1978 1132 2031 ἰσχυν

106 2038 313 2087 ἐπεδείξατο,
333 2043 527 2091 προϊουσῶν
545 2043 613 2078 τῶν
625 2043 767 2092 ἡμερῶν
787 2040 898 2088 πόσην
913 2039 1007 2093 ‘'xp->3
1023 2056 1135 2093 προσ-

107 2100 253 2145 δοκῆσαι
286 2099 349 2145 τὴν
375 2099 545 2152 ὠφέλειαν
573 2099 844 2153 προσγίνεσθαι;
871 2101 986 2139 Μόνον
1021 2104 1134 2152 ὑμεῖς,

103 2163 321 2212 παρακαλῶ,
357 2160 460 2199 Μετὰ
496 2161 603 2214 φόέου
641 2161 700 2200 καὶ
736 2162 866 2214 τρόμου
902 2161 968 2208 τὴν
1000 2164 1133 2200 ἑαυτῶν

105 2221 278 2273 σωτηρίαν
305 2222 576 2274 κατεργάζεσθε,
607 2222 668 2261 καὶ
699 2222 876 2275 μηδεμίαν
905 2223 1132 2276 παρείσδυσιν

102 2282 179 2320 δότε
206 2285 256 2335 τῷ
283 2284 398 2337 ἐχθρῶ
418 2300 480 2331 της
509 2284 688 2338 σωτηρίας
715 2289 777 2333 τῆς
806 2285 989 2361 ὑμετέρας.
1017 2286 1134 2339 Ὁρῶν

101 2343 169 2419 γὰρ
189 2346 286 2395 ὑμῶν
314 2348 372 2383 νῦν
389 2361 448 2384 τον
467 2347 614 2385 πλουτον
636 2347 694 2386 τὸν
713 2348 972 2399 πνευματικὸν,
997 2348 1135 2400 μέμηνε

101 2404 161 2443 καὶ
182 2405 374 2458 ἀγριαίνει,
398 2406 457 2445 καὶ
479 2407 638 2461 καθάπερ
664 2407 791 2447 λέων’
772 2408 970 2462 ωρυόμενος
988 2425 1086 2462 περιε
1073 2409 1134 2463 ’ρ-

100 2482 203 2518 χεται
221 2469 332 2514 ζητῶν
355 2468 433 2507 τίνα
449 2468 619 2521 καταπίῃ.
648 2469 742 2509 Ἀλλ’
763 2469 823 2509 ἐὰν
838 2470 1017 2523 νήφωμεν,
1038 2472 1133 2510 οὔδε-

101 2527 157 2572 νὸς
177 2528 357 2581 περιέσται
376 2529 432 2567 διὰ
447 2529 511 2576 τὴν
526 2535 586 2568 τοῦ
606 2532 699 2569 Θεοῦ
716 2531 833 2585 χάριν.

154 2591 310 2629 Τοιαῦτα
329 2590 397 2644 γὰρ
416 2593 517 2642 ἡμῶν
534 2590 578 2629 τὰ
601 2591 692 2630 ὅπλα
715 2593 759 2630 τὰ
781 2593 1024 2644 πνευματικὰ,
1042 2594 1131 2646 ἅπερ

413 2656 428 2672 e

98 2655 194 2702 ἡμᾶς
228 2651 384 2691 ἐνέδυσεν
454 2679 459 2699 ,
491 2655 551 2691 τοῦ
582 2653 788 2704 Πνεύματος
815 2654 940 2707 χάρις,
974 2655 1132 2709 καθάπερ

98 2713 160 2765 χθὲ·
164 2729 180 2756 ς
208 2713 415 2764 ἐδιδάξαμεν
449 2713 512 2761 τὶν
545 2714 718 2768 ὑμετέραν
740 2715 893 2767 ἀγάπην.
929 2714 990 2755 Αν
1017 2717 1135 2756 τοίνυν

97 2774 231 2819 τούτοις
251 2776 417 2822 διηνεκῶς
438 2767 533 2827 ῶμεν
552 2777 792 2829 πεφραγμένοι
810 2777 927 2816 πάντα
946 2777 991 2817 τὰ
1019 2779 1108 2831 μέλη
1120 2809 1130 2828 ,

98 2835 195 2872 οὐδὲν
226 2837 294 2873 τῶν
315 2838 374 2873 ὑπ’
404 2835 536 2875 ἐκείνου
569 2837 766 2890 ἀφιεμένων
796 2839 907 2890 βελῶν
926 2840 1132 2879 καθικέσθαι

98 2898 198 2946 ἡμῶν
223 2896 428 2945 δυνήσεται,
455 2899 531 2936 ἀλλ’
556 2897 667 2951 ἄκυρα
694 2899 781 2952 πρὸς
813 2900 916 2939 αὐτὸν
946 2901 1129 2949 ἐπανήξει·

98 2956 295 3007 ἀδάμαντος
318 2957 385 3009 γὰρ
407 2962 501 3008 ἡμᾶς
523 2959 766 3014 στεῤῥοτέρους
788 2963 810 3007 ἡ
838 2978 898 3000 του
917 2963 1009 3001 Θεου
1028 2963 1132 3014 χάρις

95 3017 330 3081 κατεσκεύασε
343 3049 352 3066 ,
374 3019 435 3057 καὶ
453 3020 568 3072 πάντῃ
596 3021 841 3067 ἀναλώτους,’
826 3021 885 3060 εὰν
908 3022 1128 3074 βουλώμεθα.

94 3078 237 3132 εὨσπερ
262 3083 320 3117 οὖν
340 3083 396 3118 δ’
378 3080 563 3131 αδάμαντα
583 3081 696 3120 παίων
730 3083 862 3122 ἐκεῖνον
891 3083 954 3135 μὲν
978 3083 1128 3136 ἔὸλαγεν

95 3139 213 3188 οὖδεν,
246 3143 368 3180 ἑαυτοῦ
405 3141 440 3180 δὲ
472 3141 534 3189 τὴν
566 3142 667 3196 ἷσχυν
704 3146 867 3192 καθεῖλε,
898 3144 957 3183 καὶ
994 3147 1012 3183 ὁ
1040 3145 1127 3198 πρὸς

140 3271 153 3286 ·
170 3262 306 3296 coislin.
325 3267 536 3309 προσδοκῶμεν
553 3269 695 3304 ἅπαντες-

138 3314 154 3337 b
171 3315 251 3358 neg.
270 3327 353 3348 uuus
366 3325 402 3350 et
416 3316 553 3350 Coislin.
571 3322 640 3362 χθὲς
660 3322 735 3364 παρ’
750 3323 835 3361 ἡμῶν
850 3324 908 3364 elp-

139 3365 270 3398 cSavil.
295 3374 328 3399 et
349 3375 416 3400 tres
441 3370 519 3402 Mes.
551 3375 599 3403 καὶ
627 3373 703 3412 ὑμᾶς
726 3377 902 3415 μακαρίσειε
905 3387 931 3412 ν,
956 3376 1004 3406 καὶ
1029 3377 1108 3415 ἡμᾶς

96 3420 264 3460 εκθΊ-ιμάτε
253 3432 289 3450 *ιε
293 3435 317 3450 ν.

1048 235 1208 267 GENES.

1248 235 1404 266 nomi„
1447 235 1505 265 iv.
2108 241 2164 285 2‘.)

1211 327 1282 369 est,
1317 318 1412 369 quod
1440 327 1560 356 autem
1581 319 1615 356 in
1638 317 1793 370 petrani',
1816 319 1852 355 in
1876 320 2062 370 superficie
2083 334 2163 358 ma-

1212 392 1318 429 nens,
1341 379 1497 416 fructum
1525 379 1652 418 afferre
1672 378 1833 430 nequivit
1862 395 1870 415 :
1899 379 1957 416 hic
1984 379 2018 416 in
2053 381 2164 430 gratia

1212 439 1278 476 Dei
1298 453 1376 492 spes
1397 448 1469 489 est,
1490 440 1581 488 fore,
1604 449 1642 478 ut
1671 454 1753 477 cum
1772 453 1876 478 omne
1895 439 1929 477 in
1950 447 2079 477 terram
2101 441 2166 479 bo—

1210 515 1293 539 nam
1308 501 1491 553 ceciderit,
1514 502 1574 540 alii
1596 502 1744 541 reddant
1763 502 1921 541 fructum
1938 502 2163 553 centuplum,

1210 563 1273 601 alii
1290 554 1573 615 sexagesimum,
1587 564 1649 603 alii
1663 564 1899 616 trigesimum.
1920 564 1995 602 Hoc
2011 573 2168 602 nostram

1210 624 1429 662 alacritatem
1464 625 1583 674 fovet,
1617 625 1684 664 lioc
1713 635 1865 664 mentem
1885 625 2036 678 excitat,
2070 625 2168 676 quod

1210 684 1363 723 sciamus
1379 699 1445 723 non
1462 686 1498 723 in
1514 700 1664 735 vanum,
1686 701 1747 724 nec
1764 687 1893 724 frustra
1913 700 2089 724 sermones
2106 700 2167 724 nos

1199 745 1350 795 famre,
1378 745 1439 783 sed
1473 747 1620 784 arrectis
1651 748 1798 785 auribus
1827 757 1860 785 et
1888 748 2019 785 intenta
2053 756 2168 785 mente

1208 804 1304 843 dicta
1335 815 1454 844 nostra
1483 807 1608 858 accipi.
1642 810 1758 858 Atque
1786 809 1861 846 lime
1893 823 1961 846 non
1987 808 2167 846 adulando

1210 866 1346 904 caritati
1367 876 1492 906 vestrm
1510 867 1605 909 dico,
1625 869 1685 906 sed
1705 871 1862 922 conjecto
1882 870 2098 907 alacritatem
2122 884 2166 907 ex

1209 926 1252 964 iis
1272 942 1352 978 quae
1382 928 1456 966 lieri
1478 943 1496 965 a
1518 929 1620 966 nobis
1637 929 1730 968 dicta
1756 940 1852 968 sunt.
1874 930 2053 969 Yidebam
2072 931 2165 967 enim

1209 1002 1273 1026 vos
1285 1002 1406 1027 omncs
1419 989 1545 1027 avidos
1559 988 1729 1029 doctrinae
1741 991 1859 1029 abore
1874 1005 1951 1029 mco
1964 990 2165 1043 pendentes,

1209 1060 1243 1090 et
1265 1053 1383 1091 omnia
1404 1054 1585 1105 facientes,
1614 1069 1657 1093 nc
1681 1055 1770 1106 quid
1788 1070 1851 1095 vos
1878 1055 2057 1094 dictorum
2077 1069 2167 1108 prm-

1209 1114 1350 1165 tcrirct;
1366 1125 1535 1168 praeterea
1553 1117 1709 1155 continui
1730 1118 1876 1171 plausus
1894 1117 2050 1156 maxime
2063 1126 2167 1155 testa-

1208 1178 1355 1230 bantur,
1385 1195 1448 1219 vos
1483 1180 1579 1220 dicta
1601 1197 1730 1234 magna
1760 1183 1945 1235 voluptate
1973 1182 2163 1234 suscipere.

1210 1241 1283 1287 Qui
1314 1251 1430 1280 autem
1463 1243 1603 1293 aliquid
1635 1244 1770 1297 volupe
1795 1245 1917 1292 audit,
1951 1253 2086 1282 certum
2117 1252 2167 1281 est

1209 1300 1303 1338 illud
1325 1300 1500 1353 profunde
1527 1302 1563 1339 in
1595 1302 1715 1341 animo
1743 1303 1852 1355 figere
1874 1320 1880 1341 :
1902 1304 2036 1354 ubique
2062 1302 2168 1339 altius

1209 1374 1403 1412 reponens,
1426 1361 1511 1399 facit
1545 1375 1587 1399 ne
1619 1361 1719 1400 eradi
1745 1362 1901 1401 delerixe
1926 1372 2044 1414 queat.
2076 1362 2167 1408 Quis

1206 1419 1320 1472 igitur
1330 1420 1438 1473 digne
1450 1436 1513 1461 vos
1526 1422 1673 1461 laudare
1684 1454 1696 1474 ,
1715 1433 1749 1462 et
1763 1438 1825 1462 nos
1841 1424 1961 1463 beatos
1975 1423 2168 1477 praedicare

1204 1491 1348 1533 posset,
1386 1483 1448 1533 qui
1486 1482 1520 1520 in
1560 1498 1661 1522 aures
1692 1485 1878 1535 loquimur
1908 1485 2166 1524 audientium?

1204 1542 1351 1579 Beatus
1377 1541 1471 1580 enim
1485 1571 1497 1592 ,
1519 1542 1583 1593 ait,
1607 1546 1676 1595 qui
1697 1544 1869 1595 loquitur
1890 1547 1932 1582 in
1955 1558 2068 1583 aures
2090 1558 2160 1582 au-
2177 1553 2274 1581 Eri-li.
2293 1552 2343 1582 25.

1203 1601 1402 1640 dientium.
1432 1601 1508 1639 Hoc
1536 1602 1750 1654 praeclarum
1778 1618 1870 1657 opus
1893 1604 2029 1657 jejunio
2058 1618 2163 1643 acce—

1202 1673 1306 1718 ptum
1332 1667 1468 1717 refero,
1494 1666 1563 1705 hoc
1582 1667 1783 1706 remedium
1803 1669 1954 1707 salutem
1980 1678 2164 1722 operatum

1203 1736 1255 1765 est
1273 1727 1477 1765 animarum
1497 1737 1711 1768 nostrarum.
1734 1729 1841 1776 Quod
1861 1730 1889 1768 si
1910 1730 1956 1768 ab
1976 1730 2078 1768 initio
2096 1740 2165 1768 sta-

1203 1791 1268 1829 tim
1284 1800 1424 1830 tantum
1443 1792 1546 1830 nobis
1565 1793 1676 1831 robur
1695 1794 1869 1843 ostendit,
1890 1795 2164 1847 procedentibus

1202 1851 1330 1891 diebus
1367 1862 1500 1904 quanta
1525 1853 1763 1906 exspectanda
1797 1856 1932 1894 utilitas
1968 1856 2162 1894 affutura?

2182 1602 2229 1622 12.

1203 1915 1328 1952 Unum
1346 1913 1415 1951 hoc
1442 1927 1506 1953 vos
1525 1914 1692 1965 obsecro,
1713 1918 1762 1952 In
1785 1919 1920 1954 timore
1942 1925 1979 1954 et
1999 1925 2162 1955 tremore
2178 1923 2258 1951 Phil.
2277 1932 2363 1954 2.¹2.

1204 1975 1371 2012 salutem
1385 1983 1559 2013 vestram
1575 1979 1806 2027 operamini,
1824 1986 1856 2015 et
1870 1977 2012 2015 nullum
2023 1977 2160 2016 aditum

1158 2046 1182 2076 C
1204 2035 1386 2074 concedite
1417 2035 1564 2074 inimico
1596 2036 1723 2076 salutis
1754 2047 1891 2077 vestrae.
1921 2039 2016 2076 Nam
2038 2038 2162 2078 videns

1203 2110 1298 2134 nunc
1313 2096 1517 2148 spirituales
1534 2105 1670 2135 vestras
1686 2097 1836 2136 divitias
1847 2129 1860 2146 ‚
1882 2099 2013 2137 insanit
2026 2109 2059 2137 et
2072 2100 2160 2138 fero-

1204 2157 1266 2208 cit,
1289 2166 1323 2195 et
1339 2157 1431 2195 sicut
1451 2156 1505 2195 leo
1523 2157 1667 2208 rugiens
1683 2159 1859 2209 circumit,
1879 2174 2038 2211 quaerens
2055 2174 2162 2211 quem

1202 2217 1361 2257 devoret.
1384 2219 1524 2258 Verum
1551 2219 1582 2257 si
1609 2219 1718 2258 sobrii
1745 2221 1939 2271 fuerimus,
1959 2221 2049 2260 nulli
2072 2236 2162 2274 prae-

1202 2280 1338 2319 valebit
1358 2294 1422 2334 pcr
1437 2279 1590 2331 gratiam
1609 2281 1688 2320 Dei.

1255 2578 1292 2614 5³2.
1319 2575 1423 2614 Talia
1449 2576 1544 2614 enim
1570 2584 1651 2614 sunt
1678 2591 1776 2616 arma
1798 2587 1915 2616 nostra
1935 2579 2155 2631 spiritualia,

1202 2636 1333 2688 quibus
1349 2651 1412 2675 nos
1428 2637 1546 2674 induit
1572 2638 1729 2690 Spiritus
1743 2639 1871 2691 gratia,
1895 2640 1985 2678 sicut
2003 2641 2078 2679 heri
2098 2656 2157 2679 ea-

1202 2698 1344 2736 ritatem
1368 2707 1524 2737 vestram
1550 2697 1750 2737 docuimus.
1778 2701 1817 2738 Si
1838 2700 1951 2751 igitur
1969 2701 2026 2739 his
2046 2703 2158 2741 conti-

1202 2773 1273 2797 nuo
1292 2760 1451 2797 membra
1478 2768 1596 2797 nostra
1616 2760 1853 2798 munierimus
1868 2791 1878 2810 ,
1910 2763 2007 2800 nulla
2027 2763 2160 2815 tclaxab

1201 2820 1265 2858 illo
1280 2821 1407 2858 emissa
1424 2819 1469 2857 ad
1486 2834 1548 2857 nos
1564 2820 1764 2872 pertingere
1779 2831 1960 2873 poterunt,
1976 2824 2038 2862 sed
2056 2817 2158 2863 irritti

1201 2882 1275 2920 ad
1265 2896 1383 2934 ipsum
1397 2881 1534 2919 reditui
1536 2897 1555 2919 ι
1570 2890 1677 2919 sunt:
1697 2881 1886 2922 adamante
1901 2885 1994 2923 enim
2011 2880 2170 2954 solid—iQ

1155 2726 1180 2756 D

2181 2161 2362 2191 1.Pcr.5.8.

1200 2958 1254 2982 res
1274 2943 1341 2981 Dei
1365 2943 1479 2995 gratia
1496 2957 1559 2980 nos
1573 2942 1694 2993 efficit,
1714 2952 1748 2981 et
1767 2944 1797 2982 si
1811 2945 1994 2997 volumus,
2012 2962 2157 2986 omnino
2184 2992 2187 2995 ,

1200 3010 1364 3049 invictos.
1395 3011 1518 3061 ltaque
1545 3009 1636 3047 sicut
1672 3010 1732 3061 qui
1761 3010 1988 3050 adamantem
2014 3013 2153 3065 tundit,

1199 3079 1290 3117 nihil
1308 3078 1486 3117 adamanti
1508 3086 1632 3124 nocet,
1669 3077 1732 3116 scd
1758 3077 1914 3131 seipsum
1950 3080 2091 3132 fatigat,
2123 3091 2157 3119 et

1198 3145 1311 3184 robur
1332 3155 1438 3180 suum
1467 3140 1649 3179 imminuit
1663 3156 1673 3192 3
1701 3150 1736 3180 et
1763 3142 1826 3194 qui
1850 3152 1970 3182 contra
1993 3144 2155 3182 stimulos

1191 3267 1206 3292 d
1225 3267 1280 3300 Sic
1292 3264 1394 3299 Savil.
1405 3272 1437 3296 et
1453 3263 1548 3296 multi
1561 3264 1639 3298 Mss.
1645 3266 1684 3297 In
1701 3266 1818 3299 Morel.
1831 3282 1907 3313 περ·
1909 3267 2155 3307 commulcet-it

1185 3320 1268 3353 ‘Sic
1296 3317 1399 3352 Savil.
1416 3325 1448 3350 et
1470 3328 1585 3350 omnes
1611 3317 1678 3351 fere
1703 3320 1778 3354 Mss.
1786 3328 1909 3364 ,atque
1931 3321 1975 3354 ita
2004 3322 2078 3366 legit
2098 3324 2154 3354 Iu-

1143 3380 1278 3415 terpres.
1294 3369 1406 3404 Morel.
1430 3386 1446 3408 η
1461 3378 1512 3406 τοῦ
1530 3379 1653 3416 πατρός.
