2516 3791
303 167 397 225 442
765 182 804 212 S.
841 182 1025 212 JOANMS
1063 181 1300 212 CHRYSOST.
1339 181 1547 211 ARCHIEP.
1586 180 1941 212 CONSTANTINOP.

303 272 374 311 tur,
395 272 501 314 atque
517 263 555 301 in
575 277 750 302 carcerem
770 264 1008 316 conjiciuntur
1028 279 1039 313 ;
1062 263 1117 301 vel
1138 262 1254 299 invidi

304 323 452 375 quidam
480 323 640 362 insidiati
669 333 752 362 sunt
780 333 813 362 et
835 324 953 362 subito
977 324 1189 375 spoliarunt,
1213 336 1255 359 ac

303 385 441 424 multus
458 385 542 423 hinc
562 385 862 435 intolerabilisque
878 397 1008 421 moeror
1025 399 1037 433 5
1059 383 1116 421 vel
1134 397 1253 421 rerum

303 445 498 483 adversitas
518 446 685 496 ingruens
704 445 739 481 in
759 453 954 481 extremam
973 444 1131 496 inopiam
1151 444 1253 483 rede-

303 506 366 557 git,
389 515 422 543 et
447 506 644 557 graviorem
670 513 782 542 morte
806 504 919 542 vitam
945 504 996 542 eis
1024 505 1143 542 attulit
1161 522 1172 554 ;
1193 506 1252 544 vel

301 565 402 603 aliud
426 563 594 615 quiddam
620 563 780 602 incidens
802 564 954 603 multam
978 565 1162 604 tristitiam
1190 580 1252 619 pe-

301 626 402 677 perit.
433 625 479 661 Et
506 624 542 661 in
567 638 720 671 summa,
754 639 951 676 numquam
982 626 1139 665 invenies
1176 627 1251 665 ani-

302 699 395 722 mam
429 685 631 722 istiusmodi
657 685 763 723 rebus
790 686 982 735 addictam,
1012 689 1252 740 perturbatio·
1265 727 1294 751 38

1326 261 1394 314 γὰρ
1416 262 1556 300 διέπεσέ
1571 278 1606 301 τι
1624 265 1693 301 τῶν
1707 262 1882 316 χρυσίων,
1902 263 1962 302 καὶ
1979 264 2087 310 πολὺς
2106 269 2124 304 ὁ
2140 268 2275 320 χειμὼν
2293 270 2356 308 καὶ

1325 326 1343 361 ὁ
1363 322 1503 375 θόρυὸος
1528 323 1722 361 κατέλαὸεν
1753 324 1893 362 ἅπασαν
1915 325 1978 372 τὴν
2007 326 2118 365 οἰκίαν
2136 344 2142 351 ·
2163 328 2185 374 ἢ
2215 329 2354 376 οἰκέτης

1324 383 1505 436 ὑφείλετο,
1534 383 1593 422 καὶ
1629 391 1718 422 πᾶσι
1752 385 1918 436 μάστιγες
1946 386 2006 424 καὶ
2035 388 2170 439 πληγαὶ
2198 389 2257 427 καὶ
2291 392 2352 428 δε-

1325 444 1511 497 σμωτήρια
1527 459 1535 468 ·
1555 444 1577 491 ἢ
1598 444 1766 496 βάσκανοί
1783 462 1874 488 τινες
1891 447 2159 498 ἔπεὸούλευσαν,
2182 450 2242 487 καὶ
2259 450 2353 495 ἐξαί-

1324 522 1411 558 φνης
1430 505 1631 557 ἐγύμνωσαν
1650 509 1719 544 τῶν
1739 506 1858 555 ὄντων,
1878 508 1938 545 καὶ
1957 508 2070 555 πολλὴ
2090 509 2150 548 καὶ
2179 511 2352 563 ἀφόρητος

1323 571 1344 615 ἡ
1366 567 1497 618 ἀθυμία
1513 566 1562 613 -ἢ
1589 567 1807 619 πραγμάτων
1836 568 2040 620 περίστασις
2073 572 2273 620 ἐμπεσοῦσα
2303 574 2351 617 εἷς

1324 628 1476 681 ἐσχάτην
1504 627 1626 665 πενίαν
1653 628 1863 680 κατήνεγκε,
1886 629 1944 666 καὶ
1977 631 2168 684 βαρυτέραν
2203 633 2350 671 θανάτου

1297 727 1310 751 ²
1323 689 1386 736 τὴν
1410 688 1501 736 ζωὴν
1522 690 1637 732 αὐτοῖς
1660 689 1872 736 κατέστησεν
1885 705 1894 714 ·
1922 689 1944 736 ἢ
1964 690 2080 742 ἕτερόν
2099 708 2134 729 τι
2154 692 2260 731 πάλιν
2281 708 2351 732 πα-

298 747 404 784 nibus
426 755 607 798 expertem
627 762 635 782 :
655 746 717 784 sed
741 747 831 786 sicut
859 749 969 787 maris
992 749 1122 787 fluctus
1141 763 1252 800 neque
1276 764 1302 793 Α
1327 751 1500 803 ρεμπεσὸν
1521 750 1654 798 πολλὴν
1675 750 1737 797 τὴν
1759 750 1883 798 ἀηδίαν
1899 750 2119 803 προεξένησε.
2144 753 2213 791 Καὶ
2232 754 2352 799 ἁπλῶς

297 808 450 846 deficere
470 821 580 858 neque
602 808 781 846 numerari
804 818 964 859 queunt,
986 824 1125 862 semper
1149 810 1251 848 novis

296 869 623 917 succrescentibus,
653 869 702 906 ita
736 869 955 908 turbationes
986 870 1071 908 inde
1099 871 1251 909 orientes

296 944 398 968 nemo
435 930 684 968 dinumerarit.
726 930 830 977 Ideo,
869 932 1034 978 obsecro,
1071 931 1250 983 fugiamus

295 990 331 1028 in
357 990 522 1028 omnihus
543 990 649 1028 rebus
667 990 825 1028 habendi
849 991 1082 1043 cupiditatem
1105 1000 1138 1029 et
1165 1006 1250 1031 usus

294 1066 490 1089 excessum.
526 1053 632 1090 Veroe
667 1052 761 1089 enim
795 1051 932 1090 divitiae
969 1061 1051 1090 sunt
1084 1061 1118 1090 et
1150 1053 1250 1092 inex-

295 1112 429 1150 haustae
453 1112 655 1159 facultates,
687 1112 887 1151 desiderare
912 1122 1052 1151 tantum
1075 1123 1250 1164 quantum

296 1173 375 1210 usui
412 1173 496 1211 satis
531 1173 616 1220 sint,
654 1182 688 1211 et
720 1188 760 1211 ea
797 1188 875 1225 qua)
914 1188 1020 1212 usum
1054 1174 1249 1224 excedunt,

295 1243 388 1272 rccte
405 1234 624 1287 dispensare.
644 1236 767 1285 Neque
786 1235 880 1272 enim
903 1236 965 1273 ille
984 1236 1046 1287 qui
1066 1236 1134 1274 hoc
1152 1236 1249 1286 facit,

295 1296 458 1347 inopiam
481 1295 604 1333 timere
622 1296 764 1347 poterit,
787 1310 899 1347 neque
918 1297 1118 1335 molestiam
1137 1298 1247 1335 susti-

296 1357 405 1405 nebit,
431 1371 542 1407 neque
563 1357 805 1395 turbationem
829 1358 953 1396 sentiet
974 1374 982 1395 :
1010 1359 1071 1396 sed
1096 1367 1129 1397 et
1150 1368 1250 1397 extra

298 1417 516 1455 calumniam
532 1417 613 1467 erit,
635 1427 668 1455 et
684 1418 898 1456 liberabitur
916 1419 962 1456 ab
980 1419 1247 1471 insidiantibus,

296 1488 401 1529 atque
430 1489 469 1516 ut
499 1479 705 1517 summatim
732 1479 863 1526 dicam,
895 1480 931 1517 in
957 1491 1125 1533 perpetua
1154 1491 1251 1519 tran-

297 1540 472 1590 quillitate
487 1540 565 1588 erit,
581 1549 615 1577 et
631 1541 749 1590 quiete
762 1540 902 1591 otioque
917 1542 1077 1579 fruetur:
1097 1556 1137 1580 ac
1154 1542 1249 1593 quod

295 1601 410 1652 majus
433 1609 483 1638 est
511 1600 691 1647 omnibus,
717 1609 894 1652 caputque
920 1602 1109 1650 bonorum,
1131 1604 1250 1641 Deum

294 1660 440 1698 habebit
455 1660 669 1713 propitium,
686 1670 719 1698 et
732 1675 885 1712 superna
897 1662 1035 1700 fruetur
1047 1663 1176 1713 gratia,
1194 1673 1250 1701 ut-

294 1731 377 1774 pote
395 1721 512 1759 fidelis
534 1722 645 1759 factus
670 1721 892 1774 dispensator
913 1723 1146 1774 pecuniarum
1168 1726 1248 1762 Do-

95 1792 278 1830 L11c.12.43.
296 1783 395 1821 mini.
416 1785 562 1821 Beatus
584 1782 690 1831 enim,
716 1783 845 1834 inquit,
871 1798 1004 1822 servus
1027 1785 1109 1831 ille,
1136 1799 1249 1837 quem

296 1859 382 1882 cum
405 1847 557 1882 venerit
581 1845 774 1891 dominus,
807 1847 995 1883 invenerit
1014 1848 1068 1883 sic
1079 1847 1247 1899 facien-

296 1915 385 1953 lem,
402 1915 435 1944 et
450 1906 500 1944 sic
517 1905 780 1958 dispensantem
795 1906 987 1954 conservis,
1001 1915 1035 1944 et
1048 1921 1117 1945 non
1129 1906 1250 1959 januis

294 1967 525 2018 vectibusque
559 1967 816 2017 includentem,
850 1977 883 2005 et
914 1968 1096 2006 vermibus
1134 1982 1249 2006 escam

295 2028 372 2065 {ieri
396 2029 654 2079 permittentem
678 2043 686 2062 :
710 2028 771 2065 sed
792 2028 941 2080 inopum
959 2028 1142 2066 miseriam
1164 2029 1248 2066 sub-

294 2088 485 2135 levantem,
509 2089 714 2139 bonumque
739 2097 773 2126 et
797 2088 941 2126 fidelem
969 2088 1249 2141 dispensatorem

295 2149 426 2186 sactum
449 2163 571 2186 eornm
590 2164 667 2200 quae
686 2163 705 2187 a
724 2149 879 2187 Domino
898 2149 1118 2201 suppeditata
1139 2160 1220 2188 sunt
1238 2166 1247 2187 ε

296 2218 334 2247 ut
350 2219 380 2247 et
396 2210 553 2261 pulchra:
569 2209 678 2261 liujus
692 2209 966 2261 dispensationis
979 2224 1145 2261 magnam
1156 2224 1246 2248 mer-

296 2270 415 2308 cedem
441 2270 594 2321 assequi,
616 2280 649 2308 et
677 2270 850 2322 promissa
875 2271 968 2308 bona
993 2271 1152 2312 obtinere
1173 2286 1246 2309 me-

296 2341 430 2380 rcatur,
447 2332 560 2383 gratia
578 2340 610 2369 et
627 2331 845 2383 benignitate
860 2331 1006 2369 Domini
1027 2332 1136 2369 nostri
1159 2334 1244 2371 Jesu

297 2392 444 2441 Christi,
464 2393 520 2430 cui
539 2407 619 2430 cum
640 2393 743 2430 Patre
761 2402 794 2430 et
811 2402 930 2431 sancto
948 2393 1085 2445 Spiritu
1106 2393 1151 2431 sit
1164 2394 1245 2444 glo—

295 2454 359 2501 ria,
374 2453 578 2506 imperium,
594 2454 718 2501 bonor,
739 2468 833 2492 nunc
852 2463 884 2492 et
905 2468 1057 2507 semper,
1076 2463 1109 2492 et
1125 2454 1161 2492 in
1180 2469 1245 2492 ste-

296 2514 374 2563 cula
393 2515 619 2554 saeculorum.
635 2517 762 2554 Amen.

545 2765 753 2803 HOMILIA
783 2764 1001 2805 XXXVIII.

95 2903 167 2932 cen.
189 2902 232 2931 16.
255 2909 279 2928 ι.
296 2891 394 2927 Sara
417 2898 559 2935 alitem,
591 2903 689 2926 uxor
717 2889 886 2935 Abram,
914 2903 992 2926 non
1010 2890 1155 2941 peperit
1180 2891 1215 2926 ei
1232 2904 1242 2924 :

348 2951 418 2988 sed
436 2952 604 2988 habebat
622 2951 811 2988 ancillam
829 2951 1068 3002 AEgy'pticzm,
1089 2952 1245 2988 nomine

350 3011 475 3063 Agar.

351 3137 385 3172 1.
404 3134 523 3172 Etiam
537 3133 705 3172 hodierna
720 3134 823 3172 lectio
838 3134 998 3186 linguam
1011 3143 1167 3173 nostram
1183 3133 1243 3173 de-

297 3211 366 3235 nuo
387 3196 421 3233 in
444 3195 650 3232 memoriam
667 3196 877 3247 patriarcba:
896 3205 998 3234 vocat
1020 3212 1028 3232 t
1051 3209 1163 3246 neque
1184 3209 1244 3234 vos

295 3258 483 3296 admiratio
499 3266 625 3304 teneat,
639 3257 735 3307 quod
752 3271 832 3295 cum
849 3266 898 3295 tot
915 3257 1042 3296 (liebus
1058 3257 1243 3295 historiam

294 3319 450 3370 ejusdcm
467 3318 567 3356 toties
583 3318 616 3355 in
635 3317 789 3355 medium
809 3318 1045 3364 attulerimus,
1063 3333 1126 3356 nec
1140 3318 1245 3356 hodic

297 3381 391 3418 illam
416 3380 598 3418 absolvere
623 3378 852 3430 potuerimus
876 3380 1005 3429 Magna
1030 3379 1123 3417 enim
1145 3379 1242 3431 copia

1324 814 1385 850 οὐκ
1412 811 1486 850 ἔστι
1507 812 1591 851 ποτὲ
1621 815 1782 865 ταραχῆς
1802 812 1900 854 ἐκτὸς
1927 814 2037 864 εὑρεῖν
2065 813 2128 859 τὴν
2152 816 2186 852 ἐν
2217 813 2352 859 τούτοις

1323 874 1555 924 ἐσχολακυῖαν
1574 873 1702 926 ψυχὴν,
1719 874 1795 911 ἀλλ’
1817 872 1936 925 ὥσπερ
1958 873 2001 911 τὰ
2019 877 2082 920 τῆς
2101 874 2275 921 Θαλάττης
2292 874 2351 914 κύ-

1324 949 1420 984 ματα
1438 936 1503 986 οὐχ
1519 928 1587 972 οἶόν
1602 950 1639 972 τε
1656 935 1841 981 ἐπιλιπεῖν,
1864 934 1940 973 οὐδὲ
1954 937 2091 987 ἀριθμῷ
2110 936 2351 983 ’ὃποδληθῆναι

1323 994 1380 1032 διὰ
1399 993 1462 1040 τὴν
1482 994 1616 1042 πολλὴν
1642 995 1825 1046 συνέχειαν
1841 1011 1849 1018 ·
1869 994 1926 1033 τὸν
1948 995 2050 1033 αὐτὸν
2080 996 2120 1043 δὴ
2143 997 2270 1049 τρόπον
2291 997 2351 1036 καὶ

1321 1054 1383 1098 τὰς
1406 1056 1563 1093 ἐντεῦθεν
1585 1055 1793 1106 τικτομένας
1816 1055 1973 1107 ταραχὰς
1997 1058 2063 1108 οὐχ
2081 1051 2150 1094 οἷόν
2175 1073 2213 1095 τε
2236 1057 2351 1101 πάσας

1324 1115 1637 1167 ἐξαριθμήσασθαι.
1658 1117 1734 1164 Διὸ,
1753 1117 1968 1169 παρακαλῶ,
1985 1117 2164 1168 φεύγωμεν
2185 1119 2221 1155 ἓν
2240 1118 2352 1156 ἅπασι

1322 1183 1394 1220 τοῖς
1421 1176 1608 1228 πράγμασι
1643 1176 1706 1224 τὴν
1738 1176 1956 1225 πλεονεξίαν,
1980 1177 2039 1215 καὶ
2063 1178 2103 1216 τὸ
2132 1177 2196 1225 τὴν
2227 1178 2350 1230 χρείαν

1323 1237 1555 1291 ὓπερὸαίνειν.
1578 1237 1622 1276 ‘O
1638 1237 1705 1290 γὰρ
1725 1237 1857 1285 ἀληθὴς
1871 1240 2031 1285 πλοῦτος,
2051 1241 2074 1284 ἡ
2094 1238 2272 1282 ἀνάλωτος
2290 1255 2352 1278 πε-

1326 1298 1461 1351 ριουσία
1491 1297 1578 1346 αὕτη
1598 1298 1784 1350 τυγχάνει,
1805 1299 1845 1338 τὸ
1868 1302 1929 1346 τῆς
1955 1298 2076 1352 χρείας
2095 1299 2266 1351 ἐφίεσθαι,
2293 1299 2354 1337 καὶ

1275 1369 1297 1399 Β
1322 1360 1367 1398 τὰ
1386 1359 1474 1412 ὑπὲρ
1492 1359 1554 1407 τὴν
1574 1359 1697 1413 χρείαν
1719 1359 1863 1403 δεόντως
1883 1359 2084 1398 διατιθέναι.
2102 1359 2146 1398 Ὁ
2163 1360 2230 1412 γὰρ
2245 1363 2354 1398 τοιοῦ-

1322 1437 1378 1465 τος
1391 1421 1469 1460 οὔτε
1488 1420 1608 1458 πενίαν
1625 1420 1738 1458 δεῖσαί
1766 1436 1851 1459 ποτε
1870 1421 2071 1468 δυνήσεται,
2091 1420 2168 1459 οὔτε
2187 1421 2352 1474 ἐπήρειαν

1322 1484 1508 1532 ὑπομενεῖ,
1544 1481 1624 1519 οὔτε
1657 1484 1816 1535 ταραχῆς
1850 1482 2102 1535 πειραθήσεται
2123 1498 2131 1505 ·
2166 1481 2256 1520 ἀλλὰ
2292 1481 2353 1520 καὶ

1323 1541 1555 1594 συκοφαντίας
1587 1542 1685 1586 ἐκτὸς
1718 1542 1838 1587 ἔσται,
1865 1542 1926 1579 καὶ
1955 1544 2024 1579 τῶν
2057 1541 2352 1581 ἐπιδουλευόντων

1321 1602 1724 1656 ἑλευθερωθήσεται,κα“ι
1745 1603 1865 1647 ἁπλῶς
1887 1605 2008 1649 εἰπεῖν,
2029 1606 2060 1642 ἕν
2085 1604 2235 1650 διηνεκεῖ
2254 1602 2352 1641 ἔσται

1321 1664 1469 1715 γαλήνῃ,
1499 1664 1648 1715 ἡσυχίας
1681 1663 1740 1702 καὶ
1768 1664 2041 1716 ἀπραγμοσύνης
2062 1663 2269 1702 ἀπολαύων·
2290 1664 2352 1702 καὶ

1320 1725 1360 1763 τὸ
1385 1725 1427 1771 δὴ
1450 1728 1564 1776 μεῖζον
1583 1725 1745 1764 ἁπάντων
1765 1724 1824 1764 καὶ
1842 1724 1883 1762 τὸ
1900 1725 2087 1777 κεφάλαιον
2106 1729 2174 1763 τῶν
2196 1727 2348 1778 ἀγαθῶν,

1319 1789 1337 1824 ὁ
1358 1791 1511 1831 τοιοῦτος
1528 1786 1588 1824 καὶ
1605 1786 1663 1825 τὸν
1683 1787 1773 1825 Θεὸν
1791 1786 1895 1825 ἵλεων
1916 1786 1998 1832 ἕξει,
2022 1786 2082 1824 καὶ
2101 1789 2233 1833 πολλ’ἧς
2253 1789 2345 1825 ἀπο-

1321 1847 1440 1886 λαύσει
1469 1851 1530 1894 τῆς
1550 1848 1679 1886 ἄνωθεν
1702 1851 1828 1900 ῥοπῆς,
1859 1848 1918 1886 ἅτε
1950 1847 1991 1895 δὴ
2013 1847 2190 1899 οἰκονόμος
2223 1847 2346 1891 πιστὸς

1319 1912 1388 1948 τῶν
1407 1913 1466 1948 τοῦ
1486 1909 1664 1948 Δεσπότου
1684 1909 1891 1963 χρημάτων.
1919 1909 2104 1961 Μακάριος
2125 1909 2206 1961 γὰρ,
2228 1909 2345 1962 φησὶν,

1321 1974 1339 2009 ὁ
1368 1971 1484 2014 δοῦλος
1514 1973 1663 2017 ἐκεῖνος,
1694 1971 1730 2008 ὃν
1751 1968 1858 2008 ἐλθὼν
1887 1973 1905 2008 ὁ
1932 1969 2049 2022 κύριος
2075 1972 2179 2007 αὐτοῦ
2209 1968 2346 2022 εὑρήσει

1273 2035 1296 2066 C
1321 2029 1411 2069 οὕτω
1429 2036 1612 2078 ποιοῦντα,
1632 2029 1723 2068 οὕτω
1743 2030 1951 2081 διανέμοντα
1966 2036 2037 2074 τοῖς
2054 2030 2265 2076 συνδούλοις,
2285 2031 2347 2068 καὶ

1322 2091 1370 2142 μὴ
1393 2091 1511 2145 θύραις
1530 2091 1590 2129 καὶ
1608 2093 1751 2143 μοχλοῖς
1770 2090 2050 2138 ἐναποκλείοντα,
2070 2090 2131 2129 καὶ
2154 2096 2226 2134 τοῖς
2253 2089 2345 2129 σκώ-

1319 2151 1397 2199 ληξι
1417 2151 1545 2204 τροφὴν
1571 2155 1819 2205 συγχωροῦντα
1838 2151 2011 2202 γίνεσθαι,
2033 2151 2122 2189 ἀλλὰ
2143 2154 2213 2189 τῶν
2231 2150 2343 2197 πενή-

1318 2229 1387 2251 των
1407 2213 1470 2260 τὴν
1489 2212 1620 2250 ἔνδειαν
1640 2212 1952 2266 παραμυθούμενον
1965 2243 1975 2260 ,
1994 2212 2053 2250 καὶ
2072 2213 2177 2251 καλὸν
2207 2211 2266 2249 καὶ
2285 2227 2344 2250 πι-

1319 2274 1399 2313 στὸν
1430 2274 1607 2324 οἰκονόμον
1638 2273 1815 2325 γινόμενον
1847 2277 1916 2312 τῶν
1946 2275 2044 2325 παρὰ
2074 2278 2134 2310 τοῦ
2163 2272 2342 2311 Δεσπότου

1317 2335 1582 2388 χορηγηθέντων
1598 2365 1607 2382 ,
1629 2335 1685 2372 ἵνα
1710 2335 1770 2373 καὶ
1797 2337 1860 2380 τῆς
1881 2337 1992 2380 καλῆς
2021 2334 2150 2381 ταύτης
2178 2335 2345 2384 διανομῆς

1319 2396 1427 2448 μέγαν
1451 2397 1508 2434 τὸν
1536 2396 1656 2447 μισθὸν
1676 2396 1878 2446 κομίσηται,
1899 2396 1958 2435 καὶ
1979 2398 2048 2433 τῶν
2073 2395 2342 2446 ἐπηγγελμένων

1319 2460 1456 2508 ἀγαθῶν
1485 2460 1663 2509 ἐπιτυχεῖν
1687 2458 1884 2508 καταξιωθῇ
1897 2487 1906 2503 ,
1925 2457 2045 2511 χάριτι
2066 2457 2124 2495 καὶ
2145 2457 2343 2508 φιλανθρω-

1316 2519 1382 2571 πίᾳ
1402 2524 1461 2558 τοῦ
1491 2518 1619 2571 Κυρίου
1640 2522 1740 2570 ἡμῶν
1764 2521 1880 2566 Ἰησοῦ
1911 2520 2080 2571 Χριστοῦ,
2115 2520 2189 2569 μεθ’
2221 2512 2259 2555 οὗ
2292 2519 2343 2569 τῷ

1318 2581 1435 2632 Hoc-„pt
1449 2611 1457 2626 ‚
1471 2581 1545 2631 ἅμα
1565 2583 1615 2632 τῷ
1634 2580 1722 2633 ἁγίῳ
1749 2580 1949 2631 Πνεύματι,
1962 2579 2063 2626 δόξα,
2082 2579 2221 2631 κράτος,
2240 2577 2341 2628 τιμὴ,

1318 2645 1375 2679 νῦν
1399 2642 1458 2679 καὶ
1481 2642 1552 2690 ἀεὶ,
1572 2642 1632 2680 καὶ
1651 2644 1699 2686 εἷς
1715 2641 1792 2685 τοὺς
1812 2643 1939 2686 αἰῶνας
1958 2643 2026 2679 τῶν
2048 2639 2194 2678 αἰώνων.
2219 2638 2340 2689 Ἀμήν.

1687 2772 1867 2810 ΟΜΙᾹΙΑ
1890 2770 1959 2816 λη’.

1318 2895 1418 2948 Σάρα
1439 2895 1492 2941 δὲ,
1512 2897 1533 2941 ἡ
1563 2894 1648 2946 γυνὴ
1667 2894 1826 2946 Ἄδραμ,
1855 2895 1917 2931 οὐκ
1936 2891 2068 2930 ἔτικτεν
2099 2891 2194 2943 αὐτῷ
2211 2905 2218 2914 ·
2238 2884 2279 2937 ἧν
2305 2890 2341 2928 δὲ

1425 2958 1511 3006 αὐτῇ
1532 2955 1700 3002 παιδίσκη
1722 2954 1917 3007 Αἰγυπτία,
1937 2948 1961 3005 ᾗ
1980 2953 2088 3003 ὄνομα
2110 2951 2234 3004 Ἅγαρ.

1369 3131 1485 3170 Πάλιν
1500 3131 1543 3169 τὰ
1564 3131 1716 3184 σήμερον
1737 3128 2001 3182 ἀναγνωσθέντα
2021 3128 2077 3167 ἐπὶ
2096 3127 2159 3174 τὴν
2179 3125 2341 3165 ὑπόθεσιν

1316 3193 1378 3240 τὴν
1399 3192 1489 3231 κατὰ
1505 3193 1562 3231 τὸν
1580 3192 1804 3245 πατριάρχην
1827 3190 1891 3236 τὴν
1911 3190 2086 3243 ἡμετέραν
2103 3190 2202 3227 καλεῖ
2228 3189 2340 3239 γλῶτ-

1316 3270 1377 3293 ταν
1395 3271 1402 3278 ·
1423 3254 1481 3291 καὶ
1500 3253 1548 3304 μὴ
1570 3254 1772 3305 θαυμάσητε
1789 3253 1820 3290 εἷ
1837 3253 1893 3290 ἐπὶ
1909 3251 2094 3294 τοσαύταις
2110 3249 2258 3301 ἡμέραις
2275 3246 2340 3293 τὴν

1317 3319 1393 3354 κατ’
1419 3316 1518 3353 αὐτὸν
1538 3315 1692 3366 ἱστορίαν
1713 3317 1759 3358 εἰς
1779 3313 1882 3364 μέσον
1902 3311 2182 3365 παραγαγόντες,
2205 3308 2339 3347 οὐδέπω

1318 3377 1375 3416 καὶ
1408 3377 1555 3429 τήμερον
1593 3375 1698 3423 αὐτὴν
1730 3374 1922 3427 ἀπαρτίσαι
1956 3372 2180 3422 δεδυνήμεθα.
2216 3369 2338 3417 Πολλὴ
