2516 3791
125 786 256 823 Philipp,
278 793 304 813 2.

119 828 149 855 8.

111 2846 182 2872 Cal.
200 2854 226 2873 2,
242 2855 290 2875 20.

318 141 410 198 404
734 153 771 183 s.

318 239 441 286 ipsum
458 238 474 271 P
494 248 608 273 nonne
625 243 659 273 tu
674 235 748 287 ipse
762 234 902 279 dixisti,
925 234 999 270 Pro
1018 232 1124 266 nobis
1143 229 1262 264 omni-

320 297 389 332 bus
409 295 568 332 tradidit
588 297 828 345 semetipsum
848 297 863 329 ?
880 291 1013 338 Etiam,
1032 287 1147 338 inquit
1165 302 1173 322 :
1193 299 1262 323 non

318 355 445 405 loquor
463 354 671 407 pugnantia,
690 353 751 392 sed
771 365 925 390 amorem
943 363 1060 387 meum
1075 347 1121 384 ita
1136 360 1260 384 conso-

319 416 384 453 lor.
408 417 487 453 Jam
512 415 595 453 vide
615 415 739 451 iterum
766 422 798 449 et
819 411 918 449 aliud
941 409 1038 460 quod
1061 407 1167 446 dictis
1191 406 1264 444 illis

318 489 382 512 nos
400 475 515 512 (locet.
538 476 628 511 Cum
644 474 736 510 enim
758 471 918 523 superius
935 467 1070 507 dixerit
1082 467 1128 504 de
1144 468 1262 516 Patre,

321 537 399 572 Pro
422 537 529 571 nohis
552 535 726 570 omnibus
748 531 910 569 tradidit
930 530 1060 577 illum,
1078 527 1140 565 hic
1157 526 1264 575 dicit,

319 596 567 644 Semetipsum
588 593 749 630 tradidit
767 607 777 627 .-
796 600 828 629 et
850 590 925 628 illic
942 589 1104 641 quidem,
1129 597 1166 626 ut
1181 602 1264 625 con-

320 653 476 691 cordiam
503 653 663 690 ostendat
690 666 729 689 ac
754 665 874 704 parem
898 651 1068 688 honorem
1094 649 1210 688 Patris
1231 657 1264 686 et

810 151 993 196 JQANMS
1029 146 1267 179 CHRYSOST.
1309 144 1513 174 ARCfflEP.
1553 142 1907 173 CONSTANTINOP.

1338 241 1395 263 κεν
1415 225 1559 273 ἑαυτόν,
1588 225 1659 263 Ναὶ
1677 255 1686 270 ,
1716 225 1821 277 φησίν
1836 242 1843 248 ·
1863 228 1924 262 οὐκ
1956 221 2214 273 ἐναντιούμενος
2240 222 2353 273 ἑαυτῷ

1335 285 1444 322 ταῦτά
1463 301 1572 337 φημι,
1593 285 1683 324 ἀλλὰ
1697 286 1755 324 τὸν
1777 289 1927 335 ἐμαυτοῦ
1947 284 2052 322 πόθον
2077 282 2354 335 παραμυθούμμ

1337 359 1404 388 νος.
1430 345 1499 383 Καὶ
1516 344 1580 397 ὅρα
1594 345 1699 383 πάλιν
1715 345 1775 384 καὶ
1796 345 1911 398 ἕτερόν
1935 360 1968 382 τι
1993 344 2048 382 διὰ
2067 347 2136 381 τῶν
2163 342 2354 394 εἰρημένων

1336 407 1430 455 ἡμᾶς
1447 405 1665 444 διδάσκοντα.
1685 405 1861 457 Ἀνωτέρω
1887 404 1955 457 γὰρ
1973 403 2078 442 εἰπὼν
2098 403 2178 456 περὶ
2194 405 2254 440 τοῦ
2274 402 2355 438 Πα-

1337 464 1432 517 τρὸς,
1456 467 1507 502 ὅτι
1533 464 1643 516 (Υπὲρ
1658 469 1758 516 ἡμῶν
1778 465 1917 503 πάντων
1936 463 2134 515 παρέδωκεν
2165 462 2280 507 αὐτὸν,
2301 462 2356 498 ἐν·

1338 530 1448 563 ταῧθα
1467 526 1579 578 λέγει,
1595 525 1743 564 (Εαυτὸν
1764 525 1965 578 παρέδωκεν
1982 540 1990 547 ·
2011 526 2081 562 ἐκεῖ
2107 523 2183 573 μὲν,
2211 522 2265 559 ἵνα
2292 521 2355 567 τὴν

1338 587 1499 637 ὁμόνοιαν
1526 586 1617 638 δείξῃ
1637 587 1695 625 καὶ
1709 586 1774 633 τὴν
1793 585 1980 636 ὃμοτιμίαν
1998 584 2138 637 Πατρὸς
2163 583 2222 621 καὶ
2249 583 2357 625 Υἱοῧ,

1339 646 1424 685 ι’καὶ
1458 647 1521 693 τὴν
1550 646 1748 698 οἰκονομίαν
1787 645 1973 692 αἱνίξηται·
2008 645 2083 683 ἐπεὶ
2115 643 2174 682 καὶ
2202 644 2357 693 ἀλλαχοῦ

320 713 416 758 Filii,
437 723 469 751 et
490 714 688 765 passionem
708 712 908 751 subindicet
931 727 938 748 ε
963 710 1132 762 quoniam
1158 709 1263 747 etiam
1287 722 1312 751 Ι)
1337 722 1438 759 φησι,
1459 708 1648 758 Γενόμενος
1678 707 1827 754 ὑπήκοος
1849 706 1954 758 μέχρι
1976 705 2150 752 θανάτου,
2178 706 2358 754 πανταχοῦ

320 773 390 811 alio
421 774 498 812 loco
521 774 610 811 dicit
641 789 648 809 :
677 775 823 811 Factus
856 773 1034 809 obediens
1066 784 1185 822 usque
1214 770 1268 807 ad

322 844 480 872 mortem
510 851 520 870 .·
551 834 684 884 ubique
709 833 861 885 passioni
893 831 1000 869 fidem
1027 830 1171 868 faciens.
1200 829 1267 866 Hic

321 905 437 932 autem
451 894 583 947 posuit,
609 894 785 931 Tradidit
804 893 1058 943 semetipsum,
1081 900 1120 928 ut
1135 889 1267 927 indicet

320 971 401 993 eum
432 955 630 993 voluntarie
661 954 859 1006 passionem
892 951 1103 1003 suscepisse,
1133 959 1168 987 et
1196 964 1264 987 non

320 1016 535 1060 necessitate,
558 1029 670 1066 neque
692 1014 742 1063 vi,
767 1013 825 1051 sed
846 1013 1022 1052 volentem
1041 1010 1264 1062 cupientem-

321 1091 388 1127 que
404 1077 509 1114 totius
524 1075 669 1113 humani
688 1074 824 1125 generis
842 1074 990 1111 salutem
1009 1071 1162 1124 operari,
1185 1085 1265 1109 cru-

321 1152 394 1175 cem
411 1137 628 1175 sustinuisse.
648 1136 796 1182 Qualem
816 1135 925 1186 igitur
934 1133 1092 1172 vicissim
1108 1145 1265 1170 amorem

320 1198 488 1235 exhibere
508 1197 700 1249 poterimus
720 1205 791 1233 tam
813 1194 962 1233 divitem
984 1208 1063 1245 erga
1086 1207 1149 1231 nos
1168 1192 1264 1230 cari-

319 1268 425 1296 tatem
449 1257 640 1296 declarant}
655 1258 672 1293 ἶ)
694 1256 845 1294 Etiamsi
875 1255 1028 1293 animam
1050 1254 1163 1306 ipsam
1190 1253 1262 1291 im—

318 1319 515 1370 pendamus
532 1333 595 1371 pro
618 1319 693 1370 ejus
711 1317 864 1368 legibus,
881 1324 915 1353 et
931 1329 996 1368 pro
1018 1314 1264 1352 observatione

318 1379 579 1429 mandatorum,
607 1392 686 1429 quae
705 1377 750 1414 ab
772 1377 848 1429 ipso
866 1385 949 1414 sunt
971 1374 1065 1422 data,
1083 1389 1195 1425 neque
1214 1375 1264 1413 sic

317 1439 361 1476 ad
376 1440 532 1477 caritatis
547 1438 692 1477 modum
713 1437 911 1490 pertingere
929 1436 1138 1488 poterimus,
1157 1451 1263 1487 quam

314 1513 397 1551 erga
417 1509 577 1537 nostrum
595 1499 787 1536 declaravit
814 1511 935 1548 genus.
955 1497 1035 1548 lpse
1052 1497 1146 1534 enim
1167 1498 1263 1534 Deus

314 1574 396 1597 cum
412 1569 513 1609 esset,
529 1574 594 1611 pro
607 1558 812 1596 hominibus
824 1557 891 1595 hoc
903 1556 1027 1603 subiit,
1042 1565 1074 1594 et
1088 1556 1264 1594 Dominus

313 1635 378 1672 pro
401 1620 512 1658 servis
531 1636 540 1667 3
565 1634 606 1657 ac
633 1633 701 1656 non
724 1633 788 1670 pro
813 1617 927 1655 servis
950 1617 1173 1668 simpliciter,
1198 1618 1262 1656 sed

313 1694 377 1731 pro
396 1680 544 1731 ingratis
563 1688 596 1717 et
615 1679 792 1731 perpetuis
812 1677 978 1716 inimicis.
1004 1677 1049 1715 Et
1067 1677 1144 1730 ipse
1164 1679 1262 1730 prior

311 1741 346 1778 in
368 1741 534 1791 indignos
551 1749 585 1778 et
604 1740 735 1777 millies
750 1739 867 1791 lapsos
881 1747 1013 1776 tantam
1029 1738 1179 1776 contulit
1192 1739 1260 1777 be-

312 1801 535 1839 neficentiam
561 1816 568 1837 :
592 1814 654 1838 nos
675 1808 793 1837 autem
813 1798 950 1836 etiamsi
970 1799 1141 1837 faciamus
1160 1814 1259 1850 quae-

312 1877 462 1913 cumque
480 1861 674 1914 poterimus
688 1891 696 1905 ‚
716 1860 807 1898 nibil
828 1873 998 1911 magnum
1017 1860 1199 1909 faciemus,
1221 1870 1259 1899 ut
1272 1901 1319 1925 ³²9

1336 767 1400 814 τὴν
1426 768 1622 817 οἰκονομίαν
1646 768 1887 819 πιστούμενος.
1910 768 2084 805 Ἐνταῦθα
2104 765 2138 803 δὲ
2159 765 2216 812 τὸ,
2236 763 2357 815 Παρέ-

1339 830 1446 866 δωκεν
1468 830 1605 878 ἑαυτὸν,
1632 830 1796 875 τέθεικεν,
1820 829 1876 866 ἵνα
1903 828 1995 879 δείξῃ
2013 828 2065 865 ὅτι
2082 826 2169 865 ἑκὼν
2192 827 2232 864 τὸ
2249 825 2357 867 πάθος

1338 890 1562 936 κατεδέξατο,
1579 891 1637 928 καὶ
1657 893 1717 928 οὐκ
1735 890 1868 941 ἀνάγκη
1881 888 1957 927 οὐδὲ
1977 889 2037 940 βία
2052 919 2060 933 ,
2084 887 2174 926 ἀλλὰ
2192 884 2357 936 βουλόμε-

1338 965 1392 993 νος
1417 950 1476 987 καὶ
1503 950 1610 988 θέλων
1640 951 1744 989 παντὶ
1770 954 1820 1003 τῷ
1841 953 1909 987 τῶν
1945 948 2135 999 ἀνθρώπων
2168 947 2260 998 γένει
2292 946 2355 992 τὴν

1340 1010 1513 1062 σωτηρίαν
1532 1010 1890 1064 πραγματεύσασθαι,
1920 1009 1977 1048 τὸν
2007 1009 2153 1061 σταυρὸν
2179 1007 2356 1058 ὑπέμεινε.

1340 1070 1452 1108 Ποίαν
1479 1065 1536 1109 οῧν
1558 1075 1636 1109 κατ’
1657 1072 1753 1116 ἀξίαν
1784 1072 1924 1121 ἀγάπην
1945 1070 2176 1114 ἐπιδείξασθαι
2210 1067 2357 1114 δυνησό-

1341 1135 1440 1182 μεθα,
1458 1133 1543 1184 πρὸς
1556 1132 1613 1170 τὸν
1633 1133 1721 1171 οὕτω
1739 1132 1908 1171 πλουσίαν
1923 1131 1986 1178 τὴν
2013 1131 2092 1183 περὶ
2110 1135 2203 1181 ἡμᾶς
2218 1129 2358 1179 ἀγάπην

1340 1192 1618 1243 ἐπιδειξάμενον,
1640 1194 1714 1232 Κᾶν
1742 1193 1810 1246 γὰρ
1833 1192 1941 1238 αὐτὴν
1967 1191 2029 1238 τὴν
2051 1190 2165 1243 ψυχὴν
2190 1188 2358 1243 προέσθαι

1339 1253 1609 1304 καταδεξώμεθα
1634 1254 1721 1306 ὑπέρ
1752 1270 1789 1291 τε
1819 1256 1887 1291 τῶν
1917 1255 2019 1290 αὐτοῦ
2044 1252 2172 1302 νόμων,
2210 1249 2269 1288 καὶ
2297 1252 2359 1295 τῆς

1339 1316 1493 1367 φυλακῆς
1510 1319 1579 1353 τῶν
1598 1318 1744 1354 ἐντολῶν
1767 1318 1835 1352 τῶν
1856 1314 1941 1368 παρ’
1962 1316 2062 1352 αὐτοῦ
2086 1313 2260 1359 δοθεισῶν,
2281 1310 2358 1349 οὐδὲ

1339 1375 1429 1413 οὕτω
1448 1376 1533 1428 πρὸς
1547 1377 1586 1415 τὸ
1600 1376 1724 1429 μέτρον
1747 1376 1876 1428 φθάσαι
1891 1374 2107 1424 δυνησόμεθα
2124 1376 2186 1419 τῆς
2202 1371 2358 1424 ἀγάπης,

1336 1438 1378 1484 ἦν
1407 1438 1487 1489 περὶ
1517 1437 1578 1484 τὴν
1601 1438 1772 1490 ἡμετέραν
1792 1436 1990 1480 ἐπεδείξατο
2019 1434 2130 1488 φύσιν.
2150 1435 2259 1477 Αὐτὸς
2295 1432 2357 1484 μὲν

1287 1506 1311 1536 Ε
1336 1497 1404 1551 γὰρ
1420 1498 1508 1541 Θεὸς
1531 1498 1578 1536 ὢν
1603 1497 1687 1549 ὑπὲρ
1704 1497 1894 1549 ἀνθρώπων
1922 1501 2022 1534 τοῦτο
2049 1495 2275 1540 κατεδέξατο,
2298 1492 2361 1530 καὶ

1336 1558 1515 1605 Δεσπότης
1531 1558 1713 1611 τυγχάνων
1732 1558 1820 1610 ὑπὲρ
1840 1558 1982 1604 δούλων,
2003 1557 2062 1595 καὶ
2081 1559 2145 1608 οὐχ
2166 1554 2252 1606 ὑπὲρ
2277 1554 2358 1592 δοά-

1335 1621 1404 1657 λων
1435 1621 1571 1668 ἁπλῶς,
1603 1619 1693 1658 ἀλλὰ
1726 1620 1786 1657 καί
1815 1618 2025 1670 ἀγνωμόνων
2050 1618 2109 1655 καὶ
2137 1616 2269 1662 πολλὴν
2295 1616 2355 1653 καὶ

1335 1682 1504 1721 ἄσπονδον
1525 1680 1587 1727 τὴν
1611 1680 1736 1732 ἔχθραν
1757 1679 2057 1730 ἐπιδεικνυμένων.
2085 1677 2155 1716 Καὶ
2174 1677 2272 1720 αὐτὸς
2293 1676 2354 1727 μὲν

1333 1741 1518 1795 προλαὸὼν
1543 1743 1589 1785 εἷς
1608 1741 1762 1785 ἀναξίους
1786 1741 1845 1779 καὶ
1868 1739 1974 1791 μυρία
1995 1738 2201 1782 ἐπταικότας
2214 1737 2278 1783 τὴν
2298 1753 2356 1775 το·

1333 1802 1466 1849 σαύτην
1503 1802 1698 1855 εὐεργεσίαν
1729 1801 1948 1845 ἐπεδείξατο·
1975 1804 2077 1850 ἡμεῖς
2106 1800 2166 1847 δὲ,
2197 1798 2281 1850 ὅπερ
2313 1798 2352 1836 ἂν

1334 1864 1567 1909 ἐπιδείξασθαι
1598 1865 1811 1914 δυνηθῶμεν,
1837 1862 1931 1902 οὐδὲν
1961 1861 2052 1913 μέγα
2078 1865 2266 1912 εποιοῦμεν
2293 1860 2352 1899 τὸν

311 1923 340 1960 ei
368 1923 430 1974 qui
461 1937 525 1960 nos
552 1922 658 1960 tantis
687 1921 870 1959 beneficiis
899 1921 1084 1973 praevenit,
1118 1921 1257 1973 aliquid
1283 1911 1308 1966 Ᾰ
1331 1926 1582 1978 προφθάσαντα
1599 1932 1674 1969 ταῖς
1695 1924 1881 1967 τοσαύταις
1897 1923 2108 1976 εὐεργεσίαις
2129 1926 2224 1972 ἡμᾶς
2249 1921 2352 1972 3293(-

311 1983 555 2035 rcpendamus.
590 1983 716 2020 Nostra
746 1981 855 2028 enim,
890 1981 918 2019 si
949 1995 1018 2032 qua
1048 1991 1256 2033 sequuntur,

310 2044 497 2081 retributio
512 2042 658 2094 quidem
675 2051 755 2080 sunt
770 2051 801 2079 et
818 2042 978 2080 debitum
995 2057 1006 2091 5
1025 2042 1125 2080 illius
1139 2052 1257 2081 autem

310 2113 391 2141 sunt
408 2104 519 2154 gratia
539 2112 572 2140 et
589 2101 774 2149 beneficia,
790 2102 1061 2153 largitionisq-ue
1078 2104 1256 2154 magnitu-

310 2163 368 2201 do.
405 2165 489 2202 Hrec
521 2164 631 2215 igitur
667 2163 783 2200 omnia
820 2163 1028 2214 cogitantes,
1063 2157 1256 2215 diligamus

311 2224 493 2262 Christum
510 2224 600 2261 sicut
613 2223 745 2261 Paulus
760 2223 876 2274 ipsum
888 2222 1031 2272 dilexit,
1050 2224 1257 2276 nullamque

309 2285 537 2336 pra‘senlium
556 2284 725 2321 rationem
741 2283 947 2332 habeamus,
964 2282 1027 2321 sed
1044 2294 1254 2336 perpetuum

309 2345 384 2395 ejus
400 2359 555 2383 amorem
568 2345 602 2382 iu
618 2344 733 2382 anima
749 2353 866 2381 nostra
881 2344 1027 2382 firmum
1041 2354 1074 2382 et
1092 2346 1255 2384 stabilem

309 2419 502 2443 servemus.
530 2406 583 2443 Ita
612 2406 706 2442 enim
731 2414 764 2442 et
788 2405 906 2442 omnia
929 2419 1006 2455 quae
1027 2405 1063 2443 in
1089 2406 1156 2444 hac
1179 2408 1254 2446 vita

308 2475 404 2515 sunt,
422 2465 683 2513 deridebimus,
697 2474 731 2503 et
745 2474 874 2502 terram
891 2466 990 2516 quasi
1007 2466 1134 2505 caelum
1152 2467 1254 2507 inha-

307 2525 516 2575 bitabimus,
532 2540 644 2577 neque
662 2540 705 2564 ex
725 2525 905 2577 prosperis
922 2526 1026 2564 rebus
1041 2527 1254 2568 remissiores

308 2587 454 2635 erimus,
479 2601 590 2638 neque
612 2602 656 2625 ex
678 2586 837 2624 adversis
862 2587 1174 2626 contristabimur:
1193 2591 1254 2629 sed

308 2648 472 2685 omnibus
490 2649 676 2700 praeteritis
698 2648 745 2685 ad
763 2647 952 2686 amabilem
972 2649 1165 2690 Dominum
1184 2666 1253 2690 no-

308 2718 418 2746 strum
429 2709 512 2746 hinc
522 2709 782 2757 festinabimus,
797 2723 908 2760 neque
917 2709 1125 2749 dilationem
1133 2725 1254 2764 grava-

308 2769 370 2806 tim
382 2770 543 2816 feremus,
560 2771 619 2808 scd
632 2779 764 2807 nuncet
777 2784 839 2808 nos
850 2770 940 2809 sicut
953 2771 1075 2810 beatus
1089 2773 1149 2811 ille
1161 2774 1254 2812 dice-

307 2843 398 2877 mus,
417 2831 529 2879 Quod
539 2845 638 2868 nunc
654 2834 823 2869 vivimus
837 2835 877 2868 in
894 2846 1024 2879 carne,
1042 2836 1083 2870 in
1088 2834 1177 2886 fide
1191 2839 1252 2873 vi-

308 2894 428 2928 vimus
455 2892 551 2928 Filii
568 2893 658 2939 Dei,
686 2895 752 2943 qui
775 2893 914 2930 dilexit
941 2907 1022 2940 nos,
1050 2904 1087 2933 et
1117 2906 1251 2935 semet-

305 2955 428 3003 ipsum
461 2953 620 2989 tradidit
646 2966 714 3003 pro
743 2956 854 2991 nobis
882 2970 889 2990 :
918 2964 957 2992 ut
984 2964 1017 2993 et
1044 2945 1249 3008 praesentem

302 3012 414 3049 vitam
450 3012 582 3062 absque
613 3026 761 3050 moeroi·e
788 3015 1029 3066 perficiamus,
1058 3026 1089 3054 et
1120 3018 1250 3056 futuris

302 3072 403 3111 bonis
419 3073 486 3109 frui
506 3087 715 3117 mercamur,
733 3075 845 3124 gratia
863 3085 895 3113 et
911 3076 1152 3116 misericordia
1171 3081 1248 3117 Do—

299 3133 385 3171 mini
405 3133 511 3171 nostri
533 3136 614 3172 Jesu
636 3134 784 3183 Christi,
807 3149 884 3173 cum
907 3151 977 3187 quo
999 3139 1095 3176 Patri
1112 3148 1145 3177 et
1164 3141 1245 3192 Spi-

1331 1987 1452 2025 ὅεσθαι
1481 1987 1740 2031 σπουδάζοντες.
1772 1985 1830 2024 Τὰ
1857 1986 1925 2038 γὰρ
1952 1987 2037 2036 παρ’
2059 1987 2173 2035 ἡμῶν,
2208 1982 2248 2020 ἂν
2284 1983 2352 2034 ἄρα

1331 2049 1576 2092 ἀκολουθῶσιν,
1595 2048 1726 2097 ἀμοιὸή
1748 2046 1800 2090 τίς
1819 2046 1965 2084 ἐστικαὶ
1985 2045 2106 2098 ὀφειλή
2123 2060 2130 2067 ·
2148 2044 2193 2083 τὰ
2215 2043 2250 2081 δὲ
2267 2046 2350 2096 παρ’

1331 2110 1452 2157 αὐτοῦ,
1476 2108 1579 2160 χάρις
1610 2108 1668 2146 καὶ
1697 2107 1906 2161 εὐεργεσίαι,
1942 2107 2001 2144 καὶ
2033 2108 2162 2158 δωρεᾶς
2198 2105 2352 2157 μέγεθος.

1331 2171 1452 2208 Ταῦτα
1471 2169 1583 2207 τοίνυν
1606 2170 1744 2207 ἅπαντα
1770 2167 2003 2218 λογιζόμενοι,
2028 2167 2268 2218 ἀγαπησωμεν
2293 2168 2351 2206 τὸν

1330 2231 1496 2282 Χριστὸν,
1515 2230 1670 2282 καθάπερ
1688 2230 1828 2272 Παῦλος
1844 2230 1942 2267 αὐτὸν
1960 2228 2137 2279 ἠγάπησε,
2152 2229 2211 2266 καὶ
2232 2229 2353 2279 μηδεὶς

1329 2295 1414 2343 ἡμῖν
1435 2293 1504 2330 τῶν
1523 2291 1703 2344 παρόντων
1733 2291 1821 2329 ἔστω
1839 2290 1960 2341 λόγος,
1992 2289 2082 2327 ἀλλὰ
2103 2290 2269 2336 διηνεκῶς
2292 2290 2350 2328 τὸν

1330 2355 1434 2391 αὐτοῦ
1449 2353 1552 2392 πόθον
1570 2353 1706 2405 ἔχωμεν
1727 2352 1907 2405 ἱδρυμένον
1927 2353 2026 2401 ἡμῶν
2052 2352 2094 2402 τῇ
2115 2353 2223 2403 ψυχῇ.
2246 2351 2350 2390 Οὕτω

1328 2414 1396 2466 γὰρ
1416 2415 1475 2452 καὶ
1494 2414 1632 2452 πάντων
1658 2412 1972 2465 καταγελασόμεθα
1994 2415 2063 2450 τῶν
2091 2416 2150 2450 τοῦ
2181 2412 2350 2464 παρόντος

1330 2477 1422 2527 βίου,
1443 2476 1502 2513 καὶ
1518 2474 1606 2513 οὕτω
1626 2474 1687 2522 τὴν
1705 2479 1769 2527 γ’ῆν
1791 2475 1947 2526 καθάπερ
1967 2473 2026 2511 τὸν
2045 2473 2185 2527 οὐρανὸν
2208 2473 2348 2520 οἰκήσο-

1329 2553 1405 2587 μεν,
1420 2536 1495 2574 οὕτε
1507 2536 1574 2574 ὑπὸ
1590 2539 1658 2574 τῶν
1673 2539 1835 2588 χρηστῶν
1854 2536 1999 2573 ἐνταῦθα
2011 2551 2036 2586 χ
2039 2534 2254 2585 αυνουμένοι,
2271 2535 2348 2574 οὔτε

1327 2598 1393 2635 ὑπὸ
1415 2600 1483 2635 τῶν
1502 2599 1665 2650 λυπηρῶν
1691 2596 1974 2646 συστελλόμενοι·
1994 2595 2083 2633 ἀλλὰ
2101 2595 2217 2634 πάντα
2232 2611 2347 2648 παρα-

1278 2663 1301 2693 Β
1326 2657 1505 2710 τρέχοντες
1531 2657 1616 2709 πρὸς
1636 2657 1694 2695 τὸν
1724 2657 1934 2707 ποθούμενον
1956 2659 2057 2707 ἡμῶν
2086 2656 2268 2703 Δεσπότην
2294 2659 2347 2695 ἐν·

1326 2722 1440 2756 τεῧθεν
1474 2718 1776 2770 ἐπειχθησόμεθα,
1809 2718 1868 2756 καὶ
1902 2717 1991 2767 μήτε
2022 2716 2107 2769 πρὸς
2139 2717 2245 2764 αὐτὴν
2282 2717 2345 2764 τὴν

1328 2778 1495 2828 μέλλησιν
1514 2781 1802 2831 δυσχερανοῧμεν,
1823 2779 1898 2816 ἀλλ’
1921 2780 2063 2829 ἐροῦμεν
2083 2776 2174 2815 κατὰ
2197 2777 2254 2816 τὸν
2275 2793 2345 2828 μα-

1326 2840 1445 2891 κάριον
1462 2845 1579 2878 τοῦτον
1595 2839 1655 2877 καὶ
1675 2843 1796 2889 ἡμεῖς,
1812 2842 1864 2877 ὃτι
1878 2838 1927 2877 0Ο
1951 2842 2008 2876 νῦν
2028 2840 2141 2889 ζῶμεν
2163 2839 2197 2875 ἐν
2219 2839 2345 2891 σαρκὶ,

1325 2901 1359 2936 ἐν
1380 2900 1495 2938 πίστει
1516 2902 1627 2950 ζῶμεν
1654 2903 1696 2950 τῇ
1712 2904 1770 2938 τοῦ
1787 2901 1871 2937 Υἷοῧ
1892 2904 1950 2938 τοῦ
1972 2901 2080 2947 Θεοῦ,
2101 2898 2347 2951 ἀγαπήσαντος

1323 2965 1432 3011 ἡμᾶς,
1451 2961 1506 2997 καὶ
1525 2960 1737 3011 παραδόντος
1759 2960 1878 2998 ἑαυτὸν
1895 2960 1982 3012 ὑπὲρ
1998 2963 2098 3009 ἡμῶν
2112 2976 2119 2983 ·
2136 2959 2192 2996 ἵνα
2212 2959 2271 2997 καὶ
2286 2960 2344 2997 τὸν

1322 3021 1478 3072 παρόντα
1493 3021 1565 3071 βίον
1580 3021 1720 3063 ἀλύπως
1741 3020 1965 3070 διανύσωμεν,
1981 3020 2040 3058 καὶ
2059 3023 2126 3058 τῶν
2148 3020 2344 3070 μελλόντων

1322 3083 1459 3132 ἀγαθῶν
1478 3085 1675 3120 ἀπολαῦσαι
1696 3081 1978 3131 καταξιωθῶμεν,
1997 3080 2118 3132 χάριτι
2140 3080 2198 3119 καὶ
2219 3083 2343 3132 φιλαν-

1319 3142 1456 3194 θρωπία
1471 3147 1530 3180 τοῦ
1552 3142 1679 3195 Κυρίου
1697 3145 1798 3192 ἡμῶν
1819 3144 1934 3189 Ἰησοῦ
1955 3144 2118 3194 Χριστοῦ,
2140 3146 2214 3192 μεθ’
2240 3145 2277 3180 οὗ
2293 3143 2342 3193 τῷ

338 3258 352 3281 Ι·
377 3263 535 3298 οἰκονομία
553 3269 626 3288 cum
645 3256 685 3289 dt·
702 3258 834 3291 Christo
851 3269 899 3293 est
921 3274 1046 3304 sermo,
1067 3263 1108 3296 de
1134 3267 1297 3298 lucarna-
1331 3275 1421 3310 quet.

292 3309 378 3340 tione
405 3307 610 3349 inteligitur,
628 3308 681 3339 hie
703 3321 777 3341 tero
803 3311 843 3342 dc
861 3313 1030 3355 pass-ione,
1050 3324 1085 3348 ut
1102 3327 1139 3348 ex
1157 3319 1237 3349 serie
1255 3318 1294 3349 [ἦ-

1375 3330 1386 3342 Γ
1410 3317 1468 3350 ΑΙιι
1488 3327 1637 3362 ποιοῦμεν,
1654 3319 1707 3351 ali·
1725 3329 1863 3363 ποσῶμεν.
