2516 3791
886 190 943 220 ΗΕ
978 189 1101 220 ΑΝΝΛ
1137 188 1283 219 SERMO
1320 187 1366 218 11.

108 293 162 316 νε·
183 276 241 315 διὰ
266 279 366 315 τοῦτο
390 275 449 315 καὶ
469 277 601 328 μᾶλλον
621 276 678 314 τὸν
692 275 782 315 Θεὸν
803 277 850 319 εἷς
870 274 1001 313 εὔνοιαν
1018 275 1123 311 ι’ἐπε-

107 348 276 387 σπάσατο.
321 347 426 386 Οὕτω
461 347 520 386 καὶ
546 351 647 400 ἡμεῖς
681 346 720 385 ἂν
759 345 1016 398 λοιδορηθέντες
1031 374 1041 392 ,
1070 341 1128 382 καὶ

109 417 215 470 μυρία
231 416 396 461 παθόντες
416 416 522 464 δεινὰ,
539 415 618 462 τοὺς
635 417 860 461 ὀνειδίζοντας
876 414 1035 468 φέρωμεν
1050 427 1130 463 γεν-

106 487 222 534 ναίως,
241 487 379 539 μείζονα
401 488 498 542 παρὰ
518 491 576 526 τοῦ
594 490 686 527 Θεοῦ
704 487 766 535 τὴν
782 487 916 525 εὔνοιαν
933 481 1128 524 ἐπισπασά-

109 561 208 610 μεθα.
238 558 349 596 Πόθεν
376 562 475 597 τοῦτο
498 559 626 606 δῆλον,
654 558 738 596 Ἀπὸ
757 559 825 595 τῶν
847 558 898 608 τῷ
920 553 1028 593 Δαυὶδ
1048 569 1132 604 συμ-

109 628 256 667 ὅάντων.
284 628 332 666 Τί
357 627 398 676 δὴ
428 622 485 667 οῧν
506 622 604 672 οὗτος
624 627 767 676 ἔπαθεν,
783 625 948 672 Ἔξέπεσέ
967 639 1050 663 ποτε
1069 626 1131 670 τῆς

108 698 285 751 πατρίδος,
312 699 371 738 καὶ
391 699 470 752 περὶ
488 702 549 747 τῆς
565 697 760 751 ἐλευθερίας
778 696 838 736 καὶ
861 699 923 743 τῆς
942 696 1058 749 ψυχῆς
1074 696 1132 732 αὖ·

111 771 172 815 τῆς
190 769 416 817 ἐκινδύνευσε,
433 770 492 808 καὶ
507 772 566 809 τοῦ
585 769 817 823 στρατοπέδου
833 768 918 821 πρὸς
933 766 990 805 τὸν
1009 765 1136 804 ἀκόλα-

113 854 191 877 στον
217 839 392 877 νεανίσκον
419 839 478 877 τὸν
504 839 668 891 τύραννον
697 840 825 877 ἐκεῖνον
843 837 902 876 καὶ
917 835 1134 891 πατραλοίαν

112 909 395 960 μεταταξαμένου
409 940 418 957 ,
442 910 616 948 ἐπλανᾶτο
635 908 726 947 κατὰ
744 908 806 956 τὴν
826 908 956 961 ἔρημον
968 939 977 957 ,
998 907 1058 946 καὶ
1075 908 1137 946 οὐκ

114 979 350 1032 ἐδυσχέρανεν,
376 978 452 1018 οὐδὲ
476 979 739 1027 ἀπεδυσπέτησε
758 979 843 1034 πρὸς
858 979 916 1017 τὸν
933 978 1036 1027 Θεὸν,
1062 977 1138 1018 οὐδὲ

114 1039 189 1087 εἶπε
207 1064 214 1072 ·
239 1047 274 1086 τί
302 1065 386 1088 ποτε
404 1049 506 1088 τοῦτό
523 1052 620 1098 ἐστι;
650 1048 873 1103 συνεχώρησε
890 1051 941 1102 τῷ
960 1049 1059 1088 παιδὶ
1076 1065 1138 1088 κα-

115 1118 364 1166 τεξαναστῆναι
385 1123 444 1158 τοῦ
459 1120 725 1172 γεγεννηκότος,
755 1120 869 1160 καίτοι
891 1120 951 1159 καὶ
972 1123 1000 1159 εἰ
1021 1120 1139 1159 δίκαια

115 1189 274 1241 ἐγκαλεῖν
291 1183 399 1242 εἶχεν,
425 1190 499 1230 οὐδὲ
528 1190 617 1229 οὕτω
637 1194 739 1231 τοῦτο
767 1191 926 1242 γενέσθαι
953 1191 1043 1230 ἔδει·
1065 1190 1139 1229 νυνὶ

116 1259 151 1298 δὲ
168 1261 206 1298 οὐ
225 1260 361 1313 μικρὸν,
382 1263 419 1298 οὐ
435 1260 525 1314 μέγα
546 1261 756 1312 ’ἠδικημένος
771 1260 857 1313 παρ’
870 1264 984 1312 ἡμῶν,
1002 1260 1140 1314 περιέρ-

114 1346 217 1383 χεται
242 1329 305 1377 τὴν
325 1329 437 1374 δεξιὰν
462 1333 639 1381 ἐπιθυμῶν
665 1330 788 1382 αἵματι
805 1333 950 1382 μολῦναι
966 1333 1140 1384 πατρικῷ,

116 1400 174 1440 καὶ
201 1404 218 1440 ὁ
243 1400 332 1444 Θεὸς
355 1399 518 1453 ἀνέχεται
532 1405 641 1439 ταῦτα
657 1403 757 1454 ὁρῶν.
788 1399 881 1439 Ἀλλ’
900 1399 994 1438 οὐδὲν
1011 1400 1140 1440 τούτων

116 1465 203 1511 εἷπε.
233 1470 303 1510 Καὶ
328 1471 367 1510 τὸ
397 1469 437 1518 δὴ
466 1472 581 1521 μεῖζον
608 1470 667 1508 καὶ
699 1470 911 1522 θαυμαστὸν,
933 1469 1143 1509 ὅτιπλανω-

118 1542 222 1595 μένῳ,
235 1541 307 1595 ξκαὶ.
329 1540 468 1580 πάντων
498 1539 752 1589 ἐκπεπτωκότι,
780 1540 909 1592 Σεμεεί
931 1557 984 1584 ’τις
1006 1541 1140 1594 ἄνθρω-

117 1630 180 1657 πος
213 1610 362 1664 πονηρὸς
399 1611 457 1649 καὶ
497 1610 620 1664 μιαρὸς
649 1610 790 1650 ἐπέθετο
815 1613 934 1664 αὐτῷ,
964 1610 1142 1664 μιαιφόνον

120 1683 306 1721 ἀποκαλῶν
346 1680 406 1719 καὶ
439 1681 563 1729 ἀσεὸἧ,
599 1679 614 1700 ‘¹
628 1680 687 1719 καὶ
720 1680 848 1733 ἑτέροις
876 1680 1011 1733 μυρίοις
1042 1680 1144 1719 αὐτὸν

120 1752 256 1791 πλύνων
281 1751 463 1790 ὀνείδεσιν·
493 1755 511 1790 ὁ
540 1752 575 1790 δὲ
602 1751 679 1791 οὐδὲ
699 1751 806 1796 οὕτως
830 1752 1004 1806 ἠγρίανεν.
1033 1753 1078 1791 Εἰ
1107 1750 1142 1790 δὲ

1152 1786 1200 1811 716
1236 1809 1243 1816 ,

2056 175 2150 236 82¹.)

1199 270 1371 309 adversus
1385 269 1578 309 sacerdotis
1599 283 1752 323 puerum
1779 270 1961 323 indignata
1982 281 2032 310 cst
2055 289 2061 309 :
2081 287 2151 324 quo

1201 331 1315 384 magis
1333 332 1441 370 ctiam
1463 332 1531 370 sihi
1551 331 1762 371 conciliavit
1784 333 1916 370 Deum.
1939 332 1998 370 Sic
2017 333 2154 384 quotics

1152 416 1177 445 D
1200 392 1405 446 opprobriis
1426 392 1593 444 milleque
1622 392 1725 431 malis
1757 393 1892 443 affecti,
1917 394 2155 433 conviciantes

1201 468 1368 505 generoso
1398 454 1544 492 serimus
1562 453 1698 504 animo,
1718 455 1890 507 majorem
1913 453 2014 493 nobis
2035 469 2055 492 a
2082 455 2157 492 Deo

1200 515 1483 554 benevolentiam
1499 515 1745 563 conciliamus.
1764 516 1811 554 Et
1828 516 1921 555 unde
1936 516 2003 554 hoc
2019 516 2156 567 liquet?

1202 576 1261 615 Ex
1291 576 1348 616 his
1372 591 1452 628 quae
1480 591 1627 616 evenere
1654 577 1802 617 Davidi.
1835 577 1937 626 Quid
1964 587 2083 616 autem
2103 577 2157 616 illi

2217 575 2320 602 Tolera
2327 586 2357 602 n-

2170 618 2208 644 tia
2256 619 2357 643 convi-

1202 639 1344 677 evenit?
1363 638 1565 677 Exsulabat
1595 639 1789 691 aliquando
1808 654 1827 678 e
1850 640 1976 692 patria,
1998 639 2106 679 simul
2125 649 2283 686 mmmm
2309 668 2362 685 ue-

1178 745 1190 756 ι
1204 700 1249 739 dc
1274 700 1437 739 libertate
1462 709 1495 739 et
1516 700 1589 739 vita
1617 715 1683 740 sua
1701 701 1924 754 periclitans,
1947 711 1981 740 et
2001 702 2157 741 exercitu
2170 700 2360 769 ‘gffidssffiffi

1204 761 1376 802 adversus
1403 762 1696 815 intemperantem
1725 762 1831 801 illum
1845 763 2016 816 juvenem
2038 773 2160 817 tyran·
2176 792 2204 812 ,Β
2219 783 2294 818 neg.
2313 782 2356 811 ,6,

1206 837 1294 862 num
1313 838 1353 862 ac
1373 823 1592 876 parricidam
1615 824 1808 874 instructo,
1829 824 1968 863 errabat
1982 824 2016 863 in
2037 825 2161 865 deser-

1208 885 1252 924 tis
1270 901 1278 923 :
1296 900 1359 924 nec
1387 895 1505 924 tamen
1535 885 1741 937 indignatus
1774 896 1846 935 est,
1880 901 1943 925 nec
1975 887 2164 940 despondit

1207 946 1368 985 animum
1381 946 1480 1000 apud
1498 947 1637 997 Deum,
1655 962 1766 999 neque
1781 946 1892 986 dixit:
1910 948 2009 997 Quid
2023 949 2164 988 tandem

1209 1007 1277 1047 hoc
1299 1009 1348 1047 rei
1369 1009 1447 1048 cst?
1465 1008 1625 1062 permisit
1649 1018 1686 1047 ut
1703 1009 1802 1048 filius
1821 1009 2019 1062 insurgeret
2035 1010 2165 1049 adver-

1209 1085 1269 1109 sus
1291 1070 1414 1120 illum,
1435 1085 1455 1109 a
1474 1084 1546 1122 quo
1570 1071 1710 1122 genitus
1737 1071 1882 1123 est:qui
1911 1071 2050 1110 etiamsi
2076 1071 2165 1124 quid

1209 1132 1367 1180 liaberet,
1388 1131 1433 1170 de
1446 1146 1516 1183 quo
1531 1133 1627 1185 juste
1646 1132 1745 1184 queri
1765 1142 1898 1185 posset,
1922 1147 1992 1172 non
2008 1133 2166 1186 oportuit

1161 1195 1184 1225 Ε
1209 1204 1327 1233 tamen
1352 1193 1390 1232 id
1405 1195 1520 1233 facere
1535 1210 1542 1230 :
1560 1208 1655 1232 nunc
1670 1207 1754 1234 vcro
1780 1194 1896 1233 necin
1919 1208 2030 1247 parvo
2047 1208 2111 1232 nec
2131 1194 2166 1232 in

1210 1270 1338 1308 magno
1367 1256 1472 1294 laesns
1499 1270 1519 1295 a
1541 1255 1644 1294 nobis
1665 1255 1890 1306 obambulat,
1909 1256 2056 1308 cupiens
2081 1255 2168 1295 dex-

1210 1326 1302 1356 tram
1332 1326 1478 1370 patcrno
1507 1316 1677 1369 sanguine
1704 1316 1883 1369 polluere,
1908 1326 1941 1355 et
1970 1318 2068 1356 Deus
2093 1318 2170 1356 haec

1211 1377 1336 1417 videns
1368 1378 1516 1430 patitur.
1550 1377 1621 1416 Sed
1650 1377 1741 1415 nihil
1773 1377 1906 1416 horum
1933 1378 2039 1416 dixit.
2071 1379 2169 1427 Quin

1211 1439 1309 1491 quod
1325 1439 1484 1492 profecto
1501 1440 1618 1492 majus
1640 1448 1692 1478 est
1710 1449 1744 1478 ct
1763 1439 2016 1479 admirabilius
2027 1471 2036 1489 ,
2052 1455 2172 1479 erran-

1213 1510 1285 1540 tem
1312 1510 1347 1539 ct
1376 1500 1539 1552 undique
1566 1500 1760 1553 expulsum
1787 1501 1905 1540 Semei
1936 1501 2086 1553 quidam
2117 1502 2174 1540 vir

1214 1563 1400 1615 improbus
1420 1577 1461 1600 ac
1487 1561 1654 1600 scelestus
1668 1561 1859 1601 insectatus
1885 1571 1957 1612 est,
1977 1562 2174 1602 homicidio

1213 1624 1396 1677 pollutum
1412 1632 1447 1662 et
1466 1622 1621 1676 impium
1643 1623 1827 1675 appellans
1848 1623 2000 1675 aliisque
2012 1624 2177 1663 innume-

1214 1686 1263 1725 ris
1290 1685 1464 1725 conviciis
1490 1684 1664 1737 impetens
1691 1700 1698 1722 :
1722 1693 1758 1722 at
1782 1698 1825 1723 ne
1852 1685 1904 1724 sic
1929 1685 2077 1736 quidem
2108 1686 2176 1724 fuit

1214 1757 1458 1801 exasperatus.
1476 1745 1585 1793 Quod
1601 1745 1631 1784 si
1645 1745 1726 1797 quis
1749 1745 1885 1785 dixerit
1902 1763 1910 1784 :
1929 1746 2031 1794 Quid
2044 1748 2176 1786 mirum

118 1823 213 1875 λέγω
243 1838 317 1866 τις.
349 1822 407 1860 καὶ
432 1821 466 1860 τί
483 1822 774 1873 θαυμαστὸν,3τι
794 1824 854 1862 Οὐχ
875 1821 1032 1873 ἠμύνατο
1046 1824 1144 1861 ἀσοε,
1165 1825 1188 1853 Α
1215 1824 1246 1848 Sl
1275 1823 1346 1847 non
1369 1809 1466 1847 ultus
1498 1816 1569 1858 est,
1600 1821 1683 1846 cum
1712 1816 1859 1859 propter
1888 1808 2175 1848 imbecillitatem

118 1893 180 1940 νὴς
207 1893 268 1942 ὢν,
295 1893 353 1931 καὶ
383 1894 445 1931 οὐκ
472 1892 620 1945 ἰσχύων,
645 1895 783 1945 πρῶτον
809 1891 871 1943 μὲν
899 1894 1010 1931 ἐκεῖνο
1030 1892 1069 1931 ἂν
1097 1893 1144 1932 εἴ-

119 1979 235 2015 ποιμι,
264 1963 317 2003 ὅτι
344 1965 408 2016 οὐχ
435 1962 541 2006 οὕτως
569 1962 670 2001 αὐτὸν
693 1961 873 2014 ἐθαύμασα
891 1963 974 2002 εἰτὸ
989 1963 1144 2016 διάδημα

120 2035 179 2074 καὶ
198 2034 261 2083 τὴν
286 2034 467 2086 βασιλείαν
483 2034 587 2087 ἔχων,
613 2033 673 2072 καὶ
697 2033 754 2073 ἐπὶ
774 2038 834 2073 τοῦ
853 2034 970 2086 θρόνου
991 2035 1146 2087 καθήμε-

120 2121 195 2152 νος,
211 2099 285 2143 εἶτα
302 2104 562 2158 λοιδορούμενος
575 2104 732 2157 ἤνεγκεν,
749 2107 796 2148 ὡς
815 2107 874 2143 νῦν
892 2105 994 2144 αὐτὸν
1014 2106 1146 2144 ἐπαινῶ

119 2176 178 2214 καὶ
199 2175 440 2226 ἐκπλήττομαι
462 2177 495 2214 ἐν
515 2177 566 2228 τῷ
586 2177 698 2228 καιρῷ
718 2177 781 2222 τῆς
804 2182 984 2228 συμφορᾶς
1003 2178 1146 2229 φιλοσο-

120 2248 294 2301 φήσαντα.
327 2246 419 2285 Τότε
443 2246 505 2298 μὲν
535 2245 603 2299 γὰρ
625 2248 643 2283 ὁ
667 2249 729 2293 τῆς
749 2248 861 2299 ἀρχῆς
876 2246 997 2298 ὄγκος,
1023 2246 1083 2285 καὶ
1107 2247 1147 2286 τὸ

122 2319 255 2362 εὐτελὲς
271 2322 330 2356 τοῦ
355 2316 551 2369 ὑδρίζοντος
570 2319 833 2369 καταφρονῆσαι
851 2317 954 2356 αὐτὸν
976 2318 1146 2363 πολλάκις

122 2389 247 2428 ἔπειθε.
270 2387 402 2429 Πολλοὶ
416 2387 451 2426 δὲ
466 2387 525 2426 καὶ
540 2387 640 2426 ἄλλοι
657 2389 811 2439 βασιλεῖς
823 2388 991 2434 πολλάκις
1001 2393 1146 2429 τοιαῦτα

123 2459 387 2512 ἐφιλοσόφησαν,
404 2456 466 2504 τὴν
487 2457 681 2509 ὓπερὸολὴν
700 2460 763 2504 τῆς
782 2457 908 2509 μανίας
922 2461 991 2497 τῶν
1009 2458 1146 2512 §epend-

123 2546 192 2568 των
221 2531 269 2572 εἷς
300 2527 490 2577 ἀπολογίαν
514 2525 692 2571 λαὸόντες.
729 2527 782 2565 Οὐ
802 2527 870 2580 γὰρ
897 2527 1025 2579 ὁμοίως
1043 2531 1145 2580 ἡμῶν

125 2599 310 2652 εὐημερίας
339 2597 603 2647 ἀπολαυόντων,
629 2597 688 2636 καὶ
704 2597 929 2648 κακουμένων
941 2629 951 2648 ,
970 2599 1014 2638 τὰ
1031 2599 1145 2647 ὀνείδη

124 2670 361 2709 καθάπτεσθαι
391 2667 563 2720 πέφυκεν·
594 2667 670 2705 ἀλλ’
704 2665 787 2706 ὅταν
815 2667 1038 2720 πταίσωμεν,
1068 2668 1147 2709 τότε

124 2744 337 2778 καθικνεῖται
357 2737 519 2790 μειζόνως
539 2739 640 2789 ἡμῶν
657 2767 667 2786 ,
685 2736 744 2775 καὶ
765 2737 883 2776 δάκνει
902 2738 1143 2792 σφοδρότερον.

127 2809 209 2848 Ἐπὶ
233 2809 268 2847 δὲ
294 2807 438 2853 τούτου,
465 2807 525 2846 καὶ
554 2807 670 2859 ἕτερόν
701 2823 736 2845 τι
753 2808 840 2861 πρὸς
857 2815 928 2853 τοῖς
954 2810 1147 2862 εἰρημένοις

126 2879 220 2919 ἐστὶν
240 2880 366 2923 εἰπεῖν,
391 2876 445 2915 ὅτι
463 2876 524 2914 καὶ
543 2876 658 2930 κύριος
676 2871 718 2924 ἦν
741 2877 940 2929 ἀμύνασθαι
953 2910 962 2927 ,
983 2881 1061 2918 ἀλλ’
1085 2882 1147 2918 οὐκ

125 2951 291 3003 ἠμύνατο.
329 2949 399 2989 Καὶ
423 2948 480 2986 ἵνα
508 2949 640 3002 μάθῃς,
668 2947 721 2987 ὅτι
748 2951 810 2988 οὐκ
844 2949 1038 2996 ἀσθενείας,
1070 2950 1149 2988 ἀλλ’

127 3019 343 3066 ἀνεξικακίας
372 3012 415 3065 ἧν
450 3021 472 3064 ἡ
506 3017 711 3070 φιλοσοφία,
749 3021 808 3055 τοῦ
840 3023 1039 3071 στρατηγοῦ
1070 3019 1147 3058 τότε

127 3091 300 3136 ἀξιοῦντος
337 3090 573 3143 ἐπιτραπῆναι
609 3087 793 3134 διαὸἧναι,
826 3088 886 3126 καὶ
908 3088 971 3136 τὴν
995 3090 1148 3142 κεφαλὴν

129 3163 314 3212 ἀποτεμεῖν
347 3159 410 3207 τὴν
444 3158 593 3206 ἐκείνου,
633 3159 671 3195 οὐ
694 3157 795 3208 μόνον
823 3159 885 3196 οὐκ
915 3158 1103 3213 ἐπέτρεψεν
1132 3164 1150 3199 ὁ

129 3231 249 3278 Δαυὶδ,
272 3229 361 3269 ἀλλὰ
381 3229 440 3268 καὶ
459 3227 678 3281 ἐδυσχέρανε,
697 3226 825 3279 λέγων·
848 3227 897 3266 Τί
917 3228 995 3280 ἐμοὶ
1009 3230 1068 3268 καὶ
1084 3231 1150 3280 σοὶ,

174 3362 186 3377 ‘
203 3351 410 3388 ἐπεσπάσατο.
432 3358 479 3387 καὶ
497 3358 554 3398 γὰρ
580 3355 672 3391 οὕτως
691 3356 750 3395 ἔχει
766 3354 856 3386 dmi?
869 3356 904 3386 ἂν
919 3354 1135 3397 λοιδορηθέντες

132 3402 228 3436 Colb.
247 3402 314 3437 duo
331 3412 363 3437 ct
380 3405 460 3448 Reg.

1215 1869 1411 1909 ulciscendi
1434 1877 1645 1922 potestatem
1669 1882 1739 1906 non
1767 1868 1938 1907 haberet?
1954 1870 2114 1922 primum
2134 1871 2177 1909 il-

1214 1931 1279 1970 lud
1294 1931 1451 1970 dixerim
1470 1946 1478 1968 :
1494 1944 1564 1969 non
1590 1929 1742 1983 perinde
1756 1930 1907 1968 mirarer
1926 1945 2027 1982 cum,
2047 1933 2076 1970 si
2093 1932 2175 1971 dia-

1215 1993 1320 2032 dema
1341 2002 1480 2045 gestans
1503 2001 1537 2030 et
1559 2005 1668 2044 regno
1695 1991 1855 2044 potiens,
1883 1991 1991 2044 inque
2015 1993 2105 2032 solio
2125 2009 2179 2033 se—

1216 2054 1304 2093 dens
1320 2053 1584 2093 conviciantem
1610 2052 1837 2105 pertulisset,
1853 2062 1893 2091 ut
1914 2067 2008 2092 nunc
2023 2054 2128 2093 illum
2145 2066 2178 2094 et

1216 2115 1345 2167 laudo,
1366 2125 1401 2154 et
1419 2114 1579 2153 admiror
1598 2122 1757 2167 tempore
1780 2114 1993 2153 calamitatis
2011 2115 2175 2169 pbiloso—

1215 2179 1398 2233 phantcm.
1428 2178 1522 2217 Nam
1551 2176 1626 2215 illic
1652 2185 1686 2215 et
1709 2176 1852 2229 imperii
1882 2177 2115 2229 magnitudo,
2145 2189 2177 2217 et

1216 2239 1457 2280 conviciantis
1472 2238 1595 2278 vilitas
1618 2251 1711 2291 saepe
1724 2238 1900 2291 persuasit
1912 2269 1922 2287 ,
1939 2248 1979 2277 ut
1996 2249 2177 2279 contume-

1215 2300 1302 2339 liam
1318 2298 1526 2351 negligeret.
1546 2296 1656 2336 Multi
1681 2310 1783 2348 reges
1796 2297 1998 2348 frequenter
2021 2298 2176 2337 similem

1215 2361 1326 2402 animi
1341 2359 1622 2399 moderationem
1633 2358 1877 2412 praestitenint
1893 2388 1903 2409 ,
1921 2358 1982 2410 qui
1998 2358 2175 2413 insignem

1215 2421 1496 2463 conviciantium
1511 2419 1687 2458 insaniam
1699 2428 1912 2472 acceperunt
1935 2434 2000 2472 pro
2023 2435 2175 2460 excusa-

1214 2485 1322 2523 tione.
1341 2483 1468 2534 Neque
1492 2481 1589 2520 enim
1610 2494 1709 2531 aeque
1737 2494 1801 2518 nos
1822 2479 1857 2518 in
1884 2494 2003 2518 rerum
2022 2495 2171 2534 prospe-

1214 2546 1319 2585 ritate
1335 2553 1441 2596 atque
1470 2543 1507 2582 in
1531 2540 1693 2579 adversis
1719 2539 1912 2593 opprobria
1935 2540 2096 2579 mordere
2116 2556 2172 2581 so-

1214 2607 1288 2646 lent
1305 2605 1389 2645 :sed
1405 2604 1468 2643 ubi
1493 2601 1718 2642 concidimus
1731 2630 1741 2650 ‚
1761 2610 1848 2639 tunc
1874 2602 1988 2653 magis
2007 2613 2173 2656 pungunt

1216 2682 1299 2717 nos,
1318 2666 1506 2716 acriusque
1527 2661 1692 2701 mordent
1707 2661 1882 2700 convicia.
1908 2663 1962 2700 De
1977 2662 2045 2702 hoc
2065 2678 2172 2716 porro

1215 2729 1319 2768 aliud
1333 2726 1511 2779 quiddam
1528 2724 1613 2762 licet
1631 2722 1784 2773 addere,
1802 2722 1972 2762 videlicet
1997 2725 2095 2776 quod
2117 2726 2171 2764 illi

1216 2791 1323 2829 fuerit
1338 2790 1372 2827 in
1388 2802 1496 2826 manu
1514 2783 1714 2825 vindictam
1731 2797 1870 2822 sumere
1882 2814 1892 2833 ,
1912 2798 1976 2823 nec
1994 2787 2170 2825 sumserit,

1219 2854 1332 2903 Atque
1356 2849 1409 2888 uti
1434 2846 1628 2902 perspicias
1655 2859 1732 2883 eam
1754 2844 1865 2883 animi
1893 2845 2172 2886 moderationem

1218 2927 1287 2955 non
1315 2912 1424 2951 fuisse
1448 2907 1682 2962 impotentiae,
1711 2905 1772 2945 sed
1798 2906 1999 2959 patientiae,
2025 2921 2107 2947 cum
2132 2910 2170 2947 id

1217 2977 1293 3015 dux
1321 2971 1498 3012 exercitus
1515 2977 1659 3022 cuperet
1675 2967 1744 3006 sibi
1756 2969 1944 3018 committi,
1965 2978 2005 3008 ut
2023 2969 2070 3008 ad
2084 2985 2170 3009 con-

1215 3038 1406 3078 viciantem
1435 3031 1621 3078 transiret,
1654 3031 1801 3083 ejusque
1822 3039 1927 3083 caput
1945 3041 2167 3084 amputaret,

1217 3113 1285 3139 non
1301 3097 1416 3136 solum
1430 3107 1500 3133 non
1517 3091 1679 3146 permisit
1692 3091 1835 3142 David,
1852 3106 1978 3131 verum
1997 3094 2103 3131 etiam
2118 3093 2170 3131 in-

1166 2463 1189 2493 B

1217 3161 1386 3212 dignatus
1417 3164 1488 3203 est,
1515 3153 1637 3192 dicens
1663 3169 1671 3189 ε
1692 3153 1797 3203 Quid
1825 3155 1920 3191 mihi
1941 3162 2062 3191 tecum
2078 3155 2174 3207 ,fili
2188 3176 2218 3197 2.
2238 3166 2372 3205 Regio.

1218 3226 1390 3267 Sarviae?
1408 3222 1531 3261 Sinite
1551 3219 1664 3257 illum
1688 3218 1937 3267 maledicere,
1973 3227 2013 3256 ut
2041 3221 2174 3258 videat
2194 3217 2239 3238 ¹²·

1212 3346 1224 3365 ‘²
1241 3341 1339 3377 Colb.
1357 3341 1424 3375 duo
1441 3349 1474 3375 et
1490 3341 1570 3384 Reg.
1595 3345 1644 3374 καὶ
1663 3345 1702 3375 τὰ
1717 3345 1811 3385 μυρία
1827 3345 1905 3373 κακά
1929 3344 1976 3373 καὶ
1994 3342 2058 3374 οὐδὲ
2074 3343 2177 3378 οὕτως.
