2516 3791
311 170 404 218 920

313 255 478 295 Πνεύματι.
497 249 588 284 Dicit
603 248 691 280 enim
707 245 806 289 paulo
821 243 969 285 inferius,
985 248 1026 277 τὰ
1040 245 1126 288 παρὰ
1141 244 1193 275 τοῦ
1207 242 1298 274 Πνεὺ-

314 316 410 346 ματος
427 304 463 335 δι’
479 305 564 343 ἡμῶν
580 302 648 341 ύμῖν
664 301 839 342 πεμφθέντα
857 298 953 336 λόγια.

360 346 398 380 Ρ.
423 346 499 376 454.
526 345 563 375 Β.
592 346 622 375 6.
650 347 750 384 ὥσπερ
794 345 825 374 πὶ
851 342 903 372 τοῦ
924 339 1177 381 πρωτοπλάστον,
1206 339 1303 368 καθά-

316 411 373 442 περ
390 402 454 428 etc.
472 395 551 426 Haec
567 400 599 424 et
615 392 733 423 similia
750 394 893 431 arguunt
909 385 1172 431 Chysostomum
1188 385 1222 416 in
1239 382 1306 416 ho-

316 444 417 476 miliis
432 442 498 475 suis
515 441 619 473 multa
637 451 676 471 ex
694 447 843 479 tempore
859 434 994 478 fudisse,
1012 446 1084 478 quae
1099 433 1124 466 si
1142 435 1215 477 quis
1229 444 1305 466 cor-

316 496 422 537 rigere
439 494 534 531 velit,
552 501 686 533 operam
704 495 814 520 sumet
829 486 961 518 inanem
979 493 1014 518 et
1035 483 1198 523 inutilem,
1216 491 1250 516 et
1262 484 1305 516 de

317 544 562 588 Clirysostoxno
579 541 718 582 pessime
735 535 928 570 merebitur.
946 536 1029 576 Quis
1042 535 1130 566 enim
1147 544 1215 566 non
1230 544 1304 564 ma-

317 594 357 627 lit
374 595 521 625 nativam
532 591 599 633 ejus
615 590 733 621 faciem
748 587 878 628 intueri,
891 597 992 629 quam
1008 585 1093 617 fucis
1108 591 1141 616 et
1156 585 1306 627 pigmen·-

320 646 362 677 tis
378 639 592 686 quantumvis
612 640 768 683 speciosis
783 633 953 670 oblitam?

652 753 845 787 HOMILIA
868 750 974 783 XLV.

365 843 401 875 P.
421 842 498 875 458.
511 841 550 874 C.
571 841 600 872 5.
616 840 720 871 Sensu
736 836 910 880 flagitante
927 835 974 866 sic
989 832 1063 875 lego
1078 844 1084 862 :
1103 836 1161 878 ὅρα
1176 839 1238 869 πῶς
1253 832 1310 865 ὑπὸ

321 896 370 927 δύο
383 895 645 938 τυραννικωτάτοον
656 893 760 922 παθῶν
774 890 979 930 ἐπολιορκεῖτο
991 888 1008 921 ἡ
1025 887 1078 916 τοῖ’
1089 885 1200 916 §malou
1211 887 1289 925 ψυχή
1301 890 1306 896 ”
1326 920 1330 925 ,

320 949 373 977 τοῦ
390 945 478 981 φόέον
491 948 544 978 τῆς
560 942 718 983 προδοσίας
734 945 785 974 τῆς
797 940 942 978 γυναικὸς,
960 938 1009 966 καὶ
1022 937 1075 966 τοῦ
1085 935 1174 976 φὸἒου
1186 937 1239 964 τοῦ
1257 935 1310 963 θα-

320 999 420 1027 νάτου.
435 989 518 1025 Am<
529 995 624 1023 καίτοι
638 991 749 1034 σφόδρα
760 989 893 1030 χαλεπὸν
907 988 978 1017 ὄντα
988 988 1038 1016 τὸν
1051 989 1198 1027 πρότερον
1210 984 1309 1026 suffio-1,

320 1048 371 1076 τὸν
396 1049 448 1079 τῆς
475 1043 633 1086 προδοσίας
661 1046 713 1075 τῆς
737 1041 882 1079 γυναικὸς,
912 1038 1050 1074 ἐξωθεῖτο
1071 1036 1086 1066 ὁ
1109 1036 1162 1065 τοῦ
1180 1036 1312 1064 θανάτου

322 1095 422 1139 ρόὸος.
1114 1117 1117 1119 .

369 1143 393 1173 Ρ
419 1140 496 1171 460.
510 1140 552 1171 D.
567 1139 598 1174 6,
613 1142 694 1181 μετὰ
704 1141 756 1170 τοῦ
770 1138 881 1169 δικαίου
892 1150 897 1167 :
909 1134 970 1167 i.e.
987 1136 1114 1170 δικαίως.
1125 1131 1291 1163 Isocrates
1305 1140 1312 1159 t

322 1194 426 1234 μηδεὶς
443 1193 525 1232 ὑμῶν
549 1191 736 1234 ορρωῦείτω,
755 1191 836 1228 μετ’).
858 1189 911 1218 τοῦ
927 1181 1039 1217 ὃικαίοᾶ
1056 1184 1228 1224 ποιούμενος
1248 1182 1315 1218 τοὺς

324 1243 482 1277 κινδύνους.

367 1290 405 1324 P.
416 1291 494 1322 464.
514 1289 555 1320 D.
570 1289 602 1319 ss.
623 1292 640 1325 ἡ
657 1294 709 1324 τῆς
725 1288 904 1327 ἐπαγγελίας
917 1286 1085 1326 ὑπόσχεσις-ε
1098 1284 1252 1325 ὑπόσχεσις
1262 1278 1317 1311 hic

323 1339 456 1374 videtur
479 1339 564 1370 sumi
585 1348 647 1379 pro
671 1336 885 1380 repromissi,
905 1342 939 1365 ut
956 1332 1150 1375 loquuntur,
1169 1332 1237 1362 sive
1256 1339 1317 1371 pro

325 1389 514 1428 implelione
530 1386 696 1429 promissi.
724 1384 853 1426 Alioqui
879 1394 948 1415 non
969 1381 1081 1422 video,
1097 1379 1319 1424 quemadmo-

325 1439 408 1471 dum
425 1449 492 1470 non
509 1439 552 1469 sit
568 1435 622 1467 hic
637 1438 819 1476 ταυτολογία
833 1432 1078 1476 Chrysostomo
1091 1429 1240 1474 indigna.
1260 1433 1320 1462 At-

327 1500 392 1532 que
406 1487 494 1520 idem
508 1486 585 1518 dico
602 1484 643 1517 de
660 1483 760 1516 simili
772 1483 849 1515 loco
865 1493 977 1524 supra.

654 1597 847 1631 HOMILIA
869 1594 992 1629 XLVI.

373 1693 412 1724 P.
430 1691 509 1724 470.
527 1690 568 1722 Ε.
591 1690 623 1721 8.
641 1692 689 1722 καὶ
706 1693 760 1726 τὰς
773 1690 900 1731 βώλους.
917 1686 972 1719 Sic
989 1692 1237 1731 καταχρηστικῶς
1259 1695 1322 1716 vo-

331 1752 408 1773 care
424 1739 555 1772 videtur
572 1736 701 1780 lapides
714 1764 722 1779 ,
741 1737 817 1779 quia
835 1742 1018 1767 nascuntur
1035 1745 1054 1766 e
1068 1741 1155 1766 terra
1172 1759 1177 1771 ,
1197 1740 1230 1765 et
1246 1734 1324 1776 quia

329 1790 413 1823 nihil
429 1788 522 1821 aliud
540 1785 795 1831 quodammodo
811 1792 900 1826 sunt,
919 1795 1019 1827 quam
1044 1782 1148 1827 glebae
1171 1782 1324 1826 quaedam

330 1849 366 1873 et.
394 1848 488 1872 terrae
501 1836 721 1881 portiunculae
743 1833 989 1877 impenetrabili
1013 1832 1135 1865 duritie
1162 1831 1323 1874 praeditae.

331 1887 504 1931 Aristoph.
517 1887 634 1930 Vespis
645 1898 651 1916 ε
662 1891 684 1919 ὥ
693 1901 747 1929 μοι
756 1889 893 1923 δείλαιος,
903 1890 992 1918 πόθεν
1003 1887 1072 1918 ποτ’
1084 1888 1265 1926 ἐμπέπτωκέ
1273 1897 1327 1925 μοι

333 1946 368 1975 τὸ
382 1936 571 1984 βωλίον,Αά
593 1948 691 1980 quern
703 1935 814 1968 locum
827 1934 1037 1968 scholiastes:
1049 1939 1083 1968 τὸ
1098 1937 1246 1977 βωλίον,ἡ
1259 1939 1327 1977 βῶ-

335 1994 394 2028 λος,
407 1993 636 2034 ὑποκοριστικῶς
647 1995 654 2002 ·
670 1991 699 2020 ἐν
713 1991 770 2029 ὅσῳ
782 1989 812 2018 δὲ
824 1989 918 2024 ἕλκει,
932 1988 962 2017 ἐκ
985 1992 1036 2022 τῆς
1052 1990 1155 2025 στέγης
1164 1988 1249 2017 ε”πεσε
1260 1984 1328 2015 κατ’

334 2044 425 2074 αὐτοῦ
437 2044 544 2085 μικρὸς
556 2042 645 2075 λίθος.
662 2036 697 2069 Si
712 2037 811 2080 igitur
822 2038 933 2080 βωλίον
946 2041 995 2066 est
1009 2039 1117 2079 μικρὸς
1132 2037 1223 2074 λίθος,
1240 2038 1330 2064 certe

337 2097 370 2122 et
386 2093 484 2133 βῶλος
501 2088 564 2119 erit
583 2091 673 2124 λίθος.

381 2139 417 2171 P.
437 2139 514 2170 471.
537 2137 575 2168 Ε.
597 2138 628 2168 9.
651 2140 666 2170 ὁ
683 2140 786 2182 φθονος
805 2139 914 2172 ἐκείνην
936 2140 1084 2178 πρότερον
1101 2134 1262 2177 διαφθείρει
1277 2136 1332 2169 τὴν

337 2194 479 2225 τεκοῦσαν
502 2191 590 2221 αὑτὸν
607 2193 713 2230 ψυχήν.
732 2184 893 2218 Praeclare
910 2195 987 2216 cum
1011 2183 1076 2214 hoc
1097 2180 1333 2225 Chrysostomi

339 2237 489 2272 concinit
504 2245 599 2270 vetus
616 2235 670 2268 ille
685 2234 865 2269 versiculus
879 2247 884 2266 :
901 2239 915 2269 ὁ
930 2239 1031 2279 φθονος
1047 2237 1136 2277 αὐτὸς
1160 2235 1264 2266 ἑαυτὸν
1279 2234 1336 2269 ἑοῖς

341 2292 479 2333 βελέεσσι
498 2291 640 2330 δαμάζει-

652 2371 844 2403 IIOMILIA
868 2369 1031 2402 XLVIII.

386 2457 424 2488 P.
443 2455 521 2487 430.
540 2454 579 2486 C·
597 2454 648 2484 11-
667 2458 718 2487 τὀν
736 2459 847 2496 νεκρόν,
865 2462 926 2493 pro
943 2456 998 2489 τὴν
1013 2455 1130 2495 νεκράν,
1143 2448 1251 2481 Attice
1267 2448 1338 2490 opl-

345 2517 420 2539 nor.
449 2504 552 2536 Attici
575 2504 676 2542 enim,
702 2509 739 2533 ut
754 2501 797 2533 ab
815 2499 991 2533 Eustathio
1003 2526 1010 2539 ‚
1034 2498 1199 2532 Corintho
1216 2506 1250 2530 et
1266 2497 1338 2530 aliis

344 2562 543 2587 annotatum
570 2561 619 2585 est
630 2578 638 2593 ‚
657 2550 843 2584 masculina
871 2561 932 2593 pro
959 2548 1140 2581 foemIninis
1165 2547 1339 2591 aliquoties

351 2611 526 2646 usurpant.

393 2655 428 2686 P.
449 2654 526 2685 490.
540 2652 579 2683 E.
596 2652 627 2682 6.
641 2653 768 2688 κηλίδων
784 2653 942 2695 πληρῶσαι
957 2656 1120 2693 συχχωρεὶς
1135 2654 1199 2679 etc.
1216 2645 1268 2680 vel
1278 2658 1340 2689 pro

348 2708 518 2750 πληρῶσαι,
536 2705 729 2746 πληρωθῆναι
744 2698 921 2742 legendum
939 2706 1032 2741 puto,
1050 2696 1100 2730 vel
1113 2697 1340 2729 accusativum

348 2753 492 2796 aliquem
508 2750 733 2794 adjiciendum
749 2757 827 2792 post
842 2757 1012 2796 συγχωρεῖς,
1033 2747 1134 2780 veluti
1149 2750 1278 2794 μιαρούς
1287 2753 1341 2780 αν-

351 2808 485 2848 θρώπονς
501 2814 507 2831 z
524 2799 578 2832 vel
594 2803 660 2838 τοὺς
673 2806 732 2834 ἀπὸ
749 2808 802 2838 τῆς
815 2807 938 2838 enm-55:
955 2805 990 2830 ut
1006 2796 1092 2830 infra
1106 2796 1266 2840 loquitur,
1280 2795 1343 2829 ho-

352 2851 422 2884 mil.
444 2853 497 2891 56,
513 2858 569 2882 aut
588 2848 653 2881 tale
667 2848 760 2892 quid.

720 2963 911 2996 HOMILIA
937 2963 977 2996 L.

401 3055 438 3086 P.
455 3053 534 3085 498.
553 3053 589 3085 A.
605 3054 635 3083 6.
652 3056 700 3085 καὶ
714 3058 767 3089 τὴν
780 3056 933 3085 ἔκπτωσιν.
947 3048 1160 3081 Desideratur
1177 3048 1257 3082 fort.
1274 3053 1346 3084 ύπο-

355 3111 497 3149 μένομεν,
515 3110 572 3134 aut
587 3101 650 3133 tale
664 3099 800 3143 aliquod
817 3098 966 3133 verbum.
983 3101 1068 3133 Nam
1085 3111 1169 3141 aegre
1180 3102 1253 3143 quis
1265 3099 1346 3132 mihi

357 3154 556 3198 persuaserit
569 3150 783 3194 repetendum
798 3157 857 3185 ἀπὸ
871 3156 923 3184 τοῦ
935 3158 1029 3184 κοινοῦ
1040 3157 1074 3185 τὸ
1087 3157 1179 3193 μετὰ,
1192 3162 1267 3182 cum
1281 3150 1347 3184 alio

358 3217 447 3236 casu.
476 3201 588 3235 Potius
615 3200 782 3238 dicerem,
807 3212 867 3242 pro
884 3207 942 3239 τὴν
958 3205 1113 3240 ἔκπτωσιν,
1137 3207 1189 3234 τοῦ
1218 3206 1348 3235 ἐκπεσεῖν

359 3250 642 3286 substituendum.
724 3251 762 3282 B.
794 3253 825 3283 2.
854 3252 1022 3282 Assentior
1048 3252 1246 3292 praeceptori
1274 3262 1348 3283 meo

359 3303 411 3347 (Α.
442 3300 608 3344 Dounaeo)
625 3299 745 3342 legenti
761 3308 909 3345 χρήματα
932 3311 994 3342 pro
1010 3306 1197 3345 χρημάτωνέ
1216 3299 1274 3332 sed
1299 3307 1348 3332 ta-

362 3364 437 3384 men
464 3363 504 3385 ne
520 3351 566 3384 sic
582 3350 717 3394 quidem
741 3349 887 3382 arbitror
913 3348 1033 3383 menda
1058 3351 1175 3382 omnia
1202 3349 1346 3383 sublata.

901 159 1102 192 SELECTA
1137 158 1197 189 EX
1231 157 1365 188 NOTIS
1400 155 1593 187 JOANNIS
1627 155 1778 185 BOISll.

1371 244 1538 285 Quocirca
1555 242 1650 275 deleo
1669 249 1827 285 praetcrea
1847 247 1904 283 εἴη,
1924 250 2097 284 tamquam
2113 249 2360 285 transumptum

1373 304 1390 326 e
1403 293 1516 336 priore
1537 301 1632 336 parte
1648 304 1759 326 versus
1769 319 1778 335 ,
1792 299 1826 325 et
1842 303 1904 335 pro
1920 298 1969 326 καί
1984 291 2057 335 lego
2075 301 2286 339 καταφρονήσῃ
2300 303 2360 327 τῶν

1375 352 1520 383 πενήτων.

1729 456 1923 490 HOMILIA
1947 455 2009 488 L1.

1418 543 1458 576 P.
1477 542 1553 575 502.
1585 543 1625 576 E.
1653 543 1705 574 13.
1733 548 1785 577 τοῦ
1812 548 2005 589 πατριάρχου
2031 550 2095 575 etc.
2127 541 2260 575 Planior
2280 550 2365 574 esset

1374 594 1537 636 syntaxis,
1550 594 1633 625 sisic
1647 592 1822 636 legeretur,
1835 598 1850 627 ὁ
1860 599 2053 639 πατριάρχης
2063 598 2171 639 καίπερ
2183 596 2231 626 διὰ
2243 599 2297 631 τὴν
2307 607 2368 627 πα-

1376 649 1480 687 τρικὴν
1497 647 1706 689 φιλοστοργίαν
1721 647 1777 681 ἤδη
1794 648 1890 688 σχέσιν
1907 649 1973 678 τινὰ
1994 648 2044 677 καὶ
2062 649 2136 685 πρὸς
2157 648 2263 676 ἐκεῖνον
2279 647 2365 686 ἔχων,

1379 696 1507 732 ἀκούσας
1522 697 1596 739 παρ’
1613 698 1688 736 ἐμοῦ
1701 699 1766 724 etc.

1722 805 1917 839 HOMILIA
1940 806 2022 839 LII.

1426 894 1462 927 P.
1481 894 1557 926 5l0.
1574 894 1611 926 A.
1631 894 1683 924 12.
1700 893 1755 926 Sic
1772 891 1844 936 lego
1859 899 2046 938 ;ᾠκειώσατο
2059 899 2110 928 τὸν
2125 900 2318 941 πατριάρχην
2328 904 2370 937 τῷ

1382 951 1563 997 καταξιῶσαι
1579 951 1654 980 Θεὸν
1671 949 1776 979 ἑαυτὸν
1792 949 1891 979 καλεῖν
1908 945 2037 991 Semela
2054 945 2126 991 (καὶ
2143 953 2201 993 γὰρ
2223 951 2239 981 ὁ
2255 955 2310 986 τῆς
2325 954 2370 982 οἷ-

1381 1005 1524 1040 κουμένης
1540 1003 1688 1034 Δεσπότης
1700 1001 1749 1029 καὶ
1766 999 1944 1040 δημιουργὸς
1960 999 2021 1034 ἑνὸς
2037 1002 2193 1037 ἀνθρώπου
2210 1004 2313 1042 φάσκει
2330 1002 2373 1032 εἶ-

1383 1063 1428 1082 ναι
1446 1054 1534 1090 Θεὸς,
1552 1051 1584 1080 οὐ
1601 1050 1759 1088 σνγκλείων
1774 1051 1867 1091 μέχρι
1894 1051 1948 1079 τοῦ
1971 1052 2162 1092 πατρ’άρχον
2190 1053 2244 1085 τὴν
2266 1053 2373 1081 οἰκείαν

1383 1100 1566 1138 δεσποτείαν,
1585 1100 1665 1130 ἀλλὰ
1681 1102 1735 1135 τὴν
1751 1099 1865 1134 πολλὴν
1881 1101 1950 1142 περὶ
1966 1101 2055 1130 αὐτὸν
2071 1101 2182 1130 εὔνοιαν
2196 1099 2316 1140 δεικνύς)
2328 1103 2375 1130 νῦν

1383 1150 1479 1189 οὕτω,
1506 1151 1602 1193 φησὶν,
1632 1150 1721 1179 αὐτόν
1744 1153 1831 1186 elc.;
1851 1145 1900 1178 vel
1918 1151 1968 1181 καὶ
1990 1150 2084 1188 οὕτω,
2111 1152 2195 1193 φησίν
2217 1154 2305 1190 etc-3
2325 1147 2375 1179 vel

1385 1200 1462 1232 οὕτω
1478 1202 1559 1244 φησί,
1572 1197 1641 1228 sine
1653 1201 1714 1238 καί,
1732 1203 1790 1227 aut
1807 1201 1866 1229 νῦν.

1718 1314 1910 1348 HOMILIA
1935 1315 2034 1348 LIII.

1432 1415 1468 1446 P.
1480 1414 1556 1447 517.
1570 1415 1607 1445 Λ.
1621 1413 1672 1446 10.
1683 1418 1716 1446 Τι’
1727 1417 1816 1447 τοῦτο
1826 1417 1884 1446 ὅτι.
1900 1413 1963 1444 Ηίο
1978 1424 2039 1454 pro
2050 1417 2097 1447 ὅτι
2109 1411 2283 1456 legendum
2299 1422 2379 1456 puto

1388 1469 1404 1499 ὅ
1417 1480 1458 1505 τι,
1475 1462 1551 1507 quia
1569 1463 1685 1496 Graeca
1704 1461 1811 1494 Biblia
1827 1460 1964 1504 habent,
1986 1468 2015 1497 τί
2029 1469 2117 1497 τοῦτο
2133 1468 2148 1496 ὃ
2160 1470 2224 1494 etc.

1433 1515 1470 1546 P.
1491 1515 1564 1545 518.
1583 1514 1622 1545 C.
1641 1515 1694 1545 13.
1713 1514 1807 1544 Fort.
1822 1517 1859 1550 ὡς
1872 1517 1949 1557 αὐτῇ
1961 1523 2019 1546 τῶν
2032 1518 2222 1557 πραγμάτων
2238 1521 2276 1555 τῇ
2292 1520 2382 1556 πείρα

1390 1569 1522 1601 αἴσθησιν
1550 1568 1642 1602 αὐτῆς
1664 1567 1774 1604 λαὲεῑν,
1802 1561 1855 1594 vel
1870 1567 1908 1600 ὡς
1932 1566 2023 1600 αὐτῆς
2047 1571 2107 1596 τῶν
2131 1568 2321 1607 πραγμάτων
2345 1571 2384 1608 τῇ·

1391 1619 1482 1659 πείρᾳ
1495 1618 1626 1652 αἴσθησιν
1640 1616 1751 1646 λαθεῖν.

1731 1717 1925 1751 HOMILIA
1947 1718 2038 1751 LIV.

1438 1808 1476 1840 P.
1495 1807 1573 1839 522.
1592 1806 1632 1840 E.
1661 1807 1692 1838 6.
1719 1803 1912 1849 Legendum
1934 1804 2101 1848 conjicio:
2120 1812 2174 1846 τὴν
2194 1810 2225 1841 δὲ
2249 1812 2383 1855 γαστέρα

1395 1865 1475 1904 πέρα
1491 1862 1544 1892 τοῦ
1560 1861 1674 1894 δέοντος
1686 1859 1869 1901 βαρύνομεν,
1881 1861 2038 1899 μονονουχὶ
2049 1859 2141 1895 αὐτὴν
2150 1859 2386 1904 διαρρηγνύντες,

1396 1913 1446 1942 καὶ
1462 1911 1575 1946 πολλὴν
1593 1910 1641 1941 διὸ.
1664 1909 1774 1944 ταύτης
1798 1914 1840 1949 τῷ
1863 1910 2050 1952 ταλαιπώρῳ
2072 1909 2168 1950 τούτῳ
2191 1917 2309 1951 σώματι
2334 1918 2389 1949 τὴν

1398 1961 1494 2001 λύμην
1519 1962 1808 1997 κατασκευαζοντεςς
1836 1961 1926 1990 τοῦτο
1941 1960 1998 1998 μὲν
2024 1962 2083 2001 γὰρ
2107 1959 2156 1991 διὰ
2176 1966 2228 1996 τῆς
2243 1965 2390 2006 ἀμετρίας

1399 2012 1449 2041 καὶ
1471 2014 1522 2045 τῆς
1541 2010 1653 2045 πολλῆς
1671 2009 1838 2050 ἀδηφαγίας
1852 2011 2005 2050 ἄχρηστον
2021 2010 2091 2048 ἡμῖν
2109 2014 2391 2053 παρασκευάζομεν,

1399 2062 1496 2103 μυρία
1522 2065 1710 2101 τραγήματα
1739 2061 2015 2096 κατασκευάζοντες
2033 2065 2040 2073 ·
2067 2062 2121 2094 τὴν
2145 2060 2175 2090 δὲ
2203 2063 2298 2101 ψυχήν
2324 2067 2390 2092 etc.

1398 2107 1519 2138 Deesse
1544 2105 1683 2138 verbum
1711 2111 1788 2147 post
1815 2107 1950 2149 γαστέρα
1974 2103 2187 2146 perspicuum
2218 2114 2269 2138 est
2292 2123 2298 2141 :
2331 2119 2392 2150 pro

1400 2163 1495 2200 μόνην
1512 2153 1741 2198 reponendum
1757 2159 1917 2198 μονονουχὶ
1940 2158 2031 2193 αὐτήν
2046 2153 2223 2198 plusquam
2244 2165 2294 2189 est
2309 2159 2394 2190 veri-

1401 2205 1531 2239 simile:
1550 2213 1627 2248 post
1651 2210 1740 2240 τοῦτο
1765 2212 1842 2249 μέν,
1859 2206 1898 2237 Ε.
1919 2206 1968 2244 9.,
1995 2212 2034 2237 ut
2057 2203 2203 2237 addatur
2220 2213 2300 2251 γάρ,
2323 2209 2394 2250 ipsa

1401 2257 1562 2288 orationis
1588 2257 1780 2287 consecutio
1805 2255 1943 2297 requirit
1974 2266 1981 2284 ε
2008 2262 2086 2286 ante
2115 2261 2186 2298 ἡμῖν
2209 2255 2392 2290 desiderari

1403 2311 1554 2350 ἄχρηστον
1577 2314 1690 2335 sensus
1712 2303 1836 2336 evincit
1856 2315 1862 2334 ε
1882 2311 1915 2335 et
1931 2310 2102 2344 postremo
2120 2315 2180 2346 pro
2197 2303 2248 2336 his
2272 2305 2396 2346 serbis,

1405 2360 1500 2399 μυρία
1516 2359 1687 2398 πράγματα
1703 2358 1934 2394 κατασκευάζειν
1944 2354 2020 2391 (nisi
2038 2351 2107 2384 liaec
2124 2352 2224 2385 verba
2241 2355 2398 2389 videntur

1404 2405 1514 2446 potius
1530 2401 1672 2435 delenda
1697 2410 1872 2445 tamquam
1896 2401 2032 2434 aliunde
2048 2401 2112 2435 huc
2137 2401 2274 2443 delata)
2289 2404 2399 2450 legen-

1407 2453 1488 2486 dum
1517 2463 1586 2484 esse
1606 2458 1702 2498 μυρία
1725 2460 1914 2498 τραγήματα
1931 2457 2220 2494 κατασκευάζοντες,
2238 2462 2271 2486 et
2287 2453 2397 2487 locum

1406 2503 1472 2535 illis
1498 2500 1629 2543 deberi,
1660 2510 1737 2544 post
1764 2506 2034 2547 παρασκευάζομεν
2050 2528 2058 2543 ,
2086 2509 2136 2533 est
2166 2510 2256 2534 certe
2282 2503 2400 2537 admo-

1409 2553 1490 2586 dum
1509 2550 1695 2594 probabile.

1455 2604 1488 2633 Ρ.
1517 2602 1592 2634 525.
1618 2602 1659 2633 D.
1689 2602 1742 2633 11.
1767 2600 1928 2643 Suspecta
1946 2607 1996 2632 est
2012 2599 2093 2631 mihi
2110 2599 2272 2634 librorum
2289 2601 2398 2645 lectio,

1407 2662 1482 2693 nec,
1497 2658 1533 2682 ut
1548 2651 1679 2692 opinor,
1698 2651 1829 2694 injuria.
1850 2648 1941 2690 Quid
1956 2650 1983 2680 si
1999 2659 2076 2692 ergo
2094 2651 2140 2681 sic
2159 2648 2397 2694 interpoletur·

1410 2707 1460 2736 καὶ
1474 2706 1525 2735 τὸν
1542 2706 1571 2734 έν
1582 2707 1666 2743 μέσῳ
1679 2708 1785 2745 χρόνον
1799 2703 1922 2744 ἰσχύσειν
1934 2714 1962 2732 τι
1980 2702 2068 2732 πλέον
2078 2725 2086 2739 ,
2099 2705 2148 2733 καὶ
2165 2703 2240 2734 οὕτω
2258 2716 2402 2747 παραμυ-

1412 2756 1549 2791 θήσεσθαι
1563 2757 1597 2785 τὸ
1614 2756 1717 2790 πάθος,
1737 2755 1776 2788 ὡς
1793 2756 1843 2784 καὶ
1859 2756 1912 2788 τὴν
1929 2756 2009 2790 etc„
2028 2748 2078 2781 xel
2096 2762 2106 2780 :
2125 2756 2241 2793 ἰσχῦσαι
2254 2767 2282 2786 τι
2299 2757 2399 2793 πλέον,

1412 2807 1461 2836 καὶ
1472 2804 1548 2836 οὕτω
1561 2805 1836 2846 παραμυθήσασθαι
1851 2805 1885 2833 τὸ
1898 2804 1991 2836 πάθος
2001 2797 2163 2832 eic.?Sed
2174 2800 2284 2832 futura
2299 2801 2403 2845 magis

1413 2851 1559 2895 placent,
1584 2851 1714 2882 etiamsi
1734 2861 1802 2882 non
1830 2851 1980 2893 ignorem
1997 2848 2122 2881 aorista
2140 2861 2200 2891 pro
2218 2850 2336 2883 futuris
2355 2851 2404 2884 in-

1415 2899 1545 2934 terdum
1563 2901 1667 2938 sumi,
1693 2907 1725 2931 et
1743 2907 1900 2942 praeterea
1917 2897 2049 2931 additio
2075 2899 2312 2941 particularum
2329 2905 2404 2936 οὕτω

1414 2958 1448 2983 et
1461 2954 1498 2987 ὡς
1514 2951 1558 2981 ita
1573 2948 1703 2982 videtur
1719 2949 1917 2989 necessaria,
1930 2956 1967 2980 ut
1984 2949 2054 2980 sine
2071 2948 2134 2981 illis
2147 2961 2214 2983 non
2229 2949 2312 2983 bene
2325 2963 2404 2983 con-

1415 3008 1591 3033 venturum
1620 3001 1663 3031 sit
1681 3000 1790 3032 verbis
1813 2999 1938 3031 neutris
1957 3003 2090 3043 λωφῆσαι
2112 3007 2145 3031 et
2161 3005 2310 3042 γενέσθαι,
2328 3012 2404 3032 cum

1417 3049 1519 3082 terho
1541 3050 1658 3082 activa:
1683 3049 1936 3094 siguificallonls
1953 3053 2229 3094 παραμοθήσοισθαι
2245 3061 2251 3080 x
2272 3054 2406 3097 λωφῆσαι

1417 3101 1439 3131 ἰ.
1460 3111 1493 3141 q.
1516 3103 1698 3133 παύσασθαι-

1464 3150 1498 3181 P.
1520 3151 1596 3183 528.
1617 3151 1653 3181 Α.
1670 3152 1702 3182 4.
1719 3149 1809 3191 Lego
1829 3153 1877 3181 καὶ
1894 3154 1924 3181 ἐν
1940 3156 2000 3186 τοῖς
2017 3153 2064 3181 νῦν
2080 3152 2160 3192 αὐτῷ
2179 3152 2314 3191 μάλιστα
2330 3163 2398 3193 προ-

1419 3205 1560 3242 κειμένοις
1573 3212 1582 3230 .·
1598 3198 1648 3231 tel
1670 3198 1799 3241 plenius
1815 3204 1863 3231 καὶ
1883 3203 1912 3232 ἐν
1928 3206 1988 3236 τοῖς
2001 3204 2052 3231 νῦν
2078 3202 2156 3242 αὐτῷ
2178 3203 2312 3241 μάλιστα
2331 3213 2406 3244 προ·

1419 3257 1560 3293 κειμένοις
1574 3253 1708 3287 κινδύνοις
1723 3261 1728 3279 :
1746 3248 1804 3281 Ne
1819 3249 1968 3292 desperet
1986 3248 2025 3280 de
2038 3248 2171 3291 finatis
2185 3274 2193 3287 ,
2210 3255 2242 3280 et
2259 3250 2294 3279 in
2307 3260 2398 3292 [ινιτ-

1419 3299 1563 3331 sentibus
1576 3299 1733 3343 periculis
1747 3310 1782 3330 se
1795 3299 1953 3342 proesidio
1965 3298 2097 3342 illifire
2107 3298 2294 3343 profitetur.
2311 3300 2405 3330 Hanc

1421 3349 1598 3383 lectionem
1615 3347 1814 3383 confirmant
1832 3347 1999 3393 sequeutia
2017 3355 2051 3381 et
2066 3349 2204 3382 Latinus
2230 3350 2402 3391 interpres.
