2516 3791
308 153 400 199 912

307 240 351 276 μὴ
369 241 471 277 φαγεῖν
483 235 639 275 διέγνωσαν
654 234 830 269 δαπανῆσαι.
848 231 880 264 2.
895 226 1052 261 Machab.
1070 228 1123 258 11.
1143 227 1178 259 31
1198 237 1206 256 z
1220 234 1298 272 χρῆ-

309 288 376 317 σθαι
401 286 467 320 τοὺς
493 281 639 320 ἰουῧαίους
663 289 722 319 τοῖς
745 284 859 314 ἑαυτῶν
887 281 1080 321 δαπανήμασι
1106 280 1156 310 καὶ
1183 282 1294 318 νόμοις,

308 337 387 366 καθὰ
410 338 445 366 τὸ
465 339 623 378 πρότερον.
648 339 713 369 Τοῖς
739 333 929 371 δαπανήμασι
948 344 955 361 ;
974 328 996 361 ἱ.
1015 337 1044 358 e.
1074 334 1139 364 ταῖς
1160 333 1294 370 τροφαῖς.

309 379 456 425 Hesych.
475 385 603 422 δαπάνη,
622 388 730 424 τροφή.
757 377 980 410 Observatum
1003 375 1068 408 hoc
1093 374 1182 408 idem
1199 382 1248 407 est
1264 382 1297 407 et

309 430 535 463 eruditissimo
550 428 748 462 Casaubono
770 434 887 460 nostro
903 425 1030 471 (noster
1055 426 1143 458 enim
1162 425 1232 467 jam
1248 432 1295 456 est

310 490 377 511 non
403 491 462 511 usu
478 478 604 518 solum,
623 476 681 509 sed
696 488 805 516 nexu,
822 484 867 517 et,
885 484 923 508 ut
943 485 1059 518 spero,
1076 485 1205 516 semper
1221 475 1297 511 erit)

309 528 499 561 Commeat.
515 529 549 558 in
568 524 793 568 Theophrasti
805 524 962 558 Charact.
976 535 1052 566 cap.
1067 528 1135 568 περὶ
1145 528 1294 570 ἀκαιρίας.

314 576 393 609 Vide
409 576 493 609 infra
507 587 582 619 pag.
606 577 683 608 456.
701 577 741 608 D.
758 577 790 608 2.
826 575 865 607 C.
884 576 916 610 6.
932 579 996 611 ἐπεὶ
1011 578 1060 607 καὶ
1078 580 1213 616 γηπόνος.
1241 572 1296 605 Sic

309 638 408 669 supra
431 625 525 658 initio
549 624 694 658 homiliae
717 626 735 657 9
756 637 763 656 z
782 630 808 659 οἱ
824 628 974 670 φιλόπονοι
995 632 1056 658 τῶν
1075 630 1208 666 γηπόνων
1229 630 1294 656 etc.

353 677 388 708 P.
409 678 483 709 400.
508 677 546 708 B.
564 678 596 709 7.
615 673 807 717 Legendum
824 675 965 717 conjicio
985 686 991 704 :
1011 677 1026 708 ὁ
1039 678 1189 718 μακάριος
1206 681 1297 706 Μωῠ-

310 734 360 764 σῆς
375 729 512 770 διάφορον
535 731 586 759 τὸν
609 732 720 770 τρόπον
735 733 788 764 τῆς
808 727 1000 770 δημιουργίας
1018 727 1131 766 λέγων,
1150 728 1196 757 ὃτι
1211 726 1297 757 Εἶπεν

308 783 372 808 etc.
389 774 494 807 Valde
510 774 709 808 confirmant
722 773 810 807 hanc
824 774 1003 806 lectionem
1018 784 1090 816 quae
1102 779 1294 815 sequuntur.

308 827 393 858 Pace
410 824 547 858 doctiss.
574 826 787 868 praeceptoris
803 825 868 857 mei
885 824 1059 868 (Dounaei,
1077 823 1138 866 qui
1155 821 1300 865 putabat

311 875 482 919 legendum
499 879 575 908 ὥστε
587 877 691 914 πλέον)
706 873 847 906 dixerim
863 872 1098 905 affirmativam
1112 870 1167 903 hic
1183 870 1297 903 lectio-

308 936 383 956 nem
400 923 478 955 ferri
491 923 582 956 nullo
598 922 701 955 modo
711 934 817 965 posse.
837 923 936 954 Ratio
949 929 1075 963 nostra,
1093 920 1212 961 fateor,
1229 931 1298 952 non

310 972 403 1005 videt
419 972 589 1016 quomodo
605 984 645 1005 ex
661 981 749 1005 terra
772 981 805 1005 et
821 972 956 1014 pulvere
975 970 1032 1003 fiat
1048 982 1128 1003 caro
1147 982 1154 1001 1
1173 977 1209 1002 at
1232 969 1297 1001 hoc

310 1033 377 1054 non
389 1021 502 1054 obstat
512 1033 579 1065 quo
594 1023 703 1054 minus
716 1021 900 1054 secundum
912 1029 1068 1053 naturam
1084 1018 1119 1051 id
1132 1018 1202 1051 fiat.
1211 1020 1298 1051 Nam

310 1073 335 1103 si
353 1071 432 1103 nihil
444 1079 527 1104 esset
542 1069 725 1104 secundum
738 1078 904 1109 naturam,
919 1071 979 1102 nisi
993 1067 1085 1113 quod
1101 1068 1188 1100 ratio
1202 1080 1297 1101 com-

309 1121 496 1164 prehendit,
520 1122 704 1164 perexiguis
729 1132 808 1152 sane
824 1119 944 1152 finibus
967 1126 1007 1154 τά
1022 1125 1101 1153 κατὰ
1124 1122 1204 1164 φύσιν
1229 1119 1295 1150 cir-

309 1169 621 1204 cumscriberentur.
644 1171 755 1211 Quam
773 1169 877 1203 multa
894 1171 982 1202 enim
998 1177 1076 1202 sunt
1093 1179 1215 1200 arcana
1235 1179 1297 1199 na-

310 1228 402 1260 turae,
417 1222 538 1252 rationi
551 1232 683 1262 prorsus
699 1219 863 1264 ἀνέρικταῗ
880 1219 977 1253 Basil.
990 1218 1140 1262 Epistola
1153 1217 1297 1260 quadam

310 1269 352 1302 ad
369 1271 572 1302 Eunomium
586 1269 687 1302 docet
699 1269 840 1312 plurima
853 1281 921 1301 esse
937 1271 970 1301 in
987 1267 1142 1301 minutuli
1157 1266 1298 1299 animal-

309 1319 375 1351 culi
405 1319 553 1352 formicae
575 1327 713 1359 natura,
746 1319 791 1351 ad
822 1330 894 1362 quae
920 1318 1006 1351 ratio
1032 1317 1180 1349 humana
1206 1316 1298 1349 nullo

311 1368 413 1401 modo
435 1368 541 1411 possit
565 1368 733 1411 aspirare:
750 1372 839 1409 εἰδὲ,
867 1367 996 1411 inquit,
1022 1372 1074 1402 τοῦ
1100 1373 1298 1414 βραχυτάτου

308 1422 465 1464 μόρμηκος
490 1423 570 1453 οὔπω
595 1422 768 1463 περιέλαδες
790 1427 827 1461 τῇ
853 1426 955 1460 γνώσει
971 1423 1025 1456 τὴν
1048 1419 1146 1460 φύσιν,
1168 1425 1229 1453 πῶς
1245 1423 1299 1453 τὴν

308 1473 524 1506 ἀκατάληπτον
549 1474 601 1502 τοῦ
624 1474 701 1502 Θεοῦ
727 1471 849 1510 δύναμιν
863 1471 1064 1510 μεγαλανχεῖς
1079 1471 1295 1511 φαντάζεσθαι;

306 1517 482 1561 Chrysost.
505 1528 616 1559 supra,
630 1516 694 1550 hoc
712 1525 760 1549 est
778 1516 868 1548 horn.
890 1518 944 1558 12,
963 1527 1030 1547 non
1048 1522 1147 1557 negat
1163 1525 1298 1546 carnem

307 1566 489 1599 secundum
518 1575 673 1598 naturam
700 1565 769 1599 fieri
786 1577 803 1597 e
827 1574 912 1598 terra
931 1565 1032 1609 (Deus
1054 1567 1143 1596 enim
1165 1572 1215 1596 est
1236 1575 1296 1595 au-

308 1623 361 1648 tor
374 1624 518 1656 naturae,
537 1618 604 1649 sive
621 1617 732 1658 potius
751 1623 873 1648 natura
893 1623 1060 1646 ηαιιιιάηε
1072 1642 1079 1654 ,
1096 1621 1132 1646 ut
1157 1612 1298 1656 loquun-

308 1674 372 1706 tur,
397 1674 430 1697 et
456 1666 509 1698 ille
530 1664 677 1698 hominis
694 1665 784 1697 carni
811 1665 899 1697 hanc
922 1672 1078 1696 naturam
1097 1661 1202 1704 dedit,
1223 1670 1258 1694 ut
1280 1674 1297 1695 e

306 1724 394 1748 terra
411 1724 523 1748 ortum
538 1728 632 1748 suum
649 1724 681 1748 et
698 1717 859 1759 originem
877 1714 1025 1746 haberet.
1045 1715 1140 1745 Hanc
1159 1711 1203 1745 oh
1220 1724 1299 1745 cau-

304 1778 375 1798 sam
408 1778 426 1798 a
456 1765 699 1810 Chrysostomo
733 1766 908 1806 saepissime
938 1771 1078 1797 vocatur
1111 1764 1198 1794 Deus
1245 1769 1298 1802 τῆς

306 1819 414 1861 φύσεως
435 1819 624 1860 δημιουργός,
642 1823 675 1847 et.
691 1823 743 1853 τῆς
762 1818 872 1861 φύσεως
890 1821 1056 1855 Δεσπότης,
1073 1820 1107 1844 et
1123 1821 1174 1851 τῆς
1189 1815 1298 1859 φύσεως

304 1869 408 1911 Κύριος
424 1871 473 1900 καὶ
489 1869 678 1911 δημιουργὸς.
699 1864 782 1897 Vide
798 1863 1057 1896 illustrissimum
1074 1862 1185 1895 locum
1209 1862 1295 1894 infra

305 1926 380 1957 pag.
407 1914 504 1958 405),
529 1913 587 1946 sed
610 1921 726 1946 monet
750 1925 791 1946 ne
816 1912 1027 1946 admirabilia
1043 1911 1101 1945 Dei
1128 1923 1230 1954 opera
1252 1911 1296 1944 ad

308 1962 444 1996 rationis
468 1969 516 1998 sai
545 1974 604 1998 τῶν
631 1969 741 1998 οἰκείων
767 1967 915 2007 λογισμῶν
940 1964 1101 1994 trutinam
1127 1962 1297 2004 expenda-

307 2025 390 2046 mus.
406 2015 506 2046 Ratio
520 2012 607 2045 enim
625 2021 757 2055 respuet
770 2012 835 2045 hoc
852 2020 1025 2054 tamquam
1042 2010 1246 2051 incredibile,
1264 2020 1298 2044 et

306 2062 406 2102 dicet,
427 2075 494 2095 non
512 2073 609 2106 σῶμα,
628 2062 686 2094 sed
703 2058 834 2105 πλίνθον,
855 2069 913 2094 aut
929 2066 1080 2107 ὄστρακον
1095 2072 1112 2093 e
1133 2068 1222 2093 terra
1239 2060 1298 2092 de-

306 2112 382 2144 here
404 2111 484 2145 fieri.
510 2111 612 2153 Quod
633 2119 743 2144 autem
768 2111 812 2144 ad
838 2111 927 2143 bunc
956 2110 1067 2142 locum
1096 2111 1229 2152 attinet,
1255 2122 1296 2143 ne

306 2174 426 2194 nomen
441 2171 493 2200 τῆς
523 2166 630 2207 φύσεως
644 2163 799 2204 cuiquam
816 2160 1007 2203 scrupulum
1025 2159 1164 2203 injiciat,
1182 2160 1298 2192 audiat

306 2223 378 2254 quae
394 2219 588 2253 sequuntur.
620 2213 784 2243 Isocrates
802 2210 964 2255 Dionysio
982 2227 988 2245 ι
1010 2215 1060 2244 οὐκ
1074 2216 1201 2255 ἤμειψας
1215 2217 1297 2253 μετὰ,

306 2270 358 2300 τῆς
379 2265 470 2304 τύχης
494 2267 548 2299 την
574 2264 665 2304 φύσιν,
693 2256 748 2294 ἑτι
775 2267 826 2295 τὸν
848 2264 974 2294 θύλακον
994 2265 1069 2303 ε”χεις
1097 2263 1272 2305 δερμάτινον
1287 2271 1294 2278 ·

307 2316 414 2349 θνητὴν
439 2316 497 2355 γάρ
523 2315 596 2352 ἔχεις
619 2315 651 2343 ἐκ
672 2315 829 2356 προοιμίου
849 2316 901 2348 την
919 2313 1066 2343 σύστασιν.
1086 2307 1291 2340 'Iheodoret.

307 2359 399 2392 Eccl.
414 2359 492 2391 hist.
517 2359 576 2391 lib.
596 2361 626 2401 5,
642 2371 715 2402 cap.
734 2361 772 2391 18
787 2371 794 2390 :
812 2366 874 2405 χρὴ
890 2364 994 2402 μέντοι
1010 2362 1115 2392 εἰδέναι
1132 2365 1185 2397 την
1202 2361 1292 2402 pun-2,

307 2414 355 2442 καὶ
382 2415 414 2443 τὸ
435 2413 545 2446 ταύτης
572 2414 675 2446 θνητόν
700 2423 733 2443 τε
761 2413 810 2442 καὶ
835 2412 988 2454 διαρρέον,
1016 2412 1066 2441 καὶ
1087 2412 1138 2441 τὸν
1154 2415 1296 2452 πρόγονον

306 2463 393 2501 χοῦν,
413 2463 446 2498 εξ
459 2458 492 2492 οὗ
513 2465 693 2500 γεγόναμεν,
716 2463 764 2491 καὶ
781 2463 820 2496 εἰς
843 2461 876 2491 ’ὸν
902 2461 1107 2504 ἀπορρέομεν,
1123 2461 1172 2490 καὶ
1187 2464 1230 2500 μὴ
1253 2466 1294 2500 τῷ

307 2514 386 2542 rat-,Osi
412 2517 464 2546 τῆς
487 2511 661 2553 ἁλουργίδας
682 2510 975 2550 ἀποδονκολοὺμενον
995 2512 1108 2549 ἀγνοεῖν
1129 2511 1179 2540 τοῦ
1203 2510 1295 2540 xxiv-

307 2565 456 2601 πτομένον
472 2566 608 2601 σώματος
625 2564 679 2597 την
694 2563 857 2591 ἀσθένειαν.
889 2562 1025 2600 ὁμοφυῶν
1041 2563 1153 2600 ἄρχεις,
1172 2558 1195 2589 ὦ
1207 2562 1293 2600 βασι·

311 2611 369 2646 λεῦ,
386 2613 435 2641 καὶ
459 2612 514 2650 μἐν
541 2610 574 2646 δὴ
601 2613 649 2641 καὶ
666 2610 845 2650 ὁμοδούλων.
858 2605 1036 2650 Chrysost.
1054 2607 1123 2647 ipse
1140 2606 1240 2639 Hom.
1261 2608 1291 2638 9.

309 2657 340 2688 iu
358 2656 435 2689 Joh.
460 2664 543 2701 τβασ
556 2661 620 2695 λεὺς
641 2661 697 2700 μὲν
713 2661 727 2691 ὁ
744 2662 775 2690 ἐκ
803 2662 856 2691 τοῦ
881 2660 972 2690 αὑτοῦ
998 2658 1201 2702 διηρτισμένος
1225 2660 1296 2698 ἡμῖν

309 2711 403 2744 πηλοῦ
422 2710 487 2744 τοὺς
513 2710 699 2749 ὁμοδούλους,
723 2711 772 2740 καὶ
789 2715 841 2745 τῆς
866 2710 957 2744 αὐτῆς
984 2709 1063 2749 αὐτῷ
1088 2709 1295 2743 κοινωνοῦντας

309 2761 427 2801 φῦσε-ως,
444 2761 493 2790 οὐκ
506 2750 580 2796 ἀξῖοἳ
595 2764 659 2788 etc.
678 2757 766 2788 Item
783 2755 845 2788 hac
863 2757 932 2798 ipsa
950 2754 1041 2787 hom.
1056 2766 1129 2797 pag.
1143 2763 1292 2797 sequent.

309 2808 391 2839 linea
411 2810 441 2848 ⁴2,
460 2814 493 2838 ct
508 2808 527 2838 3
545 2823 550 2840 :
570 2812 619 2840 καὶ
633 2813 737 2840 τοῦτον
755 2811 843 2841 αὐτὸν
858 2811 909 2841 τὸν
924 2812 994 2849 χοῦν
1015 2810 1065 2839 τὸν
1088 2811 1147 2839 ἀπὸ
1167 2813 1220 2843 τῆς
1243 2814 1295 2847 γῆς

309 2867 349 2899 τῷ
366 2862 458 2898 οἰκείῳ
472 2862 685 2900 προστάγματι
702 2862 739 2895 εἷς
753 2865 889 2899 σώματος
906 2859 987 2901 φύσιν
1002 2861 1197 2898 μετέστησεν.
1211 2854 1294 2887 Vide

308 2906 392 2937 inl'ra
411 2905 526 2939 lioniil.
548 2907 585 2937 17
599 2933 607 2947 ,
632 2907 665 2937 in
681 2904 756 2937 sinc.
775 2907 945 2938 Sententia
968 2916 1046 2949 ergo
1062 2903 1292 2948 Chrysostomi

309 2953 372 2985 110(-
392 2954 464 2986 loco
487 2954 556 2986 haec
579 2962 627 2986 est
644 2971 648 2988 :
665 2955 789 2987 Moscm
808 2962 875 2987 tam
892 2962 1047 2987 accurate
1070 2953 1292 2996 descripsisse,

309 3003 589 3045 quemadmodum
604 3003 704 3035 1101110
722 3003 819 3036 fictus
835 3012 867 3036 et
880 3003 1044 3036 formatus
1061 3010 1145 3035 esset
1158 3015 1174 3041 e
1191 3011 1291 3043 terra,

310 3066 348 3085 110
363 3056 479 3086 cristas
501 3053 553 3084 ille
572 3053 712 3093 tolleret„
730 3062 763 3086 et
780 3062 905 3087 naturae
921 3066 986 3086 suae
1002 3065 1041 3086 ac
1055 3053 1190 3097 originis
1208 3053 1294 3085 obli-

311 3112 372 3144 tus,
403 3103 665 3147 magnificentius
692 3115 789 3145 quam
817 3116 878 3146 par
904 3111 988 3136 esset
1013 3102 1055 3136 de
1082 3115 1115 3135 se
1142 3104 1290 3137 sentiret.

307 3156 527 3187 Consentiunt
544 3152 613 3186 liaec
635 3152 731 3195 plane
748 3166 823 3186 cum
839 3155 876 3186 iis
901 3166 971 3198 quse
987 3151 1075 3186 dixit
1090 3153 1205 3186 liomil.
1226 3155 1265 3185 ⁴2
1285 3166 1290 3184 z

309 3210 380 3242 τέως
409 3209 440 3238 o)
462 3210 557 3250 μικρὰ
581 3209 651 3243 ἡμῖν
673 3209 803 3238 ἐντεῦθεν
828 3209 972 3245 τίκτεται,
991 3209 1040 3238 ἐὰν
1055 3212 1151 3248 νήφειν
1173 3206 1293 3247 βουλώ-

308 3260 403 3295 μεθα,
423 3257 686 3299 ταπεινοφροσύνης
709 3257 893 3288 διδασκαλία.
921 3253 1072 3286 Pluribus
1099 3253 1165 3285 lioec
1179 3251 1292 3295 dispu-

309 3305 386 3338 tari,
407 3311 540 3345 propter
562 3315 724 3335 sumniam
748 3305 959 3346 praeceptoris
985 3302 1048 3334 mci
1076 3301 1291 3334 autoritatem

306 3361 336 3385 ct
354 3353 514 3397 singulare
534 3354 564 3385 in
588 3353 650 3386 lioc
675 3353 836 3386 doctrinoe
859 3364 975 3397 genere
988 3351 1169 3397 judicium,
1188 3363 1206 3384 a
1223 3364 1290 3395 quo

903 146 1102 177 SELECTA
1137 145 1199 175 Ex
1234 145 1365 175 NOTlS
1401 145 1586 176 JOANNlS
1620 146 1766 176 BOISll.

1366 234 1542 268 propterea
1556 228 1626 259 sine
1642 225 1851 259 validissimis
1866 225 2051 258 rationibus
2067 237 2134 259 non
2155 226 2215 259 fuit
2228 239 2355 271 aequum

1369 283 1406 307 ut
1418 275 1642 308 dissentirem.

1411 325 1448 357 P.
1469 327 1544 358 101.
1564 327 1601 359 Β.
1628 327 1661 358 7.
1685 330 1736 359 καὶ
1761 332 1860 367 στόμα
1877 330 2058 369 περιτιθέναι
2081 334 2123 369 τῷ
2150 335 2233 370 Θεῷ,
2251 333 2288 357 ut
2309 326 2356 358 illi

1367 375 1523 406 nimirum
1540 374 1680 416 faciunt,
1699 376 1756 417 qui
1771 373 1890 406 dicunt
1907 375 2055 406 animam
2080 387 2097 407 e
2118 377 2177 407 Dei
2193 386 2261 407 esse
2279 375 2358 407 sub-

1366 425 1502 456 stantia.
1522 424 1605 456 Vide.
1621 423 1827 456 Theodoreti
1843 425 1968 464 Quaest.
1995 426 2036 457 23
2063 424 2096 456 in
2112 425 2230 457 Genes..
2256 425 2358 457 Aliter

1367 486 1406 505 ex
1423 475 1615 518 conjectura
1628 500 1636 514 ,
1655 483 1688 507 et
1704 474 1883 507 collatione
1902 474 2136 518 Chrysostomi
2152 487 2227 507 cum
2243 474 2357 508 Theo-

1367 524 1487 556 doreto
1507 537 1513 555 ε
1533 530 1557 558 εἰ
1574 531 1633 570 γαρ
1647 528 1828 568 μέλλοιμεν,
1846 522 1899 556 Vel
1914 528 2064 566 μέλλοιεν,
2083 528 2131 559 δια
2146 531 2180 558 τὸ
2198 529 2292 568 λέγειν
2306 533 2360 565 τὴν

1368 580 1498 619 Γραῗὴν,
1515 572 1695 620 ἐνεφύσησεν
1719 579 1759 611 εἰς
1784 579 1818 608 τὸ
1844 580 2002 619 πρόσωπον
2025 577 2128 615 αὑτοῦ,
2147 579 2178 615 ἐν.
2194 582 2248 612 τῆς
2265 579 2360 613 οὐσίας

1367 629 1420 657 τοῦ
1440 629 1518 657 Θεοῦ
1535 630 1653 668 ,φάσκειν
1670 627 1742 658 εἶναι
1758 630 1812 661 τὰς
1829 629 1933 666 ψυχὰς,
1951 629 2064 666 ἀνάγκη
2087 629 2137 658 καὶ
2161 631 2260 667 στόμα
2275 639 2360 671 περι-

1366 679 1477 708 τιθέναι
1494 684 1535 717 τῷ
1553 684 1631 718 Θεῷ,
1650 680 1762 718 ἀνάγκη
1779 677 1809 706 δὲ
1826 679 1875 706 καὶ
1890 681 1992 720 χεῖρας
2002 681 2066 705 etc.

1411 724 1446 756 P.
1468 724 1542 756 103.
1561 725 1597 755 Α.
1619 726 1670 755 ll.
1706 729 1755 757 καὶ
1777 727 1877 758 πολλα
1902 727 1991 769 ἕτερα
2014 732 2072 758 τῶν
2097 729 2260 768 εἰρημένων
2289 729 2355 755 etc.

1367 770 1476 805 Ordo:
1499 777 1530 805 οὐ
1549 780 1762 817 παρῃτήσαντο
1779 788 1851 811 τινες
1869 778 2023 815 εἰπεῖν,μὴ
2041 777 2089 807 ἐπὶ
2099 780 2211 815 τῆςγῆς
2225 775 2296 806 εἶναι
2313 778 2362 806 τὸν

1367 825 1561 865 παράδεισον,
1578 832 1805 867 παρεγγυῶντες
1827 827 1875 855 καὶ
1890 826 1990 857 πολλὰ.
2006 827 2096 867 ἔτερα
2112 831 2170 855 τῶν
2187 827 2360 865 εἰρημένων,

1366 877 1423 911 μὴ,
1441 875 1479 908 ὡς
1498 877 1685 916 γέγραπται,
1705 880 1830 918 φρονεῖν,
1848 871 2086 914 Proeeipientes
2109 878 2140 902 ez
2163 871 2234 901 alia
2256 870 2362 902 multa

1367 931 1411 950 ex
1436 921 1476 950 ils
1492 932 1569 963 quae
1585 921 1678 953 dicta
1703 929 1791 961 sunt,
1809 934 1888 960 non,
1907 929 1942 952 ut
1958 922 2113 964 scriptum
2131 927 2190 961 est,
2202 922 2269 952 sive
2284 919 2360 952 lite-

1366 967 1491 1008 raliter‚
1508 977 1544 1000 ut
1568 968 1762 1013 loquuntur,
1782 971 1978 1013 intelligere.
1998 978 2116 1015 Φρονεῖν
2136 981 2142 1000 :

1367 1022 1575 1061 ἐκλαμέάνειν.

2169 970 2192 1001 i.
2219 980 2248 1002 e.
2274 977 2358 1010 νοεῖν,

1707 1108 1900 1141 HOMILIA
1924 1108 2017 1140 XIV.

1411 1198 1448 1230 P.
1470 1199 1544 1232 106.
1557 1197 1595 1229 E.
1608 1200 1638 1230 6.
1656 1201 1705 1232 οὖν,
1722 1201 1822 1235 ἐπειδὴ
1837 1201 1977 1232 τοσοῦτόν
1991 1202 2053 1232 ἐστι
2070 1204 2162 1240 μόνον
2178 1199 2358 1243 γλυκύτερα.

1368 1247 1428 1281 Vel
1450 1247 1544 1281 deleo
1570 1256 1721 1290 τοσοῦτον,
1737 1247 1788 1281 vel
1811 1259 1874 1291 pro
1890 1251 2058 1294 γλυκύτερα
2073 1247 2146 1291 lego
2163 1252 2285 1291 γλυκέα.
2303 1248 2359 1281 Sic

1367 1300 1455 1331 enim
1477 1297 1593 1330 melius
1609 1299 1787 1330 conveniet
1804 1309 1880 1329 cum
1906 1303 2057 1336 τοσοῦτον,
2076 1305 2113 1329 ut
2137 1296 2237 1339 paulo
2260 1309 2358 1340 supra

1368 1354 1506 1383 τοσοῦτον
1522 1354 1702 1392 ἐπιθυμητά.
1722 1346 1788 1380 Sed
1803 1355 1915 1390 potest
1931 1359 2001 1379 esse
2017 1349 2281 1389 comparativum
2297 1359 2361 1390 pro

1366 1399 1522 1440 positivo.
1550 1399 1656 1441 Igitur
1681 1395 1763 1430 nihil
1792 1405 1898 1428 muto.
1920 1396 2026 1431 *Nos
2052 1396 2158 1428 aliam
2185 1397 2359 1429 lectionem

1367 1449 1545 1491 sequimur.

1412 1498 1448 1531 P.
1469 1499 1542 1531 107.
1560 1497 1599 1530 C.
1622 1497 1652 1528 5.
1671 1497 1736 1528 Pro
1753 1501 1909 1539 ἐπιθυμίαν
1922 1495 2033 1527 nescio
2052 1506 2095 1526 an
2117 1493 2294 1539 legendum
2313 1496 2356 1529 sit

1366 1550 1519 1588 εὐθυμίαν,
1537 1553 1569 1578 et
1585 1556 1646 1587 pro
1663 1549 1877 1591 σφοδροτέραν,
1895 1549 2132 1590 ἀσφαλεστέραν.

1411 1596 1448 1626 Ρ.
1465 1597 1475 1625 1
1490 1596 1539 1627 10.
1555 1595 1593 1628 C.
1608 1596 1639 1628 8.
1655 1598 1876 1637 ἐνδιαιτώμενος
1892 1602 1930 1639 τῇ
1947 1599 1999 1627 τοῦ
2017 1596 2197 1639 παραδείσου
2213 1596 2356 1638 διαγωγῇ.

1366 1644 1479 1677 Malim
1504 1653 1542 1690 τῇ
1575 1650 1627 1679 τοῦ
1652 1648 1831 1691 παραδείσου
1858 1648 1958 1689 ἡδονῇ,
1985 1651 2042 1675 aut
2066 1642 2132 1675 tale
2159 1642 2252 1686 quid.
2270 1644 2357 1676 Nam

1366 1698 1564 1729 ἐνδιαιτᾶσθαι
1581 1698 1712 1738 διαγωγῇ
1729 1693 1849 1726 (lurum
1867 1692 1947 1725 mihi
1961 1692 2105 1725 videtur.

1410 1746 1448 1779 P.
1467 1745 1542 1777 113.
1561 1747 1599 1776 Α.
1618 1745 1671 1776 11.
1690 1747 1852 1786 ὑπόμνησιν
1868 1749 1984 1787 ἔχωμεν
2006 1748 2056 1776 καὶ
2072 1751 2124 1780 τῆς
2141 1750 2242 1785 τιμῆς.
2262 1743 2356 1775 Con-

1361 1794 1492 1837 junctio
1510 1800 1571 1834 καί,
1591 1805 1663 1836 quae
1680 1792 1734 1825 hic
1755 1791 1984 1825 distributioni
2002 1791 2151 1833 inservit,
2171 1791 2357 1834 praecedere

1366 1842 1468 1876 debet
1491 1843 1648 1885 verbum,
1668 1851 1704 1875 ut
1725 1855 1798 1875 mea
1815 1851 1865 1876 est
1882 1841 1995 1885 opinio
2009 1869 2017 1883 ‚
2036 1854 2102 1874 non
2128 1842 2237 1885 sequi,
2255 1841 2356 1886 idque

1365 1892 1430 1925 hoc
1447 1891 1550 1925 modo
1570 1905 1576 1924 z
1595 1896 1687 1930 οὕτως
1704 1891 1770 1937 [vel
1785 1898 1834 1927 καὶ
1851 1891 1957 1937 οὕτως]
1974 1896 2065 1930 αὐτὰς
2081 1895 2224 1938 ἐκύρωσεν
2239 1897 2253 1927 ὁ
2272 1898 2356 1936 Θεὸς,

1365 1946 1411 1977 ἵνα
1435 1949 1484 1977 καὶ
1501 1946 1617 1982 διηνεκῆ
1641 1946 1803 1986 ὑπόμνησιν
1826 1948 1941 1986 ἔχωμεν
1958 1950 2010 1981 τῆς
2032 1950 2120 1985 τιμῆς
2147 1949 2226 1984 etc.,
2244 1948 2360 1982 καὶτῆς

1365 2000 1548 2041 ἀφαιρέσεως
1564 1998 1644 2038 αὐτῷ
1660 2000 1713 2032 τὴν
1728 1999 1824 2028 αἰτίαν
1842 1998 2063 2039 ἐπιγράψωμεν.
2078 1993 2168 2024 Duas
2183 1991 2227 2024 ob
2244 2003 2359 2025 causas

1366 2052 1439 2076 rata
1455 2055 1527 2076 esse
1544 2043 1650 2078 voluit
1673 2045 1761 2076 Deus
1778 2044 1914 2075 nomina
1937 2041 1979 2074 ab
1993 2040 2122 2073 Adamo
2140 2043 2266 2074 caeteris
2283 2043 2357 2073 ani—

1366 2093 1507 2126 malibus
1524 2095 1693 2136 imposita‚
1710 2095 1732 2126 i.
1754 2105 1784 2126 e.
1803 2101 1839 2124 ut
1865 2099 2024 2135 perpetuo
2043 2090 2298 2124 admoneremur
2314 2091 2358 2124 (10

1367 2142 1504 2184 honore,
1524 2155 1622 2186 quem
1650 2145 1744 2176 initio
1770 2143 1886 2175 habuit
1909 2142 2075 2182 Adamm,
2092 2149 2125 2174 et
2151 2140 2293 2183 deinde,
2321 2149 2356 2173 ut

1366 2192 1510 2235 adempti
1526 2192 1660 2225 lionoris
1673 2205 1807 2225 causam
1829 2192 1873 2224 illi
1889 2191 2139 2224 ascriberemus.
2158 2193 2358 2233 Transposi-

1368 2245 1416 2275 tio
1434 2243 1606 2285 particulae
1620 2249 1670 2277 καὶ
1688 2243 1774 2275 hanc
1791 2242 2116 2282 distributionem,ac
2129 2240 2269 2283 proinde
2292 2241 2357 2273 loci

1365 2294 1457 2324 istius
1472 2294 1670 2325 sententiam
1696 2292 1792 2334 plane
1806 2292 2002 2333 corrumpit.
2095 2292 2132 2324 B.
2152 2292 2182 2322 8.
2202 2296 2354 2325 ἐπιθεῖναι.

1365 2342 1455 2375 Nihil
1487 2341 1684 2374 mutandum
1707 2352 1836 2373 censeo.
1854 2339 1878 2375 ὁ
1895 2346 1967 2380 νοῦς,
1988 2341 2043 2382 qui
2066 2341 2176 2381 potuit
2192 2351 2356 2383 congruas

1366 2390 1602 2434 appellationes
1629 2392 1803 2433 unicuique
1819 2389 2013 2422 animalium
2031 2391 2213 2431 imponere,
2231 2397 2264 2420 et
2286 2390 2356 2422 sine

1366 2441 1557 2473 confusione
1579 2440 1706 2473 ordinis
1730 2452 1791 2472 nec
1808 2447 2057 2471 mansuetorum
2075 2437 2267 2470 animalium
2291 2449 2354 2470 no-

1365 2493 1454 2523 mina
1472 2491 1547 2523 feris
1569 2490 1703 2530 indere,
1720 2502 1781 2522 nec
1807 2490 1950 2522 ferarum
1968 2488 2150 2530 cicuribus,
2168 2487 2224 2520 sed
2247 2489 2356 2520 omni-

1366 2541 1426 2574 bus
1451 2553 1499 2584 ea,
1524 2554 1595 2584 quae
1622 2549 1699 2583 apta
1725 2548 1832 2572 essent
1861 2548 1894 2571 et
1920 2546 2140 2582 congruerent
2169 2537 2242 2579 illis,
2271 2548 2356 2580 quo-

1366 2591 1467 2623 modo
1499 2603 1566 2624 nou
1594 2592 1685 2623 omni
1711 2591 1870 2632 sapientia
1898 2597 1932 2622 et
1969 2588 2185 2631 intelligentia
2211 2586 2354 2629 repletus

1364 2640 1495 2674 fuerat?
1523 2642 1688 2674 Posterius
1723 2647 1880 2677 ἐπιθεῖναι,
1919 2647 1956 2671 ut
1992 2647 2025 2670 et
2060 2644 2269 2682 ἀπαρέμοατα
2304 2649 2354 2670 se-

1365 2693 1511 2734 quentia,
1529 2697 1667 2736 &fopr'wi
1684 2698 1717 2722 et
1731 2693 1840 2731 δοῦναι,
1859 2687 2028 2721 cohaerent
2050 2688 2163 2719 omnia
2180 2698 2257 2718 cum
2274 2692 2289 2721 ὁ
2303 2690 2354 2720 δυ-

1365 2746 1477 2781 νηθεὶς,
1504 2746 1563 2775 ἀπὸ
1588 2746 1639 2774 τοῦ
1663 2746 1767 2774 κοινοῦ.
1798 2740 1950 2780 Aper-tius
1975 2735 2158 2780 aliquando
2184 2738 2230 2768 sic
2255 2749 2261 2767 :
2286 2737 2354 2777 Qui

1365 2791 1475 2833 potuit
1492 2790 1566 2822 sei-is
1583 2789 1696 2822 indere
1711 2788 1949 2831 appellationes
1962 2815 1969 2829 ,
1988 2799 2060 2830 quae
2086 2787 2265 2818 mansuetis
2281 2787 2353 2818 aui-

1365 2839 1505 2873 malibus
1522 2853 1587 2872 non
1605 2848 1826 2880 congruerent
1842 2851 1849 2871 ι
1868 2846 1900 2870 vt
1924 2838 2105 2870 mansuetis
2133 2847 2263 2878 rursus,
2281 2847 2353 2878 qnae

1366 2903 1432 2924 non
1450 2891 1667 2924 convenirent
1681 2889 1768 2925 feris,
1788 2897 1851 2921 etc.

1705 2998 1896 3031 qutLtA
1922 2997 1994 3028 XV.

1407 3100 1442 3131 l‘.
1467 3101 1474 3130 l
1489 3098 1537 3130 tf».
1557 3100 1592 3128 A.
1613 3098 1642 3127 3.
1659 3096 1751 3127 Fort.
1771 3098 1844 3138 ἕπερ
1860 3098 1907 3126 ἐπὶ
1924 3102 1982 3126 τῶν
1996 3095 2145 3127 αἰσθητῶν
2162 3093 2349 3135 πραγμάτων

1361 3154 1411 3184 οὐκ
1430 3153 1467 3182 ἔνι
1485 3151 1562 3182 ἰδεῖν,
1593 3146 1715 3178 Ῑ”ι”ιΙι·11’
1731 3156 1795 3174 non
1813 3143 1900 3174 licet.

1407 3199 1442 3229 P.
1464 3198 1536 3228 117.
1564 3197 1600 3227 C.
1628 3198 1658 3227 6.
1683 3199 1819 3238 ἀπεχθῶς
1846 3198 1898 3236 ἔχη
1927 3195 2097 3226 διακεῖσθαι.
2126 3187 2215 3220 Nihil
2241 3195 2346 3226 muto,

1363 3262 1421 3283 nce
1440 3250 1635 3281 mutandum
1661 3258 1790 3279 conseo.
1815 3243 1972 3277 Notanda
1991 3251 2100 3274 autem
2126 3239 2268 3283 phrasis,
2288 3245 2346 3283 ἔχω

1361 3305 1532 3337 διακεῖσθαι,
1551 3312 1610 3341 pto
1629 3302 1732 3341 μέλλω
1757 3300 1927 3333 δτακεὶσθαι,
1944 3305 2010 3325 non
2027 3291 2269 3334 chrysostomo
2292 3300 2345 3320 so-

1362 3350 1428 3382 lum
1443 3377 1449 3384 .
1469 3348 1522 3382 sed
1543 3348 1613 3381 :iliis
1631 3355 1697 3379 tnui
1721 3346 1843 3379 Graecis
1859 3355 1958 3387 quam
1977 3341 2104 3376 Latinis
2122 3340 2340 3383 frequentata.
