2516 3791
834 185 891 215 DE
931 185 1049 215 ANNX
1088 184 1236 213 SERMO
1276 185 1338 213 itt.

2044 173 2137 218 835

88 272 311 326 Πανταχόθεν
340 270 450 310 τοίνυν
485 269 605 313 αὐτοὺς
637 269 842 322 τειχίζωμεν
876 268 1087 319 συμῧουλαῖς
1102 297 1112 314 ,
1125 265 1170 332 Ἱέῑ
1189 267 1318 306 onibus
1331 268 1378 307 ad
1397 269 1512 307 Deum
1530 270 1793 321 confugiamus.
1816 270 1861 308 Et
1881 270 1910 307 si
1937 271 2038 308 nohis
2074 286 2141 311 nou

87 333 328 389 παραινέσεσι,
358 331 500 384 φόὸοις,
526 332 699 375 ἀπειλαῖς.
723 328 784 369 Ἂν
817 330 946 378 ταύτης
976 329 1114 383 περιγέ-

87 413 211 437 νωνται
225 399 288 443 τ’ἧς
306 393 490 445 ἐπιθυμίας
502 424 512 442 ,
532 393 609 433 οὐδὲ
624 393 727 447 ἑτέρα
746 392 882 445 ταχέιι)ς
897 389 1112 438 ἁλώσονται,

88 458 178 498 ἀλλὰ
203 457 263 496 καὶ
298 455 492 509 χρημάτων
512 456 648 494 ἔσονται
682 454 856 508 κρείττους
868 484 878 501 ,
909 453 968 492 καὶ
1006 451 1114 503 μέθης

87 518 319 572 κρατήσουσι,
335 517 395 556 καὶ
413 517 475 561 τὰς
501 516 684 570 παροινίας
702 516 762 555 καὶ
781 515 844 560 τὰς
863 513 1018 566 πονηρὰς
1039 529 1114 552 συν-

86 581 202 624 ουσίας
222 580 320 632 πάσῃ
335 580 468 631 σπουδῇ
485 578 749 632 διακρούσονται
762 609 771 625 ,
801 576 861 616 καὶ
882 574 1115 626 ποθεινότεροι

87 642 149 694 μὲν
169 641 306 680 ἔσονται
327 646 397 685 τοῖς
423 639 678 692 γεγεννηκόσιν,
698 637 963 690 αἷδεσιμώτεροι
983 635 1019 675 δὲ
1038 642 1112 673 πᾶ-

86 719 139 742 σιν
156 701 361 756 ἀνθρώποις.
376 701 442 746 Τίς
453 701 522 755 γὰρ
536 704 598 740 οὐκ
620 700 860 748 αἷδεσθήσεται
871 699 1114 750 σωφρονοῦντα

85 764 177 810 νέον;
208 763 260 808 τίς
285 762 319 801 δὲ
346 765 409 802 οὐκ
428 762 626 801 ἀσπάσεται
647 761 707 800 καὶ
727 760 867 813 φιλήσει
884 759 942 798 τὸν
962 757 1113 811 χαλινώ-

86 840 194 863 σαντα
222 823 284 868 τὰς
305 823 451 867 ἀτόπους
472 821 677 873 ἐπιθυμίας,
695 821 747 865 τίς
768 820 805 860 δὲ
823 825 837 841 ¹²
849 822 913 872 οὐχ
932 818 1114 871 αἱρήσεται

84 885 143 922 καὶ
164 887 232 923 τῶν
255 883 388 935 σφόδρα
403 881 656 935 εὐπορωτάτων
675 880 764 932 μετὰ
779 880 911 926 πολλῆς
934 879 1028 930 αὐτῷ
1051 879 1114 924 τῆς

83 945 228 997 χάριτος
255 944 413 982 ἐκδοῦναι
432 942 471 981 τὸ
496 942 693 995 θυγάτριον,
711 940 775 979 κᾶν
804 940 970 979 ἁπάντων
986 940 1114 982 ἐκεῖνος

83 1006 282 1058 πενέστερος
303 999 326 1056 ᾖ
337 1021 347 1052 ;
366 1003 507 1056 εὨσπερ
533 1003 600 1056 γὰρ
620 1003 678 1042 τὸν
700 1005 734 1042 ἓν
751 1001 885 1054 ἀσωτίᾳ
904 1003 1036 1049 ζῶντα,
1054 1000 1113 1038 καὶ

83 1066 227 1119 πόρναις
258 1066 503 1118 προσέχοντας
521 1064 584 1103 κᾶν
622 1064 785 1103 ἁπάντων
811 1061 1043 1115 εὐπορώτερος
1070 1055 1112 1114 ᾗ,

81 1128 192 1172 οὐδεὶς
207 1127 315 1171 οὕτως
335 1127 451 1171 ἄθλιος
470 1125 529 1164 καὶ
544 1125 784 1177 ταλαίπωρος,
800 1127 846 1168 ὡς
862 1125 1007 1170 θελῆσαι
1025 1121 1112 1170 ι’κη-

82 1189 205 1237 δεστὴν
224 1189 363 1228 λαὸεῖν·
386 1187 477 1226 οὕτω
508 1187 564 1226 τὸν
593 1186 755 1240 σώφρονα
775 1185 835 1224 καὶ
861 1186 985 1237 σεμνὸν
1006 1184 1114 1228 οὐδεὶς

80 1249 188 1295 οὕτως
207 1250 371 1297 ἀνόητος,
392 1251 439 1293 ὡς
462 1248 742 1300 ἀποκρούσασθαι
764 1247 823 1286 καὶ
844 1246 1028 1298 ἀτιμάσαι.
1049 1244 1115 1284 e‘lv'

81 1309 140 1354 οῦν
157 1314 216 1353 καὶ
238 1312 433 1367 ἀνθρώποις
453 1312 648 1364 αἰδέσιμοι,
672 1312 732 1350 καὶ
750 1314 800 1363 τῷ
817 1313 900 1363 Θεῷ
916 1309 1066 1349 ποθεινοὶ
1082 1312 1113 1348 οἱ

81 1376 199 1418 παῖδες
218 1374 403 1426 γένωνται,
435 1376 717 1424 κατακοσμῶμεν
744 1374 857 1411 αὐτῶν
885 1371 948 1415 τὰς
976 1371 1112 1424 ψυχὰς,

80 1435 140 1475 καὶ
159 1436 248 1487 μετὰ
263 1434 488 1488 σωφροσύνης
510 1434 568 1473 ἐπὶ
584 1434 663 1479 τοὺς
679 1434 813 1486 γάμους
835 1433 987 1485 ἄγωμεν.
1004 1431 1111 1470 Οὕτω

80 1495 148 1550 γὰρ
167 1496 227 1535 καὶ
246 1496 291 1535 τὰ
310 1495 467 1549 παρόντα
483 1497 618 1544 αὐτοῖς,
633 1495 753 1547 ὥσπερ
768 1496 808 1533 ἐκ
821 1495 962 1545 πηγῶν,
973 1492 1111 1531 ἅπαντα

81 1556 175 1605 ἥξει,
202 1557 333 1596 καὶτὸν
350 1557 439 1596 Θεὸν
458 1556 590 1601 ἕξουσιν
612 1555 729 1604 ἵλεων,
745 1555 805 1594 καὶ
824 1557 888 1601 τ’ῆς
910 1554 1110 1607 παρούσης,

80 1619 139 1659 καὶ
172 1623 235 1666 τῆς
270 1619 464 1670 μελλούσης
492 1617 750 1657 ἀπολαύσονται
779 1616 895 1665 δόξης·
918 1611 959 1664 ἧς
978 1616 1111 1667 γένοιτο

79 1681 212 1724 πάντας
240 1683 336 1731 ἡμᾶς
356 1683 546 1731 ἐπιτυχεῖν,
562 1679 683 1732 χάριτι
707 1678 766 1717 καὶ
794 1677 1038 1730 φιλανθρωπίᾳ
1052 1681 1111 1716 τοῦ

80 1741 208 1793 Κυρίου
234 1743 335 1792 ἡμῶν
353 1741 468 1788 Ἰησοῦ
492 1742 664 1793 Χριστοῦ,
685 1742 760 1792 μεθ’
791 1734 829 1779 οῦ
866 1739 985 1794 Πατρὶ
1011 1739 1110 1787 δόξα,

79 1802 185 1853 τιμὴ,
205 1803 349 1854 κράτος,
374 1801 434 1840 σὺν
454 1804 504 1854 τῷ
524 1801 613 1855 ἁγίῳ
635 1801 840 1852 Πνεύματι,
863 1805 920 1840 νῦν
945 1800 1004 1839 καὶ
1033 1799 1108 1849 ἀεὶ,

81 1863 140 1904 καὶ
157 1865 204 1908 εἷς
218 1863 296 1908 τοὺς
316 1865 443 1906 αἰῶνας
472 1866 540 1902 τῶν
559 1862 706 1902 αἰώνων.
722 1862 842 1913 Ἀμήν.

476 2509 655 2548 οΜιΛιΑ
684 2507 727 2560 γ’.

85 2614 144 2657 Εἷς
166 2613 228 2660 τὴν
250 2613 384 2660 Ἄνναν,
404 2614 463 2652 καὶ
483 2615 531 2658 εἷς
557 2613 621 2661 τὴν
646 2617 705 2653 τοῦ
734 2613 905 2665 Σαμουὴλ
928 2616 1106 2667 γαλακτο-

132 2674 364 2727 τροφίαν·κα“ι
378 2675 431 2714 ὅτι
444 2674 621 2726 χρήσιμος
639 2678 661 2722 ἡ
681 2675 762 2728 περὶ
783 2675 841 2714 τὸν
861 2675 961 2714 τόκον
984 2676 1109 2729 βραδύ-

133 2751 212 2783 της,
238 2737 297 2775 καὶ
330 2737 384 2775 ὅτι
415 2736 630 2775 ἐπικίνδυνον
671 2738 728 2776 καὶ
761 2738 932 2790 σφαλερὸν
965 2738 1005 2776 τὸ
1038 2741 1108 2776 τῶν

134 2796 268 2834 παίδων
296 2799 450 2848 ἀμελεῖν.

138 2902 179 2939 tit
200 2901 249 2951 μὴ
275 2901 366 2940 δοκῶ
384 2902 580 2956 προσκορής
613 2920 701 2944 τισιν
727 2899 815 2944 εἶναι
836 2905 896 2944 καὶ
923 2906 1104 2959 φορτικὸς,

82 2963 250 3014 βούλομαι
267 2965 328 3009 τῆς
352 2963 458 3009 αὐτῆς
487 2964 681 3009 ὑποθέσεως
709 2967 864 3019 ἅψασθαι
884 2967 1002 3015 πάλιν,
1021 2966 1107 3019 ὑπὲρ

80 3019 121 3071 ἧς
142 3025 203 3063 καὶ
232 3024 354 3077 πρῴην
377 3028 458 3075 ὑμῖν
487 3026 687 3078 διελέχθην,
707 3028 766 3066 καὶ
786 3029 871 3081 πρὸς
901 3028 965 3077 τὴν
985 3028 1107 3067 Ἄνναν

79 3087 170 3136 ὑμᾶς
187 3090 473 3139 χειραγιι)γ·ῗ,σαι,
493 3087 553 3125 καὶ
571 3089 619 3130 εἷς
640 3087 698 3125 τὸν
714 3090 869 3139 λειμῶνα
886 3093 956 3128 τῶν
976 3105 1105 3142 κατορ-

79 3146 249 3196 θωμάτων
264 3150 326 3193 τῆς
344 3146 505 3198 γυναικὸς
524 3149 721 3200 εἰσαγαγεῖν
734 3150 792 3188 τὸν
808 3150 908 3199 λόγον
921 3166 928 3174 ·
949 3152 1105 3201 λειμῶνα

79 3206 159 3257 οὐχὶ
182 3207 346 3259 ῥοδωνιὰν
367 3208 514 3261 ἔχοντα,
536 3208 614 3248 οὐδὲ
633 3209 720 3257 ἄνθη
742 3211 982 3263 μαραινόμενα
995 3242 1004 3259 ,
1026 3213 1102 3250 ἀλλ’

48 3315 50 3317 ‚
82 3266 185 3318 εὐχὴν
214 3269 272 3306 καὶ
290 3268 407 3309 πίστιν
427 3271 486 3309 καὶ
511 3271 731 3316 ἀνεξικακίαν
751 3272 896 3320 πολλήν.
919 3273 1018 3312 Πολὺ
1037 3273 1104 3324 γὰρ

124 3401 137 3416 ·
155 3391 233 3436 Reg.
249 3396 298 3427 οὲι
315 3401 470 3438 εἰρήσεταί.

1188 329 1319 368 fuerint
1359 331 1474 382 liberi,
1519 331 1564 369 ab
1612 331 1676 369 illo
1711 331 1951 383 postulcmus;
1986 346 2074 383 quos
2115 335 2142 371 si

1186 391 1443 444 acceperimus,
1489 392 1603 431 multa
1653 407 1738 431 cura
1771 391 1962 431 educemus

1188 462 1322 490 scentes
1339 467 1420 491 cum
1431 453 1478 491 ab
1489 453 1585 492 omni
1598 453 1688 493 vitio
1700 468 1917 502 sevocemus,
1930 463 2005 492 tum
2021 456 2144 507 prasci-

1188 526 1259 564 pue
1277 528 1297 552 a
1315 514 1476 562 lascivia,
1490 514 1589 566 quod
1609 514 1675 553 hoc
1694 514 1844 553 difficile
1857 515 1903 553 sit
1916 515 2065 562 bellum,
2084 531 2145 554 nec

1187 573 1257 612 alia
1277 590 1330 613 res
1344 576 1526 615 molestior
1541 576 1588 614 sit
1607 576 1661 614 illi
1689 576 1799 623 aetati,
1828 591 1936 627 quam
1960 577 2019 615 hic
2050 592 2144 616 mor-

1188 634 1269 674 bus.
1293 637 1462 690 Undique
1482 638 1593 690 igitur
1607 638 1921 677 circumvallemus
1942 639 2022 678 illos
2054 654 2143 678 con—

1188 696 1291 747 siliis,
1322 698 1645 748 adhortationibus,
1690 700 1898 749 terroribus,
1940 701 2061 740 minis.
2106 702 2144 741 Si

1189 757 1282 798 lianc
1300 759 1498 800 devicerint
1517 761 1739 814 cupidinem,
1770 776 1834 800 nec
1866 762 1912 800 ab
1937 763 2018 801 aliis
2044 764 2147 802 facile

1188 822 1504 874 expugnabuntur,
1517 822 1577 861 sed
1588 832 1621 861 et
1637 823 1798 876 pecuniis
1811 833 1914 862 erunt
1929 825 2142 876 superiores,

1189 891 1223 920 et
1241 884 1487 922 temulentiam
1521 884 1822 935 vinolentiamque
1847 886 2082 938 superabunt,
2112 897 2146 926 ct

1190 943 1374 997 improbos
1396 946 1580 985 convictus
1601 946 1698 984 omni
1732 946 1851 985 studio
1870 947 2075 995 discutient,
2111 958 2145 987 et

1187 1007 1414 1046 amabiliores
1434 1017 1538 1046 erunt
1559 1007 1781 1061 parentibus,
1795 1017 1827 1046 et
1844 1008 2010 1047 omnibus
2029 1009 2144 1048 homi-

1189 1067 1294 1106 nibus
1308 1069 1423 1121 magis
1435 1069 1631 1108 reverendi.
1646 1069 1736 1116 Quis
1750 1069 1844 1107 enim
1858 1084 1926 1108 non
1942 1080 2146 1109 revereatur

1184 1129 1355 1180 juvenem
1389 1140 1483 1169 caste
1507 1131 1695 1182 sobrieque
1731 1131 1936 1170 viventem?
1964 1133 2046 1183 quis
2075 1147 2145 1171 non

1189 1191 1436 1244 amplectatur,
1453 1192 1749 1243 exosculeturque
1768 1206 1850 1230 eum
1875 1192 1935 1243 qui
1967 1193 2146 1245 cupidita-

1191 1252 1286 1291 tibus
1308 1254 1448 1292 srcnum
1465 1253 1662 1307 imposuit?
1685 1253 1766 1304 quis
1787 1268 1857 1292 non
1890 1254 1980 1292 vele
1998 1269 2146 1294 numero

1188 1315 1422 1367 praedivitum
1441 1316 1553 1354 multa
1573 1330 1656 1353 cum
1685 1315 1799 1366 gratia
1826 1315 1920 1354 volet
1946 1316 1999 1354 illi
2030 1316 2147 1354 locare

1188 1375 1304 1413 filiam
1323 1389 1439 1424 suam,
1460 1375 1599 1413 etiamsi
1626 1375 1734 1413 fuerit
1767 1375 1930 1413 omnium
1961 1376 2147 1428 pauperri-

1187 1438 1293 1477 mus?
1338 1439 1440 1478 Sicut
1472 1454 1491 1477 e
1535 1438 1677 1478 diverso
1717 1438 1904 1478 luxuriose
1947 1440 2143 1491 viventem,

1186 1500 1325 1539 etiamsi
1356 1501 1463 1540 suerit
1498 1501 1660 1540 omnium
1705 1502 2008 1554 opulentissimus,
2042 1517 2146 1541 nemo

1186 1575 1261 1604 tam
1280 1566 1388 1605 miser
1421 1576 1486 1615 est,
1523 1581 1627 1605 nemo
1658 1576 1730 1605 tam
1748 1568 1893 1620 abjecta:
1924 1569 2088 1614 fortunae,
2108 1578 2145 1607 ut

1186 1627 1256 1665 sibi
1290 1641 1460 1679 generum
1491 1627 1579 1666 velit
1613 1627 1810 1666 adsciscere
1839 1644 1847 1664 ε
1873 1638 1994 1667 contra
2025 1630 2146 1668 nullus

1185 1687 1273 1726 adeo
1285 1689 1416 1727 stultus
1426 1697 1489 1737 est,
1508 1697 1547 1726 ut
1567 1688 1727 1726 sobrium
1742 1689 1968 1741 acpudicum
1990 1690 2142 1743 rejiciat,

1185 1764 1226 1788 ac
1247 1749 1420 1788 dedecore
1434 1749 1579 1788 afficiat.
1597 1751 1648 1788 Ut
1668 1750 1779 1802 igitur
1799 1750 1868 1789 filii
1888 1760 1921 1789 ct
1937 1751 2144 1791 hominibus

1185 1810 1369 1851 reverendi
1406 1811 1508 1861 fiant,
1545 1820 1579 1849 et
1608 1812 1683 1850 Deo
1712 1812 1899 1860 amabiles,
1931 1827 2143 1852 exornemus

1184 1873 1329 1912 illorum
1345 1873 1496 1921 animos,
1515 1887 1668 1924 cumque
1681 1873 1855 1926 pudicitia
1868 1874 1914 1912 ad
1933 1875 2142 1927 conjugium

1182 1935 1438 1988 perducamus.
1464 1934 1525 1974 Sic
1543 1934 1637 1972 enim
1659 1934 1734 1972 illis
1769 1935 1868 1973 velut
1891 1950 1909 1973 e
1928 1937 2024 1974 fonte
2060 1951 2142 1989 pro-

1183 1996 1464 2046 venientomnia,
1478 2005 1511 2035 et
1525 1997 1641 2034 Deum
1658 1996 1817 2034 habituri
1835 2006 1916 2035 sunt
1932 1998 2142 2050 propitium,

1184 2072 1226 2097 ac
1244 2058 1429 2111 praesentis
1445 2059 1645 2108 futuraeque
1658 2057 1740 2096 vitae
1764 2059 1877 2110 gloria
1897 2060 2141 2111 perfruentur:

1185 2134 1295 2170 quam
1310 2120 1449 2172 assequi
1465 2120 1647 2171 contingat
1666 2119 1770 2158 nobis
1787 2120 1968 2172 omnihus,
1981 2122 2093 2174 gratia
2110 2132 2143 2160 ct

1184 2186 1342 2225 bonitate
1359 2186 1508 2225 Domini
1540 2185 1652 2224 nostri
1675 2187 1759 2226 Jesu
1786 2187 1936 2234 Christi,
1961 2201 2042 2226 cum
2073 2203 2143 2239 quo

1186 2247 1285 2286 Patri
1322 2248 1449 2299 gloria,
1490 2247 1620 2297 honor,
1661 2247 1869 2300 imperium,
1920 2248 2029 2287 simul
2061 2264 2142 2287 cum

1183 2318 1305 2347 sancto
1331 2309 1487 2362 Spiritu,
1528 2322 1624 2347 nunc
1650 2317 1684 2347 et
1703 2323 1856 2363 semper,
1883 2319 1916 2349 et
1946 2311 1982 2349 in
2014 2311 2142 2349 saecula

1183 2371 1408 2410 saeculorum.
1442 2372 1568 2409 Amen.

1993 409 2001 429 :
2025 393 2143 431 adule-

1533 2512 1703 2552 SERMO
1725 2513 1790 2550 111.

1184 2620 1246 2657 De
1263 2619 1404 2664 Anna,
1439 2618 1562 2670 deque
1590 2617 1785 2655 Samuelis
1822 2617 2065 2662 educatione,
2104 2625 2140 2655 et

1235 2677 1342 2730 quod
1369 2676 1477 2713 utilis
1506 2678 1557 2713 sit
1591 2678 1632 2712 in
1655 2676 1844 2727 pariendo
1875 2677 2059 2724 tarditas,
2104 2685 2141 2713 et

1237 2736 1343 2789 quod
1361 2735 1621 2787 periculosum
1643 2737 1693 2773 sit
1723 2735 1864 2773 liberos
1903 2735 2142 2787 negligenter

1238 2799 1392 2835 habere.

1238 2905 1274 2941 t.
1295 2902 1372 2941 Nisi
1392 2900 1517 2939 videor
1529 2898 1711 2951 aliquibus
1726 2898 1868 2938 fastidio
1887 2907 1921 2937 et
1937 2899 2035 2938 oneri
2054 2913 2138 2947 esse,

1182 2964 1264 3004 volo
1291 2963 1387 3001 idem
1413 2970 1667 3014 argumentum
1695 2974 1840 2999 rursum
1874 2960 2059 3012 attingere,
2096 2960 2140 2998 ‹lc

1181 3039 1251 3078 quo
1290 3024 1393 3063 vobis
1430 3037 1543 3076 nuper
1565 3021 1718 3060 disserui
1741 3038 1749 3058 :
1773 3036 1906 3073 vosque
1926 3021 1972 3060 ad
2000 3025 2136 3059 Annam

1183 3085 1420 3134 introducere,
1449 3094 1555 3135 atque
1586 3083 1621 3122 in
1651 3092 1795 3136 pratum
1832 3083 2010 3121 vii-tutum
2041 3083 2138 3121 illius

1183 3147 1351 3185 inducere
1368 3159 1585 3184 sennonem:
1603 3153 1759 3197 pratum,
1775 3144 1935 3196 inquam,
1954 3159 2021 3182 non
2041 3143 2137 3195 quod

1183 3208 1315 3247 rosaria
1342 3207 1487 3260 profert,
1519 3215 1581 3244 aut
1602 3205 1707 3244 ssores
1727 3206 1789 3258 qui
1814 3214 2048 3253 marcescunt,
2076 3204 2137 3241 scd

1183 3268 1534 3322 quodprcrationem
1567 3282 1608 3306 ac
1632 3267 1751 3314 fidem,
1788 3281 2020 3319 magnamque
2052 3266 2135 3303 tolc-

1172 3396 1187 3419 Ι*
1205 3393 1284 3435 ch.
1305 3395 1455 3430 κηδευτνζν.
