2516 3791
680 213 721 241 lx
759 214 862 243 CAl’.
902 213 980 243 ΧΙΙ.
1019 213 1179 242 GENES.
1220 212 1374 243 nomi„
1415 214 1558 243 ΧῚΧΙΙ.
2035 203 2116 262 371

86 299 188 336 αὐτοῦ
206 299 248 342 τῆ
276 295 514 347 ἀκαταλήπτῳ
546 294 703 348 προνοίᾳ.
723 296 765 333 1ἰῖ
792 295 859 349 γὰρ
877 295 937 334 καὶ
967 295 1023 333 τὸν
1051 295 1100 332 ‹36-
1176 294 1283 346 hujus
1300 294 1384 334 vitae
1398 294 1656 333 afflictionibus
1671 295 1793 334 vexari
1814 311 1821 332 z
1843 296 1905 334 sed
1932 297 2125 348 cogitantes
2137 312 2326 349 mmmmm

85 372 179 395 καιον
198 339 317 394 τοῦτον
339 355 429 394 οὕτω
453 355 609 408 φιλόθεον
636 356 739 403 ὄντα,
758 356 929 404 τοσαύτην
946 356 1104 403 ὑπακοὴν
1129 369 1151 399 ῃ
1175 354 1411 407 multiplicem
1441 355 1745 409 dispensationum
1797 356 1863 393 Dei
1907 355 2207 406 varietatem,·i··'·t
2228 356 2323 391 ³¹¹¹&-

83 416 354 467 ἐπιδειξάμενον,
395 422 568 469 συγιιορεῖ
601 416 765 456 τοιούτων
797 421 1029 469 πειραθῆναι,
1057 411 1104 455 ὧν

83 477 207 516 αὐτίκα
227 478 324 528 μάλα
345 479 477 516 εἴσεσθε
489 508 498 525 ,
517 477 593 529 οὐχὶ
612 481 786 531 περιορῶν
806 478 863 517 τὸν
883 481 988 518 αὐτοῦ
1005 477 1105 530 θερά-

85 553 213 586 ποντα,
229 539 319 577 ἀλλὰ
332 545 404 583 τοῖς
423 539 540 582 ἄλλοις
559 538 669 578 ἅπασι
689 539 898 590 βουλόμενος
924 543 1028 578 αὐτοῦ
1041 537 1103 584 τὴν

86 598 213 652 ἀρετὴν
239 600 435 653 ἐκκαλύψαι
460 600 543 648 (καὶ
581 599 648 652 γὰρ
685 600 759 644 ἔθος
796 603 889 653 αὐτῷ
917 605 1019 640 τοῦτο
1051 601 1104 651 ἐφ’

87 659 224 712 ἑκάστῳ
244 664 313 699 τῶν
329 661 471 700 δικαίων
489 667 601 699 ποιεῖν
618 677 626 684 ·
644 661 704 699 καὶ
723 661 799 700 ὅσοι
823 661 903 714 περὶ
928 660 991 708 τὴν
1024 660 1108 698 ἀνά-

86 736 213 771 γνωσιν
230 725 298 760 τῶν
311 722 409 760 θείων
428 724 576 774 Γραφῶν
597 723 673 760 ἐστε
688 722 906 774 φιλότεχνοι,
923 721 1108 767 δυνήσεσθε

87 781 216 819 ἄνωθεν
236 782 296 820 καὶ
321 782 356 826 ἐξ
375 785 486 835 ἀρχῆς
509 782 850 833 καταμανθάνοντες,
870 780 979 825 οὕτως
1001 784 1108 834 εὑρεῖν

88 842 190 880 αὐτὸν
220 837 470 892 οἷκονομοῦντα
490 846 558 881 τῶν
588 845 691 880 αὐτοῦ
721 843 848 881 δούλων
881 842 945 888 τὴν
974 842 1109 889 ζωήν),

87 905 162 946 πῶς
198 905 260 941 οὐκ
288 904 329 940 ἂν
353 904 407 950 εἴη
437 903 592 955 ἐσχάτης
617 902 867 954 ἀγνωμοσύνης
894 903 934 941 τὸ
960 903 1111 954 νομίζειν

86 963 365 1015 ε’γκαταλείψεως
395 958 482 1002 εἶναι
509 963 572 1010 τὴν
606 963 778 1011 τοσαύτην
815 963 1053 1018 συγχώρησιν,
1073 966 1111 1002 οὐ

86 1025 216 1071 πολλῆς
236 1024 272 1062 δὲ
286 1026 419 1075 μᾶλλον
437 1023 666 1074 κηδεμονίας,
681 1024 740 1062 καὶ
759 1027 822 1071 τῆς
836 1024 968 1077 ἀφάτου
990 1026 1112 1078 φιλαν-

88 1085 241 1136 θρωπίας
268 1088 369 1123 τοῦτο
399 1085 564 1137 μέγιστον
584 1089 758 1124 ποιεῖσθαι
780 1091 942 1137 σημεῖον;
969 1086 1113 1131 Δεικνὺς

88 1145 201 1183 τοίνυν
221 1145 283 1192 τὴν
303 1147 591 1198 ὑπερὸάλλουσαν
613 1145 758 1197 δύναμιν
785 1150 908 1195 αὐτοῦ,
928 1149 988 1187 δύο
1002 1152 1114 1186 ταῦτα

58 1195 63 1201 .
89 1208 244 1245 ἐντεῦθεν
273 1208 548 1254 κατασκευάζει,
569 1206 628 1245 καὶ
656 1211 725 1246 τῶν
756 1208 886 1247 δούλων
919 1211 1024 1248 αὐτοῦ
1049 1209 1113 1256 τὴν

89 1269 264 1319 ὑπομονὴν
278 1269 337 1308 καὶ
356 1268 418 1316 τὴν
434 1270 592 1321 ἀνδρείαν
613 1269 724 1309 ἅπασι
739 1272 889 1323 φανερὰν
906 1272 1112 1320 καθίστησι,

90 1328 150 1366 καὶ
165 1332 227 1375 τῆς
246 1330 406 1382 προνοίας
426 1332 528 1368 αὐτοῦ
547 1329 587 1368 τὸ
608 1330 806 1382 εὐμήχανον
824 1332 882 1370 καὶ
901 1332 1030 1383 μεταξὺ
1043 1336 1112 1371 τῶν

89 1390 208 1428 δεινῶν
229 1392 354 1438 αὐτῶν,
373 1391 432 1428 καὶ
454 1389 543 1441 μετὰ
562 1390 601 1429 τὸ
622 1393 889 1442 ἀπογνωσθηναι
920 1394 1044 1446 σχεδὸν
1069 1393 1114 1432 τὰ

89 1452 302 1504 πράγιιατα,
321 1453 399 1491 τότε
421 1453 505 1505 πρὸς
534 1453 552 1492 ὃ
584 1452 748 1504 βούλεται
779 1453 998 1504 μεθίστησιν,
1016 1454 1112 1493 οὐδὲν

91 1513 158 1551 ὑπὸ
175 1529 237 1559 της
223 1515 288 1556 ςέν
305 1512 401 1565 μέσω
417 1513 599 1556 δυσκολίας
621 1514 809 1565 γενομένης
830 1515 1113 1567 ἐμποδιζόμενος.

92 1574 162 1612 Και
180 1574 278 1626 ὤφθη
293 1603 302 1620 ,
323 1589 428 1625 φησι,
451 1574 606 1626 Κύριος’
593 1591 610 1613 ο
625 1576 716 1620 Θεὸς
736 1592 786 1627 τῳ
802 1574 942 1628 Ἄδραμ
957 1607 966 1625 ,
987 1578 1046 1616 καὶ
1063 1582 1115 1616 εἰ-

90 1650 153 1672 πεν
175 1637 288 1687 αὐτῷ·
311 1638 362 1687 τῷ
380 1634 557 1687 σπέρματί
576 1651 636 1674 σου
668 1635 770 1675 δώσω
797 1636 861 1683 τὴν
889 1640 954 1689 γῆν
973 1638 1116 1686 ταύτην.

92 1697 241 1746 Μεγάλη
269 1700 292 1743 ἡ
322 1696 533 1748 ὑπόσχεσις,
553 1697 612 1735 καὶ
640 1697 782 1745 ποθεινὴ
811 1698 965 1749 μάλιστα
985 1702 1036 1752 τῷ
1061 1701 1117 1737 δι-

91 1757 192 1809 καίῳ.
215 1757 308 1796 ’Ὶστε
323 1757 391 1809 γὰρ
406 1757 501 1802 ὅπως
516 1761 547 1796 οἱ
569 1760 603 1796 ἐν
620 1758 712 1810 γήρᾳ
727 1759 921 1811 φθάσαντες
937 1790 945 1808 ,
964 1761 1118 1811 μάλιστα

93 1819 153 1856 καὶ
171 1821 204 1857 ἐν
225 1818 371 1870 ἀπαιδίᾳ
388 1818 447 1856 τὸν
464 1819 604 1857 ἅπαντα
632 1819 809 1870 διάγοντες
838 1820 975 1872 χρόνον,
992 1822 1117 1859 ἐπιθυ-

95 1883 196 1929 μοῦσι
215 1879 361 1917 παίδων.
372 1880 469 1924 ’1ης
457 1895 616 1926 υπακοης
630 1880 742 1917 τοίνυν
761 1881 858 1918 αὐτῶ
875 1880 938 1927 τὴν
962 1881 1116 1932 ἀμοιὲὴν

96 1940 207 1984 διδοὺς
226 1939 454 1987 ὁΔεσπότης,
476 1957 535 1979 και
553 1941 607 1980 ὅτι
634 1941 802 1989 ἀκούσας,
822 1941 967 1986 Ἔξελθε
995 1945 1036 1981 ἐκ
1055 1959 1119 1989 της

95 2017 159 2052 γης
177 2018 256 2045 σου
277 2003 341 2053 οὐχ
362 2000 566 2052 υπερέθετο,
595 2004 656 2040 οὐκ
675 2002 907 2050 ἀνεὸάλλετο,
928 2004 1006 2042 ἀλλ’
1029 2004 1119 2050 ὑπή-

96 2078 198 2100 κουσε
217 2066 267 2115 τῷ
287 2060 524 2111 ἐπιτάγματι,
545 2062 605 2100 καὶ
624 2065 674 2106 εἰς
694 2063 793 2114 ἔργον
817 2063 927 2115 ἤγαγε
946 2063 986 2102 τὸ
1012 2080 1120 2116 προσ-

97 2123 236 2175 ταχθὲν,
247 2122 333 2175 φησὶ
343 2152 352 2169 ,
368 2123 431 2174 Τῷ
447 2118 694 2176 σπέρματίσου
706 2123 808 2162 δώσω
820 2124 884 2170 τὴν
897 2128 962 2175 γῆν
974 2125 1118 2172 ταύτην.

150 2367 283 2406 Σκόπει
295 2370 370 2411 πῶς
390 2367 447 2406 διὰ
464 2372 524 2406 τοῦ
552 2367 706 2419 ῥήματος
724 2366 913 2414 ἀνέστησεν
933 2370 1036 2407 αὐτοῦ
1055 2369 1118 2416 τὴν

99 2428 266 2474 διάνοιαν,
286 2428 345 2466 καὶ
367 2429 541 2480 ἀρκοῦσαν
561 2428 657 2480 αὐτῷ
676 2431 745 2466 τῶν
764 2428 933 2480 καμάτων
961 2430 1121 2482 παρέσχε

99 2489 162 2535 τὴν
177 2488 364 2526 ἀντίδοσιν.
376 2488 445 2526 Διά
460 2504 512 2526 τοι
523 2492 626 2527 τοῦτο
639 2489 699 2527 καὶ
712 2493 731 2528 ὃ
747 2489 896 2538 δίκαιος,
907 2489 972 2538 τὴν
991 2491 1120 2529 οἰκείαν

101 2548 366 2600 εὐγνωμοσύνην
397 2549 694 2600 ἐπιδεικνύμενος,
726 2550 852 2594 εὐθέως
880 2551 939 2589 ἐπὶ
981 2553 1122 2605 εὐχαρι-

91 2605 200 2648 στίαν
212 2609 392 2661 τρέπεται.
418 2610 488 2648 Καὶ
506 2610 730 2663 ᾠκοδόμησεν
757 2605 848 2660 ἐκεῖ,
876 2612 982 2664 φησὶ,
1001 2615 1123 2652 θυσια-

101 2670 242 2721 στήριον
262 2672 312 2722 τῷ
328 2670 448 2724 Κυρίῳ
474 2673 524 2722 τῷ
548 2672 686 2723 ὀφθέντι
711 2673 820 2724 αὐτῷ.
851 2672 946 2725 ‘'Op-2
964 2674 1121 2726 φιλοθέου

99 2731 241 2781 γνώμης
270 2732 471 2783 τεκμήριον.
499 2732 568 2771 Καὶ
593 2732 694 2772 αὐτὸν
715 2733 774 2772 τὸν
802 2733 1031 2784 τόπον,·ἔνθα
1060 2740 1122 2784 τῆς

101 2791 238 2841 ὁμιλίας
273 2791 405 2839 ἠξιώθη
446 2795 508 2839 τῆς
546 2793 644 2847 παρὰ
683 2798 743 2833 τοῦ
774 2796 893 2844 Θεοῦ,
925 2796 1119 2849 ἀφιέρωσε,

101 2852 161 2889 καὶ
180 2852 243 2898 τὴν
269 2853 494 2905 εὐχαριστίαν
515 2854 579 2903 τὴν
607 2855 701 2895 κατὰ
732 2856 878 2907 δύναμιν
909 2858 1120 2903 ἐπεδείξατο.

102 2915 217 2951 Τοῦτο
251 2914 319 2968 γάρ
350 2916 455 2963 ἐστιν,
497 2915 718 2970 ’ῼκοδόμησε
753 2919 1010 2973 θυσιαστήριον,
1043 2921 1122 2959 ἀντὶ

103 2977 181 3022 τοῦ,
214 2975 466 3027 εὐχαρίστησεν
496 2977 584 3030 ὑπὲρ
615 2981 684 3017 τῶν
723 2981 1016 3032 ἐπαγγελθέντων.
1052 2982 1123 3021 Καὶ

103 3035 260 3088 καθάπερ
293 3037 469 3088 ἄνθρωποι
493 3038 662 3083 πολλάκις
690 3041 758 3080 ὑπὸ
782 3041 925 3095 φίλτρου
955 3042 1122 3094 κινούμε-

103 3111 175 3143 νοι,
198 3098 258 3135 καὶ
285 3097 396 3141 οἰκίας
424 3100 676 3151 οἰκοδομοῦσιν,
699 3100 780 3140 ἔνθα
811 3102 852 3140 ἂν
874 3108 946 3146 τοῖς
973 3102 1122 3155 γνησίως

107 3157 187 3210 περὶ
223 3158 345 3202 αὐτοὺς
378 3160 609 3211 διακειμένοις
635 3163 917 3216 συντυγχάνωσι,
955 3165 1124 3209 πολλάκις

107 3217 142 3257 δὲ
169 3219 290 3257 πολλοὶ
319 3236 378 3258 και
405 3221 522 3266 πόλεις
556 3222 718 3271 ἔστησαν,
749 3226 808 3264 καὶ
841 3225 939 3270 τὰς“
951 3227 1124 3278 ἐπονομα-

108 3279 183 3322 σίας
203 3281 321 3323 αὗταῖς
349 3282 389 3319 ἐκ
417 3283 481 3328 τῆς
511 3286 580 3322 τῶν
601 3285 807 3332 ἐπιτηδείων
838 3287 1023 3340 συντυγίας
1044 3288 1123 3327 επέ-

149 3403 162 3417 ²
179 3393 270 3426 Unus
293 3399 341 3428 καὶ
362 3400 415 3433 τὰ,-
438 3399 612 3439 ἐπωνυμίας.

1174 415 1292 454 omnia
1309 416 1658 470 incomprehensibili
1679 419 1755 471 ejus
1775 417 2007 472 providentiae
2021 419 2128 457 relin-

1174 477 1302 527 quatis.
1327 478 1419 516 Nam
1439 478 1612 530 sijustum
1634 479 1736 518 illum
1752 489 1822 518 tam
1838 480 1955 533 pium,
1976 489 2128 519 tantam-

1176 551 1245 588 que
1261 552 1333 590 prae
1348 553 1385 577 se
1404 539 1571 578 serentem
1591 541 1846 590 obedientiam,
1867 541 2041 595 permittit
2067 542 2129 579 tali

1179 598 1283 637 modo
1303 601 1428 638 tentari
1440 616 1512 653 quo
1531 603 1649 640 statim
1664 602 1754 641 bene
1771 604 1902 654 scietis,
1922 618 1991 642 non
2011 603 2130 657 despi-

1176 658 1271 697 ciens
1294 660 1470 699 famulum
1495 677 1612 711 suum,
1631 664 1691 701 sed
1709 664 1790 702 aliis
1814 665 1981 704 omnibus
2008 666 2130 704 volens

1178 718 1276 756 illius
1292 719 1456 770 detegere
1475 722 1643 762 virtutem
1664 725 1775 772 (solet
1796 726 1890 764 enim
1907 727 1953 764 ita
1975 741 2057 765 cum
2071 728 2131 780 ju-

1179 778 1242 816 stis
1260 780 1428 819 omnibus
1449 796 1466 819 a
1472 796 1577 833 germ
1603 793 1636 822 ct
1657 794 1831 836 quotquot
1859 786 2065 825 divinarum
2085 789 2131 826 le-

1181 839 1337 878 ctionum
1353 841 1435 879 estis
1451 813 1616 891 studiosi,
1637 845 1799 897 poteritis
1818 860 1863 884 ex
1889 848 2134 898 superioribus

1181 900 1317 940 discere
1332 911 1366 940 et
1379 902 1555 955 invenire,
1572 919 1653 944 eum
1676 906 1724 944 ita
1742 907 1961 945 famulorum
1990 923 2135 947 suorum

1183 962 1295 1000 vitam
1310 962 1546 1016 dispensare)7
1566 966 1746 1016 quomodo
1762 967 1872 1020 igitur
1888 982 1956 1006 non
1970 979 2136 1008 extrema·

1183 1022 1290 1061 fuerit
1310 1023 1549 1077 improbitatis
1571 1027 1792 1077 existimare,
1814 1030 1890 1067 Deo
1910 1029 1985 1068 lime
2017 1045 2138 1071 conce-

1183 1082 1287 1122 dente
1311 1086 1450 1138 justum
1472 1086 1683 1126 derelictum
1714 1089 1835 1138 fuisse,
1862 1099 1895 1129 et
1928 1105 1995 1129 non
2021 1093 2138 1144 potius

1184 1144 1267 1183 inde
1286 1160 1422 1198 magnae
1438 1148 1674 1200 providentiae
1696 1149 1921 1202 ingentisque
1945 1153 2139 1191 clementia:

1183 1206 1326 1258 signum
1351 1209 1526 1246 sumere?
1561 1210 1760 1249 Ostendens
1792 1211 1902 1263 igitur
1929 1212 2140 1251 eminentem

1184 1266 1296 1318 ipsius
1314 1268 1501 1320 virtutem,
1520 1270 1594 1309 haec
1604 1270 1677 1309 duo
1691 1281 1848 1324 praestat,
1865 1287 2050 1313 servorum
2063 1289 2141 1312 suo-

1183 1341 1265 1365 rum
1307 1328 1514 1381 patientiam
1552 1331 1869 1384 fortitudinemque
1902 1335 2021 1387 palam
2057 1336 2144 1373 facit

1184 1389 1366 1438 omnibus,
1386 1400 1420 1428 et
1433 1392 1670 1444 providentiae
1703 1408 1776 1433 suae
1806 1395 2017 1448 sapientiam
2036 1397 2143 1435 etiam

1185 1451 1222 1488 in
1240 1450 1371 1490 mediis
1405 1453 1575 1504 periculis
1607 1454 1957 1508 difficultatibusque
1994 1459 2146 1497 summis

1185 1512 1338 1550 ostendit
1363 1529 1371 1549 :
1399 1527 1482 1552 nam
1511 1529 1593 1553 cum
1615 1531 1726 1569 prope
1752 1516 1944 1570 deploratae
1974 1519 2044 1557 sint
2073 1534 2142 1566 res,

1186 1582 1272 1612 tunc
1282 1588 1455 1625 quorsum
1478 1576 1558 1615 vult
1575 1576 1702 1629 dirigit
1718 1579 1850 1628 omnia,
1872 1593 1985 1630 neque
2007 1581 2145 1632 aliquid

1140 1650 1165 1679 1)
1186 1634 1413 1674 difficultatis
1437 1637 1472 1675 in
1489 1637 1607 1676 medio
1629 1648 1680 1677 est
1700 1639 1798 1691 quod
1826 1640 2000 1693 impedire
2024 1652 2143 1693 queat.

1190 1698 1243 1735 Et
1262 1700 1372 1736 visus
1392 1707 1462 1745 est,
1493 1699 1625 1750 inquit,
1648 1702 1843 1740 Dominus
1863 1703 1970 1740 Deus
2003 1703 2047 1740 A
2050 1706 2140 1749 broe,

1189 1766 1227 1795 et
1245 1759 1348 1796 dixit
1366 1761 1402 1796 ei
1416 1774 1428 1794 .·
1448 1759 1594 1797 Semini
1622 1769 1687 1798 τιιο
1716 1762 1818 1799 daho
1841 1771 1985 1800 terram
2021 1765 2140 1802 hanc.

1189 1820 1322 1869 Magna
1342 1827 1375 1856 et
1394 1818 1642 1858 desiderabilis
1662 1821 1864 1873 promissio,
1879 1824 2076 1875 praesertim
2084 1840 2098 1878 J
2106 1840 2144 1862 u-

1190 1887 1256 1917 sto.
1278 1879 1386 1917 Scitis
1399 1880 1509 1930 enim,
1527 1881 1707 1931 quomodo
1729 1883 1791 1933 qui
1803 1884 1879 1935 jam
1898 1894 2073 1936 provectae
2093 1900 2146 1923 se-

1189 1940 1340 1979 nectutis
1361 1950 1458 1992 sunt‚
1491 1950 1526 1979 et
1547 1955 1689 1981 omnem
1722 1945 1834 1982 vitam
1869 1945 2002 1996 absque
2024 1946 2146 1984 liberis

1189 2010 1446 2054 transegerunt,
1474 2012 1596 2055 optant
1631 2003 1774 2043 liberos.
1813 2006 1937 2056 Itaque
1969 2007 2146 2045 Dominus

1189 2062 1396 2101 obedientiae
1416 2063 1613 2102 mercedem
1625 2064 1693 2117 ipsi
1712 2065 1889 2117 praebens,
1903 2067 1986 2118 quia
2008 2082 2094 2106 mox
2108 2079 2148 2107 ut

1189 2123 1344 2173 audivit,
1366 2125 1562 2175 Egredere
1594 2126 1641 2162 de
1673 2134 1776 2163 terra
1813 2134 1894 2173 tua,
1927 2141 1996 2166 non
2030 2143 2148 2167 moras

1190 2184 1312 2233 traxit,
1326 2198 1396 2222 non
1416 2184 1573 2236 distulit,
1606 2185 1668 2224 sed
1697 2185 1859 2225 obedivit
1887 2187 2092 2241 imperanti,
2115 2201 2150 2228 et

1189 2244 1288 2296 quod
1304 2245 1519 2297 imperatum
1535 2254 1609 2284 erat
1627 2260 1714 2285 mox
1727 2247 1824 2298 fecit,
1842 2247 1957 2299 inquit
1976 2266 1986 2285 :
2003 2250 2149 2288 Semini

1192 2315 1256 2344 tuo
1272 2307 1373 2344 dabo
1395 2315 1539 2345 terram
1555 2309 1670 2346 hanc.

1244 2369 1281 2406 5.
1300 2367 1398 2408 Vide
1421 2367 1599 2419 quomodo
1635 2383 1696 2421 per
1726 2369 1795 2408 hoc
1813 2370 1964 2409 verbum
1995 2382 2148 2411 mentem

1191 2429 1268 2481 ejus
1295 2428 1415 2480 erigit,
1435 2438 1470 2467 et
1499 2429 1736 2468 sufficientem
1765 2431 1797 2469 ei
1822 2431 1948 2470 tribuit
1983 2433 2149 2472 laborum

1145 2503 1169 2534 E
1193 2489 1407 2528 mercedem.
1426 2489 1581 2528 Proinde
1600 2499 1633 2528 et
1644 2491 1778 2543 justus,
1803 2502 1943 2544 gratum
1974 2493 2148 2532 exhibens

1193 2550 1367 2599 animum,
1387 2551 1507 2588 statim
1521 2549 1567 2588 ad
1583 2551 1778 2602 gratiarum
1802 2553 1977 2591 actionem
2001 2568 2147 2592 conver-

1193 2611 1293 2650 titur,
1316 2613 1370 2650 Εἰ
1385 2615 1576 2650 exstruxit
1592 2612 1690 2658 illic,
1715 2612 1844 2663 inquit,
1862 2614 1991 2652 altare
2010 2616 2147 2653 Domi-

1198 2687 1261 2719 n0,
1284 2687 1398 2725 quem
1420 2674 1589 2711 viderat.
1613 2672 1708 2712 Vide
1724 2673 1792 2725 piae
1811 2675 1938 2712 mentis
1956 2675 2145 2727 specimen.

1197 2734 1245 2772 Et
1262 2734 1380 2772 locum
1393 2733 1528 2786 ipsum,
1545 2733 1606 2771 ubi
1623 2733 1801 2784 colloquio
1820 2749 1902 2772 cum
1925 2737 2001 2773 Deo
2021 2736 2148 2789 digna-

1196 2804 1254 2834 tus
1264 2795 1390 2843 fuerat,
1402 2794 1621 2833 consecravit
1637 2803 1669 2832 et
1687 2795 1882 2846 gratiarum
1897 2797 2069 2836 actionem
2084 2796 2167 2851 pro*

1196 2857 1334 2896 viribus
1345 2854 1554 2894 declaravit.
1569 2855 1644 2893 Hoc
1654 2855 1748 2893 enim
1758 2855 1854 2907 quod
1868 2855 1970 2905 dicit,
1984 2859 2149 2898 Exstru-

1195 2921 1254 2957 πίε
1274 2919 1415 2965 altare,
1439 2916 1533 2954 idem
1553 2925 1605 2953 est
1622 2915 1730 2967 quod,
1743 2917 1888 2956 Gratias
1899 2917 1945 2956 de
1964 2920 2148 2972 promissis

1194 2979 1434 3032 egit.Etsicut
1448 2977 1609 3015 homines
1621 2990 1887 3029 nonnumquam
1901 2979 2057 3019 amicitia
2074 2996 2149 3020 mo-

1195 3050 1254 3080 vet
1272 3050 1311 3079 ut
1332 3040 1382 3078 ibi
1398 3038 1522 3076 domos
1539 3037 1730 3084 aedisscent,
1751 3038 1812 3076 ubi
1833 3053 1914 3077 cum
1929 3042 2105 3092 germanis
2117 3053 2149 3081 et

1194 3101 1341 3141 sinceris
1351 3099 1476 3138 amieis
1485 3107 1672 3136 versantur
1679 3106 1712 3136 et
1721 3099 1986 3151 colloquuntur,
2000 3113 2034 3140 et
2044 3104 2146 3142 multi

1195 3177 1336 3216 quoque
1350 3175 1443 3229 scepe
1461 3159 1623 3198 civitates
1638 3159 1744 3198 etiam
1759 3161 2148 3215 condiderunt,quibus

1154 3262 1184 3285 ,Ὃ
1196 3240 1241 3264 ex
1255 3223 1435 3263 occasione
1448 3234 1655 3272 congiessus
1671 3222 1883 3262 cumamicis
1899 3225 2040 3263 nomina
2055 3226 2147 3265 indi

1136 3262 1172 3328 δι
1196 3287 1302 3325 dete:
1316 3286 1363 3324 ita
1379 3282 1634 3336 etjustusille‚
1648 3282 1890 3324 ubivisionem
1902 3286 1988 3325 Dei
1979 3301 2148 3340 assequu-

1901 3448 1965 3485 25.
