2516 3791
647 196 690 229 IN
731 198 831 228 CAP.
872 198 963 228 xlx.
1004 195 1166 228 GENES

88 284 191 336 αὖτῃ·
213 282 243 321 οἱ
265 280 301 321 δὲ
321 281 475 333 μαθηται
494 282 774 333 συμπαθέστεροι
793 298 851 320 και
870 280 1108 357 φιλανθρωπό-

87 359 180 397 τεροι
198 343 392 395 νομίζοντες
408 346 516 390 εἶναι,
544 344 582 381 οὐ
610 344 768 394 τολμῶσι
799 346 954 395 φανερῶς
979 345 1106 381 εἰπεῖν·

86 405 271 457 παράσχου
291 405 379 455 αὐτῇ
403 403 468 450 τὴν
489 403 646 452 αἴτησιν,
665 403 807 449 ἐλέησον
824 403 946 451 αὐτὴν,
965 405 1106 453 σπλαγ-

85 466 247 518 χνίσθητι
277 468 331 504 ἐπ’
357 467 463 517 αὐτῇ·
489 466 580 504 ἀλλὰ
603 466 654 513 τί,
682 466 870 505 Ἀπόλυσον
899 465 1028 512 αὐτὴν,
1055 464 1107 502 ὅτι

86 526 205 578 κράζει
223 526 363 565 ὄπισθεν
379 530 481 578 ἡμῶν
494 555 503 572 ,
522 528 705 580 μονονουχὶ
724 528 899 579 λέγοντες·
919 526 1106 578 ελευΟέρω-
1136 526 1156 554 ὓ

87 601 145 625 σον
171 591 265 638 ἡμᾶς
282 603 346 633 της
369 586 574 640 ἐπαχθείας,
592 587 792 632 ἀπάλλαξον
811 591 904 637 ἡμᾶς
923 590 985 633 τῆς
1001 601 1110 637 κραυ-

84 649 149 698 γῆς
176 651 238 694 τῆς
261 650 344 700 παρ’
362 649 468 694 αὐτῆς
491 648 692 700 γινομένης.
715 648 762 686 Ἰί
791 664 850 686 ουν
876 652 894 686 ὁ
910 647 1111 692 Δεσπότηςς

88 708 259 758 Νομίζετέ
283 725 340 759 με,
360 710 481 762 φησὶν,
500 711 575 762 εἷκῇ
597 709 819 761 σεσιγηκέναι
835 738 844 753 ,
863 708 921 746 καὶ
940 707 989 757 μὴ
1010 707 1113 751 ἀξιῶ-

87 785 146 808 σαι
166 769 274 817 αὐτὴν
299 771 536 822 ἀποκρίσεως,
555 770 712 809 Ἀκούετε
729 786 736 793 ·
759 772 837 807 Οὐκ
859 768 1062 814 ἀπεστάλην
1083 770 1111 805 εἰ

88 831 137 880 μὴ
154 833 201 874 εἷς
220 831 264 868 τὰ
278 831 438 883 πρόὸατα
456 830 500 868 τὰ
517 830 724 868 ἀπολωλότα
747 832 841 869 οἴκου
859 829 1016 882 Ἰσραήλ.
1033 830 1111 867 Οὐκ

86 893 172 938 ἴστε,
192 892 296 943 φησὶν
308 921 317 937 ,
336 892 390 929 ὅτι
408 890 598 942 ἀλλόφυλός
618 893 711 928 ἐστιν
728 894 749 936 ἡ
767 891 872 940 γυνή;
888 892 951 929 οὐκ
971 891 1044 928 ἴστε
1059 891 1111 928 ὅτι

80 953 144 990 καὶ
158 954 238 1002 ὑμῖν
254 951 321 998 ἤδη
342 951 575 1003 παρηγγύησα
588 953 634 994 εἰς
645 951 722 989 ὁδὸν
741 953 846 989 ἐθνῶν
865 950 913 1002 μὴ
926 953 1109 998 ἀπελθεῖν,

86 1013 119 1051 Τ
123 1012 189 1055 ίνος
207 1005 266 1049 οὖν
292 1011 405 1049 ἕνεκεν
425 1011 532 1054 οὕτως
554 1011 788 1056 ἀνεξετάστως
807 1011 870 1058 τὴν
891 1011 1110 1061 συμπάθειαν

85 1072 488 1121 ἐπιδείκνυσθεςΣκόπει
515 1072 580 1119 τὴν
607 1072 807 1125 εὐμήχανον
838 1077 898 1110 τοῦ
928 1076 1021 1112 Θεοῦ
1052 1087 1109 1110 σο-

86 1132 185 1185 φίαν,
209 1137 282 1177 πῶς
305 1134 364 1172 καὶ
391 1133 446 1172 ὅτε
481 1133 593 1178 ἔδοξεν
621 1134 887 1185 ἀποκρίνεσθαι,
915 1137 978 1180 τ-’ῆς
1010 1136 1110 1184 σιγῆς

87 1195 276 1247 βαρύτερον
312 1199 508 1234 καθικνεῐτο
534 1199 595 1242 τῆς
625 1195 806 1247 γυναικὸς,
836 1195 895 1233 καὶ
927 1197 1110 1247 μονονουχὶ

86 1256 224 1309 καιρίαν
242 1259 330 1308 αὐτῇ
351 1257 479 1296 δέδωκε
497 1257 560 1304 τὴν
573 1256 734 1307 πληγὴν,
753 1256 843 1294 κατὰ
863 1256 985 1308 μικρὸν·
1002 1256 1110 1303 αὐτὴν

87 1320 253 1371 διεγεῖραι
279 1318 508 1370 βουλόμενος,
521 1317 577 1355 ἵνα
599 1317 754 1368 μάθωσιν
772 1321 972 1369 ἀγνοοῦντες
991 1321 1022 1356 οἱ
1043 1333 1112 1368 μα-

86 1380 187 1425 Οηταὶ
210 1379 274 1426 τὴν
297 1378 582 1431 ἐγκεκρυμμένην
607 1380 641 1416 ἐν
673 1381 760 1430 αὐτῇ
781 1377 911 1416 πίστιν.
927 1378 1019 1417 Ἀλλ’
1036 1378 1113 1417 οὐδὲ

85 1439 194 1482 οὕτως
214 1439 423 1492 ἐνάρκησεν,
444 1439 521 1477 οὐδὲ
541 1439 754 1492 ὀκνηροτέρα
775 1439 894 1490 γέγονε
915 1439 1111 1490 Θεασαμένη

85 1500 145 1538 καὶ
174 1500 252 1544 τοὺς
286 1500 445 1551 μαθητὰς
472 1499 568 1538 οὐδὲν
594 1500 699 1538 πλέον
725 1500 941 1548 ἀνύσαντας,
968 1501 1027 1539 καὶ
1053 1503 1114 1539 οὐκ

86 1556 161 1600 εἷπε
178 1562 263 1614 πρὸς
290 1561 415 1608 ἑαυτήν
432 1577 440 1584 ·
458 1563 488 1599 εἷ
516 1561 604 1613 μηδὲ
623 1555 718 1600 οὗτοι
738 1561 887 1615 ἴσχυσαν
907 1563 1114 1609 δυσωπῆσαι

86 1621 149 1668 τὴν
170 1621 257 1674 ὑπὲρ
273 1623 358 1672 ἐμοῦ
375 1620 507 1659 ἱκεσίαν
528 1621 781 1672 ποιησάμενοι,
797 1621 887 1665 τίνος
904 1621 1018 1660 ἕνεκεν
1037 1623 1113 1672 εἰκῇ

86 1682 146 1719 καὶ
183 1681 299 1732 μάτην
342 1680 587 1732 προσεδρεύω,
615 1680 707 1719 ἀλλὰ
732 1680 889 1733 καθάπερ
916 1681 984 1719 ὑπὸ
1008 1681 1116 1733 πυρὸς

87 1742 305 1794 φλεγομένη,
324 1741 383 1779 καὶ
411 1741 662 1793 ἐμπιπραμένη
688 1741 746 1779 τὸν
773 1742 938 1792 λογισμὸν
952 1771 961 1788 ,
983 1741 1043 1780 καὶ
1071 1742 1115 1780 τὰ

88 1800 276 1852 σπλάγχνα
300 1799 578 1850 διακοπτομένη,
598 1799 759 1851 πρόσεισι
790 1803 1032 1852 προσκυνοῦσα
1057 1801 1115 1838 καὶ

87 1861 238 1912 λέγουσα
250 1891 260 1908 ,
277 1861 385 1913 Κύριε
398 1892 407 1908 ,
430 1861 549 1912 βοήθει
570 1876 640 1911 μοι.
660 1861 729 1899 Καὶ
745 1862 822 1900 οὐδὲ
842 1862 950 1906 οὕτως
965 1861 1131 1900 ἐπινεύει”

88 1924 132 1974 τῇ
147 1922 304 1974 γυναικὶ,
319 1925 396 1961 ἀλλ’
415 1922 598 1975 ἀπόκρισιν
616 1928 768 1960 ποιεῖται
790 1924 852 1968 τῆς
872 1923 1043 1976 προτέρας
1059 1926 1117 1974 βα-

89 1982 247 2034 ρυτέραν.
263 1985 338 2021 Οὖκ
354 1983 445 2030 ἔστι,
465 1982 562 2035 φησὶ,
582 1983 688 2021 καλὸν
708 1984 830 2021 λαὸεῖν
846 1984 903 2022 τὸν
925 1984 1029 2036 ἄρτον
1049 1986 1117 2022 τῶν

87 2043 234 2091 τέκνων,
255 2044 314 2081 καὶ
344 2045 464 2095 βαλεῖν
492 2050 562 2087 τοῖς
585 2043 773 2096 κυναρίοις.
797 2043 1004 2093 Ἐννόησον,
1024 2047 1117 2096 ἀγα-

89 2104 202 2152 πητὲ,
224 2105 283 2142 καὶ
306 2104 483 2155 θαύμασον
510 2106 659 2143 ἐνταῦθα
687 2107 750 2150 τῆς
781 2108 896 2158 ψυχῆς
925 2108 1032 2152 αὐτῆς
1061 2106 1118 2144 τὸν

89 2164 194 2203 πόθον
213 2164 272 2203 καὶ
288 2165 351 2212 τὴν
371 2165 488 2204 πίστιν
516 2165 580 2212 τὴν
606 2165 894 2217 ὑπερὸάλλουσαν
911 2183 918 2190 ·
937 2166 990 2204 ὅτι
1009 2166 1117 2204 κυνά-

90 2240 162 2277 ριον
186 2226 367 2264 ἀκούσασα
398 2227 461 2264 οὐκ
494 2225 746 2277 ἐδυσχέρανεν,
774 2229 837 2265 οὐκ
867 2226 1118 2273 ἀπεπήδησεν,

90 2285 180 2324 ἀλλὰ
197 2285 288 2337 μετὰ
306 2287 440 2331 πολλ’ῆς
452 2286 743 2337 *Ἶεῦγνωμοσύνης
759 2287 846 2340 φησί
861 2303 867 2310 ·
880 2287 970 2336 Ναὶ,
991 2287 1119 2340 Κύριε·

88 2363 148 2385 και
159 2347 227 2399 γὰρ
238 2347 282 2386 τὰ
298 2347 446 2400 κυνάρια
461 2346 569 2386 ἐσθίει
589 2347 658 2384 ἀπὸ
674 2364 743 2386 των
762 2349 890 2401 ψιχίων
906 2365 968 2396 της
988 2349 1122 2401 τραπέ-

90 2410 150 2454 ζης
176 2410 245 2446 τῶν
276 2408 404 2461 κυρίων
435 2409 562 2446 αὐτῶν.
589 2407 778 2461 εΟμολογῶ
790 2441 802 2457 ,
827 2426 934 2463 φησι,
960 2411 1122 2462 κυνάριον

91 2473 198 2507 εἰναι·
215 2471 262 2512 ὡς
291 2469 452 2522 κυνάριον
479 2473 537 2507 οὐν
567 2486 611 2520 με
639 2469 787 2514 ἀξίωσον
812 2475 882 2510 τῶν
911 2471 1040 2524 ψιχίων
1061 2475 1123 2519 τῆς

90 2530 277 2583 τραπέζης.
300 2525 400 2574 Εἶδες
423 2530 587 2582 γυναικὸς
609 2531 726 2570 πίστιν
746 2533 805 2571 καὶ
828 2532 1120 2584 εὐγνωμοσύνην,

92 2591 314 2636 Κατεδέξατο
342 2593 381 2631 τὸ
409 2591 612 2645 εἰρημένον,
633 2593 693 2632 καὶ
718 2597 942 2648 παραχρῆμα
973 2595 1123 2649 ἐπέτυχε

92 2656 152 2691 τοῦ
187 2653 481 2705 σπουδαζομένου,
502 2653 562 2692 καὶ
591 2655 741 2708 ἐπέτυχε
770 2656 860 2707 μετὰ
887 2658 1026 2696 πολλῶν
1053 2660 1124 2696 τῶν

92 2713 287 2765 ἐγκωμίων.
324 2714 372 2753 Τί
402 2715 470 2767 γάρ
509 2731 614 2767 φησιν
650 2721 668 2755 ὁ
713 2718 884 2769 Χριστός,
912 2711 963 2756 ῪΩ
996 2717 1124 2769 γύναι,

94 2775 231 2826 μεγάλη
269 2790 330 2814 σου
369 2779 391 2822 ἡ
431 2775 570 2821 πίστις·
600 2779 782 2829 γενηθητω
826 2795 881 2818 σοι
921 2782 969 2823 ὡς
1002 2779 1123 2824 θέλεις.

91 2829 142 2874 ΎΩ
175 2835 295 2887 γύναι·
328 2840 537 2911 θαυμασμου
574 2839 614 2878 τὸ
655 2844 751 2892 ῥημα
767 2870 776 2888 ,
810 2840 952 2879 ἐπαίνου
993 2843 1123 2881 πολλου

93 2911 202 2949 γεμον
221 2897 261 2935 τὸ
282 2897 478 2949 εἰρημένον.
509 2899 702 2951 Μεγάλην,
723 2903 849 2977 φησὶν»,
871 2902 1035 2947 ἐπεδείξω
1061 2919 1124 2949 την

94 2956 232 2994 πίστιν·
253 2956 311 2995 διὰ
337 2973 439 2996 τουτο
466 2962 620 2998 τοσαυτά
644 2977 698 2999 σοι
725 2961 890 3014 ὑπάρξει,
911 2963 976 3001 ὅσα
1003 2962 1124 3006 θέλεις.

94 3016 191 3069 εὈρα
208 3019 407 3070 φιλοτιμίας
425 3019 619 3072 δαψίλειαν,
640 3037 699 3059 και
718 3022 897 3073 θαύμασον
910 3027 970 3062 τοῦ
988 3024 1123 3062 Δεσπό-

95 3092 154 3115 του
182 3078 246 3125 τὴν
277 3079 412 3132 σοφίαν.
432 3074 522 3155 ἶΑρα
549 3082 612 3119 οὐκ
641 3097 676 3119 εν
704 3083 900 3134 προοιμίοις
918 3085 1167 3141 ἐνομίζομεν,5

1207 196 1362 226 ΗυΜιι..
1403 196 1528 227 xciv.
2044 182 2126 229 521

1178 280 1410 332 respondebat
1432 281 1482 327 ei;
1501 279 1670 332 discipuli
1695 287 1827 324 autem,
1852 279 1910 328 qui
1943 279 2137 316 admodum

1179 340 1424 387 misericordes
1449 350 1482 379 et
1518 340 1664 392 benigni
1699 354 1773 378 esse
1805 338 2030 386 videbantur,
2069 352 2137 377 non

1178 401 1309 440 audent
1327 402 1510 440 manifeste
1527 401 1658 451 dicere,
1679 402 1736 440 Da
1753 400 1783 439 ei
1801 397 1895 451 quod
1918 399 2017 451 petit,
2033 399 2138 436 mise—

1180 477 1255 499 rere
1273 463 1316 508 ei,
1334 473 1407 501 esto
1426 464 1456 501 ei
1476 464 1628 501 clemens
1644 479 1650 499 :
1665 462 1723 500 scd
1737 460 2022 512 ‹pnidZ‘Dimitce
2041 475 2138 507 ιάιη,
2156 473 2233 501 [ιω.
2249 484 2271 499 ι»
2291 473 2339 502 23.

1183 528 1277 574 quia
1296 526 1441 562 clamat
1462 534 1546 576 post
1570 539 1653 573 1105,
1673 523 1774 575 quasi
1803 522 1960 560 dicerent
1979 537 1986 557 :
2012 520 2138 558 Libera

1185 598 1246 621 uos
1264 600 1284 621 a
1305 586 1477 631 molestia,
1499 586 1608 623 libera
1630 600 1692 623 nos
1708 600 1726 621 a
1746 585 1898 622 clamore
1914 597 2019 634 quem
2036 582 2138 619 cxci-—

1186 653 1245 680 tat.
1263 644 1360 690 Quid
1392 645 1502 695 igitur
1522 646 1722 683 Dominus?
1744 645 1883 682 Putatis
1911 659 1979 691 mc,
2008 642 2139 693 inquit,

1185 704 1316 755 absque
1330 719 1432 742 causa
1449 707 1611 754 tacuisse,
1624 716 1656 743 et
1673 720 1839 757 responso
1852 720 1928 743 eam
1947 719 2014 742 nou
2033 704 2140 741 fuisse

1183 765 1401 816 dignatum?
1422 766 1551 804 Audite
1576 782 1582 802 :
1604 769 1694 805 Non
1723 781 1806 804 sum
1831 773 1965 804 missus
1989 768 2061 803 nisi
2088 766 2140 803 ad
2155 765 2230 795 1s¹¹⁴!-
2245 778 2270 793 v·
2290 767 2336 801 2'1·

1184 841 1272 864 oves
1289 842 1375 878 quae
1392 829 1585 877 perierunt
1601 828 1736 864 domus
1757 827 1892 863 Israel.
1912 827 2072 872 best-itis,
2087 826 2138 862 iu-

1183 888 1273 937 quit,
1285 888 1520 939 alienigenam
1536 888 1721 926 mulierem
1739 888 1839 924 esse?
1855 888 1994 924 nescitis
2010 902 2064 924 uie
2080 902 2138 924 xo-

1183 948 1238 986 bis
1253 949 1329 1001 jam
1356 949 1562 1001 praecepisse
1588 963 1630 986 ue
1649 948 1746 986 iretis
1770 949 1805 986 iu
1837 948 1929 987 viam
1955 948 2139 997 gcutiuuil'

1184 1010 1303 1054 Quare
1313 1009 1425 1060 igitur
1438 1009 1513 1047 sine
1526 1009 1689 1049 examine
1703 1009 2043 1046 commiserationem
2059 1022 2140 1060 erga

1183 1084 1259 1108 cam
1272 1069 1669 1109 declaratis?C0nsidera
1685 1069 1921 1108 multifariam
1930 1070 1996 1107 Dei
2009 1070 2141 1121 sapien-

1184 1131 1280 1182 tiam,
1291 1131 1469 1182 quomodo
1482 1146 1563 1169 cum
1577 1131 1788 1183 respondere
1801 1129 2001 1179 videbatur,
2018 1130 2141 1167 mulie-

1151 1205 1156 1213 *
1184 1206 1258 1230 rem
1278 1193 1391 1244 magis
1411 1193 1671 1245 perstringebat
1690 1206 1799 1243 quam
1818 1191 1956 1229 silendo
1973 1207 1980 1228 ε
1996 1200 2029 1228 et
2043 1191 2141 1241 quasi

1184 1253 1322 1291 letalem
1345 1254 1487 1306 plagam
1516 1254 1635 1303 dabat,
1658 1267 1850 1305 provocare
1870 1253 2044 1305 paulatim
2065 1266 2142 1289 eam

1186 1314 1320 1364 volens,
1346 1324 1385 1352 ut
1405 1314 1581 1353 discerent
1601 1314 1804 1366 ignorantes
1826 1313 2011 1366 discipuli,
2032 1328 2142 1364 quau-

1186 1384 1220 1411 ta
1249 1375 1284 1412 in
1312 1389 1350 1413 ea
1382 1375 1505 1414 lateret
1540 1376 1641 1413 fides.
1677 1376 1747 1414 Sed
1782 1389 1894 1427 neque
1925 1375 1975 1413 sic
2009 1374 2144 1412 tardior

1186 1435 1464 1487 negligentiorve
1484 1437 1574 1474 sacta
1587 1446 1638 1475 est
1654 1437 1740 1475 visis
1753 1436 1940 1489 discipulis
1957 1436 2046 1474 nihil
2062 1451 2146 1487 pro—

1186 1496 1388 1535 ficientibus
1402 1527 1412 1547 ,
1446 1511 1558 1549 neque
1597 1497 1692 1535 dixit
1720 1498 1813 1536 iutra
1843 1497 2088 1549 semetipsam:
2107 1497 2145 1535 Si

1187 1569 1257 1594 non
1290 1566 1481 1609 potuerunt
1510 1558 1565 1596 illi
1585 1559 1783 1598 Dominum
1813 1574 1878 1611 pro
1905 1574 1960 1597 me
1988 1572 2145 1604 exorare,

1188 1630 1296 1666 quare
1305 1632 1369 1669 ego
1383 1620 1515 1657 frustra
1530 1634 1705 1671 sequerer,
1724 1630 1757 1658 et
1773 1621 1941 1658 continuo
1962 1620 2147 1658 instarem?

1187 1677 1244 1715 sed
1268 1680 1368 1729 quasi
1383 1689 1498 1718 mente
1514 1681 1559 1718 ab
1573 1681 1654 1732 igne
1673 1681 1892 1719 inflammata
1907 1690 1940 1719 et
1961 1694 2143 1723 succensa,

1189 1739 1454 1792 visceribusque
1475 1742 1671 1790 conscissis,
1701 1741 1835 1780 accedit
1857 1742 2018 1790 adorans,
2039 1751 2072 1779 et
2093 1740 2147 1778 di-

1188 1814 1287 1838 cens:
1319 1802 1486 1840 Domine
1517 1804 1663 1854 adjuva
1695 1818 1765 1841 me.
1796 1803 1860 1840 Ille
1890 1812 2009 1840 autem
2036 1816 2148 1853 neque
2165 1806 2243 1834 lbicl-
2257 1805 2344 1833 ⁸123-

1188 1859 1239 1897 sic
1254 1860 1402 1913 adjuvat
1422 1862 1622 1910 mulierem,
1648 1862 1708 1900 sed
1730 1877 1938 1916 responsum
1958 1862 2019 1901 dat
2047 1877 2148 1915 supc-

1191 1921 1283 1960 riore
1293 1923 1549 1973 graviusNon
1562 1934 1630 1972 est,
1642 1925 1772 1975 inquit,
1785 1928 1923 1963 bonum
1935 1934 1976 1963 ut
1987 1925 2148 1962 tollatur
2163 1935 2243 1964 laid.
2257 1946 2283 1961 v.
2299 1934 2347 1961 26.

1189 1987 1304 2034 panis
1321 1984 1510 2035 filiorum,
1537 1994 1572 2023 et
1597 1987 1710 2024 detur
1737 1988 1912 2024 canibus.
1941 1984 2148 2033 Considera,

1192 2043 1334 2092 dilecte,
1353 2053 1386 2083 et
1408 2045 1469 2084 hic
1483 2045 1662 2084 admirare
1680 2046 1806 2084 animae
1819 2047 1896 2098 ejus
1918 2046 2149 2095 desiderium,

1191 2114 1224 2143 et
1237 2105 1347 2143 fidem
1360 2106 1544 2145 eximiam.
1558 2109 1607 2146 Ut
1622 2107 1763 2145 audivit
1775 2123 1811 2145 sc
1824 2122 1947 2146 canem
1974 2108 2063 2158 dici,
2081 2123 2151 2147 non

1193 2167 1369 2217 gravatim
1386 2168 1482 2216 tulit,
1497 2182 1565 2206 non
1589 2169 1787 2207 retrocessit
1805 2185 1811 2205 :
1829 2168 1892 2206 sed
1904 2183 2032 2220 magno
2045 2179 2078 2207 et
2091 2170 2151 2222 pio

1191 2227 1319 2265 affectu
1333 2228 1452 2279 inquit
1469 2245 1475 2264 :
1493 2230 1640 2280 Etiam,
1657 2230 1824 2268 Domine
1841 2246 1852 2265 .·
1872 2244 1963 2267 ηαηι
1978 2239 2014 2268 et
2030 2231 2151 2269 catuli
2168 2237 2243 2266 llud.
2257 2247 2282 2263 v.
2300 2245 2348 2272 27.

1194 2289 1315 2327 edunt
1334 2290 1381 2327 de
1400 2292 1510 2328 micis
1535 2305 1676 2329 mensoe
1705 2292 1948 2329 dominorum
1974 2305 2145 2330 suorum.

1196 2350 1387 2401 Confiteor,
1427 2350 1557 2403 inquit,
1600 2353 1759 2392 catulum
1803 2366 1859 2390 me
1902 2367 1975 2390 csse
1986 2368 1996 2402 3
2041 2352 2152 2404 igitur

1195 2411 1287 2449 sicut
1306 2412 1466 2450 catulum
1484 2412 1633 2465 dignare
1651 2427 1707 2452 me
1726 2412 1828 2451 micis
1846 2427 1974 2451 mensae
1992 2428 2147 2465 pascere.

1196 2471 1332 2511 Vidisti
1360 2472 1520 2512 mulieris
1548 2473 1658 2512 fidem
1689 2483 1723 2512 et
1751 2475 1996 2526 probitatem?
2025 2474 2151 2512 Susce-

1195 2532 1249 2585 pit
1271 2533 1368 2584 quod
1386 2533 1524 2572 dictum
1537 2544 1602 2582 est,
1617 2544 1651 2572 et
1668 2534 1788 2572 statim
1803 2534 1842 2572 id
1853 2534 1897 2571 de
1911 2549 1980 2585 quo
1999 2533 2151 2571 sollicita

1161 2601 1270 2637 :erat
1303 2592 1479 2641 obtinuit,
1514 2592 1742 2643 obtinuitque
1783 2592 1922 2644 magnis
1958 2606 2039 2629 cum
2072 2592 2151 2629 lau-

1195 2653 1316 2692 dibus.
1342 2653 1443 2701 Quid
1458 2654 1565 2692 ‘enim
1597 2653 1686 2692 dicit
1710 2654 1873 2692 Christus
1886 2654 1904 2690 ἶ)
1938 2655 1970 2691 0
1997 2653 2148 2701 mulier,
2166 2662 2244 2690 Ibat.
2260 2672 2285 2689 v.
2301 2660 2349 2690 28.

1198 2729 1348 2767 magna
1376 2724 1430 2753 est
1447 2716 1554 2768 fides
1580 2725 1645 2752 lua
1666 2716 1765 2767 :fiat
1786 2717 1854 2752 tibi
1885 2717 1983 2753 sicut
2011 2717 2088 2753 vis.
2119 2716 2152 2752 0

1197 2777 1356 2826 mulier,
1382 2775 1630 2814 admirationis
1652 2776 1803 2813 verbum
1827 2784 1860 2813 et
1884 2775 2023 2813 dictum
2045 2775 2153 2814 laude

1197 2837 1356 2891 plenum.
1390 2838 1581 2888 Magnam,
1620 2835 1761 2886 inquit,
1793 2835 1981 2874 declarasti
2017 2835 2150 2884 sidem;

1196 2907 1383 2951 propterea
1406 2906 1503 2935 tanta
1537 2895 1604 2934 tibi
1627 2905 1744 2944 erunt,
1783 2905 1914 2947 quanta
1950 2896 2019 2934 vis.
2055 2896 2154 2936 Nido

1197 2958 1421 2997 liberalitatis
1443 2956 1733 3010 amplitudinem,
1758 2966 1792 2995 et
1815 2956 1992 2995 admirare
2005 2957 2152 2996 Domini

1199 3020 1419 3074 sapientiam.
1434 3021 1559 3057 Annon
1573 3019 1618 3056 ab
1632 3018 1734 3056 initio
1751 3019 1980 3071 putabamus,
1999 3033 2082 3057 cum
2104 3019 2155 3057 sic

1171 3082 1385 3142 2repelleret
1403 3095 1492 3127 cam,
1513 3078 1817 3118 commiselatione
1830 3079 1934 3117 illum
1953 3080 2090 3118 carme?
2108 3081 2153 3119 Et

97 3139 288 3189 ἀσυμπαθῆ
308 3156 387 3178 τινα
410 3141 514 3179 αὐτὸν
535 3146 635 3190 εἶναι,
655 3142 746 3180 οὕτω
764 3144 1044 3196 διακρουόμενον,
1063 3146 1122 3183 καὶ
1137 3117 1184 3185 A2
1200 3144 1359 3197 primum
1372 3142 1518 3193 quidem
1532 3155 1600 3179 non
1613 3139 1830 3193 dignabatur
1842 3154 2021 3193 responso,
2035 3149 2154 3193 postea

143 3270 157 3285 ὃ
174 3264 401 3304 Εὖγνωμοσὺνην
424 3263 480 3307 hic
503 3266 739 3309 ingenuitatem
766 3274 912 3300 verterat
937 3268 1108 3311 Inter-pres
1141 3266 1231 3310 apud
1246 3268 1540 3306 Clu-ysostomum,
1558 3263 1616 3297 sed
1630 3272 1661 3297 et
1678 3263 1732 3296 ille
1743 3265 1960 3304 varius;uam
1973 3261 2153 3306 aliquando

100 3320 205 3354 Vssfflss,
223 3324 290 3346 ¹¹0⁰
308 3313 406 3357 male3
424 3315 540 3350 melius
567 3326 677 3351 tamen
701 3317 754 3351 hic
772 3327 854 3362 puto
879 3319 975 3360 verti,
989 3321 1108 3353 bonum
1143 3318 1525 3362 siguificatprobitatem,
1541 3314 1861 3360 aliquandogratum
1871 3317 2032 3356 animum,-
2047 3316 2156 3356 saepis-

100 3373 131 3397 ει
145 3366 236 3408 pium
253 3365 425 3409 ‹aeſj'ectunn
444 3364 743 3414 Frequentissimus
756 3380 805 3405 cst
823 3372 917 3417 liujus
933 3375 1024 3409 vocis
1035 3384 1110 3406 usus
1144 3374 1225 3406 sime
1242 3382 1298 3415 per
1316 3370 1434 3402 bonum
1447 3368 1608 3413 affictum
1622 3375 1698 3412 apte
1713 3366 1875 3402 redditur.

264 3441 358 3466 Tom.
394 3443 446 3467 tv.

1919 3429 1967 3466 55
