2483 3791
383 224 403 236 ,-

353 223 439 267 138
779 236 818 266 S.

344 322 454 367 stias,
468 329 505 358 et
513 320 693 357 volucres
712 319 810 367 caeli,
823 319 982 365 etdzcrit
991 318 1064 357 illa
1079 318 1133 355 ad
1145 318 1295 364 Adam,

348 389 388 418 ut
403 382 554 419 ‘videret
569 380 664 432 quid
676 387 836 417 vocaret
855 380 941 417 illa.
953 378 1000 415 Et
1016 378 1116 428 quasi
1131 377 1299 414 dominus

347 442 512 479 omnibus
530 440 865 492 imposuitnomina,
887 447 919 476 et
950 437 1143 487 unicuique
1170 437 1297 474 bestia-

347 517 442 550 rum,
476 511 509 539 et
536 502 737 548 volucrum,
767 509 800 536 ct
830 499 1020 536 brutorum
1054 497 1150 535 omni
1178 497 1299 549 generi

347 577 452 601 suum
488 561 707 600 vocabulum
745 558 941 596 secundnm
983 554 1183 596 eoncessam
1228 557 1298 596 sibi

346 623 556 675 sapientiam
566 621 764 672 assignavit
782 636 789 657 τ
808 629 846 657 ut
857 620 946 658 seire
960 633 1157 672 possemus,
1177 632 1297 657 omnes

345 683 426 720 illas
452 692 639 731 creaturas,
669 681 751 719 licet
786 681 923 719 homini
953 681 1155 719 ministrent
1179 690 1213 719 et
1234 695 1297 719 nos

344 744 515 796 adjuvent
555 742 776 794 cooperando
802 743 1003 789 nobiscum,
1039 742 1298 780 irrationabiles

345 815 464 844 tamen
475 820 559 854 esse,
571 815 604 843 et
623 805 769 843 homine
785 805 891 857 longe
920 805 1102 842 inferiores
1113 820 1123 854 3
1138 804 1234 842 unde
1255 818 1300 843 ne

345 876 512 919 putemus
539 881 621 904 eum
640 866 684 904 de
712 866 788 903 illis
818 866 963 915 dixisse,
999 866 1211 904 Faciamus
1237 866 1300 903 illi

347 929 577 981 adjutorem.
594 929 685 966 Nam
712 927 796 964 lieet
832 926 1017 978 adjuvent,
1045 936 1079 964 et
1106 926 1142 963 in
1176 925 1299 963 multis

347 989 545 1027 ministerio
558 1003 620 1026 5110
636 988 773 1025 homini
789 988 894 1025 utiles
907 988 992 1037 sint,
1015 987 1153 1024 ratione
1181 995 1299 1024 tamen

347 1058 477 1088 carent.
495 1050 587 1087 Sane
609 1049 706 1099 quod
718 1050 845 1101 juvent
861 1063 940 1097 nos,
975 1062 1095 1085 rerum
1118 1047 1220 1084 docet
1238 1061 1301 1085 ex-

346 1109 534 1162 perientia.
557 1110 637 1148 Alia
661 1110 755 1147 enim
775 1109 881 1147 utilia
895 1117 977 1146 sunt
1008 1108 1055 1145 ad
1070 1107 1300 1146 convehenda

346 1170 555 1218 necessaria,
569 1171 640 1208 alia
670 1170 716 1208 ad
743 1169 928 1208 colendam
956 1178 1096 1206 terram.
1128 1167 1300 1216 Quando-

345 1230 492 1282 quidem
512 1231 577 1269 bos
592 1240 750 1269 aratrum
763 1231 886 1280 trahit,
904 1230 1019 1268 sulcos
1032 1238 1137 1279 secat,
1153 1239 1187 1267 et
1201 1229 1301 1268 varia

347 1291 576 1342 agriculturae
595 1306 700 1344 opera
719 1301 874 1340 exercet3
884 1291 1006 1329 asinus
1017 1290 1061 1327 ad
1072 1289 1301 1328 convehenda

347 1351 541 1389 necessaria
555 1351 752 1389 admodum
772 1351 872 1389 utilis
889 1359 954 1400 est,
970 1359 1004 1387 et
1030 1349 1196 1402 pleraque
1220 1349 1300 1387 ani—

346 1412 455 1449 malia
475 1412 545 1450 alia
566 1412 724 1464 corporis
742 1412 852 1450 nostri
869 1411 949 1449 usui
965 1410 1138 1448 serviunt.
1158 1409 1300 1448 Etenim

346 1487 430 1511 oves
450 1474 569 1511 lanam
582 1473 627 1511 ad
637 1473 812 1526 parandas
825 1482 940 1511 vestes
953 1472 1125 1524 praebent,
1141 1480 1174 1509 et
1185 1485 1299 1523 caprae

348 1548 392 1572 ex
412 1535 485 1580 suis
499 1535 585 1586 pilis
600 1534 741 1586 aliquid
758 1543 877 1572 nostro
902 1532 1098 1571 ministerio
1128 1533 1297 1583 afferunt,

346 1594 508 1646 laeteque
529 1606 561 1633 et
588 1596 659 1633 alio
680 1610 822 1647 quoque
854 1595 962 1633 modo
988 1608 1103 1632 escam
1124 1594 1295 1646 praehent.

349 1656 503 1694 Proinde
516 1671 558 1694 ne
578 1657 774 1706 existimes,
790 1656 828 1694 id
848 1655 943 1706 quod
957 1669 1065 1706 supra
1083 1654 1186 1703 dicit,
1220 1657 1300 1693 Fa-

348 1721 496 1756 ciamus
520 1719 581 1755 illi
601 1719 833 1770 adjutorem,
861 1717 905 1755 de
924 1717 997 1754 illis
1028 1716 1192 1754 dietum:
1221 1715 1300 1753 ideo

349 1792 445 1816 nunc
464 1792 662 1816 sermonem
693 1778 880 1830 incipiens,
907 1777 1040 1828 inquit,
1074 1777 1178 1815 Adoe
1204 1791 1300 1814 vero

351 1853 430 1876 non
467 1842 646 1877 inventus
671 1848 729 1877 est
756 1840 914 1891 adjutor
937 1838 1077 1876 similis
1099 1840 1134 1875 ei
1155 1853 1165 1874 :
1200 1837 1303 1888 quasi

350 1900 491 1938 doceret
504 1915 566 1938 nos
578 1900 703 1938 beatus
717 1901 848 1949 Moses,
867 1909 900 1937 et
918 1899 995 1937 haec
1007 1898 1142 1937 (liceret
1170 1898 1300 1937 verba:

350 1960 434 1998 Haec
451 1960 567 1997 omnia
582 1960 730 2012 quidem
750 1959 925 2012 producta
942 1969 1036 2009 sunt,
1053 1969 1086 1997 et
1111 1959 1157 1998 ab
1185 1959 1303 1997 Adam

349 2035 410 2059 sua
437 2031 647 2074 accepemnt
674 2022 835 2071 nomina,
868 2021 1008 2060 nullum
1037 2030 1155 2059 tamen
1176 2035 1220 2060 ex
1259 2020 1302 2058 iis

352 2083 520 2120 omnibus
555 2083 706 2133 dignum
733 2082 800 2120 suit
844 2083 905 2121 im
908 2091 1028 2120 entum
1072 2082 1170 2133 quod
1198 2082 1302 2120 illum

351 2143 549 2194 adjuvaret.
572 2143 659 2181 Ideo
678 2144 801 2181 volens
829 2157 895 2180 nos
925 2143 1051 2181 docere
1082 2143 1302 2195 producendi

351 2205 797 2257 anintalisbsormationem,
819 2214 853 2242 et
883 2204 1041 2242 indicare
1077 2205 1209 2242 animal
1238 2205 1306 2243 1100

352 2264 624 2317 producendum
644 2266 735 2303 istuc
764 2266 882 2317 ipsum
898 2280 971 2303 esse
986 2265 1031 2303 de
1055 2280 1126 2315 quo
1151 2265 1304 2315 dicebat,

355 2328 569 2364 Faciamus
606 2327 666 2364 illi
693 2328 911 2379 adjutorem
944 2327 1156 2365 secundum
1177 2328 1304 2375 illum,

354 2385 508 2423 similem
530 2386 582 2423 illi
595 2385 722 2437 inquit,
744 2386 813 2423 hoc
835 2395 899 2434 est,
911 2386 1071 2437 ejusdem
1085 2386 1303 2435 substantiae,

354 2447 432 2499 ipso
455 2447 618 2497 dignum,
639 2447 717 2499 ipso
741 2447 832 2484 nihil
854 2446 1078 2484 inferiorem:
1098 2456 1130 2484 et
1148 2447 1241 2485 hanc
1259 2447 1305 2485 ob

353 2521 427 2545 rem
449 2507 602 2554 dicebat,
624 2508 728 2545 Adae
747 2521 841 2545 ‘vero
863 2521 938 2545 non
951 2509 1221 2545 inveniebatur
1236 2508 1305 2545 ad-

352 2571 462 2620 jutor
484 2569 622 2606 similis
636 2569 720 2605 illi:
743 2577 943 2606 monstrans
962 2567 1065 2605 nobis
1084 2567 1209 2605 beatus
1227 2567 1303 2619 ille,

358 2639 692 2680 quantumcumque
708 2629 812 2667 nobis
845 2628 1085 2666 ministerium
1115 2628 1307 2666 exhibeant

357 2691 430 2728 haec
448 2687 569 2734 bruta,
599 2690 701 2728 aliud
718 2699 834 2728 tamen
861 2690 1046 2741 quoddam
1086 2689 1306 2742 adjutorium

357 2765 431 2788 esse
446 2752 570 2789 multis
582 2751 737 2789 numeris
751 2751 997 2802 excellentius,
1016 2750 1113 2802 quod
1129 2750 1308 2788 amuliere

358 2811 441 2849 Adae
459 2821 662 2864 praestatur.

415 3177 450 3210 ἃ.
470 3174 591 3223 ltaque
605 3173 686 3224 quia
709 3175 875 3212 omnibus
896 3174 1111 3213 animalibus
1129 3175 1205 3226 jam
1226 3189 1309 3227 pro-

361 3234 493 3283 «luetis,
512 3243 544 3271 et
559 3249 662 3271 51111111
675 3249 798 3273 nomen
822 3250 840 3273 a
862 3235 979 3287 primo
999 3235 1144 3274 homine
1160 3236 1308 3287 sortitis,

362 3295 537 3346 benignus
565 3295 741 3332 Dominus
772 3295 926 3334 similem
961 3297 1016 3334 illi
1045 3296 1243 3349 adjutorem
1272 3307 1310 3335 ut

855 235 1042 266 JOANNIS
1078 235 1325 266 CHRYSOST-
1363 235 1572 265 ARCHIEP.
1615 236 1977 267 CONSTANTINOP-

1377 316 1474 368 ρίων,
1505 318 1564 356 καὶ
1594 319 1662 355 τῶν
1696 320 1864 370 ἑρπετων,
1891 319 2040 357 καὶτῶν
2074 320 2209 370 ἀλόγων
2237 320 2396 360 ἁπάντων

1372 379 1624 430 δημιουργίαν·
1647 379 1732 431 φησὶ
1747 379 1813 431 γὰρ
1821 409 1831 427 ,
1851 381 1922 418 Καὶ
1943 380 2094 418 ἔπλασεν
2116 384 2133 418 ὃ
2151 381 2240 424 Θεὸς
2267 381 2344 419 θέτι
2360 384 2399 421 ἐκ

1370 441 1433 485 τῆς
1452 442 1514 491 γῆς
1529 440 1646 478 πάντα
1658 440 1703 478 τὰ
1722 440 1850 493 θηρία,
1864 441 1925 479 καὶ
1947 441 1992 479 τὰ
2006 441 2148 479 πετεινὰ
2163 446 2224 479 τοῦ
2238 443 2398 495 οὗρανου,

1371 500 1431 538 καὶ
1462 501 1592 553 ἤγαγεν
1619 501 1708 539 αὐτὰ
1729 502 1815 554 πρὸς
1841 503 1900 541 τὸν
1919 501 2050 552 Ἀδὰμ,
2074 503 2156 540 ἰδεῖν
2188 501 2223 540 τί
2255 503 2397 549 καλέσει

1370 561 1469 600 αὐτά.
1490 561 1560 600 Καὶ
1579 563 1738 614 καθάπερ
1757 562 1928 609 δεσπότης
1960 569 2066 601 πᾶσιν
2087 563 2237 609 ἐπέθηκε
2255 562 2299 601 τὰ
2318 563 2394 602 ὀνό-

1373 638 1488 672 ματα,
1504 622 1563 661 καὶ
1582 622 1645 669 τὴν
1666 623 1794 662 οἰκείαν
1814 624 2049 677 προσηγορίαν
2071 624 2208 677 ἑκάστῳ
2225 624 2397 675 γένειτῶν

1373 683 1515 737 θηρίων,
1530 684 1594 722 καὶ
1613 687 1681 722 τῶν
1711 686 1891 732 πετεινῶν,
1910 684 1969 722 καὶ
1996 683 2137 722 πάντων
2168 688 2238 723 τῶν
2263 685 2398 736 ἀλόγων

1373 744 1464 783 κατὰ
1481 744 1544 792 τὴν
1566 749 1849 797 παρασχεθεῖσαν
1869 747 1963 796 αὐτῷ
1984 744 2107 797 σοφίαν
2124 744 2326 796 ἀπένειμεν·
2343 746 2399 784 ἵνα

1373 804 1499 843 εἰδέναι
1518 806 1654 858 ἔχωμεν
1669 805 1802 854 λοιπὸν,
1825 805 1878 843 ὅτι
1900 807 2015 843 ἐκεῖνα
2034 805 2096 856 μὲν
2118 806 2256 844 ἅπαντα
2275 807 2319 845 τὰ
2337 823 2399 859 γε-

1372 867 1560 918 γενημένα,
1581 869 1610 904 εἰ
1635 867 1695 904 καὶ
1714 867 1908 918 ὑπηρεσίαν
1928 866 2006 905 τινὰ
2025 869 2153 918 πληροῖ
2172 868 2232 906 καὶ
2253 868 2398 919 συνεφά-

1373 943 1499 965 πτεται
1517 931 1587 982 τῶν
1608 927 1775 978 καμάτων
1806 930 1901 979 αὐτῷ
1915 957 1924 975 ,
1944 928 2021 965 ἀλλ’
2043 926 2138 977 ὅμως
2170 928 2280 980 ἄλογά
2307 931 2400 976 ἐστι,

1374 989 1435 1026 καὶ
1450 990 1569 1040 πολλῷ
1585 991 1634 1040 τῷ
1668 988 1784 1040 μέτρῳ
1804 988 1997 1039 λειπόμενα
2015 991 2074 1025 τοῦ
2109 987 2308 1039 ἀνθρώπου·
2340 988 2400 1027 καὶ

1373 1047 1431 1086 ἵνα
1460 1048 1508 1098 μὴ
1530 1049 1724 1099 νομίζωμεν
1745 1049 1798 1086 ὅτι
1820 1049 1900 1101 περὶ
1920 1048 2050 1086 τούτων
2072 1041 2166 1096 εἷπε,
2187 1048 2399 1100 Ποιήσωμεν

1375 1110 1470 1160 αὐτῷ
1510 1109 1644 1159 βοηθόν.
1663 1111 1707 1147 Εἰ
1738 1108 1805 1162 γὰρ
1831 1110 1889 1146 καὶ
1918 1112 2056 1160 βοηθεῖ,
2077 1108 2138 1145 καὶ
2172 1109 2258 1159 πρὸς
2287 1109 2401 1148 πολλὰ

1374 1169 1536 1221 χρήσιμα
1554 1169 1747 1216 καθέστηκε
1766 1173 1808 1220 τῇ
1828 1173 1887 1207 τοῦ
1910 1168 2092 1222 ἀνθρώπου
2111 1169 2303 1223 ὑπηρεσίᾳ,
2323 1171 2400 1209 ἀλλ’

1374 1230 1469 1280 ὅμως
1490 1231 1602 1282 ἅλογά
1621 1233 1726 1269 ἔστιν.
1747 1230 1833 1269 οὈτι
1864 1230 1925 1281 μὲν
1956 1230 2024 1283 γὰρ
2063 1233 2199 1281 βοηθεῖ,
2230 1230 2400 1269 δείκνυσιν

1376 1290 1463 1338 αὐτὴ
1479 1294 1501 1337 ἢ
1522 1297 1626 1345 πεῖρα
1646 1295 1714 1330 τῶν
1733 1291 1963 1345 πραγμάτων.
1986 1291 2057 1330 Καὶ
2075 1290 2143 1344 γὰρ
2165 1290 2210 1328 τὰ
2234 1291 2297 1341 μὲν
2315 1291 2402 1343 πρὸς

1373 1352 1438 1399 τὴν
1454 1356 1522 1391 τῶν
1540 1353 1728 1404 ἀγωγίμων
1745 1352 1982 1403 μετακομιδὴν
1997 1355 2080 1401 ἡμῖν
2097 1355 2188 1390 ἐστιν
2206 1352 2400 1400 ἐπιτήδεια,

1374 1414 1420 1452 τὰ
1439 1415 1474 1452 δὲ
1496 1413 1580 1466 πρὸς
1599 1413 1661 1460 τὴν
1680 1416 1742 1459 τῆς
1759 1416 1822 1464 γῆς
1844 1413 2020 1465 ἐργασίαν.
2042 1415 2128 1455 Βοῦς
2150 1412 2212 1463 μὲν
2229 1412 2297 1464 γὰρ
2317 1413 2401 1465 ἄρο-

1338 1493 1349 1505 ‘
1375 1490 1455 1527 τΡΟν
1468 1475 1561 1512 ἕλκει
1572 1504 1582 1522 ³
1597 1475 1656 1512 καὶ
1672 1474 1824 1518 αὔλακας
1841 1474 2025 1524 ἀνατέμνει
2036 1503 2044 1520 ,
2057 1473 2116 1511 καὶ
2130 1472 2262 1519 πολλὴν
2279 1473 2399 1526 ἑτέραν

1375 1535 1496 1588 χρείαν
1517 1535 1604 1588 πρὸς
1622 1535 1686 1582 τὴν
1703 1535 1874 1587 γεωργίαν
1896 1539 1982 1585 ἡμῖν
2003 1534 2174 1587 εἰσφέρει·
2194 1534 2269 1577 ὄνος
2284 1533 2319 1571 δὲ
2333 1534 2401 1573 πά-

1374 1597 1429 1634 λιν
1456 1596 1542 1649 πρὸς
1571 1596 1634 1643 τὴν
1667 1600 1736 1634 τῶν
1770 1596 1959 1648 ἀγωγίμων
1993 1595 2236 1645 μετακομιδὴν
2266 1594 2398 1642 πολλὴν

1374 1657 1522 1710 παρέχει
1541 1657 1603 1704 τὴν
1619 1656 1754 1709 χρείαν,
1775 1657 1833 1695 καὶ
1860 1657 1961 1710 ἕτερα
1981 1655 2016 1694 δὲ
2044 1656 2158 1694 πολλὰ
2176 1659 2244 1693 τῶν
2266 1655 2398 1707 ἀλόγων

1372 1721 1489 1769 ἡμῖν
1477 1723 1700 1770 υπηρετεῖται
1721 1734 1807 1770 προς
1827 1717 1889 1760 τὰς
1907 1723 1966 1756 τοῦ
1985 1716 2158 1767 σώματος
2173 1716 2307 1770 χρείας.
2328 1717 2399 1755 Καὶ

1374 1778 1442 1850 γὰρ
1457 1796 1501 1817 τα
1513 1778 1726 1830 πρόξατατε)
1714 1795 1747 1825 ,ν
1765 1782 1804 1817 ἐκ
1817 1795 1875 1817 του
1897 1778 1988 1830 ερίου
2007 1781 2092 1828 ἡμῖν
2113 1778 2233 1829 χρείαν
2253 1778 2400 1839 παρέχει

1373 1838 1459 1891 πρὸς
1490 1839 1554 1885 τὴν
1573 1841 1642 1876 τῶν
1663 1838 1863 1889 ἐνδυμάτων
1896 1837 2132 1885 κατασκευὴν,
2154 1853 2213 1874 και
2242 1840 2278 1875 αἱ
2305 1841 2400 1889 αἶγες

1375 1901 1518 1939 πάλιν(
1500 1901 1667 1944 ωσαύτως
1683 1917 1744 1938 και
1771 1916 1833 1947 την
1855 1917 1924 1939 απο
1946 1903 2014 1938 τῶν
2046 1902 2177 1951 τριχῶν
2209 1902 2295 1950 ἡμῖν
2323 1900 2400 1937 λει-

1373 1961 1534 2015 τουργίαν
1555 1961 1770 2013 εἰσφέρουσι,
1791 1977 1849 1998 και
1863 1961 1926 2007 τὴν
1948 1961 2017 1999 ἀπὸ
2043 1963 2102 1998 τοῦ
2125 1959 2320 2010 γάλακτος,
2340 1960 2401 1997 καὶ

1376 2022 1478 2075 ἕτερα
1493 2023 1578 2075 πρὸς
1596 2038 1726 2075 τροφην
1749 2025 1834 2070 ἡμῖν
1855 2025 1935 2060 Ξπιτ
1938 2022 2048 2067 ·,δεια.
2069 2020 2134 2058 ‘'’Iv
2154 2024 2211 2058 οὐν
2241 2019 2290 2070 μὴ
2321 2020 2402 2072 περὶ

1376 2084 1505 2121 τούτων
1537 2088 1623 2121 εῖναι
1656 2083 1803 2134 νομίσης
1835 2083 1875 2121 τὸ
1915 2082 2078 2133 ἀνωτέρω
2114 2080 2319 2133 εἰρημενον,
2349 2080 2404 2119 ὅτι

1376 2145 1588 2194 Ποιήσωμεν
1617 2146 1710 2196 αὖτῳ
1741 2144 1880 2194 βοη,θὸν
1905 2143 1962 2181 διὰ
1995 2147 2096 2181 τοῦτο
2122 2145 2181 2179 νῦν
2209 2142 2404 2194 ἀρχόμενος

1377 2209 1437 2243 τοῦ
1467 2204 1593 2256 λόγου,
1615 2220 1721 2257 φησι,
1743 2206 1804 2242 To
1833 2204 1868 2242 δὲ
1902 2203 2011 2254 Αοὰμ
2041 2206 2107 2255 οὐχ
2131 2207 2207 2255 εὗρε
2200 2203 2251 2250 θη
2283 2204 2404 2254 βοηθὸς

1379 2281 1495 2316 ομοιος
1515 2267 1627 2317 αὐτῷ·
1661 2280 1846 2316 μονονουγι
1878 2264 2050 2302 διδάσκων
2076 2268 2169 2314 ἧμας
2190 2268 2207 2303 ὃ
2234 2265 2405 2316 μακάριος

1378 2329 1552 2374 Μωῦσῆς,
1565 2342 1624 2364 και
1642 2331 1753 2364 ταῦτα
1766 2326 1876 2376 λέγων
1897 2325 1940 2363 τὰ
1961 2342 2121 2377 ρηματα,
2142 2325 2194 2363 ὅτι
2213 2329 2323 2363 ταῦτα
2341 2325 2404 2376 μὲν

1379 2388 1517 2426 ἅπαντα
1533 2387 1699 2440 παρήχθη
1712 2418 1721 2435 ,
1736 2387 1795 2424 καὶ
1814 2387 1875 2430 τὰς
1894 2390 1962 2424 τῶν
1977 2387 2156 2436 ὀνομάτων
2169 2385 2405 2438 προσηγορίας

1379 2447 1485 2486 ἔλαὸε
1504 2447 1602 2499 παρὰ
1615 2452 1675 2485 τοῦ
1687 2447 1816 2497 Ἀδὰμ,
1838 2449 1914 2485 ἀλλ’
1936 2446 2031 2497 ὅμως
2050 2446 2148 2485 οὐδὲν
2169 2447 2262 2490 ἄξιον
2274 2446 2403 2485 τούτων

1381 2511 1485 2546 αὐτοῦ
1508 2509 1594 2560 πρὸς
1620 2509 1781 2559 βοήθειαν
1797 2507 1940 2561 ηὑρέθη.
1967 2508 2032 2546 Διὸ
2053 2507 2216 2558 βούλεται
2242 2510 2336 2557 ἡμᾶς
2355 2507 2405 2545 δι-

1380 2569 1479 2613 δάξαι
1497 2573 1556 2607 τοῦ
1573 2569 1758 2619 μέλλοντος
1777 2568 1865 2613 ζώου
1885 2568 2107 2619 παράγεσθαι
2126 2567 2189 2614 τὴν
2206 2567 2405 2615 διάπλασιν,

1380 2630 1441 2670 καὶ
1465 2630 1519 2669 ὅτι
1538 2635 1639 2669 τοῦτο
1662 2630 1700 2668 τὸ
1731 2629 1856 2681 μέλλον
1887 2631 2173 2680 δημιουργεῖσθαι
2200 2630 2286 2671 ζῶον
2305 2628 2406 2667 τοῦτό

1379 2694 1454 2730 ἐστι
1483 2692 1563 2743 περὶ
1597 2686 1634 2730 οῧ
1667 2692 1787 2742 ἔλεγε,
1813 2690 2027 2739 Ποιήσωμεν
2052 2691 2146 2741 αὐτῷ
2173 2689 2296 2739 βοηθὸν
2324 2691 2402 2726 κατ’

1383 2753 1500 2800 αὐτὸν,
1521 2752 1637 2803 ὅμοιον
1661 2754 1754 2805 αὗτῷ
1786 2767 1888 2804 φησι,
1914 2753 1977 2796 τ’ἧς
2008 2751 2115 2796 αὐτῆς
2143 2751 2236 2801 αὐτῷ
2266 2749 2404 2798 οὐσίας,

1385 2814 1476 2858 ἄξιον
1491 2816 1595 2852 αὐτοῦ
1604 2813 1734 2864 ,μηδὲν
1748 2814 1851 2851 αὖ-ού
1869 2811 2097 2861 λειπόμενον·
2112 2810 2170 2848 δια
2183 2814 2284 2849 τοῦτο
2292 2811 2404 2860 ἔλεγε,

1385 2877 1448 2927 Τῷ
1469 2876 1503 2912 δε
1525 2875 1635 2925 Αοὰμ
1650 2877 1716 2926 οὐχ
1730 2873 1849 2925 εὑρέθη
1869 2873 2017 2924 βοηθός
2006 2871 2121 2922 όαοιος
2146 2872 2258 2923 αὐτῷ·
2275 2871 2408 2916 δειχνυς

1385 2939 1469 2987 ’ἡμῖν
1485 2939 1502 2973 ὃ
1521 2936 1690 2987 μακάριος
1706 2939 1824 2977 οὗτος
1846 2933 1899 2972 ὅτι
1917 2932 2000 2979 ἑσην
2014 2932 2054 2969 ἂν
2071 2947 2273 2984 παρεχηται
2285 2931 2407 2984 χρείαν

1386 3001 1470 3047 ἡμῖν
1489 2997 1574 3048 πρὸς
1594 2994 1786 3048 ὑπηρεσίαν
1806 3010 1905 3031 ταυτι
1928 2993 1971 3031 τὰ
1994 2994 2120 3043 ἄλογα,
2138 2992 2239 3045 ἑτέρα
2258 2991 2310 3034 τίς
2333 2995 2408 3031 ἐστι

1388 3058 1529 3107 βοήθεια
1552 3056 1611 3094 καὶ
1643 3057 1762 3107 πολλῷ
1790 3057 1839 3107 τῷ
1869 3053 1985 3106 μέτρῳ
2017 3052 2332 3104 ὑπερακοντίζουσα
2357 3053 2407 3103 τῷ

1388 3117 1497 3168 Ἀδὰμ
1516 3115 1742 3171 παρεχομένη
1761 3114 1857 3166 παρὰ
1877 3118 1939 3160 τῆς
1957 3113 2129 3166 γυναικός.

1440 3177 1541 3216 Ἐπεὶ
1561 3172 1616 3216 οὖν
1632 3176 1770 3214 πάντων
1784 3175 2036 3227 παραχθέντων
2055 3176 2124 3211 τῶν
2144 3171 2253 3220 ζώων,
2269 3172 2328 3210 καὶ
2346 3171 2408 3215 τὰς

1387 3238 1620 3292 προσηγορίας
1656 3236 1850 3287 δεξαμένων
1889 3234 1987 3287 παρὰ
2018 3238 2078 3272 τοῦ
2112 3233 2406 3285 πρωτοπλάστου,

1387 3299 1546 3345 ἐπεζήτει
1565 3299 1622 3336 τὸν
1645 3297 1762 3348 ὅμοιον
1781 3299 1875 3348 αὐτῷ
1903 3295 2025 3346 βοηθὸν
2044 3297 2062 3333 ὁ
2082 3293 2320 3346 φιλάνθρωπος
2340 3294 2406 3331 Δε-

403 3426 415 3440 a
435 3417 474 3448 ln
492 3418 599 3459 Regiis
613 3416 736 3459 aliquot
754 3425 784 3448 vt
803 3417 935 3450 Coislin.
955 3424 995 3452 ἔτι
1013 3417 1116 3451 deest.
1133 3419 1198 3452 Sed
1215 3419 1318 3453 Suvil.
1337 3427 1368 3453 et
1384 3419 1498 3453 Mei-el.
1517 3418 1657 3459 habent,
1674 3427 1706 3451 ct
1724 3419 1891 3461 interpres
1908 3415 1994 3459 legit.
