2483 3791
707 269 748 298 ΙΝ
785 270 884 299 cat).
924 269 969 298 ll.

100 354 159 393 καὶ
182 355 337 391 πλουτῶν
363 351 574 403 ἁγαῡότητι,
594 352 688 403 πάσῃ
713 354 798 403 τιμῇ
820 351 1020 403 περιὸαλεῖν
1043 350 1123 401 βού-

100 416 198 452 λεται
218 414 258 452 τὸ
278 415 362 457 ζῶον
382 417 482 452 τοῦτο
502 413 541 451 τὸ
559 413 710 464 λογικὸν,
731 413 791 450 καὶ
815 412 903 464 μετὰ
928 415 990 458 τῆς
1021 413 1125 460 τιμῆς

99 474 159 512 καὶ
179 474 337 512 εὐκολίαν
361 476 452 526 αὐτῷ
477 475 652 525 διαγωγῆς
672 473 898 526 χαρίσασθαι.
924 466 1013 511 Hine
1035 470 1124 523 γὰρ,
1148 481 1172 511 Β

98 535 205 587 φησὶ,
232 534 357 585 Κύριος
382 538 400 573 ὁ
415 534 525 578 Θεὸς,
547 536 585 572 οὗ
610 535 714 573 καλὸν
741 528 829 572 εἶναι
857 534 916 572 τὸν
940 534 1122 586 ἄνθρωπον

99 594 214 645 μόνον.
247 595 459 646 Ποιήσωμεν
490 597 584 647 αὐτῷ
623 594 746 646 βοηθὸν
780 593 859 632 κατ’
889 593 1004 632 αὐτόν.
1034 591 1123 630 Ἰδοὺ

97 656 204 694 πάλιν
225 657 284 694 καὶ
304 657 451 694 ἐνταῦθα
478 657 537 704 τὸ,
555 656 779 706 Ποιήσωμεν.
804 654 972 706 Καθάπερ
999 653 1067 704 γὰρ
1089 652 1124 697 ἐξ

98 719 213 769 ἀρχῆς
242 716 358 768 ἔλεγεν
397 717 455 755 ἐπὶ
486 720 548 763 τῆς
580 721 639 754 τοῦ
667 715 850 769 ἀνθρώπου
881 715 1122 760 διαπλάσεως,

101 778 312 828 Ποιήσωμεν
326 779 505 829 ἄνθρωπον
526 779 603 815 κατ’
624 776 737 815 εἰκόνα
751 775 940 827 ἡμετέραν,
963 775 1021 812 καὶ
1043 777 1121 812 καθ’

98 838 264 887 ὁμοίωσιν
278 854 285 862 ·
298 838 387 876 οὕτω
401 838 459 876 καὶ
476 841 534 875 νῦν
552 838 688 888 μέλλων
705 836 768 883 τὴν
788 842 936 887 γυναῖκα
952 835 1123 873 διαπλάτ-

99 914 168 936 τειν
190 901 240 951 τῷ
260 901 352 950 αὐτῷ
384 899 554 951 κέχρηται
578 898 730 950 ῥήματι,
751 896 811 935 καί
831 912 933 948 φησι,
959 895 1123 942 Ποιήσω-

99 975 174 1009 μεν.
198 960 292 1012 Πρὸς
319 959 396 997 τίνα
430 958 651 1010 διαλέγεταις
680 960 734 996 Οὐ
754 958 840 1010 πρὸς
870 957 1014 1004 κτιστήν
1042 973 1121 994 τινα

99 1020 256 1070 δύναμιν,
272 1019 361 1058 ἀλλὰ
380 1020 465 1073 πρὸς
480 1020 537 1057 τὸν
556 1019 590 1064 ἐξ
607 1021 710 1058 αὐτοῦ
728 1017 955 1070 γεννηθέντα,
966 1017 1024 1056 τὸν
1040 1021 1121 1056 Οαυ-

1009 266 1169 297 Gumis.

2094 254 2148 266 ΡΠ

1210 265 1365 294 llOMlL.
1407 263 1500 294 xlv.
2068 271 2076 295 1
2109 275 2149 295 »ι

1198 346 1342 385 honeste
1397 348 1455 384 scd
1493 354 1526 384 ct
1561 346 1746 384 commode
1779 347 1889 385 vivat.
1922 349 2011 385 Nam
2041 350 2152 386 Din‘t

1198 409 1390 447 Dominus
1417 409 1554 447 Deus.-
1587 408 1678 446 Non
1703 416 1759 445 est
1787 410 1928 445 bonum
1959 409 2153 447 hominem

1196 483 1278 508 esse
1294 470 1432 509 solum.
1458 471 1667 508 Faciamus
1689 469 1751 507 illi
1771 470 1990 522 adjutorem
2010 484 2147 508 secun-

1196 532 1288 568 dum
1315 531 1442 569 illum.
1471 529 1564 569 Ecce
1585 530 1714 568 iterum
1739 530 1846 568 etiam
1870 529 1928 568 bic
1949 530 2050 579 dicit,
2072 533 2151 569 Fa-

1195 593 1357 629 ciamus.
1374 591 1475 630 Sicut
1495 591 1591 629 enim
1611 591 1645 629 in
1663 591 1838 644 principio
1857 591 1901 630 de
1922 591 2066 630 homine
2082 593 2151 630 sor-

1197 651 1328 689 mando
1361 651 1528 700 dicebat,
1548 654 1761 690 Faciamus
1791 654 1984 691 hominem
2009 667 2148 691 secun-

1195 713 1287 749 dum
1309 715 1517 763 imaginem
1538 721 1710 750 nostram
1727 721 1764 750 et
1781 715 1992 752 secundnm
2011 714 2148 753 simili-

1197 773 1369 809 tudinem
1387 788 1397 808 :
1433 773 1478 811 ita
1509 781 1543 809 et
1572 786 1667 811 nunc
1696 773 1882 812 mulierem
1915 775 2146 824 formaturus,

1194 831 1319 869 eodem
1341 832 1453 870 verbo
1473 833 1601 882 utitur,
1624 842 1656 871 et
1677 832 1816 883 inquit:
1835 837 2058 873 Faciamus.
2079 835 2146 873 Cui
2166 857 2351 894 Voxsacia-

1194 892 1262 930 boc
1286 892 1402 930 dicit?
1424 894 1502 931 Non
1531 903 1655 932 creatae
1682 894 1790 931 alicui
1819 895 1998 946 potentiae,
2024 897 2084 934 sed
2115 897 2145 935 ei
2163 910 2228 927 ’πω

1195 953 1256 1004 qui
1284 967 1330 991 ex
1352 963 1508 992 senatus
1530 963 1595 1005 est,
1622 954 1825 993 consiliario
1848 955 2066 1006 admirabili,
2084 972 2144 1010 po-

1194 1014 1295 1064 tenti,
1318 1015 1473 1067 principi
1494 1016 1603 1068 pacis,
1629 1017 1811 1069 unigenito
1832 1017 1924 1055 Filio
1943 1031 2018 1055 suo.
2040 1019 2087 1056 Et
2110 1029 2146 1057 ut

100 1082 231 1131 μαστὸν
249 1082 454 1132 σύμὲἶουλον,
470 1081 528 1118 τὸν
545 1079 784 1128 ἐξουσιαστὴν,
804 1080 862 1118 τὸν
885 1079 1038 1132 ἄρχοντα
1058 1081 1121 1124 τ’ἤς
1134 1107 1181 1132 11²
1193 1076 1299 1114 sciret
1326 1077 1454 1124 Adam,
1481 1077 1613 1116 animal
1640 1079 1869 1117 formandum
1897 1080 2043 1130 :equalis
2064 1095 2145 1119 cum

100 1142 255 1194 εἰρήνης,
272 1143 329 1181 τὸν
355 1145 522 1194 μονογενῆ
543 1144 647 1180 αὐτοῦ
669 1143 801 1180 Παῖδα.
823 1141 892 1180 Καὶ
910 1140 967 1179 ἵνα
997 1138 1126 1192 μάΟῃξὸ
1146 1145 1173 1174 Λ
1195 1138 1271 1189 ipso
1299 1137 1485 1189 dignitatis
1508 1139 1594 1188 fore,
1620 1138 1753 1178 idcirco
1779 1140 2080 1191 quemadmodum
2103 1142 2149 1180 dc

100 1202 227 1253 Ἀδὰμ,
247 1203 303 1242 ὅτι
324 1203 491 1254 ὁμότιμον
521 1205 613 1254 αὐτῷ
640 1203 679 1241 τὸ
707 1205 792 1247 ζῶον
827 1202 947 1254 μέλλει
973 1195 1061 1239 εἶναι
1084 1201 1124 1239 τὸ

100 1265 410 1315 διαπλαττόμενον,
426 1264 483 1302 διὰ
502 1269 602 1302 τοῦτο
625 1264 783 1316 καθάπερ
797 1263 855 1302 ἐπ’
876 1266 979 1302 αὐτοῦ
1002 1262 1098 1314 ἔλεγε
1110 1291 1120 1308 ,

103 1325 326 1377 Ποιήσωμεν,
350 1326 439 1364 οὕτω
465 1326 524 1363 καὶ
551 1330 609 1364 νῦν
638 1341 742 1377 φησι,
772 1326 985 1377 Ποιήσωμεν
1027 1327 1122 1376 αὐτῷ

103 1387 227 1436 βοηθὸν
246 1390 322 1424 κατ’
345 1387 458 1427 αὐτόν.
480 1386 674 1438 Ἀμφότερα
689 1386 823 1433 πολλὴν
840 1387 914 1439 ἔχει
931 1386 994 1433 τὴν
1016 1386 1121 1424 δύνα-

100 1463 172 1497 μιν,
187 1448 246 1486 καὶ
260 1447 318 1495 τὸ,
333 1450 476 1495 ΒοηΟὸν,
493 1448 552 1486 καὶ
566 1448 618 1495 τὸ,
635 1450 723 1486 Κατ’
738 1449 853 1487 αὐτόν.
871 1450 924 1487 Οὐ
937 1448 1120 1499 βούλομαι,

100 1509 203 1559 φησὶ,
224 1508 325 1559 μόνον
348 1509 447 1547 αὐτὸν
466 1503 569 1557 εἶναι,
592 1511 669 1547 ἀλλ’
693 1508 784 1562 ἔχειν
799 1508 878 1547 τινὰ
896 1509 1122 1560 παραμυθίαν

98 1570 139 1607 ἐκ
151 1572 213 1616 τῆς
240 1570 420 1613 συνουσίας
432 1601 441 1617 ,
460 1571 519 1608 καὶ
544 1572 582 1609 οὗ
601 1575 702 1609 τοῦτο
720 1570 838 1621 μόνον,
864 1569 955 1608 ἀλλὰ
974 1570 1034 1608 καὶ
1055 1587 1121 1609 κα-

96 1629 270 1676 τάλληλον
296 1634 388 1684 αὐτῷ
405 1631 529 1681 βοηθὸν
555 1637 773 1684 παραγαγεῖν
792 1632 864 1678 δεῖ,
885 1631 948 1679 τὴν
972 1637 1121 1683 γυναῖκα

98 1691 345 1742 αἰνιττόμενος.
375 1692 469 1731 ΩΔιόι
500 1691 600 1731 τοῦτο’
636 1708 743 1745 φησι,
781 1691 995 1743 Ποιήσωμεν
1025 1695 1120 1746 αὐτῷ

99 1752 236 1801 βοηθὸν,
255 1753 314 1790 καὶ
330 1753 525 1805 προσέθηκε
555 1753 613 1802 δὲ,
641 1756 729 1792 Κατ’
747 1753 862 1799 αὐτὸν,
879 1753 921 1792 ἵν’
939 1754 1020 1792 ὅταν
1047 1754 1122 1806 ἴδῃς

98 1811 195 1856 εὐθὺς
209 1813 252 1851 τὰ
273 1814 378 1866 Οηρία
391 1813 407 1834 ¹³

97 1878 156 1912 τοῦ
182 1876 344 1925 οὐρανοῦ,
367 1875 415 1926 μὴ
444 1875 590 1926 νομίσῃς
620 1875 702 1928 περὶ
736 1875 865 1914 τούτων
886 1877 1057 1929 εἰρῆσθαι.
1077 1878 1121 1915 Εἰ

422 1814 672 1867 παραγόμξνα,
691 1814 751 1852 καὶ
774 1814 890 1853 πάντα
918 1814 963 1852 τὰ
980 1815 1122 1854 πετεινὰ

98 1935 165 1986 γὰρ
181 1935 240 1972 καὶ
258 1937 514 1987 συνεφάπτεται
535 1939 603 1974 τῶν
618 1935 786 1986 καμάτων
804 1938 897 1988 αὐτῷ
918 1936 1031 1975 πολλὰ
1051 1939 1120 1974 τῶν

100 1995 246 2047 ἀλόγων,
270 1997 346 2034 ἀλλ’
367 1997 465 2035 οὐδὲν
491 1997 563 2036 ἴσον
595 1999 656 2043 τῆς
687 1999 830 2048 λογικῆς
858 1997 1032 2048 γυναικός.
1052 1998 1121 2036 Διὰ

98 2060 198 2094 τοῦτο
229 2051 325 2102 εἶπε,
345 2058 476 2104 Βοηθὸν
506 2060 584 2095 κατ’
617 2057 734 2104 αὐτὸν,
762 2058 821 2096 καὶ
853 2058 1010 2110 ἐπήγαγε
1026 2059 1119 2098 ’Καὶ

97 2117 246 2155 ἔπλασεν
268 2121 285 2156 ὁ
304 2118 393 2161 Θεὸς
409 2118 460 2156 ἔτι
487 2119 527 2155 ἐκ
546 2121 608 2165 τῆς
634 2121 699 2169 γῆς
723 2117 838 2156 πάντα
857 2118 903 2156 τὰ
932 2119 1036 2170 Οηρία
1060 2125 1120 2159 τοῦ

96 2179 218 2228 ἀγροῦ,
234 2178 292 2216 καὶ
305 2178 421 2216 πάντα
436 2178 478 2216 τὰ
497 2177 639 2216 πετεινὰ
658 2181 717 2216 τοῦ
734 2180 896 2231 οὐρανοῦ,
913 2179 974 2217 καὶ
987 2179 1117 2232 ἤγαγεν

95 2239 185 2277 αὐτὰ
209 2238 294 2291 πρὸς
313 2238 372 2276 τὸν
391 2237 501 2289 Ἀδὰμ
520 2239 603 2276 ἰδεῖν
628 2238 663 2276 τί
680 2239 820 2277 καλέσει
840 2239 927 2278 αὐτά
943 2256 950 2263 ·
968 2240 1028 2279 καὶ
1047 2248 1117 2279 πᾶν

92 2298 111 2336 ὃ
138 2299 300 2338 ἐκάλεσεν
331 2300 414 2338 αὐτὸ
432 2299 544 2350 Ἀδὰμ
573 2299 690 2352 ψυχὴν
718 2302 846 2349 ζῶσαν,
879 2305 979 2340 τοῦτο
1007 2303 1118 2353 ὄνομα

93 2360 199 2412 αὐτῷ.
231 2362 311 2413 Οὐχ
341 2361 478 2408 ἁπλῶς,
507 2360 583 2399 οὐδὲ
613 2363 689 2411 εἰκῇ
714 2366 816 2399 τοῦτο
847 2361 1000 2414 γίνεται,
1026 2363 1118 2402 ἀλλὰ

92 2419 149 2458 διὰ
171 2421 215 2460 τὰ
236 2422 406 2472 μέλλοντα
428 2422 504 2472 μετ’
528 2425 566 2460 οὐ
596 2421 685 2460 πολὺ
706 2422 924 2473 συμὸαίνειν,
945 2423 966 2461 ἃ
999 2439 1116 2476 προει-

91 2480 158 2524 δὼς
185 2485 203 2520 ὃ
229 2483 318 2525 Θεὸς
350 2482 522 2521 δείκνυσιν
552 2485 637 2533 ἡμῖν
663 2482 727 2529 τὴν
753 2483 887 2530 πολλὴν
917 2484 1053 2537 σοφίαν,
1073 2486 1115 2532 ἣν

91 2543 297 2594 κεχάρισται
315 2546 366 2595 τῷ
384 2545 442 2581 ὑπ’
462 2546 565 2582 αὐτοῦ
586 2544 896 2597 δημιουργηθέντι,
909 2545 954 2583 ἵν’
975 2547 1116 2586 ἐπειδὰν

90 2603 135 2641 τὰ
170 2606 232 2650 τῆς
259 2604 494 2656 παραὸάσεως
518 2607 580 2650 τῆς
605 2606 745 2651 ἐντολῆς
768 2607 831 2651 τῆς
859 2606 926 2644 ὑπὸ
946 2613 1006 2646 τοῦ
1024 2610 1116 2648 Θεοῦ
1139 2619 1163 2649 C

91 2665 246 2712 δοθείσης
266 2665 433 2716 γένηται,
454 2664 503 2716 μὴ
522 2665 668 2716 νομίσῃς
690 2667 734 2703 δι’
762 2666 903 2717 ἄγνοιαν
923 2668 1025 2706 αὐτὸν
1045 2684 1114 2707 πα-

93 2725 345 2778 ραὸεὸηκέναι,
371 2727 449 2766 ἀλλ’
481 2725 608 2765 εἰδέναι
627 2725 729 2779 ἔχῃς,
758 2726 810 2766 ὅτι
839 2728 1010 2782 ῥᾳθυμίας
1041 2729 1115 2769 ἐστὶ

89 2786 128 2824 τὸ
146 2789 287 2837 πτῶμα.

142 2915 225 2954 ’Ότι
243 2916 311 2968 γὰρ
335 2916 455 2969 σοφίας
470 2919 603 2964 πολλῆς
630 2918 882 2970 ἐπεπλήρωτο,
898 2919 1051 2969 μάνθανε
1072 2922 1112 2958 ἐκ

88 2979 157 3013 τῶν
172 2980 229 3014 νῦν
247 2977 449 3027 γινομένων.
470 2978 539 3016 Καὶ
553 2978 682 3030 ἤγαγεν
704 2978 812 3027 αὐτὰ,
829 2979 913 3031 φησὶ
927 3010 937 3028 ,
954 2980 1039 3032 πρὸς
1053 2981 1112 3019 τὸν

88 3037 218 3088 Ἀδὰμ,
246 3039 327 3076 ἰδεῖν
351 3038 387 3076 τί
412 3039 554 3078 καλέσει
585 3040 686 3078 αὐτά.
719 3040 906 3085 Ἀπόδειξιν
934 3045 1019 3089 ἡμῖν
1050 3045 1113 3088 τῆς

85 3099 218 3144 πολλῆς
254 3101 357 3138 αὐτοῦ
389 3100 512 3152 σοφίας
538 3107 736 3153 παρασχεῖν
773 3102 982 3153 βουλόμενος
1010 3105 1112 3142 τοῦτο

85 3163 188 3197 ποιεῖ.
218 3159 289 3198 Καὶ
317 3159 437 3207 πάλιν,
460 3159 515 3199 Ὃ
535 3161 701 3200 ἐκάλεσεν
717 3162 821 3208 αὐτὸ,
841 3161 960 3214 φησὶν,
982 3161 1110 3214 Ἀδὰμ,

1194 1199 1272 1251 ipso
1287 1199 1442 1248 dicebat,
1461 1200 1743 1248 Faciamus,sic
1758 1210 1792 1240 et
1812 1215 1905 1239 nunc
1927 1201 2023 1241 dixit
2045 1219 2052 1239 1
2070 1205 2147 1241 Fa-

1192 1263 1341 1299 ciamus
1365 1264 1581 1314 adjutorem
1609 1264 1819 1302 secundum
1844 1265 1971 1302 illum.
1994 1266 2147 1304 Utrum-

1193 1335 1261 1371 que
1279 1322 1433 1361 multum
1449 1322 1558 1361 habet
1570 1324 1752 1376 ponderis,
1768 1333 1843 1362 tum
1859 1325 1954 1376 quod
1971 1326 2036 1375 ait,
2060 1327 2146 1364 Ad-

1188 1384 1371 1433 jutorem‚
1402 1393 1480 1422 tum
1506 1385 1603 1436 quod
1628 1385 1742 1436 addit,
1775 1387 1991 1425 Secundum
2020 1388 2145 1425 illum.

1194 1443 1300 1491 Nolo,
1320 1444 1451 1495 inquit,
1479 1445 1584 1484 illum
1609 1447 1725 1485 solum
1753 1462 1839 1496 esse,
1859 1447 1918 1486 sed
1945 1447 2075 1486 habere
2101 1464 2146 1488 ex

1194 1505 1425 1544 contubernio
1449 1508 1723 1547 consolationem
1748 1509 1922 1561 aliquam,
1946 1524 2057 1562 neque
2083 1511 2148 1549 hoc

1193 1567 1323 1618 solum,
1351 1568 1415 1607 sed
1441 1569 1692 1621 producendus
1716 1580 1770 1609 est
1797 1571 1941 1624 adjutor
1968 1572 2035 1624 ipsi
2065 1585 2148 1610 con-

1193 1641 1334 1680 gruens,
1351 1629 1538 1668 mulierem
1558 1630 1755 1669 insinuans.
1779 1633 1969 1685 Propterea
1986 1647 2067 1670 cum
2091 1632 2147 1670 di-

1192 1689 1302 1727 xisset
1320 1692 1552 1731 :Faciamus
1563 1693 1626 1730 illi
1639 1693 1871 1746 adjutorem,
1884 1693 1997 1742 addit,
2004 1695 2147 1732 Secun-

1192 1751 1284 1788 dum
1305 1750 1440 1801 illum,
1464 1763 1504 1792 ut
1522 1768 1606 1792 cum
1631 1748 1766 1793 videris
1788 1756 1909 1793 statim
1936 1755 2066 1795 adduci
2085 1757 2147 1795 be-

1192 1811 1289 1860 stias,
1315 1822 1349 1850 et
1368 1813 1485 1852 omnia
1507 1814 1668 1852 volatilia
1695 1815 1787 1865 caeli,
1816 1829 1858 1853 ne
1880 1825 1984 1869 putes
2009 1818 2055 1856 de
2075 1819 2146 1858 illis

1192 1884 1266 1908 esse
1284 1872 1434 1912 dictum.
1451 1875 1543 1912 Nam
1559 1874 1639 1912 licet
1658 1875 1772 1913 multa
1792 1876 2052 1916 irrationabilia
2068 1881 2144 1918 ani-

1192 1933 1327 1970 mantia
1340 1933 1624 1986 adjuventillum
1644 1936 1680 1974 in
1694 1936 1876 1975 laboribus
1897 1939 1983 1987 suis,
2005 1941 2143 1979 nullum

1192 2002 1308 2032 tamen
1329 2010 1394 2048 par
1413 2006 1464 2034 est
1489 1996 1654 2035 rationali
1677 1998 1831 2036 mulieri.
1853 1999 1958 2038 Unde
1977 2016 2058 2038 cum
2085 2002 2142 2039 di-

1190 2055 1314 2103 xisset,
1342 2058 1576 2111 Adjutorem
1601 2060 1810 2097 secundum
1837 2061 1964 2108 illum,
1989 2063 2111 2101 subdit
2133 2080 2139 2099 ι

1191 2117 1256 2154 19.
1275 2119 1330 2156 Et
1340 2119 1533 2170 formavit
1547 2120 1655 2160 Deus
1673 2122 1803 2159 adhuc
1823 2124 1870 2160 de
1889 2132 1992 2162 terra
2012 2138 2144 2164 omnes

1191 2179 1334 2217 bestias
1346 2182 1446 2231 agri,
1463 2189 1499 2218 et
1515 2183 1647 2218 omnia
1666 2182 1852 2220 volatilia
1867 2185 1967 2230 caeli,
1983 2194 2019 2223 et
2033 2187 2144 2224 duxit

1189 2239 1263 2276 illa
1281 2240 1336 2276 ad
1354 2240 1503 2288 Adam,
1526 2249 1568 2278 ut
1586 2242 1738 2280 videret
1757 2245 1853 2296 quid
1868 2255 2029 2284 vocaret
2045 2248 2117 2284 illa
2130 2265 2143 2291 ,-

1190 2310 1227 2340 et
1242 2315 1356 2340 omne
1371 2304 1638 2357 quodcumque
1650 2307 1808 2343 vocavit
1817 2305 1952 2344 Adam
1968 2310 2142 2346 animam

1190 2365 1401 2409 viventem,
1434 2365 1506 2402 hoc
1538 2372 1596 2403 est
1627 2379 1767 2402 nomen
1797 2367 1870 2404 illi.
1887 2367 1966 2405 Non
1997 2377 2139 2417 temere,

1189 2437 1301 2475 neque
1318 2424 1450 2476 absque
1469 2439 1572 2463 causa
1593 2425 1660 2463 hoc
1678 2426 1810 2465 factum
1830 2436 1900 2475 est,
1918 2428 1979 2466 sed
1997 2440 2142 2482 propter

1189 2501 1229 2526 ea
1247 2501 1325 2538 quae
1338 2487 1446 2540 paulo
1465 2496 1544 2540 post
1562 2487 1682 2526 futura
1701 2498 1812 2527 erant.
1833 2491 1929 2528 Deus
1945 2491 2039 2529 enim
2059 2506 2139 2530 cum

1188 2549 1369 2602 praesciret
1388 2548 1476 2600 quid
1496 2562 1564 2586 non
1585 2549 1698 2586 multo
1712 2558 1792 2602 post
1811 2559 2022 2589 eventurum
2038 2563 2138 2601 esset,

1188 2610 1342 2648 ostendit
1365 2609 1469 2648 nobis
1482 2618 1650 2660 quantam
1673 2610 1883 2662 sapientiam
1908 2611 2051 2650 condito
2065 2628 2084 2650 a
2103 2627 2138 2652 se

1188 2671 1324 2710 homini
1350 2670 1463 2719 dedit,
1489 2678 1529 2707 ut
1560 2683 1641 2708 eum
1671 2671 1916 2722 praevaricatio
1940 2673 2097 2712 mandati
2117 2690 2136 2712 a

1187 2735 1263 2772 Deo
1281 2732 1355 2770 dati
1371 2731 1563 2783 contingat,
1576 2745 1645 2769 non
1661 2741 1806 2784 putetur
1823 2747 1886 2785 per
1901 2733 2136 2785 ignorantiam
2152 2782 2160 2787 ⁴

1185 2807 1347 2848 peccasse
1358 2823 1369 2843 ,
1391 2791 1453 2832 sed
1469 2791 1558 2830 scire
1573 2792 1687 2844 possis
1702 2792 1842 2845 lapsum
1859 2793 1963 2832 illum
1980 2808 2025 2834 ex
2044 2796 2136 2835 desi-

1183 2856 1242 2894 dia
1256 2855 1376 2894 fuisse.

1240 2918 1274 2955 5.
1295 2918 1386 2955 Nam
1399 2914 1494 2967 qnod
1506 2928 1634 2966 magna
1647 2915 1817 2967 sapientia
1830 2916 2001 2969 praeditus
2012 2920 2133 2966 suerit,

1184 2977 1281 3016 disce
1300 2992 1346 3015 ex
1371 2977 1414 3015 iis
1434 2990 1512 3027 qua:
1533 2989 1628 3014 nunc
1654 2976 1759 3014 fiunt.
1783 2979 1837 3016 Et
1858 2979 2023 3018 adduxit
2045 2982 2131 3027 illa,

1186 3042 1314 3093 inquit,
1329 3039 1536 3086 adAdam,
1555 3048 1596 3077 ut
1608 3041 1757 3079 videret
1769 3042 1868 3093 quid
1876 3053 2034 3082 vocaret
2048 3045 2132 3082 illa.

1186 3103 1284 3140 Fecit
1304 3102 1372 3139 hoc
1394 3102 1501 3148 Deus,
1522 3099 1830 3141 demonstraturus
1847 3103 1949 3142 nobis
1969 3119 2134 3157 magnam

1185 3164 1281 3202 illius
1311 3161 1530 3214 sapientiam.
1560 3160 1606 3198 Et
1638 3161 1780 3213 iterum,
1816 3164 1929 3214 Quod
1958 3170 2131 3215 vocavit,

129 3309 143 3323 ³
159 3299 262 3333 Savil.
278 3307 314 3332 et
329 3298 466 3334 Coislin.
495 3303 544 3335 διὰ
568 3304 657 3334 τοῦτο
682 3303 781 3339 εἰπὼν,
796 3307 977 3344 ποιήσωμεν,
995 3310 1094 3346 atque
1129 3301 1197 3334 vult
1213 3300 1880 3345 npoazyo'faevszam,iuquitmzpo'zyeooxi
1891 3302 2132 3348 chrysostomo

86 3352 129 3382 ita
147 3350 227 3395 legit
244 3352 430 3394 luten-pres,
450 3353 574 3385 omisso
588 3352 716 3385 scilicet
731 3357 781 3386 καὶ
793 3361 963 3395 sequente.

1126 3361 1241 3391 sonat,
1256 3352 1398 3395 produci
1423 3353 1456 3382 in
1484 3362 1589 3383 rerum
1613 3359 1786 3393 nauatam,
1804 3355 1871 3386 sive
1900 3357 2048 3387 creari.»
2067 3356 2132 3390 Sed

130 3404 146 3428 b
162 3403 264 3436 Sava,
282 3412 315 3437 et
340 3405 436 3438 multi
455 3407 532 3438 MSS,
560 3415 770 3452 παραγόμεη,
788 3406 926 3440 (ζοῑδιῑῃ,
951 3421 1093 3452 παρα-μ-
1127 3405 1207 3447 quid
1236 3402 1326 3435 allud
1355 3402 1418 3435 hoc
1435 3401 1509 3435 loco
1523 3402 1706 3445 significare
1724 3404 1829 3437 voluit
1850 3404 2134 3448 chrysostomus?

86 3455 331 3498 ‘sapitumhlorel-
347 3465 587 3502 παραγενόμενα.
603 3459 728 3491 Boisius
742 3457 831 3501 apud
844 3457 1007 3491 Savilium
1026 3468 1092 3488 ma-

2305 902 2355 927 cui

2163 943 2284 970 dicitur.

2164 983 2238 1011 lsai.
2250 994 2280 1022 9.
2297 985 2327 1012 6.
