2516 3791
351 102 443 160 534
769 117 806 147 5.

324 189 330 194 .
346 201 442 252 quod
457 197 575 237 adhuc
593 198 772 238 erroribus
790 197 980 246 tenemini,
1004 195 1102 233 nulla
1123 193 1250 233 vobis
1236 207 1295 244 Ju-

347 261 451 299 stitiae
483 274 565 298 01113
595 259 669 297 sit:
702 267 844 311 piopter
870 257 938 294 1100
973 253 1162 300 simulavi,
1191 251 1296 289 vobis

845 118 904 147 JO
907 117 954 146 &N
962 116 1029 145 Nrs
1064 113 1306 145 CHRYSOST.

345 336 515 374 parcens,
547 330 588 359 ut
620 334 684 360 ne.
714 320 742 357 si
771 315 1012 367 intelligeretis
1037 327 1114 351 cam
1144 325 1294 349 uxorem
1318 309 1343 338 D
1368 311 1533 361 μαθόντες
1553 315 1661 361 αὐτὴν
1676 317 1849 368 γυναῖκά
1843 333 1908 356 αου
1927 321 2171 369 (εγενησθαι
2153 319 2210 357 οιὰ
2229 320 2292 366 τὴν
2308 321 2388 371 περὶ

346 396 464 420 11103111
480 381 609 429 fuisse,
629 380 720 430 capti
738 380 814 430 ejus
832 389 950 414 amore
969 373 1128 411 occidere
1140 387 1198 411 1110
1220 381 1295 410 ten-

346 443 478 480 ta1etis.
494 442 590 481 Vide
607 439 782 491 quomodo
801 451 863 489 per
879 449 992 488 pauca
1007 434 1069 472 illa
1089 434 1199 471 v·e1ba
1213 433 1295 471 illos

349 512 486 555 carpat,
505 511 538 539 et
560 501 666 539 simul
681 499 804 537 doceat
824 505 985 549 oportere
1000 510 1082 533 011111
1097 494 1156 546 qui
1178 496 1295 533 Deum

349 563 386 600 in
407 573 521 601 mente
535 562 661 607 hahet,
684 559 773 596 nihil
793 558 956 609 iniquum
975 570 1101 608 agere,
1124 555 1185 594 sed
1200 555 1296 608 vigi-

347 622 417 661 lem
432 623 534 660 illum
549 621 693 658 oculum
710 619 837 658 timere
847 649 858 667 ⁷
872 627 906 656 et
919 619 965 656 ob
978 631 1120 670 poenam
1130 647 1139 665 ,
1159 631 1236 667 quae
1251 615 1297 654 ab

348 683 410 720 illo
440 682 620 731 imminet,
653 681 804 719 multam
830 679 977 732 justitiae
1010 693 1132 717 curam
1166 691 1295 729 gerere.

349 743 472 780 Postea
498 743 621 781 volens
647 756 712 795 pro
743 756 779 780 se
812 741 1050 780 defensionem
1072 741 1222 787 afferre,
1247 740 1299 776 Ne

347 805 479 855 putetis
494 834 505 854 ‚
537 803 673 856 inquit,
706 817 762 842 me
787 803 895 841 etiam
924 802 974 840 sic
998 802 1187 839 mentitum
1212 813 1296 838 0550.

350 869 412 904 12
433 868 591 904 Etenim
609 879 718 904 soror
736 879 822 903 mea
839 873 894 903 est
914 878 961 901 ex
979 872 1110 915 patre,
1132 863 1201 901 sed
1221 876 1300 899 non

348 942 396 965 ex
413 936 536 966 matre
543 942 561 975 ,·
587 928 683 965 data
703 935 833 964 autem
852 926 947 963 mihi
967 932 1024 962 est
1048 927 1090 961 in
1123 936 1294 961 uxorem.

349 989 445 1036 Quia
474 989 639 1027 eumdem
662 999 799 1042 patrem
816 995 941 1037 vocat,
974 985 1108 1037 inquit,
1137 999 1244 1036 quem
1265 994 1297 1023 et

349 1063 438 1102 eg03
471 1050 550 1089 ideo
582 1060 615 1088 et
642 1064 798 1088 sororem
821 1049 937 1101 ipsam
956 1046 1093 1085 vocavi.
1116 1046 1169 1083 Ne
1188 1046 1299 1097 igitur

351 1112 588 1150 condemnetis
608 1126 674 1149 me.
698 1112 788 1149 Nam
809 1109 873 1147 etsi
888 1117 1003 1146 metus
1019 1106 1145 1145 mortis
1158 1106 1194 1144 in
1207 1106 1299 1144 hanc

350 1187 408 1211 me
425 1173 669 1212 necessitatem
690 1171 861 1223 coegerit,
880 1179 913 1208 et
927 1169 1011 1221 quia
1030 1168 1133 1206 timui
1152 1181 1194 1205 ne
1210 1167 1300 1205 forte

350 1244 494 1287 propter
507 1249 584 1272 03111
598 1247 654 1271 me
666 1232 871 1271 occideretis
882 1261 893 1281 ⁷
912 1231 1026 1283 ipsam
1041 1238 1159 1267 autem
1173 1229 1209 1266 in
1225 1228 1300 1266 vita

351 1295 602 1345 conservaretis
617 1310 624 1331 :
645 1303 797 1331 attamen
815 1305 928 1342 neque
942 1291 991 1328 sic
1007 1299 1058 1328 est
1073 1288 1300 1327 mendacium

350 1356 449 1407 quod
476 1371 496 1394 a
530 1368 586 1394 me
616 1355 753 1393 dictum
781 1363 842 1392 est.
870 1351 964 1392 Vide
984 1365 1092 1403 quam
1110 1350 1300 1402 diligenter

349 1417 424 1468 agit
436 1418 576 1469 justus,
597 1425 635 1454 ut
656 1424 825 1454 monstret
847 1429 882 1453 se
898 1427 1009 1464 neque
1030 1413 1066 1450 in
1085 1412 1153 1450 1100
1173 1413 1299 1451 menti-

350 1487 437 1515 tum.
455 1478 502 1515 Et
521 1487 560 1516 ut
579 1479 716 1526 01111113,
738 1476 873 1527 inquit,
894 1475 1082 1526 diligenter
1099 1488 1118 1511 a
1139 1488 1194 1511 1110
1209 1474 1298 1511 5013-

1351 114 1373 141 A
1383 112 1554 142 ncfflEP.
1593 113 1951 145 CONSTANTINOP-

1367 192 1419 229 ἔτι
1437 209 1480 244 τῃ
1499 193 1615 245 πλάνῃ
1645 197 1734 245 υμᾶς
1753 197 1962 248 κατέχεσθαι
1987 198 2150 248 οὐδεμίαν
2173 213 2233 237 του
2253 199 2386 238 δικαίου

1366 251 1530 302 πρόνοιαν
1543 256 1705 301 ποιησθε,
1725 256 1785 293 καὶ
1801 256 1858 294 διὰ
1875 273 1976 295 τουτο
1987 274 2084 308 utum
2101 259 2316 310 φειδόμενος,
2338 259 2386 309 μὴ

1365 371 1496 420 ταύτην
1514 375 1700 424 ἐπιθυμίαν
1728 377 1790 427 ἐμὲ
1821 380 1954 416 ἀνελεῖν
1985 379 2258 431 ἐπιχειρήσητε,
2287 395 2390 418 τουτο

1365 434 1528 480 ἐποίησα.
1551 434 1677 487 “Ορα
1667 440 1741 480 -ῶς
1761 438 1817 477 διὰ
1835 442 1906 476 τῶν
1922 439 2049 490 ὀλίγων
2068 439 2200 478 τούτων
2221 440 2388 512 ῥημάτων

1365 495 1450 543 ὁμοῦ
1478 494 1537 532 καὶ
1565 496 1748 548 καθηψατο
1776 499 1904 543 αὐτων,
1925 515 1984 536 και
2003 499 2200 544 ἐδίδαξεν“
2181 516 2234 538 οτι
2256 501 2307 537 δεῖ
2331 499 2389 538 τὸν

1365 554 1424 592 ἐπὶ
1441 555 1581 594 πάντων
1595 557 1719 596 Θεὸν’
1704 574 1739 596 εν
1756 561 1804 596 νῶ
1823 559 2049 610 λαμὸάνοντα
2070 561 2177 610 μηδὲν
2192 563 2262 598 τῶν
2277 576 2391 613 παρα-

1367 618 1481 669 νόμων
1509 619 1804 672 διαπράττεσθαι,
1835 620 1926 659 ἀλλὰ
1945 622 2003 660 τὸν
2036 622 2228 673 ἀκοίμητον
2260 623 2390 660 ἐκεῖνον

1367 680 1544 731 ὀφθαλμὸν
1561 681 1777 729 δεδοικέναι,
1799 682 1858 720 καὶ
1879 682 1936 720 διὰ
1953 682 2016 730 τὴν
2036 684 2166 721 ἐκεῖθεν
2186 682 2389 734 ἐπηρτημέ-

1368 754 1430 786 νην
1449 741 1547 788 δίκην
1564 742 1698 789 πολλὴν
1713 746 1772 780 τοῦ
1786 743 1920 781 δικαίου
1936 747 2111 782 ποιεῖσθαι
2129 744 2193 790 τὴν
2213 744 2389 795 πρόνοιαν.

1369 796 1458 839 Εἶτα
1479 802 1686 853 βουλόμενος
1700 803 1764 850 τὴν
1780 803 1866 855 ὑπὲρ
1886 806 2008 842 ἑαυτοῦ
2031 805 2218 856 ἀπολογίαν
2231 807 2391 850 ποιῆσαι,

1369 863 1474 914 φησί·
1496 863 1544 914 μὴ
1564 864 1731 915 νομίσητέ
1751 881 1794 915 με
1812 865 1872 902 καὶ
1897 864 2004 907 οὕτως
2029 867 2206 918 ἐψεῦσθαι.
2238 865 2307 902 Καὶ
2323 862 2391 914 γὰρ

1369 925 1501 976 ἀδελφή
1524 941 1588 975 μου
1620 926 1713 964 ἐστὶν
1744 929 1783 963 ἐκ
1811 927 1962 978 πατρὸς,
1986 929 2063 964 ἀλλ’
2083 929 2146 965 οὔκ
2165 929 2204 965 ἐκ
2232 925 2364 977 μητρός
2382 938 2389 945 “

1369 985 1514 1035 ἐγενήθη
1545 987 1581 1023 δέ
1611 1003 1669 1038 μοι
1691 990 1739 1030 εἷς
1761 993 1920 1038 γυναῖκα.
1938 988 2009 1026 Τὸν
2042 989 2144 1026 αὐτόν
2174 1003 2252 1038 μοι,
2284 988 2391 1040 φησὶ,

1369 1046 1505 1098 πατέρα
1526 1047 1776 1099 ἐπιγράφεται,
1799 1049 1841 1085 δι’
1860 1048 1878 1086 ἃ
1895 1048 1955 1085 καὶ
1974 1049 2125 1100 ἀδελφὴν
2142 1049 2250 1095 αὐτὴν
2267 1049 2391 1087 ἐκάλε-

1370 1121 1427 1144 σα.
1456 1107 1517 1154 Μὴ
1537 1108 1650 1146 τοίνυν
1669 1108 1874 1160 καταγνῶτέ
1900 1124 1980 1159 μου.
2008 1111 2051 1147 Ei
2074 1108 2141 1161 γὰρ
2169 1108 2228 1147 καὶ
2247 1112 2265 1147 6
2287 1109 2393 1161 φόὸος

1369 1171 1429 1205 τοῦ
1451 1168 1597 1206 θανάτου
1622 1171 1669 1212 εἷς
1687 1168 1752 1215 τὴν
1779 1170 1934 1221 ἀνάγκην
1958 1185 2002 1221 με
2024 1169 2156 1217 ταύτην
2175 1169 2370 1217 κατέστησε
2384 1199 2392 1214 ,

1370 1229 1428 1266 καὶ
1449 1229 1489 1267 τὸ
1513 1230 1703 1268 δεδοικέναι
1730 1230 1867 1281 μήποτε
1893 1231 1950 1269 διὰ
1974 1231 2106 1278 ταύτην
2138 1232 2201 1281 ἐμὲ
2222 1231 2284 1282 μὲν
2307 1233 2393 1270 ἀπο-

1370 1289 1550 1337 κτείνητε,
1570 1291 1701 1336 ταύτην
1721 1291 1756 1329 δὲ
1779 1292 2076 1344 περιποιήσησθε·
2097 1294 2173 1330 ἀλλ’
2201 1291 2296 1343 ὅμως
2315 1293 2393 1331 οὐδὲ

1370 1350 1478 1394 οὕτως
1513 1352 1586 1390 ἐστὶ
1621 1354 1744 1404 ψεῦδος
1777 1353 1816 1391 τὸ
1844 1355 1927 1404 παρ’
1958 1355 2042 1403 ἐμοῦ
2080 1353 2273 1405 εἰρημένον.
2296 1353 2394 1406 εὈρα
2435 1363 2438 1366 ’

1369 1411 1482 1459 πόσην
1505 1419 1656 1450 ποιεῖται
1682 1413 1746 1460 τὴν
1773 1414 1926 1460 σπουδὴν
1945 1417 1962 1452 6
1983 1413 2136 1461 δίκαιος,
2164 1413 2255 1452 ὥστε
2285 1414 2393 1459 δεῖξαι

1398 1488 1406 1495 ‚
1428 1473 1455 1487 *xi
1485 1475 1494 1487 -1
1583 1474 1590 1486 1
1662 1472 1679 1494 ι)
1695 1477 1705 1489 c
1777 1473 1785 1486 1
1946 1474 1956 1488 J
2164 1475 2171 1489 1
2194 1474 2210 1490 :J
2318 1475 2328 1489 Ι

1371 1487 1460 1522 μηοε
1479 1489 1515 1510 εν
1533 1489 1646 1526 τουτῳ
1692 1489 1812 1512 εαυτον
1844 1477 2074 1526 ψευσαμένον.
2105 1477 2175 1513 Και
2197 1491 2250 1512 ινα
2277 1491 2394 1514 παντο(

348 1535 406 1584 tis,
423 1535 542 1573 audite
554 1535 801 1582 010011511111111,
818 1533 913 1584 quod
928 1533 1018 1570 inter
1037 1546 1100 1570 nos
1114 1532 1296 1582 inivimus,
1311 1553 1358 1579 453
1372 1534 1462 1583 μετὰ
1478 1534 1656 1586 ἀκριὸείας
1673 1535 1806 1586 μάθητε
1828 1539 1912 1588 παρ’
1935 1539 2018 1586 ἐμοῦ
2030 1565 2040 1583 ,
2063 1537 2234 1574 ἀκούσατε
2252 1536 2311 1574 καὶ
2331 1538 2392 1584 τὴν

350 1597 411 1633 15.
439 1597 603 1646 Quando
622 1597 756 1633 eduxit
772 1609 831 1632 me
850 1596 956 1632 Deus
975 1595 1023 1631 de
1043 1595 1156 1630 domo
1172 1596 1297 1644 patris
1322 1590 1348 1619 Α
1371 1595 1498 1646 βουλὴν
1512 1624 1521 1641 ,
1559 1597 1601 1642 ἣν
1645 1596 1774 1646 μεταξὺ
1809 1597 1970 1643 ἀλλήλων
2003 1597 2206 1648 ἐσχήκαμεν
2222 1627 2232 1643 ,

349 1659 434 1694 mei.
454 1656 645 1694 Considera
659 1686 668 1704 ‚
695 1656 855 1704 obsecro,
877 1655 937 1691 hic
951 1667 1116 1704 magnam
1126 1653 1215 1704 justi
1235 1667 1295 1690 53-

347 1718 543 1770 pientiam,
566 1717 744 1769 quomodo
775 1717 811 1753 in
841 1716 928 1754 serie
959 1713 1172 1752 narrationis
1196 1713 1298 1751 docet

347 1793 405 1817 eos
418 1810 427 1828 ,
446 1793 482 1817 50
500 1793 520 1817 3
541 1779 717 1832 principio
735 1778 843 1815 fuisse
861 1775 1090 1829 peculiariter
1115 1774 1298 1812 addictum

346 1842 422 1879 Deo
429 1871 440 1890 7
467 1850 501 1878 et
517 1842 634 1878 Deum
653 1854 688 1878 se
706 1854 726 1877 a
746 1839 853 1877 domo
881 1852 944 1876 5113
969 1836 1190 1884 011003111550,
1209 1844 1243 1873 01
1262 1835 1297 1873 111

346 1916 427 1939 011111
442 1902 560 1940 10011111
579 1901 744 1949 duxisse;
765 1909 804 1937 ut
825 1899 913 1938 sciat
929 1913 1010 1947 rex,
1030 1912 1076 1936 ex
1091 1911 1213 1935 eorum
1233 1910 1298 1934 nu-

346 1977 443 2001 mero
459 1977 532 2001 esse
549 1962 794 2000 Abrahamum
818 1961 880 2012 qui
899 1973 1064 2011 magnam
1084 1959 1119 1996 in
1139 1960 1214 1996 Deo
1233 1958 1298 1996 ha-

346 2024 431 2061 hent
458 2023 642 2061 fiduciam.
685 2023 872 2073 Quando,
907 2021 1043 2072 inquit,
1075 2021 1207 2058 eduxit
1239 2034 1299 2057 me

348 2085 455 2122 Deus
471 2099 518 2121 ex
534 2085 646 2121 domo
661 2085 784 2135 patris
804 2084 895 2128 mei,
915 2083 1087 2119 dicebam
1103 2083 1138 2118 ei
1153 2096 1164 2115 .-
1181 2082 1298 2118 Hanc

342 2146 682 2197 justitt'amfacies
699 2146 739 2180 in
755 2157 827 2189 me,
844 2145 886 2179 in
896 2145 1000 2180 omni
1015 2143 1113 2188 loco,
1130 2144 1172 2178 in
1187 2155 1298 2192 quem

348 2209 585 2251 venerimus,
612 2207 673 2242 dic
690 2220 703 2241 .-
720 2206 862 2241 Frater
883 2217 986 2242 meus
1006 2212 1075 2241 est.
1095 2202 1188 2249 Quia
1203 2201 1299 2239 enim

349 2267 512 2320 superius
531 2266 670 2304 dixerat
692 2281 699 2301 τ
721 2267 819 2303 Dixi
837 2268 962 2311 enim,
983 2279 1073 2302 num
1082 2265 1193 2316 sorte
1223 2275 1301 2299 non

349 2337 404 2366 est
426 2331 539 2365 timor
564 2328 638 2364 Dei
664 2328 706 2363 in
732 2326 816 2363 loco
844 2329 935 2372 isto,
974 2334 1007 2363 et
1032 2324 1222 2363 videbatur
1242 2336 1300 2360 eos

348 2389 502 2426 nimium
536 2401 698 2439 carpere,
728 2386 848 2425 volens
881 2386 1045 2437 mitigare
1075 2384 1299 2437 asperitatem

348 2449 470 2498 verbi,
490 2449 549 2486 hic
561 2448 664 2496 dicit,
686 2448 739 2485 Ne
755 2447 887 2499 putetis
902 2461 958 2485 me
972 2447 1039 2485 1100
1055 2447 1170 2485 solum
1189 2445 1297 2484 vestri

349 2510 462 2560 gratia
484 2509 618 2547 fecisse.
638 2508 766 2546 Statim
785 2507 881 2545 enim
906 2508 1071 2558 Quando
1090 2508 1222 2544 eduxit
1241 2520 1300 2543 me

350 2571 456 2609 Deus
471 2572 518 2608 de
536 2572 649 2608 domo
667 2571 789 2621 patris
809 2571 896 2615 mei,
918 2569 1093 2606 dicebam
1118 2570 1172 2606 ad
1187 2582 1294 2606 eam:

350 2633 466 2670 Hanc
476 2632 812 2684 justitiamsacies
831 2631 927 2667 mihi
945 2632 987 2666 in
1006 2631 1111 2667 omni
1130 2629 1233 2675 loco,
1259 2632 1299 2666 in

351 2709 463 2747 quem
481 2698 637 2733 venturi
651 2707 794 2732 sumus.
817 2695 871 2732 De
892 2693 1075 2742 omnibus,
1095 2692 1223 2744 inquit,
1237 2691 1298 2744 qui

352 2765 481 2794 terram
501 2757 593 2793 hanc
612 2755 835 2805 inhabitant,
854 2754 1062 2793 mandatum
1083 2753 1113 2793 ei
1134 2753 1217 2792 dedi
1235 2769 1243 2790 :
1267 2763 1300 2791 et

153 2855 194 2879 no
215 2811 339 2890 523:ssss
352 2816 474 2854 docuit
503 2816 608 2854 etiam
639 2815 688 2853 sic
722 2815 983 2854 simulationem
1017 2815 1091 2853 sinc
1117 2813 1300 2853 mendacio

152 2895 314 2924 mendacio.

353 2889 437 2913 csse.
474 2876 600 2913 Mortis
626 2876 720 2913 enim
743 2875 848 2913 timor
864 2875 909 2912 ad
932 2875 999 2914 hoc
1026 2889 1090 2913 nos
1116 2873 1297 2926 compulit.

353 2938 437 2974 lloec
452 2946 489 2974 ut
501 2937 593 2975 dixit
604 2938 734 2988 justus,
748 2937 837 2976 iram
848 2952 970 2975 corum
980 2936 1167 2985 demulsit,
1177 2949 1300 2974 suam—

351 3012 421 3049 que
441 2998 576 3035 detexit
600 2998 784 3047 virtutem,
811 3008 843 3037 ct
863 2999 1097 3037 sufficientem
1119 2997 1302 3049 religionis

352 3073 442 3096 vei-ze
455 3058 652 3096 doctrinam
664 3058 712 3096 eis
730 3059 887 3097 tradidit.
909 3059 1096 3098 Reveritus
1116 3058 1225 3110 igitur
1239 3071 1301 3095 rex

351 3133 515 3170 magnam
531 3119 619 3171 justi
639 3120 942 3158 mansuetudinem
958 3150 967 3168 ,
990 3133 1117 3172 magna
1141 3118 1301 3156 liberali-

351 3190 420 3218 tate
430 3180 886 3232 rcmuncratpatriarcham.
900 3181 997 3220 Dicit
1011 3182 1125 3219 enim:
1143 3180 1204 3218 14.
1222 3180 1301 3219 Ac-

402 3288 416 3309 ¹
437 3285 532 3318 Alii}

530 3293 561 3320 Le
566 3291 661 3319 iconi.
680 3285 764 3318 «ΊΙΙΙ-
754 3293 838 3320 :mro
843 3305 854 3319 υ
872 3294 903 3321 L:
908 3293 999 3320 πᾶν.
990 3302 1059 3320 νου.

2267 1597 2394 1635 εΗνίκοι

1368 1654 1517 1707 ἐξήγαγέ
1536 1672 1579 1706 με
1597 1660 1614 1694 6
1629 1657 1719 1700 Θεὸς
1745 1659 1784 1697 ἐκ
1807 1660 1867 1694 τοῦ
1884 1657 1978 1695 οἴκου
1997 1661 2057 1694 τοῦ
2073 1658 2204 1709 πατρός
2223 1672 2301 1708 μου.
2317 1658 2394 1695 Θέα

1371 1731 1429 1765 μοι
1445 1718 1592 1754 ἐνταῦθα
1622 1716 1686 1763 τὴν
1711 1717 1845 1763 πολλὴν
1866 1721 1925 1755 τοῦ
1947 1717 2081 1755 δικαίου
2102 1717 2237 1770 σοφίαν,
2256 1721 2330 1760 πῶς
2359 1720 2394 1755 ἐν

1369 1777 1464 1822 τάξει
1497 1777 1691 1828 διηγήσεως
1722 1778 1879 1816 διδάσκει
1907 1777 2048 1824 αὐτοὺς,
2079 1781 2126 1822 ὡς
2151 1778 2186 1822 ἐξ
2207 1781 2318 1831 ἀρχῆς
2336 1778 2395 1816 καὶ

1369 1841 1410 1877 ἐκ
1428 1839 1621 1891 προοιμίων
1640 1842 1708 1878 τῶν
1728 1839 1957 1891 ᾧκειωμένων
1977 1839 2052 1877 ἐστὶ
2070 1842 2120 1891 τῷ
2137 1842 2221 1892 Θεῷ
2233 1869 2243 1885 ,
2263 1839 2323 1878 καὶ
2342 1839 2396 1877 ὅτι

1371 1900 1472 1943 αὐτὸς
1492 1900 1551 1938 καὶ
1570 1899 1702 1938 οἴκοθεν
1721 1900 1824 1938 αὐτὸν
1844 1900 2030 1948 ἀνέστησε,
2047 1901 2107 1938 καὶ
2124 1902 2235 1938 ἐκεῖσε
2251 1901 2394 1975 ἤγαγεν,

1373 1978 1426 1999 ινα
1447 1961 1540 2014 μάθῃ
1559 1964 1577 1999 6
1604 1960 1783 2012 βασιλευς,
1812 1961 1865 1999 ὅτι
1897 1964 1966 1999 τῶν
1988 1961 2157 2008 πολλὴν’
2142 1961 2292 2013 εχόντων
2321 1961 2395 1999 ἐστι

1371 2023 1456 2074 πρὸς
1477 2022 1535 2060 τὸν
1552 2023 1642 2061 Θεὸν
1660 2021 1873 2075 παῤῥησίαν.
1890 2021 2018 2060 <Ηνίκα
2027 2022 2172 2075 ,φησὶν,
2185 2022 2334 2074 εξήγαγέ
2353 2039 2396 2073 με

1371 2086 1388 2121 6
1416 2083 1506 2127 Θεὸς
1535 2085 1576 2120 ε’κ.
1602 2099 1661 2120 του
1688 2083 1782 2122 οἴκου
1808 2087 1868 2121 τοῦ
1894 2083 2058 2135 πατρός
2052 2099 2140 2130 μου,
2170 2088 2266 2122 εἶπον
2284 2085 2396 2136 αὐτῇ·

1370 2143 1502 2189 ταύτην
1521 2144 1584 2190 τὴν
1606 2131 1828 2191 δικαιοσύνην
1847 2143 2007 2189 ποιήσεις
2026 2145 2081 2182 ἐπ’
2102 2144 2184 2195 ἐμέ·
2210 2147 2258 2188 εἷς
2281 2144 2396 2182 πάντα

1370 2203 1488 2251 τόπον,
1508 2200 1546 2242 οἷ
1566 2204 1625 2242 ἐὰν
1642 2204 1852 2254 εἰσέλθωμεν
1870 2205 1960 2250 ἐκεῖ,
1977 2204 2073 2251 εἰπὲ,
2093 2204 2147 2242 ὅτι
2165 2204 2311 2255 ἀδελφός
2329 2221 2395 2254 μου

1372 2264 1481 2301 ἐστίν.
1503 2265 1650 2312 Ἐπειδὴ
1674 2265 1741 2317 γὰρ
1761 2264 1923 2316 ἀνωτέρω
1949 2258 2044 2302 εἶπεν
2059 2281 2066 2288 ·
2087 2258 2184 2303 Εἶπα
2201 2265 2294 2317 γὰρ,
2325 2265 2397 2315 μή-

1371 2339 1455 2362 ποτε
1470 2327 1532 2363 οὐκ
1545 2325 1619 2363 ἔστι
1631 2325 1811 2364 θεοσέὲεια
1825 2327 1860 2362 ἓν
1876 2328 1926 2377 τῷ
1938 2324 2036 2378 τόπῳ
2055 2325 2167 2378 τούτῳ
2180 2341 2187 2349 ·
2205 2326 2264 2363 καὶ
2284 2326 2397 2364 ἐδόκει

1371 2386 1459 2424 πολὺ
1479 2389 1591 2426 αὐτῶν
1610 2388 1867 2435 καθάπτεσθαι,
1890 2387 2097 2438 βουλόμενος
2115 2387 2156 2426 τὸ
2172 2387 2320 2439 σφοδρὸν
2337 2391 2397 2425 τοῦ

1372 2447 1526 2498 ῥήματος
1545 2450 1760 2497 ὑπεκλῧσαι,
1783 2449 1929 2487 ἐνταῦθά
1955 2464 2074 2501 φησιν,
2094 2448 2147 2486 ὅτι
2174 2448 2222 2499 μὴ
2247 2447 2397 2498 νομίση-

1370 2524 1407 2545 τε
1421 2539 1430 2556 ,
1445 2508 1496 2546 ὅτι
1513 2512 1610 2560 ὑμῶν
1625 2511 1738 2548 ἕνεκεν
1754 2511 1857 2560 μόνον
1874 2515 1975 2548 τοῦτο
1993 2509 2225 2556 πεποιηκέναι
2242 2509 2395 2560 ἐπέγνω·

1372 2584 1448 2619 μεν.
1476 2569 1614 2613 Εὐθέως
1639 2569 1707 2620 γὰρ
1726 2569 1887 2608 Ἡνίκα
1873 2569 2022 2621 ἐξήγαγέ
2054 2586 2095 2620 με
2118 2574 2136 2608 6
2164 2569 2254 2612 Θεὸς
2276 2572 2315 2608 ἐκ
2334 2573 2394 2608 τοῦ

1371 2630 1464 2668 οἴκου
1487 2635 1546 2668 τοῦ
1566 2631 1697 2683 πατρός
1728 2646 1817 2682 μου,
1841 2626 1936 2668 εἷπον
1969 2633 2080 2682 αὐτῇ·
2101 2630 2231 2677 ταύτην
2257 2630 2321 2677 τὴν
2350 2631 2398 2668 δι-

1372 2691 1558 2739 καιοσύνην
1584 2707 1740 2738 ποιησεις
1773 2694 1820 2734 εἷς
1848 2691 1910 2742 εμὲ
1937 2693 1985 2734 εἷς
2004 2691 2118 2729 πάντα
2137 2691 2256 2738 τόπον,
2277 2701 2315 2730 οῠ
2338 2691 2398 2728 εὰν

1371 2750 1593 2802 εἰσέλθωμεν.
1613 2751 1704 2803 Περὶ
1729 2752 1868 2790 πάντων
1894 2755 1960 2790 τῶν
1982 2768 2044 2798 την
2068 2754 2146 2803 γ’ἧν,
2176 2751 2292 2804 φησὶν,
2312 2750 2397 2789 ταύ-

1373 2828 1435 2859 την
1457 2812 1642 2851 οἷκουντων
1658 2812 1721 2859 τὴν
1739 2812 1979 2865 παραγγελίαν
1995 2813 2080 2864 πρὸς
2099 2812 2208 2859 αὐτὴν
2225 2811 2396 2859 ἐποιησά-

1375 2887 1469 2922 μην·
1489 2889 1547 2910 και
1570 2872 1701 2916 ἐδίδαξε
1721 2873 1774 2910 ὅτι
1797 2872 1855 2910 καὶ
1875 2871 1982 2915 οὕτως
2000 2872 2099 2916 ἐκτὸς
2129 2871 2276 2923 ψεύδους
2303 2871 2397 2909 ἐστὶν

1374 2937 1394 2980 ἡ
1430 2933 1620 2985 ὑπόκρισις.
1642 2933 1686 2971 Ὁ
1720 2932 1788 2984 γὰρ
1819 2936 1878 2971 7:0¹⁸·
1906 2932 2051 2971 θανάτου
2086 2932 2190 2985 φόὸος
2218 2934 2267 2974 εἷς
2297 2935 2398 2970 τοῦτο

1372 2998 1465 3046 ἡμᾶς
1481 2996 1589 3033 ἐλθεῖν
1607 2994 1868 3045 κατηνάγκασε.
1881 2995 2005 3032 Ταῦτα
2021 2993 2128 3031 εἰπὼν
2142 2996 2159 3031 6
2173 2992 2320 3039 δίκαιος,
2337 2992 2397 3030 καὶ

1374 3057 1430 3094 τὸν
1451 3056 1557 3106 θυμὸν
1573 3058 1685 3094 αὐτῶν
1706 3054 1925 3105 κατεμάλαξε
1937 3081 1947 3099 ,
1964 3054 2023 3092 καὶ
2043 3053 2106 3100 τὴν
2125 3053 2255 3091 οἰκείαν
2270 3052 2396 3104 ἀρετὴν

1374 3117 1579 3170 ἐξεκάλυψε,
1607 3116 1666 3155 καὶ
1690 3118 1863 3170 ἀρκοῦσαν
1880 3118 1995 3158 αὐτοῖς
2011 3114 2237 3152 διδασκαλίαν
2257 3113 2396 3159 ἐνέθηκε

1373 3178 1581 3222 θεοσεὸείας.
1623 3177 1798 3221 Αἷδεσθεὶς
1825 3176 1936 3215 τοίνυν
1955 3178 1973 3213 6
1994 3175 2156 3227 βασιλεὺς
2181 3177 2241 3213 τοῦ
2262 3173 2396 3213 δικαίου
