2516 3791
851 183 891 212 1N
930 182 1125 213 (zi-:Nitsm
1161 181 1311 212 sunno
1351 180 1380 209 1.
2059 174 2142 227 *ᾖ

92 264 189 308 xerit
206 263 385 316 quispiam
403 263 470 302 hos
489 263 676 302 Sermones
690 264 727 302 in
742 264 857 303 fronte
869 265 1017 318 hujusce
1033 265 1141 304 Tomi
1160 273 1192 302 et
1206 263 1471 302 antelloniilias
1484 262 1652 301 locandos
1667 263 1807 307 suis-sse,
1824 273 1859 301 ut
1875 268 2044 317 tempori>
2061 269 2147 304 ‹mh›

92 334 305 365 servaretur.
326 326 465 364 Verum
492 324 686 363 maluimus
711 326 923 364 l·'rontonem
940 328 1109 365 Dueaeum
1134 326 1231 376 sequi
1252 334 1285 363 et
1306 334 1443 363 tantum
1457 323 1548 362 illud
1570 338 1701 377 eorpus
1722 324 1962 362 llomiliaruin
1979 325 2147 363 initiolo-

91 401 183 437 eare,
204 400 312 438 quam
327 386 434 424 hosce
452 385 622 439 pauculos
639 396 672 424 et
692 381 882 439 perbreves
905 389 1102 427 Semnones.
1128 386 1180 424 Ad
1208 387 1281 424 ham
1309 395 1427 424 autem
1457 386 1581 424 Sermo
1613 399 1741 439 nonus,
1761 386 1821 436 qui
1846 399 1970 436 agmen
2003 386 2150 430 clandii,

92 463 162 488 non
181 449 289 486 modo
304 456 384 500 post
401 447 490 486 alios
506 457 596 496 octe,
611 449 674 487 sed
693 449 799 487 etiam
815 459 894 502 post
909 448 1085 487 Homilias
1102 447 1220 486 dictus
1238 456 1304 485 est.

148 509 226 548 Etsi
245 524 352 563 porro
367 509 404 547 hi
420 510 607 548 Sermones
626 510 718 548 inter
737 511 872 563 primas
891 510 1136 564 Chrysostomi
1159 509 1345 547 conciones
1362 517 1606 551 numerentur,
1621 508 1656 545 in
1671 507 1744 544 illis
1762 521 1831 545 non
1854 507 1958 545 inodo
1980 508 2141 558 eloqucu

92 573 182 611 tiam
199 581 233 610 et
260 571 475 611 inventionis
508 572 711 611 felicitatem
741 572 940 621 admireris,
959 586 1038 622 qum
1071 571 1106 608 in
1139 570 1275 608 caeteris
1302 568 1470 607 omnibus
1497 569 1573 621 ejus
1595 568 1766 620 operibus
1785 569 1945 614 cluccnt3
1968 569 2154 607 sedetiam

93 635 358 675 animadvertas
376 645 551 686 quantum
570 635 616 674 ad
636 645 947 689 extemporaneam
966 633 1266 673 declamationem
1293 645 1432 683 semper
1455 639 1681 683 comparatus
1701 631 1806 667 suerit
1829 640 1945 668 tantus
1963 631 2105 674 artifex,
2123 640 2151 667 ct

94 711 203 748 quam
217 696 262 734 ad
284 711 338 735 res
358 695 590 747 quantumvis
606 696 806 749 inopinatas
821 695 916 748 stylo
935 694 1195 748 persequendas
1211 701 1340 746 praesto
1356 691 1475 730 suerit.
1493 692 1570 730 Hoc
1587 705 1657 729 nno
1675 705 1748 729 rem
1767 692 1931 743 exemplo
1954 691 2126 743 percipias
2146 708 2150 725 ;

95 757 130 796 in
143 758 314 796 Sermone
343 766 471 809 quarto
489 771 589 795 num.
614 758 651 807 5,
672 771 754 795 cum
770 756 959 795 accedente
976 765 1077 794 noete
1099 756 1253 794 lucernae
1273 754 1430 793 ecclesiae
1452 753 1744 802 accenderentur,
1764 753 1958 801 auditores,
1975 754 2108 791 auersis
2137 768 2154 790 a

96 819 343 858 concionatore
357 819 484 866 oculis,
501 818 549 856 ad
567 818 731 857 lucernas
749 833 786 857 se
804 827 1018 857 convertunt
1036 834 1042 855 :
1059 818 1144 856 hinc:
1164 816 1225 855 ille
1239 815 1361 855 statim
1376 828 1501 854 eorum
1517 815 1717 854 socordiam
1735 815 1831 866 carpi
1839 824 1862 859 1,
1879 824 1910 852 ct
1932 816 2042 852 multa
2060 814 2156 851 hand

95 878 207 917 dubie
229 879 427 931 imparatus
441 877 537 916 dixit
558 878 742 930 praeclare,
763 892 806 916 ae
821 879 851 917 si
868 893 943 917 rein
963 877 1157 917 meditatus
1172 877 1386 928 accessisset,
1407 877 1469 929 qui
1489 886 1604 915 tamen
1624 876 1701 915 liaec
1717 876 1916 929 pra-videre
1932 876 2032 915 nullo
2052 876 2157 914 modo

95 949 270 992 potuerat.

151 1001 264 1040 Primi
280 1001 462 1040 Sermonis
483 1001 813 1055 interpretationem
832 1016 963 1041 novam
976 1002 1280 1051 concinnavimus,
1301 1000 1384 1053 quia
1404 1000 1533 1040 veteris
1558 1000 1766 1053 Interpretis
1786 1000 1901 1038 versio
1929 1014 1998 1037 non
2016 997 2158 1037 serenda

94 1072 180 1101 erat.
198 1063 428 1114 Reliquorum
448 1063 692 1116 interpretatio
712 1073 764 1101 est
783 1064 974 1102 Frontonis
991 1063 1129 1107 Ducaei,
1145 1077 1254 1115 quam
1270 1062 1396 1101 multis
1415 1062 1452 1100 in
1473 1061 1560 1101 locis
1576 1061 1844 1114 castigavimus

495 1348 662 1387 ΛΟΓΟΣ
684 1346 728 1395 α’,
1141 1345 1187 1411 Ὗ
1479 1343 1651 1384 SERMO
1681 1344 1881 1392 PRIMUS,

101 1470 263 1523 Ἇεχθεὶς
291 1473 325 1509 ἐν
359 1473 451 1525 ἀρχῇ
488 1473 551 1517 τῆς
581 1473 864 1524 τεσσαρακοστῆς
895 1472 943 1515 εἷς
970 1471 1030 1518 τὸ,
1067 1469 1130 1509 Ἐν
1205 1471 1374 1508 Habitus
1390 1472 1432 1507 in
1445 1471 1636 1521 principio
1657 1469 1971 1521 Quadragesimce
1985 1467 2157 1513 inillucl,

156 1534 250 1586 ἀρχῇ
274 1533 436 1581 ἐποίησεν
466 1537 484 1572 ὁ
513 1532 604 1577 Θεὸς
635 1532 694 1571 τὸν
717 1532 859 1585 οὐρανὸν
884 1532 945 1572 καὶ
962 1532 1027 1580 τὴν
1047 1534 1131 1584 γῆν·
1256 1532 1298 1569 In
1326 1531 1504 1583 principio
1531 1531 1615 1569 fecit
1631 1532 1728 1568 Deus
1745 1530 1871 1568 caelum
1897 1538 1931 1568 et
1944 1538 2088 1579 terram3
2116 1543 2162 1568 ac
2180 1552 2252 1579 Gen.
2271 1560 2296 1579 ,-
2317 1562 2340 1580 γ’

158 1594 218 1633 καὶ
237 1594 318 1649 περὶ
335 1593 496 1643 νηστείας
513 1593 572 1633 καὶ
592 1593 837 1646 ἐλεημοσύνης.
1259 1594 1307 1630 de
1317 1594 1472 1645 jejunio
1491 1599 1527 1630 et
1543 1591 1802 1640 eleemosyna.

158 1716 246 1755 Ἡδὺ
277 1716 339 1768 μὲν
371 1717 512 1760 ναύταις
541 1717 580 1755 τὸ
609 1715 697 1769 ἔαρ,
717 1714 782 1763 ἡδὺ
807 1715 841 1754 δὲ
861 1715 922 1754 καὶ
945 1715 1135 1767 γηπόνοις·
1263 1719 1298 1755 1.
1327 1715 1535 1756 Jucundum
1556 1716 1674 1754 nautis
1690 1724 1741 1754 est
1764 1714 2049 1767 ver,jueundum
2071 1715 2167 1767 agri-

105 1780 185 1820 ἀλλ’
217 1779 295 1819 οὔτε
321 1779 464 1823 ναύταις
477 1809 486 1827 ,
506 1778 584 1817 οὔτε
604 1778 770 1831 γηπόνοις
791 1778 898 1823 οὕτως
916 1778 981 1825 ἡδὺ
1003 1778 1042 1816 τὸ
1059 1778 1137 1830 ἔαρ,
1210 1778 1313 1829 colis;
1329 1778 1391 1817 sed
1409 1793 1522 1830 neque
1536 1778 1653 1816 nautis
1667 1792 1780 1829 neque
1796 1777 1962 1829 agricolis
1975 1777 2024 1814 ita
2037 1778 2168 1829 jucun-

106 1843 152 1886 ὡς
182 1847 253 1885 τοῖς
284 1839 506 1893 βουλομένοις
531 1841 730 1891 φιλοσοφεῖν
755 1839 839 1886 ἡδὺς
859 1843 877 1878 ὃ
895 1843 957 1887 τ’ἧς
978 1838 1140 1886 νηστείας
1209 1841 1297 1879 dum
1328 1855 1392 1879 ver
1422 1850 1495 1889 est,
1520 1849 1562 1878 ut
1593 1840 1798 1880 volentibus
1829 1839 2076 1892 philosophari
2110 1839 2169 1891 ju-

107 1903 248 1956 καιρὸς,
276 1902 317 1940 τὸ
340 1900 578 1952 πνευματικὸν
605 1903 674 1939 τῶν
703 1901 825 1953 ψυχῶν
845 1901 928 1954 ἔαρ,
957 1903 979 1947 ἡ
1006 1899 1140 1948 ἀληθὴς
1211 1901 1371 1941 eundum
1386 1911 1439 1941 est
1455 1901 1585 1955 Jejunii
1610 1911 1762 1954 tempus,
1779 1901 1981 1938 animarum
2012 1913 2076 1938 ver
2097 1899 2170 1952 spi-

106 1967 175 2003 τῶν
188 1965 368 2015 λογισμῶν
384 1962 400 1982 ¹³
411 1962 560 2014 γαλήνη.
585 1961 758 2009 Γηπόνοις
775 1961 836 2013 μὲν
853 1962 920 2015 γὰρ
935 1961 1000 2008 ἦδὺ
1014 1962 1054 2000 τὸ
1065 1961 1140 2014 ἔαρ,
1211 1964 1340 2002 rituale
1351 1994 1362 2014 ‚
1394 1963 1651 2015 cogitationum
1675 1977 1759 2001 vera
1792 1960 2047 2012 tranquillitas.
2078 1962 2171 1999 Nam

108 2025 161 2064 ὅτι
182 2031 252 2069 τοῖς
281 2024 400 2063 ἄνθεσι
423 2023 502 2062 τότε
531 2023 812 2075 στεφανουμένην
843 2025 950 2076 ὁρῶσι
972 2021 1036 2070 τὴν
1063 2025 1141 2073 γῆν,
1211 2025 1379 2077 agricolis
1399 2039 1462 2064 ver
1476 2024 1556 2062 ideo
1567 2023 1772 2076 jucundum
1793 2031 1857 2069 est,
1873 2021 1957 2073 qnia
1976 2031 2061 2059 tune
2073 2034 2171 2059 coro-

109 2087 170 2125 καὶ
212 2086 377 2138 καθάπερ
415 2084 554 2136 ἱμάτιον
585 2084 743 2122 ποικίλον
773 2084 1037 2136 ἐφαπλούμενον
1055 2085 1141 2133 αὐτῇ
1165 2095 1189 2124 Β
1212 2096 1332 2125 natam
1345 2086 1470 2126 vident
1481 2086 1631 2125 floribus
1646 2094 1789 2134 terram,
1805 2093 1839 2122 et
1852 2083 2048 2121 herbarum
2063 2082 2173 2120 comis

108 2147 291 2195 πάντοθεν,
319 2146 382 2194 τὴν
424 2145 619 2198 βλάστησιν
656 2144 720 2192 τὴν
753 2145 823 2183 ἀπὸ
857 2147 926 2183 τῶν
965 2146 1141 2196 βοτανῶν·
1211 2148 1311 2186 velut
1331 2147 1466 2186 amictu
1493 2146 1651 2198 undique
1666 2155 1829 2185 ornatam
1847 2160 1854 2180 :
1874 2143 1991 2182 nautis
2008 2143 2093 2182 item
2113 2157 2174 2181 ver

108 2207 251 2252 ναύταις
278 2208 314 2247 δὲ
338 2207 404 2255 ἡδὺ
431 2206 472 2245 τὸ
502 2206 584 2260 ἔαρ,
613 2204 666 2244 ὅτι
685 2205 730 2244 τὰ
751 2206 923 2245 Θαλάττια
942 2209 1036 2244 νῶτα
1052 2204 1141 2256 μετὰ
1207 2207 1434 2262 jucundum,
1463 2208 1548 2259 quia
1581 2207 1739 2246 marium
1768 2205 1875 2244 dorsa
1911 2213 1987 2243 tuto
2026 2214 2174 2257 possunt

110 2268 303 2322 ἀσφαλείας
343 2269 462 2322 ἔχουσι
504 2269 629 2316 πλεῖν,
670 2266 838 2319 κυμάτων
869 2266 1141 2321 ἐστορεσμένων,
1211 2269 1366 2308 navibus
1394 2269 1547 2318 sulcare,
1571 2267 1703 2306 sedatis
1733 2281 1861 2319 nempe
1887 2265 2077 2315 fluctibus,
2097 2266 2173 2304 dcl-

111 2330 278 2384 δελφίνων
294 2333 328 2369 ἐν
346 2333 460 2383 πολλῇ
481 2329 676 2373 παιζόντων
691 2328 826 2382 γαλήνῃ
843 2330 904 2368 καὶ
918 2331 1002 2382 παρ’
1019 2328 1141 2373 αὐτοὺς
1210 2330 1334 2384 phinis
1355 2329 1551 2380 tranquille
1569 2328 1799 2377 ludentibus,
1827 2337 1860 2366 et
1896 2327 1943 2365 ad
1978 2327 2055 2380 ipsa
2072 2327 2174 2365 navis

110 2396 174 2440 τ’ῆς
188 2393 270 2440 νηὸς
288 2392 367 2436 τοὺς
381 2389 802 2444 τοίχουςςκυὸιστώντων
822 2391 1006 2436 πολλάκις.
1033 2390 1141 2442 Ἡμῖν
1211 2393 1323 2431 latera
1356 2391 1571 2444 plerumque
1610 2389 1874 2429 exsilientibus.
1910 2388 2024 2426 Nobis
2053 2397 2171 2426 autem
2221 2402 2377 2442 chmum

113 2453 150 2493 δὲ
178 2453 244 2502 ἡδὺ
278 2454 318 2492 τὸ
345 2456 408 2500 τῆς
427 2451 590 2499 νηστείας
613 2452 698 2505 ἔαρ,
718 2451 772 2490 ὅτι
790 2448 934 2504 κύματα
952 2457 1060 2504 ἡμῖν,
1080 2455 1144 2505 οὐχ
1209 2450 1414 2505 jucundum
1439 2459 1492 2488 est
1519 2449 1649 2502 jejunii
1675 2462 1752 2496 ver,
1777 2448 1862 2499 quia
1886 2448 2017 2486 fluetus
2048 2446 2172 2495 nobis,
2188 2449 2246 2474 ven
2261 2456 2378 2503 &mr-¹⁶

112 2515 267 2564 ὑδάτων,
293 2516 369 2553 ἀλλ’
391 2516 584 2566 ἐπιθυμιῶν
607 2513 742 2565 ἀλόγων
762 2514 1012 2553 καταστέλλειν
1032 2513 1144 2563 εἴωθε,
1215 2527 1285 2552 non
1301 2511 1496 2562 undarum,
1517 2510 1580 2549 sed
1603 2509 1842 2548 absurdorum
1858 2517 2021 2547 motuum
2038 2521 2172 2545 concu-
2189 2494 2280 2515 mm..

114 2577 174 2616 καὶ
193 2576 361 2629 στέφανον
384 2578 469 2626 ἡμῖν
491 2576 529 2613 οὗ
549 2575 608 2613 τὸν
629 2574 699 2613 ἀπὸ
715 2577 784 2613 τῶν
804 2574 950 2622 ἀνθέων,
974 2574 1066 2613 ἀλλὰ
1081 2575 1140 2614 τὸν
1216 2574 1543 2628 piscentiarumque
1560 2571 1697 2621 sedare,
1721 2580 1754 2608 et
1774 2583 1941 2608 coronam
1965 2569 2079 2618 nobis,
2103 2583 2170 2607 non

115 2639 185 2677 ἀπὸ
198 2641 267 2677 τῶν
281 2637 447 2691 χαρίτων,
458 2635 659 2689 περιτίθησι
676 2639 745 2674 τῶν
765 2639 1012 2688 πνευματικῶν
1025 2651 1033 2660 ·
1054 2636 1146 2675 Στέ-
1216 2638 1360 2685 florum,
1376 2633 1437 2673 sed
1462 2632 1660 2686 spiritualis
1682 2631 1804 2684 gratiae
1827 2640 1944 2669 texere
1970 2630 2057 2668 solet
2075 2646 2082 2667 :
2101 2631 2173 2669 Co·
2189 2630 2281 2659 P¹·⁰='-
2305 2639 2329 2658 ¹-
2346 2631 2363 2654 ’ἱ

116 2715 222 2752 φανον
253 2699 321 2752 γὰρ
352 2699 531 2752 χαρίτων,
564 2697 672 2751 φησὶ,
700 2697 779 2750 δέξῃ
807 2701 850 2750 σῇ
885 2701 1034 2752 κορυφῇ.
1065 2699 1146 2751 Οὐχ
1170 2700 1194 2731 C
1218 2711 1356 2738 ronam
1373 2697 1607 2748 gratiarum,
1626 2692 1754 2744 inquit,
1770 2695 1936 2744 accipies
1955 2694 2075 2743 capiti
2096 2700 2172 2730 tuo.

116 2760 205 2799 οὕτω
218 2760 367 2812 χελιδὼν
384 2766 530 2812 φανεῖσα
543 2760 602 2798 τὸν
619 2763 779 2813 χειμῶνα
794 2759 998 2799 ἀπελαύνειν
1015 2759 1145 2809 ε’ίωΟεν,
1213 2762 1292 2800 Non
1311 2758 1362 2796 sic
1378 2755 1576 2794 adventans
1594 2752 1750 2792 hirundo
1769 2753 1923 2791 hiemem
1942 2753 2031 2791 solet
2050 2752 2174 2805 depel-

117 2823 164 2863 ὡς
182 2819 325 2866 νηστεία
344 2826 489 2872 φανεῖσα
507 2821 565 2860 τὸν
586 2823 748 2873 χειμῶνα
766 2823 836 2859 τῶν
855 2823 975 2859 παθῶν
992 2823 1056 2867 τῆς
1071 2823 1145 2860 δια·
1212 2823 1298 2869 lere,
1316 2827 1355 2857 ut
1375 2816 1572 2857 adventans
1582 2815 1762 2868 jejtlnium
1786 2814 2075 2873 turbulentorum
2101 2815 2175 2853 ani-

118 2881 212 2924 νοίας
234 2880 398 2919 ἐκὸάλλει
418 2884 481 2928 τῆς
499 2881 686 2934 ἡμετέρας.
716 2881 849 2921 Οὐκέτι
870 2881 969 2935 μάχη
986 2885 1029 2935 τῇ
1048 2884 1145 2935 ψυχῇ
1215 2882 1264 2921 mi
1292 2889 1457 2919 motuum
1481 2878 1636 2916 hiemem
1663 2892 1683 2914 a
1711 2876 1813 2915 nobis
1843 2876 1951 2929 ejicit.
1975 2877 2055 2915 Non
2082 2877 2174 2915 ultra

117 2942 203 2995 πρὸς
229 2941 292 2990 τὴν
322 2942 459 2993 σάρκα,
483 2941 559 2980 οὐδὲ
587 2942 876 2987 κατεξανίσταται
895 2946 959 2990 τῆς
984 2944 1104 2998 κυρίας
1124 2948 1145 2991 ἡ
1216 2957 1335 2998 pugna
1358 2939 1484 2979 animae
1506 2952 1590 2978 enm
1607 2952 1726 2986 earne,
1741 2952 1810 2977 non
1834 2938 1990 2990 insurgit
2004 2939 2176 2978 adversus

119 3004 238 3052 δούλη,
260 3003 352 3043 ἀλλὰ
374 3010 442 3047 πᾶς
461 2996 558 3047 οὗτος
575 3007 636 3042 τοῦ
654 3003 816 3055 σώματος
838 3009 856 3044 ὁ
873 3005 1026 3057 πόλεμος
1041 3007 1146 3045 λέλυ-
1217 3004 1402 3044 dominam
1431 3000 1579 3049 ancilla;
1610 2998 1673 3038 sed
1711 2999 1918 3053 hujusmodi
1955 3000 1989 3038 in
2031 3015 2178 3054 corpore

118 3080 189 3104 ται.
216 3065 321 3105 Ἐπεὶ
349 3057 407 3103 οῧν
438 3063 552 3111 πολλὴ
578 3063 640 3114 μὲν
662 3065 748 3119 παρ’
766 3068 852 3116 ἡμῖν
871 3067 990 3119 εἶρῄνη
1004 3096 1014 3115 ,
1035 3069 1148 3115 πολλὴ
1219 3075 1357 3105 motum
1381 3062 1518 3101 bellum
1545 3069 1659 3099 totum
1691 3061 1855 3101 solvitur.
1876 3061 2177 3113 Quandoquidem

121 3128 157 3166 δὲ
178 3129 239 3167 καὶ
260 3131 282 3174 ἡ
303 3127 452 3179 γαλήνη,
470 3126 552 3178 φέρε
572 3127 632 3164 καὶ
649 3128 750 3176 ἡμεῖς
769 3126 808 3165 τὸ
824 3126 955 3179 σκάφος
973 3132 1035 3175 τ’ἧς
1051 3130 1145 3168 διδα-
1221 3127 1332 3179 igitur
1351 3137 1478 3176 magna
1493 3122 1648 3160 fruimur
1662 3136 1763 3175 pace,
1784 3122 1990 3174 ingentique
2004 3123 2178 3173 tranquil-

168 3273 181 3288 ι
205 3262 328 3296 Collati
342 3271 420 3297 sunt
447 3263 480 3296 hi
495 3263 670 3297 sermones
693 3273 769 3295 eum
786 3260 910 3295 Codice
936 3262 1040 3306 Regio
1054 3262 1135 3303 2512
1173 3279 1264 3310 popm.
1285 3268 1333 3297 καὶ
1351 3270 1497 3305 wem-⁴013.

127 3316 231 3356 [nunc
244 3316 335 3358 7751.
1216 3326 1227 3339 c
1253 3316 1333 3357 Reg.
1354 3318 1566 3353 κυὸιστώντων,
1584 3314 1694 3357 sicque
1710 3312 1882 3357 legendum
1911 3320 1970 3344 cst.
1992 3310 2080 3344 Editi
2105 3316 2183 3344 uf:-

174 3368 189 3392 b
214 3368 293 3411 neg.
323 3373 447 3410 γαλήνη,
465 3374 479 3406 ἡ
498 3384 612 3413 α’μιρα
632 3379 688 3403 τὴν
707 3378 824 3402 Ὑπάνι.
846 3373 979 3412 καὶπρὸς
1004 3372 1065 3403 θεὸν
1092 3384 1137 3409 7-2-
1177 3371 1330 3409 ττοὺντωυ,
1349 3367 1457 3399 miuus
1475 3373 1573 3398 recte.

1898 3408 1945 3457 -io
