2516 3791
311 158 403 217 864
767 173 806 203 s.
843 172 1031 203 Jomms
1066 159 1310 201 cnm'sos'r.
1353 170 1559 199 Ancmne.
1596 169 1959 199 consummoe.

309 266 415 307 atque
435 264 600 308 cognatos
624 271 632 292 τ
651 256 778 295 divitis
796 264 930 303 autem,
951 268 992 292 eo
1006 253 1104 305 quod
1129 252 1242 290 multo
1333 252 1392 291 καὶ
1410 257 1604 304 συγγενεῖς·
1631 254 1649 290 ὃ
1674 251 1710 289 δὲ
1727 254 1788 289 τοῦ
1807 252 2034 294 πλουτοῦντος
2054 249 2201 294 πολλοὺς
2219 249 2353 289 πάντ-οα

311 332 391 356 rum
406 317 451 356 ad
467 332 504 356 se
522 317 654 356 alliciat
679 318 819 365 oculos,
847 329 916 354 non
936 329 1018 353 raro
1034 313 1080 351 ad
1098 313 1260 351 inimicos
1334 318 1388 352 θεν
1423 314 1508 365 πρὸς
1532 312 1652 350 ἑαυτὸν
1677 312 1872 364 ὀφθαλμοὺς
1902 311 2027 359 ἕλκων,
2057 314 2105 355 εἷς
2138 310 2202 356 τὰς
2232 317 2354 363 χεῖρας

310 379 469 417 defuncti
488 378 657 417 devenit:
675 377 771 429 quod
790 391 872 414 cum
895 376 956 413 ille
978 375 1104 414 vivens
1123 374 1160 412 in
1179 374 1260 412 aliis
1332 379 1401 414 τῶν
1427 377 1560 428 ἐχθρῶν
1582 379 1642 413 τοῦ
1664 374 1945 421 τετελευτηκότος
1971 369 2055 420 ἦλθε
2082 373 2267 416 πολλάκις·
2295 373 2355 410 καὶ

310 443 388 481 fieri
407 442 544 491 videat,
562 443 676 480 vitam
697 441 796 492 degit
813 448 927 477 morte
946 438 1203 486 molestiorem,
1223 437 1261 475 in
1332 442 1444 476 ταῦτα
1471 438 1537 480 ζῶν
1567 438 1714 482 ἐκεῖνος,
1734 436 1794 474 καὶ
1814 435 1952 487 βλέπων
1972 437 2025 487 ἐφ’
2046 435 2172 489 ἑτέρων
2199 434 2354 485 συμὲαί-

310 518 347 542 se
374 518 514 555 quoque
547 511 754 554 exspectans
779 500 875 539 idem
899 501 1034 538 factum
1068 499 1124 537 iri.
1154 497 1260 545 Quod
1330 515 1450 546 νοντα,
1479 498 1626 537 θανάτου
1646 497 1773 541 παντὸς
1797 497 2042 549 χαλεπώτερον
2070 495 2236 549 βιώσεται
2268 495 2355 547 βίον,

311 575 430 603 autem
450 564 496 601 ad
519 573 668 601 mortem
695 562 837 610 attinet,
855 575 970 599 nonne
990 570 1023 600 et
1047 561 1107 599 hic
1137 560 1261 599 eodem
1331 562 1392 600 καὶ
1413 563 1468 599 ἐπ’
1493 562 1597 599 αὐτοῦ
1622 563 1724 598 τοῦτο
1745 559 1988 610 συμὸἤσεσθαι
2013 560 2228 611 προσδοκῶν.
2251 557 2356 596 Ἀλλὰ

311 625 516 678 aequalitas?
540 638 656 663 nonne
673 633 746 661 tam
764 622 940 661 divitibus
958 637 1065 674 quam
1092 621 1261 674 pauperi-
1331 622 1376 661 τὰ
1394 627 1455 661 τοῦ
1476 621 1622 660 θανάτου
1642 624 1679 660 οὐ
1698 620 1814 667 κοινά,
1833 619 1909 672 οὐχὶ
1928 620 1988 658 καὶ
2014 620 2072 659 ἐπὶ
2093 619 2268 658 πλουσίων
2295 619 2356 656 καὶ

311 688 379 724 lius
414 686 611 724 immaturae
640 693 771 722 mortes
801 682 991 722 accidunt?
1021 692 1126 734 atque
1155 683 1262 721 etiam
1333 684 1391 723 ἐπὶ
1403 683 1560 730 πενήτων
1576 683 1682 737 ἄωροι
1697 682 1850 734 γίνονται
1865 681 2026 729 θάνατοι,
2043 681 2102 719 καὶ
2118 680 2206 732 μετὰ
2217 680 2275 719 τὸν
2296 680 2357 719 θοί-

311 757 391 800 post
412 756 563 785 mortem
589 760 658 785 non
682 755 755 784 tam
784 745 841 783 his
866 759 975 796 quam
996 744 1070 782 illis
1095 744 1262 782 omnibus
1333 761 1434 783 νατον
1448 744 1484 782 δὲ
1501 747 1565 797 οὐχ
1577 745 1708 783 ἅπασιν
1719 744 1846 795 ὁμοίως
1860 743 1922 782 καὶ
1933 748 2035 782 τοῦτο
2048 746 2188 781 κάκεῖνο
2202 741 2241 780 τὸ
2252 744 2357 792 σῶμα

312 809 476 847 similiter
489 822 617 861 corpus
628 807 850 856 dissolvitur,
865 806 1058 856 favillaque
1072 806 1113 844 fit
1135 815 1168 844 et
1181 806 1262 858 pul-
1335 805 1536 853 διαλύεται,
1559 805 1619 844 καὶ
1641 805 1774 856 γίνεται
1792 805 1902 858 τέφρα
1928 805 1987 842 καὶ
2006 804 2098 847 κόνις
2112 833 2122 849 ,
2140 802 2199 840 καὶ
2218 801 2357 848 σκώλη-

108 881 224 909 Funrn
255 880 298 908 di·
311 871 381 918 vis,
405 879 440 908 et
455 884 594 909 vermes
623 869 761 921 gignit?
780 871 824 906 At
838 868 1012 906 funeralia
1039 881 1264 918 nequaquam
1287 875 1311 906 C
1336 883 1400 911 κας
1413 866 1542 913 τίκτει,
1560 865 1667 905 Ἀλλὰ
1694 865 1739 904 τὰ
1768 869 1837 904 τῶν
1860 865 2028 918 ἐνταφίων
2053 867 2092 902 οὔ
2122 863 2238 910 κοινὰ,
2258 863 2356 915 φησί.

110 924 299 1001 ἒζῑέἔῖωωει
313 932 455 971 similia.
478 931 550 970 Sed
572 944 651 981 quae
677 930 838 968 utilitas?
865 930 957 967 Cum
978 928 1073 967 enim
1097 927 1264 967 defuncto
1336 929 1406 968 Καὶ
1437 928 1479 966 τί
1498 928 1538 966 τὸ
1564 928 1704 980 ὄφελος,
1723 927 1834 966 (Όταν
1854 927 1922 979 γὰρ
1946 926 2079 973 πολλὴν
2100 931 2115 947 ³
2130 925 2360 976 ἐπιστιὸάσης

313 994 462 1032 multam
481 992 717 1031 subsnaveris
742 1000 878 1030 vestem
898 991 1091 1042 pretiosam
1109 998 1143 1027 et
1161 1003 1264 1027 aura-
1336 992 1385 1041 τῷ
1404 989 1560 1041 πλουσίῳ
1580 987 1706 1034 στολὴν
1731 987 1789 1026 καὶ
1807 990 1981 1033 πολυτελῆ
2001 986 2060 1025 καὶ
2077 987 2276 1039 διάχρυσον,
2296 987 2356 1024 οὐ-

313 1066 398 1106 tam,
418 1054 508 1092 nihil
529 1053 629 1092 aliud
651 1053 721 1092 nisi
746 1054 915 1105 majorem
939 1050 1115 1089 invidiam
1133 1059 1167 1088 et
1189 1051 1263 1089 cri-
1336 1051 1390 1090 δὲν
1423 1050 1539 1102 ἕτερον
1565 1049 1587 1095 ἢ
1614 1049 1719 1087 πλέον
1753 1051 1848 1100 αὐτῷ
1875 1047 2048 1100 προξενεῖς
2075 1047 2114 1085 τὸ
2147 1054 2266 1098 μῖσος,
2298 1047 2358 1086 καὶ

313 1117 542 1155 minationem
576 1114 754 1163 attuleris,
790 1124 823 1152 et
856 1113 1026 1152 adversus
1055 1112 1264 1151 defunctum
1337 1113 1476 1164 μείζονα
1507 1111 1570 1159 τὴν
1602 1110 1827 1163 κατηγορίαν,
1861 1110 1920 1148 καὶ
1953 1109 1998 1148 τὰ
2034 1109 2175 1148 πάντων
2213 1109 2360 1162 ἀνοίγεις

311 1178 470 1216 omnium
491 1191 552 1215 ora
571 1175 768 1228 aperueris,
789 1184 824 1213 et
842 1174 1045 1212 innumeras
1063 1173 1094 1211 ei
1109 1188 1263 1226 parave-
1336 1175 1494 1225 στόματα
1517 1172 1609 1212 κατὰ
1634 1176 1694 1210 τοῦ
1722 1171 2027 1219 τετελευτηκότος,
2046 1171 2106 1210 καὶ
2129 1170 2215 1224 ἀρὰς
2236 1171 2360 1223 μυρίας

310 1240 361 1278 ris
373 1239 651 1287 maledictiones,
665 1246 698 1275 et
712 1236 871 1275 avaritiae
891 1235 1164 1284 criminationes,
1175 1235 1262 1273 dum
1335 1236 1530 1274 ἐπισπάσαι
1550 1236 1627 1273 κατ’
1650 1237 1754 1272 αὐτοῦ
1767 1263 1776 1281 ,
1793 1233 1854 1272 καὶ
1874 1233 2104 1287 σφοδροτέραν
2129 1236 2192 1279 τῆς
2218 1235 2358 1271 πλεονε-

311 1300 444 1352 singuli
473 1307 690 1352 rumpuntur
721 1296 984 1349 indignatione,
1017 1305 1050 1333 et
1081 1305 1263 1334 mortuum
1335 1298 1406 1342 ξίας
1421 1296 1585 1339 ἀνάπτεις
1599 1295 1661 1343 τὴν
1681 1294 1861 1343 &agol-¹42,
1878 1295 2024 1334 ἑκάστου
2043 1293 2337 1347 διαρρηγνυμένου
2348 1324 2359 1342 ,

311 1371 555 1409 exsecrantur,
573 1360 636 1411 qui
655 1374 697 1397 ne
710 1368 791 1411 post
809 1358 947 1396 obitum
963 1356 1109 1408 quidem
1128 1357 1263 1395 insani·
1333 1358 1393 1397 καὶ
1413 1357 1692 1409 ἀποπνιγομένου
1704 1387 1713 1404 ,
1736 1356 1796 1395 καὶ
1816 1356 2066 1407 καταρωμένου
2089 1354 2174 1394 ὴτὸν
2189 1355 2359 1402 τελευτή-

310 1438 348 1462 re
363 1424 400 1461 in
419 1423 588 1475 pecunias
609 1420 794 1459 desiverit.
811 1419 892 1457 Huc
910 1418 1046 1456 accedit
1068 1417 1168 1456 aliud
1186 1432 1262 1457 ma·
1333 1435 1443 1458 σαντα
1455 1448 1464 1464 ,
1485 1418 1539 1456 ὅτι
1559 1417 1648 1467 μηδὲ
1670 1416 1852 1455 ἀποθανὼν
1872 1415 1935 1463 τὴν
1954 1416 2034 1469 περὶ
2050 1415 2094 1453 τὰ
2107 1416 2276 1468 χρήματα
2292 1432 2359 1467 μα-

309 1486 403 1530 lum,
429 1483 525 1535 quod
549 1484 671 1520 surum
698 1481 793 1520 oculi
820 1480 1019 1518 irritantur.
1039 1480 1164 1530 Itaque
1191 1493 1262 1531 quo
1333 1481 1408 1518 νίαν
1442 1479 1622 1518 κατέλυσε.
1654 1478 1726 1516 Καὶ
1747 1480 1784 1516 οὗ
1807 1483 1909 1517 τοῦτο
1936 1477 2038 1528 μόνον
2066 1477 2139 1515 ἐστὶ
2166 1478 2206 1515 τὸ
2238 1477 2359 1523 δεινὸν,

310 1547 424 1598 major
442 1553 493 1582 est
512 1543 648 1590 cultus,
672 1556 712 1579 eo
734 1541 880 1593 majoris
898 1540 953 1578 illi
967 1540 1009 1577 fit
1023 1539 1160 1578 occasio
1180 1554 1263 1578 con-
1334 1542 1411 1579 ἀλλ’
1427 1540 1480 1578 ὅτι
1493 1540 1553 1577 καὶ
1573 1539 1652 1584 τοὺς
1665 1543 1733 1577 τῶν
1754 1538 1979 1591 τοιχωρύχων
2003 1539 2132 1589 ἀνοίγει
2146 1537 2360 1590 ὀφθαλμούς.

310 1606 478 1644 tumeliae.
502 1603 672 1656 Pauperis
697 1602 793 1641 enim
819 1600 970 1639 cadaver
988 1614 1091 1638 nemo
1110 1600 1263 1653 spoliare
1285 1612 1311 1642 D
1333 1601 1448 1640 ζὨστε
1462 1603 1484 1647 ἡ
1504 1600 1633 1638 πλείων
1650 1599 1818 1653 θεραπεία
1833 1599 1987 1643 πλείονος
2004 1598 2252 1651 ἀσμμοσύνης
2266 1601 2359 1651 αὐτῷ

310 1676 427 1716 curat,
451 1666 530 1719 ipsa
549 1664 841 1702 indumentorum
871 1661 1010 1700 vilitate
1039 1669 1168 1698 tutum.
1195 1661 1264 1699 Hic
1334 1661 1465 1713 γίνεται
1480 1660 1666 1713 πρόφασις.
1688 1660 1741 1699 Τὸ
1768 1659 1830 1711 μὲν
1849 1659 1917 1714 γὰρ
1937 1662 2041 1711 σῶμα
2059 1665 2118 1698 τοῦ
2133 1658 2281 1707 πένητος
2299 1662 2361 1698 οὐκ

310 1738 365 1766 aut
373 1743 428 1766 em
441 1727 559 1766 obices
573 1735 608 1764 et
620 1739 719 1774 serae,
732 1724 825 1762 sores
838 1732 946 1774 atque
955 1721 1131 1771 custodes,
1145 1722 1263 1760 omnia
1336 1724 1375 1761 ἄν
1397 1738 1448 1766 τις
1469 1722 1583 1761 ἕλοιτο
1601 1725 1785 1774 γυμνῶσαι
1805 1721 1926 1760 λοιπόν
1939 1737 1947 1745 ·
1963 1724 1985 1767 ἡ
2005 1720 2073 1774 γὰρ
2106 1720 2261 1760 εὐτέλεια
2290 1723 2363 1760 τῶν

311 1792 486 1828 incassum
501 1787 738 1835 adhibentur,
754 1801 834 1825 curn
849 1784 1081 1838 pecuniarum
1095 1783 1265 1822 aviditate
1336 1784 1485 1835 ἱματίων
1511 1783 1648 1837 φυλακὴ
1676 1786 1720 1836 τῇ
1741 1783 1911 1835 περιὸολῇ
1939 1787 2000 1821 τοῦ
2026 1781 2188 1833 σώματος
2215 1782 2362 1834 γίνεται.

310 1851 402 1889 nihil
413 1865 482 1888 non
495 1849 660 1898 audeant,
676 1847 737 1898 qui
749 1847 884 1885 talibus
902 1845 1088 1884 maleficiis
1100 1859 1135 1883 se
1145 1859 1264 1884 assue—
1336 1846 1511 1884 Ἐνταῦθα
1525 1845 1561 1884 δὲ
1581 1847 1723 1898 κλεῖθρα
1748 1844 1809 1883 καὶ
1829 1844 1956 1897 μοχλοὶ
1973 1843 2033 1882 καὶ
2053 1843 2152 1897 θύραι
2173 1844 2232 1882 καὶ
2252 1844 2361 1897 φύλα-

309 1913 478 1950 sccerunt.
494 1912 619 1961 Itaque
637 1909 751 1961 major
771 1908 885 1946 honor
907 1906 1074 1945 defuncto
1093 1907 1265 1959 majorem
1337 1924 1412 1956 χες,
1431 1907 1491 1946 καὶ
1516 1907 1632 1946 πάντα
1659 1909 1736 1959 εἰκῇ
1759 1907 1819 1945 καὶ
1846 1906 1976 1957 μάτην,
1997 1909 2060 1952 τῆς
2079 1909 2146 1944 τῶν
2167 1905 2361 1959 χρημάτων

310 1975 415 2012 infert
432 1973 624 2025 injuriam;
641 1979 673 2008 et
693 1970 735 2019 is,
755 1969 814 2007 cui
830 1968 919 2007 vilia
935 1968 1109 2006 funeralia
1129 1968 1264 2006 contin·
1337 1969 1522 2020 ἐπιθυμίας
1547 1968 1625 2013 τοὺς
1644 1968 1688 2006 τὰ
1716 1972 1858 2007 τοιαῦτα
1886 1973 2089 2020 κακουργεῖν
2111 1967 2363 2019 ἐπισταμένους

312 2045 414 2087 gunt,
429 2036 523 2087 jacet
542 2032 714 2071 inviolato
739 2030 892 2084 sepulcri
919 2029 1053 2068 honore
1073 2046 1080 2067 :
1098 2030 1154 2068 cui
1177 2044 1264 2068 vero
1337 2031 1453 2070 πάντα
1480 2032 1614 2083 τολμᾷν
1644 2028 1907 2076 ἀναπειθούσης.
1926 2028 2042 2067 “Ωστε
2066 2032 2088 2076 ἡ
2111 2029 2241 2068 πλείων
2274 2029 2362 2082 τιμὴ

313 2097 488 2149 pretiosa,
515 2095 545 2133 is
573 2093 748 2146 spoliatur
776 2101 811 2129 et
840 2091 1113 2140 dehonestatur;
1142 2099 1204 2128 aut
1234 2090 1265 2128 si
1338 2091 1482 2130 πλείονα
1514 2091 1638 2143 ἐπάγει
1666 2093 1717 2143 τῷ
1753 2089 2018 2136 τετελευτηκότι
2049 2090 2112 2137 τὴν
2157 2090 2272 2144 ὕὸριν,
2303 2091 2363 2129 καὶ

313 2158 381 2195 hoc
393 2155 595 2194 ludibrium
608 2153 746 2201 evadat,
764 2166 808 2190 ne
821 2152 872 2190 sic.
891 2151 1036 2202 quidem
1048 2152 1168 2204 potior
1184 2151 1265 2200 erit,
1339 2156 1356 2191 ὃ
1385 2152 1448 2203 μὲν
1483 2155 1604 2199 εὐτελῆ
1644 2151 1763 2190 λαὸὼν
1808 2151 1972 2203 ἐντάφια,
2014 2157 2128 2190 κεῖται
2162 2156 2226 2199 τῆς
2258 2155 2365 2203 τιμῆς

315 2219 383 2256 nisi
398 2217 496 2269 quod
510 2216 625 2267 major
638 2214 819 2266 corruptio
831 2214 893 2251 fiet
905 2212 1139 2263 ,largiusque
1153 2212 1267 2252 vermi
1340 2212 1544 2252 ἀπολαύων·
1569 2216 1587 2250 ὁ
1614 2212 1650 2250 ’δὲ
1676 2213 1872 2259 πολυτελῆ,
1896 2217 2085 2263 γυμνοῦται
2109 2212 2168 2250 καὶ
2200 2213 2365 2265 ἀτιμάζε-

315 2279 502 2334 pabulum.
525 2276 690 2315 Haeccine
708 2283 810 2323 sunt,
829 2287 969 2325 quaeso,
985 2273 1031 2311 ob
1049 2287 1128 2324 quae
1145 2274 1268 2311 beatos
1339 2289 1414 2312 ται·
1444 2275 1474 2312 εἷ
1502 2273 1538 2312 δὲ
1565 2272 1674 2323 μηδὲν
1699 2272 1828 2310 τούτων
1857 2271 2003 2324 γένοιτο,
2031 2273 2108 2312 οὐδὲ
2132 2290 2240 2318 ουτως
2265 2275 2365 2314 ἔσται

315 2338 578 2395 praedicemus?
610 2337 657 2375 Et
689 2335 768 2386 quis
802 2344 854 2373 est
885 2335 974 2372 adeo
1007 2334 1128 2381 miser,
1163 2343 1270 2385 atque
1292 2341 1316 2371 E
1340 2350 1374 2372 τι
1395 2333 1500 2373 πλέον
1531 2336 1645 2387 αὖτω,
1677 2335 1755 2371 ἀλλ’
1774 2333 1796 2378 ἢ
1816 2333 1856 2371 τὸ
1890 2333 2013 2372 δαΣιιλε
2000 2334 2141 2388 εστέραν
2169 2343 2365 2390 παρασγεῖν

319 2414 554 2450 aerumnosus,
572 2407 613 2436 ut
627 2398 674 2436 ob
694 2397 770 2434 haec
796 2395 978 2434 hominem
1006 2394 1187 2432 existimet
1215 2394 1269 2432 in·
1341 2398 1391 2447 τῷ
1427 2394 1586 2442 σκώληκι
1618 2411 1682 2441 την
1721 2395 1918 2447 τράπεζαν,
1956 2394 2016 2432 καὶ
2057 2396 2167 2434 πλείω
2206 2397 2367 2449 γενέσθαι

318 2463 417 2502 vidia
439 2462 618 2513 dignum?
645 2460 785 2498 Verum
807 2470 878 2494 non
896 2455 973 2493 haec
1000 2455 1131 2502 solum,
1154 2455 1218 2494 sed
1235 2465 1271 2494 et
1341 2473 1404 2503 την
1439 2455 1626 2503 σηπεδόνα.
1660 2457 1784 2494 Ταῦτα
1813 2459 1884 2503 οὖν,
1912 2460 1972 2493 εἰτ-
1959 2455 1990 2494 έ
2023 2472 2101 2506 μοι,
2131 2462 2366 2511 μακαρισμῶν

317 2525 386 2563 alia
402 2523 543 2575 singula
559 2527 819 2574 percurrentes,
833 2516 1096 2567 diligenterque
1107 2525 1270 2555 scrutan-
1344 2518 1384 2562 άξ
1390 2534 1446 2556 ια·
1438 2548 1447 2565 ,
1467 2517 1537 2556 Καὶ
1556 2517 1608 2560 τίς
1628 2516 1738 2560 οὕτως
1755 2517 1871 2560 ἅθλιος
1889 2517 1949 2555 καὶ
1965 2517 2188 2572 ταλαίπωρος
2201 2550 2211 2568 ,
2229 2524 2276 2565 ὡς
2296 2522 2366 2559 ἀπὸ

318 2596 387 2636 tes,
409 2597 583 2638 pauperes
603 2580 778 2620 divitibus
802 2576 1058 2631 praeponendos
1077 2578 1271 2631 comperie-
1343 2579 1471 2617 *ιούτων
1498 2579 1650 2625 ζτλωτὸν
1669 2577 1819 2629 νομίζειν
1850 2581 1938 2616 εἶναι
1966 2578 2165 2629 ἄνθρωπον,
2184 2583 2237 2619 Οὐ
2255 2585 2365 2620 ταῦτα

321 2661 413 2685 mus.
444 2645 528 2683 Haec
560 2643 672 2694 igitur
703 2640 894 2691 diligenter
925 2638 1204 2689 considerantes,
1237 2648 1271 2678 et
1345 2641 1380 2678 δὲ
1407 2639 1521 2690 μόνον,
1542 2638 1632 2677 ἀλλὰ
1656 2655 1717 2677 και
1742 2638 1785 2676 τὰ
1804 2638 1895 2677 ἄλλα
1921 2640 1998 2676 καθ’
2023 2639 2168 2679 ἕκαστον
2188 2642 2365 2690 ἐπιόντες,

119 2720 212 2748 Prou.
229 2727 258 2758 9.
274 2729 304 2759 9.
321 2708 400 2745 aliis
416 2713 597 2745 narrantes
616 2702 771 2750 (dicitur
792 2700 902 2750 enim,
924 2701 990 2738 Da
1018 2703 1187 2752 sapienti
1211 2714 1272 2739 oc·
1345 2701 1404 2739 καὶ
1424 2699 1511 2751 μετὰ
1531 2699 1710 2751 ἀκριὸείας
1729 2698 2014 2751 διερευνώμενοι,
2030 2701 2108 2746 τοὺς
2125 2702 2277 2751 πένητας
2295 2708 2365 2743 τῶν

321 2771 528 2813 unionem,
548 2774 584 2803 et
601 2767 673 2803 erit
687 2765 933 2815 sapientior),
951 2770 984 2799 et
1000 2761 1092 2799 illud
1106 2762 1272 2800 continue
1344 2761 1583 2800 πλουτούντων
1606 2760 1694 2798 πολὺ
1721 2760 1825 2799 πλέον
1859 2760 2052 2814 εὑρήσομεν
2079 2763 2233 2815 ἔχοντας.
2256 2766 2368 2804 Ταῦτ’

320 2829 508 2867 retinentes
533 2824 718 2872 memoria,
751 2822 985 2875 pecuniarum
1013 2822 1152 2874 copiam
1179 2822 1271 2861 nihil
1283 2852 1333 2877 Ἡ,
1345 2817 1401 2861 οὖν
1431 2822 1570 2861 ἅπαντα
1603 2821 1692 2872 μετὰ
1727 2821 1906 2877 ἀκριὲείας
1941 2827 2167 2874 σκοποῦντες,
2201 2826 2261 2865 καὶ
2295 2833 2368 2871 τοῖς

319 2890 476 2942 amplius
496 2889 621 2925 afferre
641 2884 918 2938 possessoribus,
938 2898 1047 2934 quam
1067 2898 1184 2931 curas,
1203 2885 1271 2923 sol-
1296 2889 1319 2918 Α
1344 2885 1462 2927 ἄλλοις
1490 2883 1620 2921 ἅπασιν
1639 2884 1829 2928 ἐπεξιόντες
1859 2884 1987 2935 (Δίδου
2014 2885 2103 2938 γὰρ,
2136 2887 2241 2939 φησὶ,
2272 2891 2366 2941 σοφῷ

319 2950 544 2997 licitudincs,
562 2949 720 2997 timores,
737 2955 770 2984 et
784 2945 944 2998 pericula
964 2961 972 2981 :
989 2944 1104 2983 nihilo
1119 2944 1271 2985 deterio-
1345 2944 1520 2999 ἀφορμὴν,
1539 2945 1599 2984 καὶ
1618 2945 1813 3000 σοφώτερος
1832 2946 1969 2995 ἔσται),
1989 2951 2130 2987 κάκεῖνο
2149 2949 2367 3000 μεμνημένοι

320 3027 395 3051 rem
413 3026 521 3063 qnam
544 3009 700 3047 divitum
730 3017 887 3045 nostram
907 3006 1148 3044 conditionem
1169 3016 1270 3059 pute·
1344 3009 1528 3055 διηνεκῶς,
1560 3007 1611 3044 ὅτι
1645 3007 1720 3046 οὐδὲ
1753 3010 1814 3046 ἀπ’
1849 3011 1955 3055 αὐτῆς
1985 3012 2048 3056 τῆς
2075 3011 2144 3047 τῶν
2171 3010 2365 3062 χρημάτων

321 3087 411 3111 mus.
434 3073 473 3111 Si
500 3071 595 3109 enim
620 3068 952 3120 advigilavcrimus,
974 3068 1130 3120 potiores
1161 3069 1270 3108 etiam
1342 3067 1542 3121 περιουσίας
1560 3068 1673 3119 1ἔσται
1703 3085 1736 3106 τι
1767 3068 1872 3107 πλέον
1900 3076 1972 3113 τοῖς
2005 3071 2248 3122 κεκτημένοις,
2276 3071 2366 3109 ἀλλὰ

320 3143 435 3186 partes
466 3131 693 3179 habebimus,
715 3138 784 3167 tam
803 3129 838 3167 in
857 3129 965 3180 liujus
997 3127 1116 3166 saeculi
1145 3128 1265 3176 rebus,
1343 3128 1542 3183 φροντίδες,
1578 3129 1637 3167 καὶ
1667 3129 1832 3181 ἀγωνίαι,
1866 3130 1925 3168 καὶ
1962 3130 2080 3183 φόὸοι,
2111 3131 2172 3169 καὶ
2197 3131 2368 3170 κίνδυνοι·

319 3194 474 3246 quamin
491 3191 639 3231 divinis.
657 3192 750 3230 Nam
769 3198 801 3227 ct
814 3189 1036 3241 voluptatem
1051 3198 1084 3227 et
1099 3189 1269 3228 securita-
1343 3189 1451 3240 μηδὲν
1481 3189 1674 3241 νομίζωμεν
1706 3191 1847 3229 ἔλαττον
1881 3191 1972 3243 ἔχειν
2004 3195 2072 3231 τῶν
2110 3193 2364 3232 πλουτούντων.

359 3320 371 3332 a
398 3309 478 3350 neg.
497 3311 706 3351 ἐπιστοεςάσῃς.
1361 3316 1376 3335 a
1395 3303 1518 3338 savilio
1536 3303 1701 3338 laudatus.

361 3364 376 3385 ἰ·
402 3359 496 3394 colb.
517 3370 557 3404 τῷ
578 3363 795 3396 ‹rel-:urinum
815 3363 843 3387 vt
861 3356 941 3398 Regv
962 3366 1107 3398 quoque,
1129 3363 1226 3399 atque
1245 3355 1327 3389 alins
