2566 3791
451 129 542 177 256
839 143 876 174 s.

449 240 595 281 pensam
629 226 736 264 fuisse
764 225 878 278 ipsam
907 226 1014 264 etiam
1049 233 1189 264 aetatem
1221 223 1399 261 malorum

449 293 688 345 inexpertam.

504 418 544 454 222.
561 415 612 452 Ut
629 413 740 464 igitur
758 411 947 457 discamus,
963 422 1033 459 quo
1052 416 1155 459 pacto
1172 406 1216 443 iis
1234 404 1400 443 omnibus

449 485 586 515 tantam
607 473 781 511 insaniam
813 484 853 507 ac
880 469 1015 506 rabiem
1041 480 1113 519 prae
1131 479 1167 503 se
1179 464 1372 503 ferentibus
1387 493 1399 514 ‚
1423 465 1446 494 B
1466 458 1529 506 λὴν
1549 458 1612 506 τὴν
1633 458 1764 497 λύσσαν
1785 459 1846 497 καὶ
1874 460 1937 506 τὴν
1971 460 2096 510 μανίαν
2127 460 2416 511 ἐπιδεικνυμένων
2430 490 2439 507 ,
2471 462 2490 496 ὃ
2536 459 2544 493 ’ὲ

1468 519 1598 563 δίκαιος
1617 514 1714 562 οὗτος
1732 519 1845 569 ἔμεινε
1866 520 1967 570 μόνος
1984 521 2042 559 τὸν
2059 523 2122 567 τῆς
2141 520 2367 574 σωφροσύνης
2386 514 2489 558 ἆθλον
2536 515 2543 549 s

1471 580 1559 632 μετὰ
1577 584 1638 626 τῆς
1657 579 1766 626 ἄλλης
1785 582 1912 632 ἀρετῆς
1930 582 2129 633 κατορθῶν,
2163 582 2286 633 μέχρις
2307 581 2364 619 ὅτε
2382 583 2431 624 εἷς
2449 580 2490 618 τὸ
2544 595 2547 613 t

447 538 567 588 justus
600 534 660 571 ille
696 530 864 569 manserit
897 528 1006 576 solus,
1042 525 1294 564 continentiam
1319 538 1402 562 cum

451 596 532 632 aliis
550 592 745 632 virtutibus
773 599 913 627 strenue
928 600 1086 635 servans,
1106 585 1219 624 donec
1236 584 1282 622 ad
1298 584 1403 635 quin-

451 653 683 705 gentesimum
697 664 828 688 annum
837 647 1009 701 pervenit.
1023 648 1114 684 Cum
1125 645 1286 694 dixisset,
1301 646 1403 682 Erat

449 716 535 754 ZVoe'
563 716 862 766 quingentorum
893 721 1100 753 annorum,
1138 714 1224 743 tunc
1256 705 1399 755 inquit:

449 776 504 812 Et
517 776 649 826 genuit
669 773 752 810 Noe*
773 779 848 808 tres
852 769 980 821 filios.
1013 765 1149 806 Vidisti
1174 765 1320 814 dilecte,
1341 778 1404 802 ex-

449 835 633 872 cellentem
656 831 743 884 justi
756 827 1054 881 temperantiam?
1074 827 1127 864 Ne
1150 825 1218 863 hoc
1241 825 1289 862 ita
1317 838 1405 876 per—

449 895 623 933 functorie
636 903 870 940 transeamus,
890 888 954 927 sed
968 897 1001 925 et
1012 896 1152 938 tempus
1167 885 1259 923 illud
1273 898 1405 936 expen-

449 956 592 1005 damus,
622 963 656 992 et
681 952 856 990 malitiam
895 963 972 1000 quae
1008 947 1054 985 ad
1077 960 1182 985 omne
1217 945 1406 985 hominum

450 1031 559 1069 genus
576 1015 622 1053 ob
641 1028 766 1053 eorum
786 1011 962 1050 desidiam
983 1022 1019 1046 se
1037 1007 1256 1056 extenderat,
1275 1015 1309 1044 et
1325 1019 1407 1043 con-

451 1077 645 1115 sideremus
669 1083 810 1126 quantae
835 1072 881 1110 sit
907 1070 1054 1110 virtutis
1083 1077 1117 1106 et
1152 1067 1294 1119 pietatis
1323 1079 1406 1117 erga

455 1139 591 1186 Deum,
607 1137 643 1174 in
663 1145 798 1173 tantam
813 1132 983 1184 temporis
996 1128 1258 1181 longitudinem
1278 1140 1406 1164 concu-

454 1198 633 1250 piscentiae
659 1196 793 1235 rabiem
823 1194 1016 1241 refrenare,
1041 1190 1208 1239 viamque
1234 1188 1337 1239 longe
1361 1187 1407 1225 ab
1428 1195 1452 1226 C

454 1260 536 1298 aliis
554 1259 734 1297 diversam
753 1269 894 1307 carpere
906 1284 918 1305 ,
940 1263 974 1292 et
991 1266 1062 1291 non
1083 1250 1200 1289 solum
1217 1249 1263 1288 ab
1281 1249 1407 1286 illicito

454 1321 547 1358 coitu
563 1333 599 1357 se
618 1319 802 1367 cohibere,
825 1315 885 1354 sed
901 1324 934 1353 et
950 1329 970 1352 a
991 1312 1151 1364 legitimo
1167 1319 1200 1348 et
1214 1310 1406 1361 inculpato.

455 1383 508 1419 Et
536 1383 688 1433 genuit,
723 1377 863 1429 inquit,
909 1377 993 1414 No&
1032 1383 1106 1411 tres
1122 1373 1237 1424 filios
1259 1387 1269 1407 .-
1292 1372 1403 1417 Sem,

456 1440 602 1487 Clmm,
633 1440 819 1491 Japlzetli.
849 1439 911 1474 11.
944 1436 1136 1485 Corrupta
1167 1440 1299 1469 autem
1324 1439 1409 1468 erat

457 1511 560 1539 terra
580 1515 712 1539 coram
734 1501 840 1544 Deo,
864 1506 900 1535 et
914 1496 1061 1547 repleta
1081 1501 1165 1531 erat
1183 1502 1287 1530 terra
1306 1494 1408 1544 inju-

456 1565 578 1599 stitia.
612 1561 706 1599 Mihi
737 1559 883 1598 videtur
913 1556 1040 1594 divina
1069 1553 1330 1606 dispensatione
1351 1553 1408 1591 sa—

456 1631 577 1670 ctum,
597 1631 637 1659 ut
664 1622 783 1673 justus
804 1619 864 1656 ille
894 1631 988 1654 nunc
1015 1615 1158 1653 tandem
1186 1614 1232 1651 ad
1262 1627 1410 1651 uxorem

455 1684 656 1731 accederet,
706 1682 856 1730 illosque
914 1679 1009 1716 filios
1062 1675 1265 1727 susciperet.
1315 1675 1411 1722 Quia

455 1745 550 1782 enim
590 1743 637 1781 ob
665 1741 811 1780 malitiae
846 1737 1133 1790 magnitudinem
1165 1743 1199 1773 et
1232 1735 1411 1786 ingentem

456 1805 720 1857 improbitatem
740 1801 894 1854 generali
920 1798 1078 1852 pernicie
1105 1805 1199 1834 totus
1226 1796 1324 1833 orbis
1342 1795 1409 1833 de-

455 1866 582 1904 lendus
619 1874 715 1914 erat,
750 1864 949 1901 misericors
983 1862 1081 1899 Deus
1117 1857 1220 1908 quasi
1252 1855 1410 1894 radicem

455 1927 613 1977 aliquam
628 1935 662 1963 et
670 1926 883 1963 fermentum
897 1923 1014 1961 Voluit
1021 1921 1162 1973 justum
1173 1917 1277 1954 illum
1288 1931 1411 1969 super-
1431 1922 1456 1951 D

455 2001 530 2025 esse
543 2017 552 2035 ,
575 1996 615 2024 ut
633 1984 776 2023 abolitis
793 1984 865 2021 illis
885 1983 985 2034 origo
1004 1990 1038 2020 et
1056 1978 1226 2032 primitiae
1246 1977 1411 2028 quaedam

456 2058 544 2086 esset
573 2048 790 2085 futurorum.
830 2045 948 2097 Hujus
977 2043 1027 2081 rei
1064 2040 1199 2093 gratia,
1229 2053 1310 2077 cum
1334 2039 1411 2090 jam

456 2110 731 2160 quingentorum
757 2116 845 2144 esset
868 2118 1066 2152 annorum,
1101 2101 1318 2151 haberetque
1341 2108 1412 2137 tres

458 2170 542 2207 istos
557 2170 650 2207 filios
661 2199 672 2218 ‚
691 2168 763 2205 illis
780 2175 964 2205 contentus
980 2164 1064 2213 fuit,
1081 2177 1118 2200 re
1134 2163 1211 2213 ipsa
1227 2161 1412 2199 declarans

458 2231 526 2268 hoc
543 2244 579 2267 se
609 2230 750 2278 fecisse,
782 2237 823 2265 ut
854 2226 988 2265 divinae
1018 2225 1054 2262 in
1072 2225 1272 2261 humanum
1301 2235 1412 2272 genus

457 2292 587 2329 futurae
604 2289 817 2341 benignitati
832 2287 993 2325 serviret.
1008 2285 1054 2323 Et
1069 2298 1138 2335 quo
1153 2282 1242 2320 scias
1257 2282 1325 2319 hoc
1342 2295 1411 2318 non

458 2366 531 2390 esse
567 2350 752 2389 temeraria
793 2349 993 2400 conjectura
1031 2346 1189 2392 dictum,
1229 2342 1412 2381 considera

459 2413 654 2466 Scripturae
686 2410 922 2463 diligentiam.
954 2409 1047 2446 Nam
1071 2415 1260 2458 postquam
1285 2403 1407 2449 dixit,

456 2476 593 2527 justum
614 2474 717 2511 illum
740 2482 807 2510 tres
822 2470 991 2509 habuisse
1012 2468 1126 2517 filios,
1149 2466 1268 2504 statim
1289 2464 1412 2503 subdi-

460 2536 536 2574 dit:
562 2536 754 2586 Corrupta
772 2541 856 2570 erat
877 2539 1008 2568 autem
1031 2538 1133 2566 terra
1156 2540 1289 2564 coram
1303 2527 1408 2571 Deo,

462 2604 499 2633 et
520 2595 680 2646 impleta
699 2601 782 2632 erat
802 2600 906 2630 terra
921 2590 1126 2642 injustitia.
1147 2585 1284 2625 Vidisti
1300 2585 1335 2622 in
1355 2599 1406 2622 ea-

462 2657 545 2695 dem
564 2664 688 2693 natura
704 2667 871 2705 magnam
891 2661 924 2689 et
942 2649 1158 2688 ineffabilem
1178 2646 1410 2686 varietatem?
1435 2664 1458 2693 E

461 2720 516 2755 De
529 2718 626 2769 justo
652 2715 747 2753 euim
780 2713 921 2751 dicebat
949 2710 1160 2763 Scriptura:
1181 2709 1265 2746 Νοέ
1297 2708 1410 2744 Ιιοηιο

457 2782 609 2832 justus,
639 2777 832 2829 perfectus
860 2776 1046 2812 exsistens
1081 2773 1122 2809 in
1164 2771 1412 2822 generatione

463 2854 535 2877 sua
565 2855 571 2875 :
609 2837 654 2875 de
696 2835 841 2886 reliquis
886 2843 1004 2871 autem
1049 2830 1214 2870 omnibus
1261 2829 1375 2881 inquit
1401 2845 1408 2865 ε

467 2902 658 2950 Corrupta
681 2906 811 2935 autem
839 2903 924 2933 erat
950 2903 1054 2931 terra
1078 2905 1209 2930 coram
1238 2891 1344 2933 Deo,
1377 2898 1413 2926 et

465 2961 625 3012 impleta
652 2968 735 2997 erac
765 2966 868 2995 terra
896 2956 1102 3008 injustitia.
1138 2951 1290 2990 Nomine
1319 2951 1412 2988 enim

465 3030 564 3058 terrae
577 3050 587 3069 ,
601 3019 787 3057 hominum
799 3016 1066 3055 multitudinem
1079 3022 1194 3053 vocat.
1212 3012 1304 3059 Quia
1320 3011 1412 3049 enini

465 3081 582 3119 omnia
616 3094 738 3117 eorum
774 3092 879 3130 opera
912 3076 1090 3114 terrestria
1124 3082 1245 3120 erant,
1280 3072 1412 3110 idcirco

466 3152 565 3179 terrm
599 3140 740 3178 nominc
759 3149 791 3176 ct
823 3153 945 3176 eorum
977 3137 1176 3181 vilitatem,
1199 3143 1233 3173 et
1266 3133 1411 3172 malitia&

466 3200 750 3253 exsuperantiam
761 3199 948 3249 significat.
966 3199 1057 3235 Nam
1072 3197 1163 3234 sicut
1177 3195 1221 3233 dc
1235 3194 1410 3247 protopla-

466 3272 531 3308 sto,
548 3261 608 3311 qui
627 3261 736 3308 legem
758 3270 992 3309 transgressus
1012 3258 1160 3308 gloriam
1174 3271 1242 3308 qua
1259 3256 1410 3293 circnm-

467 3323 622 3360 dabatur
636 3321 766 3362 amisit,
781 3321 970 3369 mortisque
986 3334 1093 3371 pirna:
1106 3317 1280 3357 obnoxius
1296 3318 1404 3354 sactus
1429 3328 1453 3356 Α

1428 3290 1477 3315 219

915 143 1098 174 JOANNJS
1132 140 1382 172 CHRYSOST.
1422 139 1626 171 AncniEP.
1664 138 2029 170 CONSTANTINOP.

1468 222 1589 260 ἐνίκων
1608 221 1688 264 τοὺς
1705 220 1980 273 προὸεὸηκότας,
1999 219 2059 258 καὶ
2077 221 2108 258 οἱ
2126 219 2283 271 γέροντες
2300 220 2368 258 τῶν
2400 219 2485 258 νέων
2532 238 2540 266 gs

1468 282 1530 318 οὐκ
1546 279 1688 317 ἔλαττον
1708 279 1907 330 ἐμάνησαν,
1924 280 1986 318 καὶ
2005 280 2059 319 ὅτι
2078 280 2139 319 καὶ
2155 280 2240 327 αὐτὴ
2260 285 2282 328 ἡ
2299 280 2485 331 ἀπειρόκα-
2538 267 2541 308 {

1468 355 1526 382 κος
1546 339 1668 385 ἡλικία
1682 339 1766 390 πρὸς
1781 339 1844 386 τὴν
1865 339 1991 378 κακίαν
2008 339 2142 386 πολλὴν
2157 334 2230 393 εἶχε
2246 340 2308 387 τὴν
2327 339 2449 393 ῥοπήν.

1519 399 1599 437 Ἵνα
1613 398 1723 437 τοίνυν
1747 399 1926 450 μάθωμεν,
1945 400 2038 443 ὅπως
2055 400 2186 439 τούτων
2207 401 2370 440 ἁπάντων
2398 402 2488 438 πολ-

1469 640 1758 679 πεντακοσιοστὸν
1774 640 1847 682 ἔτος
1863 639 2004 692 ἔφθασε.
2029 640 2133 678 Μετὰ
2147 641 2188 678 τὸ
2200 643 2309 679 εἰπεῖν
2323 640 2404 693 γὰρ,
2418 634 2490 678 ’Ἦν

1471 704 1553 740 Νῶε
1583 704 1669 740 ἐτῶν
1695 700 1956 749 πεντακοσίων,
1989 701 2067 739 τότε
2089 702 2192 754 φησὶ,
2225 702 2297 741 Καὶ
2330 703 2491 752 ἐγέννησε

1472 764 1554 801 Νῶε
1574 769 1665 815 τρεῖς
1686 762 1789 805 υἱούς.
1828 755 1950 808 Εἶδες,
1982 763 2164 813 ἀγαπητὲ,
2191 765 2251 800 τοῦ
2275 761 2409 800 δικαίου
2427 760 2491 808 τὴν

1475 823 1763 875 ὓπερῧάλλουσαν
1786 823 2016 875 ἐγκράτειαν;
2044 822 2107 869 Μὴ
2122 823 2190 874 γὰρ
2205 822 2246 868 δὴ
2267 823 2386 864 ἁπλῶς
2407 821 2495 860 αὐτὰ

1471 884 1757 937 παραδράμωμεν
1773 912 1785 929 ,
1818 882 1909 921 ἀλλὰ
1938 883 1999 921 καὶ
2026 883 2085 921 τὸν
2118 884 2238 934 καιρὸν
2270 882 2494 929 ἐννοήσαντες

1472 946 1624 990 ἐκεῖνον,
1650 945 1711 983 καὶ
1735 944 1799 991 τὴν
1830 944 1957 982 κακίαν
1989 944 2053 991 τὴν
2081 944 2173 982 κατὰ
2191 945 2320 988 παντὸς
2337 947 2397 981 τοῦ
2423 946 2492 981 τῶν

1473 1004 1664 1058 ἀνθρώπων
1681 1004 1798 1056 γένους
1818 1005 1876 1043 διὰ
1894 1004 1956 1052 τὴν
1972 1005 2105 1052 πολλὴν
2127 1004 2297 1056 ῥᾳθυμίαν
2317 1003 2495 1043 ἐπιπολά-

1471 1067 1612 1112 ζουσαν,
1640 1064 1873 1115 σκοπήσωμεν
1901 1066 2012 1112 πόσης
2035 1059 2076 1112 ἦν
2099 1068 2223 1116 ἀρετ-ἦς
2243 1065 2303 1102 καὶ
2335 1063 2494 1117 φιλοθέου

1473 1125 1628 1177 γνώμης,
1654 1128 1688 1164 ἐν
1710 1125 1864 1179 τοσούτῳ
1885 1126 1989 1177 μήκει
2009 1127 2134 1178 χρόνου
2153 1129 2215 1172 τῆς
2231 1126 2416 1176 ἐπιθυμίας
2431 1125 2495 1172 τὴν

1475 1187 1600 1226 λύτταν
1615 1188 1827 1238 χαλινῶσαι,
1846 1186 1906 1223 καὶ
1923 1185 2132 1230 ἀπεναντίας
2150 1192 2221 1230 τοῖς
2234 1187 2352 1230 ἄλλοις
2366 1186 2495 1223 ἅπασιν

1475 1251 1598 1296 ἐλθεῖν,
1620 1247 1680 1285 καὶ
1703 1246 1751 1293 μὴ
1773 1246 1875 1297 μόνον
1897 1249 1960 1293 τῆς
1975 1246 2179 1298 παρανόμου
2200 1245 2323 1297 μίξεως
2344 1246 2496 1298 ἀποσχέ-

1476 1313 1569 1355 σθαι,
1589 1307 1679 1347 ἀλλὰ
1697 1306 1756 1345 καὶ
1777 1310 1840 1353 τῆς
1854 1306 2117 1357 νενομισμένης,
2132 1306 2191 1345 καὶ
2210 1309 2273 1353 τ’ἤς
2288 1307 2353 1351 ἔξω
2365 1322 2495 1358 τυγχα-

1474 1369 1597 1416 νούσης
1617 1367 1861 1420 ἐγκλημάτων.
1888 1368 1959 1406 Kal
1978 1368 2139 1419 ἐγέννησε
2152 1397 2161 1415 ,
2183 1368 2279 1420 φησὶ,
2301 1370 2381 1406 Νῶε
2404 1372 2497 1419 τρεῖς

1475 1430 1580 1478 υἱοὺς,
1594 1430 1653 1468 τὸν
1672 1429 1778 1479 Σὴμ,
1802 1428 1861 1467 τὸν
1880 1428 1971 1479 Χὰμ
1984 1459 1994 1476 ,
2017 1428 2074 1467 τὸν
2090 1428 2220 1480 'lot-pso,
2240 1428 2396 1481 Ἐφθάρη
2417 1427 2453 1467 δὲ
2472 1433 2494 1474 ἡ

1477 1495 1521 1543 γῆ
1543 1490 1695 1529 ἐναντίον
1723 1494 1782 1528 τοῦ
1814 1492 1919 1537 Θεοῦ,
1948 1490 2008 1528 καὶ
2039 1490 2196 1537 ἐπλήσθη
2225 1494 2247 1537 ἡ
2277 1493 2322 1542 γῆ
2347 1489 2496 1533 ἀδικίας.

1477 1551 1583 1603 Ἐμοὶ
1615 1552 1706 1590 δοκεῖ
1737 1553 1781 1602 τῇ
1815 1556 1875 1589 τοῦ
1906 1552 1998 1589 Θεοῦ
2022 1551 2201 1603 οἰκονομίᾳ
2220 1549 2497 1602 ὖπηρετούμενον

1477 1612 1536 1650 τὸν
1565 1612 1698 1650 δίκαιον
1729 1615 1847 1649 τοῦτον
1876 1610 1936 1648 καὶ
1965 1615 2022 1649 νῦν
2043 1613 2105 1655 τῆς
2127 1610 2250 1660 μίξεως
2271 1611 2498 1662 ἀνασχέσθαι,

1479 1673 1538 1711 καὶ
1566 1672 1643 1717 τοὺς
1671 1673 1797 1714 παῖδας
1822 1670 1961 1714 τούτους
1986 1671 2089 1722 ἔχειν.
2124 1670 2271 1717 Ἐπειδὴ
2302 1671 2370 1723 γὰρ
2387 1671 2444 1710 διὰ
2458 1672 2498 1709 τὸ

1477 1737 1539 1779 τ’ἧς
1557 1733 1682 1776 κακίας
1701 1732 1843 1784 μέγεθος
1863 1731 1922 1769 καὶ
1937 1730 1999 1777 τὴν
2017 1731 2305 1782 ὑπερὲάλλουσαν
2326 1731 2496 1784 πονηρίαν

1478 1793 1700 1845 πανωλεθρία
1719 1793 1851 1842 ἤμελλε
1874 1791 1936 1837 τὴν
1957 1791 2162 1842 οἰκουμένην
2184 1792 2460 1844 καταλήψεσθαι,
2480 1796 2498 1830 ὁ

1479 1856 1516 1893 δὲ
1543 1854 1784 1907 φιλάνθρωπος
1803 1852 1892 1894 Θεὸς
1917 1851 2077 1904 καθάπερ
2103 1853 2197 1904 ῥίζαν
2213 1853 2292 1890 τινὰ
2311 1854 2370 1891 καὶ
2389 1853 2498 1904 ζύμην

1480 1915 1639 1954 ἐὸούλετο
1657 1914 1714 1952 τὸν
1737 1913 1867 1951 δίκαιον
1887 1913 2107 1956 καταλιπεῖν,
2126 1912 2182 1950 ἵνα
2198 1914 2343 1965 ἀπαρχὴ
2357 1914 2500 1964 γένηται

1480 1975 1569 2028 μετὰ
1587 1976 1644 2015 τὸν
1661 1974 1800 2014 ἐκείνων
1823 1972 2016 2026 ἀφανισμὸν
2034 1977 2101 2011 τῶν
2123 1973 2212 2024 μετὰ
2227 1978 2339 2012 ταῦτα
2356 1974 2501 2026 μελλόν-

1479 2053 1548 2076 των
1578 2037 1717 2075 ἔσεσθαι
1734 2051 1742 2058 ·
1774 2035 1903 2081 ταύτης
1922 2033 2037 2072 ἕνεκεν
2055 2038 2118 2081 τῆς
2151 2035 2285 2084 αἰτίας,
2307 2036 2396 2087 μετὰ
2414 2052 2500 2074 πεν-

1478 2097 1626 2135 τακόσια
1652 2096 1712 2143 ἔτη
1733 2095 1870 2138 τούτους
1893 2094 1971 2138 τοὺς
1988 2101 2080 2147 τρεῖς
2101 2097 2226 2140 παῖδας
2245 2096 2418 2149 ἐσχηκὼς,
2440 2098 2500 2149 με’-

1478 2175 1539 2211 χρι
1557 2158 1686 2196 τούτων
1705 2157 1867 2203 ἵσταται,
1889 2155 2022 2198 δεικνὺς
2050 2156 2094 2194 δι’
2116 2159 2229 2195 αὐτῶν
2246 2161 2314 2196 τῶν
2329 2158 2502 2210 πραγμά-

1479 2235 1562 2267 των,
1587 2218 1640 2256 ὅτι
1663 2221 1706 2268 τῇ
1735 2216 1908 2268 μελλούσῃ
1938 2215 2036 2268 παρὰ
2061 2220 2121 2254 τοῦ
2139 2219 2231 2256 Θεοῦ
2256 2219 2501 2272 φιλανθρωπίᾳ

1481 2281 1528 2323 εἰς
1552 2279 1591 2317 τὸ
1619 2281 1689 2316 τῶν
1720 2276 1912 2329 ἀνθρώπων
1940 2276 2037 2327 γένος
2066 2276 2205 2315 ἔσεσθαι
2225 2279 2502 2330 ὑπηρετούμενος

1480 2344 1580 2378 τοῦτο
1603 2337 1785 2385 πεποίηκε.
1817 2337 1888 2375 Καὶ
1907 2336 1963 2374 ἰ’να
1991 2337 2115 2389 μάθῃς,
2138 2338 2190 2375 ὅτι
2209 2340 2274 2390 οὐχ
2289 2340 2407 2383 ἁπλῶς
2423 2356 2502 2379 στο-

1480 2401 1617 2454 χασμός
1649 2402 1724 2438 ἐστι
1750 2399 1850 2436 ταυτὶ
1882 2398 1926 2436 τὰ
1958 2398 2121 2450 ῥήματα,
2140 2398 2264 2437 σκόπει
2282 2403 2344 2446 τῆς
2359 2402 2501 2453 Γραφῆς

1479 2463 1544 2509 τὴν
1565 2461 1759 2514 ἀκρίὸειαν.
1777 2459 1924 2506 Ἐπειδὴ
1941 2458 2008 2512 γὰρ
2026 2453 2114 2507 εἷπε,
2142 2459 2196 2498 ὅτι
2211 2460 2313 2512 ἔσχεν
2328 2465 2346 2500 ὁ
2368 2462 2499 2506 δίκαιος

1480 2523 1557 2568 τοὺς
1586 2530 1677 2575 τρεῖς
1698 2521 1803 2568 υἱοὺς,
1824 2520 1947 2564 εὐθέως
1968 2520 2143 2572 ἐπήγαγεν
2157 2537 2165 2543 ·
2186 2523 2346 2574 Ἐφθάρη
2364 2522 2400 2562 δὲ
2418 2527 2440 2570 ἡ
2456 2527 2500 2575 γῆ

1482 2584 1633 2623 ἐναντίον
1656 2588 1715 2622 τοῦ
1735 2585 1839 2629 Θεοῦ,
1860 2583 1918 2620 καὶ
1938 2581 2096 2628 ἐπλήσθη
2117 2584 2138 2627 ἡ
2158 2585 2203 2632 γῆ
2224 2583 2372 2626 ἀδικίας.
2402 2579 2503 2628 Εἶδες

1482 2647 1539 2686 ἐπὶ
1557 2649 1618 2692 τῆς
1635 2647 1741 2691 αὐτῆς
1761 2643 1895 2696 φύσεως
1916 2643 2050 2690 πολλὴν
2070 2643 2129 2681 καὶ
2146 2643 2276 2695 ἄφατον
2296 2644 2361 2690 τὴν
2382 2645 2500 2697 διαφο-

1484 2708 1565 2759 ροίν;
1584 2706 1669 2745 Ἐπὶ
1690 2705 1753 2756 μὲν
1772 2705 1839 2757 γὰρ
1854 2710 1914 2743 τοῦ
1930 2704 2062 2742 δικαίου
2081 2704 2195 2754 ἔλεγεν
2217 2708 2238 2751 ἡ
2259 2705 2400 2758 Γραφὴ,
2422 2708 2503 2745 Νῶε

1484 2768 1663 2821 ἄνθρωπος
1695 2766 1850 2813 δίκαιος,
1881 2765 2012 2808 τέλειος
2046 2767 2081 2803 ἐν
2101 2768 2142 2816 τῇ
2167 2772 2268 2818 γενεᾷ
2297 2768 2423 2805 αὐτοῦ·
2445 2767 2503 2805 ἐπὶ

1484 2829 1519 2868 δὲ
1551 2831 1619 2866 τῶν
1649 2830 1780 2866 λοιπῶν
1815 2825 1978 2864 ἁπάντων
2014 2826 2117 2878 φησὶν
2136 2855 2146 2873 ,
2174 2826 2333 2878 Ἐφθοίρη
2355 2827 2390 2867 δὲ
2407 2831 2430 2874 ἡ
2457 2832 2501 2880 γῆ

1485 2889 1636 2928 ἐναντίον
1652 2893 1712 2927 τοῦ
1739 2889 1846 2934 Θεοῦ,
1877 2887 1935 2924 καὶ
1955 2887 2111 2933 ἐπλήσθη
2140 2889 2162 2933 ἡ
2190 2891 2234 2938 γῆ
2261 2889 2409 2934 ἀδικίας.
2439 2892 2503 2943 Τῷ

1484 2951 1628 3002 ὀνόματι
1652 2953 1714 2996 τ’ῆς
1730 2951 1794 3000 γῆς
1816 2948 1854 2986 τὸ
1880 2949 1948 2985 τῶν
1973 2947 2166 3000 ἀνθρώπιον
2183 2951 2313 2995 πλῆθος
2326 2950 2487 3000 ὀνομάζει
2499 2983 2506 2989 ,

1486 3011 1630 3058 Ἐπειδὴ
1650 3010 1716 3062 γὰρ
1737 3016 1847 3047 πᾶσαι
1873 3010 1984 3046 αὐτῶν
2006 3011 2040 3046 αἱ
2059 3008 2200 3059 πράξεις
2215 3010 2332 3060 γήϊναι
2350 3010 2503 3062 ἐτύγχα-

1484 3088 1556 3122 νον,
1584 3071 1639 3110 διὰ
1655 3075 1757 3108 τοῦτο
1772 3072 1821 3121 τῷ
1837 3072 1899 3115 τῆς
1917 3071 1981 3119 γῆς
1997 3068 2142 3119 ὀνόματι
2161 3068 2223 3114 τὴν
2245 3069 2418 3108 εὐτέλειαν
2437 3073 2501 3108 αὖ·

1484 3138 1552 3172 τῶν
1573 3131 1749 3184 ἐμφαίνει,
1767 3130 1826 3169 καὶ
1839 3133 1902 3175 τῆς
1917 3129 2043 3171 κακίας
2060 3129 2123 3175 τὴν
2146 3130 2357 3182 ὑπερὸολήν.
2390 3132 2505 3169 Καθά-

1484 3211 1550 3246 περ
1569 3194 1636 3245 γὰρ
1654 3193 1710 3231 ἐπὶ
1727 3195 1786 3230 τοῦ
1803 3189 2090 3242 πρωτοπλοίστου,
2108 3190 2196 3240 μετὰ
2216 3190 2278 3237 τὴν
2300 3191 2502 3243 παροίὸασιν

1488 3256 1547 3293 καὶ
1568 3255 1630 3300 τὴν
1652 3253 1832 3306 ἀφαίρεσιν
1848 3254 1908 3297 τῆς
1928 3251 2024 3297 δόξης
2046 3252 2107 3295 τῆς
2130 3251 2293 3303 πρότερον
2314 3253 2501 3303 περιστελ-

1481 3315 1607 3360 λούσης
1627 3314 1742 3359 αὐτον,
1757 3316 1807 3365 τῷ
1827 3311 1992 3363 ἐπιτιμίῳ
2009 3315 2067 3348 τοῦ
2082 3313 2228 3349 θανάτου
2246 3312 2346 3350 αὐτὸν
2363 3315 2502 3358 ὑπαγα-
