2516 3791
744 123 786 152 ΙΝ
825 124 926 154 (ΣΑΡ.
967 125 1075 155 XXI!-

161 207 238 250 τοὺς
269 204 414 256 ἀστέρας
449 207 508 242 τοῦ
541 200 684 256 οὐρανοῦ
714 205 773 243 καὶ
802 208 848 249 ὡς
881 206 943 254 τὴν
969 207 1086 258 ἅμμον
1118 207 1182 255 τὴν

159 266 254 318 παρὰ
275 265 314 303 τὸ
343 266 460 317 χεῖλος
484 267 546 311 τῆς
563 265 759 312 θαλάσσης,
781 266 840 304 καὶ
868 268 1125 320 κληρονομήσει
1143 266 1182 305 τὸ

160 325 300 377 σπέρμα
327 341 386 364 σου
416 325 479 369 τὰς
511 326 629 369 πόλεις
657 328 725 364 τῶν
753 328 976 375 ὑπεναντίων,
1005 329 1064 368 καὶ
1092 332 1183 368 ἐνευ-

159 386 414 438 λογηθήσονται
434 388 468 425 ἐν
487 389 536 438 τῷ
553 387 731 441 σπέρματί
746 403 806 426 σου
821 389 936 427 πάντα
957 389 1000 427 τὰ
1020 390 1100 437 ἔθνη
1122 392 1184 436 τῆς
1207 397 1230 427 Β

159 451 242 500 γῆς,
271 450 343 486 ἀνθ’
376 442 422 486 ὧν
452 449 654 496 ὑπήκουσας
685 453 746 496 τῆς
774 451 860 500 ἐμῆς
890 455 1015 502 φωνῆς.
1036 451 1182 497 Ἐπειδὴ

158 509 384 562 ἐπλήρωσας,
405 510 512 564 φησὶ,
540 511 579 549 τὸ
598 510 777 562 ἐπίταγμα
796 510 834 548 τὸ
855 511 951 561 ἐμὸν,
971 511 1029 549 καὶ
1049 510 1112 558 τὴν
1131 514 1181 549 οἰ-

158 570 254 609 κείαν
270 571 427 619 ὑπακοὴν
448 571 504 610 διὰ
523 571 662 610 πάντων
676 571 850 618 ἐπεδείξω,
866 571 923 610 διὰ
940 575 1042 610 τοῦτο
1062 571 1182 618 ἄκουε,

158 631 212 670 ὅτι
238 633 324 670 Κατ’
350 634 500 683 ἐμαυτοῦ
530 632 670 684 ὤμοσα,
698 631 792 684 λέγει
813 632 950 682 Κύριος.
972 631 1066 684 εὈρα
1090 634 1183 670 Θεοῦ

159 692 440 743 συγκατάὸασιν·
475 695 562 731 Κατ’
594 695 767 744 ἐμαυτοῦ,
799 692 916 744 φησὶν,
947 691 1091 743 ὤμοσα,
1129 691 1184 729 ἵνα

159 755 296 806 θαρῤεῖν
329 754 413 806 ἔχῃς
426 784 434 800 ,
453 754 506 791 ὅτι
528 755 666 797 παντως
684 754 782 792 ἔσται
809 753 853 791 τὰ
873 753 958 804 παρ’
984 755 1069 803 ἐμοῦ
1089 755 1182 804 εἰρη-

158 814 258 866 μένα.
277 814 422 861 Ἐπειδὴ
453 814 520 866 γὰρ
539 816 571 852 οἱ
605 814 799 866 ἅνθρωποι,
820 814 908 852 ἐπὰν
926 813 966 860 δὴ
987 813 1089 866 ὅρκον
1111 815 1184 851 ἐπι-

157 879 240 914 θῶσι
270 882 340 919 τοῖς
365 877 609 926 ε’παγγελθεῖσι
626 906 636 922 ,
656 877 734 914 τότε
763 879 810 919 ὡς
844 875 989 927 βεὸαίαν
1017 875 1080 922 τὴν
1100 876 1183 913 ὑπό-

156 953 277 990 σχεσιν
298 936 496 987 δεξάμενοι,
513 936 603 976 οὕτω
628 937 819 976 διάκεινται
840 940 871 975 οἷ
887 937 950 984 τὴν
971 938 1182 988 ἐπαγγελίαν

155 998 362 1050 ἐσχηκότες·
389 998 444 1037 διὰ
470 1002 572 1036 τοῦτο
592 998 651 1036 καὶ
670 1002 688 1037 ὁ
704 998 886 1044 Δεσπότης
911 1001 953 1050 τῇ
982 997 1182 1061 ἀνθρωπίνη

155 1059 318 1111 συνηθείᾳ
332 1059 554 1112 χρησάμενός
571 1075 655 1112 φησι
669 1076 676 1083 ·
698 1061 785 1098 Κατ’
806 1061 958 1111 ἐμαυτοῦ
979 1059 1123 1110 ὤμοσα,
1143 1063 1181 1097 οὑ

1117 125 1279 155 GtzNEs.

1320 126 1474 155 tumlti„
1515 128 1632 158 xLVtt
1645 149 1653 157 .

2116 121 2207 167 55⁷)

1255 216 1291 245 et
1303 210 1402 246 sicut
1413 222 1573 247 arenam
1588 224 1672 262 quoe
1687 219 1742 249 est
1756 214 1795 248 in
1805 211 1932 250 littore
1944 220 2079 262 maris,-
2095 227 2129 255 et
2147 220 2209 256 he-

1256 269 1420 307 reditate
1433 271 1643 322 possidebit
1669 284 1799 310 semen
1820 281 1926 311 tuum
1948 278 2124 315 civitates
2145 281 2210 316 Ιιο-

1257 331 1387 375 stium,
1400 330 1463 372 18.
1475 339 1509 369 et
1518 334 1559 368 in
1566 335 1711 370 semine
1719 341 1784 371 tuo
1797 335 2071 373 benedicentur
2083 351 2140 374 om
2148 354 2211 375 nes

1255 398 1386 440 gentes
1406 399 1536 438 terrae,
1555 407 1599 430 eo
1619 394 1724 447 quod
1742 393 1888 433 audisti
1907 410 2043 434 vocem
2070 412 2207 437 meam.

1258 450 1353 496 Quia
1367 481 1376 497 ‚
1399 451 1537 503 inquit,
1556 454 1752 507 implevisti
1773 466 1993 510 praeceptum
2011 472 2150 505 meum,
2180 470 2212 497 et

1258 517 1354 548 tuam
1368 511 1608 552 obedientiam
1620 529 1684 567 per
1696 517 1815 555 omnia
1831 516 2035 569 declarasti,
2050 529 2213 572 propter-

1256 585 1295 608 ea
1315 571 1401 609 audi
1423 588 1431 608 :
1453 576 1531 612 Per
1549 580 1810 630 memetipsum
1827 581 1980 632 juravi,
2015 582 2107 619 dicit
2129 582 2213 619 Do-

1257 634 1397 671 minus.
1424 635 1521 674 Vide
1543 638 1723 687 quomodo
1751 640 1786 678 in
1810 655 1969 680 sermone
1990 657 2026 680 se
2047 642 2213 681 demittat

1257 694 1433 732 Dominus
1460 711 1467 731 ε
1491 698 1569 734 Per
1589 703 1872 751 memetipswn,
1898 703 2035 754 inquit,
2052 707 2207 757 juravi,

1258 763 1296 791 ut
1318 755 1478 794 confidas
1498 758 1643 796 omnino
1665 770 1834 799 eventura
1856 763 1920 800 tibi
1943 779 2021 815 qum
2042 781 2060 802 a
2082 779 2137 803 me
2157 765 2213 803 di-

1257 823 1310 852 cta
1344 825 1437 854 sunt.
1473 819 1777 870 Quandoquidem
1814 823 1907 860 enim
1940 840 2021 863 cum
2053 827 2214 864 homines

1256 878 1441 928 promissis
1459 879 1661 931 juramenta
1685 881 1846 928 addunt,
1885 893 1966 922 tunc
1995 887 2215 925 stabiliorem

1255 938 1437 990 accipiunt
1459 940 1732 991 promissionem
1757 942 1781 980 ii
1809 944 1941 994 quibus
1960 948 2184 998 promittitur
2207 967 2212 985 ς

1255 1009 1443 1052 eapropter
1454 1009 1487 1038 et
1496 1001 1672 1040 Dominus
1687 1002 1842 1043 humana
1861 1019 1944 1043 usus
1958 1009 2215 1046 consuetudine

1254 1057 1373 1110 inquit
1398 1076 1405 1096 :
1430 1063 1509 1098 Per
1539 1066 1803 1116 memetipsum
1828 1067 1989 1117 juravi,
2033 1084 2075 1105 eo
2114 1072 2218 1121 quod

156 1120 280 1159 εἵνεκεν
311 1122 478 1168 ἐποίησας
497 1120 536 1159 τὸ
556 1124 652 1173 ῥῆμα
672 1124 785 1167 τοῦτο,
807 1121 866 1159 καὶ
891 1123 954 1159 οὐκ
974 1121 1101 1174 ἐφείσω
1121 1125 1180 1158 τοῦ
1206 1118 1230 1148 C
1243 1120 1384 1173 fecisti
1400 1124 1562 1160 verbnm
1574 1125 1670 1171 Ιιοε,
1688 1134 1725 1163 et
1737 1140 1815 1163 non
1827 1130 2031 1179 pepercisti
2032 1130 2129 1181 filio
2152 1140 2216 1168 tim

153 1184 228 1220 υἱοῦ
245 1197 306 1220 σου
323 1186 382 1220 τοῦ
404 1183 586 1233 ἀγαπητοῦ
604 1182 646 1219 δι’
666 1181 740 1232 ἐμέ.
765 1181 898 1220 Σκόπει
916 1198 975 1233 μοι
990 1183 1182 1234 φιλανθρω-

152 1244 236 1282 πίαν
257 1243 450 1282 Δεσπότου.
468 1245 545 1282 Οὐκ
560 1243 688 1296 ἐφείσω
708 1247 767 1281 τοῦ
786 1245 860 1282 υἱοῦ
881 1258 942 1281 σου
962 1247 1023 1281 τοῦ
1045 1245 1182 1294 ἀγαπη-

154 1310 214 1344 τοῦ
235 1307 278 1343 δι’
301 1304 377 1356 ἐμέ.
400 1304 470 1343 Καὶ
492 1304 562 1355 μὴν
584 1307 697 1349 ζῶντα
726 1305 828 1343 αὐτὸν
847 1305 1027 1356 ἐπανάγει.
1051 1303 1111 1352 Μὴ
1141 1304 1182 1343 τὸ

153 1368 252 1410 τέλος
273 1366 368 1418 ἴδῃς,
404 1365 563 1418 ἀγαπητὲ
575 1396 585 1415 ,
618 1365 709 1404 ἀλλὰ
729 1365 793 1414 τὴν
810 1366 954 1418 γνώμην
975 1366 1078 1417 μάθε,
1103 1368 1179 1417 μεθ’

152 1423 193 1475 ἧς
212 1427 469 1479 ἀσυλλογίστως
497 1427 541 1466 τὰ
569 1427 859 1480 προσταττόμενα
879 1427 1045 1480 ἐπλήρου.
1065 1427 1179 1466 “Oe-ov

151 1490 218 1542 γὰρ
244 1492 291 1533 εἷς
310 1489 524 1542 προαίρεσιν,
544 1489 657 1542 ᾕμαξε
677 1489 740 1537 τὴν
766 1488 878 1535 δεξιὰν
897 1492 916 1527 ὁ
934 1489 1179 1542 πατριάρχης,

153 1551 212 1590 καὶ
240 1550 331 1590 κατὰ
356 1553 419 1598 τῆς
445 1550 565 1604 δέῤῥας
595 1555 654 1589 τοῦ
684 1551 806 1594 παιδὸς
827 1552 987 1604 ἐπαφῆκε
1007 1551 1046 1589 τὸ
1063 1550 1177 1603 ξίφος,

152 1612 211 1650 καὶ
243 1611 510 1664 ἀπηρτισμένην
543 1612 782 1664 ἀπειργάσατο
812 1611 1059 1658 τὴνθυσίαν·
1090 1612 1133 1649 δι’
1162 1610 1180 1649 ὃ

152 1674 210 1712 καὶ
229 1677 246 1712 ὁ
272 1674 472 1721 Δεσπότης,
493 1676 539 1717 ὡς
561 1675 608 1717 εἷς
627 1673 724 1726 ἔργον
743 1675 806 1720 τῆς
825 1673 944 1716 θυσίας
963 1671 1180 1724 ἐνεχθείσης,

153 1734 243 1773 οὕτω
270 1735 328 1773 τὸν
348 1735 486 1772 ἔπαινον
506 1737 566 1772 τοῦ
600 1734 734 1772 δικαίου
753 1733 954 1780 συντίθησι,
976 1733 1037 1771 καί
1063 1748 1180 1785 φησιν,

153 1795 206 1834 ὅτι
223 1797 301 1835 Οὐκ
318 1795 444 1848 ἐφείσω
457 1800 519 1834 τοῦ
535 1797 608 1833 υἱοῦ
624 1811 684 1834 σου
700 1799 759 1833 τοῦ
776 1797 959 1846 ἀγαπητοῦ
976 1795 1018 1832 δι’
1036 1793 1112 1845 ἐμέ.
1129 1793 1180 1832 Σὺ
1205 1801 1229 1830 D

153 1856 215 1906 μὲν
229 1858 290 1894 οὐκ
306 1855 431 1908 ἐφείσω
447 1856 502 1894 διὰ
516 1857 554 1895 τὸ
567 1855 649 1907 ἐμὸν
667 1855 900 1919 πρόσταγμαὲ
913 1854 981 1907 ἐγὼ
995 1854 1030 1892 δὲ
1045 1855 1182 1907 ἐφεισά-

154 1933 222 1967 μην
255 1918 312 1955 διὰ
333 1917 396 1964 τὴν
417 1916 480 1964 σὴν
496 1917 668 1963 ὑπακοήν.
687 1916 835 1955 Ἵίνεκεν
860 1921 918 1955 οὖν
946 1919 1008 1962 τῆς
1024 1918 1180 1962 ὑπακοῆς

153 1971 282 2025 ταύτης
298 1978 527 2030 ἀμειέόμενός
547 1994 584 2017 σε
596 2006 605 2022 ,
623 1978 816 2029 Εὐλογήσω
834 1993 870 2016 σε
883 2008 892 2026 ,
909 1976 968 2015 καὶ
995 1976 1180 2024 πληθύνων

152 2040 319 2085 πληθυνῶ
339 2055 389 2078 σε.
407 2038 504 2091 σΟρα
537 2038 695 2090 εὐλογίας
713 2038 885 2084 ἐπίτασιν,
915 2037 991 2076 ἀντὶ
1014 2041 1090 2086 τοῦ,
1121 2038 1179 2075 ἐπὶ

154 2101 257 2138 πλέον
293 2103 456 2148 πληθυνῶ
494 2100 533 2138 τὸ
566 2099 708 2152 σπέρμα
742 2116 818 2138 σου.
849 2093 962 2143 Οὑτος
992 2099 1060 2151 γὰρ
1091 2102 1108 2137 ὁ
1136 2103 1178 2151 τῇ

151 2162 274 2214 γνώμῃ
295 2177 355 2200 σου
372 2161 617 2214 σφαγιασθεὶς,
645 2160 754 2203 οὕτως
769 2162 816 2203 εἷς
832 2162 963 2206 πλῆθος
984 2159 1180 2211 ἐκτεινόμε-

152 2238 208 2260 νον
235 2222 302 2266 ἕξει
330 2222 370 2259 τὸ
390 2221 549 2274 σπέρμα,
569 2225 615 2265 ὡς
644 2227 716 2265 τοῖς
747 2221 886 2274 ἄστροις
917 2221 977 2260 καὶ
995 2224 1038 2273 τῇ
1069 2219 1177 2273 ἄμμῳ

151 2282 417 2332 παρισωθῆναι,
444 2280 514 2319 Καὶ
532 2279 648 2318 πάντα
665 2280 711 2318 τὰ
737 2278 816 2326 ἔθνη
847 2281 1112 2331 ἐνευλογηθῆναι
1143 2281 1177 2317 ἐν

152 2343 202 2393 τῷ
229 2340 406 2393 σπέρματί
432 2357 506 2388 σου,
530 2342 602 2380 ἀνθ’
624 2335 672 2379 ὧν
692 2340 894 2387 ὑπήκουσας
911 2343 974 2387 τῆς
994 2342 1082 2391 ἐμῆς
1105 2356 1178 2393 φω-

151 2404 222 2448 νῆς.
245 2403 368 2440 Ταῦ-,α
388 2401 425 2441 δέ
443 2418 516 2448 σοι,
533 2402 650 2455 φησὶν,
666 2402 804 2439 ἅπαντα
819 2400 916 2440 ἔσται
933 2401 989 2440 διὰ
1009 2400 1073 2448 τὴν
1091 2404 1178 2440 πολ-

150 2463 216 2509 λὴν
246 2462 415 2509 ὑπακοήν.
436 2456 524 2514 Ἆρα
546 2466 615 2501 τῶν
644 2462 775 2515 μυρίων
795 2465 880 2512 ἡμῖν
901 2463 1038 2513 ἀγαθῶν
1060 2461 1176 2515 ι’πρό·
1201 2467 1226 2498 E

152 2523 244 2568 ξενον
262 2522 394 2575 γίνεται
412 2523 451 2561 τὸ
466 2522 652 2562 ὑπακούειν
669 2526 718 2575 τῷ
735 2523 910 2575 Δεσπότῃ,
925 2523 984 2560 καὶ
998 2522 1177 2561 πείθεσθαι

151 2587 256 2623 αὐτοῦ
286 2589 356 2628 τοῖς
376 2583 644 2636 προστάγμασι,
664 2584 724 2622 καὶ
752 2583 880 2635 ὁμοίως
905 2586 955 2636 τῷ
973 2583 1176 2636 πατριάρχῃ

150 2646 262 2698 τούτῳ
273 2645 321 2698 μὴ
336 2646 620 2698 περιεργάζεσθαι
634 2645 769 2698 τὰπαρ’
783 2647 887 2684 αὐτοῦ
900 2644 1155 2697 ἐπιταττόμενα
1168 2661 1175 2669 ·

152 2708 242 2746 ἀλλὰ
259 2708 415 2759 καθάπερ
435 2707 652 2759 εὐγνώμονας
669 2708 806 2751 οἰκέτας
823 2709 979 2760 πληροῦν
998 2707 1042 2746 τὰ
1063 2709 1176 2746 διατε-

153 2768 327 2819 ταγμένα,
347 2769 405 2806 καὶ
421 2769 478 2806 τὸν
505 2768 592 2820 ὑπὲρ
611 2768 743 2807 τούτων
762 2768 865 2821 λόγον
885 2774 1110 2822 παραχωρεῖν
1128 2771 1179 2821 τῷ

153 2828 335 2880 Δεσπότῃ;
353 2827 437 2867 Ἐὰν
464 2822 522 2866 οῦν
553 2828 644 2867 οὕτω
667 2829 912 2881 παιδεύσωμεν
931 2829 1073 2874 ἑαυτοὺς
1089 2861 1098 2878 ,
1118 2831 1179 2868 δυ-

152 2889 328 2939 νησόμεθα
348 2888 406 2927 καὶ
425 2888 488 2935 τὴν
501 2888 608 2937 αὐτὴν
628 2890 789 2937 ὑπακοὴν
801 2892 851 2943 τῷ
865 2890 989 2943 δικαίῳ
1010 2890 1179 2935 ἐπιδείξα-

156 2954 253 2996 σθαι,
285 2949 345 2988 καὶ
374 2951 442 2987 τῶν
477 2950 590 2988 αὐτῶν
621 2950 798 3003 στεφάνων
819 2953 1010 3004 ἐπιτυχεῖν.
1033 2953 1117 2995 Πῶς
1144 2951 1178 2990 δὲ

1195 2991 1240 3017 480

1255 1181 1396 1218 dilecto
1427 1192 1585 1235 propter
1605 1199 1675 1222 me.
1710 1186 1924 1237 Considera,
1948 1189 2111 1237 obscero,
2144 1192 2214 1228 ele-

1255 1241 1426 1279 mentiam
1443 1244 1602 1282 Domini.
1624 1247 1715 1284 Non
1731 1251 2042 1303 pepercistifilio
2073 1261 2138 1289 tuo
2159 1254 2217 1289 di-

1255 1301 1356 1340 lecto
1373 1313 1531 1355 propter
1548 1320 1621 1343 me.
1647 1308 1811 1346 Attamen
1827 1310 1956 1348 vivum
1972 1310 2090 1363 ipsum
2111 1313 2218 1350 redu·

1252 1361 1314 1400 cit.
1332 1364 1411 1402 Non
1440 1375 1611 1404 eventum
1630 1368 1817 1421 respiciaS‚
1837 1370 1987 1419 dilecte,
2007 1373 2071 1411 sed
2090 1374 2217 1412 volun-

1252 1432 1362 1462 tatem
1379 1434 1414 1463 et
1436 1436 1591 1466 mentem
1610 1427 1727 1477 disce,
1748 1445 1817 1481 qua
1837 1432 1914 1470 sine
1933 1434 2007 1471 ullo
2032 1435 2217 1473 ratiocinio

1257 1485 1425 1525 mandata
1445 1487 1630 1541 implebat.
1651 1491 1838 1538 Quantum
1864 1494 1960 1533 enim
1982 1495 2027 1533 ad
2050 1497 2216 1535 volunta-

1253 1556 1326 1585 tem
1346 1548 1486 1598 attinet,
1503 1561 1751 1592 cruentaverat
1766 1553 1931 1594 dextram
1948 1557 2165 1608 patriarcha,
2184 1569 2216 1596 et

1253 1621 1316 1659 per
1335 1609 1512 1648 cervicem
1544 1612 1647 1663 pueri
1669 1612 1866 1654 immiserat
1895 1617 2079 1667 gladium,
2101 1622 2214 1671 perfe—

1253 1677 1421 1720 ctumque
1435 1671 1610 1710 obtulerat
1629 1674 1864 1714 sacrificium:
1877 1677 2011 1716 idcirco
2021 1681 2211 1726 Dominus,

1254 1730 1356 1779 quasi
1375 1732 1551 1770 sacrificio
1572 1748 1608 1772 re
1629 1734 1704 1787 ipsa
1724 1749 1968 1777 consummato
1982 1770 1991 1787 ,
2010 1740 2135 1778 laudat
2151 1742 2211 1793 ju-

1255 1799 1349 1827 stum
1363 1821 1375 1841 ,
1395 1801 1428 1829 et
1441 1792 1530 1831 dicit
1548 1809 1556 1829 z
1573 1796 1663 1832 Non
1676 1801 1880 1848 pepercisti
1884 1800 1979 1852 filio
1994 1809 2058 1838 tuo
2074 1803 2215 1840 dilecto

1252 1860 1409 1903 propter
1437 1868 1508 1892 me.
1544 1855 1602 1892 Tu
1634 1856 1780 1907 quidem
1810 1872 1878 1896 non
1910 1861 2097 1912 pepercisti
2132 1877 2214 1915 pro-

1255 1920 1336 1964 pter
1355 1927 1475 1951 meum
1494 1915 1727 1967 mandatum5
1749 1933 1813 1970 ego
1833 1929 1953 1958 autem
1969 1923 2109 1974 peperci
2134 1938 2214 1975 pro-

1254 1981 1332 2024 pter
1344 1981 1442 2011 tuam
1454 1975 1706 2015 obedientiam.
1719 1979 1869 2031 Propter
1877 1981 1968 2019 hauc
1981 1991 2078 2021 tuam
2094 1985 2197 2022 obedi
2203 2009 2213 2013 -

1252 2033 1386 2072 entiam
1398 2044 1432 2073 te
1444 2050 1690 2086 remunerans,
1705 2041 1941 2080 Benedicam
1958 2052 2012 2090 le,
2032 2054 2068 2082 et
2086 2048 2213 2084 multi-

1249 2096 1404 2147 plicans
1418 2098 1685 2149 multiplicabo
1701 2109 1750 2138 te.
1767 2101 1863 2140 Vide
1877 2105 2094 2143 cumulatam
2108 2107 2214 2145 bene—

1251 2156 1445 2195 dictionem
1460 2173 1467 2193 :
1484 2158 1551 2196 hoc
1563 2169 1615 2197 est
1632 2176 1638 2196 :
1656 2162 1822 2213 Amplius
1833 2164 2082 2217 multiplicabo
2097 2182 2212 2206 semen

1252 2225 1366 2254 tuum.
1389 2217 1458 2256 Hic
1479 2219 1575 2257 enim
1595 2220 1658 2270 qui
1675 2236 1739 2274 per
1761 2223 1982 2263 voluntatem
2003 2236 2101 2265 tuam
2121 2230 2216 2265 occi-

1251 2291 1312 2315 sus
1332 2287 1384 2316 est
1400 2309 1409 2323 ‚
1429 2279 1466 2316 in
1485 2287 1621 2318 tantam
1641 2282 1909 2323 multitudinem
1931 2289 2139 2340 propagabit
2160 2305 2212 2327 se—

1251 2353 1332 2377 men
1347 2348 1466 2390 mum,
1486 2349 1527 2378 ut
1541 2341 1653 2379 stellis
1671 2352 1706 2380 et
1724 2358 1838 2382 arenae
1858 2346 2122 2398 adaequandum
2140 2350 2184 2388 sit
2201 2381 2208 2393 ‚

1251 2401 1305 2438 Et
1330 2415 1463 2440 omnes
1482 2411 1616 2454 gentes
1637 2406 1678 2441 in
1698 2409 1843 2444 semine
1867 2416 1930 2445 tuo
1960 2409 2210 2449 benedicenda·

1250 2461 1320 2499 sint
1337 2491 1346 2509 ,
1384 2475 1428 2499 eo
1467 2464 1582 2515 quod‘
1607 2465 1754 2503 audisti
1787 2480 1923 2505 vocem
1949 2484 2087 2508 meam.
2127 2472 2209 2509 Here

1250 2522 1384 2573 omnia,
1395 2522 1526 2574 inquit,
1538 2524 1605 2561 tibi
1619 2524 1654 2562 in
1666 2525 1878 2565 obedientia)
1894 2539 1998 2567 tantae
2011 2532 2208 2570 mercedem

1249 2582 1412 2621 aderunt.
1438 2583 1580 2635 Ergone
1599 2584 1757 2637 plurima
1789 2589 1891 2626 nobis
1915 2589 2005 2627 bona
2031 2591 2070 2629 id
2092 2593 2207 2631 conci-
2221 2610 2337 2638 mur„-
2357 2621 2409 2638 rx-

1249 2645 1331 2694 liat,
1358 2645 1456 2696 quod
1475 2645 1663 2683 obedimus
1683 2648 1758 2684 Deo
1778 2656 1811 2685 et
1834 2651 2021 2702 pra‘eeptis
2041 2653 2116 2704 ejus
2139 2654 2207 2691 ob—
2222 2653 2359 2679 ¹¹⁰‘¹³¹²‘¹-

1250 2715 1543 2759 tempe1·am115‚et
1551 2706 1853 2759 sicutpatriarcha
1867 2709 1941 2755 ille,
1953 2713 2128 2752 curiosius
2141 2730 2209 2754 non

1252 2766 1485 2817 inquirimuS,
1501 2781 1609 2817 quare
1621 2767 1705 2805 talia
1726 2768 1771 2805 ab
1787 2783 1826 2807 eo
1844 2769 2014 2823 imperata
2031 2774 2102 2812 sint
2119 2792 2126 2812 :
2148 2777 2210 2814 sed

1253 2837 1292 2865 ut
1311 2827 1403 2879 grati
1423 2827 1516 2866 servi
1543 2827 1735 2880 implemus
1755 2831 1941 2880 mandata,
1966 2834 2210 2888 rationemque

1252 2902 1375 2927 eorum
1400 2887 1636 2938 relinquimus
1657 2890 1840 2928 Domino?
1862 2892 1902 2931 Si
1935 2893 2046 2945 igitur
2068 2890 2118 2934 sic
2146 2897 2208 2935 do-

1254 2950 1431 2988 cuerimus
1445 2949 1678 3001 nosmetipsos
1688 2981 1696 2995 ,
1715 2952 1912 3003 poterimus
1925 2963 1958 2992 et
1971 2957 2130 2995 eamdem
2147 2959 2208 2996 ob<

156 3010 400 3061 ὑπακούσομεν
411 3026 421 3057 ;
441 3009 528 3049 Ἐὰν
546 3010 608 3054 τὰς
625 3011 764 3054 ἐντολὰς
784 3013 886 3050 αὐτοῦ
910 3011 967 3050 διὰ
982 3015 1051 3051 τῶν
1071 3013 1181 3064 ἔργων
1207 3028 1231 3057 Α
1255 3011 1446 3049 edientiam
1459 3011 1640 3059 exhibere,
1658 3025 1765 3061 quam
1774 3013 1893 3065 justus
1908 3015 1983 3066 ille,
2000 3018 2210 3069 easdemque

154 3070 409 3123 πληρώσωμεν.
434 3072 488 3110 Οὐ
514 3071 581 3123 γὰρ
601 3073 631 3109 οἱ
652 3071 821 3123 ἀκροαταὶ
840 3101 850 3119 ,
868 3072 953 3124 φησὶ
965 3103 974 3120 ,
993 3077 1054 3111 τοῦ
1074 3073 1181 3124 νόμου

155 3131 464 3179 δικαιωθήσονται,
481 3133 558 3170 ἀλλ’
576 3133 609 3169 οἱ
628 3131 784 3178 ποιηταί.
809 3132 856 3171 Τί
873 3133 942 3184 γὰρ
962 3133 1083 3186 ὄφελος
1098 3161 1107 3180 ,
1124 3134 1183 3172 ἐὰν

1256 3072 1422 3122 consequi
1447 3086 1604 3109 coronas.
1626 3072 1815 3125 Quomodo
1838 3085 1957 3114 autem
1976 3079 2180 3118 obediemus
2194 3083 2210 3118 'z‘

1257 3134 1296 3173 Si
1320 3133 1486 3171 mandata
1517 3133 1593 3185 ejus
1625 3147 1730 3185 opere
1758 3135 2088 3189 adimpleverimus.
2123 3144 2208 3179 Non
2227 3152 2301 3179 Ram
2328 3152 2411 3180 ω]-

166 3261 168 3265 ’
201 3254 216 3277 b
239 3252 338 3286 savit.
354 3260 385 3285 et
401 3239 496 3295 pauci
514 3254 588 3288 Mss.
608 3260 755 3299 πρόες-ιω,
783 3266 855 3297 quae
872 3254 969 3289 lectio
992 3267 1058 3290 non
1082 3256 1280 3299 spernenda.
1301 3256 1415 3298 [Coislt
1437 3261 1557 3290 ἀλλὰ..
1579 3260 1747 3301 aestiva]

378 3318 470 3341 TOM.
497 3319 549 3341 ΙΨ.
