2516 3791
316 177 408 221 (312

314 274 369 312 bis
389 274 623 326 apostolieum
643 274 881 312 characterem
894 271 1064 324 petitione
1075 284 1138 307 sua
1155 269 1268 320 signi-

315 335 423 373 ficat:
452 345 549 373 tanto
577 335 758 388 sapientiae
787 333 906 372 studio
935 332 1061 383 plenus
1080 338 1154 367 erat
1178 328 1269 381 justi

115 406 224 435 ΜηιιΙι.
254 414 298 433 ιο.
316 396 469 434 animus.
503 397 596 434 Nam
629 395 665 433 id
694 395 792 445 quod
819 392 983 431 Christus
1013 390 1174 435 dicebat,
1210 391 1270 428 Ne

113 456 144 485 9.

312 459 541 508 possideatis
566 469 718 502 aarum,
745 454 813 491 vel
837 460 1054 504 argentum,
1078 452 1146 489 vel
1167 452 1269 489 duas

317 521 468 556 tunicas
488 533 498 553 .·
520 517 588 554 hoc
616 516 680 553 iste
705 514 866 553 nondum
885 528 904 551 a
924 527 1104 564 quoquam
1124 513 1267 562 doctus,

315 579 377 617 sed
391 593 410 615 a
429 578 556 630 seipso,
567 586 601 614 et
619 577 664 614 ab
678 576 783 614 insito
799 584 934 613 naturae
949 584 1080 613 nostrae
1100 575 1272 626 magistro
1295 584 1318 615 G

315 638 458 687 didicit,
472 647 504 676 et
523 637 662 690 optavit
680 651 699 674 a
719 636 874 674 Domino
892 649 955 674 suo
975 635 1125 688 praeberi
1142 650 1272 687 panem

316 701 363 738 ad
392 698 675 746 comedendum,
707 707 741 736 et
768 706 901 735 vestem
929 696 976 734 ad
1004 696 1211 748 tegendum.
1231 696 1271 735 Si

316 762 391 799 haec
405 759 494 797 mihi
509 759 655 808 fuerint,
673 758 804 809 inquit,
826 757 864 795 in
885 767 978 796 terra
995 757 1122 807 aliena,
1140 759 1202 795 91.
1218 759 1273 795 Et

318 823 513 859 reduxerit
551 835 612 858 me
639 821 833 858 Dominus
849 820 1002 857 salvum
1037 822 1078 856 in
1115 820 1273 856 domum

316 886 440 935 patris
454 885 541 929 mei,
557 882 648 920 sieut
666 881 832 934 promisit
852 897 859 918 :
879 883 950 918 erit
966 882 1158 918 Dominus
1177 881 1273 917 mihi

319 948 360 983 ιή
379 947 531 991 Deum,
551 947 617 982 92.
641 953 677 981 et
690 945 788 994 lapis
809 945 880 981 iste
898 956 1009 994 quem
1025 944 1130 979 erexi
1150 944 1190 978 in
1210 955 1271 979 co-

320 1006 509 1051 lumnam,
531 1007 602 1042 erit
625 1006 720 1041 mihi
751 1005 887 1041 domus
911 1004 988 1040 Dei
1006 1018 1017 1038 .·
1034 1011 1071 1039 et
1102 1003 1273 1039 omnium

320 1081 407 1119 quae
451 1067 547 1104 mihi
586 1066 735 1102 dederis
748 1095 759 1111 ,
780 1065 950 1102 decimas
988 1064 1058 1100 tibi
1086 1064 1270 1116 offeram.

322 1127 417 1165 Vide
434 1126 522 1179 justi
543 1126 697 1178 probum
725 1125 905 1163 affectum.
929 1123 1074 1161 Petebat
1099 1122 1245 1174 quidem
1262 1152 1273 1173 ,

115 1199 208 1229 Jamt
223 1205 306 1227 votet
321 1198 356 1226 at
378 1189 469 1226 nihil
494 1188 703 1240 pretiosum,
726 1186 788 1224 sed
806 1200 935 1238 panem
952 1195 986 1224 et
1005 1194 1172 1224 vestem:
1194 1199 1276 1236 plo-

119 1255 147 1270 *'‘
181 1244 226 1269 ¹⁴⁰
228 1252 308 1268 '¹¹¹⁸
323 1251 485 1288 mittcbat
514 1259 631 1287 autem
653 1258 687 1286 et
710 1263 772 1286 sua
798 1247 953 1285 Domino
968 1277 979 1296 ‚
1008 1261 1139 1299 gnaius
1168 1260 1275 1296 quam

118 1286 268 1312 dilutum.

323 1321 430 1349 certet
455 1311 682 1357 munmibus,
705 1319 737 1347 et
758 1323 864 1360 quam
891 1317 1026 1346 nostras
1048 1307 1276 1359 cogitationes
1302 1324 1326 1353 1)

323 1372 553 1410 retribuendo
574 1370 812 1421 transcendat,
838 1370 958 1420 aitque
977 1385 984 1405 ε
1008 1369 1056 1406 Et
1075 1369 1277 1407 columnam

323 1434 414 1471 hanc
444 1434 479 1471 in
510 1433 658 1471 domum
684 1432 749 1470 Dei
773 1432 932 1479 habebo,
953 1440 986 1469 et
1013 1430 1175 1469 omnium
1199 1446 1278 1481 quae

323 1495 411 1533 mihi
429 1510 446 1532 a
467 1504 497 1532 tc
513 1494 839 1547 suppeditabuntur
854 1493 1008 1531 decimas
1023 1492 1130 1530 dabo.
1141 1492 1279 1532 Vidisti

324 1565 476 1593 mentem
494 1556 590 1607 piam
615 1568 655 1592 ac
674 1554 902 1606 religiosam?
920 1553 1022 1591 Nihil
1042 1553 1161 1591 adhuc
1180 1568 1277 1592 aeec-

324 1626 423 1668 perat
438 1646 450 1665 ,
481 1625 514 1653 et
534 1615 698 1667 promisit
719 1629 754 1652 se
778 1616 852 1651 Deo
871 1613 1025 1651 decimas
1052 1628 1174 1652 eorum
1201 1629 1278 1665 quae

122 1700 309 1736 ⁵¹0¹·'l3801‘i-
325 1677 393 1715 sibi
421 1676 584 1715 donanda
610 1685 708 1714 erant
735 1675 954 1714 oblaturum.
979 1675 1033 1712 Ne
1054 1675 1277 1727 simpliciter,

120 1744 212 1777 lngus.

128 2062 240 2091 Mum.
262 2060 290 2088 5.

124 2102 177 2142 4⁷·-

131 2237 241 2264 ,1111th¹
261 2237 269 2263 (

129 2278 178 2305 33,

135 2915 239 2943 Mntlh
267 2918 302 2945 (ἱ.

139 2964 183 2983 ΙΙ.

326 1738 460 1787 ditm-ti,
478 1747 725 1790 praetereamus
740 1751 817 1787 quae
836 1735 931 1773 dieta
946 1745 1042 1785 sunt,
1060 1736 1122 1774 sed
1138 1738 1282 1776 aemule-

328 1814 409 1837 mur
430 1813 550 1837 omnes
567 1799 662 1836 hunc
679 1799 840 1850 justum:
861 1806 894 1834 et
909 1811 971 1833 nos
989 1797 1052 1847 qni
1079 1796 1114 1834 in
1143 1799 1255 1849 gratia
1270 1829 1282 1848 ,

327 1875 410 1899 eum
427 1860 487 1911 qui
502 1869 582 1898 ante
600 1860 735 1911 legem:
753 1868 786 1897 et
806 1858 897 1896 nihil
912 1858 1105 1910 temporale
1121 1868 1283 1910 petamus

328 1922 525 1960 aDomino.
541 1923 662 1972 Neque
681 1921 776 1958 enim
801 1927 983 1971 exspectat
1009 1918 1122 1956 donee
1142 1934 1162 1957 a
1178 1921 1282 1959 nobis

329 1983 573 2033 admoneatur⁷
591 1983 651 2021 sed
666 1992 697 2020 et
718 1997 787 2020 non
800 1981 1003 2034 petentibus
1018 1981 1120 2019 nobis
1134 1981 1286 2033 largitur

330 2059 367 2082 ea
386 2059 463 2094 quae
484 2044 529 2082 ad
551 2058 656 2082 usum
671 2043 860 2097 pertinent.
881 2044 984 2081 Oriri
1000 2042 1093 2079 enim
1107 2044 1208 2094 facit
1225 2057 1284 2082 so·
1305 2059 1331 2090 E

333 2108 407 2144 lem
433 2121 545 2158 super·
572 2107 694 2144 malos
714 2115 750 2143 et
767 2107 899 2151 honos,
919 2114 955 2142 et
976 2106 1077 2157 pluit
1100 2108 1285 2158 superja-

331 2176 411 2205 stos
431 2177 466 2205 et
488 2170 666 2220 injustos
685 2167 734 2204 Et
756 2165 943 2203 cledamus
963 2165 994 2203 ei
1014 2165 1232 2214 admonenti,
1253 2174 1286 2203 et

268 2235 290 2264 5.
332 2228 488 2266 dicenti:
512 2230 680 2278 Qnoerite
690 2229 858 2278 primum
880 2240 946 2277 reg
948 2241 1039 2263 num
1050 2228 1139 2271 Dei,
1158 2235 1194 2263 et
1206 2227 1286 2263 haec

333 2293 464 2326 omnia
487 2297 728 2340 apponentur
753 2288 879 2324 vobi&
904 2289 935 2325 N
921 2256 1018 2324 c'ides
1046 2288 1163 2338 ipsum
1186 2286 1287 2323 nobis

332 2351 439 2388 etiam
464 2351 524 2388 illa
544 2350 579 2388 in
599 2350 732 2387 donum
749 2347 1019 2401 praeparavisse,
1038 2356 1071 2385 et
1085 2348 1160 2385 haec
1181 2347 1215 2384 in
1232 2347 1287 2384 lu-

333 2412 383 2449 cri
405 2421 438 2449 et
460 2411 608 2449 auctarii
631 2420 731 2464 parte
750 2410 919 2448 daturum
939 2424 975 2447 se
993 2409 1222 2461 promittere?
1237 2409 1290 2447 Ne

333 2473 443 2524 igitur
461 2487 500 2510 ea
522 2487 599 2523 qum
617 2482 798 2522 tamquam
817 2470 967 2508 auctarii
984 2470 1061 2508 loco
1080 2479 1290 2522 accepturus

334 2547 369 2571 es
388 2564 397 2582 ,
431 2534 530 2585 quasi
558 2533 730 2586 primaria
760 2541 859 2584 pete:
883 2546 926 2569 ne
954 2531 1172 2570 invertamus
1194 2530 1290 2568 ordi-

334 2609 438 2645 nem,
472 2595 533 2633 sed
555 2608 754 2645 quaeramus
773 2593 836 2631 illa
862 2592 953 2630 sieut
981 2592 1151 2644 prceeepit
1167 2622 1176 2640 ‚
1200 2601 1238 2629 ut
1258 2601 1291 2630 et

334 2656 390 2693 his
433 2666 466 2694 et
501 2656 573 2693 illis
603 2655 675 2692 frui
707 2654 824 2692 liceat.
851 2653 904 2691 Ea
934 2653 1027 2691 enim
1050 2653 1096 2691 de
1123 2667 1226 2691 causa
1255 2653 1290 2690 in

747 191 784 222 S.
823 190 1009 221 JOANMS
1046 187 1285 219 CIIRYSOST.
1332 186 1537 216 ARCHIEP.
1577 184 1938 216 CONSTANTINOP-

1341 268 1420 320 φίας
1438 271 1498 306 τοῦ
1524 267 1657 306 δικαίου
1675 268 1714 307 τὸ
1738 269 1912 321 φρόνημα.
1930 267 2048 321 εὈπερ
2075 267 2141 321 γὰρ
2168 269 2186 305 ὁ
2212 269 2359 320 Χριστος

1342 329 1460 381 ἔλεγε,
1488 329 1550 376 Μὴ
1578 329 1754 375 κτήσησθε
1778 331 1927 382 χρυσὸν,
1957 329 2046 380 μηδὲ
2071 329 2252 382 ἀργύριον,
2272 330 2359 380 μηδὲ

1343 390 1400 429 δύο
1421 407 1593 442 χιτωνας,
1617 394 1717 429 τοῦτο
1736 394 1831 434 οὗτος
1859 391 1993 429 οὐδέπω
2012 407 2084 443 παρ
2087 391 2246 433 ὀὐδενὸς
2265 392 2360 429 διδα-

1342 451 1458 503 χθεις,
1482 452 1559 489 ἀλλ’
1587 450 1718 489 οἴκοθεν
1745 451 1804 488 καὶ
1826 452 1865 489 ἐκ
1884 468 1943 490 του
1969 451 2171 503 ἐγκειμένου
2199 468 2242 502 τῃ
2260 467 2363 503 φυσει

1342 517 1384 564 τῇ
1406 512 1561 566 ἡμετέρᾳ
1581 512 1788 551 διδασκάλου
1810 516 1920 550 ταῦτα
1945 513 2076 563 μαθὼν,
2093 513 2252 560 ἐπεζήτει
2266 513 2363 566 παρὰ

1342 579 1402 614 τοῦ
1418 574 1595 614 Δεσπότου
1616 576 1708 627 αὐτῷ
1734 577 2019 627 παρασχεθῆναι,
2046 575 2148 626 ἄρτον
2170 581 2289 626 φαγεῖν
2305 574 2363 612 καὶ

1343 637 1481 687 ἱμάτιον
1497 635 1760 689 περιῧαλέσθαι.
1777 634 1864 673 Ἐὰν
1879 635 1990 673 ταῦτά
2008 651 2078 686 μοι,
2096 635 2213 687 φησὶν,
2229 634 2363 687 ὑπάρξῃ

1344 697 1401 736 ἐπὶ
1430 713 1491 744 της
1520 696 1723 751 ἀλλοτρίας,
1743 695 1815 735 Και
1838 696 2041 749 ἀποστρέψῃ
2071 711 2114 747 με
2143 695 2231 747 μετὰ
2250 712 2365 743 σωτη-

1347 758 1420 812 ρίας
1438 761 1485 803 εἷς
1500 775 1557 797 τον
1574 763 1665 797 οἶκον
1681 762 1740 796 τοῦ
1756 757 1888 810 πατρός
1904 773 1981 808 μου,
2001 757 2187 810 καθαπερ
2175 756 2364 809 υπέσγετο·

1344 821 1403 858 καὶ
1434 820 1533 858 ἔσται
1555 819 1678 872 Κυριος
1705 819 1782 870 ἐμοι
1810 821 1857 862 εἷς
1885 819 1997 866 Θεὸν,
2026 835 2086 857 και
2109 821 2127 856 ὃ
2145 818 2238 862 λίθος
2257 823 2366 864 οὗτος,

1344 882 1380 920 ὃν
1400 881 1530 927 ἔστησα
1546 879 1728 927 στήλη”ν,
1711 896 1809 918 εσται
1826 895 1885 931 μοι
1903 883 1995 923 οἰκος
2014 882 2129 919 Θεου·
2149 880 2208 917 καὶ
2226 880 2365 918 πάντων

1344 946 1392 980 ὧν
1407 942 1446 980 ἄν
1469 958 1526 993 μοι
1545 943 1623 994 δῷς,
1640 941 1787 987 δεκατην
1809 941 2068 980 ἀποδεκατώσω
2082 941 2169 980 αὐτά
2188 957 2253 980 σοι.
2270 940 2366 993 “Όρα

1344 1007 1403 1042 τοῦ
1426 1003 1558 1041 δικαίου
1578 1002 1640 1050 τὴν
1666 1001 1944 1054 εὐγνωμοσύνην.
1964 1003 2041 1050 Τὴν
2063 1003 2198 1048 αἴτησιν
2221 1002 2282 1054 μὲν
2308 1005 2366 1041 αἷ-

1345 1063 1527 1115 τούμενος,
1546 1063 1640 1101 οὐδὲν
1667 1063 1853 1107 πολυτελὲς
1873 1065 2014 1110 αἰτῆσαι
2041 1062 2260 1111 κατεδέξατο,
2289 1064 2365 1101 ἀλλ’

1346 1126 1450 1178 ἄρτον
1470 1126 1530 1164 καὶ
1550 1125 1688 1176 ἱμάτιον
1702 1140 1710 1148 ·
1727 1123 2004 1176 ὑπισχνούμενος
2031 1125 2067 1163 δὲ
2085 1124 2130 1163 τὰ
2149 1126 2232 1177 παρ’
2247 1126 2368 1163 ἑαυτοῦ

1345 1189 1395 1239 τῷ
1418 1185 1602 1263 Δεσπότη,
1628 1184 1726 1229 εἰδὼς
1749 1186 1854 1224 αὐτοῦ
1881 1185 1920 1223 τὸ
1940 1185 2121 1237 φιλότιμον
2144 1186 2177 1223 ἓν
2198 1192 2273 1229 ταῖς
2298 1187 2368 1224 δω-

1351 1255 1460 1303 ρεαῖς,
1479 1264 1539 1286 και
1559 1265 1610 1286 οτι
1630 1247 1831 1300 ὑπερὸαίνει
1851 1254 1927 1291 ταῖς
1948 1247 2142 1286 ἀντιδόσεσι
2160 1246 2222 1290 τὰς
2242 1247 2370 1290 ἐννοίας

1348 1310 1409 1353 τὰς
1430 1310 1601 1363 ἡμετέρας
1613 1341 1622 1357 ,
1644 1327 1680 1362 φ’
1673 1309 1741 1356 ῑσί·
1763 1308 1822 1346 καὶ
1837 1309 1899 1357 τὴν
1916 1309 2048 1356 στήλην
2066 1309 2196 1357 ταύτην
2211 1312 2259 1352 εἷς
2278 1303 2370 1347 οἶκον

1349 1375 1475 1411 Osou‘
1465 1372 1542 1417 ε’ξω,
1565 1388 1624 1410 και
1652 1371 1791 1410 πάντων
1820 1374 1889 1409 τῶν
1915 1370 2012 1424 παρὰ
2033 1373 2094 1409 σοῦ
2118 1386 2177 1421 μοι
2194 1386 2369 1424 χορηγου-

1351 1430 1462 1482 μένων
1502 1430 1564 1474 τὰς
1597 1429 1743 1473 δεκάτας
1783 1428 2053 1467 ἀποδεκατώσω.
2089 1424 2191 1473 Εἶδες
2228 1430 2371 1482 γνώμην

1350 1496 1525 1548 φιλόθεον,
1555 1496 1666 1534 Οὔπω
1694 1494 1790 1533 οὐδὲν
1817 1495 1939 1543 ἔλαὸε,
1969 1494 2028 1533 καὶ
2055 1498 2276 1548 ὑπισχνεῖται
2303 1499 2371 1534 τῶν

1351 1555 1546 1605 μελλόντων
1565 1556 1658 1607 αὐτῷ
1680 1554 1837 1592 δίδοσθαι
1853 1555 1914 1598 τὰς
1934 1554 2080 1597 δεκάτας
2099 1558 2149 1607 τῷ
2169 1557 2250 1607 Θεῷ
2265 1570 2372 1608 προσ-

1350 1614 1467 1652 οίσειν.
1488 1614 1548 1661 Μὴ
1571 1615 1706 1661 ἁπλῶς,
1730 1614 1923 1665 ἀγαπητοὶ,
1943 1615 2222 1666 παρατρέχωμεν
2248 1615 2292 1652 τὰ
2321 1616 2371 1653 εἷ-

1355 1675 1508 1727 ρημένα,
1530 1676 1619 1713 ἀλλὰ
1648 1674 1858 1725 ζηλώσωμεν
1890 1675 2040 1719 ἅπαντες
2069 1679 2188 1713 τοῦτον
2223 1677 2280 1714 τὸν
2320 1677 2374 1715 δίἣ

1353 1753 1464 1784 καιον,
1485 1739 1515 1774 οἱ
1538 1738 1571 1774 ἒν
1593 1739 1634 1787 τῇ·
1656 1736 1775 1787 χάριτι
1796 1751 1854 1773 τον
1873 1752 1941 1789 προ
1964 1752 2022 1774 του
2047 1736 2166 1787 νόμου,
2186 1753 2245 1775 και
2267 1738 2374 1788 μηδεν

1356 1798 1515 1849 βιωτικον
1554 1799 1705 1848 αἷτωαεν
1736 1795 1834 1848 παρὰ
1869 1801 1929 1835 τοῦ
1962 1798 2100 1836 Δεσπότ
2081 1814 2152 1836 ου.
2183 1799 2275 1838 Οὐδὲ
2308 1799 2376 1854 γὰρ

1353 1859 1532 1912 περιμένει
1551 1858 1612 1905 τὴν
1634 1859 1717 1911 παρ’
1746 1861 1847 1908 ἡμῶν
1867 1857 2081 1909 ὑπόμνησιν,
2111 1859 2201 1898 ἀλλὰ
2227 1860 2291 1898 κᾶν
2327 1861 2374 1912 μὴ

1353 1922 1519 1971 αἰτῶμεν,
1540 1923 1625 1970 ἡμῖν
1641 1919 1685 1957 τὰ
1704 1919 1789 1972 πρὸς
1804 1919 1866 1967 τὴν
1883 1919 2005 1973 χρείαν
2022 1922 2196 1973 δωρεῖται.
2217 1921 2376 1962 Ἀνατέλ-

1351 1983 1406 2020 λει
1437 1981 1505 2035 γὰρ
1532 1982 1589 2020 τὸν
1624 1982 1721 2028 ἥλιον
1755 1981 1812 2020 ἐπὶ
1840 1982 2010 2035 πονηροὺς
2039 1984 2098 2021 καὶ
2130 1984 2288 2035 ἀγαθοὺς,
2317 1985 2377 2023 καὶ

1357 2044 1474 2097 βρέχει
1508 2043 1564 2082 ἐπὶ
1604 2043 1754 2087 δικαίους
1783 2044 1843 2082 καὶ
1879 2044 2026 2088 ἀδίκους.
2065 2045 2135 2083 Καὶ
2177 2046 2377 2097 πειθώμεθα

1356 2107 1449 2156 αὐτῷ
1475 2108 1699 2158 παραινοῦντι
1719 2105 1777 2142 καὶ
1797 2105 1948 2156 λέγοντι·
1980 2107 2124 2153 Ζητεῑτε
2150 2111 2287 2161 πρῶτον
2314 2108 2377 2156 τὴν

1357 2166 1534 2217 βασιλείαν
1555 2170 1614 2203 τοῦ
1636 2168 1740 2213 Θεοῦ,
1758 2165 1817 2203 καὶ
1835 2170 1946 2204 ταῦτα
1968 2168 2083 2205 πάντα
2105 2168 2379 2221 προστεθήσεται

1355 2230 1452 2276 ἡμῖν.
1477 2225 1585 2277 εΟρδιίς
1605 2225 1658 2264 ὅτι
1685 2226 1786 2269 αὐτὸς
1813 2227 1926 2264 ε’κεῖνα
1952 2230 2037 2278 ἡμῖν
2062 2228 2232 2278 ἡτοίμασε
2264 2246 2378 2283 παρα-

1356 2292 1472 2338 σχεῖν,
1500 2287 1559 2324 καὶ
1590 2289 1699 2323 ταῦτα
1722 2288 1756 2324 ἕν
1782 2287 1982 2340 προσθήκης
2008 2289 2107 2341 μέρει
2137 2291 2251 2328 δοῦναι
2271 2293 2378 2343 ἐπαγ-

1355 2349 1539 2399 γέλλεται;
1561 2347 1621 2394 Μὴ
1638 2348 1751 2386 τοίνυν
1775 2348 1864 2402 ἅπερ
1883 2351 1918 2386 ἐν
1943 2351 2143 2402 προσθήκης
2168 2352 2266 2405 μέρει
2290 2354 2379 2404 λαμ·

1356 2410 1472 2448 Εοίνειν
1494 2408 1631 2460 με’λλεις
1647 2440 1655 2455 ‚
1678 2414 1789 2447 ταῦτα
1819 2414 1865 2453 ὡς
1889 2412 2133 2465 προηγούμενα
2154 2413 2242 2451 αἴτει
2262 2430 2269 2438 ·
2291 2415 2379 2465 μηδὲ

1357 2470 1639 2523 ἀντιστρέψωμεν
1659 2470 1720 2517 τὴν
1739 2471 1834 2516 τάξιν
1848 2502 1856 2517 ‚
1879 2473 1968 2511 ἀλλὰ
1990 2475 2147 2525 ζητῶμεν
2164 2477 2296 2521 ἐκεῖνα,
2315 2491 2380 2513 κα-

1359 2531 1424 2574 θὼς
1444 2530 1625 2578 ἐπέταξεν,
1647 2530 1704 2569 ἵνα
1722 2533 1890 2571 κάκείνων
1913 2533 1972 2572 καὶ
1987 2534 2115 2572 τούτων
2138 2536 2172 2572 ἐν
2190 2534 2380 2573 ἀπολαύσει

1357 2591 1549 2643 γενιίηιεθα.
1570 2591 1639 2629 Διὰ
1658 2590 1726 2644 γὰρ
1748 2596 1847 2630 τοῦτο
1873 2593 1932 2630 καὶ
1953 2595 1986 2631 ἐν
2007 2599 2078 2637 τοῖς
2100 2597 2161 2639 τῆς
2191 2595 2298 2645 εὐχῆς
2317 2594 2380 2645 ῥήκ-

1361 2667 1465 2702 μασιν
1487 2651 1585 2704 ὅρους
1605 2654 1689 2702 ἡμῖν
1713 2652 1773 2689 καὶ
1798 2651 1943 2696 κανόνας
1963 2652 2086 2699 τιθεὶς,
2103 2652 2208 2705 μέχρι
2227 2652 2316 2696 τίνος
2332 2655 2382 2691 δεῖ

335 2717 507 2755 orationis
527 2726 654 2754 nostra}
674 2716 793 2754 verbis
815 2715 945 2753 limites
964 2724 998 2752 et
1027 2715 1167 2766 regulas
1189 2714 1348 2753 nobiS530
1360 2712 1421 2760 τὴν
1443 2713 1521 2763 περὶ
1538 2716 1605 2750 τῶν
1625 2714 1797 2763 βιωτικῶν
1818 2712 1954 2759 αἴτησιν
1973 2717 2164 2761 ποιεῖσθαι,
2179 2714 2223 2751 τὰ
2242 2714 2383 2766 ῥήματα

336 2779 512 2816 Dominus
548 2777 763 2830 praescripsit
779 2808 788 2825 ‚
823 2785 996 2827 quatenus
1034 2776 1184 2828 petenda
1222 2775 1293 2813 sint
1313 2770 1335 2795 A

338 2839 560 2891 temporalia.
581 2839 701 2877 Verba
730 2838 793 2875 illa
814 2838 915 2889 jubet
948 2852 1011 2875 nos
1037 2837 1181 2886 dicere,
1214 2851 1293 2887 quae

339 2900 433 2937 omni
456 2899 681 2951 philosophia
701 2909 784 2937 sunt
801 2900 941 2943 referta,
956 2901 1106 2936 Panem
1121 2907 1294 2937 nostrum

341 2962 610 3012 quotidianum
627 2962 678 2997 da
697 2963 803 2998 nohis
823 2961 935 2998 hodie
951 2977 961 2996 .·
982 2959 1053 2998 diei
1074 2959 1294 3007 alimentum,

342 3021 457 3071 inquit
475 3037 481 3057 :
501 3021 535 3058 id
556 3020 651 3070 quod
668 3022 786 3072 justus
806 3021 881 3069 iste,
900 3020 1038 3058 tametsi
1056 3021 1144 3058 nihil
1167 3021 1294 3058 horum

341 3082 515 3125 audierat,
537 3091 698 3133 precatus
732 3082 943 3131 est,‹licens:
964 3082 1004 3121 Si
1027 3083 1173 3120 dederit
1201 3083 1297 3119 mihi

346 3145 534 3180 Dominus
551 3157 692 3194 panem
710 3144 762 3180 ad
780 3145 1071 3189 comedendum,
1099 3152 1133 3181 et
1156 3152 1296 3181 vestem

341 3205 395 3241 ad
409 3205 626 3256 tegendum.
644 3205 695 3241 Nc
711 3204 819 3254 igitur
835 3205 1027 3257 temporale
1039 3204 1178 3255 aliquid
1195 3204 1295 3242 aliud

339 3266 383 3302 ab
413 3280 453 3303 eo
489 3274 658 3317 petamus.
692 3265 881 3317 Indignum
911 3265 1004 3304 enim
1035 3265 1140 3305 valde
1165 3275 1241 3313 est,
1275 3280 1292 3303 a

384 3392 394 3402 ··
413 3379 466 3412 Sic
482 3378 581 3411 Savil.
599 3386 630 3410 et
645 3379 787 3421 quinque
802 3380 875 3411 δίκε.
893 3379 1006 3411 Mori-li
1027 3391 1103 3411 vcro
1124 3384 1338 3424 ‘7z1‘25rop-sr'fi.

1361 2776 1474 2811 ἐκεῖνα
1493 2772 1604 2824 λέγειν
1630 2776 1724 2823 ἡμᾶς
1749 2773 1927 2822 ἐκέλευσε,
1956 2774 2000 2812 τὰ
2021 2775 2136 2821 πάσης
2157 2775 2383 2827 Ωφιλοσοφίας

1360 2850 1533 2886 γεμοντα,
1561 2835 1632 2872 Τὸν
1666 2834 1767 2885 ἄρτον
1797 2837 1897 2885 ἡμων
1930 2852 1988 2873 τον
2015 2835 2185 2874 ἐπιουσιον
2215 2836 2269 2879 δὸς
2298 2839 2382 2886 ἡμῖν

1362 2896 1531 2947 σήμερον,
1556 2896 1632 2934 ἀντι
1654 2911 1733 2943 του,
1753 2911 1816 2942 την
1844 2912 1905 2943 της
1933 2896 2066 2949 ἡμερας
2091 2912 2245 2949 τροφην·
2264 2897 2384 2950 ὅπερό

1363 2956 1493 2999 δίκαιος
1512 2960 1629 3003 οὗτος,
1648 2956 1743 2995 οὐοὲν
1767 2957 1895 2995 τούτων
1912 2957 2085 3005 ἀκηκοὼς,
2109 2957 2237 3009 ηὔχετο
2252 2958 2381 3009 λέγων

1363 3017 1421 3056 ’E
1410 3035 1448 3055 αν
1465 3019 1512 3055 διό
1534 3035 1591 3068 μοι
1614 3019 1736 3070 Ικυριος
1760 3019 1861 3072 ἄρτον
1882 3025 2019 3071 φαγεῖν,
2044 3019 2102 3056 καὶ
2124 3019 2259 3069 ἱμάτιον
2287 3035 2384 3072 περι-

1365 3082 1542 3120 Galia-(me.
1566 3082 1625 3129 Μὴ
1645 3082 1756 3120 τοίνυν
1776 3083 1891 3136 ἔτερόν
1906 3099 1939 3120 τι
1958 3086 2026 3120 τῶν
2043 3085 2213 3133 βιωτικῶν
2234 3085 2385 3134 αἰτῶμεν

1364 3143 1447 3195 παρ’
1479 3145 1594 3181 αὐτοῦ.
1628 3143 1778 3188 Ἀνάξιον
1814 3144 1881 3195 γὰρ
1912 3143 2044 3195 σφόδρα
2078 3143 2174 3196 παρὰ
2203 3147 2262 3181 τοῦ
2296 3145 2385 3182 οὕτω

1365 3204 1544 3255 φιλοτίμου
1565 3205 1623 3242 καὶ
1649 3205 1819 3252 τοσαύτην
1848 3205 2023 3255 δυνάμεως
2040 3205 2238 3257 περιουσίαν
2262 3222 2384 3252 κεκτη-

1366 3265 1468 3315 μένου
1488 3270 1595 3304 ταῦτα
1615 3268 1731 3314 αἰτεῖν,
1751 3266 1770 3303 ἃ
1787 3268 1835 3317 τῷ
1855 3265 2000 3317 παρόντι
2018 3266 2291 3317 συγκαταλύεται
2310 3266 2385 3319 βίῳ,

2492 2174 2493 2181 ι

2496 2138 2507 2553 U

2490 2281 2494 2290 A

2494 2456 2495 2463 t

2494 2491 2505 2566 if
