<?xml version="1.0" encoding="UTF-8"?>
<!DOCTYPE html PUBLIC "-//W3C//DTD XHTML 1.0 Transitional//EN"
    "http://www.w3.org/TR/xhtml1/DTD/xhtml1-transitional.dtd">
<html xmlns="http://www.w3.org/1999/xhtml" xml:lang="en" lang="en">
 <head>
  <title>
</title>
<meta http-equiv="Content-Type" content="text/html;charset=utf-8" />
  <meta name='ocr-system' content='tesseract 3.04.00' />
  <meta name='ocr-capabilities' content='ocr_page ocr_carea ocr_par ocr_line ocrx_word'/>
</head>
<body>
  <div class='ocr_page' id='page_1' title='image "./operaomniaquaeex04johnuoft/operaomniaquaeex04johnuoft_0347.png"; bbox 0 0 2516 3791; ppageno 0'>
   <div class='ocr_carea' id='block_1_1' title="bbox 699 239 881 269">
    <p class='ocr_par' dir='ltr' id='par_1_1' title="bbox 699 239 881 269">
     <span class='ocr_line' id='line_1_1' title="bbox 699 239 881 269; baseline -0.011 0"><span class='ocrx_word' id='word_1_1' title='bbox 699 240 741 269; x_wconf 70' lang='lat' dir='ltr'>IN</span> <span class='ocrx_word' id='word_1_2' title='bbox 778 239 881 268; x_wconf 71' lang='lat' dir='ltr'>ow.</span> 
     </span>
    </p>
   </div>
   <div class='ocr_carea' id='block_1_2' title="bbox 100 326 1121 386">
    <p class='ocr_par' dir='ltr' id='par_1_2' title="bbox 100 326 1121 386">
     <span class='ocr_line' id='line_1_2' title="bbox 100 326 1121 386; baseline -0.009 -12"><span class='ocrx_word' id='word_1_3' title='bbox 100 336 156 376; x_wconf 78' lang='grc' dir='ltr'>ἐπὶ</span> <span class='ocrx_word' id='word_1_4' title='bbox 177 334 238 382; x_wconf 78' lang='grc' dir='ltr'>τὴν</span> <span class='ocrx_word' id='word_1_5' title='bbox 258 333 384 386; x_wconf 72' lang='grc' dir='ltr'>εὐχὴν,</span> <span class='ocrx_word' id='word_1_6' title='bbox 412 333 453 370; x_wconf 78' lang='grc' dir='ltr'>δι’</span> <span class='ocrx_word' id='word_1_7' title='bbox 473 326 514 377; x_wconf 71' lang='grc' dir='ltr'>ἧς</span> <span class='ocrx_word' id='word_1_8' title='bbox 536 331 651 369; x_wconf 80' lang='grc' dir='ltr'>πάντα</span> <span class='ocrx_word' id='word_1_9' title='bbox 680 346 738 380; x_wconf 88' lang='grc' dir='ltr'>μοι</span> <span class='ocrx_word' id='word_1_10' title='bbox 771 330 814 367; x_wconf 76' lang='grc' dir='ltr'>τὰ</span> <span class='ocrx_word' id='word_1_11' title='bbox 840 331 990 381; x_wconf 68' lang='grc' dir='ltr'>δυσχερῆ</span> <span class='ocrx_word' id='word_1_12' title='bbox 1010 330 1121 379; x_wconf 76' lang='grc' dir='ltr'>κοῦφα</span> 
     </span>
    </p>
   </div>
   <div class='ocr_carea' id='block_1_3' title="bbox 98 388 1168 448">
    <p class='ocr_par' dir='ltr' id='par_1_3' title="bbox 98 388 1168 448">
     <span class='ocr_line' id='line_1_3' title="bbox 98 388 1168 448; baseline -0.009 -13"><span class='ocrx_word' id='word_1_13' title='bbox 98 396 156 435; x_wconf 86' lang='grc' dir='ltr'>καὶ</span> <span class='ocrx_word' id='word_1_14' title='bbox 176 394 276 448; x_wconf 77' lang='grc' dir='ltr'>ῥᾴδια</span> <span class='ocrx_word' id='word_1_15' title='bbox 305 393 448 445; x_wconf 85' lang='grc' dir='ltr'>γίνεται.</span> <span class='ocrx_word' id='word_1_16' title='bbox 472 391 618 443; x_wconf 65' lang='grc' dir='ltr'>Ἵῧτερος</span> <span class='ocrx_word' id='word_1_17' title='bbox 643 390 749 428; x_wconf 85' lang='grc' dir='ltr'>πάλιν</span> <span class='ocrx_word' id='word_1_18' title='bbox 772 391 839 428; x_wconf 77' lang='grc' dir='ltr'>ὑπὸ</span> <span class='ocrx_word' id='word_1_19' title='bbox 866 392 935 427; x_wconf 85' lang='grc' dir='ltr'>τῶν</span> <span class='ocrx_word' id='word_1_20' title='bbox 955 388 1121 441; x_wconf 87' lang='grc' dir='ltr'>πρότερον</span> <span class='ocrx_word' id='word_1_21' title='bbox 1145 397 1168 425; x_wconf 75' lang='lat'>(2</span> 
     </span>
    </p>
   </div>
   <div class='ocr_carea' id='block_1_4' title="bbox 95 448 1138 2518">
    <p class='ocr_par' dir='ltr' id='par_1_4' title="bbox 95 448 1138 2518">
     <span class='ocr_line' id='line_1_4' title="bbox 97 448 1123 509; baseline -0.009 -14"><span class='ocrx_word' id='word_1_22' title='bbox 97 454 354 509; x_wconf 82' lang='grc' dir='ltr'>θεραπευόντων</span> <span class='ocrx_word' id='word_1_23' title='bbox 372 458 644 505; x_wconf 67' lang='grc' dir='ltr'>καταφρονεῖται</span> <span class='ocrx_word' id='word_1_24' title='bbox 661 451 719 490; x_wconf 76' lang='grc' dir='ltr'>καὶ</span> <span class='ocrx_word' id='word_1_25' title='bbox 734 456 959 504; x_wconf 77' lang='grc' dir='ltr'>περιορᾶται,</span> <span class='ocrx_word' id='word_1_26' title='bbox 982 449 1041 487; x_wconf 75' lang='grc' dir='ltr'>καὶ</span> <span class='ocrx_word' id='word_1_27' title='bbox 1055 448 1123 487; x_wconf 78' lang='grc' dir='ltr'>ὑπὸ</span> 
     </span>
     <span class='ocr_line' id='line_1_5' title="bbox 95 510 1124 568; baseline -0.008 -13"><span class='ocrx_word' id='word_1_28' title='bbox 95 520 165 556; x_wconf 78' lang='grc' dir='ltr'>τῶν</span> <span class='ocrx_word' id='word_1_29' title='bbox 179 516 287 568; x_wconf 80' lang='grc' dir='ltr'>φίλων</span> <span class='ocrx_word' id='word_1_30' title='bbox 306 513 630 563; x_wconf 82' lang='grc' dir='ltr'>καταλιμπάνεται,</span> <span class='ocrx_word' id='word_1_31' title='bbox 645 512 704 550; x_wconf 78' lang='grc' dir='ltr'>καὶ</span> <span class='ocrx_word' id='word_1_32' title='bbox 725 517 825 550; x_wconf 80' lang='grc' dir='ltr'>τοῦτο</span> <span class='ocrx_word' id='word_1_33' title='bbox 844 512 949 549; x_wconf 80' lang='grc' dir='ltr'>αὐτοῦ</span> <span class='ocrx_word' id='word_1_34' title='bbox 970 510 1124 561; x_wconf 85' lang='grc' dir='ltr'>μάλιστα</span> 
     </span>
     <span class='ocr_line' id='line_1_6' title="bbox 96 565 1122 630; baseline -0.009 -14"><span class='ocrx_word' id='word_1_35' title='bbox 96 584 218 630; x_wconf 78' lang='grc' dir='ltr'>συγχεῖ</span> <span class='ocrx_word' id='word_1_36' title='bbox 234 577 294 615; x_wconf 73' lang='grc' dir='ltr'>καὶ</span> <span class='ocrx_word' id='word_1_37' title='bbox 311 575 479 628; x_wconf 74' lang='grc' dir='ltr'>ταράσσει</span> <span class='ocrx_word' id='word_1_38' title='bbox 498 575 556 613; x_wconf 84' lang='grc' dir='ltr'>τὸν</span> <span class='ocrx_word' id='word_1_39' title='bbox 574 573 756 625; x_wconf 90' lang='grc' dir='ltr'>λογισμόν.</span> <span class='ocrx_word' id='word_1_40' title='bbox 781 571 886 610; x_wconf 72' lang='grc' dir='ltr'>Ἀλλὰ</span> <span class='ocrx_word' id='word_1_41' title='bbox 913 571 973 609; x_wconf 79' lang='grc' dir='ltr'>καὶ</span> <span class='ocrx_word' id='word_1_42' title='bbox 1002 565 1100 612; x_wconf 72' lang='grc' dir='ltr'>οὗτος</span> <span class='ocrx_word' id='word_1_43' title='bbox 1114 601 1122 614; x_wconf 85' lang='grc'>,</span> 
     </span>
     <span class='ocr_line' id='line_1_7' title="bbox 97 631 1124 690; baseline -0.009 -13"><span class='ocrx_word' id='word_1_44' title='bbox 97 642 126 678; x_wconf 80' lang='grc' dir='ltr'>εἰ</span> <span class='ocrx_word' id='word_1_45' title='bbox 165 637 368 690; x_wconf 77' lang='grc' dir='ltr'>βουληθείη,</span> <span class='ocrx_word' id='word_1_46' title='bbox 402 639 549 675; x_wconf 80' lang='grc' dir='ltr'>ἐνταῦθα</span> <span class='ocrx_word' id='word_1_47' title='bbox 577 633 858 687; x_wconf 79' lang='grc' dir='ltr'>παραγενόμενος</span> <span class='ocrx_word' id='word_1_48' title='bbox 893 631 1033 670; x_wconf 82' lang='grc' dir='ltr'>ἀκούσει</span> <span class='ocrx_word' id='word_1_49' title='bbox 1064 635 1124 668; x_wconf 80' lang='grc' dir='ltr'>τοῦ</span> 
     </span>
     <span class='ocr_line' id='line_1_8' title="bbox 99 692 1124 753; baseline -0.01 -15"><span class='ocrx_word' id='word_1_50' title='bbox 99 699 272 753; x_wconf 88' lang='grc' dir='ltr'>μακαρίου</span> <span class='ocrx_word' id='word_1_51' title='bbox 297 698 418 737; x_wconf 81' lang='grc' dir='ltr'>τούτου</span> <span class='ocrx_word' id='word_1_52' title='bbox 434 697 612 748; x_wconf 85' lang='grc' dir='ltr'>λέγοντος·</span> <span class='ocrx_word' id='word_1_53' title='bbox 630 697 678 733; x_wconf 78' lang='grc' dir='ltr'>Οἱ</span> <span class='ocrx_word' id='word_1_54' title='bbox 695 695 787 748; x_wconf 68' lang='grc' dir='ltr'>φίλοι</span> <span class='ocrx_word' id='word_1_55' title='bbox 810 709 876 744; x_wconf 89' lang='grc' dir='ltr'>μου</span> <span class='ocrx_word' id='word_1_56' title='bbox 897 692 957 731; x_wconf 73' lang='grc' dir='ltr'>καὶ</span> <span class='ocrx_word' id='word_1_57' title='bbox 979 695 1010 729; x_wconf 81' lang='grc' dir='ltr'>οἱ</span> <span class='ocrx_word' id='word_1_58' title='bbox 1033 693 1124 738; x_wconf 86' lang='grc' dir='ltr'>πλη-</span> 
     </span>
     <span class='ocr_line' id='line_1_9' title="bbox 100 752 1125 812; baseline -0.011 -12"><span class='ocrx_word' id='word_1_59' title='bbox 100 762 172 801; x_wconf 90' lang='grc' dir='ltr'>σίον</span> <span class='ocrx_word' id='word_1_60' title='bbox 190 776 254 812; x_wconf 88' lang='grc' dir='ltr'>μου</span> <span class='ocrx_word' id='word_1_61' title='bbox 275 759 308 805; x_wconf 80' lang='grc' dir='ltr'>ἐξ</span> <span class='ocrx_word' id='word_1_62' title='bbox 338 758 493 802; x_wconf 73' lang='grc' dir='ltr'>ἐναντίας</span> <span class='ocrx_word' id='word_1_63' title='bbox 526 773 591 808; x_wconf 88' lang='grc' dir='ltr'>μου</span> <span class='ocrx_word' id='word_1_64' title='bbox 620 757 768 808; x_wconf 78' lang='grc' dir='ltr'>ἤγγισαν</span> <span class='ocrx_word' id='word_1_65' title='bbox 791 753 848 793; x_wconf 67' lang='grc' dir='ltr'>καὶ</span> <span class='ocrx_word' id='word_1_66' title='bbox 885 754 1049 800; x_wconf 87' lang='grc' dir='ltr'>ἔστησαν,</span> <span class='ocrx_word' id='word_1_67' title='bbox 1065 752 1125 790; x_wconf 73' lang='grc' dir='ltr'>καὶ</span> 
     </span>
     <span class='ocr_line' id='line_1_10' title="bbox 101 812 1127 872; baseline -0.01 -12"><span class='ocrx_word' id='word_1_68' title='bbox 101 826 132 860; x_wconf 80' lang='grc' dir='ltr'>οἱ</span> <span class='ocrx_word' id='word_1_69' title='bbox 165 820 309 872; x_wconf 85' lang='grc' dir='ltr'>ἔγγιστά</span> <span class='ocrx_word' id='word_1_70' title='bbox 341 835 406 871; x_wconf 88' lang='grc' dir='ltr'>μου</span> <span class='ocrx_word' id='word_1_71' title='bbox 427 819 496 856; x_wconf 80' lang='grc' dir='ltr'>ἀπὸ</span> <span class='ocrx_word' id='word_1_72' title='bbox 525 817 697 869; x_wconf 78' lang='grc' dir='ltr'>μακρόθεν</span> <span class='ocrx_word' id='word_1_73' title='bbox 719 816 885 862; x_wconf 84' lang='grc' dir='ltr'>ἔστησαν,</span> <span class='ocrx_word' id='word_1_74' title='bbox 904 813 964 852; x_wconf 74' lang='grc' dir='ltr'>καὶ</span> <span class='ocrx_word' id='word_1_75' title='bbox 993 812 1127 857; x_wconf 69' lang='grc' dir='ltr'>ἐξεὸιά-</span> 
     </span>
     <span class='ocr_line' id='line_1_11' title="bbox 100 875 1128 929; baseline -0.01 -8"><span class='ocrx_word' id='word_1_76' title='bbox 100 886 198 927; x_wconf 86' lang='grc' dir='ltr'>ζοντο</span> <span class='ocrx_word' id='word_1_77' title='bbox 216 884 246 920; x_wconf 75' lang='grc' dir='ltr'>οἳ</span> <span class='ocrx_word' id='word_1_78' title='bbox 277 884 455 927; x_wconf 79' lang='grc' dir='ltr'>ζητοῦντες</span> <span class='ocrx_word' id='word_1_79' title='bbox 480 878 544 926; x_wconf 75' lang='grc' dir='ltr'>τὴν</span> <span class='ocrx_word' id='word_1_80' title='bbox 567 877 682 929; x_wconf 77' lang='grc' dir='ltr'>ψυχήν</span> <span class='ocrx_word' id='word_1_81' title='bbox 705 891 770 928; x_wconf 90' lang='grc' dir='ltr'>μου</span> <span class='ocrx_word' id='word_1_82' title='bbox 784 892 792 899; x_wconf 93' lang='grc'><em>·</em></span> <span class='ocrx_word' id='word_1_83' title='bbox 816 875 876 913; x_wconf 78' lang='grc' dir='ltr'>καὶ</span> <span class='ocrx_word' id='word_1_84' title='bbox 895 878 926 914; x_wconf 79' lang='grc' dir='ltr'>οἱ</span> <span class='ocrx_word' id='word_1_85' title='bbox 946 877 1128 921; x_wconf 80' lang='grc' dir='ltr'>ζητοῦντες</span> 
     </span>
     <span class='ocr_line' id='line_1_12' title="bbox 103 934 1129 992; baseline -0.008 -12"><span class='ocrx_word' id='word_1_86' title='bbox 103 943 118 963; x_wconf 83' lang='lat'>&#39;¹</span> <span class='ocrx_word' id='word_1_87' title='bbox 132 942 174 980; x_wconf 77' lang='grc' dir='ltr'>τὰ</span> <span class='ocrx_word' id='word_1_88' title='bbox 194 941 286 980; x_wconf 81' lang='grc' dir='ltr'>κακά</span> <span class='ocrx_word' id='word_1_89' title='bbox 303 956 368 992; x_wconf 89' lang='grc' dir='ltr'>μου</span> <span class='ocrx_word' id='word_1_90' title='bbox 390 939 562 986; x_wconf 82' lang='grc' dir='ltr'>ἐλάλησαν</span> <span class='ocrx_word' id='word_1_91' title='bbox 581 937 818 989; x_wconf 82' lang='grc' dir='ltr'>ματαιότητας</span> <span class='ocrx_word' id='word_1_92' title='bbox 829 967 838 984; x_wconf 89' lang='grc'>,</span> <span class='ocrx_word' id='word_1_93' title='bbox 852 935 912 974; x_wconf 82' lang='grc' dir='ltr'>καὶ</span> <span class='ocrx_word' id='word_1_94' title='bbox 928 934 1129 982; x_wconf 87' lang='grc' dir='ltr'>δολιότητας</span> 
     </span>
     <span class='ocr_line' id='line_1_13' title="bbox 101 992 1130 1052; baseline -0.008 -10"><span class='ocrx_word' id='word_1_95' title='bbox 101 1004 184 1051; x_wconf 81' lang='grc' dir='ltr'>δ’λην</span> <span class='ocrx_word' id='word_1_96' title='bbox 199 1003 261 1049; x_wconf 80' lang='grc' dir='ltr'>τὴν</span> <span class='ocrx_word' id='word_1_97' title='bbox 280 1002 414 1052; x_wconf 79' lang='grc' dir='ltr'>ἡμέραν</span> <span class='ocrx_word' id='word_1_98' title='bbox 433 999 658 1050; x_wconf 70' lang='grc' dir='ltr'>ἐμελέτησαν.</span> <span class='ocrx_word' id='word_1_99' title='bbox 681 992 782 1042; x_wconf 67' lang='grc' dir='ltr'>Εἶδες</span> <span class='ocrx_word' id='word_1_100' title='bbox 808 997 931 1050; x_wconf 78' lang='grc' dir='ltr'>μέχρις</span> <span class='ocrx_word' id='word_1_101' title='bbox 950 999 1054 1036; x_wconf 80' lang='grc' dir='ltr'>αὐτοῦ</span> <span class='ocrx_word' id='word_1_102' title='bbox 1070 1000 1130 1035; x_wconf 74' lang='grc' dir='ltr'>τοῦ</span> 
     </span>
     <span class='ocr_line' id='line_1_14' title="bbox 101 1058 1130 1112; baseline -0.007 -9"><span class='ocrx_word' id='word_1_103' title='bbox 101 1064 248 1103; x_wconf 74' lang='grc' dir='ltr'>θανάτου</span> <span class='ocrx_word' id='word_1_104' title='bbox 270 1062 332 1106; x_wconf 73' lang='grc' dir='ltr'>τὰς</span> <span class='ocrx_word' id='word_1_105' title='bbox 361 1061 546 1104; x_wconf 65' lang='grc' dir='ltr'>ἐπιὸουλὰς</span> <span class='ocrx_word' id='word_1_106' title='bbox 574 1060 785 1112; x_wconf 82' lang='grc' dir='ltr'>ῥάπτοντας,</span> <span class='ocrx_word' id='word_1_107' title='bbox 813 1059 872 1097; x_wconf 70' lang='grc' dir='ltr'>καὶ</span> <span class='ocrx_word' id='word_1_108' title='bbox 902 1059 1044 1105; x_wconf 76' lang='grc' dir='ltr'>διηνεκῆ</span> <span class='ocrx_word' id='word_1_109' title='bbox 1072 1058 1130 1097; x_wconf 80' lang='grc' dir='ltr'>τὸν</span> 
     </span>
     <span class='ocr_line' id='line_1_15' title="bbox 103 1119 1132 1175; baseline -0.006 -12"><span class='ocrx_word' id='word_1_110' title='bbox 103 1125 254 1175; x_wconf 85' lang='grc' dir='ltr'>πόλεμον</span> <span class='ocrx_word' id='word_1_111' title='bbox 266 1121 566 1172; x_wconf 80' lang='grc' dir='ltr'>ἐπιδεικνυμένους</span> <span class='ocrx_word' id='word_1_112' title='bbox 578 1121 650 1168; x_wconf 82' lang='grc' dir='ltr'>;Τὸ</span> <span class='ocrx_word' id='word_1_113' title='bbox 662 1120 728 1172; x_wconf 81' lang='grc' dir='ltr'>γὰρ</span> <span class='ocrx_word' id='word_1_114' title='bbox 741 1151 750 1167; x_wconf 89' lang='grc'>,</span> <span class='ocrx_word' id='word_1_115' title='bbox 769 1119 884 1167; x_wconf 66' lang='grc' dir='ltr'>εὈλην</span> <span class='ocrx_word' id='word_1_116' title='bbox 904 1120 967 1166; x_wconf 85' lang='grc' dir='ltr'>τὴν</span> <span class='ocrx_word' id='word_1_117' title='bbox 983 1119 1132 1172; x_wconf 73' lang='grc' dir='ltr'>ἡμέραν,</span> 
     </span>
     <span class='ocr_line' id='line_1_16' title="bbox 104 1174 1134 1232; baseline -0.005 -8"><span class='ocrx_word' id='word_1_118' title='bbox 104 1189 205 1224; x_wconf 78' lang='grc' dir='ltr'>τοῦτο</span> <span class='ocrx_word' id='word_1_119' title='bbox 224 1186 343 1232; x_wconf 86' lang='grc' dir='ltr'>δηλοῖ,</span> <span class='ocrx_word' id='word_1_120' title='bbox 362 1184 416 1223; x_wconf 81' lang='grc' dir='ltr'>ὅτι</span> <span class='ocrx_word' id='word_1_121' title='bbox 438 1182 492 1220; x_wconf 75' lang='grc' dir='ltr'>διὰ</span> <span class='ocrx_word' id='word_1_122' title='bbox 514 1182 630 1229; x_wconf 78' lang='grc' dir='ltr'>πάσης</span> <span class='ocrx_word' id='word_1_123' title='bbox 648 1185 710 1228; x_wconf 80' lang='grc' dir='ltr'>τῆς</span> <span class='ocrx_word' id='word_1_124' title='bbox 744 1183 845 1227; x_wconf 74' lang='grc' dir='ltr'>ζωῆς.</span> <span class='ocrx_word' id='word_1_125' title='bbox 870 1183 904 1220; x_wconf 86' lang='grc' dir='ltr'><strong>Τ</strong></span> <span class='ocrx_word' id='word_1_126' title='bbox 909 1180 919 1218; x_wconf 87' lang='grc' dir='ltr'>ί</span> <span class='ocrx_word' id='word_1_127' title='bbox 947 1174 1005 1219; x_wconf 72' lang='grc' dir='ltr'>οῧν</span> <span class='ocrx_word' id='word_1_128' title='bbox 1033 1181 1134 1224; x_wconf 79' lang='grc' dir='ltr'>αὐτὸς</span> 
     </span>
     <span class='ocr_line' id='line_1_17' title="bbox 106 1241 1130 1286; baseline -0.007 0"><span class='ocrx_word' id='word_1_129' title='bbox 106 1248 241 1286; x_wconf 79' lang='grc' dir='ltr'>ἐκείνων</span> <span class='ocrx_word' id='word_1_130' title='bbox 264 1249 375 1284; x_wconf 80' lang='grc' dir='ltr'>ταῦτα</span> <span class='ocrx_word' id='word_1_131' title='bbox 401 1243 692 1283; x_wconf 67' lang='grc' dir='ltr'>ἐπιδουλευόντων</span> <span class='ocrx_word' id='word_1_132' title='bbox 712 1243 771 1280; x_wconf 78' lang='grc' dir='ltr'>καὶ</span> <span class='ocrx_word' id='word_1_133' title='bbox 802 1241 1130 1286; x_wconf 84' lang='grc' dir='ltr'>κατασκευαζόντων</span> 
     </span>
     <span class='ocr_line' id='line_1_18' title="bbox 106 1302 1130 1362; baseline -0.007 -15"><span class='ocrx_word' id='word_1_134' title='bbox 106 1311 291 1362; x_wconf 85' lang='grc' dir='ltr'>ἔπραττεν;</span> <span class='ocrx_word' id='word_1_135' title='bbox 312 1305 406 1356; x_wconf 78' lang='grc' dir='ltr'>Ἐγὼ</span> <span class='ocrx_word' id='word_1_136' title='bbox 422 1304 457 1343; x_wconf 83' lang='grc' dir='ltr'>δὲ</span> <span class='ocrx_word' id='word_1_137' title='bbox 477 1334 487 1352; x_wconf 92' lang='grc'>,</span> <span class='ocrx_word' id='word_1_138' title='bbox 512 1305 637 1357; x_wconf 66' lang='grc' dir='ltr'>φησιν,</span> <span class='ocrx_word' id='word_1_139' title='bbox 656 1304 739 1342; x_wconf 81' lang='grc' dir='ltr'>ὡσεὶ</span> <span class='ocrx_word' id='word_1_140' title='bbox 759 1303 872 1355; x_wconf 67' lang='grc' dir='ltr'>κωφὸς</span> <span class='ocrx_word' id='word_1_141' title='bbox 899 1305 961 1342; x_wconf 74' lang='grc' dir='ltr'>οὐκ</span> <span class='ocrx_word' id='word_1_142' title='bbox 990 1302 1130 1349; x_wconf 80' lang='grc' dir='ltr'>ἤκουον,</span> 
     </span>
     <span class='ocr_line' id='line_1_19' title="bbox 108 1364 1133 1417; baseline -0.007 -8"><span class='ocrx_word' id='word_1_143' title='bbox 108 1371 166 1409; x_wconf 75' lang='grc' dir='ltr'>καὶ</span> <span class='ocrx_word' id='word_1_144' title='bbox 186 1369 269 1408; x_wconf 78' lang='grc' dir='ltr'>ὡσεὶ</span> <span class='ocrx_word' id='word_1_145' title='bbox 302 1368 429 1410; x_wconf 83' lang='grc' dir='ltr'>ἄλαλος</span> <span class='ocrx_word' id='word_1_146' title='bbox 449 1367 510 1404; x_wconf 83' lang='grc' dir='ltr'>οὐκ</span> <span class='ocrx_word' id='word_1_147' title='bbox 533 1365 678 1417; x_wconf 85' lang='grc' dir='ltr'>ἀνοίγων</span> <span class='ocrx_word' id='word_1_148' title='bbox 708 1365 747 1403; x_wconf 83' lang='grc' dir='ltr'>τὸ</span> <span class='ocrx_word' id='word_1_149' title='bbox 780 1364 894 1415; x_wconf 86' lang='grc' dir='ltr'>στόμα</span> <span class='ocrx_word' id='word_1_150' title='bbox 927 1366 1050 1402; x_wconf 76' lang='grc' dir='ltr'>αὐτοῦ·</span> <span class='ocrx_word' id='word_1_151' title='bbox 1074 1364 1133 1402; x_wconf 78' lang='grc' dir='ltr'>καὶ</span> 
     </span>
     <span class='ocr_line' id='line_1_20' title="bbox 109 1425 1132 1482; baseline -0.005 -14"><span class='ocrx_word' id='word_1_152' title='bbox 109 1430 274 1482; x_wconf 79' lang='grc' dir='ltr'>ἐγενόμην</span> <span class='ocrx_word' id='word_1_153' title='bbox 294 1428 377 1466; x_wconf 80' lang='grc' dir='ltr'>ὡσεὶ</span> <span class='ocrx_word' id='word_1_154' title='bbox 407 1427 588 1479; x_wconf 85' lang='grc' dir='ltr'>ἄνθρωπος</span> <span class='ocrx_word' id='word_1_155' title='bbox 614 1428 677 1464; x_wconf 79' lang='grc' dir='ltr'>οὐκ</span> <span class='ocrx_word' id='word_1_156' title='bbox 697 1425 845 1470; x_wconf 76' lang='grc' dir='ltr'>ἀκούων,</span> <span class='ocrx_word' id='word_1_157' title='bbox 867 1425 927 1464; x_wconf 78' lang='grc' dir='ltr'>καὶ</span> <span class='ocrx_word' id='word_1_158' title='bbox 958 1428 1020 1464; x_wconf 83' lang='grc' dir='ltr'>οὐκ</span> <span class='ocrx_word' id='word_1_159' title='bbox 1041 1425 1132 1478; x_wconf 75' lang='grc' dir='ltr'>ἔχων</span> 
     </span>
     <span class='ocr_line' id='line_1_21' title="bbox 108 1480 1134 1543; baseline -0.004 -14"><span class='ocrx_word' id='word_1_160' title='bbox 108 1496 142 1532; x_wconf 78' lang='grc' dir='ltr'>ἐν</span> <span class='ocrx_word' id='word_1_161' title='bbox 181 1493 231 1543; x_wconf 87' lang='grc' dir='ltr'>τῷ</span> <span class='ocrx_word' id='word_1_162' title='bbox 267 1489 416 1539; x_wconf 88' lang='grc' dir='ltr'>στόματι</span> <span class='ocrx_word' id='word_1_163' title='bbox 453 1490 557 1526; x_wconf 82' lang='grc' dir='ltr'>αὐτοῦ</span> <span class='ocrx_word' id='word_1_164' title='bbox 594 1487 768 1538; x_wconf 81' lang='grc' dir='ltr'>ἐλεγμούς.</span> <span class='ocrx_word' id='word_1_165' title='bbox 802 1480 902 1531; x_wconf 73' lang='grc' dir='ltr'>Εἶδες</span> <span class='ocrx_word' id='word_1_166' title='bbox 932 1487 1134 1540; x_wconf 74' lang='grc' dir='ltr'>φιλοσοφίας</span> 
     </span>
     <span class='ocr_line' id='line_1_22' title="bbox 109 1543 1133 1606; baseline -0.004 -14"><span class='ocrx_word' id='word_1_167' title='bbox 109 1551 322 1606; x_wconf 66' lang='grc' dir='ltr'>ὑπερὸολὴν,</span> <span class='ocrx_word' id='word_1_168' title='bbox 348 1552 422 1593; x_wconf 84' lang='grc' dir='ltr'>πῶς</span> <span class='ocrx_word' id='word_1_169' title='bbox 455 1548 512 1587; x_wconf 78' lang='grc' dir='ltr'>διὰ</span> <span class='ocrx_word' id='word_1_170' title='bbox 538 1552 607 1587; x_wconf 84' lang='grc' dir='ltr'>τῶν</span> <span class='ocrx_word' id='word_1_171' title='bbox 625 1549 787 1587; x_wconf 82' lang='grc' dir='ltr'>ἐναντίων</span> <span class='ocrx_word' id='word_1_172' title='bbox 807 1550 894 1587; x_wconf 82' lang='grc' dir='ltr'>ὁδῶν</span> <span class='ocrx_word' id='word_1_173' title='bbox 913 1543 1010 1592; x_wconf 65' lang='grc' dir='ltr'>οὗτος</span> <span class='ocrx_word' id='word_1_174' title='bbox 1029 1565 1133 1602; x_wconf 90' lang='grc' dir='ltr'>περι-</span> 
     </span>
     <span class='ocr_line' id='line_1_23' title="bbox 109 1609 1135 1664; baseline -0.002 -13"><span class='ocrx_word' id='word_1_175' title='bbox 109 1615 262 1664; x_wconf 73' lang='grc' dir='ltr'>εγένετο,</span> <span class='ocrx_word' id='word_1_176' title='bbox 292 1611 442 1650; x_wconf 81' lang='grc' dir='ltr'>Ἐκεῖνοι</span> <span class='ocrx_word' id='word_1_177' title='bbox 469 1611 588 1654; x_wconf 87' lang='grc' dir='ltr'>δόλους</span> <span class='ocrx_word' id='word_1_178' title='bbox 620 1609 815 1662; x_wconf 75' lang='grc' dir='ltr'>ἔρραπτον,</span> <span class='ocrx_word' id='word_1_179' title='bbox 850 1611 952 1655; x_wconf 83' lang='grc' dir='ltr'>αὐτὸς</span> <span class='ocrx_word' id='word_1_180' title='bbox 983 1610 1042 1649; x_wconf 66' lang='grc' dir='ltr'>καὶ</span> <span class='ocrx_word' id='word_1_181' title='bbox 1072 1611 1135 1654; x_wconf 80' lang='grc' dir='ltr'>τὰς</span> 
     </span>
     <span class='ocr_line' id='line_1_24' title="bbox 110 1671 1133 1727; baseline -0.002 -14"><span class='ocrx_word' id='word_1_182' title='bbox 110 1675 216 1718; x_wconf 78' lang='grc' dir='ltr'>ἀκοὰς</span> <span class='ocrx_word' id='word_1_183' title='bbox 236 1674 416 1727; x_wconf 69' lang='grc' dir='ltr'>ἔφραττεν,</span> <span class='ocrx_word' id='word_1_184' title='bbox 433 1675 480 1716; x_wconf 79' lang='grc' dir='ltr'>ὡς</span> <span class='ocrx_word' id='word_1_185' title='bbox 502 1673 592 1723; x_wconf 82' lang='grc' dir='ltr'>μηδὲ</span> <span class='ocrx_word' id='word_1_186' title='bbox 613 1671 749 1711; x_wconf 82' lang='grc' dir='ltr'>ἀκούειν</span> <span class='ocrx_word' id='word_1_187' title='bbox 763 1688 771 1695; x_wconf 89' lang='grc'><em>·</em></span> <span class='ocrx_word' id='word_1_188' title='bbox 789 1673 914 1710; x_wconf 83' lang='grc' dir='ltr'>ἐκεῖνοι</span> <span class='ocrx_word' id='word_1_189' title='bbox 940 1672 1058 1710; x_wconf 83' lang='grc' dir='ltr'>πάντα</span> <span class='ocrx_word' id='word_1_190' title='bbox 1076 1673 1133 1711; x_wconf 86' lang='grc' dir='ltr'>τὸν</span> 
     </span>
     <span class='ocr_line' id='line_1_25' title="bbox 108 1732 1135 1789; baseline -0.001 -16"><span class='ocrx_word' id='word_1_191' title='bbox 108 1737 230 1789; x_wconf 71' lang='grc' dir='ltr'>χρόνον</span> <span class='ocrx_word' id='word_1_192' title='bbox 263 1737 324 1772; x_wconf 81' lang='grc' dir='ltr'>οὐκ</span> <span class='ocrx_word' id='word_1_193' title='bbox 349 1733 519 1772; x_wconf 83' lang='grc' dir='ltr'>ἐπαύοντο</span> <span class='ocrx_word' id='word_1_194' title='bbox 551 1733 610 1771; x_wconf 76' lang='grc' dir='ltr'>καὶ</span> <span class='ocrx_word' id='word_1_195' title='bbox 641 1732 706 1779; x_wconf 85' lang='grc' dir='ltr'>τὴν</span> <span class='ocrx_word' id='word_1_196' title='bbox 730 1735 890 1785; x_wconf 81' lang='grc' dir='ltr'>γλῶτταν</span> <span class='ocrx_word' id='word_1_197' title='bbox 916 1736 1135 1782; x_wconf 78' lang='grc' dir='ltr'>ἀκονοῧντες,</span> 
     </span>
     <span class='ocr_line' id='line_1_26' title="bbox 110 1789 1137 1847; baseline -0.001 -12"><span class='ocrx_word' id='word_1_198' title='bbox 110 1797 169 1835; x_wconf 71' lang='grc' dir='ltr'>καὶ</span> <span class='ocrx_word' id='word_1_199' title='bbox 189 1796 425 1846; x_wconf 78' lang='grc' dir='ltr'>ματαιότητας</span> <span class='ocrx_word' id='word_1_200' title='bbox 457 1795 517 1832; x_wconf 81' lang='grc' dir='ltr'>καὶ</span> <span class='ocrx_word' id='word_1_201' title='bbox 546 1793 747 1841; x_wconf 87' lang='grc' dir='ltr'>δολιότητας</span> <span class='ocrx_word' id='word_1_202' title='bbox 767 1795 1012 1847; x_wconf 73' lang='grc' dir='ltr'>φθεγγόμενοι·</span> <span class='ocrx_word' id='word_1_203' title='bbox 1039 1789 1137 1839; x_wconf 60' lang='grc' dir='ltr'>οὗτος</span> 
     </span>
     <span class='ocr_line' id='line_1_27' title="bbox 112 1854 1138 1907; baseline 0 -13"><span class='ocrx_word' id='word_1_204' title='bbox 112 1857 147 1894; x_wconf 81' lang='grc' dir='ltr'>δὲ</span> <span class='ocrx_word' id='word_1_205' title='bbox 164 1859 207 1907; x_wconf 70' lang='grc' dir='ltr'>τῇ</span> <span class='ocrx_word' id='word_1_206' title='bbox 226 1858 306 1906; x_wconf 81' lang='grc' dir='ltr'>σιγῇ</span> <span class='ocrx_word' id='word_1_207' title='bbox 328 1855 391 1902; x_wconf 81' lang='grc' dir='ltr'>τὴν</span> <span class='ocrx_word' id='word_1_208' title='bbox 412 1854 537 1906; x_wconf 87' lang='grc' dir='ltr'>μανίαν</span> <span class='ocrx_word' id='word_1_209' title='bbox 558 1854 695 1892; x_wconf 83' lang='grc' dir='ltr'>ἐκείνων</span> <span class='ocrx_word' id='word_1_210' title='bbox 719 1854 938 1894; x_wconf 85' lang='grc' dir='ltr'>κατέστελλε.</span> <span class='ocrx_word' id='word_1_211' title='bbox 959 1856 1028 1894; x_wconf 85' lang='grc' dir='ltr'>Καὶ</span> <span class='ocrx_word' id='word_1_212' title='bbox 1046 1856 1138 1900; x_wconf 89' lang='grc' dir='ltr'>τίνος</span> 
     </span>
     <span class='ocr_line' id='line_1_28' title="bbox 112 1915 1138 1961; baseline -0.002 -6"><span class='ocrx_word' id='word_1_213' title='bbox 112 1917 226 1955; x_wconf 76' lang='grc' dir='ltr'>ἕνεκεν</span> <span class='ocrx_word' id='word_1_214' title='bbox 255 1918 363 1960; x_wconf 74' lang='grc' dir='ltr'>οὕτως</span> <span class='ocrx_word' id='word_1_215' title='bbox 388 1915 509 1954; x_wconf 84' lang='grc' dir='ltr'>ἑαυτὸν</span> <span class='ocrx_word' id='word_1_216' title='bbox 538 1915 698 1961; x_wconf 78' lang='grc' dir='ltr'>διετίθει,</span> <span class='ocrx_word' id='word_1_217' title='bbox 724 1916 838 1954; x_wconf 85' lang='grc' dir='ltr'>καίτοι</span> <span class='ocrx_word' id='word_1_218' title='bbox 868 1916 1006 1956; x_wconf 83' lang='grc' dir='ltr'>ἐκείνων</span> <span class='ocrx_word' id='word_1_219' title='bbox 1025 1920 1138 1954; x_wconf 79' lang='grc' dir='ltr'>ταῦτα</span> 
     </span>
     <span class='ocr_line' id='line_1_29' title="bbox 113 1975 1137 2028; baseline -0.003 -12"><span class='ocrx_word' id='word_1_220' title='bbox 113 1976 444 2022; x_wconf 82' lang='grc' dir='ltr'>κατασκευαζόντων</span> <span class='ocrx_word' id='word_1_221' title='bbox 458 2008 467 2025; x_wconf 96' lang='grc'>,</span> <span class='ocrx_word' id='word_1_222' title='bbox 492 1976 551 2015; x_wconf 77' lang='grc' dir='ltr'>καὶ</span> <span class='ocrx_word' id='word_1_223' title='bbox 570 1976 654 2014; x_wconf 81' lang='grc' dir='ltr'>ὡσεὶ</span> <span class='ocrx_word' id='word_1_224' title='bbox 674 1977 787 2028; x_wconf 73' lang='grc' dir='ltr'>κωφὸς</span> <span class='ocrx_word' id='word_1_225' title='bbox 801 2007 810 2025; x_wconf 93' lang='grc'>,</span> <span class='ocrx_word' id='word_1_226' title='bbox 829 1976 888 2015; x_wconf 81' lang='grc' dir='ltr'>καὶ</span> <span class='ocrx_word' id='word_1_227' title='bbox 910 1977 1053 2024; x_wconf 85' lang='grc' dir='ltr'>ἄλαλος,</span> <span class='ocrx_word' id='word_1_228' title='bbox 1077 1975 1137 2013; x_wconf 70' lang='grc' dir='ltr'>καὶ</span> 
     </span>
     <span class='ocr_line' id='line_1_30' title="bbox 112 2037 1137 2090; baseline -0.001 -13"><span class='ocrx_word' id='word_1_229' title='bbox 112 2039 201 2089; x_wconf 83' lang='grc' dir='ltr'>μήτε</span> <span class='ocrx_word' id='word_1_230' title='bbox 235 2038 340 2081; x_wconf 70' lang='grc' dir='ltr'>ἀκοὰς</span> <span class='ocrx_word' id='word_1_231' title='bbox 368 2038 478 2090; x_wconf 77' lang='grc' dir='ltr'>ἔχων,</span> <span class='ocrx_word' id='word_1_232' title='bbox 513 2037 604 2089; x_wconf 75' lang='grc' dir='ltr'>μήτε</span> <span class='ocrx_word' id='word_1_233' title='bbox 638 2038 819 2088; x_wconf 83' lang='grc' dir='ltr'>γλῶτταν,</span> <span class='ocrx_word' id='word_1_234' title='bbox 843 2037 933 2076; x_wconf 79' lang='grc' dir='ltr'>οὕτω</span> <span class='ocrx_word' id='word_1_235' title='bbox 966 2037 1137 2085; x_wconf 83' lang='grc' dir='ltr'>διέκειτο;</span> 
     </span>
     <span class='ocr_line' id='line_1_31' title="bbox 112 2098 1135 2151; baseline -0.001 -13"><span class='ocrx_word' id='word_1_236' title='bbox 112 2100 234 2138; x_wconf 80' lang='grc' dir='ltr'>Ἄκουε</span> <span class='ocrx_word' id='word_1_237' title='bbox 249 2101 350 2137; x_wconf 78' lang='grc' dir='ltr'>αὐτοῦ</span> <span class='ocrx_word' id='word_1_238' title='bbox 367 2098 525 2151; x_wconf 83' lang='grc' dir='ltr'>λέγοντος</span> <span class='ocrx_word' id='word_1_239' title='bbox 549 2098 611 2146; x_wconf 65' lang='grc' dir='ltr'>τὴν</span> <span class='ocrx_word' id='word_1_240' title='bbox 628 2098 742 2137; x_wconf 83' lang='grc' dir='ltr'>αἰτίαν</span> <span class='ocrx_word' id='word_1_241' title='bbox 757 2101 820 2145; x_wconf 61' lang='grc' dir='ltr'>τῆς</span> <span class='ocrx_word' id='word_1_242' title='bbox 843 2099 1016 2146; x_wconf 83' lang='grc' dir='ltr'>τοσαύτης</span> <span class='ocrx_word' id='word_1_243' title='bbox 1034 2101 1135 2151; x_wconf 83' lang='grc' dir='ltr'>φιλο-</span> 
     </span>
     <span class='ocr_line' id='line_1_32' title="bbox 112 2159 1135 2213; baseline -0.003 -13"><span class='ocrx_word' id='word_1_244' title='bbox 112 2161 233 2213; x_wconf 75' lang='grc' dir='ltr'>σοφίας</span> <span class='ocrx_word' id='word_1_245' title='bbox 247 2177 255 2185; x_wconf 86' lang='grc'><em>·</em></span> <span class='ocrx_word' id='word_1_246' title='bbox 268 2160 355 2200; x_wconf 71' lang='lat' dir='ltr'>“On</span> <span class='ocrx_word' id='word_1_247' title='bbox 374 2161 432 2198; x_wconf 85' lang='grc' dir='ltr'>ἐπὶ</span> <span class='ocrx_word' id='word_1_248' title='bbox 445 2161 498 2199; x_wconf 85' lang='grc' dir='ltr'>σοὶ</span> <span class='ocrx_word' id='word_1_249' title='bbox 512 2160 666 2207; x_wconf 84' lang='grc' dir='ltr'>ἤλπισα,</span> <span class='ocrx_word' id='word_1_250' title='bbox 684 2159 803 2212; x_wconf 84' lang='grc' dir='ltr'>Κύριε.</span> <span class='ocrx_word' id='word_1_251' title='bbox 819 2160 967 2206; x_wconf 82' lang='grc' dir='ltr'>Ἐπειδὴ</span> <span class='ocrx_word' id='word_1_252' title='bbox 983 2161 1135 2211; x_wconf 81' lang='grc' dir='ltr'>ἐμαυτὸν</span> 
     </span>
     <span class='ocr_line' id='line_1_33' title="bbox 112 2220 1136 2274; baseline 0 -14"><span class='ocrx_word' id='word_1_253' title='bbox 112 2222 405 2273; x_wconf 71' lang='grc' dir='ltr'>ἐξήρτησα,φησὶ</span> <span class='ocrx_word' id='word_1_254' title='bbox 418 2251 428 2269; x_wconf 90' lang='grc'>,</span> <span class='ocrx_word' id='word_1_255' title='bbox 447 2223 510 2267; x_wconf 75' lang='grc' dir='ltr'>τῆς</span> <span class='ocrx_word' id='word_1_256' title='bbox 523 2223 571 2264; x_wconf 87' lang='grc' dir='ltr'>εἷς</span> <span class='ocrx_word' id='word_1_257' title='bbox 591 2220 629 2259; x_wconf 80' lang='grc' dir='ltr'>σὲ</span> <span class='ocrx_word' id='word_1_258' title='bbox 647 2221 801 2266; x_wconf 84' lang='grc' dir='ltr'>ἐλπίδος,</span> <span class='ocrx_word' id='word_1_259' title='bbox 821 2221 930 2264; x_wconf 77' lang='grc' dir='ltr'>οὐδείς</span> <span class='ocrx_word' id='word_1_260' title='bbox 953 2237 1012 2271; x_wconf 88' lang='grc' dir='ltr'>μοι</span> <span class='ocrx_word' id='word_1_261' title='bbox 1033 2221 1136 2274; x_wconf 86' lang='grc' dir='ltr'>λόγος</span> 
     </span>
     <span class='ocr_line' id='line_1_34' title="bbox 111 2280 1132 2335; baseline 0.001 -16"><span class='ocrx_word' id='word_1_262' title='bbox 111 2286 179 2320; x_wconf 85' lang='grc' dir='ltr'>τῶν</span> <span class='ocrx_word' id='word_1_263' title='bbox 197 2282 293 2335; x_wconf 75' lang='grc' dir='ltr'>παρὰ</span> <span class='ocrx_word' id='word_1_264' title='bbox 306 2282 436 2320; x_wconf 84' lang='grc' dir='ltr'>τούτων</span> <span class='ocrx_word' id='word_1_265' title='bbox 455 2280 657 2333; x_wconf 85' lang='grc' dir='ltr'>γινομένων.</span> <span class='ocrx_word' id='word_1_266' title='bbox 677 2281 721 2319; x_wconf 88' lang='grc' dir='ltr'><strong>Ἥ</strong></span> <span class='ocrx_word' id='word_1_267' title='bbox 749 2281 818 2334; x_wconf 86' lang='grc' dir='ltr'>γὰρ</span> <span class='ocrx_word' id='word_1_268' title='bbox 843 2281 887 2328; x_wconf 82' lang='grc' dir='ltr'>σὴ</span> <span class='ocrx_word' id='word_1_269' title='bbox 912 2281 1000 2334; x_wconf 81' lang='grc' dir='ltr'>ῥοπὴ</span> <span class='ocrx_word' id='word_1_270' title='bbox 1029 2282 1132 2330; x_wconf 83' lang='grc' dir='ltr'>ἱκανὴ</span> 
     </span>
     <span class='ocr_line' id='line_1_35' title="bbox 109 2342 1134 2395; baseline 0.001 -14"><span class='ocrx_word' id='word_1_271' title='bbox 109 2343 224 2382; x_wconf 84' lang='grc' dir='ltr'>πάντα</span> <span class='ocrx_word' id='word_1_272' title='bbox 244 2343 487 2390; x_wconf 83' lang='grc' dir='ltr'>διασκεδάσαι,</span> <span class='ocrx_word' id='word_1_273' title='bbox 513 2342 572 2380; x_wconf 78' lang='grc' dir='ltr'>καὶ</span> <span class='ocrx_word' id='word_1_274' title='bbox 592 2342 738 2395; x_wconf 84' lang='grc' dir='ltr'>ἀκύρους</span> <span class='ocrx_word' id='word_1_275' title='bbox 769 2344 883 2381; x_wconf 80' lang='grc' dir='ltr'>αὐτῶν</span> <span class='ocrx_word' id='word_1_276' title='bbox 909 2346 1056 2391; x_wconf 69' lang='grc' dir='ltr'>ποιῆσαι</span> <span class='ocrx_word' id='word_1_277' title='bbox 1074 2344 1134 2382; x_wconf 73' lang='grc' dir='ltr'>καὶ</span> 
     </span>
     <span class='ocr_line' id='line_1_36' title="bbox 110 2403 1133 2457; baseline 0.002 -15"><span class='ocrx_word' id='word_1_278' title='bbox 110 2405 172 2447; x_wconf 78' lang='grc' dir='ltr'>τὰς</span> <span class='ocrx_word' id='word_1_279' title='bbox 199 2403 385 2447; x_wconf 61' lang='grc' dir='ltr'>ἐπιδουλὰς</span> <span class='ocrx_word' id='word_1_280' title='bbox 411 2403 552 2447; x_wconf 74' lang='grc' dir='ltr'>καὶτὰς</span> <span class='ocrx_word' id='word_1_281' title='bbox 581 2403 762 2456; x_wconf 78' lang='grc' dir='ltr'>μηχανὰς,</span> <span class='ocrx_word' id='word_1_282' title='bbox 782 2403 842 2442; x_wconf 73' lang='grc' dir='ltr'>καὶ</span> <span class='ocrx_word' id='word_1_283' title='bbox 870 2403 978 2455; x_wconf 84' lang='grc' dir='ltr'>μηδὲν</span> <span class='ocrx_word' id='word_1_284' title='bbox 996 2406 1133 2457; x_wconf 81' lang='grc' dir='ltr'>ἀφεῖναι</span> 
     </span>
     <span class='ocr_line' id='line_1_37' title="bbox 111 2464 1077 2518; baseline 0.002 -15"><span class='ocrx_word' id='word_1_285' title='bbox 111 2467 178 2503; x_wconf 83' lang='grc' dir='ltr'>τῶν</span> <span class='ocrx_word' id='word_1_286' title='bbox 197 2468 254 2503; x_wconf 83' lang='grc' dir='ltr'>ὑπ’</span> <span class='ocrx_word' id='word_1_287' title='bbox 276 2467 386 2503; x_wconf 77' lang='grc' dir='ltr'>αὐτῶν</span> <span class='ocrx_word' id='word_1_288' title='bbox 403 2464 754 2516; x_wconf 80' lang='grc' dir='ltr'>κατασκευαζομένων</span> <span class='ocrx_word' id='word_1_289' title='bbox 775 2466 822 2508; x_wconf 88' lang='grc' dir='ltr'>εἷς</span> <span class='ocrx_word' id='word_1_290' title='bbox 839 2464 938 2518; x_wconf 88' lang='grc' dir='ltr'>ἔργον</span> <span class='ocrx_word' id='word_1_291' title='bbox 956 2467 1077 2505; x_wconf 81' lang='grc' dir='ltr'>ἐλθεῖν.</span> 
     </span>
    </p>
   </div>
   <div class='ocr_carea' id='block_1_5' title="bbox 112 2587 1132 2707">
    <p class='ocr_par' dir='ltr' id='par_1_5' title="bbox 112 2587 1132 2707">
     <span class='ocr_line' id='line_1_38' title="bbox 165 2587 1130 2644; baseline 0.005 -18"><span class='ocrx_word' id='word_1_292' title='bbox 165 2587 274 2627; x_wconf 81' lang='grc' dir='ltr'>Ἴδετε</span> <span class='ocrx_word' id='word_1_293' title='bbox 288 2591 362 2632; x_wconf 85' lang='grc' dir='ltr'>πῶς</span> <span class='ocrx_word' id='word_1_294' title='bbox 380 2589 522 2626; x_wconf 84' lang='grc' dir='ltr'>δυνατὸν</span> <span class='ocrx_word' id='word_1_295' title='bbox 536 2589 685 2636; x_wconf 82' lang='grc' dir='ltr'>ἑκάστης</span> <span class='ocrx_word' id='word_1_296' title='bbox 701 2595 881 2642; x_wconf 70' lang='grc' dir='ltr'>συμφορᾶς</span> <span class='ocrx_word' id='word_1_297' title='bbox 895 2592 957 2637; x_wconf 79' lang='grc' dir='ltr'>τῆς</span> <span class='ocrx_word' id='word_1_298' title='bbox 967 2591 1130 2644; x_wconf 71' lang='grc' dir='ltr'>συνεγού-</span> 
     </span>
     <span class='ocr_line' id='line_1_39' title="bbox 112 2638 1132 2707; baseline 0.003 -19"><span class='ocrx_word' id='word_1_299' title='bbox 112 2665 174 2695; x_wconf 82' lang='grc' dir='ltr'>σης</span> <span class='ocrx_word' id='word_1_300' title='bbox 194 2648 258 2695; x_wconf 79' lang='grc' dir='ltr'>τὴν</span> <span class='ocrx_word' id='word_1_301' title='bbox 274 2649 491 2702; x_wconf 79' lang='grc' dir='ltr'>ἀνθρωπίνην</span> <span class='ocrx_word' id='word_1_302' title='bbox 512 2649 611 2702; x_wconf 79' lang='grc' dir='ltr'>φύσιν</span> <span class='ocrx_word' id='word_1_303' title='bbox 637 2650 856 2698; x_wconf 81' lang='grc' dir='ltr'>κατάλληλον</span> <span class='ocrx_word' id='word_1_304' title='bbox 880 2653 1033 2691; x_wconf 82' lang='grc' dir='ltr'>ἐντεῦθεν</span> <span class='ocrx_word' id='word_1_305' title='bbox 1048 2638 1132 2707; x_wconf 59' lang='grc' dir='ltr'>φαρ-</span> 
     </span>
    </p>
   </div>
   <div class='ocr_carea' id='block_1_6' title="bbox 112 2770 1141 3319">
    <p class='ocr_par' dir='ltr' id='par_1_6' title="bbox 112 2770 1141 3319">
     <span class='ocr_line' id='line_1_40' title="bbox 115 2770 1141 2824; baseline 0.008 -17"><span class='ocrx_word' id='word_1_306' title='bbox 115 2770 197 2820; x_wconf 85' lang='grc' dir='ltr'>μίαν</span> <span class='ocrx_word' id='word_1_307' title='bbox 228 2770 409 2822; x_wconf 78' lang='grc' dir='ltr'>βιωτικὴν,</span> <span class='ocrx_word' id='word_1_308' title='bbox 427 2772 486 2810; x_wconf 78' lang='grc' dir='ltr'>καὶ</span> <span class='ocrx_word' id='word_1_309' title='bbox 511 2773 577 2811; x_wconf 82' lang='grc' dir='ltr'>ὑπὸ</span> <span class='ocrx_word' id='word_1_310' title='bbox 610 2772 755 2824; x_wconf 82' lang='grc' dir='ltr'>μηδενὸς</span> <span class='ocrx_word' id='word_1_311' title='bbox 787 2775 1036 2814; x_wconf 84' lang='grc' dir='ltr'>συστέλλεσθαι</span> <span class='ocrx_word' id='word_1_312' title='bbox 1062 2779 1141 2814; x_wconf 79' lang='grc' dir='ltr'>τῶν·</span> 
     </span>
     <span class='ocr_line' id='line_1_41' title="bbox 114 2832 1135 2890; baseline 0.007 -22"><span class='ocrx_word' id='word_1_313' title='bbox 114 2832 404 2881; x_wconf 82' lang='grc' dir='ltr'>συμπιπτόντων;</span> <span class='ocrx_word' id='word_1_314' title='bbox 431 2833 499 2872; x_wconf 74' lang='grc' dir='ltr'>Διὰ</span> <span class='ocrx_word' id='word_1_315' title='bbox 534 2837 636 2873; x_wconf 81' lang='grc' dir='ltr'>τοῦτο</span> <span class='ocrx_word' id='word_1_316' title='bbox 659 2836 856 2888; x_wconf 81' lang='grc' dir='ltr'>παρακαλῶ</span> <span class='ocrx_word' id='word_1_317' title='bbox 889 2837 950 2875; x_wconf 76' lang='grc' dir='ltr'>καὶ</span> <span class='ocrx_word' id='word_1_318' title='bbox 980 2839 1135 2890; x_wconf 75' lang='grc' dir='ltr'>συνεχῶς</span> 
     </span>
     <span class='ocr_line' id='line_1_42' title="bbox 114 2893 1134 2952; baseline 0.009 -24"><span class='ocrx_word' id='word_1_319' title='bbox 114 2893 260 2930; x_wconf 74' lang='grc' dir='ltr'>ἐνταῦθα</span> <span class='ocrx_word' id='word_1_320' title='bbox 281 2893 447 2944; x_wconf 83' lang='grc' dir='ltr'>βαδίζειν,</span> <span class='ocrx_word' id='word_1_321' title='bbox 467 2895 526 2933; x_wconf 78' lang='grc' dir='ltr'>καὶ</span> <span class='ocrx_word' id='word_1_322' title='bbox 551 2895 640 2946; x_wconf 81' lang='grc' dir='ltr'>μετὰ</span> <span class='ocrx_word' id='word_1_323' title='bbox 673 2897 852 2949; x_wconf 73' lang='grc' dir='ltr'>ἀκριὸείας</span> <span class='ocrx_word' id='word_1_324' title='bbox 878 2898 1064 2951; x_wconf 72' lang='grc' dir='ltr'>προσέχειν</span> <span class='ocrx_word' id='word_1_325' title='bbox 1089 2902 1134 2952; x_wconf 81' lang='grc' dir='ltr'>τῇ</span> 
     </span>
     <span class='ocr_line' id='line_1_43' title="bbox 114 2952 1131 3010; baseline 0.009 -21"><span class='ocrx_word' id='word_1_326' title='bbox 114 2955 182 2990; x_wconf 78' lang='grc' dir='ltr'>τῶν</span> <span class='ocrx_word' id='word_1_327' title='bbox 198 2952 297 2991; x_wconf 88' lang='grc' dir='ltr'>θείων</span> <span class='ocrx_word' id='word_1_328' title='bbox 315 2955 464 3007; x_wconf 78' lang='grc' dir='ltr'>Γραφῶν</span> <span class='ocrx_word' id='word_1_329' title='bbox 484 2956 700 3009; x_wconf 82' lang='grc' dir='ltr'>ἀναγνώσει,</span> <span class='ocrx_word' id='word_1_330' title='bbox 729 2958 777 3009; x_wconf 78' lang='grc' dir='ltr'>μὴ</span> <span class='ocrx_word' id='word_1_331' title='bbox 795 2958 897 3010; x_wconf 84' lang='grc' dir='ltr'>μόνον</span> <span class='ocrx_word' id='word_1_332' title='bbox 914 2959 1055 2998; x_wconf 81' lang='grc' dir='ltr'>ἐπειδὰν</span> <span class='ocrx_word' id='word_1_333' title='bbox 1074 2963 1131 2998; x_wconf 81' lang='grc' dir='ltr'>ε’ν·</span> 
     </span>
     <span class='ocr_line' id='line_1_44' title="bbox 112 3015 1134 3074; baseline 0.01 -24"><span class='ocrx_word' id='word_1_334' title='bbox 112 3016 222 3052; x_wconf 60' lang='lat' dir='ltr'>uzon</span> <span class='ocrx_word' id='word_1_335' title='bbox 245 3015 504 3067; x_wconf 84' lang='grc' dir='ltr'>παραγίνησθε,</span> <span class='ocrx_word' id='word_1_336' title='bbox 541 3019 631 3057; x_wconf 85' lang='grc' dir='ltr'>ἀλλὰ</span> <span class='ocrx_word' id='word_1_337' title='bbox 666 3020 726 3059; x_wconf 80' lang='grc' dir='ltr'>καὶ</span> <span class='ocrx_word' id='word_1_338' title='bbox 752 3020 872 3060; x_wconf 83' lang='grc' dir='ltr'>οἴκαδε</span> <span class='ocrx_word' id='word_1_339' title='bbox 893 3022 983 3073; x_wconf 78' lang='grc' dir='ltr'>μετὰ</span> <span class='ocrx_word' id='word_1_340' title='bbox 1014 3027 1134 3074; x_wconf 84' lang='grc' dir='ltr'>χεῖρας</span> 
     </span>
     <span class='ocr_line' id='line_1_45' title="bbox 113 3074 1133 3133; baseline 0.011 -23"><span class='ocrx_word' id='word_1_341' title='bbox 113 3074 303 3124; x_wconf 70' lang='grc' dir='ltr'>λαμὸάνειν</span> <span class='ocrx_word' id='word_1_342' title='bbox 321 3077 365 3114; x_wconf 83' lang='grc' dir='ltr'>τὰ</span> <span class='ocrx_word' id='word_1_343' title='bbox 400 3082 474 3118; x_wconf 87' lang='grc' dir='ltr'>θεῖα</span> <span class='ocrx_word' id='word_1_344' title='bbox 499 3079 643 3129; x_wconf 74' lang='grc' dir='ltr'>Βιὸλία,</span> <span class='ocrx_word' id='word_1_345' title='bbox 678 3081 737 3120; x_wconf 69' lang='grc' dir='ltr'>καὶ</span> <span class='ocrx_word' id='word_1_346' title='bbox 765 3084 841 3133; x_wconf 87' lang='grc' dir='ltr'>μετ’</span> <span class='ocrx_word' id='word_1_347' title='bbox 857 3083 1058 3133; x_wconf 85' lang='grc' dir='ltr'>ἐπιμελείας</span> <span class='ocrx_word' id='word_1_348' title='bbox 1080 3083 1133 3122; x_wconf 77' lang='grc' dir='ltr'>δέ·</span> 
     </span>
     <span class='ocr_line' id='line_1_46' title="bbox 114 3139 1135 3197; baseline 0.012 -26"><span class='ocrx_word' id='word_1_349' title='bbox 114 3139 237 3185; x_wconf 51' lang='lat' dir='ltr'>[moon</span> <span class='ocrx_word' id='word_1_350' title='bbox 260 3140 329 3175; x_wconf 80' lang='grc' dir='ltr'>τῶν</span> <span class='ocrx_word' id='word_1_351' title='bbox 358 3141 566 3192; x_wconf 84' lang='grc' dir='ltr'>ἐγκειμένων</span> <span class='ocrx_word' id='word_1_352' title='bbox 584 3143 647 3191; x_wconf 84' lang='grc' dir='ltr'>τὴν</span> <span class='ocrx_word' id='word_1_353' title='bbox 673 3144 854 3196; x_wconf 72' lang='grc' dir='ltr'>ὠφέλειαν.</span> <span class='ocrx_word' id='word_1_354' title='bbox 876 3144 974 3183; x_wconf 83' lang='grc' dir='ltr'>Πολὺ</span> <span class='ocrx_word' id='word_1_355' title='bbox 1002 3143 1070 3197; x_wconf 79' lang='grc' dir='ltr'>γὰρ</span> <span class='ocrx_word' id='word_1_356' title='bbox 1095 3145 1135 3183; x_wconf 76' lang='grc' dir='ltr'>τὸ</span> 
     </span>
     <span class='ocr_line' id='line_1_47' title="bbox 118 3196 1136 3258; baseline 0.01 -26"><span class='ocrx_word' id='word_1_357' title='bbox 118 3196 266 3235; x_wconf 79' lang='grc' dir='ltr'>ἐντεῦθεν</span> <span class='ocrx_word' id='word_1_358' title='bbox 295 3200 497 3253; x_wconf 84' lang='grc' dir='ltr'>τικτόμενον</span> <span class='ocrx_word' id='word_1_359' title='bbox 524 3203 663 3256; x_wconf 82' lang='grc' dir='ltr'>κέρδος·</span> <span class='ocrx_word' id='word_1_360' title='bbox 696 3208 861 3258; x_wconf 63' lang='grc' dir='ltr'>’πρῶτον</span> <span class='ocrx_word' id='word_1_361' title='bbox 896 3205 982 3244; x_wconf 84' lang='grc' dir='ltr'>αὐτὸ</span> <span class='ocrx_word' id='word_1_362' title='bbox 1016 3210 1136 3253; x_wconf 82' lang='grc' dir='ltr'>τοῦτο,</span> 
     </span>
     <span class='ocr_line' id='line_1_48' title="bbox 117 3255 1138 3319; baseline -0.002 -12"><span class='ocrx_word' id='word_1_363' title='bbox 117 3255 191 3302; x_wconf 49' lang='grc' dir='ltr'><strong>’θίν’</strong></span> <span class='ocrx_word' id='word_1_364' title='bbox 207 3259 363 3307; x_wconf 60' lang='grc' dir='ltr'>γλῶτταν</span> <span class='ocrx_word' id='word_1_365' title='bbox 391 3266 672 3306; x_wconf 81' lang='grc' dir='ltr'>ἀναπλάττεσθαι</span> <span class='ocrx_word' id='word_1_366' title='bbox 705 3271 796 3308; x_wconf 87' lang='grc' dir='ltr'>ποιεῖ</span> <span class='ocrx_word' id='word_1_367' title='bbox 821 3266 878 3305; x_wconf 76' lang='grc' dir='ltr'>διὰ</span> <span class='ocrx_word' id='word_1_368' title='bbox 901 3268 964 3313; x_wconf 76' lang='grc' dir='ltr'>τῆς</span> <span class='ocrx_word' id='word_1_369' title='bbox 983 3266 1138 3319; x_wconf 82' lang='grc' dir='ltr'>ἀναγνώ-</span> 
     </span>
    </p>
   </div>
   <div class='ocr_carea' id='block_1_7' title="bbox 164 3362 669 3414">
    <p class='ocr_par' dir='ltr' id='par_1_7' title="bbox 164 3362 669 3414">
     <span class='ocr_line' id='line_1_49' title="bbox 164 3362 669 3414; baseline 0.024 -22"><span class='ocrx_word' id='word_1_370' title='bbox 164 3364 180 3386; x_wconf 81' lang='lat'>¹=</span> <span class='ocrx_word' id='word_1_371' title='bbox 205 3362 348 3403; x_wconf 83' lang='lat' dir='ltr'>Quidam</span> <span class='ocrx_word' id='word_1_372' title='bbox 365 3367 441 3399; x_wconf 73' lang='lat' dir='ltr'>Mss.</span> <span class='ocrx_word' id='word_1_373' title='bbox 459 3376 497 3403; x_wconf 72' lang='grc' dir='ltr'>τὰ</span> <span class='ocrx_word' id='word_1_374' title='bbox 513 3377 589 3404; x_wconf 64' lang='grc' dir='ltr'>κακά</span> <span class='ocrx_word' id='word_1_375' title='bbox 604 3386 669 3414; x_wconf 71' lang='grc' dir='ltr'>μοι.</span> 
     </span>
    </p>
   </div>
   <div class='ocr_carea' id='block_1_8' title="bbox 169 3421 1132 3469">
    <p class='ocr_par' dir='ltr' id='par_1_8' title="bbox 169 3421 1132 3469">
     <span class='ocr_line' id='line_1_50' title="bbox 169 3421 1132 3469; baseline 0.004 -15"><span class='ocrx_word' id='word_1_376' title='bbox 169 3424 181 3438; x_wconf 78' lang='lat'>¹</span> <span class='ocrx_word' id='word_1_377' title='bbox 206 3421 268 3450; x_wconf 65' lang='lat' dir='ltr'>&gt;cx</span> <span class='ocrx_word' id='word_1_378' title='bbox 283 3426 449 3461; x_wconf 66' lang='lat' dir='ltr'>septemve</span> <span class='ocrx_word' id='word_1_379' title='bbox 463 3421 536 3455; x_wconf 78' lang='lat' dir='ltr'>Mss-</span> <span class='ocrx_word' id='word_1_380' title='bbox 557 3433 679 3467; x_wconf 73' lang='grc' dir='ltr'>πρῶτον</span> <span class='ocrx_word' id='word_1_381' title='bbox 694 3428 765 3460; x_wconf 74' lang='grc' dir='ltr'>αὐτὸ</span> <span class='ocrx_word' id='word_1_382' title='bbox 782 3431 815 3460; x_wconf 73' lang='grc' dir='ltr'>το</span> <span class='ocrx_word' id='word_1_383' title='bbox 839 3432 891 3465; x_wconf 78' lang='grc' dir='ltr'>τὴν</span> <span class='ocrx_word' id='word_1_384' title='bbox 907 3431 1043 3469; x_wconf 71' lang='grc' dir='ltr'>γλῶτταν</span> <span class='ocrx_word' id='word_1_385' title='bbox 1059 3431 1132 3459; x_wconf 65' lang='lat' dir='ltr'>otm-</span> 
     </span>
    </p>
   </div>
   <div class='ocr_carea' id='block_1_9' title="bbox 920 233 1179 268">
    <p class='ocr_par' dir='ltr' id='par_1_9' title="bbox 920 233 1179 268">
     <span class='ocr_line' id='line_1_51' title="bbox 920 233 1179 268; baseline -0.015 -1"><span class='ocrx_word' id='word_1_386' title='bbox 920 238 982 268; x_wconf 75' lang='lat' dir='ltr'>lX.</span> <span class='ocrx_word' id='word_1_387' title='bbox 1020 233 1179 266; x_wconf 62' lang='lat' dir='ltr'>Gssnlzs&#39;.</span> 
     </span>
    </p>
   </div>
   <div class='ocr_carea' id='block_1_10' title="bbox 114 2696 1189 2762">
    <p class='ocr_par' dir='ltr' id='par_1_10' title="bbox 114 2696 1189 2762">
     <span class='ocr_line' id='line_1_52' title="bbox 114 2696 1189 2762; baseline 0.006 -15"><span class='ocrx_word' id='word_1_388' title='bbox 114 2725 223 2761; x_wconf 87' lang='grc' dir='ltr'>μακον</span> <span class='ocrx_word' id='word_1_389' title='bbox 238 2709 391 2748; x_wconf 71' lang='grc' dir='ltr'>λαὸόντα</span> <span class='ocrx_word' id='word_1_390' title='bbox 407 2712 567 2749; x_wconf 82' lang='grc' dir='ltr'>ἀπελθεῖν</span> <span class='ocrx_word' id='word_1_391' title='bbox 578 2741 588 2758; x_wconf 92' lang='grc'>,</span> <span class='ocrx_word' id='word_1_392' title='bbox 610 2710 667 2750; x_wconf 75' lang='grc' dir='ltr'>καὶ</span> <span class='ocrx_word' id='word_1_393' title='bbox 683 2718 799 2750; x_wconf 85' lang='grc' dir='ltr'>πᾶσαν</span> <span class='ocrx_word' id='word_1_394' title='bbox 817 2711 1027 2752; x_wconf 80' lang='grc' dir='ltr'>ἀπώσασθαι</span> <span class='ocrx_word' id='word_1_395' title='bbox 1046 2717 1130 2753; x_wconf 80' lang='grc' dir='ltr'>ἀθυ-</span> <span class='ocrx_word' id='word_1_396' title='bbox 1143 2696 1189 2762; x_wconf 49' lang='grc' dir='ltr'>ἳῗχι</span> 
     </span>
    </p>
   </div>
   <div class='ocr_carea' id='block_1_11' title="bbox 1153 218 2359 2571">
    <p class='ocr_par' dir='ltr' id='par_1_11' title="bbox 1153 218 2359 2571">
     <span class='ocr_line' id='line_1_53' title="bbox 2053 218 2139 279; baseline 0.023 -20"><span class='ocrx_word' id='word_1_397' title='bbox 2053 218 2075 259; x_wconf 66' lang='lat'>⁷)</span> <span class='ocrx_word' id='word_1_398' title='bbox 2091 236 2139 279; x_wconf 66' lang='lat'>,27</span> 
     </span>
     <span class='ocr_line' id='line_1_54' title="bbox 1191 313 2345 369; baseline -0.008 -14"><span class='ocrx_word' id='word_1_399' title='bbox 1191 317 1237 355; x_wconf 87' lang='lat' dir='ltr'>ad</span> <span class='ocrx_word' id='word_1_400' title='bbox 1257 325 1402 369; x_wconf 88' lang='lat' dir='ltr'>portum</span> <span class='ocrx_word' id='word_1_401' title='bbox 1433 316 1606 355; x_wconf 82' lang='lat' dir='ltr'>flnctuum</span> <span class='ocrx_word' id='word_1_402' title='bbox 1637 320 1838 365; x_wconf 78' lang='lat' dir='ltr'>expertem,</span> <span class='ocrx_word' id='word_1_403' title='bbox 1864 313 1908 350; x_wconf 81' lang='lat' dir='ltr'>ad</span> <span class='ocrx_word' id='word_1_404' title='bbox 1929 327 2067 364; x_wconf 80' lang='lat' dir='ltr'>preces,</span> <span class='ocrx_word' id='word_1_405' title='bbox 2092 314 2142 351; x_wconf 91' lang='lat' dir='ltr'>in-</span> <span class='ocrx_word' id='word_1_406' title='bbox 2244 322 2345 347; x_wconf 64' lang='lat' dir='ltr'>inm.</span> 
     </span>
     <span class='ocr_line' id='line_1_55' title="bbox 1191 363 2344 430; baseline -0.005 -15"><span class='ocrx_word' id='word_1_407' title='bbox 1191 392 1311 430; x_wconf 86' lang='lat' dir='ltr'>quam,</span> <span class='ocrx_word' id='word_1_408' title='bbox 1339 392 1401 430; x_wconf 85' lang='lat' dir='ltr'>per</span> <span class='ocrx_word' id='word_1_409' title='bbox 1426 391 1514 428; x_wconf 85' lang='lat' dir='ltr'>quas</span> <span class='ocrx_word' id='word_1_410' title='bbox 1532 374 1652 415; x_wconf 86' lang='lat' dir='ltr'>omnia</span> <span class='ocrx_word' id='word_1_411' title='bbox 1667 373 1833 413; x_wconf 82' lang='lat' dir='ltr'>difficilia</span> <span class='ocrx_word' id='word_1_412' title='bbox 1852 374 1944 412; x_wconf 70' lang='lat' dir='ltr'>levia</span> <span class='ocrx_word' id='word_1_413' title='bbox 1972 383 2005 411; x_wconf 88' lang='lat' dir='ltr'>et</span> <span class='ocrx_word' id='word_1_414' title='bbox 2028 374 2144 411; x_wconf 76' lang='lat' dir='ltr'>facilia</span> <span class='ocrx_word' id='word_1_415' title='bbox 2156 363 2344 429; x_wconf 42' lang='lat' dir='ltr'>Zss¹¹¹¹⁴¹4¹fslffi</span> 
     </span>
     <span class='ocr_line' id='line_1_56' title="bbox 1194 434 2298 490; baseline -0.007 -13"><span class='ocrx_word' id='word_1_416' title='bbox 1194 439 1281 477; x_wconf 82' lang='lat' dir='ltr'>milii</span> <span class='ocrx_word' id='word_1_417' title='bbox 1306 439 1408 476; x_wconf 70' lang='lat' dir='ltr'>fitint.</span> <span class='ocrx_word' id='word_1_418' title='bbox 1429 439 1578 490; x_wconf 80' lang='lat' dir='ltr'><strong>Insuper</strong></span> <span class='ocrx_word' id='word_1_419' title='bbox 1606 436 1698 475; x_wconf 85' lang='lat' dir='ltr'>alius</span> <span class='ocrx_word' id='word_1_420' title='bbox 1725 434 1771 474; x_wconf 88' lang='lat' dir='ltr'>ab</span> <span class='ocrx_word' id='word_1_421' title='bbox 1799 435 1842 473; x_wconf 86' lang='lat' dir='ltr'>iis</span> <span class='ocrx_word' id='word_1_422' title='bbox 1867 434 1930 486; x_wconf 87' lang='lat' dir='ltr'>qui</span> <span class='ocrx_word' id='word_1_423' title='bbox 1958 434 2058 486; x_wconf 88' lang='lat' dir='ltr'>prius</span> <span class='ocrx_word' id='word_1_424' title='bbox 2078 434 2145 486; x_wconf 88' lang='lat' dir='ltr'>ipsi</span> <span class='ocrx_word' id='word_1_425' title='bbox 2159 444 2298 471; x_wconf 69' lang='lat' dir='ltr'>reddum.</span> 
     </span>
     <span class='ocr_line' id='line_1_57' title="bbox 1194 495 2148 551; baseline -0.005 -13"><span class='ocrx_word' id='word_1_426' title='bbox 1194 499 1463 547; x_wconf 81' lang='lat' dir='ltr'>ministrabant,</span> <span class='ocrx_word' id='word_1_427' title='bbox 1484 498 1681 551; x_wconf 80' lang='lat' dir='ltr'><strong>despicitur</strong></span> <span class='ocrx_word' id='word_1_428' title='bbox 1706 505 1739 535; x_wconf 90' lang='lat' dir='ltr'>et</span> <span class='ocrx_word' id='word_1_429' title='bbox 1766 495 2018 544; x_wconf 88' lang='lat' dir='ltr'>contemnitur,</span> <span class='ocrx_word' id='word_1_430' title='bbox 2042 504 2148 545; x_wconf 83' lang='lat' dir='ltr'>atque</span> 
     </span>
     <span class='ocr_line' id='line_1_58' title="bbox 1193 555 2148 610; baseline -0.005 -12"><span class='ocrx_word' id='word_1_431' title='bbox 1193 561 1238 598; x_wconf 89' lang='lat' dir='ltr'>ab</span> <span class='ocrx_word' id='word_1_432' title='bbox 1256 560 1382 598; x_wconf 88' lang='lat' dir='ltr'>amicis</span> <span class='ocrx_word' id='word_1_433' title='bbox 1403 559 1631 610; x_wconf 85' lang='lat' dir='ltr'>relinquitur,</span> <span class='ocrx_word' id='word_1_434' title='bbox 1655 567 1688 596; x_wconf 91' lang='lat' dir='ltr'>et</span> <span class='ocrx_word' id='word_1_435' title='bbox 1711 557 1777 596; x_wconf 85' lang='lat' dir='ltr'>hoc</span> <span class='ocrx_word' id='word_1_436' title='bbox 1797 565 1848 595; x_wconf 90' lang='lat' dir='ltr'>est</span> <span class='ocrx_word' id='word_1_437' title='bbox 1877 555 1972 608; x_wconf 87' lang='lat' dir='ltr'>quod</span> <span class='ocrx_word' id='word_1_438' title='bbox 1996 564 2148 594; x_wconf 84' lang='lat' dir='ltr'>mentem</span> 
     </span>
     <span class='ocr_line' id='line_1_59' title="bbox 1193 616 2150 673; baseline -0.006 -14"><span class='ocrx_word' id='word_1_439' title='bbox 1193 623 1269 673; x_wconf 89' lang='lat' dir='ltr'>ejus</span> <span class='ocrx_word' id='word_1_440' title='bbox 1290 621 1448 658; x_wconf 77' lang='lat' dir='ltr'>maxime</span> <span class='ocrx_word' id='word_1_441' title='bbox 1466 619 1654 658; x_wconf 88' lang='lat' dir='ltr'>conturbat</span> <span class='ocrx_word' id='word_1_442' title='bbox 1672 628 1705 656; x_wconf 91' lang='lat' dir='ltr'>et</span> <span class='ocrx_word' id='word_1_443' title='bbox 1726 617 1925 656; x_wconf 83' lang='lat' dir='ltr'>confundit.</span> <span class='ocrx_word' id='word_1_444' title='bbox 1947 617 2017 655; x_wconf 89' lang='lat' dir='ltr'>Sed</span> <span class='ocrx_word' id='word_1_445' title='bbox 2036 625 2067 655; x_wconf 88' lang='lat' dir='ltr'>et</span> <span class='ocrx_word' id='word_1_446' title='bbox 2090 616 2150 654; x_wconf 83' lang='lat' dir='ltr'>hic</span> 
     </span>
     <span class='ocr_line' id='line_1_60' title="bbox 1194 678 2149 730; baseline -0.004 -11"><span class='ocrx_word' id='word_1_447' title='bbox 1194 682 1223 719; x_wconf 89' lang='lat' dir='ltr'>si</span> <span class='ocrx_word' id='word_1_448' title='bbox 1251 681 1420 730; x_wconf 79' lang='lat' dir='ltr'>voluerit,</span> <span class='ocrx_word' id='word_1_449' title='bbox 1437 680 1508 718; x_wconf 88' lang='lat' dir='ltr'>buc</span> <span class='ocrx_word' id='word_1_450' title='bbox 1531 679 1699 718; x_wconf 81' lang='lat' dir='ltr'>accedens</span> <span class='ocrx_word' id='word_1_451' title='bbox 1728 679 1849 716; x_wconf 82' lang='lat' dir='ltr'>audiet</span> <span class='ocrx_word' id='word_1_452' title='bbox 1872 679 2014 716; x_wconf 89' lang='lat' dir='ltr'>beatum</span> <span class='ocrx_word' id='word_1_453' title='bbox 2045 678 2149 716; x_wconf 86' lang='lat' dir='ltr'>illum</span> 
     </span>
     <span class='ocr_line' id='line_1_61' title="bbox 1192 740 2326 791; baseline -0.006 -11"><span class='ocrx_word' id='word_1_454' title='bbox 1192 742 1367 780; x_wconf 84' lang='lat' dir='ltr'><strong>dicentem</strong></span> <span class='ocrx_word' id='word_1_455' title='bbox 1388 757 1396 778; x_wconf 75' lang='grc' dir='ltr'>ε</span> <span class='ocrx_word' id='word_1_456' title='bbox 1419 742 1553 778; x_wconf 81' lang='lat' dir='ltr'><em>Amici</em></span> <span class='ocrx_word' id='word_1_457' title='bbox 1571 744 1646 778; x_wconf 81' lang='lat' dir='ltr'>mei</span> <span class='ocrx_word' id='word_1_458' title='bbox 1668 749 1704 778; x_wconf 83' lang='lat' dir='ltr'>et</span> <span class='ocrx_word' id='word_1_459' title='bbox 1727 743 1896 791; x_wconf 67' lang='lat' dir='ltr'>proximi</span> <span class='ocrx_word' id='word_1_460' title='bbox 1918 743 1992 777; x_wconf 84' lang='lat' dir='ltr'>mei</span> <span class='ocrx_word' id='word_1_461' title='bbox 2012 740 2147 776; x_wconf 83' lang='lat' dir='ltr'>adver·</span> <span class='ocrx_word' id='word_1_462' title='bbox 2162 747 2252 778; x_wconf 77' lang='lat' dir='ltr'>I&#39;sal.</span> <span class='ocrx_word' id='word_1_463' title='bbox 2277 746 2326 774; x_wconf 69' lang='lat'>3-</span> 
     </span>
     <span class='ocr_line' id='line_1_62' title="bbox 1194 791 2280 853; baseline -0.005 -12"><span class='ocrx_word' id='word_1_464' title='bbox 1194 817 1279 842; x_wconf 80' lang='lat' dir='ltr'>sum</span> <span class='ocrx_word' id='word_1_465' title='bbox 1299 817 1359 840; x_wconf 88' lang='lat' dir='ltr'>me</span> <span class='ocrx_word' id='word_1_466' title='bbox 1384 803 1792 853; x_wconf 76' lang='lat' dir='ltr'>appropinquaverunt</span> <span class='ocrx_word' id='word_1_467' title='bbox 1815 809 1850 838; x_wconf 81' lang='lat' dir='ltr'>et</span> <span class='ocrx_word' id='word_1_468' title='bbox 1873 809 2072 838; x_wconf 75' lang='lat' dir='ltr'>steterunt.</span> <span class='ocrx_word' id='word_1_469' title='bbox 2097 801 2149 837; x_wconf 77' lang='lat' dir='ltr'>Ec</span> <span class='ocrx_word' id='word_1_470' title='bbox 2167 800 2211 818; x_wconf 80' lang='lat'>¹²·</span> <span class='ocrx_word' id='word_1_471' title='bbox 2236 791 2280 817; x_wconf 49' lang='lat'>¹5⁵¹</span> 
     </span>
     <span class='ocr_line' id='line_1_63' title="bbox 1196 862 2152 916; baseline -0.006 -13"><span class='ocrx_word' id='word_1_472' title='bbox 1196 867 1264 916; x_wconf 83' lang='lat' dir='ltr'>qui</span> <span class='ocrx_word' id='word_1_473' title='bbox 1270 867 1390 916; x_wconf 77' lang='lat' dir='ltr'>juxta</span> <span class='ocrx_word' id='word_1_474' title='bbox 1404 877 1464 900; x_wconf 84' lang='lat' dir='ltr'>me</span> <span class='ocrx_word' id='word_1_475' title='bbox 1478 870 1589 900; x_wconf 82' lang='lat' dir='ltr'>erant</span> <span class='ocrx_word' id='word_1_476' title='bbox 1609 876 1634 899; x_wconf 86' lang='lat' dir='ltr'>a</span> <span class='ocrx_word' id='word_1_477' title='bbox 1656 862 1768 913; x_wconf 81' lang='lat' dir='ltr'>longe</span> <span class='ocrx_word' id='word_1_478' title='bbox 1789 869 1990 906; x_wconf 67' lang='lat' dir='ltr'>steterunt,</span> <span class='ocrx_word' id='word_1_479' title='bbox 2013 870 2048 898; x_wconf 78' lang='lat' dir='ltr'>et</span> <span class='ocrx_word' id='word_1_480' title='bbox 2069 864 2152 898; x_wconf 76' lang='lat' dir='ltr'>vim</span> 
     </span>
     <span class='ocr_line' id='line_1_64' title="bbox 1196 924 2153 976; baseline -0.006 -12"><span class='ocrx_word' id='word_1_481' title='bbox 1196 927 1398 976; x_wconf 79' lang='lat' dir='ltr'>faciebant</span> <span class='ocrx_word' id='word_1_482' title='bbox 1418 926 1486 976; x_wconf 81' lang='lat' dir='ltr'>qui</span> <span class='ocrx_word' id='word_1_483' title='bbox 1507 925 1732 975; x_wconf 81' lang='lat' dir='ltr'>quaerebnnt</span> <span class='ocrx_word' id='word_1_484' title='bbox 1753 924 1928 959; x_wconf 83' lang='lat' dir='ltr'>animam</span> <span class='ocrx_word' id='word_1_485' title='bbox 1945 935 2069 958; x_wconf 84' lang='lat' dir='ltr'>meam</span> <span class='ocrx_word' id='word_1_486' title='bbox 2089 937 2098 956; x_wconf 91' lang='lat'><em>:</em></span> <span class='ocrx_word' id='word_1_487' title='bbox 2118 930 2153 958; x_wconf 81' lang='lat' dir='ltr'>ec</span> 
     </span>
     <span class='ocr_line' id='line_1_65' title="bbox 1198 983 2153 1040; baseline -0.007 -15"><span class='ocrx_word' id='word_1_488' title='bbox 1198 989 1265 1040; x_wconf 81' lang='lat' dir='ltr'>qui</span> <span class='ocrx_word' id='word_1_489' title='bbox 1283 988 1507 1039; x_wconf 67' lang='lat' dir='ltr'>quaerebant</span> <span class='ocrx_word' id='word_1_490' title='bbox 1538 984 1647 1022; x_wconf 81' lang='lat' dir='ltr'>mala</span> <span class='ocrx_word' id='word_1_491' title='bbox 1666 984 1775 1029; x_wconf 56' lang='lat' dir='ltr'>milei,</span> <span class='ocrx_word' id='word_1_492' title='bbox 1799 983 1949 1034; x_wconf 79' lang='lat' dir='ltr'><em>loquuti</em></span> <span class='ocrx_word' id='word_1_493' title='bbox 1963 990 2053 1020; x_wconf 82' lang='lat' dir='ltr'>sunt</span> <span class='ocrx_word' id='word_1_494' title='bbox 2077 996 2153 1018; x_wconf 55' lang='lat' dir='ltr'>‘va—</span> 
     </span>
     <span class='ocr_line' id='line_1_66' title="bbox 1153 1043 2155 1098; baseline -0.007 -12"><span class='ocrx_word' id='word_1_495' title='bbox 1153 1068 1178 1096; x_wconf 82' lang='lat'>1)</span> <span class='ocrx_word' id='word_1_496' title='bbox 1201 1051 1356 1098; x_wconf 82' lang='lat' dir='ltr'>nitates,</span> <span class='ocrx_word' id='word_1_497' title='bbox 1373 1056 1409 1085; x_wconf 85' lang='lat' dir='ltr'>et</span> <span class='ocrx_word' id='word_1_498' title='bbox 1435 1046 1546 1084; x_wconf 80' lang='lat' dir='ltr'>dolos</span> <span class='ocrx_word' id='word_1_499' title='bbox 1574 1054 1655 1083; x_wconf 79' lang='lat' dir='ltr'>toea</span> <span class='ocrx_word' id='word_1_500' title='bbox 1678 1046 1740 1082; x_wconf 83' lang='lat' dir='ltr'>die</span> <span class='ocrx_word' id='word_1_501' title='bbox 1766 1044 2067 1081; x_wconf 79' lang='lat' dir='ltr'>meditabantur.</span> <span class='ocrx_word' id='word_1_502' title='bbox 2085 1043 2155 1081; x_wconf 79' lang='lat' dir='ltr'>Vi-</span> 
     </span>
     <span class='ocr_line' id='line_1_67' title="bbox 1198 1104 2154 1157; baseline -0.005 -11"><span class='ocrx_word' id='word_1_503' title='bbox 1198 1107 1282 1146; x_wconf 80' lang='lat' dir='ltr'>disti</span> <span class='ocrx_word' id='word_1_504' title='bbox 1300 1116 1474 1146; x_wconf 81' lang='lat' dir='ltr'>struentes</span> <span class='ocrx_word' id='word_1_505' title='bbox 1492 1105 1643 1145; x_wconf 82' lang='lat' dir='ltr'>insidias</span> <span class='ocrx_word' id='word_1_506' title='bbox 1667 1120 1776 1157; x_wconf 85' lang='lat' dir='ltr'>usque</span> <span class='ocrx_word' id='word_1_507' title='bbox 1795 1104 1840 1142; x_wconf 88' lang='lat' dir='ltr'>ad</span> <span class='ocrx_word' id='word_1_508' title='bbox 1859 1114 2007 1142; x_wconf 81' lang='lat' dir='ltr'>mortem</span> <span class='ocrx_word' id='word_1_509' title='bbox 2025 1104 2154 1156; x_wconf 80' lang='lat' dir='ltr'>ipsam,</span> 
     </span>
     <span class='ocr_line' id='line_1_68' title="bbox 1201 1165 2157 1222; baseline -0.005 -15"><span class='ocrx_word' id='word_1_510' title='bbox 1201 1178 1234 1207; x_wconf 84' lang='lat' dir='ltr'>et</span> <span class='ocrx_word' id='word_1_511' title='bbox 1245 1178 1457 1222; x_wconf 87' lang='lat' dir='ltr'>perpetuum</span> <span class='ocrx_word' id='word_1_512' title='bbox 1472 1167 1608 1206; x_wconf 86' lang='lat' dir='ltr'>bellum</span> <span class='ocrx_word' id='word_1_513' title='bbox 1626 1167 1810 1219; x_wconf 75' lang='lat' dir='ltr'>gerentes?</span> <span class='ocrx_word' id='word_1_514' title='bbox 1822 1166 1850 1203; x_wconf 63' lang='grc' dir='ltr'><strong>Ν</strong></span> <span class='ocrx_word' id='word_1_515' title='bbox 1857 1181 1915 1203; x_wconf 85' lang='lat' dir='ltr'>am</span> <span class='ocrx_word' id='word_1_516' title='bbox 1930 1166 1995 1203; x_wconf 81' lang='lat' dir='ltr'>lioc</span> <span class='ocrx_word' id='word_1_517' title='bbox 2011 1165 2157 1212; x_wconf 81' lang='lat' dir='ltr'>indicat,</span> 
     </span>
     <span class='ocr_line' id='line_1_69' title="bbox 1201 1227 2160 1280; baseline -0.004 -13"><span class='ocrx_word' id='word_1_518' title='bbox 1201 1244 1283 1268; x_wconf 91' lang='lat' dir='ltr'>cum</span> <span class='ocrx_word' id='word_1_519' title='bbox 1297 1230 1386 1269; x_wconf 85' lang='lat' dir='ltr'>dicit</span> <span class='ocrx_word' id='word_1_520' title='bbox 1403 1246 1410 1267; x_wconf 92' lang='lat'><strong>:</strong></span> <span class='ocrx_word' id='word_1_521' title='bbox 1430 1232 1528 1269; x_wconf 84' lang='lat' dir='ltr'>Tota</span> <span class='ocrx_word' id='word_1_522' title='bbox 1539 1231 1602 1268; x_wconf 83' lang='lat' dir='ltr'>die</span> <span class='ocrx_word' id='word_1_523' title='bbox 1618 1230 1922 1274; x_wconf 76' lang='lat' dir='ltr'>meditabantur,</span> <span class='ocrx_word' id='word_1_524' title='bbox 1937 1227 2019 1279; x_wconf 88' lang='lat' dir='ltr'>quia</span> <span class='ocrx_word' id='word_1_525' title='bbox 2035 1241 2097 1280; x_wconf 89' lang='lat' dir='ltr'>per</span> <span class='ocrx_word' id='word_1_526' title='bbox 2110 1235 2160 1264; x_wconf 84' lang='lat' dir='ltr'>to-</span> 
     </span>
     <span class='ocr_line' id='line_1_70' title="bbox 1201 1286 2161 1343; baseline -0.007 -12"><span class='ocrx_word' id='word_1_527' title='bbox 1201 1301 1274 1330; x_wconf 89' lang='lat' dir='ltr'>tam</span> <span class='ocrx_word' id='word_1_528' title='bbox 1293 1292 1419 1331; x_wconf 86' lang='lat' dir='ltr'>vitam.</span> <span class='ocrx_word' id='word_1_529' title='bbox 1440 1290 1540 1338; x_wconf 87' lang='lat' dir='ltr'>Quid</span> <span class='ocrx_word' id='word_1_530' title='bbox 1553 1305 1637 1343; x_wconf 82' lang='lat' dir='ltr'>ergo</span> <span class='ocrx_word' id='word_1_531' title='bbox 1658 1289 1719 1327; x_wconf 92' lang='lat' dir='ltr'>ille</span> <span class='ocrx_word' id='word_1_532' title='bbox 1736 1289 1893 1336; x_wconf 89' lang='lat' dir='ltr'>interim,</span> <span class='ocrx_word' id='word_1_533' title='bbox 1909 1287 1996 1326; x_wconf 89' lang='lat' dir='ltr'>dum</span> <span class='ocrx_word' id='word_1_534' title='bbox 2014 1286 2161 1326; x_wconf 84' lang='lat' dir='ltr'>insidia-</span> 
     </span>
     <span class='ocr_line' id='line_1_71' title="bbox 1201 1349 2341 1403; baseline -0.007 -11"><span class='ocrx_word' id='word_1_535' title='bbox 1201 1363 1323 1392; x_wconf 83' lang='lat' dir='ltr'>rentur</span> <span class='ocrx_word' id='word_1_536' title='bbox 1335 1363 1368 1392; x_wconf 91' lang='lat' dir='ltr'>et</span> <span class='ocrx_word' id='word_1_537' title='bbox 1382 1351 1765 1403; x_wconf 74' lang='lat' dir='ltr'>molirentur‚agebat?</span> <span class='ocrx_word' id='word_1_538' title='bbox 1776 1352 1861 1402; x_wconf 80' lang='lat' dir='ltr'>Ego</span> <span class='ocrx_word' id='word_1_539' title='bbox 1875 1358 2017 1397; x_wconf 76' lang='lat' dir='ltr'>autem,</span> <span class='ocrx_word' id='word_1_540' title='bbox 2030 1349 2159 1400; x_wconf 81' lang='lat' dir='ltr'>inquit,</span> <span class='ocrx_word' id='word_1_541' title='bbox 2176 1369 2249 1395; x_wconf 45' lang='grc' dir='ltr'>ΠΨ(</span> <span class='ocrx_word' id='word_1_542' title='bbox 2267 1379 2289 1393; x_wconf 42' lang='lat'>„2</span> <span class='ocrx_word' id='word_1_543' title='bbox 2313 1368 2341 1402; x_wconf 44' lang='grc' dir='ltr'>,ιι</span> 
     </span>
     <span class='ocr_line' id='line_1_72' title="bbox 1201 1408 2221 1468; baseline -0.007 -14"><span class='ocrx_word' id='word_1_544' title='bbox 1201 1418 1317 1468; x_wconf 81' lang='lat' dir='ltr'>quasi</span> <span class='ocrx_word' id='word_1_545' title='bbox 1331 1415 1470 1453; x_wconf 83' lang='lat' dir='ltr'>surdus</span> <span class='ocrx_word' id='word_1_546' title='bbox 1489 1428 1566 1451; x_wconf 87' lang='lat' dir='ltr'>non</span> <span class='ocrx_word' id='word_1_547' title='bbox 1580 1414 1759 1462; x_wconf 77' lang='lat' dir='ltr'>audiens,</span> <span class='ocrx_word' id='word_1_548' title='bbox 1773 1420 1808 1449; x_wconf 74' lang='lat' dir='ltr'>et</span> <span class='ocrx_word' id='word_1_549' title='bbox 1824 1414 1922 1449; x_wconf 77' lang='lat' dir='ltr'>sicut</span> <span class='ocrx_word' id='word_1_550' title='bbox 1939 1420 2065 1449; x_wconf 81' lang='lat' dir='ltr'>mutus</span> <span class='ocrx_word' id='word_1_551' title='bbox 2083 1425 2162 1448; x_wconf 86' lang='lat' dir='ltr'>non</span> <span class='ocrx_word' id='word_1_552' title='bbox 2177 1408 2221 1436; x_wconf 73' lang='grc'>’5-</span> 
     </span>
     <span class='ocr_line' id='line_1_73' title="bbox 1201 1474 2161 1528; baseline -0.006 -13"><span class='ocrx_word' id='word_1_553' title='bbox 1201 1479 1378 1528; x_wconf 84' lang='lat' dir='ltr'>aperiens</span> <span class='ocrx_word' id='word_1_554' title='bbox 1399 1490 1440 1514; x_wconf 84' lang='grc' dir='ltr'>ος</span> <span class='ocrx_word' id='word_1_555' title='bbox 1462 1489 1592 1521; x_wconf 80' lang='lat' dir='ltr'>suum,·</span> <span class='ocrx_word' id='word_1_556' title='bbox 1613 1483 1648 1512; x_wconf 81' lang='lat' dir='ltr'>el</span> <span class='ocrx_word' id='word_1_557' title='bbox 1665 1475 1800 1526; x_wconf 80' lang='lat' dir='ltr'>factus</span> <span class='ocrx_word' id='word_1_558' title='bbox 1819 1487 1903 1511; x_wconf 80' lang='lat' dir='ltr'>sum</span> <span class='ocrx_word' id='word_1_559' title='bbox 1924 1475 2023 1511; x_wconf 78' lang='lat' dir='ltr'>sicut</span> <span class='ocrx_word' id='word_1_560' title='bbox 2047 1474 2161 1510; x_wconf 83' lang='grc' dir='ltr'>Ιιοιηο</span> 
     </span>
     <span class='ocr_line' id='line_1_74' title="bbox 1203 1535 2163 1586; baseline -0.004 -11"><span class='ocrx_word' id='word_1_561' title='bbox 1203 1551 1282 1575; x_wconf 88' lang='lat' dir='ltr'>non</span> <span class='ocrx_word' id='word_1_562' title='bbox 1291 1538 1468 1584; x_wconf 80' lang='lat' dir='ltr'>audiens,</span> <span class='ocrx_word' id='word_1_563' title='bbox 1476 1545 1513 1575; x_wconf 82' lang='lat' dir='ltr'>et</span> <span class='ocrx_word' id='word_1_564' title='bbox 1526 1551 1604 1574; x_wconf 86' lang='lat' dir='ltr'>non</span> <span class='ocrx_word' id='word_1_565' title='bbox 1615 1537 1763 1574; x_wconf 80' lang='lat' dir='ltr'>habens</span> <span class='ocrx_word' id='word_1_566' title='bbox 1774 1537 1815 1571; x_wconf 85' lang='lat' dir='ltr'>in</span> <span class='ocrx_word' id='word_1_567' title='bbox 1826 1548 1890 1572; x_wconf 86' lang='lat' dir='ltr'>ore</span> <span class='ocrx_word' id='word_1_568' title='bbox 1900 1548 1968 1572; x_wconf 81' lang='lat' dir='ltr'>suo</span> <span class='ocrx_word' id='word_1_569' title='bbox 1979 1535 2163 1586; x_wconf 51' lang='lat' dir='ltr'>redargu&lt;</span> 
     </span>
     <span class='ocr_line' id='line_1_75' title="bbox 1208 1595 2162 1648; baseline -0.006 -10"><span class='ocrx_word' id='word_1_570' title='bbox 1208 1603 1344 1638; x_wconf 81' lang='lat' dir='ltr'>tiones.</span> <span class='ocrx_word' id='word_1_571' title='bbox 1364 1598 1500 1639; x_wconf 74' lang='lat' dir='ltr'>Vidisti</span> <span class='ocrx_word' id='word_1_572' title='bbox 1521 1597 1752 1636; x_wconf 82' lang='lat' dir='ltr'>excellentem</span> <span class='ocrx_word' id='word_1_573' title='bbox 1775 1595 2055 1648; x_wconf 81' lang='lat' dir='ltr'>philosophiam,</span> <span class='ocrx_word' id='word_1_574' title='bbox 2073 1610 2162 1646; x_wconf 83' lang='lat' dir='ltr'>quo—</span> 
     </span>
     <span class='ocr_line' id='line_1_76' title="bbox 1209 1657 2162 1703; baseline -0.005 -4"><span class='ocrx_word' id='word_1_575' title='bbox 1209 1661 1314 1699; x_wconf 91' lang='lat' dir='ltr'>modo</span> <span class='ocrx_word' id='word_1_576' title='bbox 1343 1660 1486 1699; x_wconf 74' lang='lat' dir='ltr'>diversa</span> <span class='ocrx_word' id='word_1_577' title='bbox 1514 1660 1572 1698; x_wconf 83' lang='lat' dir='ltr'>via</span> <span class='ocrx_word' id='word_1_578' title='bbox 1606 1658 1717 1697; x_wconf 77' lang='lat' dir='ltr'>vicit?</span> <span class='ocrx_word' id='word_1_579' title='bbox 1745 1657 1803 1695; x_wconf 85' lang='lat' dir='ltr'>Illi</span> <span class='ocrx_word' id='word_1_580' title='bbox 1833 1657 1934 1696; x_wconf 89' lang='lat' dir='ltr'>dolos</span> <span class='ocrx_word' id='word_1_581' title='bbox 1964 1658 2162 1703; x_wconf 76' lang='lat' dir='ltr'>struebant,</span> 
     </span>
     <span class='ocr_line' id='line_1_77' title="bbox 1208 1718 2165 1775; baseline -0.005 -14"><span class='ocrx_word' id='word_1_582' title='bbox 1208 1724 1284 1775; x_wconf 88' lang='lat' dir='ltr'>ipse</span> <span class='ocrx_word' id='word_1_583' title='bbox 1301 1736 1404 1760; x_wconf 87' lang='lat' dir='ltr'>aures</span> <span class='ocrx_word' id='word_1_584' title='bbox 1423 1721 1628 1770; x_wconf 78' lang='lat' dir='ltr'>obturabat,</span> <span class='ocrx_word' id='word_1_585' title='bbox 1646 1734 1688 1758; x_wconf 89' lang='lat' dir='ltr'>ne</span> <span class='ocrx_word' id='word_1_586' title='bbox 1703 1718 1842 1757; x_wconf 85' lang='lat' dir='ltr'>audiret</span> <span class='ocrx_word' id='word_1_587' title='bbox 1863 1734 1870 1754; x_wconf 76' lang='grc' dir='ltr'><em>τ</em></span> <span class='ocrx_word' id='word_1_588' title='bbox 1891 1719 1945 1756; x_wconf 89' lang='lat' dir='ltr'>illi</span> <span class='ocrx_word' id='word_1_589' title='bbox 1966 1719 2063 1756; x_wconf 89' lang='lat' dir='ltr'>omni</span> <span class='ocrx_word' id='word_1_590' title='bbox 2078 1728 2165 1758; x_wconf 83' lang='lat' dir='ltr'>tcm-</span> 
     </span>
     <span class='ocr_line' id='line_1_78' title="bbox 1161 1780 2166 1844; baseline -0.003 -23"><span class='ocrx_word' id='word_1_591' title='bbox 1161 1814 1185 1844; x_wconf 72' lang='grc' dir='ltr'>Ε</span> <span class='ocrx_word' id='word_1_592' title='bbox 1209 1797 1294 1836; x_wconf 90' lang='lat' dir='ltr'>pore</span> <span class='ocrx_word' id='word_1_593' title='bbox 1313 1796 1382 1821; x_wconf 90' lang='lat' dir='ltr'>non</span> <span class='ocrx_word' id='word_1_594' title='bbox 1402 1782 1583 1820; x_wconf 86' lang='lat' dir='ltr'>cessabant</span> <span class='ocrx_word' id='word_1_595' title='bbox 1602 1781 1764 1832; x_wconf 82' lang='lat' dir='ltr'>linguam</span> <span class='ocrx_word' id='word_1_596' title='bbox 1783 1794 1921 1829; x_wconf 91' lang='lat' dir='ltr'>acuere,</span> <span class='ocrx_word' id='word_1_597' title='bbox 1943 1789 1977 1818; x_wconf 81' lang='lat' dir='ltr'>et</span> <span class='ocrx_word' id='word_1_598' title='bbox 1996 1780 2166 1819; x_wconf 82' lang='lat' dir='ltr'>vanitates</span> 
     </span>
     <span class='ocr_line' id='line_1_79' title="bbox 1209 1840 2167 1892; baseline -0.003 -9"><span class='ocrx_word' id='word_1_599' title='bbox 1209 1854 1243 1883; x_wconf 89' lang='lat' dir='ltr'>et</span> <span class='ocrx_word' id='word_1_600' title='bbox 1261 1844 1519 1882; x_wconf 83' lang='lat' dir='ltr'>fraudulentias</span> <span class='ocrx_word' id='word_1_601' title='bbox 1542 1840 1723 1892; x_wconf 78' lang='lat' dir='ltr'>meditari;</span> <span class='ocrx_word' id='word_1_602' title='bbox 1744 1842 1804 1880; x_wconf 88' lang='lat' dir='ltr'>hic</span> <span class='ocrx_word' id='word_1_603' title='bbox 1823 1851 1940 1879; x_wconf 87' lang='lat' dir='ltr'>autem</span> <span class='ocrx_word' id='word_1_604' title='bbox 1960 1841 2101 1879; x_wconf 89' lang='lat' dir='ltr'>silentio</span> <span class='ocrx_word' id='word_1_605' title='bbox 2120 1842 2167 1880; x_wconf 89' lang='lat' dir='ltr'>il—</span> 
     </span>
     <span class='ocr_line' id='line_1_80' title="bbox 1209 1902 2167 1956; baseline -0.004 -12"><span class='ocrx_word' id='word_1_606' title='bbox 1209 1906 1327 1944; x_wconf 89' lang='lat' dir='ltr'>lorum</span> <span class='ocrx_word' id='word_1_607' title='bbox 1344 1905 1520 1943; x_wconf 85' lang='lat' dir='ltr'>insaniam</span> <span class='ocrx_word' id='word_1_608' title='bbox 1545 1903 1818 1956; x_wconf 84' lang='lat' dir='ltr'>comprimebat.</span> <span class='ocrx_word' id='word_1_609' title='bbox 1841 1902 1887 1940; x_wconf 85' lang='lat' dir='ltr'>Et</span> <span class='ocrx_word' id='word_1_610' title='bbox 1916 1917 2025 1953; x_wconf 88' lang='lat' dir='ltr'>quare</span> <span class='ocrx_word' id='word_1_611' title='bbox 2054 1903 2103 1940; x_wconf 88' lang='lat' dir='ltr'>sic</span> <span class='ocrx_word' id='word_1_612' title='bbox 2132 1918 2167 1941; x_wconf 83' lang='lat' dir='ltr'>se</span> 
     </span>
     <span class='ocr_line' id='line_1_81' title="bbox 1210 1963 2167 2019; baseline -0.004 -14"><span class='ocrx_word' id='word_1_613' title='bbox 1210 1967 1316 2019; x_wconf 80' lang='lat' dir='ltr'>gerit,</span> <span class='ocrx_word' id='word_1_614' title='bbox 1334 1976 1368 2005; x_wconf 92' lang='lat' dir='ltr'>et</span> <span class='ocrx_word' id='word_1_615' title='bbox 1387 1966 1470 2004; x_wconf 87' lang='lat' dir='ltr'>licet</span> <span class='ocrx_word' id='word_1_616' title='bbox 1488 1965 1560 2004; x_wconf 88' lang='lat' dir='ltr'>illis</span> <span class='ocrx_word' id='word_1_617' title='bbox 1577 1964 1651 2002; x_wconf 77' lang='lat' dir='ltr'>liaec</span> <span class='ocrx_word' id='word_1_618' title='bbox 1667 1963 1922 2017; x_wconf 88' lang='lat' dir='ltr'>apparantibus</span> <span class='ocrx_word' id='word_1_619' title='bbox 1940 1963 2014 2016; x_wconf 84' lang='lat' dir='ltr'>ipse</span> <span class='ocrx_word' id='word_1_620' title='bbox 2030 1964 2080 2001; x_wconf 90' lang='lat' dir='ltr'>sic</span> <span class='ocrx_word' id='word_1_621' title='bbox 2095 1965 2167 2016; x_wconf 80' lang='lat' dir='ltr'>agit</span> 
     </span>
     <span class='ocr_line' id='line_1_82' title="bbox 1208 2025 2164 2080; baseline -0.003 -15"><span class='ocrx_word' id='word_1_622' title='bbox 1208 2028 1311 2080; x_wconf 89' lang='lat' dir='ltr'>quasi</span> <span class='ocrx_word' id='word_1_623' title='bbox 1341 2027 1472 2066; x_wconf 91' lang='lat' dir='ltr'>surdus</span> <span class='ocrx_word' id='word_1_624' title='bbox 1499 2036 1534 2065; x_wconf 89' lang='lat' dir='ltr'>et</span> <span class='ocrx_word' id='word_1_625' title='bbox 1561 2035 1696 2075; x_wconf 89' lang='lat' dir='ltr'>mutus,</span> <span class='ocrx_word' id='word_1_626' title='bbox 1719 2034 1752 2063; x_wconf 88' lang='lat' dir='ltr'>et</span> <span class='ocrx_word' id='word_1_627' title='bbox 1781 2025 1880 2076; x_wconf 86' lang='lat' dir='ltr'>quasi</span> <span class='ocrx_word' id='word_1_628' title='bbox 1909 2039 2023 2076; x_wconf 88' lang='lat' dir='ltr'>neque</span> <span class='ocrx_word' id='word_1_629' title='bbox 2047 2039 2164 2075; x_wconf 88' lang='lat' dir='ltr'>aures,</span> 
     </span>
     <span class='ocr_line' id='line_1_83' title="bbox 1209 2086 2167 2141; baseline -0.004 -14"><span class='ocrx_word' id='word_1_630' title='bbox 1209 2103 1322 2141; x_wconf 87' lang='lat' dir='ltr'>neque</span> <span class='ocrx_word' id='word_1_631' title='bbox 1342 2089 1504 2140; x_wconf 86' lang='lat' dir='ltr'>linguam</span> <span class='ocrx_word' id='word_1_632' title='bbox 1523 2087 1680 2125; x_wconf 73' lang='lat' dir='ltr'>habeat?</span> <span class='ocrx_word' id='word_1_633' title='bbox 1704 2086 1796 2123; x_wconf 68' lang='lat' dir='ltr'>Audi</span> <span class='ocrx_word' id='word_1_634' title='bbox 1819 2086 1939 2137; x_wconf 88' lang='lat' dir='ltr'>ipsum</span> <span class='ocrx_word' id='word_1_635' title='bbox 1957 2095 2063 2124; x_wconf 77' lang='lat' dir='ltr'>tantae</span> <span class='ocrx_word' id='word_1_636' title='bbox 2084 2087 2167 2138; x_wconf 79' lang='lat' dir='ltr'>phi-</span> 
     </span>
     <span class='ocr_line' id='line_1_84' title="bbox 1207 2147 2359 2203; baseline -0.001 -15"><span class='ocrx_word' id='word_1_637' title='bbox 1207 2150 1537 2203; x_wconf 78' lang='lat' dir='ltr'>losophiae-causam</span> <span class='ocrx_word' id='word_1_638' title='bbox 1553 2147 1754 2186; x_wconf 89' lang='lat' dir='ltr'>dicentem:</span> <span class='ocrx_word' id='word_1_639' title='bbox 1775 2148 1878 2197; x_wconf 79' lang='lat' dir='ltr'>Quia</span> <span class='ocrx_word' id='word_1_640' title='bbox 1896 2149 1986 2184; x_wconf 84' lang='lat' dir='ltr'>inte</span> <span class='ocrx_word' id='word_1_641' title='bbox 1996 2152 2161 2199; x_wconf 71' lang='lat' dir='ltr'>speravi,</span> <span class='ocrx_word' id='word_1_642' title='bbox 2178 2159 2254 2187; x_wconf 50' lang='grc' dir='ltr'>[ιιι</span> <span class='ocrx_word' id='word_1_643' title='bbox 2274 2172 2286 2185; x_wconf 61' lang='lat' dir='ltr'><strong>v</strong></span> <span class='ocrx_word' id='word_1_644' title='bbox 2317 2163 2359 2187; x_wconf 57' lang='grc' dir='ltr'>ιη.</span> 
     </span>
     <span class='ocr_line' id='line_1_85' title="bbox 1208 2207 2163 2261; baseline -0.002 -11"><span class='ocrx_word' id='word_1_645' title='bbox 1208 2213 1391 2251; x_wconf 79' lang='lat' dir='ltr'>Domine.</span> <span class='ocrx_word' id='word_1_646' title='bbox 1413 2210 1509 2258; x_wconf 86' lang='lat' dir='ltr'>Quia</span> <span class='ocrx_word' id='word_1_647' title='bbox 1530 2224 1550 2247; x_wconf 86' lang='lat' dir='ltr'>a</span> <span class='ocrx_word' id='word_1_648' title='bbox 1572 2218 1604 2247; x_wconf 86' lang='lat' dir='ltr'>te</span> <span class='ocrx_word' id='word_1_649' title='bbox 1623 2207 1752 2261; x_wconf 81' lang='lat' dir='ltr'>pendet</span> <span class='ocrx_word' id='word_1_650' title='bbox 1771 2222 1849 2260; x_wconf 86' lang='lat' dir='ltr'>spes</span> <span class='ocrx_word' id='word_1_651' title='bbox 1872 2222 1961 2256; x_wconf 82' lang='lat' dir='ltr'>mea,</span> <span class='ocrx_word' id='word_1_652' title='bbox 1983 2208 2112 2259; x_wconf 86' lang='lat' dir='ltr'>inquit,</span> <span class='ocrx_word' id='word_1_653' title='bbox 2132 2220 2163 2248; x_wconf 90' lang='lat' dir='ltr'>et</span> 
     </span>
     <span class='ocr_line' id='line_1_86' title="bbox 1206 2269 2164 2325; baseline -0.002 -14"><span class='ocrx_word' id='word_1_654' title='bbox 1206 2273 1243 2312; x_wconf 92' lang='lat' dir='ltr'>in</span> <span class='ocrx_word' id='word_1_655' title='bbox 1272 2282 1306 2312; x_wconf 88' lang='lat' dir='ltr'>te</span> <span class='ocrx_word' id='word_1_656' title='bbox 1329 2287 1387 2311; x_wconf 91' lang='lat' dir='ltr'>me</span> <span class='ocrx_word' id='word_1_657' title='bbox 1413 2271 1562 2325; x_wconf 86' lang='lat' dir='ltr'>projeci,</span> <span class='ocrx_word' id='word_1_658' title='bbox 1582 2270 1680 2309; x_wconf 87' lang='lat' dir='ltr'>nulla</span> <span class='ocrx_word' id='word_1_659' title='bbox 1706 2269 1795 2307; x_wconf 84' lang='lat' dir='ltr'>mihi</span> <span class='ocrx_word' id='word_1_660' title='bbox 1813 2283 1897 2307; x_wconf 83' lang='lat' dir='ltr'>cura</span> <span class='ocrx_word' id='word_1_661' title='bbox 1916 2278 1982 2319; x_wconf 87' lang='lat' dir='ltr'>est,</span> <span class='ocrx_word' id='word_1_662' title='bbox 2001 2270 2089 2320; x_wconf 84' lang='lat' dir='ltr'>quid</span> <span class='ocrx_word' id='word_1_663' title='bbox 2108 2271 2164 2309; x_wconf 82' lang='lat' dir='ltr'>illi</span> 
     </span>
     <span class='ocr_line' id='line_1_87' title="bbox 1204 2329 2161 2386; baseline -0.003 -14"><span class='ocrx_word' id='word_1_664' title='bbox 1204 2342 1324 2386; x_wconf 83' lang='lat' dir='ltr'>agant.</span> <span class='ocrx_word' id='word_1_665' title='bbox 1344 2333 1468 2371; x_wconf 91' lang='lat' dir='ltr'>Tuum</span> <span class='ocrx_word' id='word_1_666' title='bbox 1487 2331 1582 2369; x_wconf 87' lang='lat' dir='ltr'>enim</span> <span class='ocrx_word' id='word_1_667' title='bbox 1601 2330 1780 2368; x_wconf 82' lang='lat' dir='ltr'>auxilium</span> <span class='ocrx_word' id='word_1_668' title='bbox 1799 2329 1883 2367; x_wconf 82' lang='lat' dir='ltr'>satis</span> <span class='ocrx_word' id='word_1_669' title='bbox 1905 2339 2028 2381; x_wconf 87' lang='lat' dir='ltr'>potens</span> <span class='ocrx_word' id='word_1_670' title='bbox 2046 2341 2096 2369; x_wconf 87' lang='lat' dir='ltr'>est</span> <span class='ocrx_word' id='word_1_671' title='bbox 2116 2332 2161 2370; x_wconf 86' lang='lat' dir='ltr'>ad</span> 
     </span>
     <span class='ocr_line' id='line_1_88' title="bbox 1203 2390 2158 2448; baseline -0.003 -15"><span class='ocrx_word' id='word_1_672' title='bbox 1203 2394 1411 2448; x_wconf 86' lang='lat' dir='ltr'>dissipanda</span> <span class='ocrx_word' id='word_1_673' title='bbox 1432 2393 1509 2431; x_wconf 82' lang='lat' dir='ltr'>haec</span> <span class='ocrx_word' id='word_1_674' title='bbox 1533 2391 1667 2442; x_wconf 83' lang='lat' dir='ltr'>omnia,</span> <span class='ocrx_word' id='word_1_675' title='bbox 1687 2391 1876 2442; x_wconf 83' lang='lat' dir='ltr'>irritasque</span> <span class='ocrx_word' id='word_1_676' title='bbox 1892 2390 2090 2430; x_wconf 85' lang='lat' dir='ltr'>reddendas</span> <span class='ocrx_word' id='word_1_677' title='bbox 2110 2393 2158 2430; x_wconf 78' lang='lat' dir='ltr'>il-</span> 
     </span>
     <span class='ocr_line' id='line_1_89' title="bbox 1203 2451 2157 2501; baseline -0.004 -6"><span class='ocrx_word' id='word_1_678' title='bbox 1203 2456 1321 2495; x_wconf 89' lang='lat' dir='ltr'>lorum</span> <span class='ocrx_word' id='word_1_679' title='bbox 1340 2454 1620 2494; x_wconf 83' lang='lat' dir='ltr'>machinationes</span> <span class='ocrx_word' id='word_1_680' title='bbox 1641 2462 1674 2490; x_wconf 91' lang='lat' dir='ltr'>et</span> <span class='ocrx_word' id='word_1_681' title='bbox 1689 2451 1852 2501; x_wconf 78' lang='lat' dir='ltr'>insidias,</span> <span class='ocrx_word' id='word_1_682' title='bbox 1871 2461 1909 2490; x_wconf 94' lang='lat' dir='ltr'>ut</span> <span class='ocrx_word' id='word_1_683' title='bbox 1926 2452 2016 2490; x_wconf 86' lang='lat' dir='ltr'>nibil</span> <span class='ocrx_word' id='word_1_684' title='bbox 2035 2467 2157 2492; x_wconf 85' lang='lat' dir='ltr'>eorum</span> 
     </span>
     <span class='ocr_line' id='line_1_90' title="bbox 1202 2515 1704 2571; baseline -0.014 -14"><span class='ocrx_word' id='word_1_685' title='bbox 1202 2518 1395 2571; x_wconf 86' lang='lat' dir='ltr'>impleatur</span> <span class='ocrx_word' id='word_1_686' title='bbox 1406 2515 1505 2567; x_wconf 77' lang='lat' dir='ltr'>quod</span> <span class='ocrx_word' id='word_1_687' title='bbox 1520 2522 1704 2567; x_wconf 85' lang='lat' dir='ltr'>apparant.</span> 
     </span>
    </p>
   </div>
   <div class='ocr_carea' id='block_1_12' title="bbox 1220 233 1538 264">
    <p class='ocr_par' dir='ltr' id='par_1_12' title="bbox 1220 233 1538 264">
     <span class='ocr_line' id='line_1_91' title="bbox 1220 233 1538 264; baseline -0.009 0"><span class='ocrx_word' id='word_1_688' title='bbox 1220 234 1373 264; x_wconf 68' lang='lat' dir='ltr'>nomn„</span> <span class='ocrx_word' id='word_1_689' title='bbox 1415 233 1519 263; x_wconf 61' lang='lat' dir='ltr'>XXlX&#39;</span> <span class='ocrx_word' id='word_1_690' title='bbox 1531 252 1538 261; x_wconf 90' lang='lat'>.</span> 
     </span>
    </p>
   </div>
   <div class='ocr_carea' id='block_1_13' title="bbox 1203 2583 2355 3310">
    <p class='ocr_par' dir='ltr' id='par_1_13' title="bbox 1203 2583 2355 3310">
     <span class='ocr_line' id='line_1_92' title="bbox 1256 2583 2355 2639; baseline -0.008 -11"><span class='ocrx_word' id='word_1_691' title='bbox 1256 2592 1295 2628; x_wconf 59' lang='lat'>52.</span> <span class='ocrx_word' id='word_1_692' title='bbox 1322 2586 1478 2627; x_wconf 87' lang='lat' dir='ltr'>Vidistis</span> <span class='ocrx_word' id='word_1_693' title='bbox 1507 2583 1686 2636; x_wconf 89' lang='lat' dir='ltr'>quomodo</span> <span class='ocrx_word' id='word_1_694' title='bbox 1706 2597 1931 2634; x_wconf 85' lang='lat' dir='ltr'>quacumque</span> <span class='ocrx_word' id='word_1_695' title='bbox 1957 2583 2156 2623; x_wconf 83' lang='lat' dir='ltr'>calamitate</span> <span class='ocrx_word' id='word_1_696' title='bbox 2205 2605 2355 2639; x_wconf 55' lang='lat' dir='ltr'>smpmm</span> 
     </span>
     <span class='ocr_line' id='line_1_93' title="bbox 1205 2645 2352 2696; baseline -0.01 -7"><span class='ocrx_word' id='word_1_697' title='bbox 1205 2651 1398 2689; x_wconf 86' lang='lat' dir='ltr'>humanam</span> <span class='ocrx_word' id='word_1_698' title='bbox 1436 2655 1600 2684; x_wconf 85' lang='lat' dir='ltr'>naturam</span> <span class='ocrx_word' id='word_1_699' title='bbox 1635 2652 1835 2696; x_wconf 88' lang='lat' dir='ltr'>premente,</span> <span class='ocrx_word' id='word_1_700' title='bbox 1875 2657 2071 2694; x_wconf 82' lang='lat' dir='ltr'>congruens</span> <span class='ocrx_word' id='word_1_701' title='bbox 2109 2655 2241 2691; x_wconf 52' lang='lat' dir='ltr'>exuet)</span> <span class='ocrx_word' id='word_1_702' title='bbox 2258 2645 2286 2671; x_wconf 78' lang='lat' dir='ltr'>iu</span> <span class='ocrx_word' id='word_1_703' title='bbox 2303 2656 2352 2669; x_wconf 53' lang='lat' dir='ltr'>‹w-</span> 
     </span>
     <span class='ocr_line' id='line_1_94' title="bbox 1203 2687 2344 2764; baseline -0.011 -13"><span class='ocrx_word' id='word_1_704' title='bbox 1203 2710 1403 2764; x_wconf 81' lang='lat' dir='ltr'>Scripturis</span> <span class='ocrx_word' id='word_1_705' title='bbox 1421 2706 1622 2745; x_wconf 86' lang='lat' dir='ltr'>antidotum</span> <span class='ocrx_word' id='word_1_706' title='bbox 1642 2704 1801 2756; x_wconf 84' lang='lat' dir='ltr'>accipere</span> <span class='ocrx_word' id='word_1_707' title='bbox 1825 2704 1943 2753; x_wconf 79' lang='lat' dir='ltr'>liceat,</span> <span class='ocrx_word' id='word_1_708' title='bbox 1961 2713 1994 2742; x_wconf 88' lang='lat' dir='ltr'>ct</span> <span class='ocrx_word' id='word_1_709' title='bbox 2013 2719 2152 2745; x_wconf 87' lang='lat' dir='ltr'>omnem</span> <span class='ocrx_word' id='word_1_710' title='bbox 2165 2687 2344 2713; x_wconf 67' lang='lat'>¹³⁰&#39;&#39;²‘&#39;¹&#39;¹’“&#39;</span> 
     </span>
     <span class='ocr_line' id='line_1_95' title="bbox 1206 2765 2155 2823; baseline -0.017 -11"><span class='ocrx_word' id='word_1_711' title='bbox 1206 2774 1288 2813; x_wconf 83' lang='lat' dir='ltr'>vitae</span> <span class='ocrx_word' id='word_1_712' title='bbox 1312 2771 1421 2823; x_wconf 85' lang='lat' dir='ltr'>hujus</span> <span class='ocrx_word' id='word_1_713' title='bbox 1445 2781 1632 2806; x_wconf 82' lang='lat' dir='ltr'>moerorein</span> <span class='ocrx_word' id='word_1_714' title='bbox 1660 2765 1850 2817; x_wconf 84' lang='lat' dir='ltr'>repellere,</span> <span class='ocrx_word' id='word_1_715' title='bbox 1880 2780 1990 2816; x_wconf 80' lang='lat' dir='ltr'>neque</span> <span class='ocrx_word' id='word_1_716' title='bbox 2014 2767 2060 2804; x_wconf 75' lang='lat' dir='ltr'>ab</span> <span class='ocrx_word' id='word_1_717' title='bbox 2082 2769 2155 2807; x_wconf 68' lang='lat'>„110</span> 
     </span>
     <span class='ocr_line' id='line_1_96' title="bbox 1205 2827 2166 2887; baseline -0.008 -14"><span class='ocrx_word' id='word_1_718' title='bbox 1205 2834 1300 2887; x_wconf 89' lang='lat' dir='ltr'>quod</span> <span class='ocrx_word' id='word_1_719' title='bbox 1332 2830 1486 2879; x_wconf 88' lang='lat' dir='ltr'>accidit,</span> <span class='ocrx_word' id='word_1_720' title='bbox 1515 2827 1684 2880; x_wconf 73' lang='lat' dir='ltr'>gravari?</span> <span class='ocrx_word' id='word_1_721' title='bbox 1713 2828 1902 2878; x_wconf 82' lang='lat' dir='ltr'>Propterea</span> <span class='ocrx_word' id='word_1_722' title='bbox 1929 2827 2088 2877; x_wconf 83' lang='lat' dir='ltr'>obsecro,</span> <span class='ocrx_word' id='word_1_723' title='bbox 2118 2838 2166 2866; x_wconf 86' lang='lat' dir='ltr'>ut·</span> 
     </span>
     <span class='ocr_line' id='line_1_97' title="bbox 1206 2885 2157 2944; baseline -0.014 -12"><span class='ocrx_word' id='word_1_724' title='bbox 1206 2894 1405 2944; x_wconf 84' lang='lat' dir='ltr'>frequenter</span> <span class='ocrx_word' id='word_1_725' title='bbox 1425 2889 1496 2927; x_wconf 84' lang='lat' dir='ltr'>huc</span> <span class='ocrx_word' id='word_1_726' title='bbox 1513 2886 1675 2930; x_wconf 70' lang='lat' dir='ltr'>veniatis,</span> <span class='ocrx_word' id='word_1_727' title='bbox 1691 2895 1724 2923; x_wconf 88' lang='lat' dir='ltr'>ct</span> <span class='ocrx_word' id='word_1_728' title='bbox 1741 2885 1874 2923; x_wconf 71' lang='lat' dir='ltr'>divince</span> <span class='ocrx_word' id='word_1_729' title='bbox 1894 2887 2089 2940; x_wconf 71' lang='lat' dir='ltr'>Scriptura·</span> <span class='ocrx_word' id='word_1_730' title='bbox 2107 2890 2157 2927; x_wconf 76' lang='lat' dir='ltr'>le-</span> 
     </span>
     <span class='ocr_line' id='line_1_98' title="bbox 1207 2946 2153 3002; baseline -0.014 -9"><span class='ocrx_word' id='word_1_731' title='bbox 1207 2954 1359 2993; x_wconf 88' lang='lat' dir='ltr'>ctionem</span> <span class='ocrx_word' id='word_1_732' title='bbox 1386 2950 1577 3002; x_wconf 83' lang='lat' dir='ltr'>diligenter</span> <span class='ocrx_word' id='word_1_733' title='bbox 1595 2946 1800 2984; x_wconf 88' lang='lat' dir='ltr'>auscultetis</span> <span class='ocrx_word' id='word_1_734' title='bbox 1820 2962 1827 2984; x_wconf 90' lang='lat'><strong>:</strong></span> <span class='ocrx_word' id='word_1_735' title='bbox 1849 2960 1918 2985; x_wconf 93' lang='lat' dir='ltr'>non</span> <span class='ocrx_word' id='word_1_736' title='bbox 1938 2948 2053 2986; x_wconf 84' lang='lat' dir='ltr'>solum</span> <span class='ocrx_word' id='word_1_737' title='bbox 2074 2965 2153 2988; x_wconf 71' lang='lat' dir='ltr'>cum</span> 
     </span>
     <span class='ocr_line' id='line_1_99' title="bbox 1208 3007 2157 3061; baseline -0.014 -7"><span class='ocrx_word' id='word_1_738' title='bbox 1208 3016 1280 3054; x_wconf 87' lang='lat' dir='ltr'>huc</span> <span class='ocrx_word' id='word_1_739' title='bbox 1294 3013 1439 3061; x_wconf 82' lang='lat' dir='ltr'>venitis,</span> <span class='ocrx_word' id='word_1_740' title='bbox 1456 3010 1516 3049; x_wconf 90' lang='lat' dir='ltr'>sed</span> <span class='ocrx_word' id='word_1_741' title='bbox 1540 3018 1572 3047; x_wconf 88' lang='lat' dir='ltr'>ct</span> <span class='ocrx_word' id='word_1_742' title='bbox 1599 3007 1697 3045; x_wconf 86' lang='lat' dir='ltr'>domi</span> <span class='ocrx_word' id='word_1_743' title='bbox 1725 3007 1867 3046; x_wconf 82' lang='lat' dir='ltr'>divinos</span> <span class='ocrx_word' id='word_1_744' title='bbox 1889 3008 1999 3047; x_wconf 88' lang='lat' dir='ltr'>libros</span> <span class='ocrx_word' id='word_1_745' title='bbox 2026 3010 2061 3048; x_wconf 91' lang='lat' dir='ltr'>in</span> <span class='ocrx_word' id='word_1_746' title='bbox 2081 3026 2157 3049; x_wconf 70' lang='lat' dir='ltr'>ma-</span> 
     </span>
     <span class='ocr_line' id='line_1_100' title="bbox 1210 3069 2159 3122; baseline -0.007 -7"><span class='ocrx_word' id='word_1_747' title='bbox 1210 3092 1276 3116; x_wconf 89' lang='lat' dir='ltr'>nus</span> <span class='ocrx_word' id='word_1_748' title='bbox 1295 3075 1435 3122; x_wconf 84' lang='lat' dir='ltr'>sumite,</span> <span class='ocrx_word' id='word_1_749' title='bbox 1454 3081 1492 3110; x_wconf 92' lang='lat' dir='ltr'>ut</span> <span class='ocrx_word' id='word_1_750' title='bbox 1509 3070 1699 3109; x_wconf 88' lang='lat' dir='ltr'>utilitatem</span> <span class='ocrx_word' id='word_1_751' title='bbox 1715 3069 1750 3107; x_wconf 92' lang='lat' dir='ltr'>in</span> <span class='ocrx_word' id='word_1_752' title='bbox 1771 3069 1843 3106; x_wconf 82' lang='lat' dir='ltr'>illis</span> <span class='ocrx_word' id='word_1_753' title='bbox 1861 3071 2011 3122; x_wconf 87' lang='lat' dir='ltr'>positam</span> <span class='ocrx_word' id='word_1_754' title='bbox 2031 3087 2159 3122; x_wconf 68' lang='lat' dir='ltr'>magno</span> 
     </span>
     <span class='ocr_line' id='line_1_101' title="bbox 1211 3130 2154 3186; baseline -0.016 -9"><span class='ocrx_word' id='word_1_755' title='bbox 1211 3138 1330 3178; x_wconf 90' lang='lat' dir='ltr'>studio</span> <span class='ocrx_word' id='word_1_756' title='bbox 1349 3133 1528 3186; x_wconf 77' lang='lat' dir='ltr'>suscipite.</span> <span class='ocrx_word' id='word_1_757' title='bbox 1547 3130 1634 3169; x_wconf 90' lang='lat' dir='ltr'>Inde</span> <span class='ocrx_word' id='word_1_758' title='bbox 1651 3130 1745 3168; x_wconf 86' lang='lat' dir='ltr'>enim</span> <span class='ocrx_word' id='word_1_759' title='bbox 1764 3130 1917 3169; x_wconf 89' lang='lat' dir='ltr'>multum</span> <span class='ocrx_word' id='word_1_760' title='bbox 1934 3132 2022 3170; x_wconf 80' lang='lat' dir='ltr'>lueri</span> <span class='ocrx_word' id='word_1_761' title='bbox 2047 3134 2154 3171; x_wconf 61' lang='lat' dir='ltr'>nasei-</span> 
     </span>
     <span class='ocr_line' id='line_1_102' title="bbox 1212 3192 2161 3251; baseline -0.008 -12"><span class='ocrx_word' id='word_1_762' title='bbox 1212 3211 1270 3240; x_wconf 88' lang='lat' dir='ltr'>tur</span> <span class='ocrx_word' id='word_1_763' title='bbox 1291 3198 1471 3251; x_wconf 89' lang='lat' dir='ltr'>:primum</span> <span class='ocrx_word' id='word_1_764' title='bbox 1499 3192 1645 3245; x_wconf 85' lang='lat' dir='ltr'>quidem</span> <span class='ocrx_word' id='word_1_765' title='bbox 1669 3192 1966 3244; x_wconf 57' lang='lat' dir='ltr'>lectione&#39;lingua</span> <span class='ocrx_word' id='word_1_766' title='bbox 1995 3195 2161 3233; x_wconf 78' lang='lat' dir='ltr'>reforma-</span> 
     </span>
     <span class='ocr_line' id='line_1_103' title="bbox 1214 3253 2166 3310; baseline -0.007 -10"><span class='ocrx_word' id='word_1_767' title='bbox 1214 3272 1271 3301; x_wconf 89' lang='lat' dir='ltr'>tur</span> <span class='ocrx_word' id='word_1_768' title='bbox 1283 3276 1292 3310; x_wconf 82' lang='lat'><em>3</em></span> <span class='ocrx_word' id='word_1_769' title='bbox 1305 3256 1434 3298; x_wconf 83' lang='lat' dir='ltr'>deinde</span> <span class='ocrx_word' id='word_1_770' title='bbox 1453 3255 1570 3294; x_wconf 81' lang='lat' dir='ltr'>anima</span> <span class='ocrx_word' id='word_1_771' title='bbox 1583 3253 1759 3293; x_wconf 83' lang='lat' dir='ltr'>excitatur</span> <span class='ocrx_word' id='word_1_772' title='bbox 1772 3263 1804 3292; x_wconf 85' lang='lat' dir='ltr'>ct</span> <span class='ocrx_word' id='word_1_773' title='bbox 1820 3254 1984 3293; x_wconf 79' lang='lat' dir='ltr'>sublimis</span> <span class='ocrx_word' id='word_1_774' title='bbox 2000 3256 2166 3297; x_wconf 79' lang='lat' dir='ltr'>eflicitur,</span> 
     </span>
    </p>
   </div>
   <div class='ocr_carea' id='block_1_14' title="bbox 2165 2728 2342 2755">
    <p class='ocr_par' dir='ltr' id='par_1_14' title="bbox 2165 2728 2342 2755">
     <span class='ocr_line' id='line_1_104' title="bbox 2165 2728 2342 2755; baseline -0.006 0"><span class='ocrx_word' id='word_1_775' title='bbox 2165 2728 2342 2755; x_wconf 71' lang='lat' dir='ltr'>antidotum.</span> 
     </span>
    </p>
   </div>
   <div class='ocr_carea' id='block_1_15' title="bbox 1166 3371 1495 3408">
    <p class='ocr_par' dir='ltr' id='par_1_15' title="bbox 1166 3371 1495 3408">
     <span class='ocr_line' id='line_1_105' title="bbox 1166 3371 1495 3408; baseline -0.033 0"><span class='ocrx_word' id='word_1_776' title='bbox 1166 3374 1351 3408; x_wconf 64' lang='grc' dir='ltr'>πὶάττισθαι</span> <span class='ocrx_word' id='word_1_777' title='bbox 1368 3371 1415 3402; x_wconf 65' lang='grc' dir='ltr'>διὸ</span> <span class='ocrx_word' id='word_1_778' title='bbox 1433 3374 1495 3403; x_wconf 70' lang='grc' dir='ltr'>τῆς.</span> 
     </span>
    </p>
   </div>
  </div>
 </body>
</html>
