2433 3775
252 221 314 268 68

249 318 388 357 mentis.
407 318 589 366 Quoniam
606 328 639 357 et
655 320 802 371 gentiles
818 320 868 358 sic
886 327 1113 365 erraverunt,
1131 318 1204 355 suis

251 379 525 430 cogitationibus
545 379 663 418 omnia
687 380 928 432 permittentes
947 409 956 426 ‚
977 388 1010 417 et
1029 378 1076 415 ad
1095 378 1207 415 imbe-

252 440 437 479 cillitatem
455 449 590 478 naturae
610 454 682 478 suae
702 454 771 478 non
790 440 1030 491 respicienteS,
1051 437 1111 475 sed
1131 451 1207 488 quae

253 501 345 539 ultra
359 510 502 553 captum
513 515 619 539 suum
633 509 729 538 erant
744 499 990 551 imaginantes,
1005 509 1039 537 et
1052 497 1209 535 limitum

255 576 399 600 suorum
416 562 504 599 fines
518 560 665 612 egressi,
682 560 786 597 etiam
806 574 826 597 a
845 574 908 597 sua
923 559 1098 611 dignitate
1113 557 1208 596 exci-

254 623 394 661 derunt.
406 623 499 660 Nam
512 621 573 672 qui
586 620 722 659 ratione
737 620 896 672 insigniti
913 619 1123 673 hujusmodi
1137 619 1211 672 pri-

255 692 390 720 matum
411 690 620 734 acceperant
643 695 663 719 a
692 682 869 732 Creatore,
901 691 1025 734 utpote
1046 680 1212 719 omnibus

254 756 332 794 quae
360 742 428 780 sub
446 742 568 780 oculos
595 741 728 779 cadunt
748 742 918 787 creaturis
936 742 1141 793 digniores,
1173 740 1212 778 hi

256 803 292 841 in
309 812 444 841 tantam
463 802 720 841 absurditatem
749 803 894 841 deducti
913 813 1012 852 sunt,
1034 812 1074 841 ut
1092 816 1209 851 cane5‚

690 238 728 268 S.
765 238 952 268 JOANNIS
987 237 1229 267 CHRYSOST.

69 872 241 900 Gentilium
257 863 390 911 simias,
402 872 436 901 et
447 862 656 909 crocodilos,
671 863 774 901 ethis
790 864 940 902 foediora
952 863 1149 902 adorarint.
1165 862 1212 901 Et

53 921 178 941 umentia
213 925 242 941 m

55 956 226 983 animalium

56 1005 213 1034 rerumque
259 994 334 1023 tum
348 994 528 1038 stuporem
543 994 576 1023 et
589 984 779 1023 amentiam
793 985 1006 1036 inciderunt,
1018 995 1057 1023 ut
1072 994 1105 1024 et
1117 985 1213 1034 allia,

56 1037 158 1064 vilium
177 1038 242 1066 cul-

258 924 347 976 quid
365 924 446 963 dico
463 925 569 962 bruta
588 923 785 962 animalia?
802 925 914 962 Multi
933 939 1057 963 eorum
1077 925 1115 963 in
1136 933 1213 962 tan-

258 1055 291 1084 et
305 1045 362 1084 his
374 1046 502 1085 viliora
513 1046 639 1084 colant.
654 1046 844 1097 Propterea
858 1047 1032 1099 propheta
1042 1046 1120 1084 illos
1135 1046 1215 1084 sub-

56 1117 144 1145 Psal.
156 1114 206 1154 48.
258 1106 417 1144 indicans
430 1106 569 1158 ,inquit
587 1121 594 1143 :
614 1107 870 1158 Comparatus
886 1116 940 1146 est
951 1109 1141 1160 jumentis
1156 1109 1215 1145 in-

54 1167 71 1186 2
81 1167 87 1185 Ι
97 1179 104 1186 -

260 1169 486 1220 sipientibus
497 1197 508 1214 ,
527 1175 564 1205 et
581 1167 864 1220 similis-factus
878 1177 934 1206 est
953 1169 1047 1206 illis.
1067 1167 1138 1215 Qui
1157 1182 1215 1206 ra-

257 1228 374 1276 tione,
397 1228 538 1279 inquit,
565 1227 756 1279 insignitus
779 1238 853 1267 erat
872 1238 906 1267 et
923 1229 1213 1282 tantasapientia

256 1288 448 1342 praeditus,
478 1289 508 1327 is
537 1288 654 1327 brutis
684 1289 798 1327 factus
824 1299 875 1328 est
895 1290 1041 1339 similis,
1072 1291 1161 1328 forte
1180 1299 1214 1328 et

255 1350 420 1388 deterior.
442 1350 508 1388 Illa
527 1350 641 1398 enim,
669 1360 792 1403 utpote
807 1351 1084 1399 irrationabilia,
1104 1350 1213 1389 nullis

256 1411 370 1462 poenis
388 1410 544 1449 obnoxia
565 1420 689 1459 erunt3
709 1410 769 1462 qui
792 1421 911 1450 autem
930 1412 1066 1450 ratione
1083 1412 1212 1464 pollet,

257 1472 285 1509 si
303 1471 338 1509 in
358 1472 504 1510 illorum
519 1471 684 1510 inciderit
701 1472 976 1523 absurditatem,
992 1473 1118 1511 merito
1139 1487 1213 1525 poe-

256 1546 318 1570 nas
332 1533 418 1581 luet,
433 1533 594 1585 ingratus
608 1547 689 1571 cum
703 1533 748 1571 sit
760 1542 840 1586 post
853 1543 904 1572 tot
917 1534 1100 1572 beneficia.
1120 1534 1212 1572 Hinc

255 1594 407 1645 denique
424 1603 457 1632 et
474 1594 612 1647 lapides
628 1604 662 1633 et
678 1595 777 1647 ligna
801 1594 884 1633 deos
907 1596 1156 1648 appellarunt,
1179 1604 1213 1634 et

258 1655 334 1692 haec
348 1655 510 1694 visibilia
528 1656 699 1694 elementa
717 1655 800 1694 deos
828 1657 1019 1695 effecerunt
1040 1672 1048 1693 z
1067 1657 1151 1708 quia
1172 1667 1213 1696 ut

258 1716 365 1754 semel
383 1731 403 1754 a
416 1725 510 1754 recta
525 1717 584 1755 via
600 1716 820 1765 aberrarunt,
836 1716 871 1754 in
885 1730 1039 1770 praeceps
1057 1717 1211 1768 iverunt,

259 1783 290 1812 et
313 1775 347 1814 in
364 1777 509 1815 malitiae
522 1776 742 1830 profundum
759 1776 973 1816 inciderunt.

310 2014 345 2050 7.
366 2013 622 2051 Verumtamen
641 2025 704 2050 nos
725 2026 838 2063 neque
862 2012 912 2051 sic
928 2012 972 2051 de
992 2013 1105 2051 salute
1129 2013 1212 2052 illo-

258 2087 339 2110 rum
363 2073 590 2125 desperemus
604 2102 614 2121 ,
641 2072 703 2110 sed
724 2073 909 2110 afferentes
927 2073 965 2110 id
983 2073 1078 2124 quod
1107 2088 1212 2126 penes
1245 2089 1259 2118 3

258 2147 321 2171 nos
341 2142 410 2181 est,
431 2146 512 2170 cum
528 2131 623 2170 omni
642 2133 823 2170 alacritate
839 2143 872 2170 et
887 2133 1054 2185 patientia
1073 2134 1144 2172 illis
1161 2135 1211 2173 lo-

259 2209 426 2245 quamur:
443 2202 675 2231 monstrantes
693 2202 770 2231 tum
783 2193 833 2231 rei
847 2194 1119 2243 absurditatem,
1135 2205 1213 2234 tum

259 2254 381 2292 damni
405 2253 634 2305 gravitatem,
655 2262 687 2291 et
708 2268 903 2305 numquam
927 2255 972 2292 de
991 2254 1136 2293 illorum
1156 2271 1211 2294 sa—

260 2315 334 2353 lute
347 2314 630 2367 despondeamus
642 2314 815 2352 animum.
835 2315 1024 2353 Probabile
1038 2316 1132 2354 enim
1147 2327 1210 2366 est,

261 2376 345 2425 fore,
358 2384 396 2413 ut
406 2375 576 2428 temporis
589 2389 777 2427 progressu
788 2375 1081 2428 persuadeantur,
1095 2378 1209 2415 maxi-

261 2451 317 2475 me
330 2436 437 2475 sinos
458 2436 507 2474 ita
527 2436 710 2483 vivamus,
732 2444 772 2473 ut
791 2436 928 2474 nullam
947 2437 1035 2489 ipsis
1054 2438 1210 2489 praebca-

261 2512 340 2535 mus
354 2496 577 2550 repugnandi
593 2510 725 2534 ansam.
740 2497 850 2535 Multi
863 2497 957 2535 enim
972 2498 1118 2536 illorum
1132 2513 1213 2537 cum

260 2557 416 2595 viderint
431 2565 633 2594 nostrorum
654 2555 791 2606 aliquos
806 2557 917 2595 verbo
937 2557 1081 2607 quidem
1098 2568 1130 2596 et
1144 2573 1212 2596 vo-

262 2618 389 2656 cabulo
403 2616 624 2655 Christianos
637 2617 823 2669 appellari,
836 2627 1003 2656 caeterum
1013 2619 1103 2657 sicut
1118 2620 1213 2672 ipsos

263 2693 397 2731 rapere,
413 2677 570 2730 pecuniae
583 2677 732 2730 cupidos
747 2692 832 2727 esse,
847 2679 1020 2728 invidere,
1037 2680 1213 2731 insidiari,

264 2739 364 2777 dolos
378 2749 531 2788 nectere,
547 2738 690 2789 aliaque
703 2739 821 2777 omnia
834 2740 965 2790 facere,
984 2741 1137 2793 crapulae
1152 2756 1215 2780 vo-

264 2800 462 2852 luptatique
482 2814 630 2846 vacare,
654 2800 785 2838 monita
808 2809 926 2838 nostra
944 2815 1013 2839 non
1035 2801 1127 2840 ultra
1149 2803 1214 2841 ad-

266 2861 429 2908 mittunt,
451 2860 509 2899 sed
532 2861 649 2898 omnia
663 2869 780 2899 nostra
801 2861 977 2900 fallaciam
994 2863 1212 2915 existimant,

266 2931 300 2960 et
315 2921 441 2959 iisdem
460 2922 767 2959 criminationibus
790 2937 911 2961 omnes
932 2937 1006 2962 esse
1023 2925 1211 2965 obnoxios.

268 2982 390 3033 Cogita
405 2981 526 3033 igitur,
537 2982 697 3031 obsecro,
713 2984 854 3034 quantis
870 2985 923 3022 illi
935 2984 1035 3037 digni
1049 2986 1118 3024 sint
1131 3001 1215 3039 sup-

265 3042 393 3096 pliciis,
402 3042 690 3093 quandoquidem
709 3058 774 3082 non
790 3045 905 3083 solum
923 3046 991 3084 sihi
1010 3046 1095 3099 ipsis
1112 3048 1213 3086 inex-

311 3151 327 3174 d
344 3149 397 3181 Sic
415 3149 515 3181 savit.
538 3158 570 3179 vt
583 3160 697 3180 <niues
715 3162 794 3191 peno
813 3152 886 3183 Mss.
903 3152 1064 3185 InMorel.
1082 3156 1155 3199 ὑπὲρ
1173 3158 1274 3196 αὐτοῦ,

268 3201 364 3234 male.
388 3201 478 3232 Infra
495 3200 608 3231 Mon-1.
631 3207 668 3239 0),-
691 3212 750 3240 τνῐις
772 3209 884 3241 οἶκε-ἰοί,-
904 3208 1064 3247 λογισμοῐς.
1093 3207 1131 3237 ln
1149 3205 1219 3237 aliis
1238 3211 1275 3244 ὡς

266 3255 375 3294 dccst‚
394 3261 426 3284 et
446 3252 545 3295 paulo
565 3262 640 3294 post
661 3263 712 3291 τῆς
736 3258 841 3299 ρρςεως
864 3261 988 3297 ἀπιδεῖν,
1007 3259 1130 3290 omisso
1153 3263 1271 3297 olm-''25-

266 3306 358 3338 Infra
377 3306 455 3347 Reg.
472 3312 505 3335 et
520 3303 656 3338 (tois-lin.
674 3311 755 3345 ἀξίας
772 3312 884 3342 ἔπεσον.

309 3368 321 3382 n
339 3359 418 3398 ling.
434 3363 467 3388 et
482 3356 579 3388 colb.
599 3364 677 3390 κατὰ
693 3366 798 3402 μικρὸν
812 3366 987 3405 ἠνέχθησαν,
1006 3374 1077 3406 quae
1095 3362 1192 3397 lectio
1209 3377 1273 3397 uon

266 3408 363 3441 mala.
395 3408 495 3441 Paulo
522 3416 597 3450 post
621 3408 734 3441 Morcl.
763 3409 850 3443 solus
880 3417 947 3447 αλλ’
978 3420 1062 3457 ἡμεῖς
1091 3420 1154 3450 οὐδὲ
1183 3420 1275 3452 οὕτως

1269 236 1476 266 ARCHIEP.
1514 235 1859 267 CONSTANTINOP
1868 256 1877 266 ·

1277 317 1379 367 λόγον
1409 319 1503 366 ἡμᾶς
1538 316 1628 366 μετὰ
1655 318 1837 371 ἀκριὸείας
1867 318 1993 356 εἰδέναι
2019 317 2114 357 11ἰ-ἱῖὀν
2137 320 2196 357 ὑπ’
2211 322 2316 357 αὐτοῦ

1277 376 1532 426 γεγενημένων.
1548 378 1660 415 Τοῦτο
1677 378 1828 422 διανοίας
1839 379 2066 430 εὐγνώμονος,
2084 383 2185 418 τοῦτο
2198 381 2312 431 ψυχῆς

1279 436 1466 488 νηφούσης.
1496 438 1599 475 Ἐπεὶ
1628 438 1688 476 καὶ
1712 437 1885 485 (Έλληνες
1920 439 2029 484 οὕτως
2052 440 2313 486 ἐπλανήθησαν,

1283 503 1356 540 τοῖς
1373 497 1512 539 οἰκείοις
1532 498 1712 550 λογισμοῖς
1734 498 1778 536 τὰ
1793 499 1909 538 πάντα
1926 500 2173 554 ἐπιτρέψαντες
2190 501 2250 538 καὶ
2265 501 2314 551 μὴ

1282 558 1490 605 θελήσαντες
1513 557 1598 609 πρὸς
1625 559 1665 596 τὸ
1688 558 1826 603 ἀσθενὲς
1843 563 1906 606 τῆς
1935 561 2061 604 οἰκείας
2077 561 2209 613 φύσεως
2237 564 2319 600 ἀπι-

1284 620 1374 665 δεῖν,
1405 618 1496 657 ἀλλὰ
1526 619 1571 657 τὰ
1601 619 1688 670 ὑπὲρ
1723 619 1846 662 αὐτοὺς
1868 621 2142 672 φαντασθέντες,
2169 621 2228 660 καὶ
2247 623 2316 659 τῶν

1285 679 1420 718 οἰκείων
1440 679 1529 732 ὅρων
1548 680 1760 731 ὑπερέάντες
1779 680 1818 719 τὸ
1838 681 1974 734 μέτρον,
2004 681 2063 719 καὶ
2085 684 2147 728 τῆς
2165 682 2318 735 προσού-

1287 756 1350 787 σης
1385 743 1499 790 αὐτοῖς
1520 740 1618 785 ἀξίας
1635 741 1806 786 ἐξέπεσον.
1831 745 1878 781 Οἱ
1894 741 1962 796 γὰρ
1983 741 2077 796 λόγῳ
2092 742 2318 794 τετιμημένοι

1285 802 1344 839 καὶ
1373 801 1545 849 τοσαύτην
1567 802 1753 856 προεδρίαν
1771 804 1936 846 λαὸόντες
1954 803 2050 855 παρὰ
2074 807 2131 841 τοῦ
2154 805 2318 857 δημιουρ-

1285 865 1368 914 γοῦ,
1399 861 1459 900 καὶ
1482 865 1550 900 τῶν
1570 864 1774 913 κτισμάτων
1792 864 1955 902 ἁπάντων
1973 867 2042 902 τῶν
2060 864 2246 916 ὁρωμένων
2266 881 2318 902 τι-

1287 922 1471 975 μιώτεροι,
1498 917 1591 961 οὗτοι
1611 927 1660 967 εἰς
1674 924 1846 971 τοσαύτην
1872 925 2014 975 ἀλογίαν
2034 926 2318 977 κατηνέχθησαν,

1286 986 1333 1028 ὡς
1362 983 1485 1030 κύνας,
1508 984 1567 1021 καὶ
1594 985 1778 1032 πιθήκους,
1807 985 1866 1023 καὶ
1901 985 2155 1037 κροκοδείλους,
2185 985 2245 1023 καὶ
2272 985 2318 1023 τὰ

1288 1044 1477 1096 ἀτιμότερα
1497 1044 1624 1083 τούτων
1638 1051 1855 1098 προσκυνεῖν.
1879 1045 1950 1083 Καὶ
1970 1045 2004 1082 τί
2022 1045 2114 1097 λέγω
2139 1047 2213 1089 ζῶα
2237 1046 2317 1084 ἄλο-

1287 1121 1352 1156 γα,
1370 1103 1500 1143 Πολλοὶ
1516 1104 1644 1143 τούτων
1665 1107 1712 1148 εἰς
1731 1105 1902 1151 τοσαύτην
1924 1106 2042 1143 ἄνοιαν
2062 1105 2122 1143 καὶ
2142 1108 2316 1153 ἀναισθη-

1288 1163 1363 1203 σίαν
1387 1163 1564 1211 ἐξέπεσον,
1584 1166 1629 1206 ὣς
1651 1163 1708 1201 καὶ
1725 1163 1890 1215 κρόμμυα
1904 1192 1913 1209 ,
1929 1164 1989 1202 καὶ
2008 1164 2052 1202 τὰ
2068 1164 2196 1203 τούτων
2219 1166 2317 1204 εὐτε-

1285 1225 1431 1278 λέστερα
1452 1224 1578 1262 σέέειν.
1600 1223 1669 1262 Διὰ
1693 1228 1795 1263 τοῦτο
1814 1228 1831 1263 ὁ
1847 1225 2026 1278 προφήτης
2043 1225 2182 1269 τούτους
2201 1228 2316 1265 αἰνιτ-

1284 1285 1428 1336 τόμενος
1460 1285 1576 1335 ἔλεγε·
1610 1285 1914 1337 Παρασυνεὸλήθη
1956 1292 2029 1331 τοῖς
2067 1286 2210 1333 κτήνεσι
2244 1294 2315 1331 τοῖς

1286 1346 1457 1394 ἀνοήτοις,
1479 1346 1538 1384 καὶ
1565 1345 1732 1397 ὡμοιώθη
1764 1349 1890 1391 αὐτοῖς.
1909 1346 1953 1386 ‘O
1972 1347 2064 1400 λόγῳ
2078 1378 2087 1396 ,
2101 1348 2202 1400 φησὶ,
2223 1364 2317 1386 τετι-

1287 1408 1439 1457 μημένος
1451 1438 1460 1453 ,
1480 1407 1540 1444 καὶ
1559 1406 1731 1453 τοσαύτης
1749 1407 1869 1460 σοφίας
1898 1407 2072 1456 ἀξιωθεὶς,
2092 1411 2160 1446 τῶν
2178 1408 2313 1461 ἀλόγων

1285 1468 1421 1520 γέγονεν
1443 1467 1579 1518 ὅμοιος,
1594 1468 1689 1519 τάχα
1710 1468 1746 1506 δὲ·
1764 1469 1823 1506 καὶ
1842 1469 1982 1522 χείρων.
1999 1469 2142 1507 Ἐκεῖνα
2163 1469 2225 1521 μὲν
2247 1470 2315 1524 γὰρ

1285 1529 1346 1566 ἅτε
1360 1529 1470 1580 ἄλογα
1489 1528 1572 1567 ὄντα
1598 1529 1674 1568 οὐδὲ
1694 1528 1830 1572 εὐθύνας
1850 1529 1980 1582 ὑφέξει·
2003 1533 2020 1568 ὁ
2040 1531 2076 1568 δὲ
2101 1531 2193 1583 λόγῳ
2218 1547 2316 1569 τετι-

1286 1590 1439 1640 μημένος
1456 1592 1502 1633 εἰς
1524 1589 1587 1637 τὴν
1607 1589 1746 1627 ἐκείνων
1766 1591 1909 1641 ἀλογίαν
1933 1591 2154 1642 μεταπεσὼν,
2173 1592 2316 1636 εἰκότως

1287 1650 1440 1702 μεγάλας
1457 1651 1560 1689 δώσει
1576 1651 1638 1694 τὰς
1663 1652 1817 1696 εὐθύνας,
1841 1653 2012 1703 ἀγνώμων
2031 1653 2213 1704 γενόμενος
2235 1654 2316 1706 περὶ

1283 1711 1346 1758 τὴν
1373 1711 1544 1759 τοσαύτην
1579 1713 1789 1765 εὐεργεσίαν.
1813 1713 1994 1751 Ἐντεῦθεν
2025 1715 2083 1752 καὶ
2109 1715 2221 1758 λίθους
2255 1715 2316 1754 καὶ

1285 1771 1369 1816 ξύλα
1397 1773 1517 1811 λοιπὸν
1562 1772 1656 1816 θεοὺς
1695 1774 1998 1826 προσηγόρευσαν,
2027 1775 2086 1812 καὶ
2127 1780 2237 1815 ταῦτα
2269 1776 2316 1815 τὰ

1284 1832 1444 1884 ὁρώμενα
1460 1839 1616 1886 στοιχεῖα
1631 1833 1855 1881 ἐθεοποίησαν
1868 1851 1876 1858 ·
1893 1835 1986 1878 ἅπαξ
2004 1835 2070 1887 γὰρ
2084 1836 2314 1888 ἐκτραπέντες

1284 1896 1347 1940 τῆς
1367 1894 1500 1938 εὐθείας
1525 1896 1616 1943 ὁδοῦ,
1635 1895 1751 1933 εικατὰ
1781 1899 1945 1947 κρημνῶν
1976 1896 2154 1948 ἤχθησαν,
2185 1897 2244 1935 καὶ
2265 1900 2312 1942 εἷς

1286 1955 1394 2001 αὐτὴν
1414 1955 1478 2002 τὴν
1500 1955 1649 1994 ἄὸυσσον
1667 1959 1729 2003 τῆς
1750 1956 1874 1999 κακίας
1890 1956 2086 2001 ἐξώκειλαν.

1337 2016 1429 2055 Ἀλλ’
1450 2021 1553 2068 ἡμεῖς
1574 2017 1661 2068 μηδὲ
1683 2017 1790 2061 οὕτως
1822 2020 2027 2069 ἀπογνῶμεν
2048 2021 2110 2065 τῆς
2138 2019 2314 2072 σωτηρίας

1285 2079 1410 2125 αὐτῶν,
1428 2075 1544 2116 ιὀἰλλόι
1569 2077 1612 2115 τὰ
1639 2080 1723 2132 παρ’
1743 2082 1874 2118 ἑαυτῶν
1897 2080 2122 2132 εἷσφέρωμεν,
2143 2081 2201 2118 καὶ
2223 2082 2314 2132 μετὰ

1283 2138 1399 2184 πάσης
1411 2137 1603 2189 προθυμίας
1614 2139 1672 2176 καὶ
1687 2141 1924 2193 μακροθυμίας
1935 2143 2048 2184 αὐτοῖς
2060 2141 2312 2192 διαλεγώμεθα,

1285 2198 1475 2241 δεικνύντες
1494 2198 1553 2236 καὶ
1578 2202 1637 2238 τοῦ
1662 2200 1869 2252 πράγματος
1894 2201 1956 2248 τὴν
1986 2201 2153 2249 ἀτοπίαν,
2173 2203 2240 2244 καὶ
2254 2206 2314 2249 τῆς

1287 2259 1420 2310 βλάέης
1438 2260 1478 2297 τὸ
1496 2260 1653 2311 μέγεθος,
1674 2261 1733 2298 καὶ
1755 2261 1930 2311 μηδέποτε
1951 2259 2228 2314 ἀπαγορεύιι)μεν
2246 2264 2314 2299 αὐ-

1284 2321 1352 2357 τῶν
1372 2320 1434 2366 τὴν
1459 2320 1646 2372 σωτηρίαν.
1674 2322 1780 2364 Εἰκὸς
1808 2322 1877 2374 γὰρ
1908 2322 2030 2366 αὐτοὺς
2063 2323 2314 2369 πεισθήσεσθαι

1283 2385 1342 2419 τοῦ
1374 2381 1497 2432 χρόνου
1524 2381 1725 2433 προϊόντος,
1755 2383 1815 2421 καὶ
1837 2383 1994 2434 μάλιστα
2028 2383 2067 2421 ἂν
2098 2388 2201 2434 ἡμεῖς
2223 2384 2315 2422 οὕτω

1283 2440 1564 2491 πολιτευώμεθα,
1581 2444 1627 2486 ὡς
1643 2443 1817 2494 μηδεμίαν
1839 2447 1952 2487 αὐτοῖς
1973 2443 2164 2497 επαρέχειν
2185 2443 2314 2491 λαὸήν.

1284 2502 1415 2540 Πολλοὶ
1450 2503 1516 2555 γὰρ
1547 2503 1698 2552 τούτων,
1724 2505 1863 2544 ἐπειδὰν
1886 2505 1985 2544 ἴδωσί
2006 2522 2102 2549 τινας
2133 2508 2202 2543 τῶν
2237 2507 2313 2556 μεθ’

1284 2566 1384 2614 ’ἡμῶν
1400 2564 1635 2615 τεταγμένων,
1662 2568 1712 2618 τῷ
1743 2567 1874 2620 ῥήματι
1895 2567 1956 2617 μὲν
1985 2566 2044 2604 καὶ
2073 2570 2115 2617 τῇ
2143 2581 2316 2618 προσηγο-

1287 2624 1343 2678 ρία
1364 2625 1592 2676 Χριστιανοὺς
1628 2628 1921 2678 ὀνομαζομένους,
1953 2627 2082 2678 ὁμοίως
2111 2627 2146 2666 δὲ
2172 2626 2314 2669 ἐκείνοις

1286 2686 1502 2737 ἁρπάζοντας
1517 2718 1526 2734 ,
1545 2689 1855 2733 πλεονεκτοῦντας,
1875 2688 2145 2739 βασκαίνοντας,
2174 2687 2315 2725 ἐπιδου-

1285 2746 1463 2794 λεύοντας,
1482 2747 1598 2791 δόλους
1620 2749 1831 2800 ῥάπτοντας,
1865 2750 1907 2786 τὰ
1941 2749 2031 2787 ἄλλα
2052 2749 2189 2786 ἅπαντα
2211 2749 2315 2799 ἔργα·

1287 2806 1463 2857 ζομένους,
1490 2812 1600 2860 τρυφῇ
1625 2809 1682 2846 καὶ
1713 2809 1888 2862 ἀδηφαγία
1923 2809 2178 2861 προσέχοντας,
2200 2807 2317 2846 οὐκέτι

1287 2868 1363 2922 οὐῗζε
1381 2867 1395 2887 d
1411 2868 1472 2914 τὴν
1492 2869 1559 2907 ἀπὸ
1574 2873 1642 2907 τῶν
1662 2870 1771 2921 λόγων
1787 2871 1966 2908 νουθεσίαν
1981 2870 2201 2923 προσίενται,
2215 2869 2313 2920 νομί-

1288 2931 1399 2972 ζοντες
1433 2929 1570 2976 ἀπάτην
1608 2925 1695 2968 εἶναι
1726 2931 1769 2969 τὰ
1792 2931 1946 2983 ἡμέτερα
1960 2961 1969 2977 ,
2004 2932 2063 2968 καὶ
2095 2938 2164 2974 τοῖς
2202 2933 2317 2973 αὐτοῖς

1289 2990 1442 3034 ἅπαντας
1458 2991 1664 3035 ὑπευθύνους
1698 2986 1796 3030 εἶναι.
1822 2992 1954 3030 Ἰἐννόει
1983 3008 2041 3042 μοι
2061 2992 2176 3029 τοίνυν
2198 2991 2316 3029 πόσων

1290 3051 1329 3088 ἂν
1355 3053 1386 3089 οἱ
1413 3056 1558 3089 τοιοῦτοι
1579 3052 1730 3102 γένοιντο
1746 3053 1921 3090 κολάσεων
1951 3053 2058 3098 ἄξιοι,
2082 3051 2163 3090 ὅταν
2182 3052 2229 3102 μὴ
2249 3051 2314 3101 μό-

1310 3163 1485 3199 ἀπογψῖιμεν
1507 3164 1560 3195 τὴν
1585 3164 1733 3203 σωτηρίαν
1760 3163 1854 3191 αὐτῶν

1353 3210 1369 3233 b
1385 3209 1520 3240 coislin·
1541 3216 1579 3244 τὰ
1595 3215 1660 3243 καθ’
1680 3214 1801 3243 ἑαυτῶν.

1353 3271 1366 3284 ⁰
1383 3260 1485 3292 Suvil.
1504 3269 1537 3292 et
1558 3269 1700 3304 quatuor
1717 3263 1792 3296 Mss.
1814 3266 1954 3307 παρέχειν
1970 3265 2099 3305 ,ιῖλάὸην.
2119 3259 2179 3291 Alii
2197 3267 2229 3292 ct
2245 3260 2317 3291 Mo-

1310 3311 1367 3343 H‘l.
1388 3316 1528 3357 παρ-ἔχετ’)
1546 3317 1648 3350 λαςήν.

1353 3364 1366 3382 ¹¹
1383 3365 1506 3395 Omnes
1524 3363 1588 3396 fere
1603 3365 1678 3396 Mss.
1695 3373 1723 3395 et
1744 3364 1800 3397 Sui
1813 3364 1843 3395 il.
1865 3371 1916 3403 τὴν
1935 3370 1991 3398 iz}
2010 3373 2066 3398 τῶν
2085 3368 2185 3405 λόγων.
2198 3360 2312 3394 ΜυΓοΙ.

1312 3422 1467 3459 >mulum-a.
