2516 3791
747 206 787 237 ΙΝ
826 208 928 238 CU'.
970 207 1032 237 xl.

156 288 266 328 Πόθεν
281 289 377 341 ᾔδει,
397 289 450 327 ὅτι
465 290 513 333 εἷς
531 288 593 336 τὴν
611 290 819 329 Χαναναίων
837 293 901 339 γῆν
911 290 1007 336 λήξει
1025 290 1118 341 αὐτῷ
1135 289 1179 328 τὰ

152 354 215 397 τῆς
231 350 452 400 ἀποδημίας,
472 350 587 388 καίτοι
611 354 670 388 τοῦ
691 351 929 402 ἐπιτάγματος
949 351 1056 395 οὕτως
1075 351 1178 402 ἔχον-

155 427 210 455 τος
223 441 233 457 ,
251 411 303 449 ὅτι
323 415 434 463 Δεῦρο
451 413 499 455 εἷς
517 411 582 457 τὴν
600 414 678 462 γῆν,
698 412 740 458 ἣν
763 412 803 450 ἄν
821 429 875 451 σοι
898 412 997 457 δείξω
1012 428 1021 458 ;
1039 411 1143 455 Ἴσως
1162 415 1180 450 6

153 472 242 515 Θεὸς
274 473 368 525 αὐτῷ
389 472 448 510 καὶ
468 476 570 510 τοῦτο
599 473 782 523 ἐμήνυσεν,
807 473 990 517 ὑποδείξας
1011 475 1114 511 αὐτοῦ
1135 476 1178 523 τῇ

155 533 285 584 διανοίᾳ
307 533 368 579 τὴν
389 536 466 584 γῆν,
490 536 538 576 εἰς
555 534 596 580 ἢν
616 533 780 572 ἐδούλετο
811 534 915 572 αὐτὸν
944 535 1178 578 καταστῆσαι.

152 593 221 631 Διὰ
240 593 308 645 γὰρ
338 598 462 641 τοῦτο,
479 593 583 640 ἡνίκα
619 595 714 646 αὐτῷ
743 594 942 641 ἐπέταττεν,
975 593 1180 644 ἀδιορίστως

152 655 270 706 ἔλεγε,
288 658 398 707 Δεῦρο
419 658 465 699 εἰς
494 659 559 707 γῆν
578 656 619 702 ἣν
641 657 682 694 ἄν
705 671 759 694 σοι
778 655 898 703 δείξω,
926 655 983 692 ἵνα
1008 658 1092 705 ἡμῖν
1122 657 1178 692 ἐκ·

153 717 290 768 καλύψῃ
307 721 367 756 τοῦ
385 716 519 755 δικαίου
535 716 598 763 τὴν
619 716 759 769 ἀρετήν.
782 710 869 754 Εἶτα
889 714 1010 760 ἐπειδὴ
1031 714 1075 752 τὰ
1095 716 1178 766 παρ’

154 781 278 817 ἑαυτοῦ
299 777 387 828 μετὰ
408 779 540 823 πολλῆς
558 781 620 823 τῆς
636 776 816 828 δαψιλείας
835 776 1014 826 εἰσήνεγκε
1027 776 1179 826 ,ταχέως

154 839 214 876 καὶ
233 839 332 881 αὐτὸς
361 837 424 884 τὴν
444 841 571 890 γνῶσιν
606 840 698 889 αὐτῷ
718 837 859 884 ἐνέθηκε
883 839 946 882 τῆς
965 840 1049 887 γῆς,
1069 837 1117 879 εἷς
1135 838 1177 882 ἢν

153 898 315 937 ἐὸούλετο
341 898 442 936 αὐτὸν
462 898 524 944 τὴν
546 897 680 944 οἴκησιν
699 897 926 943 ποιήσασθαι.
944 895 1090 942 Ἐπειδὴ
1111 895 1178 947 γὰρ

151 959 312 1013 προεώρα
327 963 387 1005 τῆς
407 960 531 1010 ἀρετῆς
545 961 604 996 τοῦ
622 957 754 995 δικαίου
770 957 809 995 τὸ
829 957 989 1009 μέγεθος,
1007 957 1064 995 διὰ
1079 961 1180 996 τοῦτο

152 1019 212 1057 καὶ
231 1018 362 1058 οἴκοθεν
380 1019 484 1057 αὐτὸν
499 1019 668 1064 ἀνέστησε
681 1047 690 1063 ,
712 1017 771 1055 καὶ
787 1017 865 1056 οὔτε
880 1018 937 1056 τὸν
955 1018 1102 1069 ἀδελφὸν
1119 1018 1180 1056 λα-

151 1081 224 1119 ὅεῖν
245 1079 420 1126 ἐπέταξεν,
442 1079 562 1126 ἐπειδὴ
580 1079 741 1118 ἓὸούλετο
757 1084 875 1118 τοῦτον
894 1079 1104 1117 διδάσκαλον
1121 1082 1179 1116 νῦν

153 1140 216 1192 μὲν
228 1147 298 1184 τοῖς
317 1140 407 1179 κατὰ
427 1140 490 1187 τὴν
509 1140 748 1187 Παλαιστίνην
764 1140 874 1179 ἅπασι
892 1140 1051 1191 γενέσθαι
1063 1170 1072 1188 ,
1091 1140 1180 1190 μετὰ

153 1202 267 1255 βραχὺ
289 1203 323 1242 δὲ
342 1203 400 1241 καὶ
415 1209 484 1246 τοῖς
502 1202 592 1241 κατὰ
612 1202 674 1250 τὴν
695 1202 886 1254 Αἴγυπτον.
911 1195 1011 1245 Εἶδες
1026 1205 1101 1245 πῶς
1117 1204 1178 1240 οὐκ

152 1265 188 1302 ἐν
198 1267 240 1316 τῇ
252 1264 368 1316 φύσει,
384 1266 460 1303 ἀλλ’
473 1267 506 1303 ἐν
517 1267 559 1314 τῇ
576 1263 780 1318 προαιρέσει
790 1265 851 1308 τ’ῆς
865 1262 1009 1314 γνώμης
1020 1265 1082 1308 τῆς
1094 1262 1179 1312 ἦμέ-

151 1323 252 1377 τέρας
268 1330 382 1362 κεῖται
403 1325 462 1363 καὶ
480 1323 523 1363 τὰ
551 1327 614 1370 τῆς
633 1327 779 1375 ἀρετῆς,
805 1323 864 1360 καὶ
885 1322 929 1360 τὰ
948 1326 1009 1369 τῆς
1028 1322 1174 1373 κακίας,

150 1385 239 1424 Ἰδοὺ
254 1386 320 1438 γὰρ
340 1387 430 1424 κατὰ
451 1385 513 1437 μὲν
530 1385 594 1432 τὴν
610 1386 712 1436 φύσιν
732 1384 875 1437 ἀδελφοὶ
895 1384 1084 1436 ἐτύγχανον
1100 1384 1121 1422 δ’
1137 1401 1174 1423 τε

149 1447 392 1500 πατριάρχης,
413 1447 472 1485 καὶ
494 1450 512 1484 6
536 1445 693 1498 Ναχὼρ,
715 1445 807 1484 κατὰ
827 1445 863 1484 δὲ
885 1445 948 1492 τὴν
969 1445 1172 1498 προαίρεσιν

148 1509 210 1546 οὐκ
238 1509 308 1547 ἔτι·
336 1510 413 1546 ἀλλ’
445 1511 573 1551 ἐκεῖνος
596 1508 658 1558 μὲν
693 1507 888 1545 καίτοιτοῦ
920 1508 1069 1559 ἀδελφοῦ
1088 1508 1174 1560 πρὸς

147 1569 318 1616 τοσαύτην
334 1569 459 1623 ἀρετὴν
480 1569 690 1622 φθάσαντος,
712 1568 764 1606 ἔτι
779 1571 823 1620 τῇ
844 1568 960 1621 πλάνῃ
981 1569 1172 1621 προκατεί-

147 1632 260 1678 ληπτο
275 1646 283 1654 ·
315 1625 412 1674 οὗτος
443 1631 479 1669 δὲ
513 1632 590 1669 καθ’
612 1630 763 1677 ἑκάστην
795 1631 931 1682 ἡμέραν
964 1630 1096 1668 ἐδείκνυ
1128 1632 1171 1668 δι’

147 1694 259 1731 αὐτῶν
279 1696 347 1731 τῶν
376 1692 595 1744 πραγμάτων
623 1692 734 1731 ἅπασι
753 1694 815 1738 τῆς
843 1691 935 1730 κατὰ
954 1692 1044 1731 Θεὸν
1068 1695 1172 1732 αὐτοῦ

148 1756 272 1805 ἀρετ-’ῆς
291 1755 353 1800 τὴν
375 1754 540 1792 ἐπίδοσιν.
563 1753 632 1791 Καὶ
659 1748 742 1800 ἦλθε
757 1783 766 1798 ,
787 1754 907 1805 φησὶν,
932 1755 979 1796 εἰς
998 1757 1062 1805 γῆν
1093 1755 1171 1792 Χα-

147 1814 245 1863 ναὰν,
274 1815 333 1853 καὶ
364 1814 545 1852 διώδευσεν
573 1814 713 1866 Ἀὅραμ
744 1813 808 1860 τὴν
827 1816 894 1866 γῆν
913 1817 962 1857 εἰς
993 1815 1032 1853 τὸ
1060 1818 1172 1865 μῆκος

148 1877 273 1923 αὐτῆς,
294 1875 359 1919 ἕως
374 1879 434 1912 τοῦ
459 1874 566 1913 τόπου
589 1878 649 1912 τοῦ
678 1874 822 1927 Συχὲμ,
839 1875 895 1913 ἐπὶ
917 1874 980 1922 τὴν
1000 1876 1080 1928 δρῦν
1107 1876 1170 1922 τὴν

146 1937 296 1988 ὑψηλήν.
312 1936 617 1987 Διδάσκειῆμᾶςὴ
636 1936 759 1987 Γραφὴ
773 1935 813 1973 τὸ
827 1935 931 1987 μέρος
948 1935 1146 1999 τῆςμχώρας
1161 1967 1171 1984 ,

144 1999 191 2040 εἰς
211 1997 228 2035 ὃ
244 2001 300 2035 νῦν
319 1997 382 2044 τὴν
399 1996 604 2043 κατοίκησιν
617 2002 770 2036 ποιεῖται
789 1999 806 2034 6
821 1997 963 2039 δίκαιος.
986 1998 1075 2035 Εἶτα
1088 2028 1097 2045 ,
1114 1997 1170 2036 ἵνα

145 2060 311 2109 μάθωμεν
330 2058 425 2101 ὅπως
449 2058 598 2098 διέκειτο
624 2058 674 2096 ἔτι
702 2057 747 2096 τὰ
765 2058 901 2104 αὐτόθι,
932 2058 1049 2110 φησὶν,
1069 2061 1116 2097 Οἱ
1133 2058 1169 2098 δὲ

143 2122 335 2160 Χαναναῖοι
354 2120 431 2158 τότε
459 2118 639 2171 κατῴκουν
661 2118 724 2165 τὴν
746 2122 822 2171 γῆν.
845 2121 926 2171 Οὐχ
945 2121 1065 2162 ἁπλῶς
1092 2125 1169 2159 τοῦ·

140 2198 181 2221 το
195 2182 442 2233 ἐπεσημήνατο
461 2181 568 2219 πάλιν
588 2184 605 2219 ὁ
626 2181 797 2232 μακάριος
818 2182 991 2229 Μωϋσῆς,
1012 2183 1088 2219 ἀλλ’
1111 2181 1166 2220 ἵνα

142 2245 310 2296 μάθωμεν
333 2243 393 2281 καὶ
427 2245 579 2281 ἐντεῦθεν
610 2241 673 2289 τὴν
707 2241 894 2294 φιλόσοφον
929 2241 1074 2294 γνώμην
1106 2247 1166 2281 τοῦ

140 2304 358 2358 πατριάρχου
375 2334 383 2350 ,
405 2303 457 2342 ὅτι
490 2306 559 2341 τῶν
592 2302 709 2341 τόπων
729 2302 780 2340 ἔτι
804 2303 1164 2356 προκατειλημμένων

139 2366 206 2405 ὑπὸ
223 2368 292 2403 τῶν
308 2363 528 2412 Χαναναίων,
542 2363 759 2414 ἠναγκάζετο
777 2363 936 2415 καθάπερ
955 2364 1087 2411 ἀλήτης
1105 2364 1165 2402 καὶ

140 2434 231 2478 ξένος
245 2463 255 2480 ,
277 2433 337 2471 καὶ
357 2435 404 2476 ὡς
422 2426 469 2475 εἷς
493 2434 561 2469 τῶν
577 2431 724 2469 εὐτελῶν
739 2431 798 2469 καὶ
820 2431 1102 2485 ἀπερριμμένων,
1117 2436 1164 2477 ὡς

138 2502 239 2554 ἔτυχε
255 2500 454 2547 καταλύειν,
474 2497 549 2537 οὐδὲ
566 2498 786 2550 καταγωγίου
811 2498 894 2542 ἴσως
909 2501 1075 2551 εὐπορῶν.
1093 2500 1162 2539 Καὶ

136 2571 233 2622 ὅμως
251 2567 326 2608 οὐδὲ
360 2567 468 2609 οὕτως
502 2566 744 2618 ἐδυσχέρανεν,
762 2566 839 2605 οὐδὲ
868 2560 943 2604 εἷπε
958 2581 966 2589 ’
986 2567 1021 2605 τί
1039 2571 1162 2616 τοῦτο,

137 2643 154 2677 ὁ
183 2636 273 2688 μετὰ
292 2634 464 2680 τοσαύτης
491 2637 596 2685 τιμῆς
615 2633 675 2672 καὶ
701 2633 886 2686 θεραπείας
913 2633 1042 2686 διάγων
1062 2636 1097 2673 ἐν
1116 2639 1160 2688 τῇ

136 2703 294 2757 Χαρρὰν,
312 2707 368 2740 νῦν
386 2701 650 2752 ἀναγκάζομαι,
668 2703 715 2744 ὡς
730 2701 855 2744 ἄπολις
867 2731 876 2748 ,
892 2701 951 2739 καὶ
973 2701 1082 2749 ξένος,
1100 2703 1159 2741 καὶ

137 2771 283 2818 ἔπηλυς,
299 2772 332 2808 ἐν
350 2769 494 2821 χάριτος
515 2767 613 2820 μέρει
631 2766 825 2820 περιιέναι,
856 2767 915 2806 καὶ
936 2769 1158 2822 καταγωγίου

135 2839 290 2881 εὐτελοῦς
309 2838 482 2883 ἐπιζητεῖν
503 2835 712 2881 ἀνάπαυσιν,
737 2835 795 2873 καὶ
817 2835 893 2874 οὐδὲ
913 2835 1022 2881 οὕτως
1043 2840 1160 2876 ἐπιτυ-

135 2911 210 2957 χεῖν
224 2903 376 2955 δύναμαι
392 2905 496 2940 αὐτοῦ
507 2933 516 2949 ,
537 2903 614 2940 ἀλλ’
634 2903 666 2940 ἐν
683 2908 829 2949 σκηναῖς
839 2903 900 2941 καὶ
915 2904 1090 2950 καλύὲαις
1113 2923 1158 2955 με

134 2973 264 3024 διάγειν
284 2970 419 3021 ἀνάγκη
432 2999 442 3017 ,
456 2970 516 3006 καὶ
534 2968 597 3012 τὰς
612 2969 718 3014 ἄλλας
746 2970 886 3015 ἁπάσας
903 2971 1018 3025 φέρειν
1032 2975 1157 3012 ταλαι·

133 3039 279 3090 πωρίας.
296 3037 410 3075 Τοῦτό
426 3037 520 3074 ἐστιν
533 3034 611 3075 ὅλον
624 3036 642 3074 ὃ
656 3035 754 3088 ἔλεγε
770 3065 780 3083 ,
796 3039 924 3088 Δεῦρο,
943 3039 1004 3076 καὶ
1019 3040 1156 3087 ποιήσω

134 3121 173 3144 σε
201 3108 249 3150 εἷς
275 3105 367 3147 ἔθνος
388 3103 502 3155 μέγας
522 3103 621 3146 Τέως
655 3120 715 3155 μοι
739 3105 831 3143 καλὰ
851 3104 895 3142 τὰ
915 3105 1102 3158 προοίμια·
1121 3111 1155 3148 τί

132 3172 284 3226 χρηστόν
310 3174 384 3210 ἐστι
405 3172 645 3224 προσδοκῆσαι
663 3170 808 3218 λοιπόν,
828 3172 919 3209 Ἀλλ’
951 3174 1027 3211 οὐδὲ
1047 3173 1155 3215 οὕτως

132 3239 298 3292 ἠνέσχετό
313 3256 346 3277 τι
364 3242 517 3278 τοιοῦτον
532 3242 640 3277 εἰπεῖν
659 3242 677 3276 6
696 3238 849 3287 δίκαιος,
863 3239 938 3278 οὐδὲ
959 3241 1154 3279 ἐνδοιάσαι·

133 3307 210 3345 ἀλλ’
227 3305 409 3359 ὁλοκλήρῳ
429 3308 473 3357 τῇ
493 3305 629 3357 διανοίᾳ
641 3337 650 3353 ,
665 3306 724 3344 καὶ
738 3306 855 3359 τελείᾳ
870 3310 914 3358 τῇ
934 3307 1052 3346 πίστει
1071 3311 1156 3361 θαῤ-

135 3372 242 3424 ῥήσας
264 3378 338 3416 ταῖς
369 3376 428 3412 τοῦ
459 3376 550 3411 (θεοῦ
569 3373 815 3424 ὑποσχέσεσιν,
847 3375 973 3421 ἀκλινῆ
988 3375 1155 3421 διηνεκῶς

1071 205 1229 236 GENES.

2111 200 2201 246 505

1249 290 1394 336 sciebat,
1409 290 1444 328 in
1461 299 1552 328 terra
1572 291 1855 331 Chananaeorum
1869 295 2028 333 futurum
2047 312 2121 335 esse
2134 313 2207 335 sim·

1249 351 1544 403 peregrinationis
1571 353 1783 402 terminum;
1801 356 1968 405 quamvis
1987 368 2206 410 praeceptum

1250 412 1297 449 ita
1323 427 1360 450 se
1387 412 1557 451 liaberet:
1584 416 1681 452 Veni
1707 418 1749 452 in
1775 425 1918 454 terram
1949 432 2068 470 quam
2099 433 2208 456 mon-

1248 480 1422 513 stravero
1454 476 1524 511 tibi
1538 479 1555 511 Ρ
1576 475 1741 514 Fortasse
1761 478 1858 515 Deus
1877 478 1907 515 ei
1931 487 1963 516 et
1984 479 2051 517 hoc
2068 480 2208 531 signiti-

1248 532 1354 580 cavit,
1377 533 1538 573 indicans
1559 537 1667 574 menti
1684 538 1761 590 ejus
1777 547 1919 588 terram,
1942 539 1976 577 in
1995 554 2063 590 quii
2087 541 2205 593 ipsum

1270 206 1426 237 noMtL.
1468 208 1593 238 xxxi.

1203 481 1226 511 Ε

1248 595 1460 633 constituere
1480 597 1632 636 volebat.
1657 601 1843 651 Propterea
1863 601 1956 639 enim
1977 616 2059 639 cum
2079 603 2203 655 praeci·

1246 663 1344 704 peret
1375 655 1420 700 ei,
1454 656 1638 695 indefinite
1669 659 1810 699 dicebat
1831 678 1837 697 :
1858 664 1955 699 l'eni
1978 665 2018 700 in
2041 672 2199 708 terram,

1247 726 1366 763 quam
1385 723 1652 753 monstravero
1664 720 1749 767 tibi,
1765 728 1801 756 ut
1817 720 2014 771 nubisjusti
2032 721 2203 759 virtutem

1245 771 1435 822 detegeret.
1453 775 1592 812 Deinde
1617 786 1805 827 postquam
1825 779 1884 816 ille
1900 781 1997 829 quod
2013 796 2118 819 suum
2134 792 2209 820 erat

1245 832 1389 870 abunde
1405 834 1539 883 attulit,
1564 850 1648 874 mox
1666 838 1763 875 Deus
1782 839 1812 875 ei
1829 840 2064 890 significavit,
2088 843 2205 894 inqua

1246 901 1337 930 terra
1354 894 1461 932 vellet
1481 910 1561 933 eum
1581 896 1807 936 domicilium
1829 899 1969 938 habere.
1993 902 2086 947 Quia
2109 905 2207 941 enim

1246 954 1397 993 eximias
1423 956 1511 1007 justi
1541 957 1690 996 virtutes
1712 959 1948 1011 praevidebat,
1967 961 2102 1000 idcirco
2123 978 2204 1001 eum

1247 1030 1291 1053 ex
1306 1030 1346 1054 eo
1363 1017 1439 1055 loco
1460 1019 1635 1067 evocavit,
1657 1029 1690 1058 et
1704 1035 1814 1072 neque
1835 1023 1978 1060 fratrem
2007 1033 2043 1060 ut
2063 1025 2207 1077 accipe—

1193 1087 1301 1133 3¹4ret
1315 1078 1423 1129 jussit
1439 1095 1446 1115 :
1460 1080 1631 1130 quoniam
1646 1081 1787 1120 volebat
1808 1082 1902 1120 hunc
1923 1083 2103 1122 docte-reni
2120 1087 2209 1133 lieri,

1205 1145 1229 1173 Α
1250 1151 1341 1176 nunc
1354 1139 1500 1189 quidem
1514 1142 1680 1180 omnibus
1703 1143 1930 1181 Palaestinani
1955 1145 2204 1193 incolentibus,

1246 1200 1354 1251 paulo
1371 1211 1448 1252 post
1467 1211 1586 1240 autem
1603 1203 1708 1242 etiam
1727 1205 1921 1257 AEgyptiis.
1941 1206 2095 1245 Vidistis
2116 1222 2202 1258 quo-
2219 1215 2252 1242 N«

1246 1259 1352 1298 modo
1372 1275 1440 1300 non
1466 1262 1501 1300 in
1526 1272 1674 1314 natura,
1694 1265 1754 1303 sed
1776 1266 1811 1303 in
1834 1266 2015 1304 voluntate
2031 1277 2063 1305 et
2083 1269 2202 1306 animo
2218 1263 2246 1284 ¹¹¹

2257 1227 2282 1243 ‘n
2308 1220 2335 1243 in
2357 1229 2408 1245 na-

2253 1270 2293 1290 ia,
2308 1259 2357 1285 =cil
2377 1262 2406 1287 in

2256 1300 2406 1327 ioluntnte·

1246 1330 1364 1360 nostro
1380 1323 1447 1360 sita
1465 1333 1547 1361 sunt
1560 1334 1631 1362 tam
1645 1340 1723 1377 quae
1738 1326 1784 1364 ad
1801 1327 1985 1378 virtutem,
2005 1343 2110 1379 quam
2122 1346 2200 1381 qua·
2215 1340 2304 1368 sii-uus
2317 1349 2343 1369 ot
2365 1346 2402 1370 xi<

1241 1381 1289 1419 ad
1310 1382 1399 1420 vitia
1419 1385 1621 1436 pertinent?
1644 1387 1735 1426 Ecce
1761 1397 1886 1426 natura
1907 1389 2052 1439 quidem
2076 1388 2403 1430 fratres¹'³³¹¹'¹¹⁵¹¹³·

1242 1453 1351 1493 erant,
1372 1444 1448 1496 ipse
1466 1447 1672 1498 patriarcha
1694 1457 1728 1486 et
1756 1450 1912 1498 Melior,
1934 1450 2119 1489 voluntate
2138 1468 2198 1490 au-

1240 1513 1312 1543 tem
1339 1520 1407 1544 non
1439 1507 1616 1546 item:secl
1639 1509 1716 1559 ille,
1738 1510 1821 1548 licet
1853 1512 1961 1549 frater
1987 1511 2033 1549 ad
2068 1523 2200 1552 tantam

1239 1566 1408 1605 virtutem
1428 1571 1660 1620 pervenisset,
1683 1571 1800 1610 adhuc
1827 1587 1945 1611 errore
1969 1588 2199 1627 praeoccupa-

1239 1636 1296 1665 tus
1315 1629 1477 1667 eratzhic
1501 1639 1620 1669 autem
1641 1632 1808 1671 omnibus
1829 1634 1992 1684 quotidie
2010 1649 2075 1687 per
2094 1650 2199 1688 opera

1239 1687 1316 1740 ipsa
1337 1691 1556 1729 monstrabat
1586 1692 1730 1730 virtutis
1760 1709 1832 1732 suae
1854 1695 2050 1733 secundum
2082 1698 2198 1735 Deum

1240 1749 1468 1788 incrementa.
1501 1754 1537 1790 (5.
1569 1754 1621 1791 Et
1658 1758 1785 1804 venit,
1822 1755 1955 1807 inquit,
1983 1760 2023 1794 in
2054 1766 2199 1796 terram

1241 1811 1456 1860 Chanaan,
1479 1821 1514 1850 et
1531 1817 1785 1864 pertransivit
1806 1817 1961 1854 Abram
1993 1826 2136 1856 terram
2155 1823 2198 1857 in

1239 1872 1521 1924 longitudinem
1538 1876 1633 1926 ejus,
1658 1890 1778 1928 usque
1798 1878 1853 1914 ad
1868 1878 1992 1915 locum
2010 1879 2193 1927 Sychem,

1238 1933 1292 1969 ad
1319 1948 1501 1984 quercum
1535 1937 1742 1974 excelsam.
1772 1938 1884 1976 Docet
1917 1953 1978 1976 nos
2009 1939 2195 1993 Scriptura

1236 1993 1355 2032 locum
1372 1995 1538 2046 regionis,
1559 1996 1594 2034 in
1615 2012 1686 2048 quo
1708 2012 1803 2036 nunc
1826 1999 1946 2051 justus
1969 1999 2195 2039 domicilium

1236 2055 1398 2094 collocat.
1419 2056 1569 2106 Deinde,
1583 2066 1622 2095 ut
1637 2058 1788 2097 sciamus
1804 2061 1985 2111 quomodo
2001 2076 2037 2099 se
2053 2062 2127 2100 illic
2140 2078 2196 2101 res

1235 2116 1435 2167 habebant,
1459 2118 1595 2169 inquit:
1613 2121 1831 2158 Clzananaei
1859 2131 1990 2160 autem
2021 2132 2112 2161 tunc
2135 2127 2190 2161 in-

1234 2178 1471 2217 habitabant
1500 2188 1657 2219 terram.
1681 2182 1802 2232 Neque
1829 2182 1897 2220 hoc
1928 2184 2139 2237 simpliciter
2161 2195 2195 2223 et

1235 2238 1370 2290 absque
1392 2254 1495 2278 eausa
1524 2240 1649 2279 beatus
1676 2244 1794 2280 Moses
1826 2243 2042 2296 assignavit,
2065 2246 2124 2285 sed
2155 2257 2194 2283 ut

1234 2298 1416 2338 discamus
1434 2301 1540 2339 etiam
1556 2301 1656 2340 illinc
1670 2312 1823 2341 mentem
1843 2306 2054 2357 patriarchae
2072 2307 2192 2359 philo-

1233 2361 1436 2413 sophicam:
1450 2362 1533 2413 quia
1548 2377 1631 2400 cum
1643 2363 1720 2401 loca
1737 2364 1798 2402 illa
1816 2377 2062 2419 praeoccupata
2079 2378 2192 2406 essent

1233 2435 1253 2458 a
1276 2422 1496 2468 Clmnnnaeis,
1508 2424 1700 2475 cogebatur
1719 2426 1822 2476 quasi
1842 2441 1954 2478 vagus
1979 2437 2012 2466 et
2036 2430 2191 2481 peregri-

1233 2497 1311 2532 nus,
1331 2493 1364 2522 et
1396 2486 1497 2536 quasi
1527 2485 1685 2538 abjectus
1704 2496 1737 2524 et
1761 2487 1844 2525 vilis
1871 2488 1977 2526 homo
1997 2489 2186 2535 diversari,

1233 2543 1308 2582 sine
1327 2545 1400 2582 ullo
1433 2546 1522 2583 forte
1557 2546 1723 2599 hospitio.
1756 2550 1922 2586 Attamen
1957 2563 2068 2600 neque
2098 2550 2188 2588 illud

1232 2605 1377 2644 moleste
1397 2607 1546 2655 ferebat,
1570 2621 1682 2658 neque
1700 2607 1841 2646 dicebat
1860 2625 1867 2645 ε
1890 2610 1988 2655 Quid
2018 2610 2083 2648 hoc
2107 2612 2188 2649 est?

1231 2680 1342 2717 egone
1366 2667 1428 2718 qui
1449 2677 1546 2705 tanto
1575 2682 1655 2705 cum
1678 2669 1828 2716 honore,
1854 2679 1886 2707 et
1908 2680 2003 2708 tanta
2028 2686 2110 2709 cum
2130 2673 2185 2710 fa-

1232 2728 1331 2766 milia
1350 2729 1499 2780 agebam
1514 2729 1549 2766 in
1565 2729 1738 2778 Cliarran,
1759 2744 1852 2768 nunc
1867 2745 1974 2781 cogor
1989 2732 2080 2770 sicut
2096 2733 2186 2771 civi-

1231 2799 1300 2827 tate
1319 2804 1459 2839 carens,
1481 2800 1514 2828 et
1537 2791 1759 2842 peregrinus,
1784 2800 1816 2828 et
1837 2792 1977 2830 advena
2010 2793 2184 2832 obambu-

1230 2852 1324 2900 lare,
1347 2851 1454 2902 idque
1480 2852 1602 2903 gratiae
1628 2851 1705 2889 loco
1733 2851 1878 2902 ducere,
1906 2863 1939 2891 et
1970 2855 2125 2905 quietem
2146 2856 2181 2894 in

1231 2913 1297 2950 vili
1326 2927 1482 2963 quaerere
1509 2911 1730 2960 diversorio5
1748 2922 1781 2950 et
1800 2928 1914 2965 neque
1934 2915 2001 2953 hoc
2024 2916 2182 2954 invenire

1230 2988 1387 3027 possum,
1403 2974 1466 3012 scd
1480 2974 1514 3011 in
1528 2973 1764 3012 tabernaculis
1777 2983 1811 3012 et
1825 2976 2014 3028 tuguriolis
2034 2979 2182 3025 versari,

1229 3039 1386 3090 aliasque
1401 3039 1562 3076 miserias
1580 3039 1671 3076 serre
1690 3039 1783 3090 cogit
1800 3054 1856 3078 me
1875 3042 2074 3081 necessitas
2089 3043 2181 3080 Hoc-

1228 3107 1306 3145 cine
1325 3114 1391 3154 est,
1412 3105 1509 3156 quod
1530 3105 1694 3143 dicebat:
1711 3107 1820 3159 Veni,
1850 3111 2058 3161 etfaciam
2084 3120 2121 3148 te
2139 3115 2181 3148 in

1225 3183 1377 3227 gentem
1404 3187 1586 3225 magnam
1605 3177 1621 3210 Ρ
1641 3174 1797 3213 Pulchra
1824 3176 1958 3214 scilicet
1975 3178 2148 3230 prmludia
2167 3196 2175 3222 ;

1226 3240 1314 3292 quid
1330 3254 1439 3277 suave
1459 3239 1605 3292 posthac
1623 3242 1927 3293 exspectandum?
1944 3247 1989 3282 At
2006 3246 2099 3285 nihil
2112 3248 2180 3284 tal(-

1178 3318 1202 3348 1)
1225 3308 1365 3345 dicebat
1395 3307 1528 3358 justus,
1555 3320 1668 3357 neque
1699 3307 1921 3357 fluctuabam
1950 3311 2013 3349 sed
2044 3312 2177 3362 integra

1227 3383 1342 3413 mente
1359 3382 1392 3412 et
1411 3373 1561 3425 perfecta
1584 3372 1673 3423 fide,
1696 3374 1785 3412 bene
1804 3375 1918 3414 fidens
1942 3377 2005 3415 Dei
2027 3379 2177 3430 promis-
