2566 3791
256 1093 323 1120 Post
336 1101 400 1159 ςδι-

376 1143 400 1159 e,
439 1143 445 1149 .

215 1136 284 1161 liam

215 1176 312 1201 studio

214 1222 273 1242 stro

216 1306 327 1324 sumus.

215 1593 332 1621 Biorans

349 1184 385 1201 no
394 1189 404 1195 ·

329 1216 403 1242 bene

214 1265 298 1292 agere
334 1265 386 1293 POS
393 1272 403 1278 ·

356 1603 404 1620 ex·

217 1635 355 1663 hortatio.

222 1850 245 1868 Ι.
282 1841 348 1870 PeL

371 1841 400 1869 ‘Q‘l

419 200 511 247 252
827 216 867 247 s.

417 299 510 337 Nam
528 298 558 336 si
571 298 638 336 hoc
657 311 725 336 non
739 308 827 337 esset
848 299 956 337 situm
974 300 1010 336 in
1029 299 1212 336 voluntate
1231 304 1363 343 nostra,

417 359 499 397 etin
516 358 626 396 animi
642 367 823 410 potestate,
838 361 934 397 Deus
953 367 1118 395 naturam
1135 362 1292 393 nostram
1313 354 1368 392 sui

415 421 507 472 juris
514 434 581 458 non
593 420 744 469 fecisset,
758 419 944 470 oportebat
956 431 1013 455 eos
1022 417 1083 466 qui
1095 425 1230 453 naturae
1240 421 1367 453 nostrae

417 481 620 532 participes,
636 488 670 516 et
688 479 815 516 iisdem
830 476 977 516 obnoxii
990 485 1073 514 sunt
1090 475 1339 514 affectionibus
1357 505 1367 524 ,

417 540 476 576 vel
495 553 614 577 omnes
633 538 744 575 malos
761 551 849 585 esse,
869 537 926 576 vel
946 550 1066 575 omnes
1082 536 1214 574 virtute
1235 535 1368 587 praedi-

418 609 481 637 tos.
500 600 591 637 Cum
606 607 725 636 autem
744 597 908 636 videmus
927 611 1138 649 congeneres
1162 605 1314 646 nostros,
1336 605 1370 634 et

416 659 548 697 eisdem
568 659 817 697 affectionibus
836 659 1023 707 obnoxios,
1044 672 1112 696 non
1145 658 1268 696 eadem
1291 672 1368 709 quae

416 734 479 758 nos
492 720 566 772 pati
592 736 600 757 ε
617 720 678 758 sed
694 730 728 758 et
743 720 863 758 valida
888 720 1022 758 ratione
1051 720 1250 770 gubernare
1267 729 1369 757 natu-

415 795 506 830 ram,
522 790 556 819 et
579 781 798 819 inordinatos
828 790 945 819 motus
963 780 1129 830 domare,
1144 789 1178 818 et
1195 781 1371 818 refrenare

415 842 750 894 concupiscentiam,
771 843 944 894 imperare
971 841 1083 880 furori
1103 851 1137 879 et
1155 841 1232 890 irae,
1247 842 1371 892 fugare

416 902 605 950 invidiam,
624 902 807 940 eliminare
838 903 1002 951 livorem,
1025 911 1246 939 contemnere
1274 901 1369 938 rahi-

415 963 498 1001 dam
515 964 549 1000 in
567 963 819 1014 conquirendis
836 963 994 1015 pecuniis
1017 961 1252 1014 cupiditatem
1266 990 1276 1008 ,
1299 961 1370 998 mi-

415 1038 536 1061 norem
551 1024 674 1075 gloriae
695 1037 816 1062 euram
832 1024 978 1073 habere,
998 1023 1114 1060 ridere
1128 1036 1268 1060 omnem
1281 1035 1371 1072 prae-

417 1082 522 1120 sentis
536 1082 618 1120 vitae
640 1083 859 1131 felicitatem,
879 1082 1036 1134 aspirare
1065 1081 1112 1118 ad
1141 1094 1264 1118 veram
1294 1080 1370 1130 glo-

417 1157 521 1192 riam,
543 1152 576 1180 et
594 1157 799 1195 praeponere
813 1142 1020 1180 visibilibus
1040 1141 1207 1179 omnibus
1226 1140 1370 1178 laudem

417 1218 496 1253 quae
509 1218 529 1240 a
549 1205 623 1242 Deo
641 1214 691 1242 est
712 1218 850 1242 :nonne
867 1203 1094 1241 manifestum
1119 1211 1171 1240 est
1190 1216 1272 1251 eos,
1291 1210 1370 1253 post

418 1265 569 1316 gratiam
599 1265 682 1316 Dei,
703 1278 766 1303 suo
785 1265 904 1303 studio
921 1264 1009 1302 bene
1040 1277 1142 1315 agere
1159 1276 1273 1316 posse,
1290 1276 1369 1300 nos-

903 213 1084 248 JOANNIS
1118 214 1363 245 CHRYSOST.
1401 211 1606 245 ARCfflEP.
1643 211 2004 247 CONSTANTlNOP.

1438 295 1562 332 κακίαν
1579 299 1755 348 ὁρμῶμεν.
1774 300 1818 336 Εἰ
1844 299 1910 350 γὰρ
1938 299 1986 349 μὴ
2009 301 2043 338 ἐν
2070 301 2112 351 τῇ
2136 300 2335 351 προαιρέσει
2354 302 2453 351 ἡμῶν

1438 355 1570 413 ἔκειτο,
1591 357 1679 407 μηδὲ
1706 359 1740 395 ἐν
1760 361 1804 410 τῇ
1825 362 1887 405 τῆς
1905 360 2047 410 γνώμης
2062 359 2207 411 ἐξουσίᾳ,
2229 361 2316 412 μηδὲ
2337 361 2455 404 αὐτεξ-

1439 416 1553 455 ούσιον
1585 419 1686 468 ἡμῶν
1713 418 1776 465 τὴν
1801 419 1902 471 φύσιν
1922 423 1940 458 ὃ
1969 421 2208 472 φιλάνθρωπος
2230 422 2320 465 Θεὸς
2351 436 2457 459 κατε-

1439 478 1626 526 σκεύασεν,
1653 481 1759 530 ἐχρῆν
1785 479 1856 525 ἢ“
1834 496 1990 524 απαντας
2010 485 2099 519 εἰναι
2131 481 2257 525 κακους
2284 481 2363 525 τοὺς
2394 485 2458 528 τῆς

1440 539 1546 584 αὐτῆς
1575 538 1709 589 φύσεως
1727 544 1973 584 κοινωνοῦντας
1998 533 2058 578 καὶ
2084 546 2156 584 τοῖς
2181 543 2294 586 αὐτοῖς
2313 542 2458 580 πάθεσιν

1439 599 1709 676 ὑποκειμένρυς,
1740 599 1762 644 ἢ
1791 600 1924 643 πάντας
1952 604 2039 638 εἰναι
2060 601 2249 652 ἐναρέτους.
2277 601 2393 640 ςὈτιιιν
2423 602 2458 639 δὲ

1439 660 1566 711 ἴδωμεν
1586 659 1663 703 τους
1681 664 1858 712 ὁμογενεῖς
1875 664 1973 711 ἡμῖν,
1992 661 2052 698 καὶ
2077 661 2146 699 ὑπὸ
2159 664 2227 699 τῶν
2256 663 2368 699 αὐτῶν
2388 678 2458 700 πα-

1440 724 1507 759 θῶν
1536 721 1825 772 ἐνοχλουμένους,
1851 724 1889 760 οὗ
1914 721 1958 759 τὰ
1986 721 2076 760 αὐτὰ
2099 725 2185 773 ἡμῖν
2209 722 2459 772 ὑπομένοντας,

1440 780 1531 818 ἀλλὰ
1561 782 1621 818 καὶ
1651 782 1837 835 ἐῤῥωμένῳ
1864 786 1914 836 τῷ
1944 785 2101 835 λογισμῷ
2137 786 2364 836 ἡνιοχοῦντας
2395 783 2458 829 τὴν

1439 841 1559 892 φύσιν,
1579 843 1639 881 καὶ
1666 844 1945 896 περιγινομένους
1974 846 2042 881 τῶν
2074 844 2234 882 ἀτάκτων
2264 845 2458 896 σκιρτημά-

1437 919 1525 950 των,
1541 903 1600 940 καὶ
1621 906 1847 955 χαλινοῦντας
1873 905 2078 955 ἐπιθυμίαν,
2098 910 2312 957 κρατοῦντας
2331 905 2458 958 ὀργὴν,

1440 963 1630 1013 βασκανίαν
1653 964 1851 1016 φεύγοντας,
1870 966 1990 1017 φθόνον
2011 965 2234 1018 ἐξορίζοντας,
2249 969 2311 1012 τῆς
2328 965 2459 1012 λύσσης

1438 1026 1507 1061 τῶν
1533 1024 1727 1075 χρημάτων
1747 1029 2008 1078 ὑπερορῶντας,
2030 1025 2127 1072 δόξης
2158 1026 2299 1064 ἔλαττον
2322 1027 2459 1080 φροντί-

1439 1086 1575 1131 ζοντας,
1595 1085 1711 1132 πάσης
1735 1088 1797 1131 τῆς
1822 1091 1881 1124 τοῦ
1899 1086 2069 1138 παρόντος
2097 1087 2172 1137 βίου
2193 1087 2378 1140 εὐημερίας
2399 1104 2460 1126 κα-

1438 1147 1676 1196 ταγελῶντας,
1695 1146 1755 1184 καὶ
1771 1148 1857 1198 πρὸς
1875 1147 1938 1194 τὴν
1956 1149 2068 1194 ἀληθῆ
2091 1147 2190 1192 δόξαν
2213 1149 2461 1199 ἐπτοημένους,

1439 1206 1498 1243 καὶ
1511 1207 1569 1246 τὸν
1585 1206 1682 1259 παρὰ
1697 1212 1757 1246 τοῦ
1773 1210 1865 1247 Θεοῦ
1881 1208 2020 1246 ἔπαινον
2037 1208 2176 1246 πάντων
2192 1212 2260 1247 τῶν
2276 1210 2459 1260 ὁρωμένων

1417 1308 1428 1321 ⁷
1439 1270 1683 1318 προτιμῶντας
1695 1283 1703 1290 ·
1719 1269 1780 1306 οὐκ
1797 1268 1938 1315 εὔδηλον
1950 1268 2002 1306 ὅτι
2016 1270 2060 1319 τῇ
2076 1269 2186 1321 οἷκεία
2201 1270 2332 1321 σπουδῇ
2350 1273 2460 1307 ταῦτα

419 1339 486 1376 que
515 1335 633 1364 nostra
652 1326 795 1377 ignavia
828 1334 985 1363 nostram
1007 1325 1170 1363 amittere
1201 1323 1365 1370 salutem,
1394 1318 1627 1380 Α”χατορθοῦν
1658 1328 1862 1374 δυνήσονται
1888 1329 1976 1380 μετὰ
2003 1330 2066 1376 τὴν
2098 1329 2228 1368 ἄνωθεν
2257 1330 2378 1382 χάριν,
2402 1330 2461 1367 καὶ

417 1395 451 1423 et
466 1388 542 1439 ejus
556 1387 669 1439 gratia
689 1401 751 1425 nos
765 1386 915 1440 spoliare
929 1386 946 1423 Ρ

472 1581 508 1620 6.
526 1581 753 1632 Quapropter
785 1579 929 1617 obsecro
947 1587 987 1617 ut
1014 1576 1090 1616 haec
1109 1580 1315 1631 cogitantes,
1336 1589 1369 1618 et

419 1641 455 1679 in
476 1650 591 1679 mente
621 1649 739 1678 nostra
761 1640 928 1678 continuo
953 1649 1145 1691 versantes,
1173 1655 1370 1691 numquam

417 1702 617 1751 diabolum,
635 1701 696 1738 sed
716 1710 871 1738 nostram
887 1701 1001 1738 levem
1017 1700 1253 1752 ignavamque
1272 1716 1372 1739 men-

418 1771 487 1800 tem
497 1775 699 1814 arguamus.
716 1762 765 1799 Et
782 1760 857 1798 haec
875 1761 957 1799 dico
983 1774 1053 1799 non
1073 1762 1169 1812 quod
1184 1762 1371 1801 diabolum

418 1838 437 1861 a
464 1837 528 1860 suo
555 1822 703 1860 crimine
735 1822 918 1860 absolvere
948 1821 1058 1860 velim
1087 1838 1095 1859 ε
1127 1822 1219 1860 absit
1242 1823 1372 1862 :vadit

418 1884 512 1922 enim
527 1884 619 1921 sicut
637 1883 690 1920 leo
710 1892 749 1920 ut
772 1883 901 1935 rapiat,
927 1891 961 1920 et
979 1883 1137 1935 rugiens,
1156 1891 1190 1921 et
1211 1897 1372 1934 quaerens

419 1960 526 1996 quem
544 1944 689 1983 devoret
711 1959 721 1980 :
740 1943 800 1982 sed
820 1952 854 1981 et
873 1957 936 1981 nos
957 1944 1130 1983 cautiores
1150 1944 1296 1982 reddere
1308 1958 1372 1982 vo-
1390 1943 1394 1949 ’

418 2007 486 2053 lui,
507 2015 547 2043 ut
564 2020 608 2044 ne
624 2004 869 2043 existimemus
887 2017 1006 2043 carere
1029 2019 1092 2043 nos
1118 2005 1237 2057 culpa,
1259 2005 1372 2056 siqui-

419 2067 500 2105 dem
520 2076 593 2104 tam
613 2065 715 2103 facile
726 2064 770 2102 ad
782 2065 956 2102 malitiam
974 2066 1258 2117 prorumpimus,
1275 2075 1309 2104 et
1330 2079 1372 2104 ne
1394 2079 1417 2109 Β

420 2126 550 2164 frivola
572 2126 635 2163 illa
658 2125 820 2163 dicamus
836 2124 945 2162 verba
963 2141 971 2160 τ
988 2125 1108 2170 Quare
1124 2127 1221 2163 Deus
1236 2125 1373 2164 dimisit

419 2187 524 2225 illum
554 2195 626 2224 tam
657 2185 875 2237 improbum,
899 2194 938 2222 ut
961 2186 1201 2237 supplantaret
1230 2196 1264 2224 et
1291 2202 1373 2239 pro-

421 2247 618 2286 sterneret?
638 2246 729 2284 Sunt
748 2245 842 2283 enim
868 2245 946 2282 haee
973 2245 1081 2283 verba
1099 2246 1229 2297 ingrati
1250 2247 1373 2285 admo-

420 2306 508 2344 dum
537 2306 659 2344 animi.
692 2306 830 2344 Verum
851 2313 890 2342 tu
926 2304 994 2342 hoc
1031 2313 1144 2343 tecum
1173 2306 1371 2357 considera,

419 2367 524 2404 illum
544 2375 690 2419 propter
704 2366 772 2404 hoc
802 2365 1028 2418 potissimum
1047 2366 1212 2405 relietum
1230 2382 1315 2416 esse,
1336 2376 1375 2407 nt

419 2429 546 2466 timore
570 2427 758 2480 compulsi,
778 2436 811 2466 et
825 2426 937 2466 hostis
953 2427 1099 2465 insidias
1115 2438 1371 2480 exspectanteS,

420 2489 531 2526 simus
557 2497 729 2540 perpetuo
758 2487 869 2526 sobrii
907 2497 941 2526 et
972 2487 1111 2539 vigileS,
1144 2488 1374 2540 laboremque

418 2549 564 2588 virtutis
580 2549 750 2586 leviorem
779 2547 950 2586 faciamus
970 2561 1030 2600 spe
1048 2549 1321 2588 retributionum
1342 2560 1375 2588 et

421 2609 680 2662 exspectatione
699 2618 909 2647 aeternorum
933 2617 966 2646 ct
977 2608 1214 2648 ineffabilium
1230 2610 1374 2648 illorum

420 2671 606 2709 bonorum.
632 2670 678 2708 Et
697 2669 784 2720 quid
801 2669 957 2719 miraris,
985 2669 1015 2707 si
1036 2670 1082 2707 ob
1114 2670 1206 2708 hanc
1232 2685 1374 2709 causam

422 2732 569 2781 reliquit
580 2731 764 2769 diabolum
784 2732 896 2780 Deus,
919 2731 974 2769 cui
994 2739 1090 2768 tanta
1108 2741 1234 2770 nostrae
1253 2733 1376 2771 salutis

423 2805 522 2837 cura,
545 2791 656 2842 etqui
680 2791 728 2828 ita
757 2800 913 2829 nostram
929 2791 1197 2830 somnolentiam
1225 2793 1373 2841 excutit,

424 2853 676 2902 materiamque
698 2866 907 2890 coronarum
922 2852 1024 2890 nobis
1036 2862 1212 2905 praeparat
1224 2854 1242 2891 Ξ)
1258 2855 1375 2906 Ipsam

425 2913 532 2950 ctiam
563 2913 758 2963 gehennam
789 2922 972 2964 propterea
1004 2914 1162 2965 paravit,
1193 2923 1232 2952 ut
1263 2922 1376 2953 metus

426 2987 536 3025 poensc
568 2972 870 3023 intolerabilisque
898 2972 1074 3011 cruciatus
1089 2974 1135 3012 ad
1151 2987 1297 3026 regnum
1315 2989 1376 3013 nos

427 3033 738 3085 impellatNidisti
754 3033 915 3073 solertem
930 3033 1075 3071 Domini
1093 3035 1346 3086 benignitatem
1357 3037 1375 3074 Ρ

426 3093 606 3144 quomodo
624 3094 741 3131 omnia
764 3094 867 3132 faciat
886 3103 919 3132 et
936 3103 1074 3145 tractet,
1114 3104 1153 3134 ut
1172 3111 1239 3135 non
1260 3097 1375 3135 solum

427 3168 484 3191 cos
511 3154 571 3204 qui
591 3155 637 3191 ab
666 3169 702 3192 sc
721 3155 852 3193 conditi
869 3164 950 3192 sunt
976 3165 1101 3205 servet,
1122 3157 1183 3195 scd
1202 3167 1235 3196 et
1254 3158 1376 3196 ineffa—

427 3215 562 3253 bilibus
574 3215 676 3251 bonis
688 3215 801 3253 ditet?
815 3217 1001 3268 Propterea
1021 3216 1173 3256 liberum
1188 3219 1375 3257 arbitrium

428 3275 529 3313 nobis
544 3275 688 3327 indidit,
710 3285 742 3313 ct
768 3276 802 3314 in
817 3285 942 3316 natura
961 3278 1242 3330 conscientiaque
1259 3289 1376 3321 nostra

469 3392 479 3405 ⁵¹
498 3381 620 3421 [Suvil.
640 3383 725 3424 conj⁴
746 3389 882 3417 τοσοῦτον
900 3385 909 3425 ]

1439 1392 1542 1439 ἡμεῖς
1569 1392 1612 1440 τῆ
1652 1390 1762 1442 οἰκείᾳ
1798 1390 1949 1444 ῥᾳθυμία
1988 1390 2198 1443 κεχρημένοι
2229 1390 2458 1443 προδιδόαμεν

1438 1453 1539 1500 ἡμῶν
1568 1450 1632 1497 τὴν
1659 1450 1856 1502 σωτηρίαν,
1885 1451 2033 1504 ἐρήμους
2059 1450 2199 1494 ἑαυτοὺς
2230 1453 2460 1495 καθιστῶντες

1438 1514 1499 1558 τῆς
1519 1513 1646 1549 ἐκεῖθεν
1666 1512 1821 1560 εὐνοίας,

1491 1573 1554 1611 Διὸ
1582 1574 1777 1625 παρακαλῶ
1797 1576 1909 1611 ταῦτα
1935 1573 2192 1624 λογιζομένους,
2222 1573 2282 1612 καὶ
2311 1577 2460 1626 συνεχῶς

1439 1637 1618 1678 κινοῦντας
1637 1635 1670 1671 ἐν
1690 1637 1733 1685 τῇ
1762 1634 1917 1686 διανοίᾳ,
1946 1635 2119 1685 μηδέποτε
2137 1634 2194 1672 τὸν
2226 1634 2383 1673 διάὲολον
2410 1638 2461 1672 αἰ-

1437 1699 1576 1734 τιᾶσθαι
1588 1725 1598 1742 ,
1617 1694 1708 1733 ἀλλὰ
1726 1695 1789 1742 τὴν
1810 1695 1958 1749 ῥᾴθυμον
1974 1699 2075 1746 ἡμῶν
2091 1695 2245 1746 γνώμην.
2268 1697 2336 1734 Καὶ
2350 1701 2460 1734 ταῦτα

1438 1758 1530 1810 λέγω
1555 1759 1617 1795 οὐκ
1637 1760 1765 1796 ἐκεῖνον
1791 1756 1990 1801 ἀπαλλάξαι
2011 1757 2216 1808 βουλόμενος
2233 1758 2458 1811 κατηγορίας·

1441 1817 1490 1868 μὴ
1510 1818 1660 1868 γένοιτο·
1685 1818 1745 1856 καὶ
1770 1817 1838 1869 γὰρ
1858 1818 1997 1869 ἔρχεται
2024 1819 2070 1861 ὥς
2094 1817 2182 1856 λέων
2211 1818 2381 1869 ἁρπάσαι,
2401 1819 2461 1857 καὶ

1440 1878 1655 1931 ὠρυόμενος,
1673 1878 1731 1916 καὶ
1758 1878 1835 1915 τίνα
1857 1878 2011 1929 καταπίῃ
2032 1880 2144 1924 ζητῶν
2157 1893 2164 1901 ·
2185 1876 2275 1915 ἀλλὰ
2290 1878 2349 1915 καὶ
2369 1881 2462 1929 ἡμᾶς

1443 1938 1719 1991 ἇσφαλεστέρους
1759 1943 1904 1986 ποιῆσαι
1938 1939 2065 1987 θέλων,
2100 1938 2156 1976 ἵνα
2187 1938 2235 1988 μὴ
2266 1938 2461 1989 νομίζωμεν

1441 2000 1537 2043 ἐκτὸς
1565 1994 1651 2037 εἶναι
1683 2000 1936 2050 ἐγκλημάτων,
1968 1999 2075 2043 οὕτως
2107 1999 2254 2043 εὐκόλως
2284 1999 2370 2051 πρὸς
2398 2000 2462 2045 τὴν

1441 2060 1568 2098 κακίαν
1584 2062 1870 2110 αὐτομολοῦντες,
1899 2060 1958 2097 καὶ
1985 2059 2033 2110 μὴ
2054 2058 2098 2097 τὰ
2123 2059 2241 2111 ψυχρὰ
2270 2062 2383 2098 ἐκεῖνα
2406 2060 2461 2098 λέ-

1442 2137 1558 2173 γωμεν
1593 2121 1735 2171 ῥήματα
1752 2133 1760 2141 ·
1778 2121 1868 2163 τίνος
1895 2119 2008 2158 ἕνεκεν
2042 2121 2172 2172 ἀφῆκεν
2200 2121 2301 2158 αὐτὸν
2329 2124 2347 2159 ὃ
2374 2122 2462 2164 Θεὸς

1441 2188 1456 2203 ¹¹
1468 2186 1618 2220 τοιοῦτον
1633 2182 1715 2219 ὄντα
1731 2182 1894 2233 πονηρὸν,
1909 2180 1999 2218 ὥστε
2017 2180 2251 2224 ὑποσκελίζειν
2273 2181 2331 2218 καὶ
2347 2197 2460 2219 κατα-

1443 2243 1602 2290 &offlam
1633 2242 1813 2294 Μεγίστης
1848 2241 1916 2294 γὰρ
1953 2241 1992 2279 ἂν
2026 2240 2077 2288 εἴη
2107 2246 2216 2279 ταῦτα
2241 2241 2284 2279 τὰ
2321 2242 2460 2294 ῥήματα

1444 2303 1704 2355 ἀγνωμοσύνης.
1723 2302 1812 2342 Ἀλλ’
1831 2305 1941 2341 ἐκεῖνο
1964 2300 2023 2339 σὺν
2041 2303 2151 2354 ἑαυτῷ
2171 2301 2314 2350 σκόπει,
2336 2302 2388 2341 ὅτι
2405 2303 2461 2340 διὰ

1443 2371 1542 2404 τοῦτο
1563 2366 1716 2416 μάλιστα
1732 2364 1832 2402 αὐτὸν
1856 2363 2056 2411 κατέλιπεν,
2074 2362 2131 2400 ἵνα
2148 2365 2198 2416 τῷ
2226 2363 2322 2416 φόὸῳ
2352 2380 2463 2402 συνω-

1444 2425 1617 2475 θούμενοι,
1640 2425 1699 2463 καὶ
1715 2429 1774 2463 τοῦ
1789 2422 1956 2475 πολεμίου
1972 2423 2034 2471 τὴν
2058 2424 2176 2475 ἔφοδον
2191 2426 2462 2475 προσδοκῶντες,

1444 2485 1577 2532 πολλὴν
1596 2486 1658 2533 τὴν
1680 2484 1870 2537 ἀγρυπνίαν
1887 2484 1945 2522 καὶ
1966 2486 2107 2531 διηνεκῆ
2126 2483 2189 2531 τὴν
2206 2487 2309 2536 νῆψιν
2329 2486 2462 2523 ἐπιδει-

1444 2545 1646 2597 κνυώμεθα,
1663 2549 1706 2597 τῇ
1731 2548 1799 2583 τῶν
1823 2546 1978 2596 ἀμοιὸῶν
1998 2544 2134 2593 ἐλπίδι,
2153 2545 2212 2583 καὶ
2228 2549 2272 2598 τῇ
2292 2545 2463 2583 ἅντιδόσει

1445 2611 1512 2646 τῶν
1535 2606 1681 2645 αἰωνίων
1708 2606 1849 2644 ἐκείνων
1881 2606 1940 2644 καὶ
1968 2605 2172 2658 ἀπορρήτων
2193 2607 2329 2657 ἀγαθῶν
2348 2606 2463 2644 πάντα

1445 2670 1508 2713 τῆς
1527 2671 1651 2720 ἀρετῆς
1671 2667 1729 2706 τὸν
1746 2667 1903 2719 κάματον
1929 2665 2209 2716 ὑποτεμνόμενοι.
2233 2667 2302 2705 Καὶ
2318 2666 2352 2704 τί
2376 2671 2462 2705 θαυ-

1447 2729 1565 2778 μάζεις
1584 2730 1613 2765 εἷ
1633 2728 1690 2766 τὸν
1711 2728 1869 2766 διάῧολον
1887 2726 1944 2765 διὰ
1962 2731 2061 2765 τοῦτο
2082 2726 2247 2765 κατέλιπε
2275 2727 2464 2777 κηδόμενος

1446 2791 1546 2839 ἡμῶν
1562 2791 1623 2834 τῆς
1649 2788 1834 2840 σωτηρίας,
1865 2789 1923 2826 καὶ
1944 2788 2119 2840 διεγείρων
2145 2789 2246 2838 ἡμῶν
2270 2786 2333 2834 τὴν
2357 2791 2462 2840 ρᾳθυ-

1448 2851 1542 2900 μίαν,
1577 2849 1637 2888 καὶ
1664 2849 1825 2888 ὑπόθεσιν
1855 2852 1938 2896 ἡμῖν
1973 2847 2148 2900 στεφάνων
2178 2849 2463 2896 κατασκευάζων,

1447 2911 1565 2958 Aut-v),
1589 2927 1652 2957 την
1682 2911 1820 2961 γέενναν
1848 2909 1904 2948 διὰ
1932 2924 2032 2948 τουτο
2061 2909 2340 2961 παρεσκεύασεν,
2367 2909 2422 2947 ἵνα
2446 2913 2464 2947 ὁ

1446 2976 1508 3019 τῆς
1534 2973 1705 3026 τιμωρίας
1729 2972 1832 3025 φόὸος
1858 2971 1917 3009 καὶ
1948 2973 2010 3017 τῆς
2029 2971 2206 3014 κολάσεως
2231 2971 2270 3008 τὸ
2293 2973 2463 3023 ἀφόρητον

1446 3034 1531 3085 πρὸς
1551 3034 1612 3080 τὴν
1634 3033 1811 3085 βασιλείαν
1830 3037 1924 3083 ἡμᾶς
1937 3032 2132 3084 συνωθήσῃ.
2150 3025 2250 3074 Εἶδες
2266 3031 2464 3083 εὐμηχανον

1446 3112 1506 3134 του
1531 3098 1708 3135 Δεσπότου
1739 3095 2021 3149 φιλανθρωπίαν,
2047 3111 2121 3138 πως
2145 3093 2260 3132 πάντα
2287 3101 2378 3132 ποιεῖ
2405 3095 2464 3133 καὶ

1446 3157 1752 3210 πραγματεύεται,
1779 3159 1825 3200 ὡς
1850 3156 1898 3206 μὴ
1924 3157 2025 3206 μόνον
2052 3158 2164 3192 σῶσαι
2185 3154 2263 3199 τοὺς
2282 3157 2342 3193 ὑπ’
2359 3157 2462 3193 αὐτοῦ

1448 3217 1785 3270 δημιουργηθέντας,
1813 3217 1903 3255 ἀλλὰ
1921 3217 1979 3254 καὶ
1997 3219 2064 3253 τῶν
2091 3215 2297 3268 ἀπορρήτων
2325 3219 2462 3267 ἀγαθῶν

1448 3280 1610 3330 ἀξιῶσαι,
1627 3279 1695 3318 Διὰ
1714 3284 1812 3318 τοῦτο
1833 3278 1891 3317 καὶ
1911 3278 1951 3334 τὸ
1976 3277 2188 3323 αὐτεξούσιον
2209 3281 2292 3327 ἡμῖν
2313 3276 2461 3329 δεδώρη-
