2516 3791
316 101 404 146 508
753 118 790 147 S.
829 117 1013 148 JOANMS
1050 114 1290 146 CHRYSOST.
1331 112 1537 142 ARCRIEP.
1578 113 1932 145 CONSTANTINOP-

314 212 350 235 se
373 197 529 235 tulerint.
552 198 683 236 Contra
704 212 788 237 vero
807 198 1003 237 communis
1018 197 1179 236 omnium
1191 196 1264 232 Do-

314 258 434 295 minus
455 273 462 293 :
488 257 588 310 prius
619 258 715 296 enim
746 259 934 308 benefacit,
967 268 1001 296 et
1035 254 1267 294 multitudine

314 318 569 357 beneficiorum
591 328 747 357 nostram
776 328 938 356 naturam
957 317 1003 354 ad
1015 330 1051 354 se
1079 313 1203 361 allicit,
1233 321 1267 350 et

315 388 435 430 postea
467 379 614 431 imperat
635 379 753 416 facilia
774 388 878 428 atque
894 377 1004 423 levia,
1039 384 1076 412 ut
1101 373 1269 411 facilitate

317 439 570 477 mandatorum
585 448 618 476 et
636 438 819 476 beneficiis
837 437 1017 489 prioribus
1037 435 1198 480 excitati,
1222 433 1269 471 ad

115 508 359 547 Moralisepi-ea
377 499 556 551 implenda
576 497 801 535 inducamur.
830 498 882 535 Ne
911 497 1022 548 igitur
1052 494 1269 547 negligentes

117 551 213 587 '⁰3⁰⁵’
319 560 440 607 simus,
460 558 592 608 dilecti,
613 572 726 609 neque
743 557 839 610 pigri
864 558 911 596 ad
928 557 1095 595 mandata
1115 555 1269 608 implen-

315 619 362 656 da
385 636 392 656 ι
417 619 587 656 beneficia
603 619 724 671 priora
745 619 950 671 cogitantes,
974 628 1007 656 et
1021 616 1270 656 mandatorum

316 679 534 729 facilitatem,
544 679 848 732 praemiorumque
856 689 934 732 post
946 679 1090 732 impleta
1102 677 1271 715 mandata

316 741 527 792 promissam
559 739 842 792 magnitudinem
866 756 873 777 ε
897 740 960 778 sed
987 739 1193 791 vigilemus,
1238 746 1272 776 et

315 801 521 840 festinemus
535 801 583 839 ad
597 801 821 853 exsequenda
841 800 1008 840 mandata
1027 815 1047 838 a
1076 801 1154 838 Deo
1168 799 1271 837 nobis

315 862 447 901 tradita
464 879 472 899 τ
493 872 525 901 et
545 877 587 901 ne
616 863 842 900 dimittamus
861 863 948 910 vias,
969 875 1058 912 quas
1084 860 1129 898 ad
1151 860 1269 912 perfi-

315 923 478 962 ciendam
497 924 696 961 animarum
713 932 915 961 nostrarum
935 922 1086 960 salutem
1102 919 1270 973 praescri—

314 985 398 1036 psit,
419 985 482 1022 sed
496 994 654 1037 tempore
671 985 755 1024 vitae
769 993 897 1022 nostrae
914 982 1012 1034 quod
1024 982 1206 1033 reliquum
1218 990 1271 1019 est

313 1047 401 1083 bene
419 1055 577 1095 utamur,
599 1055 634 1084 et
655 1054 800 1098 peccata
820 1045 1022 1092 abluamus,
1051 1052 1085 1081 et
1103 1056 1269 1094 magnam

314 1107 416 1145 nobis
444 1106 615 1145 fiduciam
646 1106 747 1159 prius
780 1106 1021 1157 acquiramus,
1044 1104 1271 1154 maximeque

311 1182 407 1206 nunc
418 1182 500 1205 cum
516 1167 635 1206 adhuc
650 1167 793 1205 residua
805 1176 856 1205 est
872 1165 1163 1218 Quadragesimae
1175 1178 1269 1217 pars.

364 1236 402 1272 6.
422 1235 546 1285 Neque
577 1234 673 1272 enim
692 1249 825 1287 parvus
855 1243 906 1272 est
933 1233 1074 1272 dierum
1100 1245 1272 1270 numerus

313 1294 373 1344 qui
394 1304 501 1333 restat
515 1325 526 1342 ,
553 1295 580 1333 si
601 1295 820 1334 voluerimus
833 1309 1028 1348 parumper
1050 1292 1268 1345 resipiscere.

311 1355 387 1393 Hoc
406 1365 524 1393 autem
539 1355 635 1406 dixi,
653 1369 723 1394 non
740 1355 838 1407 quod
856 1356 974 1394 solum
999 1363 1096 1392 tanto
1115 1363 1273 1405 tempore

311 1429 399 1467 opus
424 1416 558 1454 'habeat
583 1425 811 1468 peccatorum
846 1425 1051 1454 nostrorum
1089 1414 1272 1463 correctio,

311 1476 374 1514 sed
393 1476 477 1527 quia
497 1477 694 1514 Dominum
714 1477 888 1515 hahemus
908 1477 1115 1514 clementem
1128 1474 1274 1513 etbeni-

313 1550 426 1587 gnum
452 1537 514 1587 qui
535 1551 603 1575 non
623 1537 760 1588 indiget
779 1537 893 1575 multo
912 1547 1068 1590 tempore
1086 1552 1097 1587 3
1117 1536 1146 1574 si
1166 1535 1274 1574 modo

312 1611 395 1634 cum
416 1611 544 1649 magno
558 1598 697 1636 fervore
714 1606 748 1635 et
763 1598 950 1648 vigilantia
971 1597 1019 1635 ad
1037 1597 1157 1649 ipsum
1173 1610 1273 1634 acce-

312 1657 455 1707 damus,
481 1657 618 1709 rejectis
652 1658 886 1695 saecularibus
915 1657 1009 1695 curis
1027 1656 1209 1706 omnibus,
1241 1666 1274 1694 et

106 1731 271 1760 J011.3.10.
311 1732 465 1770 superno
500 1717 639 1755 auxilio
670 1718 764 1754 nixi.
797 1719 890 1756 Nam
915 1726 950 1755 et
971 1717 1142 1755 Ninivitae
1176 1725 1272 1754 tanta

306 1787 534 1831 peccatorum
549 1778 782 1816 multitudine
794 1778 992 1830 aggravati,
1007 1778 1093 1829 quia
1105 1790 1270 1829 magnam

310 1849 344 1886 et
362 1854 487 1879 veram
505 1839 752 1892 poenitentiam
767 1848 928 1891 egerunt,
943 1853 1012 1877 non
1032 1853 1121 1892 opus
1139 1839 1272 1877 habue-

309 1910 394 1939 runt
416 1901 591 1954 ampliore
610 1915 720 1952 quam
741 1901 851 1938 trium
883 1900 1023 1938 dierum
1045 1909 1205 1952 tempore
1225 1899 1272 1938 ad

309 1961 576 2014 provocandam
595 1962 662 1999 Dei
679 1961 887 2011 bonitatem,
906 1971 939 1999 et
959 1961 1098 1999 irritam
1119 1961 1271 1999 redden-

309 2022 405 2071 dam,
421 2037 500 2073 quae
513 2022 706 2060 adversum
719 2036 755 2059 se
773 2022 845 2059 lata
865 2031 954 2068 erat,
977 2020 1200 2060 sententiam.
1225 2021 1272 2059 Et

310 2082 397 2133 quid
416 2082 509 2131 dico,
529 2083 701 2121 Ninivitae
717 2083 734 2120 ἶ)
749 2082 863 2120 Latro
888 2082 924 2119 in
943 2096 1047 2120 cruce
1066 2097 1180 2133 neque
1199 2096 1271 2120 uno

310 2143 370 2182 die
388 2157 477 2196 opus
495 2143 634 2182 babuit.
656 2143 705 2181 Et
727 2143 817 2194 quid
837 2142 932 2192 dico,
952 2143 1012 2180 die
1028 2157 1098 2181 uno
1113 2144 1129 2181 Ξ)
1147 2145 1272 2194 Neque

309 2205 413 2244 brevi
431 2205 532 2243 hora.
551 2206 668 2242 Tanta
688 2214 739 2242 est
761 2204 830 2243 Dei
860 2218 943 2255 erga
964 2219 1026 2242 nos
1057 2205 1270 2256 benignitas.

311 2267 407 2305 Nam
435 2265 498 2303 ubi
514 2264 648 2304 viderit
666 2265 860 2303 voluntatis
878 2274 1004 2302 nostrae
1020 2265 1165 2303 firmum
1188 2279 1273 2318 pro-

312 2326 485 2378 positum,
510 2335 543 2363 et
562 2325 711 2364 ferventi
730 2339 793 2363 nos
811 2324 989 2363 desiderio
1009 2325 1055 2363 ad
1074 2340 1110 2363 se
1129 2326 1272 2364 accede-

314 2399 363 2432 re,
401 2399 469 2423 non
490 2384 622 2434 tardat,
661 2398 774 2435 neque
807 2384 928 2422 differt
949 2400 957 2421 :
987 2384 1050 2423 sed
1084 2385 1271 2435 accelerat,

315 2460 485 2498 suamque
515 2445 657 2484 solitam
676 2445 927 2483 liberalitatem
954 2446 1139 2496 exhibens,
1159 2446 1247 2485 dicit
1265 2462 1272 2483 ε

115 2520 186 2547 lsai.
202 2517 252 2548 58.
267 2528 299 2558 9.
317 2508 462 2546 Adhuc
492 2508 674 2560 loquente
710 2515 746 2544 te
782 2508 912 2544 dicam
937 2523 947 2544 .·
980 2509 1082 2545 Ecce
1120 2509 1271 2546 adsum.

316 2571 437 2621 Itaque
461 2567 697 2607 exauditurus
719 2576 771 2605 est
787 2576 820 2605 et
837 2580 915 2618 nos,
937 2567 966 2606 si
997 2568 1216 2607 voluerimus
1240 2569 1275 2606 in

317 2630 440 2681 paucis
464 2629 594 2667 diebus
627 2627 706 2666 istis
739 2627 851 2666 studii
880 2628 1058 2680 specimen
1094 2629 1276 2679 quoddam

316 2691 455 2740 afferre,
474 2689 646 2743 etjejunii
670 2689 833 2728 subsidio
850 2703 919 2728 non
938 2690 1054 2740 abuti,
1076 2700 1182 2742 atque
1213 2705 1275 2730 ex-

318 2766 418 2789 cussa
442 2751 602 2789 socordia
619 2750 796 2788 continuis
814 2750 982 2803 precibus
995 2751 1274 2803 placareDomi-

318 2825 421 2860 num,
444 2811 598 2849 servidas
618 2810 831 2863 profundere
854 2811 1044 2864 lacrymas,
1060 2811 1188 2851 delicta
1210 2827 1275 2852 no-

153 2885 303 2914 conscs310
319 2883 389 2911 stra
420 2872 542 2911 sedulo
575 2873 759 2921 confiteri,
788 2874 889 2924 quasi
915 2873 1054 2912 medico
1083 2888 1277 2927 proponere

113 2933 250 2993 Ἰἷᾞξξῗῑω
319 2944 435 2973 nostra
469 2934 628 2981 vulnera,
661 2942 693 2971 ct
715 2933 916 2972 animarum
937 2935 1055 2973 ulcera
1079 2935 1272 2986 declarare,

319 3009 380 3033 nec
402 2995 553 3047 abjicere
579 3009 685 3045 quam
715 2995 774 3032 ille
790 2995 852 3033 dat
875 2996 1104 3047 medicinam,
1124 3011 1187 3036 nec
1205 3012 1273 3036 non

1336 192 1396 230 καὶ
1414 196 1457 244 τῇ
1474 193 1614 245 εὐκολίᾳ
1625 197 1694 232 τῶν
1705 196 1954 247 ἐπιταγμάτων
1970 196 2029 235 καὶ
2049 202 2124 240 ταῖς
2140 198 2362 249 παραλαθού-

1338 268 1414 295 σαις
1448 253 1660 305 εὐεργεσίαις
1697 255 1978 308 διεγηγερμένοι,
2009 257 2096 311 πρὸς
2135 257 2199 303 τὴν
2231 258 2362 296 τούτων

1338 313 1556 364 ἐπειχΟῶμεν
1575 315 1808 366 ἐκπλήρωσιν.
1829 317 1890 364 Μὴ
1905 317 2019 355 τοίνυν
2038 320 2259 370 ῥαθυμῶμεν,
2279 320 2363 370 ἀγα-

1338 373 1463 421 πητοὶ,
1481 373 1569 423 μηδὲ
1588 375 1808 427 ὀκνηρότεροι
1825 376 2002 427 γινώμεθα
2022 378 2102 430 περὶ
2123 378 2186 424 τὴν
2207 379 2363 425 ὑπακοὴν

1339 435 1408 471 τῶν
1428 435 1697 486 ἐπιταχθέντων,
1718 437 1778 474 καὶ
1796 437 1859 480 τὰς
1875 437 2150 490 παράλαῧούσας
2170 439 2365 493 εὐεργεσίας

1340 494 1577 546 λογιζόμενοι,
1598 495 1657 533 καὶ
1675 500 1744 534 τῶν
1765 498 2013 548 ἐπιταγμάτων
2034 498 2098 545 τὴν
2118 499 2289 547 εὐκολίαν,
2306 500 2366 537 καὶ

1293 563 1317 593 E
1340 558 1409 594 τῶν
1426 557 1643 607 ἐπαγγελιῶν
1670 558 1739 594 τῶν
1760 557 1848 607 μετὰ
1866 558 1929 604 τὴν
1960 559 2181 611 ἐκπλήρωσιν
2201 563 2286 611 ἡμῖν
2309 576 2364 598 τε-

1340 617 1581 667 ταμιευμένων
1609 617 1649 656 τὸ
1683 618 1842 669 μέγεθος·
1878 618 1969 656 ἀλλὰ
2002 618 2168 671 νήφωμεν
2198 620 2257 658 καὶ
2285 620 2366 672 περὶ

1340 677 1403 724 τὴν
1427 677 1592 731 ἐργασίαν
1622 678 1827 728 σπεύδωμεν
1855 681 1924 716 τῶν
1952 678 2050 732 παρὰ
2078 684 2137 717 τοῦ
2162 682 2254 719 Θεοῦ
2271 682 2366 719 δεδο-

1342 738 1456 789 μένων
1470 743 1554 789 ἡμῖν
1574 740 1733 787 ἐντολῶν,
1753 739 1812 777 καὶ
1830 738 1892 783 τὰς
1908 738 2003 783 ὁδοὺς
2015 770 2024 788 ,
2054 740 2093 783 ἃς
2117 741 2306 793 ἐχαρίσατο
2320 744 2365 790 τῇ

1341 799 1498 852 ἡμετέρᾳ
1509 800 1608 852 φύσει
1622 800 1708 853 πρὸς
1722 799 1784 847 τὴν
1802 804 1870 838 τῶν
1885 803 2006 853 ψυχῶν
2022 804 2122 851 ἡμῶν
2138 803 2367 846 συντελούσας

1343 860 1531 912 σωτηρίαν,
1554 861 1602 911 μὴ
1620 860 1930 912 ἀποπεμψοῖιμεθα,
1950 861 2040 899 ἀλλὰ
2058 864 2108 913 τῷ
2135 863 2368 914 ὑπολειπομέ-

1341 937 1389 972 νῳ
1408 925 1470 968 τῆς
1491 924 1580 969 ζωῆς
1605 924 1705 972 ἡμῶν
1727 922 1842 974 χρόνῳ
1871 924 1920 965 εἷς
1950 922 2024 960 δέον
2049 923 2288 976 χρησάμενοι,
2308 923 2368 962 καὶ

1282 1014 1330 1041 264
1341 981 1387 1019 τὰ
1419 982 1655 1033 ἡμαρτημένα
1687 983 1959 1035 ἀπονιψώμεθα,
1991 984 2050 1022 καὶ
2070 985 2203 1031 πολλὴν
2233 987 2369 1029 ἑαυτοῖς

1293 1051 1319 1080 Α
1340 1042 1404 1090 τὴν
1436 1043 1635 1095 παρρησίαν
1669 1044 1967 1095 προαποθώμεθα,
2003 1045 2063 1083 καὶ
2105 1046 2260 1095 μάλιστα
2297 1052 2370 1094 ν’ῦν,

1341 1105 1388 1147 ὡς
1421 1103 1473 1141 ἔτι
1502 1103 1666 1150 ἐνέστηκε
1680 1105 1719 1142 τὸ
1738 1104 1942 1155 λειπόμενον
1959 1108 2021 1151 τῆς
2039 1105 2142 1157 ἁγίας
2157 1121 2371 1161 τεσσαρακο-

1343 1167 1428 1210 στῆς
1450 1165 1567 1217 μέρος.

1396 1225 1487 1264 Οὐδὲ
1507 1225 1574 1279 γὰρ
1607 1225 1720 1278 ὀλίγος
1746 1225 1838 1263 ἐστὶν
1869 1228 1886 1263 ὃ
1912 1227 1982 1263 τῶν
2010 1229 2152 1278 ἡμερῶν
2184 1227 2331 1280 ἀριθμὸς
2351 1232 2370 1267 ὁ

1343 1289 1633 1338 ὑπολειπόμενος,
1668 1288 1698 1325 εἷ
1737 1287 1987 1338 βουληθείημεν
2019 1289 2142 1341 μικρὸν
2181 1291 2369 1341 ἀνανῆψαι.

1343 1350 1458 1387 Τοῦτο
1474 1349 1509 1386 δὲ
1525 1342 1635 1395 εἶπον,
1650 1350 1712 1386 οὐκ
1723 1347 1843 1394 ἐπειδὴ
1855 1348 2020 1387 τοσούτου
2040 1349 2166 1400 χρόνου
2186 1349 2288 1400 μόνον
2305 1350 2370 1387 δεῖ·

1344 1426 1402 1448 ται
1421 1412 1489 1448 τῶν
1510 1409 1769 1464 ἡμαρτημένων
1792 1412 1909 1459 ἧμῖνὴ
1928 1408 2108 1462 διόρθωσις
2121 1440 2131 1457 ,
2145 1410 2222 1448 ἀλλ’
2246 1409 2367 1457 ἐπειδὴ

1341 1470 1524 1517 Δεσπότην
1554 1471 1680 1523 ἔχομεν
1711 1470 1952 1522 φιλάνθρωπον
1987 1471 2047 1508 καὶ
2074 1470 2219 1523 ἥμερον,
2239 1471 2299 1508 καὶ
2330 1473 2369 1509 οὐ

1343 1533 1452 1570 δεῖται
1475 1534 1599 1584 χρόνου
1626 1533 1775 1569 πολλοῦ·
1806 1531 1908 1582 μόνον
1932 1531 1991 1569 ἐὰν
2022 1531 2111 1582 μετὰ
2142 1533 2276 1577 πολλ’ἧς
2307 1535 2370 1578 τῆς

1343 1593 1552 1645 θερμότητος
1569 1594 1628 1631 καὶ
1644 1595 1707 1638 τῆς
1721 1593 1858 1644 νῆψεως
1878 1595 1971 1645 αὐτῷ
1988 1592 2204 1644 προσίωμεν,
2220 1594 2371 1640 ἀποστ-ἦ·

1342 1669 1463 1698 σαντες
1482 1653 1622 1696 ἑαυτοὺς
1644 1657 1714 1691 τῶν
1738 1653 1961 1705 βεὸιωμένων
1982 1654 2160 1701 ἁπάντων,
2183 1654 2242 1691 καὶ
2261 1670 2370 1707 προσ-

1341 1715 1539 1762 ηλώσαντες
1558 1718 1601 1766 τῇ
1623 1715 1752 1753 ἄνωθεν
1774 1718 1877 1767 ῥοπῇ.
1895 1715 1964 1752 Καὶ
1982 1714 2050 1766 γὰρ
2068 1718 2099 1752 οἱ
2117 1717 2298 1753 Νινευῖται
2314 1731 2371 1753 το-

1296 1779 1319 1809 Β
1342 1774 1452 1827 σούτῳ
1468 1776 1594 1822 πλήθει
1617 1776 1798 1827 ἁμαρτιῶν
1823 1775 2077 1827 βεὸαρημένοι,
2107 1777 2228 1823 ἐπειδὴ
2257 1778 2370 1828 πολλῇ

1341 1835 1401 1874 καὶ
1419 1836 1556 1890 ἀκριὲεῖ
1580 1839 1623 1887 τῇ
1653 1836 1819 1889 μετανοίᾳ
1843 1837 2060 1889 ἐχρήσαντο,
2091 1840 2153 1876 οὐκ
2179 1838 2371 1886 ἐδεήθησαν

1340 1897 1444 1935 πλέον
1470 1896 1493 1943 ἢ
1523 1900 1627 1950 τριῶν
1661 1900 1802 1950 ἡμερῶν
1837 1898 1923 1951 πρὸς
1959 1897 1998 1935 τὸ
2027 1898 2281 1937 ἐκκαλέσασθαι
2310 1903 2370 1938 τοῦ

1340 1959 1433 1996 Θεοῦ
1455 1958 1517 2005 τὴν
1534 1958 1749 2009 ἅγαθότητα,
1769 1958 1828 1997 καὶ
1855 1958 1917 2005 τὴν
1938 1961 2015 1997 κατ’
2036 1961 2153 1998 αὐτῶν
2183 1959 2372 2012 ἐξενεχθεῖ-

1340 2033 1404 2057 σαν
1424 2019 1599 2071 ἀπόφασιν
1618 2020 1744 2071 ἄκυρον
1765 2022 1954 2072 ἀποφῆναι.
1976 2020 2044 2058 Καὶ
2065 2020 2098 2058 τί
2122 2020 2235 2073 λέγω,
2255 2023 2285 2059 οἱ
2305 2023 2372 2060 Νι-

1341 2086 1494 2126 νευῖται;
1511 2079 1555 2118 Ὁ
1573 2080 1706 2131 λῃστὴς
1724 2085 1742 2119 ὁ
1756 2081 1814 2118 ἐπὶ
1830 2085 1890 2118 τοῦ
1917 2084 2067 2134 σταυροῦ
2088 2081 2163 2120 οὐδὲ
2185 2089 2267 2132 μιᾶς
2281 2083 2371 2133 ἡμέ-

1343 2156 1403 2193 ρας
1432 2141 1569 2188 ἐδεήθη.
1601 2141 1672 2179 Καὶ
1702 2142 1736 2178 τί
1764 2141 1856 2192 λέγω
1879 2148 1961 2192 μιᾶς
1982 2143 2135 2195 ἡμέρας
2166 2143 2258 2181 Οὐδὲ
2287 2146 2371 2195 βρα-

1341 2202 1440 2254 χείας
1459 2202 1564 2254 ὥρας.
1586 2201 1754 2249 Τοσαύτη
1781 2202 1873 2240 ἐστὶν
1905 2205 1926 2248 ἡ
1955 2203 2036 2254 περὶ
2069 2208 2163 2254 ἡμᾶς
2194 2209 2256 2242 τοῦ
2274 2207 2369 2243 Θεοῦ

1342 2263 1596 2315 φιλανθρωπία.
1614 2263 1779 2301 Ἐπειδὰν
1799 2262 1867 2314 γὰρ
1887 2264 1942 2314 ἴδῃ
1959 2264 2016 2301 τὸν
2040 2264 2138 2302 τόνον
2156 2268 2218 2311 τ’ἧς
2242 2266 2369 2316 ἡμετέ-

1343 2340 1404 2377 ρας
1426 2324 1588 2376 γνώμης,
1613 2325 1672 2363 καὶ
1690 2325 1786 2376 πόθῳ
1816 2324 1925 2368 ζέοντι
1951 2325 2158 2376 προσιόντας
2186 2330 2303 2377 ἡμᾶς,
2330 2327 2369 2364 οὗ

1345 2386 1486 2436 μέλλει,
1514 2386 1589 2424 οὐδὲ
1622 2385 1859 2424 ἀναῧάλλεται
1873 2401 1880 2409 ·
1921 2386 2011 2424 ἀλλὰ
2046 2392 2191 2438 ταχεῖαν
2224 2387 2371 2439 παρέχει

1342 2447 1407 2494 τὴν
1429 2449 1513 2499 παρ’
1541 2449 1662 2486 ἑαυτοῦ
1681 2445 1901 2499 φιλοτιμίαν,
1921 2447 1980 2484 καὶ
1996 2446 2091 2498 λέγει
2104 2446 2206 2486 ’Ἔτι
2226 2449 2371 2486 λαλοῦν-

1344 2509 1400 2554 τός
1420 2525 1480 2547 σου
1503 2511 1587 2561 ἐρῶ·
1610 2507 1682 2546 ἰδοὺ
1714 2507 1874 2561 πάρειμι.
1895 2505 1980 2546 ”AV
2006 2508 2119 2546 τοίνυν
2146 2511 2369 2559 βουληθῶμεν

1345 2570 1404 2608 καὶ
1431 2574 1532 2621 ἡμεῖς
1562 2571 1596 2607 ἐν
1619 2576 1695 2612 ταῖς
1713 2569 1847 2620 ὀλίγαις
1865 2568 2013 2620 ἡμέραις
2041 2569 2184 2613 ταύταις
2216 2568 2370 2616 σπουδήν

1298 2639 1322 2669 C
1346 2647 1423 2669 τινα
1445 2630 1701 2678 ἐπιδείξασθαι,
1723 2629 1783 2667 καὶ
1807 2632 1848 2680 τῇ
1881 2629 2068 2682 συμμαχίᾳ
2087 2632 2130 2680 τῇ
2151 2630 2220 2668 ἀπὸ
2237 2633 2299 2676 τῆς
2311 2645 2371 2677 νη-

1345 2692 1461 2736 στείας
1487 2694 1534 2734 εἷς
1551 2692 1625 2730 δέον
1645 2690 1868 2744 χρήσασθαι,
1889 2689 1948 2727 καὶ
1967 2689 2030 2736 τὴν
2061 2690 2230 2742 ῥᾳθυμίαν
2249 2693 2372 2729 ἀποτι-

1345 2752 1553 2803 ναξάμενοι,
1580 2752 1684 2804 εὐχὰς
1705 2754 1851 2794 ἐκτενεῖς
1870 2750 2084 2798 ποιήσασθαι
2112 2750 2198 2805 πρὸς
2223 2750 2282 2790 τὸν
2304 2754 2372 2790 Δε-

1346 2815 1492 2862 σπότην,
1511 2814 1644 2866 δάκρυα
1668 2813 1778 2864 Θερμὰ
1798 2812 1973 2864 προχέειν,
1994 2818 2198 2864 κατηγορεῖν
2218 2816 2372 2864 συνεχῶς

1346 2878 1415 2913 τῶν
1449 2878 1534 2926 ἡμῖν
1570 2874 1941 2925 πεπλημμελημένων,
1983 2873 2184 2926 προτιθέναι
2213 2874 2372 2926 καθάπερ

1348 2939 1456 2989 ἰατρῷ
1471 2935 1514 2974 τὰ
1536 2934 1689 2988 ἡμέτερα
1709 2934 1918 2986 τραύματα,
1934 2935 1993 2972 καὶ
2012 2933 2056 2972 τὰ
2080 2937 2141 2980 τῆς
2155 2936 2269 2986 ψυχῆς
2285 2935 2369 2981 ἕλκη

1349 2997 1542 3044 δεικνύναι,
1574 2997 1634 3035 καὶ
1656 2996 1717 3043 τὴν
1751 2998 1835 3047 παρ’
1867 2997 1971 3033 αὐτοῦ
1999 2994 2154 3046 ἰατρείαν
2181 2997 2371 3042 ἐπιζητεῖν,

360 3145 372 3159 ¹¹
399 3135 490 3167 Unus
516 3133 631 3166 Codex
657 3147 672 3165 a
699 3135 824 3167 Savilio
853 3145 1057 3170 memoratus
1085 3142 1186 3172 οὲκοῡν
1212 3143 1324 3182 ,Eo-akrs
1360 3139 1481 3171 Verum
1495 3150 1561 3171 non
1579 3137 1722 3170 insoleus
1738 3145 1785 3169 est
1802 3136 2145 3179 Chrysostomo,cum
2165 3134 2370 3177 longissimas

317 3192 425 3228 θῶμεν,
438 3198 509 3229 quae
527 3185 626 3218 lectio
644 3185 719 3218 licet
746 3186 884 3219 omnino
911 3199 976 3220 non
1005 3187 1151 3231 placeat,
1173 3197 1323 3222 attamen
1358 3192 1461 3223 nectit
1477 3190 1642 3232 periodos,
1655 3191 1852 3222 seutentiam
1869 3201 1935 3222 nou
1953 3187 2120 3230 perticere,
2133 3187 2198 3221 alio
2216 3186 2371 3221 videlicet

316 3238 511 3270 sententiam
545 3237 690 3280 alioquin
718 3238 946 3279 imperfectam
973 3239 1106 3282 plenam
1137 3239 1318 3274 exhibebit.
1356 3241 1400 3274 ob
1415 3243 1544 3284 copiam
1562 3242 1799 3274 sententiarum
1819 3239 1993 3273 abductus.
