2433 3775
176 200 204 231 X
1079 194 1323 225 PRJEFATlO.

1138 339 1162 389 §
1183 338 1249 375 lv.
2108 334 2116 348 ¹

231 471 293 508 De
304 470 488 508 Editione
503 468 619 506 LXX
629 468 886 517 Interpretum
906 475 986 515 qua
1005 473 1095 502 usus
1111 468 1168 498 est
1183 460 1500 509 chrysostomus,
1519 473 1544 497 a
1560 463 1754 499 communi
1773 461 1989 513 aliquando
2002 462 2167 501 diversa.

232 595 399 633 Diversas
417 607 492 631 aevo
513 588 759 643 Chrysostomi
779 588 887 625 fuisse
907 585 1094 624 Editiones
1113 587 1183 624 τῶν
1204 584 1252 634 Ο,
1268 593 1375 636 atque
1396 584 1432 622 in
1449 583 1601 623 diversis
1620 584 1788 624 Ecclesiis
1806 600 1878 625 non
1898 587 2039 625 easdem
2059 589 2224 639 usurpari

178 664 298 694 narrat
318 655 572 704 Hieronymus,
597 651 852 703 Chrysostomo
872 647 1029 699 aequalis.
1051 645 1322 696 «Alexandria,
1342 646 1458 697 inquit
1480 646 1689 684 Praefatione
1707 646 1744 685 in
1770 647 1883 685 libros
1908 648 2223 700 Paralipomenon,

177 725 211 753 et
230 715 409 767 AEgyptus
433 713 469 750 in
498 711 603 750 LXX
621 711 695 749 suis
722 709 945 763 Hesychium
963 707 1087 747 laudat
1114 716 1322 758 auctorem,
1345 707 1671 760 Constantinopolis
1693 722 1804 759 usque
1823 707 2051 746 Antiochiam
2076 707 2225 746 Luciani

179 776 347 828 martyris
371 773 588 826 exemplaria
607 773 756 825 probat;
776 770 902 810 mcdiae
924 770 1015 808 inter
1028 770 1093 808 has
1120 768 1313 822 provinciae
1335 768 1541 806 Palaestinos
1560 768 1709 807 Codices
1727 769 1863 820 legunt,
1882 783 1970 820 quos
1999 769 2045 807 ab
2070 769 2226 821 Origene

178 838 374 875 elaboratos
395 834 573 873 Eusebius
593 843 626 871 et
643 832 852 885 Pamphilus
865 831 1123 883 vulgaverunt:
1141 839 1304 882 totusque
1324 830 1422 869 orbis
1439 830 1508 868 hac
1524 830 1616 868 inter
1632 844 1668 868 se
1687 831 1863 868 contraria
1884 830 2055 868 varietate
2076 844 2223 883 compu-

179 907 274 949 gnat.
287 913 306 933 1)
326 897 374 935 Et
392 897 429 934 in
450 895 611 948 Epistola
634 893 680 932 ad
696 893 949 946 Augustinum,
970 906 1047 943 quae
1066 900 1117 929 est
1134 891 1169 929 in
1191 901 1368 944 postrema
1390 891 1555 930 Editione
1574 890 1637 940 74,
1657 893 1843 943 εἰρωνικῶς
1858 891 2006 941 loquens
2022 891 2094 929 ait:
2119 907 2137 927 «
2158 891 2225 930 Vis

179 968 317 998 amator
329 972 402 996 esse
420 971 526 995 verus
545 955 650 994 LXX
668 954 933 1007 Interpretumi‘
951 955 1033 992 Non
1048 953 1144 1004 legas
1159 967 1213 1003 ea,
1235 967 1313 1003 quae
1326 952 1393 990 sub
1405 951 1580 990 asteriscis
1595 961 1676 989 sunt
1691 967 1699 988 :
1715 951 1787 989 imo
1800 951 1884 989 rade
1902 951 1947 989 de
1961 951 2222 1001 voluminibus,

181 1030 220 1058 ut
249 1029 409 1059 veterum
433 1026 464 1056 te
482 1018 656 1055 fautorem
677 1015 815 1068 probes.
830 1014 935 1061 Quod
957 1015 986 1052 si
1014 1013 1149 1062 feceris,
1170 1013 1330 1051 omnium
1352 1012 1594 1051 Ecclesiarum
1619 1012 1856 1050 bibliothecas
1881 1013 2051 1049 damnare
2079 1011 2226 1063 cogeris.

181 1081 258 1118 Vix
272 1080 367 1118 enim
390 1092 481 1116 unus
499 1087 561 1115 aut
580 1077 670 1114 alter
686 1075 890 1113 inveniatur
910 1075 1016 1124 liber,
1036 1074 1097 1125 qui.
1116 1073 1183 1111 ista
1202 1088 1271 1112 non
1290 1074 1459 1113 habeat.»
1477 1075 1535 1112 Ex
1560 1074 1617 1112 his
1636 1074 1722 1112 locis
1747 1074 1929 1126 colligitur
1947 1074 2050 1126 longe
2068 1074 2228 1113 diversas

181 1144 273 1181 inter
289 1156 324 1180 56
344 1141 452 1178 fuisse
472 1139 579 1177 LXX
605 1139 843 1190 Interpretum
862 1135 1063 1182 Editiones‚
1087 1134 1260 1185 illamque
1278 1133 1522 1172 diversitatem
1552 1135 1623 1186 peti
1653 1134 1780 1172 debere
1795 1149 1840 1172 ex
1865 1135 1975 1173 variis
1991 1136 2227 1187 Interpretum

181 1203 281 1252 locis,
303 1216 430 1253 nempe
451 1200 603 1251 Aquitae,
623 1197 856 1251 Symmachi,
876 1196 1136 1235 Theodotionis
1157 1204 1191 1233 et
1216 1194 1381 1243 aliorum,
1402 1208 1479 1244 quae
1498 1194 1575 1232 loca
1600 1195 1773 1246 Origenes
1803 1195 1995 1233 inseruerat
2019 1195 2056 1233 in
2090 1204 2229 1233 textum

181 1268 250 1303 τῶν
266 1266 310 1313 Ο,
332 1276 414 1301 cum
432 1260 608 1299 asteriscis
626 1260 665 1297 id
683 1258 938 1297 indicantibus.
963 1259 1053 1306 Quae
1072 1257 1225 1295 aliarum
1246 1255 1451 1295 versionum
1470 1256 1656 1306 particulae
1676 1256 1712 1294 in
1728 1256 1996 1308 exemplaribus
2023 1257 2146 1295 multis
2175 1271 2229 1295 re-

183 1332 410 1372 manserunt,
436 1322 473 1359 in
499 1321 579 1359 aliis
597 1320 718 1372 plures
732 1349 742 1368 ,
765 1319 802 1356 in
820 1318 900 1356 aliis
919 1317 1114 1371 pauciores.
1130 1319 1262 1355 Praeter
1280 1316 1380 1354 illam
1395 1315 1614 1355 diversitatis
1639 1331 1782 1354 causam
1811 1316 1888 1354 aliae
1907 1316 2004 1354 haud
2023 1317 2132 1355 dubie
2150 1317 2227 1355 fue-

183 1394 282 1436 runt,
302 1385 355 1422 uti
375 1383 464 1422 solet
489 1382 524 1420 in
544 1381 646 1419 libris
673 1379 776 1418 toties
794 1378 1002 1431 descriptis,
1016 1378 1118 1417 toties
1139 1377 1345 1416 emendatis.
1357 1376 1515 1428 Indeque
1537 1387 1589 1415 est
1610 1377 1706 1428 quod
1725 1391 1794 1415 non
1814 1392 1893 1415 raro
1916 1376 2081 1416 videmus
2099 1392 2117 1415 a
2139 1378 2229 1416 scri-

183 1447 347 1499 ptoribus
379 1444 535 1492 Graecis,
555 1451 589 1480 et
616 1454 885 1492 nonnumquam
915 1454 935 1478 a
969 1439 1153 1490 Patribus,
1187 1438 1224 1476 in
1250 1438 1378 1491 primis
1398 1452 1482 1478 vero
1504 1453 1523 1476 a
1547 1437 1730 1488 librariis,
1760 1437 1822 1489 qui
1850 1438 2068 1491 exemplaria
2097 1442 2165 1477 τῶν
2198 1441 2230 1477 Ο

183 1508 460 1560 descripserunt,
482 1503 688 1542 Editionem
707 1504 776 1540 τῶν
797 1503 829 1540 Ο
847 1500 1115 1540 commemorari
1131 1509 1164 1538 et
1183 1513 1265 1538 cum
1281 1506 1380 1536 textu
1395 1512 1458 1536 suo
1477 1497 1690 1550 comparari,
1706 1497 1770 1548 qui
1790 1507 1906 1535 tamen
1921 1506 2039 1536 textus
2060 1507 2110 1536 est
2126 1497 2232 1536 etiam

184 1572 254 1608 τῶν
273 1570 321 1619 Ο,
342 1567 403 1605 sed
428 1565 553 1604 multis
571 1563 742 1602 admixtis
760 1563 1006 1602 varietatibus.
1026 1562 1069 1600 Id
1097 1561 1204 1600 etiam
1222 1558 1321 1612 apud
1339 1559 1638 1611 Chrysostomum
1657 1559 1834 1607 observes,
1854 1558 2010 1597 maxime
2036 1572 2120 1597 vero
2139 1559 2232 1596 Con—

186 1629 369 1669 mentariis
390 1629 426 1666 in
446 1627 619 1677 Psalmos,
641 1625 704 1663 ubi
720 1633 907 1678 postquam
924 1624 980 1662 sui
998 1623 1214 1676 exemplaris
1228 1620 1415 1659 lectionem
1431 1619 1564 1669 attulit,
1579 1620 1688 1658 aliam
1709 1633 1976 1671 nonnumquam
2005 1620 2108 1657 affert
2132 1619 2233 1670 quasi

186 1707 232 1730 cx
252 1689 484 1743 Septuaginta
508 1686 792 1740 Interpretibus;
816 1685 864 1723 ita
883 1695 922 1723 ut
939 1685 1056 1738 primo
1086 1692 1273 1737 conspectu
1291 1682 1458 1721 videatur
1483 1682 1667 1734 exemplar
1684 1695 1756 1734 quo
1774 1681 1939 1719 utebatur
1957 1681 2234 1734 Chrysostomus

187 1753 290 1791 aliud
310 1766 407 1800 esse,
430 1751 493 1789 etsi
512 1749 696 1801 exemplar
728 1746 822 1785 illud
849 1761 917 1785 non
935 1747 1043 1786 aliam
1072 1760 1181 1798 quam
1200 1743 1406 1782 Editionem
1422 1746 1492 1781 τῶν
1513 1744 1544 1782 Ο
1561 1742 1731 1791 haberet;
1752 1742 1813 1780 sed
1831 1742 1878 1780 ob
1900 1756 2008 1794 supra
2023 1750 2234 1780 memoratas

188 1829 310 1854 causas
330 1814 367 1852 in
385 1812 509 1850 multis
530 1811 711 1849 diversam
730 1809 776 1847 ab
795 1822 833 1846 ea
849 1822 929 1859 quae
946 1808 983 1845 in
1004 1806 1201 1859 Hexaplari
1220 1804 1389 1843 Editione
1415 1804 1461 1842 ab
1479 1804 1634 1856 Origene
1653 1803 1768 1857 posita
1787 1804 1914 1842 fuerat.
1930 1805 1985 1842 De
2010 1803 2068 1842 his
2086 1803 2115 1841 si
2130 1803 2231 1856 plura

187 1875 378 1922 desideres,
402 1873 546 1911 consule
567 1869 824 1909 praeliminaria
846 1877 966 1906 nostra
987 1868 1024 1906 in
1044 1868 1207 1919 Hexapla
1226 1865 1407 1917 OrigeniS.

240 1938 293 1975 Ut
317 1935 363 1973 ad
383 1948 457 1972 rem
480 1932 685 1980 veniamus,
700 1930 883 1981 exemplar
899 1928 1146 1982 Chrysostomi
1162 1928 1198 1965 in
1216 1927 1385 1966 Genesim
1403 1926 1441 1964 in
1464 1939 1537 1964 non
1560 1925 1683 1978 paucis
1706 1925 1830 1963 differt
1856 1925 1902 1963 ab
1927 1924 2096 1964 Editione
2110 1927 2178 1963 τῶν
2202 1925 2233 1961 Ο

188 1998 350 2049 vulgata,
366 2010 444 2046 quae
461 1993 619 2032 omnium
635 1991 799 2030 manibus
818 1990 1079 2039 circumfertur,
1095 2002 1273 2040 quamque
1290 1987 1497 2025 Editionem
1511 1987 1709 2025 Romanam
1731 1986 1953 2038 appellamus
1963 2001 1973 2035 3
1989 1985 2054 2024 etsi
2073 2000 2142 2024 non
2157 1995 2235 2024 tan-

189 2070 262 2098 tam
276 2056 522 2096 diversitatem
539 2054 599 2092 hic
618 2051 957 2099 animadvertamus,
968 2059 1137 2101 quantam
1147 2048 1315 2087 Homiliis
1333 2048 1369 2086 in
1389 2049 1562 2086 Psalmos.
1577 2047 1804 2086 varietatum
1823 2055 1941 2084 autem
1956 2046 2119 2098 exempla
2135 2060 2233 2096 quae-

189 2121 274 2160 dam
293 2119 353 2157 hic
370 2118 499 2156 afferre
517 2115 605 2153 libet
622 2129 630 2150 ε
652 2111 851 2150 minuscula
871 2120 963 2149 certe
989 2110 1198 2149 discrimina
1218 2108 1248 2146 si
1263 2109 1483 2155 afferremus,
1503 2106 1749 2157 longissimam
1764 2115 1962 2144 texeremus
1977 2105 2236 2158 praefationem,

191 2191 297 2231 atque
313 2189 574 2231 supervacuum
598 2173 758 2211 laborem
778 2171 877 2209 nullo
893 2171 1011 2209 fructu
1037 2170 1296 2222 susciperemus
1313 2183 1321 2204 :
1341 2182 1424 2205 nam
1443 2167 1651 2205 discrimina
1669 2167 1732 2204 illa
1757 2166 1892 2204 leviora
1911 2197 1920 2213 ,
1944 2175 1980 2204 ut
1999 2166 2167 2218 pleraque
2191 2181 2235 2204 ex

195 2241 411 2280 antiochena
430 2238 491 2276 illa
505 2240 573 2274 τῶν
591 2237 622 2273 Ο
643 2233 809 2272 Editione
825 2240 1014 2270 manarunt
1030 2247 1041 2281 ;
1060 2232 1109 2269 ita
1124 2231 1237 2269 multa
1258 2229 1328 2268 alia
1350 2228 1580 2266 librariorum
1598 2227 1688 2265 vitio
1704 2241 1724 2264 a
1745 2227 1991 2279 Chrysostomi
2010 2236 2167 2279 tempore
2178 2227 2234 2264 in-

192 2304 299 2342 ducta
311 2318 322 2352 3
348 2315 415 2339 non
433 2312 546 2352 pauca
565 2297 672 2334 ctiam
687 2309 732 2333 ex
748 2303 885 2333 oratore
902 2293 979 2345 ipso
993 2293 1050 2331 vel
1070 2291 1272 2330 memoriter
1287 2291 1465 2340 loquente,
1482 2289 1540 2327 vel
1555 2290 1749 2340 Scripturae
1770 2288 1896 2326 seriem
1912 2288 1959 2326 ad
1972 2303 2075 2326 suam
2090 2289 2233 2326 concin-

195 2374 299 2403 nante
319 2371 395 2401 orta
417 2369 510 2399 sunt.
531 2358 624 2397 Satis
652 2369 735 2407 ergo
761 2354 862 2393 nobis
882 2354 948 2392 erit
981 2368 1025 2391 ex
1047 2352 1238 2406 praecipuis
1259 2350 1491 2390 varictatibus
1517 2350 1704 2388 nonnullas
1723 2349 1770 2386 ad
1785 2349 1989 2401 exemplum
2009 2358 2042 2386 et
2058 2349 2235 2401 specimen

196 2436 333 2464 tantum
353 2423 490 2461 afferre.
512 2421 600 2471 Cap.
625 2419 648 2455 4
672 2419 777 2465 Gen.,
798 2431 834 2455 v.
852 2418 891 2466 6,
908 2413 1012 2453 LXX
1037 2414 1185 2463 habent,
1207 2413 1276 2451 Καὶ
1301 2412 1456 2458 ἐλυπήθη
1486 2412 1573 2450 Κάϊν
1601 2410 1692 2453 λίαν,
1708 2410 1767 2448 καὶ
1793 2409 1960 2448 συνέπεσε
1983 2412 2033 2462 τῷ
2058 2409 2236 2463 προσώπῳ

196 2489 321 2526 αὖτοῧε
342 2486 396 2522 Et
422 2483 672 2520 contristatus
692 2487 746 2516 est
770 2479 871 2516 Cain
891 2475 1024 2525 valde,
1043 2483 1079 2515 et
1098 2475 1267 2513 concidit
1286 2474 1399 2511 vultu
1421 2486 1502 2510 suo.
1523 2471 1594 2510 Ubi
1612 2471 1888 2524 Chrysostomus
1906 2470 2021 2508 active
2041 2486 2048 2507 ε
2070 2470 2140 2508 Καὶ
2159 2470 2236 2508 ἐλύ-

196 2563 287 2596 πησε
304 2546 392 2586 Κάϊν
411 2543 503 2591 λίαν,
522 2541 582 2580 καὶ
599 2539 765 2578 συνέπεσε
779 2538 818 2576 τὸ
833 2537 1018 2591 πρόσωπον
1038 2538 1161 2574 αὐτοῦς
1184 2536 1238 2573 Et
1257 2537 1415 2572 tristitia
1441 2535 1579 2586 affecit
1601 2533 1703 2570 Cain
1724 2532 1844 2569 valde
1856 2549 1869 2577 ;
1888 2540 1925 2569 et
1951 2532 2120 2570 concidit
2147 2532 2236 2569 vul-

197 2618 258 2647 tus
286 2610 378 2660 ejus.
405 2605 579 2643 Tristitia
600 2601 753 2654 affecit,
778 2598 917 2651 supple,
946 2598 1066 2643 Dens,
1091 2596 1154 2647 qui
1174 2594 1278 2633 modo
1298 2595 1519 2645 loquebatur.
1542 2593 1614 2631 Alii
1633 2601 1753 2630 autem
1781 2593 2002 2644 Interpretes,
2025 2594 2148 2629 iratus
2163 2599 2234 2638 cst,

197 2676 378 2707 verterunt
398 2663 491 2703 illud
510 2663 630 2709 ἻΠὝἹ.
649 2661 734 2712 Cap.
756 2661 793 2708 5,
809 2674 843 2698 v.
858 2662 897 2706 9,
914 2658 988 2695 haec
1004 2657 1126 2704 verba,
1148 2656 1217 2695 Καὶ
1239 2655 1422 2706 εὐλόγησεν
1443 2653 1582 2702 αὐτούς,
1603 2662 1640 2691 ct
1663 2654 1857 2691 benedixit
1879 2666 1957 2701 eos,
1976 2666 2053 2703 quae
2076 2651 2111 2689 in
2132 2649 2236 2689 LXX

197 2730 385 2775 habentur,
408 2735 441 2764 et
459 2740 504 2762 cx
518 2722 691 2761 Hebraico
708 2735 873 2774 expressa
887 2728 984 2769 sunt,
1006 2719 1041 2756 in
1062 2717 1307 2770 Chrysostomi
1325 2715 1520 2768 exemplari
1542 2729 1609 2752 non
1632 2714 1817 2752 exstabant
1836 2729 1846 2763 3
1871 2728 1934 2751 nec
1951 2713 2023 2751 dici
2044 2721 2157 2765 potest
2175 2712 2237 2749 illa

199 2789 433 2844 praetermissa
447 2787 556 2824 fuisse
576 2784 630 2823 vel
645 2798 665 2821 a
685 2781 843 2820 librariis
861 2781 919 2821 vel
938 2795 957 2819 a
978 2781 1233 2833 Glirysostomo
1249 2786 1369 2816 orante
1389 2793 1396 2813 ε
1420 2790 1500 2813 uam
1520 2784 1645 2826 quater
1674 2775 1730 2813 vel
1751 2774 1936 2825 quinquies
1964 2782 2183 2826 repetuntur,
2205 2782 2239 2810 et

199 2854 488 2905 Chrysostomus,
510 2847 570 2897 qui
593 2846 669 2883 haec
685 2843 889 2883 minutatim
903 2842 1069 2894 explicat,
1089 2854 1156 2878 non
1174 2837 1473 2892 przetermissurus
1494 2845 1567 2873 erat
1593 2836 1691 2873 illam
1709 2835 2003 2882 benedictionem,
2019 2835 2046 2872 si
2068 2834 2102 2871 in
2118 2847 2237 2871 exem-

199 2914 291 2966 plari
318 2927 381 2950 suo
405 2909 585 2948 adfuisset.
607 2907 695 2944 Aliae
718 2903 911 2944 identidem
931 2910 1120 2941 occurrunt
1139 2901 1245 2939 variae
1265 2900 1442 2946 lectiones,
1470 2896 1530 2935 scd
1551 2906 1587 2934 ut
1616 2897 1812 2949 plurimum
1841 2897 1946 2934 leves.
1976 2897 2100 2934 Genus
2122 2904 2239 2933 autem

200 2974 382 3014 varietatis
402 2969 502 3009 aliud
530 2983 598 3006 non
629 2982 708 3005 raro
727 2966 900 3019 reperitur
917 2981 924 3001 :
947 2962 1241 3016 interpunctionis
1261 2959 1424 2999 videlicet
1443 2958 1655 3006 discrimen,
1675 2956 1770 3008 quod
1799 2966 1894 3007 tute,
1919 2956 2072 2994 candide
2102 2956 2212 2994 lector
2228 2985 2238 3004 ,

201 3038 291 3076 inter
311 3033 498 3086 legendum
514 3029 784 3067 animadvertes.

253 3098 344 3136 Sunt
363 3104 395 3132 et
417 3093 484 3130 alia
504 3092 536 3128 iu
557 3090 688 3140 quibus
705 3090 980 3141 Chrysostomus
993 3085 1188 3137 Scriptura:
1210 3092 1345 3121 textum
1365 3081 1411 3119 ad
1429 3080 1552 3118 seriem
1568 3093 1667 3117 suam
1683 3079 1918 3125 concinnavit,
1937 3086 1975 3114 ut
1993 3091 2068 3114 mos
2084 3085 2134 3114 est
2153 3090 2237 3113 con-

200 3156 440 3197 cionatoribus
454 3184 464 3202 ,
482 3162 520 3189 ut
541 3151 640 3189 verbi
668 3165 770 3187 causa
791 3165 826 3202 p.
843 3150 920 3186 »400
936 3149 1033 3186 locus
1049 3147 1129 3195 hie,
1145 3160 1220 3197 cap.
1239 3147 1286 3182 17
1301 3175 1310 3190 ,
1330 3159 1365 3181 v.
1390 3145 1439 3180 132
1457 3157 1463 3178 :
1487 3142 1632 3178 Παιδίον
1654 3139 1744 3177 ὀκτὼ
1771 3142 1911 3191 ἡμερῶν
1940 3137 2238 3188 περιτμηθήσεται

200 3221 373 3271 ὑμῖν,καί
400 3213 574 3267 οἰκογενὴς
602 3213 659 3249 καὶ
688 3212 949 3264 ἀργυρώνητος,
975 3210 1034 3248 καὶ
1056 3208 1181 3250 πάντες
1206 3206 1436 3250 ἁπαξαπλῶς,
1459 3206 1503 3245 ὡς
1532 3204 1658 3244 εἰπεῖν,
1681 3203 1711 3238 o‘t
1738 3205 1894 3243 συνόντες
1922 3204 2001 3248 ὑμῖν
2028 3199 2066 3236 τὸ
2095 3203 2236 3247 σημεῖον

199 3287 300 3320 τοῦτο
333 3279 495 3323 δέξονται.
518 3274 584 3313 Καὶ
621 3272 713 3315 ὅστις
752 3275 789 3309 οὐ
816 3270 1113 3323 περιτμ.η()τ’,σεται
1142 3272 1183 3320 τῇ
1216 3267 1330 3318 ἡμέρᾳ
1354 3269 1395 3316 τῇ
1421 3262 1687 3312 διατεταγμένῃ.
1704 3261 2032 3312 ἐξολοῦρευθήσεται,
2050 3259 2114 3295 llic
2146 3268 2237 3295 rorte

200 3343 309 3380 inulta
326 3337 476 3378 mutavit
491 3335 778 3386 (lluysostuums,
799 3341 903 3381 atque
917 3331 1109 3382 Scriptura·
1127 3328 1250 3366 seriem
1276 3327 1308 3364 iu
1339 3326 1417 3362 11161
1433 3325 1537 3362 iorem
1560 3324 1707 3360 tiu-mam
1728 3321 1859 3369 redegit
1878 3351 1886 3360 .
1908 3334 2018 3371 neque
2038 3319 2236 3371 putandum

199 3413 248 3440 est
263 3403 311 3440 sic
330 3402 361 3438 iu
383 3400 459 3450 ejus
478 3393 670 3445 exemplari
693 3392 862 3442 scriptum
881 3391 996 3428 fuisse.
