2433 3775
76 1257 99 1274 t.
124 1246 192 1275 Cor.
211 1247 256 1277 15.

72 1287 121 1315 33.

702 192 721 222 S
731 212 739 222 .
777 191 964 222 JOANNIS
1000 189 1245 221 CHRYSOST.

273 182 333 236 42

272 283 443 327 tempore,
459 288 530 325 quo
543 288 678 313 coronae
693 283 725 312 et
739 275 902 313 laborum
919 274 1064 326 praemia
1078 285 1226 311 sumun-

272 343 343 383 tur,
363 334 452 372 inter
468 349 526 373 cos
540 334 652 373 simus
663 365 674 385 ‚
693 335 753 386 qui
770 335 908 387 pudore
925 334 1145 381 afficientur3
1165 331 1227 369 sed

272 395 364 433 inter
379 409 437 434 eos
450 395 511 446 qui
530 409 611 433 cum
629 395 757 433 fiducia
777 395 954 447 capitibus
969 406 1115 432 coronas
1129 392 1225 429 exci-

272 455 381 507 pient.
400 456 474 494 Hoc
487 456 659 508 prooemio
672 455 770 507 apud
786 456 968 492 caritatem
982 462 1136 491 vestram
1154 466 1223 489 non
1249 461 1272 489 Α

273 523 416 564 temere,
431 529 542 566 neque
556 515 592 552 in
604 528 734 552 vanum
758 514 892 550 utimur
907 528 914 549 :
931 513 993 550 sed
1005 511 1166 564 quotidie
1181 510 1225 549 de

273 572 375 611 bonis
396 573 562 624 operibus
580 585 644 610 vos
663 571 852 609 admonere
871 571 1035 623 cupimus
1048 600 1060 621 ‚
1084 579 1123 608 ut
1144 584 1225 622 per-

272 633 352 670 fecti
366 661 377 681 ,
399 631 655 681 consummati,
684 631 950 683 virtutibusque
976 630 1126 684 praedita
1154 630 1230 669 vita

272 692 482 744 spectabiles
498 692 595 740 facti,
610 692 687 730 sitis
700 692 1028 744 irreprehensibiles
1042 701 1075 730 et
1091 692 1229 741 sinceri,

272 753 493 791 immaculati
517 753 585 791 filii
603 753 669 791 Dei
689 770 696 790 :
714 762 748 792 et
763 753 910 791 luceatis
929 753 1021 791 sicut
1035 753 1227 791 luminaria

271 814 308 852 in
337 814 490 864 mundo,
511 806 724 853 sermonem‘
740 815 822 853 vita:
852 814 1023 852 habentes
1050 814 1087 852 in
1115 814 1228 852 nostri

273 876 519 928 gloriationem
539 875 575 914 in
597 876 656 914 die
675 877 829 925 Christi,
852 885 891 913 ut
909 876 966 915 vel
987 876 1062 914 solo
1083 884 1227 928 aspectu

272 937 316 975 iis
335 936 502 989 prodesse
518 937 660 989 possitis
679 937 738 988 qui
760 937 946 975 vobiscum
967 946 1169 986 versantur,
1189 945 1229 974 ut

272 1007 398 1035 vestrae
421 998 618 1050 spiritualis
635 998 853 1049 fragrantiae‚
877 1007 1074 1048 vestraeque
1085 998 1228 1049 optimae

271 1057 355 1096 vitoe
366 1057 514 1096 rationis
527 1072 573 1096 ex
585 1058 712 1097 vestris
725 1057 910 1108 colloquiis
925 1057 1012 1094 fiant
1025 1057 1228 1109 participes.

273 1118 413 1156 Etenim
435 1118 526 1156 sicut
544 1119 790 1171 improborum
808 1117 1024 1156 consuetudo
1043 1117 1229 1155 familiari-

272 1178 340 1217 bus
361 1179 435 1217 suis
460 1179 616 1217 multum
641 1189 755 1228 nocet,
776 1177 1076 1230 quemadmodum
1105 1178 1229 1216 beatus

275 1238 407 1277 Paulus
422 1239 538 1290 inquit
561 1254 568 1276 :
592 1240 849 1291 Corrumpunt
871 1241 990 1276 bonos
1010 1252 1132 1276 mores
1148 1238 1230 1275 col—
1254 1256 1276 1285 Β

275 1300 409 1352 loquia
427 1313 552 1351 prava
577 1315 587 1336 :
608 1299 659 1337 sic
678 1309 711 1337 et
727 1300 903 1337 bonorum
923 1299 1143 1337 familiaritas
1161 1312 1228 1336 una

273 1361 498 1399 versantibus
509 1360 665 1398 maxima
673 1360 857 1398 commoda
865 1361 979 1398 affert.
987 1360 1230 1406 Quamobrem

273 1421 448 1472 benignus
477 1421 654 1459 Dominus
675 1431 792 1459 noster
814 1421 906 1460 iuter
930 1421 1041 1459 malos
1069 1420 1230 1473 permisit

273 1482 384 1520 bonos
395 1482 530 1531 vivere,
545 1491 584 1519 ut
597 1482 749 1534 improbi
766 1483 906 1520 lucrum
917 1482 1062 1533 aliquod
1075 1482 1229 1520 habeant

274 1556 316 1580 ex
337 1556 376 1580 ea
395 1542 669 1591 consuetudine,
690 1557 753 1581 nee
774 1558 912 1595 semper
934 1544 970 1581 in
999 1558 1061 1581 sua
1082 1557 1227 1595 perma-

274 1612 378 1640 neant
397 1603 533 1641 malitia
557 1620 564 1639 ε
589 1604 648 1642 sed
671 1605 782 1642 bonos
810 1604 977 1642 continuo
999 1614 1079 1643 ante
1108 1604 1229 1643 oculos

274 1673 468 1715 spectantes
484 1694 495 1714 ,
518 1664 655 1715 aliquid
675 1665 840 1703 utilitatis
868 1680 914 1703 ex
944 1679 1066 1703 eorum
1088 1664 1229 1717 capiant

273 1725 524 1763 familiaritate.
543 1726 658 1763 Tanta
669 1726 763 1763 cuim
777 1726 922 1764 virtutis
935 1726 1089 1778 potentia
1107 1735 1172 1776 est,
1192 1735 1231 1763 ut

274 1795 500 1823 revereantur
518 1795 551 1823 et
570 1785 725 1823 multum
744 1786 888 1823 laudent
902 1800 979 1824 eam
993 1816 1004 1835 ‚
1032 1787 1138 1824 etiam
1167 1785 1230 1836 qui

274 1844 335 1881 illa
356 1855 485 1882 carent.
501 1845 602 1884 Sicut
618 1854 651 1882 et
665 1845 794 1886 vitium
813 1845 920 1883 etiam
940 1846 985 1883 ab
1000 1846 1056 1894 iis,
1068 1846 1128 1896 qui
1145 1846 1231 1884 mali

275 1913 375 1955 sunt,
401 1905 553 1944 subinde
579 1916 766 1944 accusatur
788 1915 822 1944 et
842 1907 1000 1959 carpitur
1021 1923 1028 1943 :
1049 1907 1138 1945 adeo
1167 1906 1230 1945 vi—

275 1967 364 2004 tium
390 1968 556 2006 omnibus
586 1977 637 2006 est
664 1968 891 2005 manifestum
918 1978 951 2006 et
979 1969 1228 2021 perspicuum,
1254 1984 1278 2015 C

275 2043 387 2080 neque
407 2029 523 2066 ullum
551 2043 722 2080 umquam
741 2029 844 2067 facile
863 2029 1018 2082 reperias
1038 2030 1099 2081 qui
1120 2029 1232 2067 libere

275 2090 412 2127 malum
431 2104 468 2127 se
485 2104 556 2127 esse
570 2090 782 2142 profiteatur
801 2107 809 2127 :
832 2089 892 2128 sed
906 2090 1002 2140 quod
1020 2091 1151 2128 minim
1164 2099 1229 2140 est,

276 2149 417 2202 ipsimet
437 2165 495 2199 ea,
516 2165 593 2201 quae
617 2151 784 2202 operibus
802 2151 917 2189 facere
938 2160 1131 2199 attentant,
1152 2165 1231 2189 ver-

276 2211 332 2249 bis
349 2211 442 2249 mala
461 2225 534 2249 esse
553 2211 726 2259 fatentur,
746 2226 786 2249 ac
802 2211 979 2263 plerisque
1000 2211 1137 2249 occulta
1159 2224 1233 2248 esse

277 2271 421 2311 vellent.
437 2271 544 2317 Quod
559 2281 592 2309 et
610 2271 726 2324 ipsum
743 2271 875 2309 divinae
892 2271 1142 2309 misericordiae
1159 2280 1230 2321 est,

277 2347 355 2384 quae
369 2333 554 2370 hominum
570 2333 687 2384 generi
705 2333 894 2383 concessit,
912 2342 948 2370 ut
965 2333 1156 2383 unicuique
1173 2347 1232 2370 no-

278 2403 390 2431 strum
411 2394 558 2432 insitum
587 2394 631 2432 sit
664 2394 907 2445 incorruptum
932 2393 1113 2446 judicium
1143 2408 1230 2431 con-

278 2455 452 2505 scientiae,
487 2455 585 2506 quod
614 2465 774 2494 accurate
794 2464 944 2507 potesta
976 2455 1069 2493 malo
1097 2455 1231 2492 bonum

279 2515 497 2564 discernere3
518 2516 624 2568 idque
641 2517 864 2570 potissimum
887 2530 1027 2554 omnem
1041 2516 1144 2554 nobis
1164 2515 1231 2554 de-

280 2577 474 2615 fensionem
502 2578 616 2626 tollit,
637 2577 733 2629 quod
764 2592 832 2615 non
852 2592 915 2630 per
935 2577 1169 2629 ignorantiam
1195 2577 1232 2614 in

282 2647 424 2689 peccata
444 2638 664 2687 incidamus,
694 2639 757 2677 sed
777 2653 839 2691 per
867 2638 992 2676 animae
1007 2637 1182 2676 desidiam
1201 2646 1233 2676 et
1255 2655 1281 2684 1)

282 2699 428 2738 virtutis
444 2709 671 2738 contemtum.
1040 2709 1045 2712 “

336 2889 372 2925 5.
390 2887 473 2925 Haec
486 2887 635 2938 singulis
654 2887 751 2926 horis
763 2897 881 2927 nostro
896 2901 1076 2927 versemus
1085 2889 1203 2927 animo
1218 2919 1229 2939 ,

283 2963 448 3001 magnam
469 2948 591 2986 salutis
611 2959 735 2988 nostrie
751 2950 919 2988 habentes
938 2950 1232 2999 sollicitudinem,

284 3025 339 3058 ne,
363 3019 592 3063 praetereunte
606 3019 776 3063 tempore,
797 3013 1013 3063 ignorantes,
1029 3012 1131 3051 nobis
1150 3013 1235 3065 ipsis

285 3071 483 3109 maximum
499 3070 688 3109 inseramus·
698 3072 881 3112 damnum.
897 3073 968 3112 Sed
981 3074 1235 3126 prooemiorum

285 3131 368 3169 satis
390 3147 396 3167 :
417 3130 604 3169 audiamus
626 3141 758 3182 autem,
780 3133 808 3170 si
830 3129 957 3186 placet,
977 3149 1055 3186 quae
1079 3145 1112 3174 et
1131 3135 1237 3174 hodie

287 3206 347 3230 nos
363 3192 492 3230 docere
518 3192 597 3230 vult
617 3193 772 3245 Spiritus
800 3196 910 3234 sancti
930 3197 1050 3248 gratia>
1067 3211 1131 3250 per
1148 3197 1242 3236 beati

329 3322 339 3334 ⁰
358 3316 437 3358 Reg.
454 3326 537 3348 nnus
556 3321 603 3349 τὸν
618 3322 757 3360 στέφανον
774 3321 984 3356 ἀναδήσασθαι.

330 3378 341 3392 ⁸
358 3368 411 3401 Sic
432 3367 563 3410 plurimi
579 3368 655 3401 Mss.
679 3369 792 3402 Morvt.
814 3370 911 3403 hahet
939 3379 1248 3416 &esav-«saryeujua'xvg.

1285 191 1490 220 ARCHIEI‘.
1530 192 1889 222 CONSTANTINOP-

1301 274 1350 323 τῷ
1381 273 1512 324 σταδίῳ
1539 274 1715 324 διάγομεν,
1735 275 1791 313 ἵνα
1820 276 1854 312 ἐν
1876 277 1924 326 τῷ
1950 276 2086 326 καιρῷ,
2112 276 2188 312 καθ’
2213 275 2248 313 ὃν
2270 276 2320 314 δεῖ

1298 333 1376 371 υτον
1415 334 1581 385 σπ-’,φανον
1614 336 1826 386 κομίσασθαι
1858 336 1918 374 καὶ
1956 338 2023 373 τῶν
2055 335 2224 385 καμάτων
2259 337 2320 374 τὰς

1297 393 1467 442 ἀμοιὸὰς,
1494 394 1543 445 μὴ
1564 395 1744 446 γενώμεθα
1763 400 1831 434 τῶν
1861 394 2202 447 καταισχυνομένων,
2231 395 2320 433 ἀλλὰ

1296 456 1364 491 τῶν
1386 454 1476 505 μετὰ
1497 455 1695 508 παρρησίας
1713 457 1770 494 τὸν
1791 457 1957 509 στέφανον
1990 457 2048 494 ἐπὶ
2076 460 2138 503 τῆς
2165 458 2319 508 κεφαλῆς

1296 513 1505 566 δεχομένων.
1524 518 1647 554 Ταῦτα
1666 518 1732 568 οὐχ
1752 518 1890 565 ἁπλῶς,
1911 517 1987 556 οὐδὲ
2004 517 2118 567 μάτην
2134 532 2319 569 προοιμια-

1296 575 1424 626 ζόμεθα
1449 576 1506 615 ἐπὶ
1534 581 1595 624 τ’ἧς
1626 577 1794 630 ὑμετέρας
1823 579 1979 628 ἀγάπης,
2007 578 2098 616 ἀλλὰ
2117 577 2320 629 βουλόμενοι

1295 638 1373 675 καθ’
1401 637 1553 685 ἑκάστην
1582 639 1718 689 ’ἡμέραν
1751 639 1799 682 εἰς
1825 638 2023 688 ὑπόμνησιν
2056 640 2146 688 ὑμᾶς
2180 640 2319 689 ἀγαγεῖν

1295 701 1364 736 τῶν
1384 700 1522 750 ἀγαθῶν
1554 698 1725 751 πράξεων,
1757 698 1815 737 ἵνα
1833 699 1959 738 τέλειοι
1986 699 2046 737 καὶ
2066 697 2322 750 ἀπηρτισμένου,

1295 759 1543 812 τυγχάνοντες,
1561 761 1621 798 καὶ
1641 761 1731 799 κατὰ
1748 760 1812 808 τὴν
1830 764 1891 807 τῆς
1904 760 2082 803 πολιτείας
2102 759 2228 812 ἀρετὴν
2248 761 2321 798 δια-

1296 821 1516 872 λάμποντες,
1544 822 1690 873 γένησθε
1719 823 1898 873 ἄμεμπτοι
1931 823 1990 860 καί
2021 821 2200 873 ἀκέραιοι,
2217 821 2321 860 τέκνα

1296 884 1390 921 Θεοῦ
1410 882 1602 933 ἀμώμητοι,
1623 884 1684 922 καὶ
1703 884 1902 936 φανησησθε
1912 886 1967 926 -ὡς
1982 886 2161 935 φωστῆρες
2189 883 2224 919 ἐν
2257 884 2319 920 κό-

1298 959 1377 995 σμῳ
1391 974 1399 988 ,
1416 944 1517 995 λόγον
1540 947 1630 991 ζωῆς
1649 945 1831 997 ἐπέχοντες
1846 974 1855 992 ,
1882 947 1929 988 εἷς
1947 943 2116 995 καύχημα
2139 942 2321 995 ἡμέτερον,

1299 1007 1345 1048 εἷς
1365 1004 1500 1056 ἡμέραν
1522 1006 1675 1057 Χριστοῦ
1692 1035 1701 1053 ,
1728 1004 1785 1043 ἵνα
1808 1005 1866 1043 καὶ
1885 1004 1987 1056 μόνον
2006 1004 2208 1056 φαινόμενοι
2231 1005 2323 1055 ὠφε-

1297 1064 1382 1108 λῆτε
1411 1062 1489 1105 τοὺς
1520 1066 1602 1113 ὑμῖν
1635 1063 1922 1115 συγγινομένους,
1951 1063 2010 1101 καὶ
2036 1065 2098 1109 τῆς
2126 1062 2323 1115 προσούσης

1298 1125 1379 1172 ὑμῖν
1401 1123 1543 1166 εὐωδίας
1561 1127 1623 1170 τῆς
1643 1126 1904 1174 πνευματικῆς,
1923 1124 1983 1162 καὶ
2003 1127 2065 1171 τῆς
2088 1123 2233 1177 ἀρίστης
2258 1139 2324 1162 πο-

1297 1184 1429 1228 λιτείας
1466 1184 1785 1236 μεταλαμῧάνωσιν
1826 1188 1856 1223 οἱ
1884 1189 2124 1228 κοινωνοῦντες
2155 1189 2235 1236 ὑμῖν
2261 1187 2323 1231 τῆς

1299 1244 1491 1289 διαλέξεο)ς.
1507 1244 1649 1298 ςὨσπερ
1664 1245 1731 1298 γὰρ
1745 1248 1766 1292 ἡ
1785 1248 1853 1283 τῶν
1870 1245 2010 1297 φαύλων
2031 1245 2196 1285 συνουσία
2214 1260 2324 1283 κατα-

1299 1306 1466 1344 δλάπτειν
1496 1306 1595 1344 εἴωθε
1614 1305 1693 1350 τοὺς
1721 1311 1734 1327 ³
1748 1305 2064 1358 ἀναμιγνυμένους,
2088 1305 2246 1358 καθάπερ
2265 1306 2325 1343 καὶ

1297 1369 1314 1405 ὁ
1344 1367 1518 1419 μακάριος
1546 1367 1688 1410 Παῦλός
1717 1382 1823 1419 φησι,
1853 1367 2062 1419 Φθείρουσιν
2084 1366 2152 1413 ἤθη
2184 1366 2323 1419 χρηστὰ

1297 1428 1432 1479 ὁμιλίαι
1453 1427 1581 1466 κακαί·
1610 1427 1700 1466 οὕτω
1725 1428 1784 1466 καὶ
1801 1431 1822 1474 ἠ
1845 1430 1912 1466 τῶν
1935 1430 2073 1479 ἀγαθῶν
2093 1426 2256 1465 συνουσία
2279 1427 2323 1464 τὰ

1297 1489 1446 1542 μέγιστα
1461 1488 1594 1536 ὀνίνησι
1610 1488 1688 1532 τοὺς
1706 1489 1974 1536 πλησιάζοντας.
2003 1488 2071 1526 Διὰ
2094 1493 2194 1527 τοῦτο
2220 1487 2280 1526 καὶ
2307 1491 2324 1525 ὁ

1297 1551 1543 1603 φιλάνθρωπος
1561 1552 1662 1600 ἡμῶν
1683 1549 1863 1597 Δεσπότης
1888 1550 2130 1602 συνεχώρησεν
2151 1547 2324 1600 ἀναμεμί-

1297 1615 1380 1664 χθαι
1408 1611 1487 1656 τοὺς
1516 1610 1663 1662 ἀγαθοὺς
1688 1617 1758 1655 τοῖς
1779 1617 1965 1664 πονηροῖς,
1988 1610 2044 1649 ἵνα
2067 1610 2273 1664 κερδαίνωσί
2291 1625 2325 1647 τι

1299 1675 1337 1710 ἐκ
1366 1676 1427 1719 τῆς
1454 1672 1654 1719 συνουσίας,
1686 1672 1745 1710 καὶ
1765 1671 1813 1723 μὴ
1836 1672 2078 1722 ἐναπομένωσι
2095 1673 2263 1719 διηνεκῶς
2281 1674 2323 1721 τῇ

1299 1733 1466 1785 πονηρίᾳ,
1495 1733 1586 1772 ἀλλὰ
1614 1736 1743 1785 συνεχῆ
1764 1733 1960 1784 ὑπόμνησιν
1979 1733 2115 1785 ἔχοντες
2148 1732 2210 1779 τὴν
2231 1731 2324 1770 ἐκεί-

1299 1811 1366 1833 νων
1386 1793 1480 1840 θέαν,
1498 1793 1758 1847 καρπώσωνταί
1772 1810 1805 1831 τι
1821 1793 1925 1833 πλέον
1943 1796 1982 1832 ἐκ
2003 1798 2065 1840 τῆς
2083 1794 2212 1832 τούτων
2239 1809 2322 1831 συν-

1300 1854 1430 1897 ουσίας.
1465 1854 1631 1900 Τοσαύτη
1664 1854 1732 1907 γὰρ
1759 1857 1823 1900 τῆς
1849 1856 2012 1908 ἀρετῆςὴ
2032 1854 2152 1906 ἶσχεὺς,
2183 1857 2229 1897 ὡς
2265 1854 2325 1892 καὶ

1301 1915 1378 1958 τοὺς
1396 1915 1444 1966 μὴ
1462 1915 1643 1965 μετιόντας
1659 1914 1765 1961 αὐτὴν
1783 1914 1916 1967 σφόδρα
1933 1915 2041 1962 αὐτὴν
2061 1917 2250 1963 αἰδεῖσθαι,
2266 1915 2326 1952 καὶ

1301 1975 1409 2015 πολὺν
1435 1977 1495 2015 τὸν
1523 1975 1611 2027 ὑπὲρ
1635 1977 1741 2022 αὐτῆς
1765 1975 1904 2014 ἔπαινον
1931 1975 2102 2020 διεξιέναι.
2122 1976 2193 2014 Τὸν
2223 1976 2324 2014 αὐτὸν

1303 2038 1344 2085 δὴ
1374 2038 1502 2091 τρόπον
1533 2037 1592 2075 καὶ
1613 2041 1635 2083 ἡ
1665 2036 1773 2075 κακία
1799 2037 1906 2075 πάλιν
1934 2037 1992 2075 καὶ
2026 2038 2084 2074 ὑπ’
2113 2039 2225 2075 αὐτῶν
2257 2039 2326 2075 τῶν

1303 2098 1490 2148 μετιόντων
1507 2098 1612 2144 αὐτὴν
1628 2099 1795 2145 διηνεκῶς
1811 2097 1978 2147 βάλλεται
1997 2103 2073 2140 ταῖς
2089 2099 2326 2150 κατηγορίαις·

1302 2159 1410 2202 οὕτως
1434 2159 1508 2198 ἐστὶ
1539 2165 1626 2196 πᾶσι
1653 2159 1742 2206 δήλη
1769 2158 1829 2196 καὶ
1858 2158 2083 2210 καταφανὴς,
2114 2159 2174 2197 καὶ
2207 2159 2328 2197 οὐδένα

1302 2219 1457 2271 εὑρήσεις
1487 2219 1570 2258 ποτὲ
1597 2219 1730 2271 ταχέως
1762 2219 1819 2257 ἐπὶ
1851 2218 1957 2266 ταύτῃ
1984 2219 2326 2271 παρρησιαζόμενον·

1303 2280 1393 2318 ἀλλὰ
1412 2280 1471 2318 καὶ
1493 2280 1532 2318 τὸ
1550 2280 1762 2330 Θαυμαστὸν,
1791 2279 1846 2319 ὅτι
1864 2280 1885 2317 ἃ
1903 2279 1959 2318 διὰ
1985 2283 2053 2318 τῶν
2079 2281 2189 2332 ἔργων
2217 2281 2327 2332 πράτ-

1302 2358 1371 2380 τειν
1389 2344 1624 2395 ἐπιχειροῦσι,
1640 2341 1809 2384 πολλάκις
1827 2347 1896 2384 τοῖς
1914 2341 2030 2392 λόγοις
2046 2343 2226 2385 κακίζουσι
2238 2373 2248 2390 ,
2268 2342 2328 2380 καὶ

1301 2402 1482 2440 λανθάνειν
1508 2401 1586 2445 τοὺς
1615 2401 1762 2446 πολλοὺς
1783 2401 1978 2453 βούλονται.
2001 2403 2070 2441 Καὶ
2090 2406 2190 2441 τοῦτο
2211 2402 2246 2441 δὲ
2265 2405 2328 2449 τῆς

1302 2467 1360 2502 τοῦ
1381 2466 1472 2502 Θεοῦ
1493 2462 1839 2515 φιλανθρωπίας,’ἢν
1867 2463 1947 2515 περὶ
1974 2464 2013 2502 τὸ
2043 2466 2110 2502 τῶν
2135 2463 2327 2517 ἀνθρώπων

1302 2525 1397 2576 γένος
1416 2523 1631 2572 ἐπεδείξατο,
1653 2525 1692 2563 τὸ
1708 2524 1845 2577 ἑκάστῳ
1861 2527 1961 2575 ἡμῶν
1980 2524 2177 2564 ι’ἐπιθεῖναι
2199 2525 2325 2577 κριτή-

1305 2601 1374 2638 ριον
1392 2586 1582 2624 ἀδέκαστον
1601 2586 1640 2624 τὸ
1656 2586 1808 2629 συνειδὸς
1819 2616 1829 2634 ,
1849 2586 1928 2638 ἔχον
1944 2586 2073 2638 ἀκριὸἢ
2089 2586 2152 2633 τὴν
2174 2586 2326 2638 διάγνω-

1305 2663 1357 2685 σιν
1375 2650 1443 2685 τῶν
1459 2649 1576 2685 καλῶν
1592 2646 1651 2685 καὶ
1671 2649 1739 2684 τῶν
1757 2649 1794 2685 οὗ
1813 2647 1989 2685 τοιούτων·
2006 2647 2024 2686 ὃ
2040 2646 2081 2694 δὴ
2098 2646 2252 2697 μάλιστα
2269 2647 2327 2685 καὶ

1303 2708 1418 2754 πάσης
1443 2713 1536 2758 ἡμᾶς
1569 2707 1759 2758 ἀπολογίας
1787 2710 2025 2760 ἀποστερῆσαι
2057 2708 2258 2756 δυνήσεται,
2289 2709 2326 2746 οὐ

1304 2771 1347 2807 δι’
1369 2770 1508 2821 ἄγνοιαν
1536 2768 1817 2823 προσπταίοντας
1844 2774 1914 2812 τοῖς
1941 2768 2206 2820 ἁμαρτήμασιν,
2238 2769 2328 2807 ἀλλὰ

1303 2831 1361 2869 διὰ
1378 2830 1548 2884 ῥᾳθυμίαν
1566 2831 1680 2881 ψυχῆς
1697 2829 1756 2867 καὶ
1771 2829 1935 2880 ἀμέλειαν
1955 2833 2017 2879 τῆς
2031 2831 2168 2882 ἀρετῆς.

1357 2894 1482 2930 Ταῦτα
1493 2891 1569 2928 καθ’
1586 2891 1736 2938 ἑκάστην
1753 2890 1846 2942 ὥραν
1860 2890 2066 2942 στρέφοντες
2079 2892 2162 2943 παρ’
2180 2892 2327 2938 ἑαυτοῖς,

1305 2952 1436 2999 πολλὴν
1470 2951 1652 3002 ποιώμεθα
1684 2951 1747 2998 τὴν
1780 2952 1954 3003 μέριμναν
1988 2951 2074 3004 ὑπὲρ
2105 2953 2167 2998 τῆς
2196 2954 2328 2990 ἑαυτῶν

1307 3013 1503 3067 σωτηρίας,
1522 3013 1576 3051 ἵνα
1594 3013 1642 3063 μὴ
1656 3043 1664 3060 ,
1678 3018 1737 3050 τοῦ
1752 3012 1876 3064 χρόνου
1892 3015 2189 3066 παρατρέχοντος,
2208 3013 2327 3050 λάθω-

1307 3092 1370 3126 μεν
1398 3074 1537 3118 ἑαυτοὺς
1566 3073 1610 3111 τὰ
1633 3073 1782 3125 μέγιστα
1811 3076 2024 3123 ζημιοῦντες.
2046 3073 2152 3112 Ἀλλὰ
2175 3076 2243 3111 τῶν
2264 3072 2327 3124 μὲν

1305 3135 1497 3190 προοιμίων
1519 3135 1604 3178 ἅλις·
1638 3133 1840 3183 ἀκούσωμεν
1862 3135 1915 3180 δε,
1945 3135 1974 3171 εἰ
1994 3135 2104 3178 δοκεῖ,
2123 3133 2198 3171 τίνα
2217 3134 2324 3179 ἐστὶν,

1756 3193 1848 3206 nst*

1306 3197 1328 3235 ἃ
1356 3198 1414 3235 καὶ
1445 3197 1595 3247 σήμερον
1629 3197 1722 3245 ἡμᾶς
1753 3207 1887 3237 οιοαςαι
1911 3192 2072 3243 βούλεται
2090 3197 2112 3240 ἡ
2129 3197 2188 3232 τοῦ
2218 3195 2326 3233 Πνεύ-

1366 3320 1383 3345 b
1398 3318 1500 3353 Savil.
1520 3326 1552 3350 et
1568 3317 1694 3360 aliquot
1716 3317 1794 3348 Mss.
1813 3322 1943 3350 ἐνθεῖναι.
1964 3315 2076 3348 Morel.
2097 3323 2128 3348 vt
2145 3315 2198 3349 alii
2217 3322 2323 3353 ἐπιθεῖ-

1324 3387 1380 3405 ναι.
1401 3370 1490 3403 luffa
1510 3370 1592 3413 fleg.
1611 3380 1692 3403 unus
1708 3376 1740 3401 et
1756 3367 1890 3400 Coislin.
1907 3373 2148 3413 προσπταίοντες.
