2483 3791
298 183 385 229 158

688 197 727 227 S.

582 345 795 385 HOMILIA
828 345 949 386 XVII.

93 472 167 499 Gen.
182 468 211 497 3-
226 467 256 498 8·
291 467 339 506 Et
353 467 570 507 audiverunt
585 482 709 505 vocem
729 466 876 504 Domini
896 465 963 503 Dei
979 463 1241 502 deambulantis

537 529 573 566 in
587 527 752 580 paradiso
773 527 810 564 in
830 525 991 564 meridie.

343 659 378 695 1.
392 655 497 703 Satis,
517 655 723 706 opinor,pro
738 663 858 692 nostra
871 652 971 691 virili
988 666 1104 705 nuper
1120 652 1241 690 locum

288 717 332 754 de
353 717 451 767 ligno
473 715 692 767 interpretati
720 729 857 763 sumus,
875 714 1038 752 docentes
1057 714 1242 752 caritatem

287 787 457 827 vestram,
483 791 592 828 quare
609 776 732 814 divina
751 776 937 829 Scriptura
954 776 1092 827 lignum
1111 789 1241 827 cogno-

289 839 409 876 scendi
427 839 564 878 bonum
582 848 616 876 et
634 839 770 876 malum
789 838 907 891 ipsum
925 837 1063 875 vocarit
1077 836 1243 889 :proinde

289 900 396 939 hodje
409 900 550 938 animus
569 909 618 938 est
638 899 685 938 ad
703 899 880 951 sequentia
900 913 1055 951 pergere,
1072 908 1111 936 ut
1129 898 1244 936 disca—

290 960 336 998 tis
354 960 571 999 ineffabilem
591 960 658 998 Dei
673 961 950 1011 benignitatem,
970 969 1002 997 et
1020 969 1151 1010 quanta
1169 973 1244 996 ser—

291 1023 405 1060 monis
432 1021 721 1074 attemperatione
757 1035 842 1059 usus
876 1021 921 1058 sit
951 1029 1078 1058 nostrae
1108 1028 1243 1057 naturae

290 1082 552 1135 providentiam
570 1092 603 1120 et
621 1096 744 1120 curam
761 1082 906 1119 habens.
925 1081 1056 1119 Omnia
1085 1081 1178 1118 enim
1193 1081 1245 1117 fe-

290 1144 337 1181 cit
355 1153 389 1182 et
407 1153 572 1196 operatus
588 1153 659 1192 est,
679 1153 718 1181 ut
743 1143 914 1180 rationale
936 1142 1005 1180 hoc
1023 1142 1156 1179 animal
1174 1156 1193 1179 a
1209 1155 1245 1179 se

289 1204 488 1253 conditum,
508 1205 544 1242 in
565 1205 662 1243 omni
684 1205 818 1242 honore
839 1213 941 1251 esset,
961 1203 1047 1242 etin
1066 1203 1167 1241 nullo
1183 1217 1245 1240 an-

288 1266 450 1317 gelorum
471 1265 546 1304 vita
566 1266 724 1304 deterius
753 1266 862 1314 foret,
883 1264 946 1303 sed
972 1273 1006 1302 et
1033 1266 1070 1302 in
1099 1277 1246 1316 corpore

287 1328 435 1366 illorum
467 1327 661 1380 possideret
699 1326 1034 1379 impassibilitatem.
1069 1326 1246 1363 Caeterum

288 1398 329 1427 ut
346 1389 441 1427 vidit
462 1399 629 1441 utrosque
649 1388 828 1442 peccando
846 1397 1084 1439 transgressos
1102 1402 1166 1439 per
1184 1402 1246 1425 ne-

288 1449 498 1501 gligentiam
522 1464 562 1488 ea
592 1464 672 1501 quae
698 1464 719 1488 a
738 1464 774 1488 se
793 1458 967 1502 praeeepta
994 1457 1106 1495 erant,
1137 1448 1246 1499 idque

288 1521 478 1564 postquam
492 1511 599 1549 minis
618 1526 676 1549 eos
696 1519 920 1563 represserat,
941 1519 982 1547 ut
998 1510 1146 1548 tutiores
1164 1510 1246 1548 red-

288 1571 399 1620 deret,
416 1587 459 1610 ne
473 1572 524 1610 sic
537 1572 684 1624 quidem
697 1587 717 1610 a
732 1571 951 1623 benignitate
968 1585 1031 1609 sua
1050 1580 1171 1618 cessat,
1184 1571 1246 1609 sed
1267 1568 1293 1599 D

289 1648 428 1686 semper
445 1634 502 1672 sui
520 1634 670 1683 similis,
691 1633 995 1684 quemadmodum
1014 1633 1245 1671 clementissi-

290 1709 370 1733 mus
387 1705 490 1748 pater
514 1695 634 1733 filium
662 1695 852 1746 indignum
871 1694 960 1745 quid
977 1694 1163 1732 nobilitate
1182 1709 1245 1733 sua

289 1770 354 1808 per
368 1756 621 1808 negligentiam
637 1756 866 1804 commisisse,
881 1765 942 1793 eta
957 1769 1096 1793 summo
1112 1755 1246 1794 honore

290 1818 326 1855 in
343 1827 539 1855 extremam
551 1817 726 1856 vilitatem
742 1816 928 1853 redactum
944 1815 1246 1868 viden5,paternis

289 1878 487 1916 visceribus
503 1886 716 1924 commotus,
731 1891 800 1914 non
816 1876 922 1914 illum
939 1876 1076 1914 auxilio
1098 1876 1246 1914 destitu-

290 1948 369 1977 tum
388 1939 494 1989 sinit,
515 1939 577 1977 sed
609 1938 739 1976 iterum
761 1952 867 1975 suum
898 1937 974 1988 agit
1000 1938 1174 1988 officium,
1207 1946 1247 1975 ut

290 2001 465 2054 paulatim
485 2001 603 2053 ipsum
620 2015 640 2038 a
660 1999 797 2037 vilitate
816 1999 878 2036 illa
896 1999 1104 2046 liberatum,
1126 1998 1247 2052 pristi-

292 2076 345 2099 nae
363 2061 527 2099 restituat
545 2060 725 2112 dignitati.
752 2060 872 2099 Simili
892 2060 998 2098 modo
1016 2060 1132 2098 bonus
1151 2062 1248 2098 Deus

292 2121 458 2159 misertus
488 2131 540 2159 est
573 2120 743 2169 hominis,
771 2135 853 2158 cum
878 2135 990 2158 uxore
1019 2135 1083 2158 sua
1112 2120 1248 2158 diaboli

292 2182 434 2221 insidiis
453 2183 698 2230 circumventi,
715 2182 817 2234 cujus
838 2195 901 2233 per
918 2190 1116 2233 serpentem
1134 2178 1248 2219 eonsi-

292 2243 385 2281 lium
414 2253 597 2296 acceperat
617 2243 751 2281 :veluti
780 2242 938 2280 medicus
969 2242 1014 2279 ad
1048 2242 1246 2290 infirmum,

240 2326 241 2330 =
294 2313 329 2341 et
347 2313 590 2355 aegrotantem,
604 2304 791 2355 jacentem,
810 2302 1098 2353 indigentemque
1118 2316 1202 2340 cura
1215 2311 1249 2340 et

295 2364 425 2402 medici
454 2378 577 2411 manu,
612 2363 773 2416 protinus
804 2363 954 2402 accedit.
988 2363 1059 2401 Sed
1077 2373 1116 2401 ut
1139 2373 1172 2401 et
1203 2378 1248 2402 ex

294 2426 415 2464 verbis
431 2425 576 2464 discatis
596 2439 702 2476 quam
722 2424 912 2463 ineffabilis
932 2424 978 2462 sit
996 2426 1063 2463 Dei
1085 2425 1248 2477 benigni-

294 2496 361 2536 tas,
375 2501 489 2539 operae
512 2485 667 2539 pretium
686 2486 794 2523 fuerit
811 2485 937 2523 audire
954 2500 1032 2537 quae
1050 2486 1138 2524 lecta
1155 2496 1247 2526 sunt.

296 2550 352 2586 Et
382 2549 604 2596 audierunt,
645 2547 774 2599 inquit,
811 2561 947 2585 vocem
979 2548 1140 2585 Domini
1174 2550 1250 2586 Dei

296 2610 585 2648 deambulantis
615 2612 656 2646 in
680 2610 866 2660 paradiso
895 2610 950 2646 ad
972 2610 1182 2657 meridiem,
1213 2619 1249 2648 et

297 2671 533 2708 delituerunt
561 2679 642 2708 tam
660 2670 811 2717 Adam,
832 2684 949 2722 quam
977 2684 1075 2708 uxor
1099 2671 1205 2709 illius
1224 2685 1250 2709 α

292 2734 400 2785 facie
416 2734 578 2770 Domini
595 2735 637 2769 in
653 2733 777 2770 medio
796 2733 892 2785 ligni
918 2733 1105 2784 paradisi.
1128 2734 1179 2771 Re
1195 2733 1250 2770 in-

299 2793 570 2842 consideranter,
578 2792 720 2842 dilecte,
731 2802 981 2846 praetereamus
995 2808 1073 2844 quae
1090 2808 1109 2831 a
1126 2793 1248 2831 divina
1263 2817 1310 2842 134

298 2854 483 2906 Scriptura
504 2854 597 2892 dicta
614 2863 712 2903 sunt,
748 2869 861 2905 neque
880 2855 917 2892 in
936 2854 1057 2892 verbis
1075 2854 1161 2906 ipsis
1178 2855 1251 2893 hae-
1275 2856 1299 2884 Α

299 2929 452 2963 reamus,
472 2915 535 2953 scd
555 2914 815 2953 consideremus
830 2916 876 2953 ob
890 2925 1047 2954 nostram
1064 2915 1250 2954 imbecilli-

301 2985 406 3013 tatem
426 2985 559 3013 tantam
576 2976 633 3014 hic
660 2976 822 3014 adhiberi
845 2977 1036 3014 verborum
1067 2977 1252 3015 humilita-

301 3045 384 3085 tem,
393 3046 427 3074 et
439 3036 484 3073 ob
498 3037 647 3074 salutem
664 3046 819 3074 nostram
831 3037 947 3075 omnia
960 3046 999 3075 ut
1010 3038 1086 3076 Deo
1101 3037 1253 3089 dignum

301 3107 354 3135 est
371 3097 442 3149 agi.
462 3099 552 3135 Nam
573 3098 602 3135 si
620 3098 792 3136 vellemus
813 3098 923 3138 verba
941 3108 979 3137 ut
998 3108 1080 3137 sunt
1094 3113 1252 3152 pronun-

302 3158 387 3197 tiata
403 3158 544 3208 sectari,
563 3167 596 3196 et
615 3173 683 3197 non
713 3159 883 3211 indigne,
900 3169 939 3198 ut
953 3159 998 3198 de
1014 3161 1090 3199 Deo
1108 3159 1253 3211 loqueu-

347 3283 359 3297 e
377 3273 438 3304 Hic
449 3271 584 3305 Coislin.
595 3279 628 3303 et
639 3279 783 3314 quatuor
796 3272 850 3305 alii
867 3272 976 3306 Codd.
987 3274 1167 3318 Scriptura!
1181 3281 1307 3307 textum

765 196 952 228 JOANNIS
988 196 1233 227 CHRYSOST.
1274 196 1480 226 ARCHIEP.
1518 195 1880 226 CONSTANTINOP-

1685 348 1777 386 OMI
1783 347 1866 385 AIA
1895 345 1949 391 ιζ’.

1313 469 1384 507 Καὶ
1400 469 1553 516 ἥκουσαν
1569 473 1631 517 τῆς
1646 473 1762 523 φωνῆς
1776 471 1905 523 Κυρίου
1921 473 1981 519 τοῦ
1995 472 2086 510 Θεοῦ
2101 473 2335 523 περιπατοῦν-

1489 548 1546 575 τος
1570 533 1604 570 ἐν
1621 535 1672 585 τῷ
1691 532 1895 586 παραδείσῳ
1913 533 1958 571 τὸ
1973 531 2117 571 δειλινόν
2132 537 2159 571 ’-“.

1366 653 1511 698 Ἱκανῶς
1527 685 1536 703 ,
1580 648 1680 706 οἶμαι
1694 684 1704 701 ,
1748 654 1839 693 κατὰ
1881 655 2025 706 δύναμιν
2063 654 2126 702 τὴν
2161 655 2336 708 ἡμετέραν

1313 712 1434 766 πρῴην
1454 714 1518 761 τὴν
1539 715 1596 753 διὰ
1614 719 1675 754 τοῦ
1692 715 1792 760 ξύλου
1813 715 1999 769 ἑρμηνείαν
2022 714 2259 766 διεξήλθομεν,
2281 716 2339 754 δι-

1315 775 1478 819 δάξαντες
1496 776 1558 823 τὴν
1583 777 1753 829 ὑμετέραν
1777 778 1930 830 ἀγάπην,
1952 776 2041 820 τίνος
2056 776 2171 815 ἕνεκεν
2184 776 2338 828 γνωστὸν

1315 838 1422 875 καλοῦ
1446 837 1505 874 καὶ
1525 843 1677 891 πονηροῦ
1698 839 1780 877 αὐτὸ
1799 839 1963 877 ἐκάλεσεν
1984 842 2006 885 ἡ
2027 838 2101 877 Θεία
2121 838 2245 891 Γραφή
2258 854 2266 862 ·
2287 837 2340 876 διὸ

1318 897 1485 948 βούλομαι.
1509 898 1661 952 σήμερον
1686 906 1758 943 τοῖς
1784 900 1861 945 ἑξῆς
1879 899 2072 944 ἐπεξελθεῖν
2087 930 2097 947 ,
2128 899 2185 938 ἵνα
2205 899 2340 950 μάθητε

1316 962 1376 995 τοῦ
1391 960 1483 997 Θεοῦ
1499 958 1581 1006 ιίτὴν
1598 960 1729 1012 ἄφατον
1759 960 2034 1013 φιλανθρωπίαν,
2061 960 2120 998 καὶ
2137 961 2202 1012 ὅσῃ
2214 960 2342 1011 κέχρη-

1316 1035 1375 1056 ται
1394 1021 1654 1071 συγκαταὸάσει
1677 1021 1734 1060 διὰ
1752 1022 1816 1068 τὴν
1833 1022 1914 1074 περὶ
1940 1022 1979 1060 τὸ
2002 1024 2098 1074 γε’νος
2116 1022 2154 1060 τὸ
2169 1021 2339 1073 ἡμέτερον

1317 1080 1541 1131 κηδεμονίαν.
1561 1081 1685 1120 Πάντα
1699 1083 1767 1135 γὰρ
1783 1083 1926 1129 ἐποίησε
1941 1083 2000 1121 καὶ
2015 1082 2341 1135 ἐπραγματεύσατο,

1317 1139 1408 1179 ὥστε
1425 1142 1465 1179 τὸ
1481 1144 1565 1186 ζῶον
1582 1147 1641 1180 τοῦ
1649 1158 1684 1180 το
1695 1143 1735 1181 τὸ
1749 1144 1888 1194 λογικὸν
1907 1144 1947 1181 τὸ
1965 1144 2024 1182 ὑπ’
2044 1145 2148 1182 αὐτοῦ
2170 1146 2342 1196 δημιουρ-

1318 1201 1421 1252 γηθὲν
1441 1204 1474 1240 ἐν
1491 1203 1589 1255 πάσῃ
1606 1206 1693 1255 τιμῇ
1713 1204 1912 1256 τυγχάνειν,
1934 1204 1994 1242 καὶ
2010 1204 2102 1242 κατὰ
2119 1204 2226 1255 μηδὲν
2242 1206 2344 1242 ἔλατ-

1318 1266 1462 1301 τοῧσθαι
1477 1267 1540 1310 τῆς
1557 1266 1626 1302 τῶν
1644 1265 1802 1317 ἀγγέλων
1820 1266 2012 1318 διαγωγῆς,
2035 1265 2124 1303 ἀλλὰ
2139 1264 2198 1303 καὶ
2219 1267 2256 1303 ἐν
2276 1264 2346 1303 σώ-

1321 1341 1406 1376 ματι
1423 1325 1486 1372 τὴν
1504 1325 1645 1364 ἐκείνων
1662 1327 1832 1365 ἀπάθειαν
1849 1329 2053 1373 κεκτῆσθαι.
2069 1326 2216 1373 Ἐπειδὴ
2237 1326 2273 1366 δὲ
2288 1326 2346 1366 διὰ

1321 1386 1493 1439 ῥαθυμίαν
1518 1381 1586 1426 εἶδε
1611 1387 1842 1440 παραὸάντας
1860 1388 2076 1441 ἀμφοτέρους
2095 1387 2140 1426 τὰ
2160 1389 2219 1426 ὑπ’
2239 1391 2345 1427 αὐτοῦ

1318 1448 1609 1500 προστεταγμένα
1623 1479 1633 1497 ,
1659 1449 1720 1487 καὶ
1739 1453 1850 1487 ταῦτα
1877 1451 2217 1499 προαναστείλαντος
2239 1451 2346 1488 αὐτοῦ

1319 1509 1377 1548 διὰ
1407 1512 1469 1556 τῆς
1492 1512 1661 1559 ἀπειλῆς,
1696 1510 1756 1549 καὶ
1789 1511 2066 1565 ἀσφαλεστέρους
2095 1511 2346 1563 ἐργασαμένου,

1319 1570 1395 1610 οὐδὲ
1431 1571 1540 1615 οὕτως
1567 1572 1707 1610 ἵσταται
1740 1574 1802 1618 τῆς
1830 1572 2090 1625 φιλανθρωπίας
2115 1576 2177 1620 τῆς
2209 1575 2345 1622 ἑαυτοῦ,

1319 1632 1411 1671 ἀλλὰ
1438 1632 1500 1679 τὴν
1531 1633 1659 1671 οἰκείαν
1692 1633 1890 1685 οἷγαθότητα
1919 1632 2153 1685 μιμούμενος,
2187 1634 2347 1687 καθάπερ

1318 1692 1437 1746 πατὴρ
1457 1694 1682 1747 φιλόστοργος
1706 1694 1763 1732 τὸν
1792 1697 1915 1733 ἑαυτοῦ
1936 1695 2045 1732 παῖδα
2061 1697 2150 1747 ὁρῶν
2170 1695 2227 1733 διὰ
2247 1698 2347 1747 ῥᾳθυ-

1321 1754 1403 1806 μίαν
1439 1755 1561 1799 ἀνάξια
1594 1759 1656 1802 τῆς
1688 1758 1809 1794 ἑαυτοῦ
1834 1755 2004 1808 εὐγενείας
2035 1755 2346 1808 διαπραττόμενον,

1319 1816 1380 1854 καὶ
1405 1817 1475 1854 ἀπὸ
1506 1820 1568 1862 τῆς
1594 1817 1764 1855 ἀνωτάτω
1792 1819 1898 1867 τιμῆς
1928 1819 1975 1860 εἷς
1996 1816 2152 1868 ἐσχάτην
2172 1817 2247 1855 εὖτε
2272 1832 2345 1854 ειαν

1317 1876 1618 1928 εκατενεχθέντα,
1647 1883 1719 1921 ταῖς
1750 1882 1932 1929 πατρικοῖς
1963 1877 2179 1929 σπλάγχνοις
2211 1879 2347 1929 διαθερ-

1320 1937 1548 1988 μαινόμενος,
1589 1937 1666 1976 οὐδὲ
1701 1936 1808 1981 οὕτως
1840 1937 1942 1976 αὗτὸν
1975 1938 2140 1989 περιιδεῖν
2171 1937 2346 1990 ἀνέχεται,

1320 1998 1410 2036 ἀλλὰ
1429 1998 1535 2036 πάλιν
1561 1998 1605 2036 τὰ
1625 2001 1710 2050 παρ’
1731 2002 1853 2037 ἑαυτοῦ
1871 1998 2121 2044 ἐπιδείκνυται,
2141 1999 2347 2050 βουλόμενος

1319 2059 1410 2098 κατὰ
1432 2059 1554 2112 μικρὸν
1569 2063 1631 2106 τῆς
1645 2060 1818 2103 εὐτελείας
1837 2059 1970 2106 ε’κείνης
1986 2059 2197 2106 ἀπαλλάξαι,
2219 2059 2279 2098 καὶ
2298 2062 2347 2104 εἷς

1320 2119 1383 2167 τὴν
1406 2120 1556 2171 ἀρχαίαν
1576 2121 1764 2172 ἀναγαγεῖν
1790 2120 1909 2171 τιμήν.
1943 2122 1976 2158 T
1979 2121 2014 2158 ὸν
2032 2121 2132 2158 αὓτὸν
2156 2120 2198 2167 δὴ
2217 2120 2345 2174 τρόπον

1321 2180 1379 2218 καὶ
1403 2183 1421 2218 ὃ
1444 2179 1569 2231 ἀγαθὸς
1595 2180 1684 2224 Θεὸς
1711 2180 1884 2232 οἰκτείρας
1903 2180 1961 2218 τὸν
1981 2181 2163 2233 ἄνθρωπον
2183 2183 2246 2227 τῆς
2269 2184 2346 2220 ἐπι-

1322 2242 1461 2288 ὅουλῆς,
1490 2236 1532 2288 ἧς
1561 2241 1727 2293 ὑπέμεινε
1747 2242 2000 2288 συναπατηθεὶς
2023 2245 2066 2293 τῇ
2093 2243 2253 2293 γυναικὶ,
2285 2242 2346 2280 καὶ

1322 2303 1502 2353 δεξάμενος
1527 2302 1590 2350 τὴν
1614 2308 1673 2342 τοῦ
1699 2302 1860 2341 διαὸόλου
1888 2303 2089 2354 συμὸουλὴν
2116 2303 2179 2351 τὴν
2207 2303 2263 2342 διὰ
2282 2308 2343 2343 τοῦ

1321 2364 1442 2416 ὄφεως,
1477 2365 1634 2417 καθάπερ
1667 2364 1783 2417 ἰατρὸς
1810 2364 1894 2416 πρὸς
1927 2367 2172 2417 ἀρρωστοῦντα
2198 2366 2257 2404 καὶ
2276 2366 2344 2404 κά-

1321 2441 1450 2475 μνοντα
1478 2425 1537 2463 καὶ
1567 2426 1737 2476 κείμενον,
1757 2425 1816 2463 καὶ
1836 2424 1996 2476 δεόμενον
2016 2427 2150 2472 πολλῆς
2166 2429 2228 2472 τῆς
2245 2430 2344 2478 θεραι

1320 2485 1420 2529 πείας
1435 2485 1494 2523 καὶ
1509 2488 1577 2523 τῶν
1592 2490 1652 2524 τοῦ
1669 2488 1787 2538 ἰατροῦ
1802 2489 1929 2539 χειρῶν
1940 2515 1950 2533 ,
1971 2486 2203 2539 παραγίνεται
2222 2486 2346 2531 εὐθέως

1321 2546 1407 2600 πρὸς
1439 2547 1554 2586 αὐτόν.
1588 2548 1681 2586 Ἀλλ’
1711 2547 1768 2586 ἵνα
1790 2548 1849 2586 καὶ
1874 2548 1908 2592 ἐξ
1936 2549 2048 2586 αὐτῶν
2076 2552 2144 2587 τῶν
2176 2549 2344 2601 ῥημάτων

1323 2608 1457 2659 μάθητε
1487 2608 1550 2656 τὴν
1582 2609 1713 2661 ἄφατον
1743 2612 1803 2647 τοῦ
1823 2610 1916 2648 Θεοῦ
1939 2609 2212 2661 osu-(medentem,
2232 2613 2344 2660 ἀναγ-

1322 2675 1419 2708 καῖον
1461 2671 1607 2708 ἀκοῦσαι
1646 2673 1715 2707 τῶν
1753 2669 2035 2721 ἀνεγνωσμένων.
2074 2670 2144 2708 Καὶ
2176 2670 2344 2716 ἤκουσαν,

1323 2731 1420 2784 φησί,
1448 2733 1510 2777 τῆς
1532 2734 1646 2783 φωνῆς
1674 2730 1803 2783 Κυρίου
1824 2734 1884 2768 τοῦ
1904 2731 1996 2768 Θεοῦ
2015 2734 2290 2783 περιπατοῦντος
2309 2732 2345 2768 ἐν

1324 2796 1372 2845 τῷ
1397 2792 1599 2845 παραδείσῳ
1615 2792 1653 2830 τὸ
1673 2792 1830 2839 δειλινὸν,
1853 2791 1913 2829 καὶ
1932 2790 2128 2843 ἐκρύὸησαν
2148 2791 2168 2829 δ’
2181 2807 2219 2829 τε
2234 2791 2347 2843 Ἀδὰμ

1324 2854 1383 2891 καὶ
1403 2857 1424 2900 ἢ
1445 2854 1530 2904 γυνὴ
1556 2856 1660 2892 αὐτοῦ
1678 2853 1747 2891 ἀπὸ
1768 2852 1956 2904 προσώπου
1975 2852 2104 2905 Κυρίου
2120 2854 2155 2891 ἐν
2174 2852 2270 2906 μέσῳ
2286 2857 2347 2892 τοῦ

1325 2915 1423 2960 ξύλου
1450 2919 1509 2954 τοῦ
1538 2915 1761 2968 παραδείσου.
1803 2914 1864 2960 Μὴ
1898 2914 2018 2958 ἁπλῶς
2044 2914 2347 2968 παραδράμωμεν,

1326 2978 1500 3028 ἀγαπητοὶ
1517 3008 1527 3026 ,
1565 2977 1609 3015 τὰ
1643 2975 1810 3029 εἰρημένα
1847 2975 1945 3029 παρὰ
1969 2979 2031 3022 τῆς
2065 2975 2157 3019 θείας
2191 2977 2347 3028 Γραφῆς,

1327 3038 1416 3088 μηδὲ
1443 3045 1518 3082 ταῖς
1545 3038 1675 3082 λέξεσιν
1709 3036 1990 3087 ἐναπομείνωμεν
2008 3067 2018 3084 ,
2047 3038 2124 3074 ἀλλ’
2162 3038 2346 3086 ἐννοῶμεν,

1327 3100 1380 3137 ὅτι
1399 3099 1456 3137 διὰ
1478 3100 1539 3147 τὴν
1558 3099 1733 3138 ἀσθένειαν
1750 3098 1813 3144 τὴν
1828 3097 2002 3150 ἡμετέραν
2023 3101 2044 3143 ἡ
2059 3096 2264 3143 ταπεινότης
2279 3099 2348 3134 τῶν

1327 3160 1451 3205 λέξεων
1474 3161 1650 3211 ἔγκειται,
1671 3160 1730 3198 καὶ
1753 3161 1952 3212 θεοπρεπῶς
1976 3158 2115 3197 ἅπαντα
2140 3158 2272 3210 γίνεται
2291 3159 2348 3196 διὰ

1387 3273 1402 3298 ‘¹
1423 3275 1460 3305 In
1477 3272 1592 3309 Mond-
1612 3271 1853 3320 &parav-(lem
1873 3272 1938 3305 Sed
1961 3273 1993 3305 in
2010 3273 2163 3306 omnibus
2180 3285 2262 3316 pene
2278 3273 2350 3306 aliis

303 3323 399 3367 longe
425 3332 678 3368 prosequuntur,
709 3325 783 3357 Mox
811 3327 954 3368 quinque
981 3327 1059 3359 Mss.
1089 3334 1142 3366 τὴν
1168 3332 1236 3372 περὶ
1259 3332 1311 3361 τοῦ
1342 3324 1493 3357 liabetur·

303 3380 398 3416 ξᾷλσι.

1387 3384 1398 3397 ⁰
1422 3378 1573 3418 Quattuor
1589 3379 1664 3411 Mss,
1684 3385 1940 3422 κατενηνεγμένον.
