2516 3791
331 170 423 234 596
751 185 788 215 s.
827 183 1009 216 Jotmnls
1046 182 1294 212 cumsosr.
1333 180 1550 209 Aucuiffl’.
1589 177 1947 209 Coms'rANTtNoP.

329 283 387 306 me
414 269 561 306 recidat
587 268 808 306 maledictio
833 269 927 313 hoec,
935 267 1006 318 fili
1034 267 1109 301 mi:
1126 271 1277 301 tantum
1351 261 1436 314 τέρα
1460 262 1519 299 καὶ
1542 263 1659 299 λαθεῖν
1676 278 1683 285 ·
1708 262 1798 300 ἀλλὰ
1822 262 1878 310 τί,
1903 262 1984 299 Ἐπ’
2007 262 2068 311 ἐμὲ
2087 264 2108 307 ἡ
2139 261 2274 312 κατάρα
2302 275 2376 310 σου,

327 331 437 368 obedi
453 332 542 367 voci
563 343 668 375 mece,
691 337 727 366 et
748 329 898 365 vadens
921 327 1028 378 affer
1050 326 1160 362 mihi.
1181 323 1229 360 Et
1249 322 1278 360 si
1352 321 1470 359 τέκνον
1483 337 1490 345 ·
1514 321 1616 372 μόνον
1636 322 1833 360 ὑπάκουσον
1849 325 1911 368 τῆς
1930 324 2045 374 φωνῆς
2071 337 2155 372 μου,
2175 322 2233 358 καὶ
2252 338 2380 373 πορευ-

325 390 432 428 fuerit
466 388 604 440 aliquid
629 389 717 437 tale,
744 387 871 437 inquit,
901 386 992 422 nihil
1023 385 1090 422 tibi
1120 383 1277 421 nocebit.
1355 384 1423 427 θεὶς
1443 383 1560 435 ἔνεγκέ
1587 399 1656 434 μοι.
1685 383 1759 422 Κᾶν
1778 383 1920 435 γένηται
1939 383 2093 422 τοιοῦτόν
2113 399 2164 430 τι,
2184 383 2306 435 φησὶν,
2325 385 2380 421 οὐ·

325 452 377 488 Ne
414 450 523 501 igitur
543 449 680 498 timeas,
703 447 764 485 sed
794 448 881 484 bene
907 445 1021 483 fidens
1044 446 1166 483 obedi
1191 447 1283 482 voci
1356 445 1411 482 δὲν
1440 444 1541 487 αὐτὸς
1568 444 1845 496 παραὸλαὸήσῃ.
1875 444 1937 491 Μὴ
1967 444 2081 482 τοίνυν
2120 445 2254 496 δείσῃς,
2291 442 2382 481 ἀλλὰ

325 526 431 557 meoe,
447 520 479 547 et
499 510 552 546 fac
570 523 648 559 quae
666 508 731 546 tibi
748 507 991 545 consuluntur.
1007 506 1091 544 Haec
1109 519 1192 544 vere
1208 519 1283 542 ma-
1355 507 1489 558 θαῤῥῶν
1522 504 1743 543 Ὑπάκουσόν
1772 521 1835 554 μου
1861 508 1923 551 τῆς
1958 508 2090 557 φωνῆς,
2122 505 2181 542 καὶ
2212 505 2304 542 ποίει
2340 503 2383 541 τὰ

326 581 421 608 terna
437 570 580 607 dilectio
599 579 661 618 est,
682 578 721 606 ut
740 583 804 620 pro
826 582 935 620 puero
954 577 1078 620 parata
1098 567 1143 605 sit
1162 566 1280 604 omnia
1355 569 1437 618 παρ’
1460 568 1544 616 ἐμοῦ
1564 581 1618 603 σοι
1638 565 1950 615 συμὸουλευθέντα.
1973 567 2090 603 Τοῦτο
2119 567 2256 612 ἀληθῶς
2281 566 2382 617 φιλο-

324 633 426 669 serre.
444 631 509 667 His
531 629 637 667 dictis
666 629 785 666 filium
812 643 833 666 a
861 629 989 666 timore
1015 627 1195 666 liberavit.
1215 627 1280 664 14.
1353 627 1498 680 στοργία
1518 627 1671 678 μητρὸς,
1692 626 1731 663 τὸ
1754 626 1841 678 ὑπὲρ
1860 631 1920 664 τοῦ
1940 627 2063 670 παιδὸς
2080 626 2225 677 ἑτοίμως
2246 627 2383 663 ἅπαντα

326 695 423 730 Cum
455 694 572 743 igitur
591 693 764 736 abiisset,
788 693 923 728 sumsit
951 699 987 728 et
1013 690 1147 727 attulit
1167 691 1284 726 matri
1353 688 1620 740 καταδέχεσθαι.
1637 690 1760 726 Ταῦτα
1779 691 1925 726 εἰποῦσα
1941 688 2063 739 ἴσχυσε
2084 687 2209 731 ἐξελεῖν
2223 691 2283 725 τοῦ
2303 703 2386 725 παι-

325 769 402 792 suce
430 770 443 790 .-
472 762 507 789 et
525 754 631 804 fecit
662 752 820 798 edulia,
853 755 952 790 sicut
984 753 1146 789 amabat
1172 759 1286 801 pater
1355 750 1410 793 δὸς
1430 750 1487 787 τὸν
1522 749 1640 802 φόέον.
1663 749 1731 787 Καὶ
1762 749 1939 800 πορευθεὶς
1969 749 2073 786 ἔλαδε
2103 748 2162 786 καὶ
2186 748 2310 798 ἤνεγκε
2341 750 2384 797 τῇ

325 818 416 868 ejus.
434 814 496 851 15.
509 815 562 850 Et
577 822 616 850 ut
637 815 772 851 sumsit
796 815 980 859 Rebecca,
995 811 1125 863 inquit,
1140 812 1284 849 stolam
1357 811 1464 863 μητρὶ
1496 813 1598 849 αὐτοῦ
1613 827 1620 833 ·
1640 809 1698 848 καὶ
1728 810 1892 856 ἐποίησεν
1919 810 2108 860 ἐδέσματα,
2130 807 2219 847 καθὰ
2239 807 2349 860 ἐφίλει
2368 812 2386 846 ὃ

316 877 403 928 filii
427 877 488 913 sui
521 877 681 912 senioris
706 874 932 926 pulchram,
964 888 1083 925 quam
1117 874 1285 910 habebat
1308 876 1332 906 E
1355 871 1473 924 πατὴρ
1494 873 1610 909 αὐτοῦ.
1638 870 1708 909 Καὶ
1736 871 1911 916 λαὲοῦσα,
1932 870 2054 923 φησὶν,
2081 874 2103 916 ἡ
2131 868 2304 908 Ῥεὸέκκα
2322 867 2386 915 τὴν

327 937 434 989 apud
461 950 500 973 se
516 937 635 982 domi,
656 936 784 972 induit
810 936 934 972 Jacob
940 935 1078 987 filium
1098 947 1209 971 suum
1220 935 1285 985 ju-
1357 932 1484 979 στολὴν
1505 937 1563 970 τοῦ
1592 935 1665 969 υἱοῦ
1687 935 1794 978 αὐτῆς
1820 938 1879 970 τοῦ
1905 931 2143 984 πρεσὲυτέρου
2172 930 2235 977 τὴν
2262 929 2387 977 καλὴν,

328 1001 474 1035 niorem
488 1028 500 1044 ,
537 998 597 1034 16.
629 1005 666 1034 et
694 997 862 1048 pellibus
890 996 1085 1033 lzaeclorum
1124 995 1286 1031 brachia
1355 993 1378 1041 ἣ
1398 988 1440 1040 ἦν
1456 995 1539 1045 παρ’
1562 995 1649 1045 αὐτῇ
1671 995 1705 1031 ἐν
1722 996 1772 1045 τῷ
1792 993 1891 1045 οἴκῳ,
1913 994 2068 1032 ἐνέδυσεν
2093 992 2220 1031 ’lanc->6
2237 991 2294 1028 τὸν
2315 989 2387 1028 υἱὸν

326 1062 408 1112 ejus
424 1075 434 1094 .-
449 1068 486 1096 et
515 1059 620 1096 nuda
659 1059 752 1095 colli
777 1060 858 1110 ejus
880 1057 1146 1100 circumdedit,
1166 1056 1229 1092 47.
1250 1064 1287 1094 et
1358 1056 1462 1100 αὐτῆς
1477 1054 1534 1092 τὸν
1550 1053 1729 1105 νεώτερον,
1751 1054 1810 1092 καὶ
1829 1054 1872 1092 τὰ
1889 1055 2045 1106 δέρματα
2065 1056 2134 1092 τῶν
2155 1054 2280 1105 ἐρίφων
2299 1052 2316 1072 “’
2329 1068 2390 1090 πε-

331 1121 437 1156 dedit
463 1120 608 1166 edulia,
630 1128 665 1156 et
679 1132 801 1171 panes
818 1132 911 1170 quos
916 1119 1075 1170 fecerat
1092 1119 1134 1154 in
1148 1130 1288 1155 manus
1359 1115 1495 1167 ριέθηκε
1515 1116 1596 1168 περὶ
1616 1115 1899 1168 τοὺς-βραχίονας
1918 1118 2039 1162 αὐτοῦ,
2060 1115 2119 1153 καὶ
2134 1114 2192 1153 ἐπὶ
2212 1114 2256 1152 τὰ
2271 1114 2387 1165 γυμνὰ

330 1180 543 1232 Jacobfilii
566 1183 637 1226 sui,
656 1188 692 1217 et
715 1180 855 1216 obtulit
872 1181 978 1230 patri
989 1192 1071 1216 suo,
1095 1176 1202 1225 Vide,
1219 1177 1286 1214 ob-
1356 1180 1416 1214 τοῦ
1433 1176 1612 1228 τραχήλου
1628 1177 1747 1222 αὐτοῦ,
1763 1176 1822 1214 καὶ
1844 1176 1950 1215 ἔδωκε
1972 1176 2014 1215 τὰ
2036 1176 2212 1228 ἐδέσματα
2234 1176 2293 1214 καὶ
2313 1175 2389 1219 τοὺς

331 1255 446 1289 sccro,
467 1241 527 1278 hic
548 1241 716 1278 Rebeccae
739 1255 821 1277 cum
848 1253 977 1290 magna
997 1238 1186 1276 dilectione
1205 1252 1288 1276 con·
1358 1238 1494 1290 ἄρτους,
1515 1238 1572 1280 οὒς
1592 1237 1777 1286 ἐποίησεν,
1801 1239 1848 1281 εἷς
1865 1238 1927 1281 τὰς
1946 1244 2066 1290 χεῖρας
2085 1237 2217 1276 'Ianthe
2236 1240 2296 1274 τοῦ
2315 1238 2388 1275 υἱοῦ

327 1304 487 1354 junctam
514 1317 631 1339 raram
661 1301 882 1353 sapientiam.
904 1302 995 1338 Nam
1017 1300 1101 1350 quia
1126 1299 1289 1352 superius
1359 1301 1478 1346 αὐτῆς,
1512 1300 1570 1337 καὶ
1601 1299 1781 1350 εἰσήνεγκε
1808 1303 1858 1351 τῷ
1885 1300 1992 1351 πατρὶ
2019 1302 2134 1337 αὐτοῦ.
2155 1299 2231 1338 Θέα
2251 1315 2311 1350 μοι
2330 1300 2389 1337 ἐν-

331 1363 437 1412 dixit,
461 1362 563 1399 illum
591 1361 735 1412 quidem
757 1361 943 1413 hispidum
972 1375 1059 1409 esse,
1080 1361 1177 1399 hunc
1203 1375 1287 1399 vero
1359 1364 1469 1398 ταῦθα
1494 1363 1556 1406 τῆς
1582 1360 1773 1408 Ῥεὸέκκας
1795 1361 1883 1411 μετὰ
1899 1364 1960 1407 τῆς
1989 1361 2230 1413 φιλοστοργίας
2249 1361 2307 1399 καὶ
2325 1360 2390 1407 τὴν

332 1424 458 1462 laevem
492 1438 499 1459 :
535 1423 643 1470 stola,
674 1422 813 1473 inquit,
837 1422 933 1459 Esau
968 1421 1086 1459 induit
1116 1435 1218 1470 eum,
1257 1430 1290 1459 et
1359 1421 1493 1469 πολλὴν
1511 1421 1646 1473 σοφίαν.
1685 1422 1832 1469 Ἐπειδὴ
1861 1422 1927 1474 γὰρ
1957 1416 2052 1460 εἶπεν
2085 1422 2260 1474 ἀνωτέρω,
2286 1422 2339 1460 ὅτι
2373 1425 2391 1460 ὁ

332 1485 489 1536 pellibus
510 1484 746 1522 circumdedit
765 1499 858 1533 eum,
879 1493 913 1522 et
932 1498 1013 1522 cum
1031 1484 1190 1534 undique
1208 1498 1289 1521 eum
1363 1482 1424 1533 μὲν
1445 1477 1487 1530 ἦν
1502 1482 1618 1528 δασὺς,
1639 1486 1656 1520 ὃ
1676 1482 1711 1520 δὲ
1730 1485 1833 1529 λεῖος,
1855 1482 1918 1530 τὴν
1939 1484 2078 1531 στολὴν,
2099 1483 2217 1536 φησὶν,
2235 1482 2390 1521 ἐνέδυσεν

333 1546 378 1583 ad
395 1545 634 1597 deceptionem
651 1545 888 1593 instruxisset,
902 1545 995 1583 datis
1019 1545 1150 1582 eduliis
1167 1554 1200 1582 et
1227 1560 1290 1596 pa·
1302 1576 1350 1600 516
1363 1546 1464 1584 αὐτὸν
1485 1549 1544 1583 τοῦ
1572 1545 1706 1592 Ἡσαῦ,
1727 1545 1786 1584 καὶ
1807 1545 1851 1583 τὰ
1869 1545 2024 1598 δέρματα
2049 1546 2254 1598 περιέθηκεν
2283 1547 2391 1597 αὐτῷ,

334 1605 439 1642 nibus
461 1604 496 1641 in
519 1618 656 1653 manus,
676 1603 791 1641 effecit
810 1612 849 1640 ut
864 1603 959 1654 patri
991 1603 1143 1640 afferret.
1163 1602 1290 1640 Consi·
1315 1615 1341 1643 Α
1362 1606 1421 1644 καὶ
1441 1607 1657 1658 πανταχόθεν
1679 1606 1932 1658 σχηματίσασα
1954 1606 2078 1654 αὐτὸν,
2103 1610 2149 1650 ὡς
2168 1607 2231 1653 τὴν
2254 1606 2391 1652 ἀπάτην

334 1669 419 1707 clera
434 1669 494 1706 hic
508 1683 664 1718 rursum,
683 1667 863 1719 quomodo
878 1667 997 1704 omnia
1011 1681 1164 1719 superna
1179 1667 1293 1718 gratia
1362 1671 1410 1711 εἷς
1430 1668 1527 1719 ἔργον
1545 1669 1668 1713 ἐλθεῖν,
1690 1668 1799 1706 δοῦσα
1818 1668 1861 1705 τὰ
1881 1668 2058 1719 ἐδέσματα
2084 1669 2143 1706 καὶ
2166 1668 2244 1712 τοὺς
2269 1669 2392 1720 ἄρτους

336 1730 527 1768 evenerint.
547 1731 636 1768 Nam
655 1728 796 1780 quando
809 1727 905 1780 quod
924 1743 943 1766 a
962 1728 1066 1766 nobis
1097 1737 1149 1765 est
1174 1727 1294 1766 offeri·
1363 1731 1411 1772 εἷς
1433 1727 1494 1772 τὰς
1515 1734 1634 1780 χεῖρας
1649 1758 1658 1774 ,
1679 1728 1922 1780 παρεσκεύασε
1935 1734 2172 1780 προσαγαγεῖν
2191 1731 2241 1780 τῷ
2267 1729 2388 1780 πατρί.

167 1802 322 1839 cooperari
338 1807 430 1842 mus,
447 1792 594 1844 largiter
616 1791 778 1829 divinam
806 1790 1089 1843 cooperationem
1107 1789 1294 1841 consequi·
1333 1799 1335 1801 '
1363 1789 1495 1829 Σκόπει
1524 1806 1582 1840 μοι
1604 1789 1709 1827 πάλιν
1735 1791 1895 1834 ἐνταῦθα,
1914 1792 1988 1832 πῶς
2015 1792 2078 1836 τῆς
2098 1790 2225 1827 ἄνωθεν
2246 1789 2390 1841 χάριτος

135 1843 259 1912 Ϊῇῗέυῃ
272 1853 323 1911 ΞΠΟ
338 1869 429 1891 mur.
450 1855 543 1892 Nam
570 1862 610 1890 ut
634 1867 677 1890 ne
702 1851 842 1889 desides
867 1860 901 1889 et
931 1850 1051 1903 supini
1078 1850 1200 1900 simus,
1215 1850 1295 1890 vult
1362 1846 1405 1900 ἦν
1425 1851 1464 1889 τὸ
1482 1857 1564 1889 πᾶν.
1582 1849 1697 1889 ‘'Ox-<zv
1717 1850 1785 1902 γὰρ
1801 1854 1903 1901 ἡμεῖς
1923 1851 1966 1889 τὰ
1986 1853 2068 1902 παρ’
2088 1852 2218 1889 ἑαυτῶν
2239 1850 2392 1902 εἰσενέγ-

134 1926 224 1952 Deus.
338 1916 444 1953 etiam
459 1930 520 1953 nos
535 1913 673 1965 aliquid
690 1914 858 1963 conferre,
874 1927 945 1964 quo
960 1912 1010 1950 sic
1027 1913 1090 1950 illa
1106 1927 1170 1950 sua
1191 1912 1296 1950 exhi-
1363 1929 1480 1963 κωμεν
1493 1944 1502 1960 ,
1519 1913 1673 1964 δαψιλῶς
1692 1912 1936 1963 ἀπολαύσομεν
1954 1912 2012 1950 καὶ
2031 1915 2093 1958 τ’ῆς
2112 1912 2209 1965 παρὰ
2223 1916 2283 1949 τοῦ
2300 1914 2392 1951 Θεοῦ

338 1977 430 2026 beat,
450 1985 483 2014 et
505 1990 574 2013 non
597 1984 712 2013 totum
732 1975 777 2012 sit
796 1973 939 2026 superni
955 1973 1096 2022 auxilii,
1112 1973 1174 2011 sed
1190 1987 1296 2026 opor-
1366 1974 1559 2027 συνεργίας.
1577 1973 1652 2012 Ἵνα
1667 1973 1734 2026 γὰρ
1755 1975 1803 2025 μὴ
1828 1976 2058 2026 ῥᾳθυμῶμεν,
2081 1973 2168 2025 μηδὲ
2186 1976 2394 2012 ἀναπεπτω·

338 2047 408 2075 teat
428 2037 534 2075 etiam
550 2051 612 2074 nos
633 2035 772 2087 aliquid
791 2035 899 2074 simul
912 2036 1180 2086 asserrc3neque
1199 2049 1218 2072 a
1235 2049 1298 2073 no·
1364 2037 1463 2079 κότες
1492 2028 1588 2086 ὦμεν
1601 2066 1610 2083 ,
1634 2035 1797 2086 βούλεται
1823 2036 1882 2073 καὶ
1901 2038 1996 2086 ἡμᾶς
2014 2051 2048 2073 τι
2067 2035 2322 2087 συνεισφέρειν,
2349 2033 2392 2072 ἵν’

338 2098 395 2136 bis
418 2099 547 2135 iterum
578 2097 691 2148 exigit
714 2106 840 2144 totum,
853 2096 967 2133 sciens
993 2096 1212 2133 infirmitatis
1229 2110 1293 2133 no·
1364 2097 1455 2136 οὕτω
1471 2097 1530 2135 καὶ
1550 2096 1593 2134 τὰ
1612 2099 1696 2148 παρ’
1715 2098 1836 2134 ἑαυτοῦ
1855 2095 2088 2144 ἐπιδείξηται·
2105 2096 2164 2134 καὶ
2179 2096 2257 2134 οὔτε
2272 2096 2311 2134 τὸ
2324 2102 2394 2133 πᾶν

341 2166 421 2195 strae
443 2155 728 2207 magnitudinem
747 2170 754 2190 ε
772 2153 833 2191 sed
847 2168 911 2206 pro
926 2168 989 2191 sua
1007 2153 1242 2204 benignitate,
1264 2162 1298 2190 et
1364 2161 1427 2205 τῆς
1450 2159 1578 2196 ἄνωθεν
1598 2157 1731 2209 γίνεται
1752 2158 1913 2208 βοηθείας
1926 2187 1934 2203 ,
1956 2157 2047 2195 ἀλλὰ
2078 2159 2128 2195 δεῖ
2161 2159 2220 2195 καὶ
2246 2161 2340 2208 ἡμᾶς
2360 2174 2392 2195 τι

340 2218 461 2257 volens
495 2216 713 2254 occasionem
744 2215 903 2266 aliquam
932 2215 1103 2266 accipere,
1126 2224 1165 2252 ut·
1199 2229 1298 2252 suam
1365 2224 1658 2270 συνεισενεγκεῖν·
1690 2219 1768 2257 οὔτε
1804 2220 1887 2270 παρ’
1915 2221 2015 2268 ἡμῶν
2049 2217 2154 2255 πάλιν
2183 2221 2325 2256 ἀπαιτεῖ
2356 2218 2395 2256 τὸ

342 2279 496 2317 declaret
508 2276 770 2325 liberalitatem,
780 2284 959 2328 exspectat
972 2284 1010 2311 ut
1020 2275 1210 2312 afferamus
1222 2289 1299 2324 quae
1366 2287 1456 2326 πᾶν,
1480 2279 1579 2322 εἰδὼς
1604 2282 1666 2325 τῆς
1694 2278 1867 2330 ἡμετέρας
1888 2279 2066 2323 ἀσθενείας
2092 2278 2155 2325 τὴν
2184 2279 2394 2331 ὑπερεολὴν,

343 2355 361 2377 a
382 2339 485 2377 nobis
513 2347 595 2376 sunt
612 2353 620 2373 t
638 2336 675 2374 id
693 2335 789 2387 quod
811 2345 844 2373 et
864 2350 958 2373 nunc
971 2335 1105 2372 factum
1124 2344 1186 2372 est.
1208 2336 1299 2372 Nam
1322 2348 1345 2376 Β
1367 2339 1457 2378 ἀλλὰ
1477 2339 1539 2386 τὴν
1560 2339 1687 2377 οἰκείαν
1709 2338 1969 2392 φιλανθρωπίαν
1988 2339 2213 2390 μιμούμενος,
2235 2340 2294 2377 καὶ
2313 2343 2395 2391 βου-

343 2400 425 2451 quia
445 2398 556 2439 Jacob
570 2407 603 2436 et
630 2398 787 2434 Rebecca
803 2397 960 2434 fecerunt
981 2410 1020 2433 ca
1045 2410 1122 2446 quac
1138 2411 1157 2433 a
1173 2411 1208 2433 se
1225 2396 1301 2433 fieri
1367 2401 1512 2452 λόμενος
1532 2401 1692 2452 ἀφορμήν
1712 2417 1789 2438 τινα
1806 2402 1938 2448 kagan,
1959 2400 2048 2438 ὥστε
2069 2401 2132 2447 τὴν
2150 2401 2280 2439 οἰκείαν
2302 2404 2396 2453 φιλο-

344 2461 529 2514 oportebat
549 2476 556 2496 :
574 2468 607 2497 et
627 2459 687 2496 ille
706 2458 852 2509 quidem
877 2457 1036 2495 obedivit
1059 2457 1206 2495 consilio
1227 2471 1301 2494 ma-
1368 2461 1488 2511 τιμίαν
1513 2460 1762 2508 ἐπιδείξασθαι,
1785 2460 1950 2513 ἀναμένει
1969 2461 2013 2500 τὰ
2031 2464 2114 2514 παρ’
2147 2465 2247 2512 ἡμῶν
2274 2464 2397 2500 εἷσενε-

345 2523 423 2574 tris,
440 2522 516 2559 haec
534 2529 652 2559 autem
668 2519 787 2557 omnia
800 2534 878 2570 quce
898 2518 944 2556 ad
959 2533 995 2556 se
1014 2518 1209 2556 attinebant
1230 2518 1298 2556 im·
1367 2525 1495 2574 χθῆναι
1510 2538 1517 2546 ·
1545 2522 1629 2574 ὅπερ
1659 2522 1717 2560 καὶ
1741 2526 1800 2560 νῦν
1823 2523 2020 2574 γεγένηται.
2040 2523 2189 2569 Ἐπειδὴ
2210 2522 2277 2574 γὰρ
2297 2523 2356 2560 καὶ
2378 2527 2396 2561 ὁ

344 2586 455 2639 plevit
475 2602 482 2622 ε
504 2595 588 2623 tune
604 2584 698 2621 ultra
713 2583 828 2621 bonus
848 2582 1024 2620 Dominus
1041 2596 1169 2633 magna
1184 2582 1300 2619 sacili·
1369 2583 1499 2622 ’[ακὼὲ
1518 2584 1576 2621 καὶ
1596 2588 1617 2630 ἡ
1634 2583 1807 2622 ‘Paetum
1825 2615 1834 2632 ‚
1853 2584 1943 2637 ἅπερ
1973 2586 2079 2636 ἐχρῆν
2111 2584 2170 2635 ἀφ’
2189 2586 2321 2621 ἑαυτῶν
2337 2600 2397 2635 γε-

347 2657 415 2685 tate
434 2646 556 2699 perfici
580 2644 718 2684 curavit
736 2643 830 2695 quod
850 2644 1011 2682 omnium
1033 2652 1107 2681 erat
1127 2643 1302 2681 difficilli-
1370 2645 1507 2692 νέσθαι,
1530 2645 1766 2692 πεποιήκασι,
1787 2645 1846 2683 καὶ
1866 2649 1883 2683 ὃ
1905 2645 1966 2696 μὲν
1993 2650 2007 2665 ³
2023 2644 2201 2691 ὑπήκουσε
2220 2647 2282 2691 τ’ῆς
2309 2661 2398 2694 συμ-

349 2724 460 2759 mum,
478 2723 520 2746 ne
539 2706 675 2745 fraudis
700 2707 809 2758 hujus
827 2705 949 2743 fabula
969 2714 1049 2743 nota
1067 2714 1155 2742 esset
1170 2706 1301 2742 lsaaco.
1370 2707 1498 2752 ὃουλῆς
1513 2709 1574 2752 τῆς
1592 2706 1736 2758 μητρὸς,
1754 2710 1775 2752 ἡ
1797 2706 1833 2744 δὲ
1848 2705 1893 2743 τὰ
1908 2708 1990 2757 παρ’
2014 2709 2139 2752 ἑαυτῆς
2157 2705 2272 2743 πάντα
2291 2706 2399 2752 ἐπλή-

350 2774 439 2809 Nam
463 2779 651 2822 postquam
678 2767 797 2805 attulit
826 2766 945 2804 edulia
977 2766 1086 2818 patri,
1103 2767 1166 2803 tf).
1192 2767 1303 2804 Dia-it
1373 2783 1461 2819 ρωσε
1476 2798 1484 2813 ,
1506 2766 1584 2805 τότε
1599 2768 1719 2806 λοιπὸν
1744 2767 1802 2805 καὶ
1818 2770 1835 2805 ὁ
1856 2767 1981 2818 ἀγαθὸς
2003 2767 2184 2813 Δεσπότης
2203 2768 2243 2806 τὸ
2259 2767 2398 2805 πάντων

351 2833 506 2869 adeum
529 2847 538 2866 .-
562 2832 654 2880 Quis
676 2839 716 2866 tu
736 2828 898 2881 es,fili?
916 2830 970 2866 Et
990 2829 1090 2865 dii-it
1107 2828 1232 2865 Jacob
1252 2828 1306 2865 ad
1372 2827 1641 2880 δυσχερέστερον
1673 2832 1775 2866 τοῦτο
1810 2830 1886 2878 μετ’
1920 2827 2079 2871 εὐκολίας
2114 2830 2304 2874 ἀνυσθῆναι
2333 2844 2398 2866 πε-

348 2902 498 2944 patrem
524 2905 662 2929 suum:
682 2892 767 2942 Ego
784 2904 868 2927 sum
895 2891 1005 2927 Esaii
1026 2891 1304 2940 primogenitus
1373 2889 1516 2936 ποίηκε,
1552 2889 1591 2927 τὸ
1622 2890 1670 2940 μὴ
1699 2888 1859 2940 γενέσθαι
1887 2889 2083 2934 κατάδηλον
2113 2891 2174 2935 τῆς
2203 2889 2342 2934 ἀπάτης
2360 2889 2400 2927 τὸ

353 2964 438 2991 tuus
461 2955 569 3005 :feci
598 2954 665 2989 tibi
689 2954 785 2989 sicut
808 2952 988 3003 loquutus
1006 2952 1100 2988 mihi
1113 2964 1165 2988 es.
1185 2950 1304 3002 Surge
1373 2951 1490 3002 δρᾶμα
1513 2953 1563 3003 τῷ
1583 2950 1718 2988 Ἰσαάκ.
1746 2950 1894 2997 Ἐπειδὴ
1915 2949 1982 3001 γὰρ
2010 2949 2227 3001 προσήνεγκε
2255 2950 2298 2987 τὰ
2328 2950 2399 2987 ἐδέ-

353 3029 453 3066 crgo,
479 3015 579 3059 sede,
597 3022 633 3050 et
662 3014 816 3050 comede
835 3013 882 3049 (le
904 3015 1116 3049 'venatione
1144 3025 1242 3058 mea,
1261 3020 1302 3048 ut
1374 3027 1492 3062 σματα
1509 3014 1558 3063 τῷ
1577 3011 1708 3063 πατρὶ,
1731 3005 1806 3048 εἶπε
1821 3027 1828 3034 ·
1851 3010 1903 3054 τίς
1919 3005 1949 3048 εἶ
1971 3010 2011 3049 σὺ
2024 3040 2034 3057 ,
2051 3009 2168 3048 τέκνον
2188 3027 2196 3055 ;
2218 3009 2285 3047 Καὶ
2304 3003 2399 3046 εἶπεν

354 3076 552 3113 benedicat
571 3088 629 3112 me
650 3076 781 3111 anima
803 3082 882 3110 tua.
904 3073 1097 3111 Considera
1113 3072 1186 3122 hic,
1203 3071 1301 3110 obse·
1327 3075 1350 3105 C
1372 3072 1503 3111 Ἰακὼὸ
1528 3075 1576 3124 τῷ
1607 3072 1713 3124 πατρὶ
1739 3074 1843 3110 αὐτοῦ
1863 3088 1869 3095 ·
1891 3070 1960 3122 ἐγώ
1980 3074 2052 3122 εἰμι
2079 3070 2192 3108 Ἡσαῦ
2210 3073 2227 3108 ὁ
2245 3070 2316 3114 υἱός
2337 3085 2395 3108 σου

353 3153 424 3184 cro,
447 3145 577 3187 quanta
597 3149 679 3172 cum
705 3134 882 3172 anxietate
908 3135 1016 3174 verba
1044 3134 1118 3172 haec
1134 3134 1304 3185 loquutus
1373 3137 1390 3172 ὁ
1418 3133 1656 3186 πρωτότοκος·
1683 3132 1861 3179 πεποίηκά
1897 3148 1969 3179 σοι,
1993 3132 2083 3170 καθὰ
2111 3131 2308 3178 λελάληκάς
2326 3146 2396 3180 μοι.

354 3199 397 3235 sit
415 3197 536 3237 Jacob.
556 3195 628 3243 Qui
643 3195 735 3233 enim
751 3195 925 3248 principio
939 3195 1080 3233 dixerat
1101 3195 1300 3233 mat1·i:Ti-
1374 3194 1538 3238 Ἀναστὰς
1557 3194 1716 3242 κάθισον,
1736 3194 1795 3232 καὶ
1813 3193 1901 3245 φάγε
1923 3195 1962 3231 ἐκ
1981 3196 2043 3239 τῆς
2067 3193 2174 3245 θήρας
2196 3209 2261 3242 μου
2276 3222 2285 3240 ,
2303 3192 2397 3235 ὅπως

356 3274 430 3296 luco
445 3273 487 3295 uc
502 3256 669 3295 inducam
685 3271 789 3308 super
803 3270 857 3293 mc
873 3255 1169 3306 maledictionem,
1183 3265 1218 3295 et
1235 3270 1300 3294 non
1374 3255 1546 3307 εὐλογήση
1564 3271 1606 3305 με
1626 3258 1646 3301 ἡ
1665 3254 1763 3306 ψυχή
1785 3269 1858 3292 σου.
1879 3253 2013 3292 Ἔννόει
2033 3269 2091 3304 μοι
2113 3256 2186 3304 μεθ’
2209 3253 2286 3294 ὅστς
2306 3254 2396 3303 ἀγω-

402 3367 415 3388 1·
434 3362 585 3405 Quinque
606 3363 666 3393 Mas
695 3364 699 3401 Ι
718 3369 746 3392 vt
769 3359 849 3392 nihl.
871 3363 1060 3405 ιπεριέθῳεν
1078 3367 1122 3395 ἐπὶ
1137 3366 1212 3399 τοὺς.
1442 3371 1454 3385 a
1472 3361 1625 3402 Quinque
1641 3360 1717 3392 Mss.
1738 3363 1879 3397 ὑπήκουσε
1894 3366 1930 3398 τῆ
1945 3362 2105 3402 συμόονλῄ.
