2516 3791
305 109 399 168 554

303 208 405 243 enim
420 205 634 251 auditores,
651 204 787 255 inquit,
807 206 900 256 legis
908 203 1248 255 justificabuntur,

303 266 372 303 sed
376 266 566 318 factores.
598 265 686 311 Quae
710 265 805 302 enim
835 264 993 309 utilitas,
1025 260 1055 298 si
1091 258 1253 309 quotidie

303 325 512 374 audiamus,
526 335 560 363 et
573 340 678 377 opera
697 325 919 375 negligamus
929 322 947 358 ἶ)
964 320 1050 358 Ideo
1062 333 1138 365 oro,
1152 327 1192 355 ut
1205 318 1253 355 ad

304 386 439 439 agenda
462 400 569 438 opera
586 386 679 423 bona
696 384 921 431 festinemus,
944 394 1057 431 neque
1074 378 1170 417 enim
1185 377 1252 415 ali·

303 460 356 488 ter
377 451 525 488 salutem
548 448 713 499 consequi
742 459 930 498 possumus
954 460 961 480 ι
982 453 1022 481 ut
1051 451 1085 481 et
1107 450 1252 494 peccata

303 521 420 549 nostra
448 511 658 556 abluamus,
691 517 725 546 et
756 505 939 544 clementia
971 503 1119 543 Domini
1150 502 1252 555 digni

304 572 509 617 habeamur,
535 568 647 619 gratia
661 577 694 605 et
714 565 1003 605 miserationibus
1019 563 1165 602 Domini
1187 577 1251 601 no-

303 631 365 669 stri
382 633 464 670 Jesu
484 628 638 676 Christi,
658 642 741 665 cum
757 641 826 677 quo
846 626 945 663 Patri
964 634 997 663 et
1018 633 1137 663 sancto
1158 623 1250 662 vivi-

304 692 440 740 ficoque
464 688 617 741 Spiritui
639 688 685 726 sit
714 687 842 739 gloria,
872 700 966 724 nunc
988 695 1022 724 et
1043 698 1196 737 semper,
1219 692 1254 722 et

302 752 337 789 in
357 750 486 789 saecula
505 749 726 788 saeculorum.
746 750 869 786 Amen.

722 124 760 154 S.
798 123 986 154 JOANNIS
1021 118 1271 151 cnssvsos‘r.

569 898 778 936 HOMILIA
809 895 980 935 XLVIII.
1277 903 1299 932 Β

105 1038 177 1063 mn.
198 1036 245 1065 23.
299 1023 575 1076 Responderunt
593 1030 709 1059 autem
728 1020 795 1057 filii
815 1019 904 1058 Chet
927 1018 974 1056 ad
990 1018 1192 1066 Abraham,
1215 1025 1249 1054 et

99 1077 127 1104 3.
148 1078 177 1105 6.

351 1085 523 1122 dixerunt
543 1099 551 1119 :
577 1084 656 1120 Rex
674 1097 694 1119 a
714 1084 788 1119 Deo
808 1095 844 1119 es
865 1090 903 1118 tu
922 1080 958 1117 in
977 1079 1100 1129 nobjs,
1122 1079 1159 1116 in
1178 1079 1248 1117 ele-

351 1145 416 1182 ctis
432 1143 603 1196 sepulcris
621 1142 750 1180 nostris
768 1141 876 1194 sepeli
895 1149 1076 1178 mortuum
1097 1148 1212 1177 tuum.

352 1250 385 1285 1.
401 1246 554 1287 Vidistis
566 1245 663 1294 heri,
679 1245 820 1293 dilecti,
834 1244 1046 1298 patriarchae
1064 1244 1248 1283 fortitudi-

297 1307 542 1346 nemzvidistis
554 1307 711 1345 animam
723 1306 910 1344 adamante
924 1305 1144 1355 solidiorem,
1159 1309 1247 1356 qu'o-

297 1369 421 1418 modo,
449 1378 622 1420 quantum
643 1368 680 1405 in
700 1367 777 1419 ipso
808 1376 906 1415 erat,
935 1367 981 1405 ob
1009 1380 1176 1417 magnam
1209 1367 1246 1405 in

297 1431 413 1467 Deum
426 1429 607 1467 caritatem
619 1428 779 1466 sacerdos
799 1427 865 1465 filii
885 1428 999 1466 factus
1018 1436 1088 1477 est,
1111 1437 1145 1465 et
1163 1441 1246 1480 pro-

295 1490 409 1542 posito
427 1489 573 1540 quidem
595 1489 793 1526 cruentavit
811 1487 994 1537 dextram,
1011 1488 1245 1526 sacrificium-

295 1564 362 1600 que
392 1549 524 1587 obtulit
546 1565 554 1584 :
580 1563 644 1600 per
665 1548 883 1586 ineffabilem
905 1557 1024 1585 autem
1045 1548 1246 1587 misericor-
1269 1549 1293 1580 C

291 1608 390 1647 diam
413 1609 479 1648 Dei
497 1609 597 1647 salvo
618 1617 652 1646 et
670 1622 754 1646 sano
777 1608 853 1645 filio
874 1623 940 1646 suo
956 1618 1096 1660 recepto
1115 1609 1244 1659 rediit,

293 1679 325 1707 et
341 1679 487 1722 propter
500 1669 722 1707 voluntatem
747 1668 962 1720 praedicatus
978 1678 1030 1706 est
1048 1683 1247 1720 coronaque

292 1733 432 1784 fulgida
451 1732 660 1781 redimitus,
675 1741 708 1770 et
720 1746 901 1770 summum
918 1746 1067 1784 agonem
1080 1734 1245 1783 certavit,

291 1808 332 1831 ac
354 1808 416 1846 per
439 1793 558 1831 omnia
586 1792 756 1845 pietatem
786 1793 913 1830 mentis
943 1807 1014 1831 suae
1039 1792 1245 1832 declaravit.

292 1854 489 1893 Videamus
508 1863 542 1892 et
560 1853 671 1892 hodie
689 1861 861 1904 quantam
879 1854 998 1906 justus
1021 1853 1083 1892 ille
1099 1854 1168 1892 filii
1184 1869 1247 1893 cu-

291 1930 369 1953 ram
397 1915 575 1953 habuerit.
608 1916 703 1952 Nam
732 1923 920 1966 postquam
942 1929 963 1952 a
985 1914 1161 1953 sacrificio
1183 1916 1247 1954 illo

291 1990 384 2014 novo
410 1985 443 2013 et
470 1975 677 2013 admirabili
704 1974 831 2023 rediit,
859 1975 999 2027 excepit
1024 1989 1107 2013 eum
1130 1977 1247 2015 Sarrae

291 2037 408 2074 luctus
425 2053 432 2073 ε
449 2052 532 2074 cum
550 2046 669 2074 autem
685 2035 842 2089 petiisset
857 2051 877 2073 a
897 2036 983 2074 filiis
1001 2037 1091 2075 Chet
1110 2052 1247 2090 posses-

293 2098 428 2136 sionem
440 2097 593 2149 sepulcri
608 2127 620 2147 ,
641 2106 733 2134 emto
746 2097 824 2134 loco
833 2127 844 2147 ,
863 2096 1029 2149 deposuit
1046 2107 1243 2148 mortuam,

294 2169 328 2197 et
342 2159 410 2197 hoc
428 2157 647 2211 principium
667 2157 901 2209 possessionis
921 2158 1027 2195 habet
1043 2158 1247 2210 patriarcha

296 2220 421 2258 mortis
440 2221 554 2258 Sarrae
581 2218 775 2256 occasione.
803 2219 1006 2256 Monstrans
1028 2220 1123 2257 enim
1146 2220 1248 2258 nobis
1270 2223 1295 2251 D

294 2281 479 2333 Scriptura
495 2279 619 2317 divina
642 2279 730 2331 justi
761 2278 950 2329 virtutem,
980 2295 1132 2331 eumque
1157 2280 1249 2318 sicut

296 2342 525 2394 peregrinum
535 2350 568 2378 et
581 2340 757 2379 advenam
773 2349 845 2377 toto
866 2350 1022 2393 tempore
1038 2342 1161 2391 fuisse,
1179 2342 1249 2381 hoc

296 2418 434 2454 quoque
460 2402 696 2453 significavit,
720 2411 759 2438 ut
775 2401 955 2439 discamus
971 2416 1053 2439 eum
1067 2402 1129 2453 qui
1148 2412 1247 2441 tanto

293 2478 445 2515 superno
462 2462 629 2514 praesidio
654 2462 857 2509 fruebatur,
883 2471 916 2499 ct
939 2463 989 2500 sic
1012 2462 1164 2500 illustris
1187 2464 1244 2500 fa-

294 2534 369 2562 ctus
399 2533 505 2574 atquc
535 2523 570 2560 in
601 2531 735 2560 tantam
779 2521 1047 2560 multitudinem
1092 2522 1247 2561 diffusus

294 2594 367 2623 crat
379 2615 391 2635 ,
414 2584 602 2637 proprium
623 2583 828 2634 sepulcrum
846 2596 915 2620 non
934 2582 1150 2635 possedisse,
1172 2584 1245 2622 sic—

294 2656 333 2684 ut
367 2659 461 2683 nunc
487 2643 592 2681 multi
629 2643 783 2693 faciunt,
823 2657 925 2693 agros
961 2652 994 2680 et
1026 2643 1132 2681 villas
1149 2674 1158 2692 ,
1192 2643 1246 2681 in-

294 2706 503 2756 finitamque
523 2705 631 2742 aliam
650 2703 885 2741 substantiam
907 2703 1086 2755 possidere
1103 2703 1246 2742 studen-

293 2776 357 2804 tes.
385 2765 511 2803 Multis
544 2765 639 2802 enim
665 2764 775 2801 animi
804 2763 942 2802 divitiis
971 2764 1178 2814 fruebatur,
1212 2774 1243 2803 et

292 2827 337 2865 de
355 2826 435 2864 aliis
455 2840 524 2863 non
540 2835 614 2863 erat
631 2824 774 2862 anxius.
799 2824 955 2862 Audiam
975 2825 1036 2875 qui
1051 2835 1192 2878 repente
1213 2835 1246 2863 et
1271 2840 1293 2869 Ε

291 2888 327 2925 in
353 2901 422 2924 uno
441 2886 607 2937 temporis
634 2895 809 2923 momento
833 2885 993 2923 omnium
1011 2886 1103 2923 bona
1123 2900 1244 2924 corra-

292 2947 398 2995 dunt,
425 2956 457 2984 et
477 2947 622 2997 ubique,
640 2955 678 2983 ut
696 2946 743 2983 ita
758 2946 894 2995 dicam,
909 2946 1068 2984 avaritize
1079 2961 1150 2984 suae
1163 2961 1246 2985 con-

289 3007 546 3061 cupiscentiam
568 3007 787 3055 extendunt,
810 3006 1064 3057 imitenturque
1095 3007 1246 3059 patriar-

289 3069 393 3108 cham
406 3099 416 3117 ,
431 3068 491 3118 qui
507 3082 549 3105 nc
562 3068 704 3118 quidem
723 3068 849 3105 habuit
862 3068 981 3106 locum
994 3069 1029 3106 in
1046 3083 1115 3119 quo
1129 3071 1244 3108 Sarrae

287 3131 474 3175 collocaret
493 3129 661 3178 reliquias
673 3159 684 3178 ,
711 3129 773 3166 sed
792 3138 876 3167 tunc
895 3128 1073 3181 primum,
1100 3131 1244 3181 quando

326 3246 339 3260 a
365 3234 466 3268 Savil.
487 3241 519 3265 et
536 3244 589 3265 sex
610 3233 684 3265 MSS.
702 3238 878 3275 ἠγωνίσατο,
896 3238 941 3268 ἵνα
959 3238 1005 3268 διὰ
1021 3241 1139 3269 πάντων
1156 3240 1191 3270 τὸ
1207 3239 1292 3279 Juli-

286 3293 348 3321 θεον
367 3292 455 3320 αὐτοῦ
482 3294 533 3325 τῆς
562 3293 679 3327 γνώμης
708 3290 798 3320 iirtzu
815 3293 934 3328 γένηται
965 3291 1143 3325 κατάδηλον.
1174 3291 1295 3330 ἴδωμεν.

1311 117 1523 148 ARCHIEP.
1563 115 1924 149 CONSTANTINOP.

1323 201 1399 236 καθ’
1418 200 1576 247 ,ἑκάστην
1611 200 1674 250 μὲν
1700 199 1894 251 ἀκούωμεν,
1913 202 2101 250 ἀμελῶμεν
2121 200 2158 238 δὲ
2181 203 2242 247 τῆς
2262 201 2344 239 τού-

1322 273 1390 295 των
1411 259 1595 310 ἐργασίας,
1618 260 1682 298 Διὸ
1701 262 1897 312 παρακαλῶ
1909 291 1919 308 ,
1939 260 1996 298 ἐπὶ
2015 261 2077 308 τὴν
2098 262 2262 313 ἐργασίαν
2279 266 2345 300 αὐ-

1322 319 1391 355 τῶν
1410 321 1479 356 τῶν
1504 318 1613 371 ἔργων
1631 320 1836 371 σπεύσωμεν
1852 337 1860 345 ·
1878 321 1955 360 οὐδὲ
1973 321 2040 374 γὰρ
2060 322 2174 365 ἄλλως
2190 325 2346 367 σωθῆναι

1322 379 1466 417 δυνατόν
1479 395 1486 402 ·
1506 379 1563 418 ἵνα
1595 381 1654 419 καὶ
1671 381 1716 419 τὰ
1741 382 1974 433 ἡμαρτημένα
1994 383 2244 436 ἀπονιψώμεθα
2253 412 2266 429 ,
2287 382 2345 421 καὶ

1322 441 1385 485 τ’ἥς
1402 442 1485 491 παρ’
1505 443 1608 479 αὐτοῦ
1628 444 1688 479 τοῦ
1711 442 1890 480 Δεσπότου
1910 443 2171 494 φιλανθρωπίας
2192 442 2347 487 ἀξιωθῶ-

1324 515 1399 549 μεν,
1423 500 1544 552 χάριτι
1575 501 1634 539 καὶ
1652 503 1842 554 οἷκτιρμοῖς
1866 506 1928 540 τοῦ
1960 502 2089 554 Κυρίου
2109 504 2208 553 ἡμῶν
2230 502 2346 548 Ἰησοῦ

1323 561 1500 612 Χριστοῦ,
1535 563 1611 612 μεθ’
1629 556 1668 600 οὗ
1688 565 1738 613 τῷ
1757 561 1874 613 Πατρὶ
1903 565 1924 608 ἡ
1952 562 2052 610 δόξα,
2080 562 2154 612 ἅμα
2183 565 2233 613 τῷ
2258 562 2348 614 ἁγίῳ

1322 621 1383 659 καὶ
1401 624 1558 674 ζωοποιῷ
1583 622 1793 673 Πνεύματι,
1823 626 1881 660 νῦν
1913 623 1972 661 καὶ
2001 623 2074 670 ἀεὶ,
2105 622 2164 661 καὶ
2191 625 2239 666 εἷς
2268 623 2346 666 τοὺς

1324 685 1451 727 αἰῶνας
1465 686 1533 721 τῶν
1554 682 1700 721 αἰώνων.
1720 682 1844 733 Ἀμήν.

1694 895 1874 933 omma
1896 892 1969 945 μη’.

1323 1014 1574 1066 Ἀπεκρίθησαν
1594 1015 1630 1052 δὲ
1650 1017 1681 1054 οἳ
1700 1016 1767 1054 υἱοὶ
1792 1019 1853 1053 τοῦ
1874 1016 1948 1054 Χὲτ
1974 1017 2060 1068 πρὸς
2078 1016 2260 1069 Ἀδραὰμ,
2288 1016 2347 1054 καὶ

1372 1069 1472 1114 εἶπαν
1485 1091 1494 1099 ·
1517 1076 1678 1127 βασιλεὺς
1701 1076 1799 1128 παρὰ
1817 1078 1910 1115 Θεοῦ
1935 1071 1968 1114 εἶ
1985 1077 2026 1114 σὺ
2050 1079 2085 1114 ἓν
2104 1080 2202 1127 ἡμῖν,
2223 1079 2257 1115 ἐν
2277 1083 2349 1120 τοῖς

1372 1138 1548 1180 ἐκλεκτοῖς
1566 1136 1751 1188 μνημείοις
1768 1139 1868 1188 ἡμῶν
1887 1137 1994 1189 θάψον
2011 1137 2070 1175 τὸν
2090 1137 2209 1189 νεκρόν
2229 1153 2306 1177 σου.

1372 1240 1495 1280 Εἴδετε
1515 1240 1615 1294 χθὲς,
1636 1241 1834 1292 ἀγαπητοὶ,
1863 1244 1923 1279 τοῦ
1956 1241 2176 1294 πατριάρχου
2202 1241 2267 1289 τὴν
2286 1243 2348 1280 ἀν-

1320 1301 1456 1353 δρείαν·
1486 1302 1593 1340 εἴδετε
1623 1301 1739 1354 ψυχὴν
1763 1302 1961 1352 ἀδάμαντος
1987 1301 2227 1355 στερροτέραν,
2247 1305 2346 1350 πῶς,

1317 1361 1356 1399 τὸ
1372 1357 1456 1408 ἧκον
1477 1365 1524 1406 εἷς
1545 1363 1660 1409 αὐτὸν,
1681 1362 1738 1400 διὰ
1758 1362 1816 1400 τὸν
1833 1362 1914 1413 περὶ
1929 1362 1986 1400 τὸν
2005 1362 2097 1402 Θεὸν
2112 1363 2217 1401 πόθον
2235 1364 2346 1415 ἱερεὺς

1317 1426 1376 1461 τοῦ
1396 1424 1518 1466 παιδὸς
1535 1422 1687 1475 ἐγένετο,
1703 1422 1762 1460 καὶ
1781 1425 1823 1474 τῇ
1844 1422 1906 1472 μὲν
1928 1421 2051 1474 γνώμῃ
2072 1422 2184 1473 ’ᾕμαξε
2204 1424 2267 1472 τὴν
2290 1425 2348 1462 δε-

1317 1483 1404 1530 ξιὰν,
1435 1485 1493 1522 καὶ
1524 1485 1564 1522 τὸ
1590 1487 1711 1536 ἱερεῖον
1732 1483 1950 1535 προσήνεγκε
1969 1499 1976 1506 ·
1994 1483 2052 1521 διὰ
2073 1484 2107 1521 δὲ
2131 1483 2196 1530 τὴν
2216 1485 2346 1538 ἄφατον

1318 1548 1378 1582 τοῦ
1412 1546 1504 1583 Θεοῦ
1538 1544 1798 1597 φιλανθρωπίαν
1833 1546 1922 1582 σῶον
1950 1544 2009 1581 καὶ
2045 1547 2124 1595 ὑγιῆ
2158 1544 2216 1582 τὸν
2237 1547 2346 1583 παῖδα

1317 1606 1435 1644 λαὸὼν
1456 1606 1622 1657 ἐπανῄει,
1646 1605 1706 1643 καὶ
1731 1606 1801 1643 ἀπὸ
1818 1608 1881 1651 τ’ἦς
1899 1607 2134 1656 προαιρέσεως
2153 1607 2347 1657 ἀνεκηρύτ-

1317 1683 1396 1706 τετο
1409 1671 1426 1706 ὁ
1444 1667 1666 1719 πατριάρχης
1686 1666 1743 1704 καὶ
1766 1666 1824 1704 τὸν
1845 1666 2012 1718 στέφανον
2031 1666 2193 1717 λαμπρὸν
2218 1667 2345 1714 ἀνεδή-

1318 1743 1404 1766 σατο
1416 1759 1425 1775 ,
1445 1728 1504 1766 καὶ
1524 1732 1644 1766 τοῦτον
1664 1727 1722 1764 τὸν
1745 1729 1944 1764 τελευταῖον
1964 1729 2083 1777 ἀγῶνα
2106 1726 2344 1777 ἃήγωνίσατο,

1317 1788 1377 1826 καὶ
1408 1787 1464 1826 διὰ
1483 1788 1624 1826 πάντων
1655 1787 1696 1826 τὸ
1715 1787 1872 1840 φιλόθεον
1894 1789 1998 1825 αὐτοῦ
2023 1789 2087 1832 τῆς
2102 1787 2244 1838 γνώμης
2264 1790 2347 1826 ἐπε-

1317 1848 1463 1893 δείξατο.
1483 1849 1631 1900 Ἴδωμεν
1662 1848 1722 1886 καὶ
1749 1847 1903 1900 σήμερον
1922 1852 1983 1886 τοῦ
2004 1847 2138 1885 δικαίου
2163 1848 2285 1887 τούτου
2305 1850 2348 1888 τὸ

1317 1911 1557 1963 φιλόστοργον,
1577 1910 1662 1956 ὅσην
1691 1915 1843 1948 ποιεῖται
1873 1913 1932 1947 τοῦ
1960 1908 2082 1951 παιδὸς
2109 1909 2174 1956 τὴν
2194 1911 2347 1961 κηδεμο-

1316 1971 1404 2010 νίαν.
1425 1971 1572 2019 Ἐπειδὴ
1604 1970 1670 2022 γὰρ
1700 1969 1789 2021 μετὰ
1816 1970 1856 2008 τὸ
1888 1971 1958 2008 ἀπὸ
1985 1972 2048 2015 τῆς
2074 1970 2192 2013 θυσίας
2215 1971 2346 2017 ταύτης

1317 2035 1517 2072 ἐπανελθεῖν
1543 2035 1604 2078 τῆς
1619 2035 1740 2078 καινῆς
1760 2031 1819 2070 καὶ
1834 2031 2028 2083 παραδόξου
2049 2030 2224 2075 διεδέξατο
2241 2031 2344 2070 αὐτὸν

1317 2097 1380 2141 τῆς
1407 2093 1547 2146 Σάρρας
1572 2093 1611 2131 τὸ
1628 2093 1772 2139 πένθος,
1793 2092 1940 2138 αἰτήσας
1958 2092 2054 2143 παρὰ
2074 2095 2144 2130 τῶν
2169 2095 2252 2131 υἱῶν
2273 2093 2346 2131 Χὲτ

1317 2159 1441 2202 κτῆσιν
1460 2154 1569 2206 τάφου
1582 2183 1592 2200 ,
1611 2153 1670 2192 καὶ
1689 2153 1880 2204 πριάμενος
1899 2152 1958 2190 τὸν
1981 2152 2100 2199 τόπον,
2120 2152 2268 2191 ἀπέθετο
2286 2154 2345 2191 τὸν

1317 2216 1449 2268 νεκρὸν,
1478 2215 1537 2253 καὶ
1563 2214 1693 2262 ταύτην
1712 2212 1855 2265 πρώτην
1875 2213 1987 2265 ἀρχὴν
2005 2213 2160 2259 κτήσεως
2192 2220 2343 2252 ποιεῖται

1317 2281 1335 2315 ὃ
1367 2276 1587 2328 πατριάρχης
1621 2276 1677 2313 διὰ
1708 2274 1770 2322 τὴν
1794 2276 1856 2320 τῆς
1888 2274 2028 2326 Σάρρας
2048 2274 2227 2320 τελευτήν.
2261 2278 2342 2313 Δει-

1317 2341 1426 2376 κνῧσα
1455 2337 1522 2388 γὰρ
1550 2339 1633 2387 ἡμῖν
1659 2339 1681 2382 ἡ
1702 2335 1776 2373 θεία
1808 2334 1931 2386 Γραφὴ
1963 2334 2019 2372 διὰ
2049 2335 2269 2387 niveum-³03
2290 2337 2344 2374 δι-

1318 2399 1416 2437 καίου
1444 2397 1506 2445 τὴν
1528 2397 1668 2449 ἀρετὴν,
1694 2396 1754 2434 καὶ
1773 2396 1825 2434 ὅτι
1843 2399 1889 2439 ὡς
1914 2395 2079 2447 πάροικος
2100 2395 2160 2433 καὶ
2188 2397 2343 2448 παρεπί-

1318 2462 1426 2509 δημος
1456 2460 1593 2497 ἅπαντα
1616 2459 1713 2508 διῆγε
1743 2456 1801 2494 τὸν
1819 2457 1955 2508 χρόνον,
1985 2456 2044 2493 καὶ
2075 2461 2176 2494 τοῦτο
2207 2458 2341 2503 ἐπεση-

1317 2521 1463 2570 μήνατο,
1487 2519 1543 2557 ἵνα
1565 2518 1744 2569 μάθωμεν,
1764 2517 1816 2555 ὅτι
1832 2520 1849 2554 ὃ
1869 2517 2041 2564 τοσαύτης
2075 2517 2261 2555 ἀπολαύων
2280 2521 2343 2564 τῆς

1318 2582 1446 2618 ἄνωθεν
1467 2579 1651 2632 συμμαχία
1660 2596 1685 2627 ς,
1702 2578 1760 2617 καὶ
1779 2579 1868 2616 οὕτω
1884 2577 2075 2630 περιφανὴς
2093 2577 2243 2628 γεγονὼς
2256 2607 2263 2620 ,
2284 2578 2343 2615 καὶ

1317 2642 1374 2679 ἐπὶ
1405 2646 1565 2680 τοσοῦτον
1604 2642 1735 2686 πλῆθος
1773 2640 1950 2686 ἐκταθεὶς,
1983 2641 2108 2676 οἰκεῖον
2141 2638 2246 2677 τόπον
2280 2641 2343 2676 οὐκ

1317 2702 1501 2749 ἐκτήσατο,
1528 2700 1685 2753 καθάπερ
1713 2704 1769 2737 νῦν
1793 2700 1917 2738 πολλοὶ
1947 2703 2118 2745 ποιοῦσιν,
2140 2698 2265 2751 ἀγροὺς
2284 2699 2344 2737 καὶ

1318 2762 1456 2813 κώμας,
1476 2762 1534 2800 καὶ
1551 2761 1684 2808 πολλήν
1700 2777 1778 2799 τινα
1798 2760 1856 2798 καὶ
1877 2760 2007 2812 ἄφατον
2026 2759 2228 2812 περιουσίαν
2247 2759 2262 2779 ¹³
2275 2776 2344 2798 κα-

1317 2826 1511 2862 τακτᾶσθαι
1530 2822 1794 2866 σπουδάζοντες.
1813 2815 1899 2872 Εἶχε
1917 2820 1984 2871 γὰρ
2005 2822 2178 2872 ἀρκοῦντα
2194 2823 2343 2858 πλοῦτον

1318 2884 1374 2922 τὸν
1396 2884 1465 2922 ἀπὸ
1486 2887 1546 2930 τῆς
1572 2882 1729 2934 γνώμης,
1751 2882 1808 2920 καὶ
1830 2881 1992 2931 οὐδεμίαν
2022 2882 2102 2931 περὶ
2122 2885 2232 2918 ταῦτα
2248 2883 2345 2919 ἐποι-

1320 2951 1390 2983 εῖτο
1411 2945 1472 2992 τὴν
1493 2943 1645 2989 σπουδήν
1683 2943 1916 2981 Ἀκουέτωσαν
1944 2945 1974 2979 οἱ
2005 2941 2126 2992 ἀθρόον
2146 2942 2205 2978 καὶ
2225 2942 2258 2978 ἐν
2279 2947 2344 2993 μιᾷ

1318 3010 1438 3057 καιροῦ
1460 3009 1547 3057 ροπῇ
1573 3005 1616 3043 τὰ
1642 3005 1781 3043 πάντων
1797 3003 2087 3055 περιὸαλλόμενοι
2101 3033 2110 3049 ,
2131 3003 2188 3039 καὶ
2208 3018 2344 3040 παντα-

1317 3072 1399 3119 χοῦ,
1421 3070 1467 3110 ὡς
1491 3069 1613 3112 εἰπεῖν,
1632 3068 1693 3111 τῆς
1714 3065 1842 3107 οἰκείας
1858 3063 2054 3107 πλεονεξίας
2076 3063 2137 3109 τὴν
2157 3063 2343 3114 ἐπιθυμίαν

1317 3129 1545 3176 ἐκτείνοντες,
1568 3129 1627 3166 καὶ
1658 3127 1897 3178 μιμείσθωσαν
1932 3125 1990 3163 τὸν
2015 3124 2251 3178 πατριάρχην,
2283 3125 2341 3162 τὸν

1370 3235 1387 3259 b
1412 3235 1500 3275 llam,
1521 3239 1727 3269 κατακτᾶσθαι
1748 3236 1973 3272 σπουδάζοντες,
1995 3229 2116 3263 desunt
2139 3233 2171 3263 in
2187 3230 2287 3264 Savil.
2304 3239 2338 3263 et.

1334 3288 1366 3319 in
1383 3285 1510 3328 aliquot
1527 3287 1600 3318 Mss.
