2566 3791
402 237 493 282 282

396 331 631 383 nullumque
621 345 656 370 in
664 331 829 370 omnibus
845 331 1036 370 discrimen
1048 331 1254 375 ?Praeterea,
1264 327 1351 379 quid

396 407 522 446 passus
537 402 602 443 est,
626 392 767 443 quando
786 392 890 446 apud
897 406 933 429 se
949 390 1165 441 1ecogitabat
1187 387 1352 426 solitudi-

397 468 493 503 nem,
513 454 728 502 vastitatem,
749 453 861 491 vitam
876 452 974 489 illam
991 450 1176 488 doloribus
1198 449 1352 501 plenam,

398 514 496 553 omni
525 514 650 553 solatio
681 513 839 563 undique
863 511 1083 559 destitutam,
1107 524 1218 561 neque
1244 510 1354 548 collo-

398 575 482 626 quio
497 605 508 624 ,
526 587 637 624 neque
650 581 791 624 aspectu
818 571 1017 624 jucundam
1034 587 1042 607 τ
1062 585 1144 608 cum
1164 584 1233 608 non
1250 571 1355 623 plane

399 636 504 673 sciret
522 643 653 685 quanto
672 642 832 684 tempore
850 633 995 671 ferenda
1026 641 1113 670 esset
1132 631 1193 670 illa
1223 632 1259 670 in
1277 646 1355 669 car-

400 709 478 733 cere
495 695 569 733 vita
583 695 600 731 ἱ)
614 693 799 740 Quamdiu
819 693 915 731 enim
933 693 1102 745 strepitus
1124 707 1310 744 aquarum,
1321 701 1356 730 et

400 765 505 794 aestus
523 764 637 805 erant,
659 755 825 793 timorem
843 755 878 793 in
892 754 954 792 illo
966 753 1129 805 quotidie
1146 763 1356 791 crescentem

401 817 630 868 generabant.
659 815 759 864 Quid
790 815 885 853 enim
906 815 1058 867 jucundi
1081 815 1256 867 suspicari
1284 815 1360 867 ipse

400 887 549 930 poterat,
571 877 632 928 qui
652 877 798 915 videbat
823 886 965 916 centum
995 876 1256 927 quinquaginta
1285 876 1361 913 dies

400 953 510 990 aquas
522 939 558 976 in
576 938 698 976 eadem
715 938 814 990 copia
829 947 1022 987 manentes,
1045 946 1078 974 et
1099 937 1134 974 in
1146 937 1260 974 altum
1276 937 1361 974 sub-

400 999 492 1037 latas
518 1014 561 1037 ne
591 999 782 1036 minimum
805 998 950 1049 quidem
978 997 1361 1037 subsiderePVerum-

401 1069 518 1098 tamen
537 1060 671 1097 ferebat
697 1059 850 1108 fortiter,
872 1059 985 1097 sciens
1017 1058 1162 1096 Domini
1197 1058 1362 1110 omnipo-

273 1138 390 1166 Naturae
402 1122 572 1169 tentiam,
596 1130 629 1159 et
665 1121 784 1172 ipsum
807 1129 930 1172 utpote
966 1119 1198 1157 Conditorem
1227 1128 1362 1156 naturae

199 1180 343 1247 (ἷθῐῑᾶἑῑῡΐ
404 1182 521 1220 omnia
541 1196 607 1234 pro
635 1181 738 1219 libito
756 1182 883 1228 facere,
911 1189 946 1218 et
971 1181 1236 1229 transf01maie,
1251 1194 1364 1231 neque

201 1226 495 1295 ἑᾞτζᾞῃζὶωςτο
516 1243 649 1280 ferebat
671 1241 767 1292 quod
790 1241 865 1279 illic
889 1250 977 1279 essct
1010 1241 1240 1279 xeisandum.
1272 1243 1364 1279 Nam

201 1304 275 1331 V·¹¹¹²
404 1305 469 1343 Dei
491 1304 603 1356 gratia
625 1303 816 1341 roborabat
840 1303 938 1341 illius
953 1303 1186 1351 alacritatem,
1204 1311 1238 1340 et
1257 1303 1361 1340 suffi-

403 1366 553 1404 cientem
575 1365 757 1417 praebebat
776 1364 1064 1411 consolationem,
1098 1377 1210 1414 neque
1228 1363 1365 1401 sinebat

401 1427 474 1464 labi
496 1435 666 1473 mentem,
690 1435 724 1463 et
742 1425 897 1477 cogitare
915 1423 1126 1475 aliquidaut
1152 1438 1282 1476 parum
1305 1424 1365 1462 vi-

401 1488 481 1538 rile,
498 1497 560 1525 aut
576 1487 693 1525 minus
706 1500 925 1538 generosum.
935 1485 1030 1533 Quia
1045 1485 1139 1522 enim
1153 1485 1253 1537 prius
1267 1484 1365 1536 quod.

403 1562 509 1586 suum
539 1557 613 1587 erat
635 1547 860 1595 adhibuerat,
881 1561 1006 1599 nempe
1031 1546 1177 1585 virtutis
1210 1546 1363 1597 diligen-

403 1610 504 1658 tiam,
519 1609 667 1662 justitiae
683 1609 858 1660 vigorem,
876 1607 960 1645 fidei
980 1607 1227 1645 excellentiam
1241 1622 1252 1656 3
1265 1606 1364 1644 dein-

404 1669 450 1707 de
465 1683 592 1721 magna
607 1683 689 1706 cum
702 1669 864 1706 ubertate
879 1677 1091 1718 assequutus
1110 1676 1161 1705 est
1183 1681 1222 1705 ea
1248 1681 1326 1718 quae
1345 1681 1364 1705 a

404 1731 559 1768 Domino
574 1729 923 1782 suppeditabantur3
947 1728 1118 1766 nimirum
1135 1728 1340 1780 patientiam
1352 1758 1363 1777 ,

404 1790 667 1839 fortitudinem,
691 1790 895 1827 facultatem
911 1788 1030 1827 omnia
1047 1797 1230 1826 mansuete
1250 1788 1365 1826 seren-

405 1852 444 1890 di
466 1882 477 1902 ,
513 1850 782 1901 sustinendique
820 1863 910 1887 arcae
952 1848 1252 1887 inhabitationem
1278 1849 1367 1886 citra

406 1913 530 1951 damni
544 1911 852 1964 corruptionisque
863 1924 1019 1960 sensum,
1041 1923 1154 1960 neque
1171 1909 1368 1948 bestiarum

410 1973 617 2012 convictum
637 1971 857 2011 fastidiendi.
1284 1966 1288 1971 ⁵

464 2043 500 2079 7.
515 2041 624 2079 Illum
645 2040 757 2092 igitur
781 2039 932 2091 justum,
954 2039 1110 2087 obsecro,
1133 2037 1315 2075 imitemur
1336 2045 1369 2074 et

412 2118 487 2151 nos,
507 2116 721 2155 operamque
739 2101 876 2149 demus,
893 2109 932 2138 ut
947 2101 1139 2138 afferamus
1152 2114 1230 2151 quae
1250 2108 1369 2137 nostra

412 2173 507 2212 sunt,
533 2173 573 2200 ut
591 2163 719 2213 dignos
736 2175 799 2198 nos
816 2161 909 2213 ipsos
927 2175 1092 2212 paremus
1108 2160 1151 2197 iis
1170 2175 1248 2210 quae
1260 2175 1279 2198 a
1294 2162 1369 2197 Deo

412 2224 555 2262 dantur.
572 2225 663 2262 Nam
678 2222 810 2259 idcirco
825 2230 1004 2274 exspectat
1023 2221 1223 2258 occasiones
1242 2235 1287 2259 ex
1305 2236 1370 2259 no-

410 2285 479 2334 bis,
501 2294 540 2322 ut
555 2283 705 2321 multam
724 2282 891 2319 exhibeat
907 2281 1169 2318 liberalitatem.
1183 2282 1308 2332 Itaque
1327 2295 1370 2318 ne

413 2355 559 2398 propter
576 2344 751 2382 desidiam
772 2343 954 2394 privemus
971 2355 1033 2379 nos
1049 2342 1148 2379 illius
1167 2341 1284 2391 donis,
1308 2342 1370 2380 sed

413 2407 619 2444 festinemus
634 2414 667 2442 et
681 2412 932 2455 urgeamus,ut
943 2402 1161 2454 principium
1176 2403 1373 2455 apprehen-

414 2468 557 2517 damus,
577 2476 609 2504 et
623 2466 718 2505 viam
736 2480 812 2516 quae
834 2463 879 2502 ad
891 2464 1060 2502 virtutem
1080 2463 1218 2501 inducit
1236 2480 1243 2500 :
1259 2474 1297 2501 ut
1317 2479 1373 2502 su-

413 2544 523 2581 perno
540 2528 653 2581 adjuti
673 2526 847 2571 subsidio,
868 2525 974 2563 etiam
988 2525 1035 2563 ad
1064 2525 1169 2563 finem
1188 2526 1374 2577 pervenire

262 2607 332 2632 Sine
351 2615 401 2632 su-
413 2591 610 2629 valcamus.
638 2590 761 2639 Neque
780 2587 874 2625 enim
894 2586 1064 2639 possibile
1083 2595 1133 2624 est
1154 2587 1288 2624 bonum
1307 2587 1373 2624 ali-

211 2657 302 2685 perna
338 2656 402 2682 '⁷⁸³¹'
416 2651 513 2702 quod
531 2666 593 2689 nos
607 2659 698 2688 recte
714 2663 817 2701 agere
838 2662 905 2685 non
927 2647 1067 2699 adjutos
1081 2662 1231 2699 superna
1246 2648 1372 2697 gratia.

211 2691 282 2757 ign.
321 2671 403 2765 ,Ῐὲᾛρ
417 2711 532 2763 Igitur
547 2710 633 2748 tales
654 2709 764 2746 simus
770 2707 886 2758 ,qui
878 2706 1226 2758 appendamusnos
1218 2720 1252 2743 ιιι
1276 2721 1373 2758 spem

213 2780 381 2808 POSWfflUss-
418 2787 475 2822 qu
469 2787 496 2809 '13
518 2786 551 2809 in
562 2772 674 2808 Deum
693 2778 756 2816 est,
772 2768 872 2819 quasi
894 2767 928 2804 in
943 2767 1133 2804 anchoram
1149 2767 1305 2818 aliquam
1320 2776 1376 2804 tu-

416 2841 486 2869 tan]
507 2841 539 2869 ct
558 2830 734 2878 stabilem,
750 2839 783 2866 ct
803 2843 846 2866 ne
860 2828 905 2865 ad
926 2828 1083 2865 laborem
1104 2827 1248 2866 virtutis
1270 2828 1425 2879 respi-r

417 2892 568 2939 ciamus,
578 2891 638 2928 scd
648 2889 906 2928 considerantes
915 2887 1180 2926 retributionem
1193 2903 1270 2938 qua:
1283 2888 1380 2925 labo-

415 2967 490 2989 rcin
505 2953 678 3002 scquitur‚
691 2950 816 2988 leviter
826 2949 943 2986 omnia
954 2948 1309 2999 fcramquiquidcm
1325 2962 1383 2985 nc-

417 3012 582 3063 gotiator,
607 3011 788 3062 siquando
809 3025 853 3048 cx
868 3019 970 3062 portu
991 3024 1150 3061 egressus
1170 3009 1204 3047 in
1225 3009 1383 3046 medium

417 3073 525 3110 maris
549 3073 696 3121 venerit,
720 3086 787 3109 non
806 3072 880 3123 jam
915 3071 1063 3123 piratas,
1081 3084 1150 3108 non
1181 3070 1381 3121 naufragia,

206 2057 326 2085 Mor-alis
348 2067 398 2084 ex-

208 2099 348 2126 hortatio.

466 3214 479 3228 a
504 3201 606 3235 sax-il.
626 3209 659 3233 ct
689 3209 813 3243 septem
838 3201 916 3234 Mss.
944 3203 1057 3235 εἰδότα.
1077 3199 1195 3232 ¹florei.

844 249 881 279 S.
919 248 1104 280 JOANNIS
1139 246 1379 278 CHRYSOST.
1419 244 1626 276 ARCHIEP·
1665 242 2021 276 CONSTANTiNOP.

1424 327 1549 375 πάλιν,
1577 325 1717 364 ἐπειδὰν
1739 327 1778 365 τὸ
1804 326 1884 366 καθ’
1904 327 2022 365 ἑαυτὸν
2044 325 2330 378 ἀναλογιζόμενος
2344 354 2354 372 ,
2383 325 2447 372 τὴν

1428 387 1600 437 μόνωσιν,
1629 387 1694 434 τὴν
1725 388 1898 439 ἐρημίαν,
1923 388 1987 434 τὴν
2021 387 2196 439 διαγωγὴν
2226 387 2357 434 ἐκείνην
2385 387 2449 434 τὴν

1426 448 1616 500 ὀδυνηρὰν,
1642 447 1701 486 καὶ
1726 447 1888 499 οὐδεμίαν
1904 448 2094 500 οὐδαμόθεν
2113 447 2360 500 παραμυθίαν,
2387 448 2451 486 οὒκ

1427 511 1495 550 ἀπὸ
1525 511 1722 563 συντυχίας,
1749 514 1812 549 οὐκ
1833 512 1902 550 ἀπὸ
1923 511 2022 556 θέας,
2053 513 2129 549 ἀλλ’
2155 510 2229 550 οὐδὲ
2249 512 2306 549 τὸν
2325 511 2449 562 χρόνον

1424 577 1439 593 ‘¹
1453 571 1550 615 εἰδὼς
1571 571 1737 624 ἀκριδῶς,
1756 571 1862 610 πόσον
1882 572 2036 622 ἤμελλεν
2054 571 2240 623 ἀνέχεσθαι
2259 576 2322 618 τῆς
2342 573 2375 609 ἐν
2400 574 2451 622 τῷ

1426 633 1655 684 δεσμωτηρίῳ
1687 632 1809 684 ἐκείνῳ
1842 634 2037 684 διαγωγῆς,
2069 632 2167 676 ζΈως
2195 632 2264 684 γὰρ
2290 635 2308 670 ὃ
2325 631 2453 675 κτύπος

1425 698 1493 732 τῶν
1511 695 1646 732 ὑδάτων
1666 694 1725 732 καὶ
1743 697 1760 732 ὁ
1778 694 1937 745 πάταγος
1957 688 1998 740 ἦν
2014 723 2023 741 ,
2054 693 2132 731 καθ’
2149 693 2299 740 ἑκάστην
2317 693 2450 744 ἡμέραν

1429 756 1631 806 ἀκμάζοντα
1663 757 1756 808 αὐτῷ
1780 755 1838 793 τὸν
1863 754 1969 807 φόδον
1987 753 2238 806 ι’ἐνειργάζετα
2264 754 2312 793 Τί
2327 753 2394 804 γὰρ
2410 748 2452 800 ἧν

1431 817 1518 860 εἰκὸς
1539 817 1640 855 αὐτὸν
1661 817 1814 869 χρηστὸν
1834 819 2067 863 ὑποπτεῦσαι,
2096 817 2231 867 ὁρῶντα
2253 815 2311 853 ἐπὶ
2331 814 2453 853 ἑκατὸν

1430 877 1645 924 πεντήκοντα
1668 877 1803 928 ἡμέρας
1831 877 1888 915 ἐπὶ
1905 879 1967 922 τῆς
1982 876 2192 924 ταυτότητος
2208 876 2252 914 τὰ
2268 875 2377 914 ὕδατα
2395 875 2455 926 με’·

1431 954 1545 986 νοντα,
1574 931 1633 976 καὶ
1666 941 1713 982 εἷς
1740 939 1823 991 ὕψος
1853 937 2078 991 ἐγειρόμενα,
2111 938 2171 976 καὶ
2199 937 2274 976 οὐδὲ
2293 938 2333 976 τὸ
2349 937 2455 989 τυχὸν

1429 998 1606 1049 λήγοντα,
1640 998 1733 1036 Ἀλλ’
1760 999 1856 1049 ὅμως
1874 998 1972 1051 ἔφερε
1991 998 2168 1049 γενναίως,
2191 998 2288 1042 εἰδὼς
2306 1001 2366 1036 τοῦ
2386 1000 2456 1035 Δε-

1432 1058 1560 1096 σπότου
1590 1059 1629 1096 τὸ
1664 1059 1882 1111 εὐμήχανον,
1916 1060 1976 1097 καὶ
1999 1059 2050 1097 ὅτι
2079 1060 2288 1111 δημιουργὸς
2317 1058 2364 1096 ὢν
2394 1061 2457 1105 τῆς

1433 1119 1566 1172 φύσεως
1587 1119 1726 1157 ἅπαντα
1753 1126 1845 1158 ποιεῖ
1867 1120 1926 1158 καὶ
1947 1120 2195 1171 μετασκευάζει
2215 1120 2300 1172 πρὸς
2326 1118 2344 1157 δ
2373 1119 2459 1171 βού-

1432 1183 1544 1229 λεται,
1564 1180 1622 1218 καὶ
1639 1183 1699 1219 οὐκ
1717 1180 1941 1233 ἐδυσχέραινε
1960 1181 2045 1233 πρὸς
2058 1180 2121 1228 τὴν
2144 1183 2253 1220 ἐκεῖσε
2271 1179 2458 1232 διαγωγήν.

1434 1241 1479 1280 eH
1497 1241 1564 1294 γὰρ
1584 1245 1643 1280 τοῦ
1669 1244 1762 1280 Θεοῦ
1782 1242 1871 1294 ῥοπὴ
1894 1241 2179 1295 συνεφαπτομένη
2199 1241 2334 1293 ἐνεύρου
2355 1243 2460 1280 αὐτοῦ

1435 1302 1499 1349 τὴν
1523 1302 1732 1356 προθυμίαν,
1759 1303 1819 1340 καὶ
1851 1305 2022 1354 ἀρκοῦσαν
2055 1307 2203 1354 παρεῖχε
2221 1301 2461 1355 παραμυθίαν,

1434 1366 1496 1402 οὐκ
1531 1366 1672 1416 ἀφιεῖσα
1699 1370 1910 1402 καταπεσεῖν
1941 1364 2020 1408 τοὺς
2045 1364 2258 1415 λογισμοὺς,
2300 1363 2359 1402 καὶ
2385 1363 2462 1402 οὐδὲ

1436 1425 1574 1477 ἀγεννές
1606 1441 1641 1463 τι
1671 1425 1753 1463 ιτκαὶ
1784 1425 1950 1479 ἄνανδρον
1979 1425 2202 1477 λογίσασθαι.

2230 1424 2378 1472 Ἐπειδὴ
2395 1425 2463 1477 γὰρ

1401 1516 1408 1526 ,
1433 1485 1623 1538 προλαδὼν
1643 1485 1687 1524 τὰ
1716 1488 1799 1539 παρ’
1822 1489 1945 1525 ἑαυτοῦ
1971 1486 2148 1539 παρέσχε,
2177 1489 2240 1532 τῆς
2259 1488 2384 1536 ἀρετῆς
2398 1487 2463 1532 τὴν

1435 1547 1640 1599 ἀκρίδειαν,
1671 1549 1734 1593 τ’ῆς
1764 1547 1983 1594 δικαιοσύνης
2013 1547 2076 1594 τὴν
2107 1547 2288 1595 ἐπίτασιν,
2318 1550 2380 1593 τῆς
2407 1546 2466 1585 πί-

1436 1624 1545 1652 στεως
1572 1608 1636 1655 τὴν
1665 1608 1881 1661 ὑπερδολὴν,
1919 1609 1978 1647 καὶ
2005 1608 2049 1646 τὰ
2075 1609 2173 1662 παρὰ
2200 1614 2260 1647 τοῦ
2284 1607 2464 1647 Δεσπότου

1435 1669 1556 1707 λοιπὸν
1587 1671 1682 1721 αὐτῷ
1714 1669 1803 1719 μετὰ
1823 1669 2003 1721 δαψιλείας
2021 1671 2235 1722 ἐχορηγεῖτο,
2255 1673 2277 1715 ἡ
2293 1669 2464 1721 ὑπομονὴ,

1437 1734 1457 1777 ἡ
1489 1731 1641 1783 ἀνδρεία,
1669 1731 1709 1770 τὸ
1730 1730 1850 1783 πράως
1876 1731 2014 1769 ἅπαντα
2036 1732 2172 1783 φέρειν,
2191 1732 2232 1769 τὸ
2249 1731 2464 1784 ἀνασχέσθαι

1439 1793 1501 1837 τῆς
1521 1791 1688 1838 οἰκήσεως
1715 1794 1777 1838 τῆς
1794 1793 1830 1829 ἐν
1847 1794 1890 1844 τῇ
1911 1792 2073 1844 κιδωτῷ,
2099 1792 2139 1830 τὸ
2159 1791 2333 1842 μηδεμίαν
2349 1791 2465 1842 λύμην

1439 1853 1565 1890 ἐκεῖθεν
1594 1851 1774 1900 δέξασθαι,
1805 1851 1845 1889 τὸ
1871 1852 1920 1903 μὴ
1948 1853 2182 1905 διαφθαρῆναι

1442 1919 1544 1964 ρᾶναι
1560 1912 1623 1960 τὴν
1640 1912 1732 1964 μετὰ
1744 1916 1812 1951 τῶν
1831 1913 1966 1964 ἀλόγων
1989 1913 2177 1965 διαγωγήν.

2192 1883 2202 1901 ,
2227 1851 2317 1904 μηδὲ
2341 1853 2430 1904 δυσχ
2451 1874 2466 1880 -

1494 2037 1628 2074 Τοῦτον
1645 2029 1715 2083 οἶν,
1735 2037 1949 2088 παρακαλῶ,
1975 2035 2034 2074 τὸν
2056 2036 2187 2074 δίκαιον
2202 2036 2262 2075 καὶ
2286 2039 2388 2088 ἡμεῖς
2409 2053 2466 2088 μι-

1442 2096 1588 2147 μώμεθα
1602 2127 1611 2144 ,
1627 2096 1687 2135 καὶ
1703 2097 1747 2135 τὰ
1765 2097 1850 2150 παρ’
1866 2099 1998 2134 ἑαυτῶν
2015 2098 2263 2149 σπουδώζωμεν
2283 2098 2465 2150 εἰσφέρειν,

1441 2158 1497 2196 ἵνα
1531 2157 1644 2201 ἀξίους
1674 2157 1814 2201 ἑαυτοὺς
1837 2158 2155 2208 κατασκευάσωμεν
2183 2162 2252 2196 τῶν
2283 2159 2381 2211 παρὰ
2406 2164 2467 2197 τοῦ

1440 2221 1532 2257 Θεοῦ
1569 2220 1719 2269 δωρεῶν.
1764 2218 1831 2256 Διὰ
1865 2222 1967 2256 τοῦτο
1997 2218 2064 2270 γὰρ
2095 2218 2260 2268 ἀναμένει
2293 2219 2356 2263 τὰς
2382 2219 2467 2273 παρ’

1439 2282 1540 2329 ἡμῶν
1569 2279 1740 2331 ἀφορμὰς,
1768 2278 1824 2317 ἵνα
1854 2279 1987 2326 πολλὴν
2018 2279 2231 2327 ἐπιδείξηται
2252 2280 2316 2327 τὴν
2336 2283 2468 2333 φιλοτι-

1443 2340 1537 2391 μίαν.
1568 2339 1630 2387 Μὴ
1659 2340 1771 2379 τοίνυν
1802 2340 1858 2378 διὰ
1876 2340 2046 2392 ῥαθυμίαν
2067 2344 2314 2394 ἀποστερῶμεν
2329 2342 2470 2386 ἑαυτοὺς

1443 2405 1510 2439 τῶν
1537 2403 1620 2453 παρ’
1649 2403 1754 2440 αὐτοῦ
1780 2403 1930 2453 δωρεῶν,
1957 2401 2047 2440 ἀλλὰ
2063 2401 2281 2453 σπεύδωμεν,
2301 2403 2360 2441 καὶ
2376 2405 2470 2441 ἐπει-

1443 2462 1585 2514 γώμεθα
1603 2466 1665 2509 τῆς
1682 2465 1793 2515 ἀρχῆς
1813 2462 2055 2509 ἐπιλαδέσθαι,
2081 2463 2140 2501 καὶ
2159 2467 2222 2510 τῆς
2238 2465 2316 2502 ὁδοῧ
2332 2468 2394 2511 τῆς
2414 2464 2471 2503 ἐπὶ

1445 2524 1509 2570 τὴν
1542 2523 1667 2575 ἀρετὴν
1709 2524 1882 2575 ἅψασθαι,
1913 2524 1971 2562 ἵνα
2007 2528 2069 2571 τῆς
2099 2525 2228 2563 ἄνωθεν
2263 2525 2473 2577 συμμαχίας

1448 2585 1696 2631 ἀπολαύοντες,
1726 2585 1785 2623 καὶ
1813 2586 1898 2637 πρὸς
1924 2586 1964 2624 τὸ
1988 2586 2086 2630 τέλος
2108 2586 2238 2638 φθάσαι
2259 2589 2473 2637 δυνηθῶμεν.

1448 2645 1543 2684 Οὐδὲ
1570 2646 1636 2697 γὰρ
1668 2641 1737 2684 οἷόν
1764 2646 1802 2683 τέ
1823 2663 1857 2684 τι
1876 2647 2028 2698 χρηστὸν
2043 2650 2136 2697 ἡμᾶς
2156 2663 2239 2686 ποτε
2254 2650 2472 2699 κατορθῶσαι

1451 2706 1498 2756 μὴ
1516 2723 1578 2752 της
1597 2707 1725 2744 ανι)θεν
1742 2711 1849 2758 ῥοπης
1865 2707 2141 2751 ἀπολαύσαντας.
2172 2709 2339 2760 Καθάπερ
2355 2702 2411 2746 οῧν
2429 2711 2476 2752 εἷς

1452 2767 1605 2817 ἄγκυραν
1637 2769 1777 2818 ἀσφαλῆ
1806 2784 1865 2805 και
1896 2767 2039 2819 βεδαίαν
2069 2767 2320 2842 ἐξαρτήσαντες
2339 2768 2478 2812 ἑαυτους

1404 2841 1427 2870 Ε
1453 2831 1515 2874 τῆς
1542 2844 1588 2869 εις
1613 2844 1668 2865 τον
1695 2829 1784 2867 Οεον
1807 2827 1987 2875 ἐλπίδος,ἀ
1997 2844 2104 2871 ουτως
2119 2845 2229 2878 ωαεν
2251 2846 2310 2867 και
2327 2828 2374 2879 μὴ
2392 2830 2478 2881 πρὸς

1454 2905 1511 2926 τον
1539 2888 1642 2925 πόνον
1674 2889 1857 2939 βλέπωμεν
1879 2905 1941 2935 της
1963 2892 2100 2942 ἀρετῆς,
2120 2889 2210 2927 ἀλλὰ
2225 2889 2288 2936 τὴν
2313 2890 2401 2940 μετὰ
2419 2890 2478 2928 τὸν

1456 2949 1558 2986 πόνον
1580 2926 1730 2999 ἀμοιδὴν
1754 2950 1969 3000 λογιζόμενοι
1996 2950 2129 3002 κούφως
2149 2951 2287 2988 ἅπαντα
2305 2951 2477 3003 φέρωμεν.

1457 3009 1561 3048 Ἐπεὶ
1580 3009 1638 3047 καὶ
1659 3009 1829 3061 ἔμπορος,
1852 3011 1991 3048 ἐπειδὰν
2018 3011 2076 3049 τὸν
2093 3012 2218 3062 λιμένα
2237 3010 2394 3063 ἐκδαίνῃ,
2421 3011 2480 3050 καὶ

1458 3074 1516 3108 τοῦ
1548 3071 1717 3122 πελάγους
1743 3073 1776 3108 ἐν
1810 3071 1906 3124 μέσῳ
1938 3072 2100 3123 γένηται,
2128 3075 2166 3111 οὐ
2191 3072 2267 3117 τοὺς
2301 3073 2479 3126 πειρατὰς,

1220 3203 1304 3238 εὶεώς
1329 3199 1458 3234 molius
1464 3200 1518 3233 hic
1536 3201 1718 3244 conspicio.

421 3259 427 3298 1
449 3254 548 3296 Quod
565 3253 668 3287 Savil.
681 3254 774 3295 conjc
778 3266 794 3283 ‹
798 3255 824 3284 it
839 3255 870 3285 in
889 3265 982 3294 marg
988 3254 1012 3295 ]
1027 3254 1078 3284 Pr
1080 3251 1248 3284 ecedentia
1266 3260 1361 3295 putat
1378 3253 1437 3284 Sa-

423 3322 434 3340 ι
448 3308 520 3339 ilius
539 3318 660 3348 magno
683 3305 835 3337 laborare
854 3306 934 3337 vitio
952 3277 1219 3347 [hdelendumquc
1237 3313 1350 3337 conset
1365 3311 1428 3340 ἐπει

423 3364 511 3402 «jv,
504 3367 562 3390 aut
585 3357 700 3390 sillem
719 3365 798 3388 mut
794 3356 941 3388 audiun
936 3369 967 3387 ιιι
985 3361 1036 3391 ιε’-ἐπ
1040 3357 1122 3397 ιτα],
1136 3355 1215 3387 mihi
1234 3368 1286 3388 se(
1292 3369 1327 3388 us
1345 3355 1418 3388 tid«
1422 3376 1436 3380 -

1514 3254 1531 3278 Β
1556 3253 1618 3284 Alii
1637 3260 1803 3299 εἰργάζετο.

1513 3314 1525 3328 ⁹
1552 3305 1678 3347 [Snvil.
1695 3303 1791 3336 addit
1808 3303 1940 3350 παθεῖν.]

1514 3356 1527 3375 ‘¹
1551 3358 1585 3389 S
1587 3357 1653 3388 ιιίΙ.
1670 3365 1702 3388 ct
1716 3369 1768 3399 qu
1762 3364 1858 3389 atuor
1878 3358 1952 3389 Mss.
1969 3360 2059 3396 οὕτως
2076 3361 2167 3392 ἅπασ
2171 3375 2184 3391 ν
2201 3363 2393 3405 ἐγχειρῶμεν.
2410 3360 2482 3392 Μο-

423 3420 476 3443 ιιιι·
497 3423 502 3442 ;
525 3409 604 3443 nihil
623 3410 709 3442 cuim
734 3415 851 3451 praetcr
872 3419 964 3439 usum
991 3415 1023 3439 ct
1049 3419 1176 3439 morem
1203 3406 1437 3452 Chrysostomi
1473 3407 1529 3441 rel.
1549 3416 1581 3441 ct
1605 3408 1659 3442 alii
1676 3413 1724 3443 οὔτ
1729 3425 1766 3448 ως
1782 3411 1871 3451 ὦμεν,
1890 3417 1922 3441 ct
1939 3410 1984 3441 ita
2002 3408 2051 3453 leg
2034 3410 2079 3441 ‘vit
2096 3410 2265 3453 Interpres
2282 3410 2435 3444 Latinus
