2516 3791
105 821 178 858 Cap.
199 816 246 847 28.

288 179 381 226 608

292 293 422 317 uxores
441 278 552 329 Esaii,
573 287 606 318 et
631 279 810 331 quomodo
833 287 976 331 propter
998 278 1141 315 illarum
1168 290 1242 314 ma-

293 340 408 378 litiam
418 340 455 378 in
468 354 589 378 omnes
602 340 694 378 filias
706 341 865 378 filiorum
882 339 970 376 Chet
987 338 1078 375 male
1088 336 1242 387 afficior,

295 410 327 439 et
342 410 486 453 propter
500 401 579 439 illas
591 415 731 439 omnem
748 400 848 437 illam
869 408 1007 450 gentem
1021 412 1164 435 exosam
1182 397 1245 435 ha-

295 461 417 508 beam3
439 460 467 497 si
488 459 597 510 igitur
624 458 803 507 contingat
821 465 853 494 et
872 456 984 495 Jacob
999 470 1044 493 ex
1064 455 1136 493 illis
1156 468 1245 493 uxo-

297 535 370 558 rem
391 521 535 568 ducere,
554 533 632 570 quae
656 518 745 555 mihi
769 527 888 569 postea
913 517 1037 555 salutis
1054 517 1160 569 spes?
1177 517 1249 554 Ad

709 196 747 227 S.
785 196 970 227 JOANNIS
1004 194 1247 226 CHRYSOST·
1291 193 1495 224 ARCHOEP.
1535 192 1894 226 CONSTANTINOP.

1316 276 1418 326 μεταὶ
1441 279 1501 313 τοῦ
1526 275 1660 324 <Ησαῧ,
1681 277 1739 315 καὶ
1768 277 1860 320 ὅπως
1888 276 1945 315 διὰ
1967 275 2029 325 τὴν
2050 276 2178 315 τούτων
2207 281 2341 331 μοχθη-

1317 336 1392 390 ρίαν
1420 336 1541 374 λοιπὸν
1580 336 1667 387 πρὸς
1698 337 1812 381 πάσας
1846 339 2007 389 ἀπεχθῶς
2041 337 2112 389 ἔχω
2139 336 2200 380 τὰς
2230 341 2337 389 θυγα-

1315 396 1418 449 τέρας
1440 400 1510 435 τῶν
1539 399 1622 435 υἱῶν
1648 397 1739 445 Χὲτ,
1769 398 1829 436 καὶ
1851 399 1944 436 ἅπαν
1968 399 2008 437 τὸ
2027 399 2119 442 ἔθνος
2141 399 2185 436 δι’
2210 398 2345 441 ἐκείνας

1318 457 1511 509 μεμίσηκα.
1530 459 1574 495 Εἰ
1594 456 1705 495 τοίνυν
1720 457 1876 508 συμὸαίη
1896 458 1956 496 καὶ
1973 459 2029 496 τὸν
2046 458 2178 497 Ἰακὼὸ
2203 460 2243 496 ἐκ
2265 459 2344 497 τού-

1316 535 1384 557 των
1397 518 1586 569 ἀγαγέσθαι
1597 525 1758 570 γυναῖκα,
1767 518 1851 556 ποία
1863 535 1921 569 μοι
1932 519 2052 557 λοιπὸν
2065 519 2162 557 ἔσται
2173 519 2347 572 σωτηρίας

298 583 394 633 quid
417 583 512 618 mihi
537 589 612 616 tum
641 581 753 616 vita?
774 580 866 616 Nam
896 578 925 616 si
950 578 1029 616 illas
1060 579 1151 616 ferre
1178 591 1246 615 non
1262 606 1309 635 526
1319 578 1524 627 ἐλπίς;Ἵνα
1543 578 1577 616 τί
1593 579 1660 631 γάρ
1679 595 1737 630 μοι
1753 580 1793 618 τὸ
1806 581 1884 631 ζῇν;
1902 581 1946 617 Εἰ
1959 578 2026 631 γὰρ
2046 579 2180 624 ἐκείνας
2194 581 2346 631 ἐνεγκεῖν

298 655 498 693 possumus,
516 640 543 677 si
562 639 667 676 etiam
683 639 793 678 Jacob
810 653 855 677 ex
868 639 1011 677 filiabus
1025 649 1127 677 terrae
1142 639 1249 691 hujus
1275 648 1300 678 Δ
1319 643 1380 680 οὖν.
1409 639 1593 692 ἷοχύομεν,
1621 642 1650 678 εἰ
1670 640 1731 678 καὶ
1759 633 1857 683 οὗτος
1870 639 1996 692 φθάσει
2017 639 2086 677 ἀπὸ
2110 643 2179 678 τῶν
2204 641 2350 692 θυγατέ-

301 716 448 739 uxorem
466 700 653 752 acceperit,
670 710 790 739 actum
805 710 857 739 est
869 701 998 740 devita
1016 710 1145 739 nostra.
1161 700 1251 747 Qui-

304 763 369 799 bus
394 761 527 800 auditis
554 771 660 813 atque
686 762 829 800 malitiae
860 761 1002 800 illarum
1030 760 1250 807 recordatus,

308 826 344 860 1.
370 826 500 870 Isaac,
531 824 729 861 advocans
749 824 888 869 Jacob,
923 824 1117 861 benedixit
1149 836 1253 871 eum,

303 885 432 935 inquit,
447 893 483 922 et
492 887 675 936 proecepit
696 887 742 929 ei,
755 885 885 921 dicens
900 900 910 919 :
923 885 1013 921 Non
1027 897 1152 921 sumes
1165 897 1254 920 uxo-

302 961 379 984 rem
400 947 448 983 de
462 946 632 998 filiabus
659 946 989 989 Chananoeorum,·
1009 948 1045 983 2.
1063 945 1130 981 secl
1144 958 1255 996 surge

302 1016 337 1045 ec
364 1008 468 1044 vade
484 1009 525 1044 in
541 1008 879 1057 Mesopotamiam,
897 1009 939 1042 in
955 1007 1111 1043 domurn
1130 1008 1254 1057 patris

304 1070 438 1106 triatris
467 1077 541 1105 tuoe
557 1076 593 1104 et
612 1070 741 1118 accipe
764 1069 834 1104 tibi
851 1067 942 1103 inde
961 1080 1119 1104 uxorem
1143 1068 1190 1104 de
1196 1066 1254 1118 fi-

304 1130 429 1167 liabus
442 1130 590 1182 fratris
617 1130 752 1165 matris
780 1136 867 1165 tute.
889 1128 1011 1178 Neque
1032 1127 1087 1165 his
1108 1136 1255 1165 eonten-

305 1200 359 1227 tus
374 1189 510 1237 verbis,
529 1188 642 1227 voluit
662 1197 693 1226 et
709 1187 917 1226 alacriorem
946 1202 1027 1226 eum
1052 1188 1201 1226 reddere
1219 1188 1254 1226 in

305 1251 586 1304 peregrinatione
600 1281 609 1299 ,
632 1260 665 1288 et
687 1265 768 1288 eum
794 1250 924 1288 iterum
949 1249 1255 1301 benedictionibus
1281 1294 1284 1297 ,

307 1314 492 1351 confirmat
513 1326 555 1350 ac
581 1311 669 1349 dicit
691 1313 754 1349 :5.
778 1312 885 1349 Deus
913 1320 1042 1349 autem
1067 1325 1173 1349 meus
1197 1313 1256 1349 be-

309 1376 457 1412 nedicet
477 1384 525 1421 te,
549 1382 585 1411 et
601 1375 756 1425 augebit
771 1381 819 1419 te,
846 1381 881 1410 et
902 1373 1176 1424 multiplicabit
1203 1381 1253 1419 te,

308 1444 344 1473 et
363 1439 436 1473 eris
449 1438 490 1472 in
505 1437 820 1486 congregationes
835 1436 1019 1485 gentium,
1037 1435 1073 1471 4.
1091 1442 1127 1471 et
1147 1435 1256 1471 dabit

309 1500 378 1534 tibi
399 1497 700 1534 benedictionem
723 1494 900 1532 Abrahae
925 1498 1048 1546 patris
1074 1498 1161 1541 mei,
1187 1498 1256 1532 tibi

307 1568 344 1597 et
356 1561 494 1596 semini
509 1566 575 1595 tuo
589 1565 672 1607 post
690 1565 726 1593 te
741 1572 751 1591 :
771 1565 812 1593 ut
831 1558 872 1592 in
889 1557 1138 1593 hereditatem
1156 1558 1256 1593 acci-

306 1623 392 1671 pias
408 1628 549 1657 terram
572 1619 892 1668 peregrinationis
910 1625 998 1663 tuce,
1016 1630 1135 1669 quam
1152 1617 1258 1654 dedit

308 1682 414 1718 Deus
439 1678 629 1716 Abrahoe.
650 1676 746 1716 Vide
763 1674 942 1727 quomodo
957 1677 1076 1728 justus
1094 1677 1259 1729 praedicit

308 1742 336 1779 ei
351 1740 487 1787 omnia,
506 1754 547 1777 ae
564 1739 658 1776 bona
677 1737 708 1775 ei
726 1737 857 1777 viatica
881 1737 941 1775 dat
956 1746 989 1775 et
1005 1737 1131 1775 solatia
1149 1752 1156 1773 :
1173 1751 1260 1789 prce-

307 1802 395 1840 dicit
408 1801 501 1839 enim
519 1800 551 1838 ei
570 1799 726 1838 reditum
741 1797 1047 1849 hereditatemque
1065 1807 1183 1846 terrae,
1203 1799 1258 1835 fu-

309 1874 429 1901 turum
441 1876 515 1901 esse
529 1861 650 1899 dicens
663 1870 786 1898 utnon
800 1859 915 1898 solum
935 1859 971 1897 in
992 1859 1260 1898 multitudinem

311 1938 458 1977 crescat,
483 1927 546 1965 sed
577 1927 684 1965 etiam
713 1925 999 1978 congregationes
1030 1926 1190 1977 gentium
1217 1941 1261 1965 ex

312 1990 443 2027 semine
459 1989 535 2041 ejus
554 1988 793 2040 egrediantur.
817 1987 906 2033 Quae
929 1996 967 2024 ut
987 1986 1127 2025 audivit
1146 1987 1258 2038 filius,

312 2051 473 2102 implevit
501 2051 601 2102 jussa
619 2049 743 2101 patriS,
760 2057 793 2086 et
811 2049 988 2100 profectus
1016 2057 1066 2086 est
1088 2049 1124 2085 in
1144 2050 1261 2087 Meso-

313 2111 505 2164 potamiam
519 2111 564 2149 ad
582 2110 704 2147 Lahan
731 2109 855 2148 matris
875 2109 1031 2148 fratrem.
1051 2109 1100 2147 Et
1119 2110 1262 2159 iterum,

315 2183 351 2210 ut
366 2173 433 2211 hoe
448 2171 576 2210 didicit
591 2171 698 2218 Esaii,
708 2184 834 2222 nempe
851 2171 1024 2210 Jacohum
1036 2170 1264 2209 benedictum

315 2234 423 2272 fuisse
441 2248 460 2270 a
480 2241 590 2285 patre,
612 2240 645 2268 et
664 2230 873 2268 mandatum
904 2231 1078 2283 accepisse
1097 2245 1139 2269 ne
1157 2231 1264 2269 duce-

316 2305 365 2334 ret
384 2308 532 2332 uxorem
551 2307 596 2330 ex
616 2291 759 2329 filiabus
776 2291 1057 2329 Chananaeorum
1069 2322 1078 2340 ,
1099 2292 1161 2330 sed
1182 2306 1264 2330 eon-

315 2355 466 2394 tendisse
504 2354 540 2392 in
575 2352 868 2404 Mesopotamiam
905 2367 913 2387 :
956 2353 1057 2401 quasi
1090 2353 1266 2404 corrigere

316 2417 438 2455 ⁷volens
453 2424 609 2453 erratum
623 2427 726 2451 suum
742 2421 774 2450 et
790 2413 930 2465 placare
950 2422 1103 2465 patrem,
1126 2415 1161 2452 9.
1180 2415 1266 2452 Ad-

317 2480 428 2523 didit,
449 2476 578 2527 inquit,
595 2484 631 2513 et
651 2477 799 2526 accepit
817 2488 974 2512 uxorem
991 2475 1045 2512 ad
1059 2476 1157 2513 duas
1172 2490 1264 2513 uro-

316 2553 374 2577 res
391 2538 637 2590 suas,filiam
655 2535 892 2587 Ismae'lfilii
904 2534 1092 2573 Abrahoe.
1110 2536 1262 2585 Vidisti,

315 2600 462 2647 dilecte,
492 2607 622 2649 quanta
656 2595 846 2649 prudentia
878 2596 995 2634 silium
1023 2610 1127 2635 suum
1154 2600 1265 2637 Jacob

318 2677 334 2699 e
354 2660 519 2713 periculis
531 2658 771 2697 amantissima
785 2667 895 2695 mater
910 2657 1082 2710 eripuerit
1103 2675 1110 2695 ε
1131 2661 1264 2712 specio-

317 2737 391 2760 sam
409 2721 600 2760 obtendens
614 2718 908 2773 peregrinationis
926 2733 1080 2769 causam,
1100 2729 1133 2759 et
1152 2736 1265 2773 neque

317 2785 411 2821 Esau
430 2783 602 2821 malitiam
613 2781 777 2834 prodens,
791 2794 904 2831 neque
917 2781 1007 2833 patri
1028 2795 1170 2821 eausam
1189 2798 1264 2821 ma-

317 2845 479 2883 nifestam
499 2843 671 2892 rcddens;
694 2842 754 2881 sed
779 2851 812 2880 ct
838 2842 914 2879 filio
943 2843 1153 2881 conveniens
1176 2844 1264 2883 dans

317 2906 522 2953 eonsilium,
543 2914 582 2942 ut
605 2919 648 2941 ex
671 2913 766 2941 metu
793 2903 839 2941 ad
861 2917 962 2941 suam
983 2905 1264 2957 amplectendam

316 2967 525 3005 sententiam
553 2965 807 3013 adduceretur,
828 2965 916 3002 dum
944 2965 1051 3002 etiam
1072 2966 1166 3018 patri
1183 2980 1264 3005 con-

317 3038 501 3079 gruentem
526 3041 669 3065 causam
687 3026 886 3077 suggessit?
902 3025 1006 3065 Unde
1017 3028 1176 3079 etjustus
1189 3029 1264 3081 ejus

316 3090 421 3128 (lictis
445 3102 625 3127 assensum
651 3088 827 3139 praebens,
856 3087 987 3126 viatico
1012 3088 1264 3128 benedictionis

319 3153 529 3189 instructum
543 3148 654 3188 Jacob
672 3148 822 3186 dimisit.
847 3149 1023 3187 Caeterum
1039 3149 1067 3187 si
1083 3150 1214 3202 placet,
1231 3161 1264 3189 et

316 3226 382 3250 non
399 3209 656 3259 defatigamini,
671 3209 853 3246 videamus
868 3210 1044 3261 quomodo
1062 3212 1262 3263 peregrina-

149 3281 183 3306 -¹=1
207 3286 296 3305 ’vsu-¹¹>
315 3275 444 3312 tionem
464 3271 591 3310 obierit
611 3269 733 3309 Jacob.
757 3271 833 3306 Non
852 3285 1001 3321 parvum
1024 3272 1163 3311 enimet
1179 3273 1260 3310 hine

360 3403 369 3415 ..
388 3386 497 3430 (stuza.
522 3400 722 3426 ss
743 3387 938 3423 ..2502-072227,
965 3387 969 3423 ι

1322 717 1388 754 ρων
1405 704 1467 749 τῆς
1486 703 1550 753 γῆς
1568 701 1699 748 ταύτης
1712 701 1832 739 λαὸεἷν
1849 705 2011 753 γυναῖκα,
2029 699 2073 737 τὰ
2087 702 2148 747 τῆς
2162 703 2251 747 ζωῆς
2263 704 2350 751 ἡμῖν

1321 762 1466 814 οἴχεται.
1486 761 1652 805 Ἀκούσας
1669 761 1830 800 δὲταῦτα
1848 763 1867 799 6
1883 760 2027 809 Ἰσαὰκ,
2043 761 2103 799 καὶ
2123 763 2170 805 εἷς
2189 761 2345 811 ὑπόμνη-

1323 839 1376 862 σιν
1399 822 1507 862 ἐλθὼν
1531 825 1594 868 τῆς
1618 822 1758 860 ἐκείνων
1774 823 1912 868 κακίας,
1937 822 2276 874 Προσκαλεσάμενος
2294 821 2354 860 τὸν

1322 883 1468 929 'lamba
1490 883 1668 936 εὖλόγησε,
1687 883 1805 935 φησὶν,
1826 884 1943 929 αὐτὸν,
1959 882 2019 921 καὶ
2032 882 2229 921 ἐνετείλατο
2245 883 2355 933 αὐτῷ,

1322 945 1432 996 λέγων
1445 960 1452 968 ·
1468 946 1505 983 οὖ
1526 944 1623 996 λήψῃ
1640 950 1790 996 γυναῖκα
1809 944 1878 982 ἀπὸ
1893 946 1961 982 τῶν
1979 943 2177 996 θυγατέρων
2195 945 2265 981 τῶν
2283 944 2356 981 Χα-

1323 1005 1494 1043 ναναίων·
1515 1006 1593 1043 ἀλλ’
1627 1005 1778 1048 ἀναστὰς
1805 1004 1952 1057 πορεύου
1981 1007 2028 1048 εἷς
2051 1004 2116 1052 τὴν
2142 1007 2356 1043 Μεσοποτα-

1326 1067 1407 1118 μίαν
1421 1096 1430 1114 ,
1458 1067 1505 1109 εἷς
1524 1066 1582 1104 τὸν
1606 1059 1698 1103 οἶκον
1718 1069 1778 1103 τοῦ
1797 1066 1930 1117 πατρὸς
1953 1069 2017 1111 τῆς
2048 1064 2178 1117 μητρός
2198 1080 2275 1113 σου,
2299 1065 2358 1103 καὶ

1324 1127 1412 1166 λοίὸε
1438 1129 1572 1179 σεαυτῷ
1601 1128 1729 1164 ἐκεῖθεν
1752 1132 1900 1178 γυναῖκα
1926 1127 1967 1163 ἐκ
1986 1129 2055 1164 τῶν
2077 1125 2275 1178 θυγατέρων
2300 1130 2361 1164 τοῦ

1326 1189 1475 1240 ἀδελφοῦ
1494 1189 1557 1233 τ’ἧς
1578 1187 1709 1240 μητρός
1725 1203 1796 1225 σου.
1819 1186 1890 1225 Καὶ
1914 1190 1976 1225 οὐκ
1993 1187 2076 1233 ἔστη
2100 1186 2206 1239 μέχρι
2221 1186 2358 1234 τούτου,

1330 1249 1420 1288 ἀλλὰ
1440 1249 1644 1301 βουλόμενος
1662 1247 1919 1301 προθυμότερον
1937 1248 2038 1286 αὐτὸν
2053 1248 2266 1300 ἐργάσασθαι
2282 1247 2361 1300 περὶ

1329 1310 1392 1357 τὴν
1407 1309 1621 1360 ἀποδημίαν,
1630 1308 1762 1352 καὶτὰς
1776 1311 1858 1361 παρ’
1871 1311 1975 1347 αὐτοῦ
1993 1308 2150 1361 εὐλογίας
2162 1307 2267 1347 πάλιν
2277 1323 2362 1361 προ-

1330 1372 1458 1420 τίθησι,
1473 1371 1533 1409 καί
1547 1387 1651 1423 φησιν
1663 1386 1670 1393 ·
1684 1370 1728 1410 Ὁ
1743 1370 1831 1414 Θεός
1846 1386 1910 1421 μου
1928 1371 2108 1422 εὐλογήσει
2124 1384 2177 1418 σε,
2189 1369 2248 1408 καὶ
2264 1369 2363 1416 αι’)ξή-

1332 1449 1384 1471 σει
1402 1449 1453 1479 σε,
1468 1433 1528 1471 καὶ
1543 1434 1710 1478 πληθυνεῖ
1727 1447 1782 1479 σε,
1800 1431 1860 1470 καὶ
1876 1431 1938 1483 ἔσῃ
1956 1433 2004 1474 εἷς
2025 1430 2228 1482 συναγωγὰς
2244 1432 2362 1478 ἐθνῶν,

1331 1494 1391 1532 καὶ
1412 1493 1514 1532 δώσει
1534 1509 1588 1532 σοι
1608 1493 1669 1540 τὴν
1692 1493 1850 1544 εὐλογίαν
1873 1492 2034 1544 Ἀὅραὰμ
2050 1497 2110 1530 τοῦ
2131 1492 2260 1545 πατρός
2281 1508 2363 1543 μου,

1334 1555 1387 1593 σοὶ
1404 1554 1464 1593 καὶ
1486 1557 1534 1606 τῷ
1555 1553 1732 1606 σπέρματί
1751 1569 1810 1592 σου
1835 1553 1924 1604 μετὰ
1944 1553 2000 1601 σὲ,
2020 1554 2285 1604 κληρονομῆσαι
2301 1552 2362 1599 τὴν

1333 1620 1397 1667 γ’ῆν
1430 1619 1491 1662 τ’ῆς
1526 1614 1771 1667 παροικήσεώς
1803 1629 1884 1662 σου,
1915 1615 1956 1661 ἣν
1992 1614 2118 1652 ἔδωκεν
2150 1617 2167 1651 6
2193 1613 2281 1657 Θεὸς
2312 1616 2363 1666 τῷ

1334 1677 1506 1731 Ἀδραάμ.
1528 1676 1626 1728 ςὈρα
1649 1676 1707 1714 τὸν
1721 1675 1853 1713 δίκαιον
1866 1679 1997 1721 τοῦτον,
2013 1674 2107 1718 ὅπως
2120 1680 2365 1727 προαναφωνεῖ

1336 1739 1430 1791 αὐτῷ
1450 1738 1608 1786 ἅπαντα,
1628 1736 1687 1775 καὶ
1705 1736 1809 1774 ἱκανὰ
1829 1738 1923 1789 αὐτῷ
1946 1735 2066 1787 ἐφόδια
2086 1735 2172 1789 πρὸς
2189 1751 2362 1787 παραμυ-

1337 1799 1412 1838 θίαν
1433 1799 1571 1844 δίδωσι,
1594 1797 1805 1852 προμηνύων
1831 1798 1924 1849 αὐτῷ
1947 1797 2007 1834 καὶ
2029 1796 2093 1843 τὴν
2115 1796 2281 1835 ἐπάνοδον
2306 1796 2366 1834 καὶ

1336 1864 1399 1908 τῆς
1419 1863 1482 1913 γ’ῆς
1502 1860 1564 1908 τὴν
1582 1858 1828 1912 κληρονομίαν,
1843 1857 1903 1896 καὶ
1922 1857 1974 1896 ὅτι
1992 1859 2030 1896 οὐ
2054 1857 2155 1909 μόνον
2172 1859 2219 1901 εἷς
2236 1859 2367 1904 πλῆθος

1339 1922 1522 1969 ἐπιδώσει,
1540 1921 1632 1960 ἀλλὰ
1658 1921 1719 1959 καὶ
1738 1925 1751 1941 ³
1764 1919 1966 1972 συναγωγὰς
1986 1920 2091 1957 ἐθνῶν
2118 1921 2157 1957 ἐκ
2180 1923 2240 1958 τοῦ
2261 1919 2366 1971 σπέρ-

1339 2001 1446 2034 ματος
1478 1986 1581 2022 αὐτοῦ
1614 1981 1861 2027 ἐξελεύσεσθαι.
1897 1982 2022 2019 Ταῦτα
2052 1980 2202 2025 ἀκούσας
2233 1983 2251 2019 6
2285 1986 2367 2023 παῖς

1338 2045 1488 2099 ἐπλήρου
1506 2044 1551 2084 τὰ
1567 2044 1711 2089 δόξαντα
1730 2045 1780 2095 τῷ
1798 2042 1923 2094 πατρὶ,
1939 2041 1999 2080 καὶ
2027 2041 2209 2095 ἐπορεύετο
2230 2043 2276 2085 εἷς
2303 2040 2366 2088 τὴν

1338 2105 1615 2157 Μεσοποταμίαν
1633 2105 1719 2159 πρὸς
1736 2103 1860 2142 Λάὸαν
1878 2104 1935 2142 τὸν
1958 2106 2021 2150 τῆς
2046 2103 2175 2155 μητρὸς
2203 2101 2364 2154 ἀδελφόν.

1339 2167 1444 2206 Ἀλλὰ
1459 2167 1563 2205 πάλιν
1581 2170 1600 2205 ὁ
1612 2166 1727 2204 (Ησαῧ
1746 2169 1847 2203 τοῦτο
1867 2164 2004 2215 μαθὼν,
2024 2164 2082 2201 καὶ
2101 2163 2156 2202 ὅτι
2171 2163 2368 2215 εὖλογηθεὶς

1339 2228 1436 2281 παρὰ
1455 2232 1514 2267 τοῦ
1532 2228 1663 2279 πατρὸς
1681 2230 1700 2266 6
1719 2225 1850 2266 Ἰακὼὸ
1869 2225 2010 2269 ἐντολὰς
2030 2225 2136 2263 ἔλαὸε
2147 2254 2157 2272 ,
2178 2224 2226 2275 μὴ
2247 2224 2368 2262 λαὸεῖν

1339 2295 1487 2341 γυναῖκα
1507 2291 1547 2327 ἐκ
1566 2292 1635 2327 τῶν
1655 2288 1852 2340 θυγατέρων
1870 2290 1938 2326 τῶν
1960 2286 2165 2326 Χαναναίων
2179 2314 2189 2332 ,
2203 2287 2279 2324 ἀλλ’
2300 2285 2370 2339 ὥρ-

1341 2366 1450 2401 μησεν
1472 2353 1520 2394 εἷς
1537 2350 1601 2396 τὴν
1618 2349 1916 2399 Μεσοποταμίαν,
1933 2347 2054 2400 ὥσπερ
2075 2348 2260 2398 διορθῶσαι
2283 2349 2368 2397 βου-

1339 2413 1482 2464 λόμενος
1502 2412 1540 2451 τὸ
1567 2414 1692 2450 οἰκεῖον
1718 2416 1900 2461 πταῖσμα,
1921 2409 1981 2447 καὶ
2002 2407 2287 2459 ἐξευμενίσασθαι
2308 2407 2367 2445 τὸν

1340 2473 1493 2526 πατέρα,
1515 2472 1701 2525 Προσθεὶς,
1722 2471 1846 2524 φησὶν,
1865 2470 1970 2509 ἔλαὸε
2001 2475 2151 2521 γυναῖκα
2181 2469 2266 2520 πρὸς
2292 2473 2368 2512 ταῖς

1339 2535 1490 2587 γυναιξὶν
1511 2536 1614 2572 αὐτοῦ
1627 2565 1636 2583 ,
1657 2533 1829 2585 θυγατέρα
1849 2531 2001 2582 Ἶσμαὴλ
2019 2533 2078 2568 τοῦ
2101 2532 2174 2568 υἱοῦ
2194 2529 2365 2581 Ἀδραάμ.

1340 2592 1458 2645 Εἶδες,
1479 2596 1657 2648 ἀγαπητὲ,
1683 2597 1758 2645 μεθ’
1785 2593 1869 2640 ὅσης
1901 2591 2069 2634 συνέσεως
2092 2593 2113 2637 ἡ
2143 2590 2367 2643 φιλόστοργος

1339 2658 1426 2705 αὕτη
1447 2658 1565 2710 μήτηρ
1584 2657 1756 2708 ἐξήρπασε
1776 2657 1845 2692 τῶν
1865 2653 2031 2692 κινδύνων
2047 2652 2105 2690 τὸν
2125 2651 2266 2696 wambe,
2285 2651 2368 2703 πρέ·

1339 2734 1403 2757 πον
1424 2722 1547 2771 σχῆμα
1561 2721 1717 2757 ἐπιθεῖσα
1734 2718 1776 2767 τῇ
1799 2713 1992 2766 ἀποδημίᾳ,
2006 2713 2066 2752 καὶ
2081 2713 2160 2752 οὔτε
2178 2717 2238 2751 τοῦ
2251 2713 2366 2751 ἹΙσαῧ

1338 2780 1402 2827 τὴν
1422 2780 1547 2818 κακίαν
1567 2779 1739 2831 ἐξέφηνεν,
1756 2776 1834 2814 οὔτε
1847 2778 1898 2828 τῷ
1917 2775 2024 2827 πατρὶ
2043 2774 2107 2821 τὴν
2126 2774 2240 2812 αἰτίαν
2258 2774 2367 2821 δήλην

1336 2843 1517 2890 ἐποίησεν,
1558 2840 1648 2880 ἀλλὰ
1684 2839 1743 2878 καὶ
1782 2838 1867 2890 πρὸς
1907 2837 1965 2875 τὸν
1999 2838 2108 2874 παῖδα
2140 2837 2362 2882 κατάλληλον

1338 2904 1528 2950 ἐποιήσατο
1546 2902 1608 2949 τὴν
1630 2900 1830 2952 συμῧουλὴν
1843 2929 1852 2946 ,
1877 2899 1936 2936 ἵνα
1955 2898 2216 2950 προτρέψασθαι
2236 2898 2365 2949 δυνηθῇ

1340 2964 1396 3003 διὰ
1413 2969 1473 3002 τοῦ
1491 2963 1598 3016 φόίῗου
1618 2961 1873 3006 καταδέξασθαι
1888 2961 1932 2998 τὰ
1951 2961 2035 3012 παρ’
2055 2960 2163 3004 αὖτ’ἧς
2180 2958 2365 3009 λεγόμενα,

1339 3026 1399 3065 καὶ
1419 3027 1471 3077 τῷ
1488 3024 1595 3076 πατρὶ
1613 3023 1827 3076 ἁρμόζουσαν
1847 3021 1989 3074 γνώμην
2007 3019 2238 3071 εἰσηγήσατο,
2256 3018 2366 3057 ‘'oosv

1340 3087 1399 3126 καὶ
1431 3084 1632 3138 ἐπιδραμὼν
1665 3088 1682 3122 6
1708 3083 1837 3127 δίκαιος
1867 3089 1938 3126 τοῖς
1965 3085 2100 3134 ῥηθεῖσι
2127 3082 2210 3131 παρ’
2240 3081 2365 3126 αὐτῆς,

1339 3149 1522 3202 ἐφοδιάσας
1540 3154 1614 3191 ταῖς
1634 3149 1717 3199 παρ’
1739 3148 1860 3184 ἑαυτοῦ
1883 3143 2054 3194 εὐλογίαις
2070 3142 2127 3180 τὸν
2145 3140 2276 3179 Ἰακὼὸ
2294 3140 2366 3185 ἐξέ-

1338 3213 1488 3263 πεμψεν.
1506 3210 1596 3248 Ἀλλ’
1635 3211 1663 3247 εἰ
1691 3209 1805 3252 δοκεῖ,
1835 3205 1894 3245 καὶ
1922 3205 1970 3256 μὴ
1997 3203 2215 3254 ἀπεκάμετε,
2235 3203 2363 3253 ἴδωμεν

1336 3273 1427 3314 ὅπως
1444 3271 1504 3319 τὴν
1526 3269 1726 3320 ἀποδημίαν
1746 3275 1895 3307 ποιεῖται
1908 3271 1924 3305 6
1938 3265 2080 3305 Ἰακὼὸ.
2099 3267 2152 3303 Οὐ
2173 3263 2279 3316 μικρὰ
2296 3264 2361 3314 γὰρ
