2516 3791
160 327 273 364 1.Reg.
291 328 342 366 24.

158 378 205 409 19.

151 1809 228 1838 [bid.
243 1820 269 1837 v.
285 1815 334 1837 20.

149 2419 228 2447 Tum
244 2420 342 2446 maxi-

151 2471 198 2487 me

152 2512 203 2529 nos
229 2506 347 2530 manent
465 2520 470 2526 .

151 2544 230 2579 apud
249 2544 343 2570 Deum
359 2530 510 2573 repOSlta
541 2533 628 2568 esse,

153 2586 271 2621 przmnia
291 2606 297 2616 ,

153 2635 219 2652 cum
235 2626 269 2652 ab
287 2626 343 2653 1ιο-

152 2667 281 2693 minibus
291 2677 342 2694 ne-

152 2714 268 2743 gantur.

154 2749 341 2777 Ibid.v.21.

154 2798 205 2818 22.

354 154 450 214 904

357 254 422 296 ista
441 257 607 307 sonabat,
623 257 797 310 sapientia
815 265 932 294 tamen
961 264 995 293 et
1024 268 1082 292 ars
1099 252 1253 292 Davidis
1271 266 1310 290 ea
1331 257 1356 287 Γ,

358 319 394 357 in
416 319 576 358 animum
589 319 686 357 illius
706 319 891 356 inseverat.
904 317 1165 361 Renuntiasti,
1182 314 1310 365 inquit,

356 382 453 418 mihi
475 381 590 418 hodie
609 393 694 432 quoe
711 381 807 416 mihi
820 379 962 430 seceris
982 378 1106 422 bona,
1137 388 1224 413 cum
1251 389 1312 413 me

354 443 547 480 Dominus
586 442 700 479 hodie
724 439 956 478 concluserit
975 439 1017 473 in
1036 449 1175 474 manus
1203 444 1306 483 tuas,

355 518 423 542 nec
452 504 635 541 occideris
676 515 748 539 me.
782 499 836 537 En
869 511 992 536 rursus
1017 496 1063 535 de
1096 497 1207 535 altera
1233 498 1310 549 ejus

351 565 485 604 virtute
504 563 688 616 perhibuit
719 558 1180 608 testimonium7videlicet,
1211 557 1311 609 quod

352 625 588 663 benemeritus
615 637 685 661 non
713 621 865 660 tacuerit
881 634 1021 670 ,neque
1052 619 1306 670 dissimularit,

352 686 416 725 sed
434 685 603 724 accedens
623 682 837 721 narraverit:
858 695 928 719 non
947 679 1096 732 quidem
1114 679 1163 718 ad
1186 688 1308 718 osten-

352 747 536 795 tationem,
557 745 620 784 sed
637 744 725 797 ipsis
744 742 846 781 sactis
869 742 975 780 illum
999 741 1125 779 docere
1149 741 1309 793 cupiens,

351 824 387 847 se
406 808 450 846 de
467 821 614 845 numero
639 820 763 844 eorum
788 818 874 851 esse,
904 803 966 855 qui
984 803 1060 854 regi
1078 803 1168 841 bene
1193 816 1309 854 cupe—

350 880 442 919 rent,
459 871 603 922 ejusque
620 866 815 906 commodis
826 865 1080 918 prospicerent,
1095 878 1165 901 non
1185 877 1311 901 eorum

349 931 412 983 qui
431 930 614 968 tenderent
625 927 785 966 insidias.
806 928 904 965 Tum
919 926 1014 964 enim
1030 925 1082 963 fas
1097 933 1148 962 est
1163 923 1310 977 propria

351 1004 628 1030 commemorare
672 987 868 1035 beneficia,
915 1001 998 1024 cum
1040 985 1190 1037 insignis
1226 984 1311 1022 hinc

351 1062 512 1105 speratur
535 1051 682 1090 utilitas,
706 1051 798 1088 Nam
822 1048 961 1099 quoties
980 1047 1081 1085 nulla
1102 1046 1188 1098 data
1210 1059 1309 1084 occa-

350 1114 448 1152 sione
465 1114 576 1166 jactat
593 1111 673 1163 quis
690 1124 731 1148 ac
747 1109 922 1163 praedicat
938 1122 1002 1146 sua
1020 1107 1057 1145 in
1074 1107 1188 1145 alium
1203 1106 1310 1145 bene-

351 1175 447 1224 ficia,
472 1174 584 1212 nihilo
612 1172 739 1211 melior
769 1180 820 1209 est
849 1169 1087 1222 exprobrante
1096 1184 1107 1219 3
1142 1176 1310 1206 caeterum

350 1236 487 1287 quoties
502 1235 539 1272 id
558 1234 654 1285 facit,
675 1242 714 1271 ut
735 1232 827 1270 male
842 1232 1009 1269 affectum
1029 1239 1063 1268 et
1087 1243 1238 1282 pravam
1265 1227 1310 1266 de

350 1298 427 1349 ipso
455 1297 659 1349 opinionem
686 1295 876 1332 habentem
902 1293 1020 1331 flectat
1038 1291 1075 1329 in
1102 1292 1304 1340 diversum,

350 1359 379 1396 is
405 1368 439 1397 et
458 1368 600 1397 curator
625 1366 676 1395 est
699 1366 731 1394 et
752 1355 932 1394 beneficus
959 1370 967 1389 ι
999 1352 1098 1404 quod
1116 1367 1199 1391 sane
1223 1351 1307 1390 fecit

348 1420 482 1469 David,
510 1433 579 1458 non
595 1433 615 1456 a
634 1418 740 1456 Sa'ule
763 1415 915 1468 gloriam
941 1423 1099 1467 captans,
1127 1412 1189 1451 sed
1214 1412 1306 1451 iram

349 1481 384 1519 in
412 1481 475 1519 illo
499 1481 694 1518 radicatam
721 1478 872 1517 evellere
901 1475 1058 1514 studens.
1082 1478 1199 1526 Atque
1224 1474 1306 1513 ideo

349 1543 436 1580 Sa'ul
470 1539 690 1579 collaudavit
728 1553 830 1588 eum,
867 1536 965 1588 quod
997 1545 1031 1574 et
1065 1535 1305 1574 benemeritus

347 1612 450 1653 esset,
472 1612 504 1640 et
517 1602 642 1641 merita
663 1607 984 1638 commemorasset.
1001 1596 1094 1634 Dein
1113 1611 1196 1634 cum
1215 1596 1304 1635 Saul

348 1666 478 1703 referre
506 1663 657 1716 gratiam
685 1661 851 1714 cupiens,
875 1673 944 1697 non
979 1658 1153 1696 inveniret
1192 1657 1305 1696 ullam

347 1741 483 1780 parem,
507 1726 626 1778 ipsum
645 1725 762 1762 Deum
782 1722 837 1759 illi
860 1735 926 1774 pro
945 1734 981 1758 se
999 1718 1182 1758 constituit
1204 1718 1304 1756 debi-

348 1797 474 1837 torem,
495 1787 543 1825 ita
562 1787 732 1836 loquens:
763 1784 803 1822 Si
823 1785 993 1820 inveniet
1013 1781 1158 1833 aliquis
1174 1782 1303 1817 inimi-
1330 1778 1353 1807 Ε

348 1864 435 1888 cum
455 1863 567 1887 suum
590 1850 632 1885 in
657 1847 854 1897 angustia,
881 1852 917 1881 et
932 1844 1102 1880 dimittet
1123 1842 1239 1879 illum
1263 1844 1304 1878 in

347 1914 418 1948 via
451 1912 574 1955 bona,
603 1916 638 1946 et
671 1908 865 1945 Dominus
905 1904 1037 1941 reddet
1073 1903 1134 1940 illi
1171 1904 1300 1950 bona,

347 1971 673 2025 quemadmodum
690 1969 832 2022 fecisti
859 1975 900 2004 tu
935 1966 1031 2003 mihi
1058 1965 1186 2002 hodie.
1204 1963 1304 2011 Quid

347 2034 443 2071 enim
472 2040 610 2085 poterat
643 2029 731 2069 Saul
762 2041 931 2081 reponere
962 2026 1117 2079 dignum
1142 2025 1301 2071 meritis,

346 2094 484 2132 etiamsi
503 2107 653 2145 regnum
671 2090 827 2129 dedisset
843 2103 925 2127 cum
945 2088 1110 2126 omnibus
1130 2087 1304 2140 oppidis?

347 2157 470 2206 Neque
489 2155 584 2192 enim
604 2152 737 2206 oppida
759 2150 865 2189 modo
885 2159 919 2188 et
943 2163 1107 2199 regnum,
1129 2163 1257 2188 verum
1271 2158 1305 2187 et

347 2217 460 2255 vitam
490 2216 605 2268 ipsam
623 2215 774 2252 donarat
801 2212 856 2249 illi
881 2210 1021 2250 David:
1046 2210 1106 2248 hic
1125 2224 1209 2250 Vero
1232 2224 1302 2248 non

348 2277 503 2314 habebat
517 2277 664 2313 alteram
679 2274 805 2323 vitam,
818 2287 925 2323 quam
944 2270 1151 2324 rependeret
1166 2287 1173 2307 :
1196 2285 1306 2321 eoque

352 2338 454 2375 illum
474 2337 606 2389 relegat
626 2335 673 2373 ad
698 2336 832 2382 Deum,
856 2342 889 2371 et
914 2333 959 2370 ab
982 2332 1045 2369 illo
1066 2330 1195 2369 dandis
1214 2345 1306 2383 prae-

356 2399 438 2437 miis
468 2399 638 2436 honorat:
676 2404 709 2433 et
737 2395 833 2432 hunc
861 2392 1024 2441 laudans,
1056 2401 1089 2430 et
1118 2392 1308 2430 universos

1331 1023 1356 1053 D

266 2465 343 2487 cem
357 2459 535 2509 erudiens,
559 2467 635 2496 tum
650 2456 783 2508 majora
797 2454 898 2492 nobis
915 2453 1012 2506 apud
1029 2455 1145 2491 Deum
1162 2452 1307 2505 praemia
1321 2473 1368 2498 752

659 2531 740 2555 cnm
764 2530 829 2568 pro
852 2514 1047 2552 innumeris
1070 2513 1252 2551 beneficiis
1273 2513 1308 2551 in
1335 2511 1360 2540 Α
1380 2507 1401 2529 κ

356 2580 493 2619 hostem
516 2578 652 2618 collatis
665 2577 805 2615 diversa
822 2574 1024 2627 recipimus.
1046 2575 1130 2612 Post
1145 2574 1221 2611 haee
1233 2573 1284 2611 ait
1298 2589 1305 2609 :

358 2645 459 2681 Ecce
471 2654 650 2694 agnosce,
669 2639 772 2692 quod
789 2650 955 2689 regnans
969 2638 1167 2688 regnabis,
1185 2636 1307 2688 quod-

357 2718 431 2756 que
449 2716 607 2755 reguum
624 2700 750 2738 Israel
763 2700 1018 2736 constituetur
1037 2701 1078 2734 in
1093 2710 1212 2734 manu
1227 2705 1308 2733 tua.

357 2767 409 2804 Et
428 2778 530 2802 nune
540 2766 634 2816 jura
654 2763 752 2799 milii
768 2773 837 2812 per
856 2759 1090 2804 Dominam,
1115 2758 1220 2809 quod
1234 2770 1311 2794 non

357 2827 572 2864 aboliturus
586 2826 637 2862 sis
653 2835 783 2866 semen
813 2833 939 2858 meum
959 2827 1044 2870 post
1063 2832 1140 2864 me,
1160 2831 1228 2855 nec
1247 2832 1312 2855 ex-

355 2890 524 2939 stingues
547 2898 685 2922 nomen
714 2895 839 2920 meum
867 2881 914 2918 de
942 2881 1056 2917 domo
1074 2881 1198 2931 patris
1222 2881 1309 2916 mei.

355 2949 426 2989 Sed
441 2949 513 2997 dic,
535 2947 703 2994 obsecro,
719 2942 812 2981 unde
826 2941 923 2980 istud
942 2941 1036 2979 scis?
1057 2943 1166 2979 Penes
1184 2949 1218 2978 te
1231 2948 1313 2978 sunt

353 3010 543 3056 exercitus,
562 3021 667 3060 penes
688 3015 718 3043 te
745 3013 826 3042 sunt
851 3002 1024 3056 pecuniae,
1046 3001 1159 3051 arma,
1179 3001 1311 3039 civita-

357 3081 455 3115 tates,
469 3070 563 3122 equi,
579 3068 722 3114 milites,
736 3066 893 3104 breviter
906 3064 1069 3102 universa
1088 3063 1143 3101 vis
1162 3077 1312 3116 appara-

356 3144 411 3171 tus
429 3131 515 3183 regii
530 3147 536 3167 ε
556 3130 615 3167 hic
629 3137 748 3166 contra
765 3126 924 3164 desertus
937 3139 977 3163 ac
991 3124 1127 3172 nudus,
1144 3138 1206 3162 nec
1219 3124 1311 3163 civi-

360 3204 487 3241 tatem,
508 3207 570 3230 nec
587 3191 751 3237 domum,
770 3202 831 3225 nec
846 3187 1022 3225 familiam
1041 3186 1187 3224 liabens.
1210 3185 1315 3224 Unde

357 3257 490 3309 igitur,
516 3268 646 3305 quseso,
667 3252 733 3290 ista
756 3249 940 3300 loqueris?
962 3248 1143 3288 Nimirum
1168 3263 1212 3286 cx
1230 3248 1315 3300 ipsis

358 3317 512 3356 havidis
534 3315 705 3353 moribus.
726 3313 847 3362 Neque
871 3311 964 3348 enim
982 3309 1100 3348 nudus
1120 3319 1153 3347 et
1172 3309 1315 3347 inermis

360 3394 398 3417 nc
415 3378 572 3416 desertus
591 3390 646 3414 me
662 3383 852 3422 armatum,
883 3380 1048 3422 tantaque
1064 3370 1315 3408 circumvalla-

818 166 856 197 S.
894 164 1079 195 JOANMS
1114 162 1366 194 CHRYSOST.

1405 165 1609 195 ARCHIEP.
1647 165 2009 197 CONSTANTINOP-

1383 262 1438 297 με.
1473 247 1544 284 Καὶ
1573 247 1693 299 ἑτέραν
1727 249 1821 299 αὐτῷ
1853 254 2020 302 μαρτυρεῖ
2042 247 2146 287 πάλιν
2171 251 2314 302 ἀρετὴν,
2347 253 2400 291 ὅτι

1382 314 1610 366 εὐεργετήσας
1631 317 1693 353 οὐκ
1712 315 1884 367 ἐσίγησεν,
1904 317 1976 355 οὐδ’
1994 319 2182 370 ὑπερεῖδεν,
2202 320 2279 358 ἀλλ’
2295 321 2399 360 ἐλθὼν

1381 376 1497 432 εἶπεν,
1525 386 1562 422 οὗ
1581 384 1667 436 πρὸς
1699 384 1863 430 ἐπίδειξιν
1889 389 1991 423 τοῦτο
2017 390 2146 434 ποιῶν,
2180 387 2271 426 ἀλλὰ
2296 389 2402 432 δεῖξαι

1381 453 1606 504 βουλόμενος,
1637 454 1696 492 καὶ
1727 455 1784 494 διὰ
1812 458 1880 493 τῶν
1903 454 2016 507 ἔργων
2038 458 2149 494 αὐτῶν
2169 457 2330 506 διδάξαι,
2350 459 2404 498 ὅτι

1378 526 1446 561 τῶν
1462 523 1663 575 κηδομένων
1679 524 1753 562 ἐστὶ
1772 525 1832 562 καὶ
1851 525 2102 577 προνοούντων,
2123 528 2160 564 οὐ
2180 529 2248 564 τῶν
2265 528 2404 566 ἐπιδου-

1377 592 1545 632 λευόντων
1566 593 1625 631 καὶ
1641 593 1941 645 πονηρευομένων.
1973 594 2025 633 Τὸ
2044 593 2112 647 γὰρ
2128 594 2190 638 τὰς
2203 595 2291 640 ἰδίας
2310 599 2405 650 εὔερ-

1377 661 1497 713 γεσίας
1525 662 1638 715 λέγειν
1663 662 1781 709 ἔστιν,
1815 662 1899 701 ὅπου
1925 660 1975 701 τὸμ
1992 663 2111 715 κέρδος
2136 664 2209 716 ἔχει
2232 665 2404 717 μέγιστον.

1376 731 1492 771 ‘'va
1519 733 1587 785 γὰρ
1609 735 1785 784 μηδεμιᾶς
1810 732 2004 777 ὑποθέσεως
2033 733 2137 781 οὔσης
2157 735 2334 788 προσφέρῃ
2354 753 2406 781 τις

1378 803 1485 846 αὐτὰς
1502 803 1561 841 καὶ
1579 803 1822 855 ἀνακηρύττῃ,
1840 806 1909 841 τῶν
1929 803 2162 848 ὀνειδιζόντων
2181 804 2277 843 οὐδὲν
2301 806 2405 856 ἄμει-

1378 887 1433 909 νον
1466 872 1700 911 διακείσεται·
1727 872 1810 911 ὅταν
1831 871 1866 911 δὲ
1888 872 2095 924 βουλόμενος
2116 879 2235 912 πεῖσαι
2257 874 2314 912 τὸν
2335 875 2406 912 διε-

1378 940 1586 993 φθαρμένον,
1605 941 1664 978 καὶ
1683 941 1840 993 πονηρὰν
1861 942 1942 992 περὶ
1962 944 2066 980 αὐτοῦ
2086 943 2261 995 πρόληψιν
2281 943 2406 997 ἔχοντα

1377 1013 1478 1048 τοῦτο
1504 1013 1613 1061 ποιῇ,
1635 1008 1798 1060 κηδεμών
1828 1013 1903 1049 ἐστι
1931 1010 1990 1048 καὶ
2011 1011 2210 1063 εὐεργέτης·
2232 1011 2320 1067 ὅπερ
2346 1007 2406 1052 οῧν

1378 1079 1439 1117 καὶ
1454 1083 1472 1118 ὁ
1485 1079 1597 1117 Δαυὶδ
1617 1078 1780 1125 ἐποίησεν
1792 1107 1802 1125 ,
1818 1080 1856 1116 οὔ
1878 1082 1940 1126 τῆς
1959 1082 2043 1132 παρ’
2065 1082 2169 1118 αὐτοῦ
2191 1081 2290 1129 δόξης
2306 1084 2406 1135 ἐρῶν,

1379 1149 1470 1188 ἀλλὰ
1482 1149 1539 1188 τὸν
1560 1148 1790 1202 ἐῤῥιζωμένον
1811 1151 1845 1187 ἐν
1863 1151 1957 1202 αὐτῷ
1975 1149 2080 1200 θυμὸν
2101 1151 2304 1190 ἀνασπάσαι
2328 1155 2406 1204 βου-

1378 1218 1534 1270 λόμενος.
1563 1218 1634 1257 Καὶ
1651 1217 1708 1256 διὰ
1722 1221 1824 1257 τοῦτο
1846 1221 1927 1270 γοῦν
1946 1218 2049 1256 αὐτὸν
2064 1218 2229 1271 ἐπῄνεσεν
2243 1251 2253 1269 ,
2279 1221 2334 1260 ὅτι
2347 1223 2405 1260 καὶ

1380 1287 1585 1341 εὐεργέτησε
1602 1318 1611 1336 ,
1644 1288 1704 1326 καὶ
1730 1287 1794 1335 τὴν
1826 1287 2026 1340 εὐεργεσίαν
2045 1282 2153 1328 εἶπεν.
2180 1284 2271 1327 Εἶτα
2293 1292 2404 1338 ζητῶν

1379 1357 1550 1409 ἀμοιὸὴν,
1578 1357 1638 1396 καὶ
1666 1356 1829 1408 οὐδεμίαν
1854 1356 1944 1409 ἔχων
1967 1360 2036 1395 τῶν
2065 1358 2306 1411 γεγενημένων
2327 1360 2404 1408 ἴσην

1379 1431 1488 1481 εὑρεῖν
1497 1458 1508 1477 ,
1534 1428 1591 1466 τὸν
1613 1426 1702 1466 Θεὸν
1725 1426 1826 1464 αὐτὸν
1846 1427 1941 1478 αὐτῷ
1962 1425 2101 1464 δίδωσιν
2120 1427 2318 1480 ὀφειλέτην,
2346 1434 2406 1468 οὖ-

1377 1498 1465 1536 τωσὶ
1494 1498 1623 1550 λέγων·
1648 1496 1735 1535 εὈτι
1763 1498 1792 1534 εἰ
1825 1495 1918 1548 εὕροι
1946 1511 1998 1539 τις
2018 1496 2075 1534 τὸν
2097 1497 2218 1549 ἐχθρὸν
2245 1501 2349 1538 αὐτοῦ
2371 1501 2405 1537 ἐν

1378 1567 1505 1618 θλίψει,
1522 1567 1582 1604 καὶ
1597 1566 1770 1618 ἐκπέμψει
1789 1565 1889 1603 αὐτὸν
1906 1565 1940 1601 ἐν
1963 1566 2031 1616 ὁδῷ
2048 1567 2161 1617 ἀγαθῇ
2175 1596 2185 1614 ,
2202 1567 2263 1605 καὶ
2280 1567 2407 1622 Κύριος

1377 1638 1562 1688 ἀνταποδῷ
1590 1638 1682 1688 αὐτῷ
1707 1635 1838 1686 ἀγαθὰ,
1865 1633 1979 1678 καθὼς
2005 1636 2206 1684 πεποίηκας
2234 1638 2276 1677 σὺ
2299 1638 2407 1690 σήμε-

1379 1722 1447 1759 ρον.
1478 1705 1526 1744 Τί
1555 1705 1623 1759 γὰρ
1649 1705 1709 1744 καὶ
1734 1698 1826 1756 εἶχεν
1854 1704 1947 1748 ἄξιον
1973 1707 2165 1745 ἀποδοῦναι
2184 1710 2254 1746 τῶν
2272 1710 2408 1761 εὐεργε-

1377 1773 1474 1817 σιῶν,
1495 1772 1524 1808 εἰ
1539 1770 1597 1807 καὶ
1612 1769 1674 1816 τὴν
1693 1767 1872 1820 βασιλείαν
1888 1767 2009 1816 ἔδωκε,
2030 1769 2090 1807 καὶ
2104 1770 2167 1814 τὰς
2182 1771 2301 1815 πόλεις
2316 1772 2408 1811 ἇποί-

1377 1847 1462 1879 σας,
1491 1834 1544 1871 Οὐ
1569 1833 1637 1884 γὰρ
1657 1832 1773 1875 πόλεις
1794 1833 1915 1875 ἁπλῶς
1936 1832 1996 1870 καὶ
2014 1834 2193 1884 βασιλείαν
2206 1866 2216 1884 ,
2238 1836 2327 1874 ἀλλὰ
2347 1836 2407 1875 καὶ

1377 1897 1482 1945 αὐτὴν
1504 1899 1597 1950 αὐτῷ
1624 1897 1687 1944 τὴν
1712 1897 1828 1949 ψυχὴν
1857 1897 2049 1949 ἐχαρίσατο
2066 1902 2084 1936 ὃ
2103 1900 2233 1938 Δαυίδ·
2254 1895 2352 1944 οὗτος
2370 1901 2404 1940 δὲ

1375 1961 1490 2014 ψυχὴν
1514 1963 1709 2000 ἀντιδοῦναι
1730 1962 1851 2014 ἑτέραν
1880 1964 1943 2000 οὐκ
1968 1956 2052 2014 εἶχε.
2087 1963 2156 2002 Διὰ
2181 1970 2282 2004 τοῦτο
2297 1966 2400 2005 αὐτὸν

1375 2032 1425 2082 τῷ
1445 2031 1527 2081 Θεῷ
1547 2029 1790 2082 παραπέμπει,
1807 2029 1867 2067 καὶ
1885 2035 1962 2074 ταῖς
1984 2031 2113 2068 ἐκεῖθεν
2131 2033 2286 2085 γεραίρει
2302 2035 2406 2086 ἀμοι-

1377 2097 1454 2142 6αῖς
1468 2129 1478 2146 ,
1505 2097 1623 2136 τοῦτόν
1640 2099 1670 2135 τ’
1697 2098 1851 2135 ἐπαινῶν
1863 2127 1873 2145 ,
1891 2096 1951 2134 καὶ
1970 2097 2145 2136 παιδεύων
2162 2099 2318 2144 ἅπαντας
2329 2132 2338 2149 ,
2355 2100 2408 2139 ὅτι

1376 2166 1455 2205 τότε
1489 2165 1624 2217 μείζους
1652 2167 1737 2215 ἡμῖν
1760 2163 1858 2216 παρὰ
1877 2169 1936 2203 τοῦ
1953 2166 2046 2203 Θεοῦ
2065 2165 2240 2205 κείσονται
2262 2171 2296 2206 αἱ
2314 2169 2408 2206 ἀντι-

1379 2230 1506 2278 δόσεις,
1535 2230 1615 2268 ὅταν
1648 2228 1755 2280 μυρία
1787 2227 1866 2272 τοὺς
1888 2228 2031 2280 ἐχθροὺς
2051 2230 2165 2281 ἀγαθὰ
2187 2231 2410 2278 ποιήσαντες,

1377 2295 1421 2333 τὰ
1442 2294 1581 2333 ἐναντία
1604 2293 1851 2344 ἀπολάὸωμεν.
1886 2287 1977 2331 Εἶτά
1999 2309 2103 2345 φησιν
2120 2324 2130 2342 ,
2158 2294 2211 2333 ὅτι
2228 2295 2318 2335 Ἰδοὺ
2339 2296 2407 2349 ἐγὼ

1378 2359 1558 2412 γινώσκω,
1589 2359 1642 2397 ὅτι
1669 2357 1862 2411 βασιλεύων
1889 2357 2127 2409 βασιλεύσεις,
2160 2359 2220 2397 καὶ
2240 2361 2408 2408 στήσεται

1379 2428 1400 2470 ἡ
1426 2424 1586 2477 βασιλεία
1603 2423 1748 2477 Ἰσραὴλ
1769 2425 1803 2460 ἐν
1828 2421 1921 2476 χειρί
1949 2438 2022 2461 σου.
2043 2422 2113 2461 Καὶ
2129 2428 2186 2462 νῦν
2201 2424 2326 2475 ὄμοσόν
2348 2443 2406 2478 μοι

1405 2491 1471 2528 ατὰ
1496 2496 1555 2529 τοῦ
1581 2489 1711 2542 Κυρίου
1727 2519 1736 2537 ,
1769 2488 1825 2525 ἵνα
1858 2487 1907 2538 μὴ
1933 2486 2177 2541 ἐξολοθρεύσῃς
2206 2490 2246 2528 τὸ
2265 2491 2408 2544 σπέρμα

1381 2573 1446 2608 μου
1482 2556 1592 2596 ὀπίσω
1625 2571 1711 2606 μου,
1744 2554 1803 2593 καὶ
1828 2553 1876 2605 μὴ
1906 2553 2075 2607 ἀφανίσῃς
2092 2555 2131 2594 τὸ
2150 2555 2260 2607 ὄνομοί
2285 2573 2350 2608 μου
2370 2560 2409 2596 ἐκ

1379 2627 1438 2661 τοῦ
1459 2622 1553 2661 οἴκου
1569 2626 1629 2660 τοῦ
1646 2621 1777 2673 πατρός
1791 2637 1867 2671 μου.
1896 2620 1967 2658 Καὶ
1982 2622 2085 2659 πόθεν
2105 2622 2309 2673 γινώσκεις,
2332 2623 2407 2661 εἰπέ

1382 2707 1464 2742 μοι,
1485 2693 1600 2737 τοῦτο,
1628 2687 1734 2740 Παρὰ
1764 2687 1817 2725 σοὶ
1835 2686 1879 2724 τὰ
1903 2686 2143 2738 στρατόπεδα,
2164 2689 2261 2741 παρὰ
2291 2689 2345 2728 σοὶ
2365 2688 2409 2728 τὰ

1380 2758 1575 2811 χρήματα,
1604 2756 1649 2795 τὰ
1673 2755 1786 2802 ὅπλα,
1819 2755 1853 2791 αἱ
1881 2753 2019 2800 πόλεις,
2053 2757 2083 2792 οἱ
2103 2754 2229 2804 ἵπποι,
2260 2757 2291 2794 οἱ
2308 2771 2409 2808 στρα-

1381 2828 1526 2872 τιῶται,
1559 2823 1679 2861 ἅπασα
1700 2824 1762 2867 τῆς
1796 2822 1980 2871 βασιλικῆς
2007 2825 2232 2873 παρασκευῆς
2257 2825 2279 2868 ἡ
2308 2822 2408 2860 δύνα-

1384 2909 1441 2944 μις
1457 2908 1464 2915 ·
1487 2885 1583 2933 οὗτος
1603 2890 1638 2927 δὲ
1654 2888 1782 2939 ἔρημος
1796 2887 1854 2925 καὶ
1869 2886 2011 2938 γυμνὸς,
2029 2887 2152 2931 ἄπολις
2168 2889 2228 2926 καὶ
2243 2889 2410 2936 ἀνέστιος,

1383 2961 1509 3003 ἄοικος.
1546 2956 1658 2995 Πόθεν
1676 2950 1734 2993 οὖν
1760 2958 1872 2992 ταῦτα
1893 2954 2028 3005 λέγεις,
2057 2953 2132 2993 εἶπέ
2149 2969 2229 3006 μοι,
2252 2954 2328 2993 Ἀπ’
2348 2957 2409 2993 αὐ·

1383 3031 1442 3065 τοῦ
1474 3025 1536 3076 μὲν
1564 3018 1621 3063 οὖν
1642 3027 1702 3062 τοῦ
1722 3022 1869 3074 τρόπου.
1913 3024 1966 3060 Οὐ
1993 3021 2060 3074 γὰρ
2087 3022 2126 3060 ἂν
2156 3025 2173 3060 ὃ
2196 3022 2324 3075 γυμνὸς
2353 3020 2411 3060 καὶ

1385 3096 1512 3137 ἄοπλος
1554 3093 1613 3131 καὶ
1657 3093 1785 3144 ἕρημος
1822 3093 1906 3141 ἐμοῦ
1939 3095 1998 3128 τοῦ
2031 3090 2321 3140 καθωπλισμένου
2355 3087 2412 3127 καὶ

1386 3159 1558 3206 τοσαύτην
1592 3158 1894 3210 περιίεὸλημένου
1930 3156 2073 3206 δύναμιν
2111 3154 2350 3207 περιεγένετο,
2383 3155 2412 3192 εἰ
2463 3188 2467 3192 ,

1340 3241 1363 3271 13
1389 3226 1438 3278 μὴ
1460 3225 1517 3263 τὸν
1546 3223 1637 3263 Θεὸν
1666 3217 1739 3275 εἶχε
1763 3224 1837 3273 μεθ’
1868 3224 2011 3259 ἑαυτοῦ·
2038 3223 2056 3258 ὁ
2083 3219 2118 3258 δὲ
2135 3220 2192 3258 τὸν
2209 3218 2299 3257 Θεὸν
2323 3217 2411 3270 ἔχων

1389 3290 1466 3342 μεθ’
1503 3293 1648 3338 ἑαυτοῦ,
1686 3288 1826 3326 πάντων
1857 3286 1948 3325 ἐστὶν
1976 3285 2208 3337 ἰσχυρότερος.
2238 3276 2338 3325 Εἶδες
2359 3274 2413 3319 οἶα

1389 3367 1566 3419 φιλοσοφεῖ
1597 3361 1686 3413 μετὰ
1709 3361 1770 3408 τὴν
1801 3358 1988 3403 ἐπιδουλὴν
2015 3361 2032 3395 ὁ
2061 3355 2202 3403 Σαούλ,
2232 3349 2316 3397 εἶδες
2339 3353 2411 3395 πῶς
