2516 3791
658 192 700 220 ΙΝ
741 192 840 222 mv.
883 192 1026 223 xxvii.

83 277 155 320 νίας
176 278 285 314 ταῦτα
307 274 492 326 ἐφθέγγετο
506 277 524 312 ὁ
546 273 688 313 'laxi-36.
714 274 759 313 Ὁ
778 275 844 327 γὰρ
866 277 901 313 ἐν
917 276 1113 328 προοιμίοις

83 336 188 376 εἰπὼν
208 338 251 387 τῇ
276 335 404 387 μητρὶ,
422 335 597 387 φοὸοῦμαι
618 334 666 386 μὴ
693 335 812 380 ἐπάξω
828 338 970 389 ἐμαυτῷ
997 337 1112 375 κατά-

82 413 142 451 ραν
158 397 217 436 καὶ
241 398 303 434 οὐκ
324 396 501 447 εὐλογίαν,
520 399 578 433 νῦν
610 399 643 434 ἐν
670 396 740 449 ὅσῳ
763 397 860 449 φόὸῳ
887 398 1113 444 καθειστήκει

79 463 242 498 τοσοῦτον
262 459 380 509 δρᾶμα
399 457 689 509 ὒποκρινόμενος;
711 457 801 495 Ἀλλ’
822 458 943 505 ἐπειδὴ
962 458 1053 501 Θεὸς
1068 453 1110 504 ἦν

79 524 97 559 6
126 522 298 572 συνεργῶν
329 524 400 562 τοῖς
420 518 633 569 γινομένοις,
662 519 801 557 ἅπαντα
822 522 868 562 εἷς
891 520 990 571 ἔργον
1005 519 1109 570 ἐξῄει.

80 581 126 620 Τί
145 575 202 619 οῦν
216 611 225 628 ‚
242 581 283 618 ἂν
303 581 394 619 εἴποι
416 596 479 627 τις,
499 579 558 617 καὶ
577 582 626 631 τῷ
644 580 764 632 ψεύδει
786 583 837 632 τῷ
852 579 999 632 τοιούτῳ
1019 579 1109 622 Θεὸς

684 643 718 685 ζε

80 643 301 695 συνήργησε;
335 641 397 688 Μὴ
428 642 549 684 ἁπλῶς
581 640 680 685 ἐξέτα
734 641 774 679 τὸ
797 641 991 693 γινόμενον,
1022 643 1110 692 ἀγα-

80 703 191 750 πητὲ,
228 704 318 742 ἀλλὰ
344 703 401 741 τὸν
433 702 564 740 σκοπὸν
592 702 860 752 καταμάνθανε,
893 701 951 740 καὶ
984 701 1037 739 ὅτι
1070 702 1108 738 οὐ

81 768 246 817 βιωτικῆς
267 764 380 803 ἕνεκέν
400 779 491 806 τινος
509 762 709 806 πλεονεξίας
734 767 835 801 τοῦτο
852 762 984 813 ἐγίνετο
996 791 1005 807 ,
1020 761 1110 800 ἀλλὰ

79 831 139 865 τοῦ
168 827 299 878 πατρὸς
318 826 381 873 τὴν
403 824 563 875 εὐλογίαν
584 824 848 863 ἐπισπάσασθαι
877 823 1088 868 ἐσπούδαζεν
1103 839 1110 846 ·

80 890 194 932 ἄλλως
218 888 253 927 δὲ
284 890 314 926 εἰ
343 887 483 937 μέλλοις
514 887 634 928 ἁπλῶς
656 885 700 923 τὰ
728 885 896 936 γινόμενα
927 884 1111 932 ἐξετάζειν,

81 949 139 988 καὶ
160 949 209 999 μὴ
229 948 287 985 τὸν
301 946 431 985 σκοπὸν
452 949 632 997 πανταχοῦ
650 947 826 992 ἐπιζητεῖν
839 974 848 991 ,
867 945 883 965 ¹³
896 946 958 998 ὅρα
982 962 1036 984 σοι
1053 946 1110 984 τὸν

80 1009 303 1064 πατριάρχην
339 1007 566 1046 παιδοκτόνον
599 1007 793 1058 ὀνομάζειν,
823 1008 882 1045 καὶ
909 1007 967 1045 τὸν
987 1006 1094 1045 Φινεὲ

81 1072 300 1125 ἀνδροφόνον.
315 1071 406 1109 Ἀλλ’
426 1069 504 1107 οὔτε
524 1071 652 1112 ἐκεῖνος
672 1069 898 1112 παιδοκτόνος
913 1099 922 1115 ,
944 1069 1034 1106 ἀλλὰ
1053 1068 1113 1107 καὶ

79 1134 157 1173 λίαν
183 1133 429 1186 φιλόστοργος,
460 1134 489 1169 εἰ
509 1130 569 1168 καί
595 1147 647 1174 τις
679 1131 805 1174 ἄλλος·
826 1130 904 1169 οὔτε
931 1125 1028 1174 οὗτος
1056 1133 1112 1168 ἀν-

81 1195 242 1248 δροφόνος
256 1223 265 1239 ,
287 1193 403 1231 ι’ἀλλὰ
423 1193 462 1231 τὸ
484 1193 616 1242 μᾶλλον
635 1192 693 1229 καὶ
715 1192 802 1243 ἄγαν
824 1191 995 1239 ζηλωτής.
1011 1191 1115 1230 Ἑκά-

79 1272 176 1309 τερος
209 1255 276 1307 γὰρ
308 1256 422 1293 αὐτῶν
452 1255 492 1292 τὸ
526 1255 646 1291 δοκοῦν
678 1256 727 1304 τῷ
759 1255 842 1304 Θεῷ
874 1251 1112 1304 διεπράττετο.

81 1318 212 1369 Διόπερ
237 1321 255 1355 6
287 1317 348 1367 μὲν
374 1315 430 1354 διὰ
449 1315 512 1363 τὴν
537 1315 695 1362 ὑπακοὴν
719 1317 852 1361 πολλῆς
870 1314 1026 1358 ἀξιοῦται
1051 1317 1114 1360 τῆς

81 1380 211 1418 ἄνωθεν
232 1378 384 1429 ἀμοιὸἧς
400 1393 407 1400 ·
429 1380 447 1415 6
468 1377 503 1416 δὲ
524 1377 581 1415 διὰ
607 1377 664 1414 τὸν
692 1378 794 1423 ζῆλον
819 1375 1111 1428 ἀνακηρύττεται.

80 1440 195 1486 Ἔστη
215 1439 300 1491 γὰρ,
327 1438 436 1490 φησὶ,
467 1437 611 1483 Φινεὲς,
634 1437 693 1475 καὶ
717 1437 912 1481 ἐξιλάσατο.
936 1438 980 1474 Εἰ
1000 1437 1112 1475 τοίνυν

81 1498 180 1551 φόνος
205 1496 413 1547 εὐδοκίμησε
430 1496 489 1534 καὶ
506 1496 733 1534 παιδοκτονία
754 1498 789 1534 ἐν
809 1496 974 1543 ἐκείνοις,
991 1496 1112 1545 ἐπειδὴ

81 1560 173 1600 κατὰ
197 1562 290 1599 Θεοῦ
323 1558 468 1610 γνώμην
499 1557 654 1609 ἐγένετο,
684 1558 743 1596 καὶ
773 1561 811 1596 οὐ
850 1565 922 1603 τοῖς
955 1559 1114 1610 γεγονόσι

82 1621 320 1673 προσέχομεν,
339 1619 429 1658 ἀλλὰ
448 1622 498 1672 τῷ
519 1622 640 1672 σκοπῷ
660 1623 729 1658 τῶν
750 1620 940 1671 γινομένων
953 1651 962 1669 ,
985 1620 1044 1658 καὶ
1069 1623 1112 1672 τῇ

80 1685 150 1720 τῶν
168 1681 412 1728 πεποιηκότων
439 1680 562 1732 γνώμῃ
576 1712 585 1729 ,
603 1682 723 1733 πολλῷ
740 1683 871 1732 μᾶλλον
888 1681 948 1719 καὶ
967 1683 1115 1720 ἐνταῦθα

83 1747 185 1782 τοῦτο
203 1742 401 1794 λογίζεσθαι
419 1742 504 1794 χρή.

135 1804 196 1850 Μὴ
224 1803 336 1842 τοίνυν
356 1807 457 1842 τοῦτο
485 1803 630 1852 σκόπει,
650 1803 704 1842 ὅτι
732 1805 855 1857 ψεῦδος
873 1799 916 1852 ἦν
943 1805 986 1843 τὰ
1016 1805 1116 1856 λεγό-

82 1879 170 1913 μενα
192 1862 288 1914 παρὰ
308 1867 366 1900 τοῦ
387 1862 537 1909 Ἰακὼὸ,
553 1865 629 1900 ἀλλ’
654 1865 765 1903 ἐκεῖνο
781 1864 909 1911 ἐννόει,
924 1864 977 1902 ὅτι
995 1863 1114 1916 βουλό-

82 1939 183 1975 μενος
197 1926 215 1961 6
229 1923 320 1967 Θεὸς
340 1926 387 1966 εἰς
406 1924 505 1976 ἔργον
528 1924 592 1971 τὴν
617 1924 812 1977 πρόρρησιν
838 1928 940 1964 αὐτοῦ
958 1929 1114 1978 ἀγαγεῖν,

82 1985 223 2023 ἅπαντα
253 1986 362 2028 οὕτως
387 1986 592 2038 ᾠκονόμησε
622 1986 796 2037 γενέσθαι.
820 1987 891 2026 Καὶ
917 1987 973 2026 ἵνα
1002 1988 1114 2038 μάθῃς

81 2047 135 2084 ὅτι
155 2051 173 2085 6
193 2047 283 2091 Θεὸς
302 2041 344 2094 ἦν
361 2051 378 2086 6
399 2047 515 2085 πάντα
539 2046 786 2099 ἐξευμαρίζων,
809 2048 868 2086 καὶ
889 2048 934 2086 τὰ
962 2047 1114 2087 δύσκολα

81 2108 208 2147 εὔκολα
227 2112 359 2155 ποιῶν,
379 2109 443 2161 ὅρα
468 2112 542 2152 πῶς
564 2111 582 2146 6
609 2108 741 2152 δίκαιος
766 2111 829 2147 οὐκ
849 2109 1006 2157 ἠδυνήθη
1038 2126 1115 2148 συν-

82 2171 165 2208 ιδεῖν
188 2170 251 2218 τὴν
272 2170 424 2216 ἀπάτην,
444 2170 535 2207 ἀλλὰ
564 2170 623 2207 καὶ
648 2170 807 2208 πείθεται
831 2176 903 2214 τοῖς
927 2171 1025 2222 παρὰ
1051 2174 1112 2208 τοῦ

80 2230 210 2270 Ἰακὼὸ
228 2235 383 2283 ῥηθεῖσι,
405 2230 464 2269 καὶ
485 2230 690 2274 ἀπολαύσας
707 2234 776 2269 τῶν
792 2231 994 2282 ἐδεσμάτων
1009 2231 1112 2283 ἀμεί-

80 2292 180 2330 ὅεται
203 2291 305 2330 αὐτὸν
326 2298 402 2336 ταῖς
423 2292 607 2343 εὐλογίαις.
630 2291 700 2331 Καὶ
719 2294 757 2330 οὐ
774 2293 943 2347 πρότερον
964 2293 1113 2346 παραγί-

79 2369 175 2393 νεται
189 2354 258 2392 ἀπὸ
276 2357 338 2401 τῆς
354 2354 460 2406 θήρας
475 2356 492 2391 6
507 2354 621 2392 εΗσαῦ
634 2383 643 2401 ,
665 2353 788 2407 μέχρις
805 2355 862 2393 ὅτε
880 2355 997 2393 πάντα
1014 2356 1113 2399 τέλος

78 2416 222 2462 ἔλαὸεν,
247 2416 304 2454 ἵνα
323 2415 381 2454 διὰ
401 2415 542 2453 πάντων
559 2419 699 2467 γνῶμεν
716 2416 769 2454 ὅτι
793 2417 884 2455 κατὰ
906 2420 998 2457 Θεοῦ
1020 2417 1111 2470 γνώ-

80 2495 150 2530 μην
177 2479 217 2517 τὸ
246 2477 425 2530 γινόμενον
454 2472 508 2524 ἦν.
540 2472 632 2516 Eine
658 2478 714 2526 δὲ,
743 2478 869 2530 φησὶν,
897 2479 1041 2518 Ἰσαάκ·
1078 2479 1112 2517 τί

78 2543 200 2586 τοῦτο,
219 2539 272 2578 ὅτι
291 2538 381 2591 ταχὺ
402 2533 519 2592 εῧρες,
539 2531 568 2576 ὦ
587 2538 728 2586 τέκνον;
747 2539 792 2578 ‘O
808 2540 844 2578 δὲ
866 2534 981 2578 εἶπεν·
1001 2540 1019 2579 ὃ
1038 2557 1110 2579 πα-

80 2600 207 2653 ρέδωκε
234 2600 360 2653 Κύριος
390 2604 407 2639 6
433 2600 523 2643 Θεός
543 2615 603 2638 σου
624 2600 779 2639 ἐναντίον
799 2602 896 2651 ἐμοῦ.
924 2600 1007 2640 Ἔτι
1033 2603 1111 2639 ἐνα-

79 2663 201 2714 γώνιος
221 2662 374 2709 εἱστήκει
392 2665 410 2698 6
429 2661 580 2709 Ἰακὼὸ,
611 2662 670 2700 καὶ
698 2662 823 2708 ηὔξετο
850 2665 945 2716 αὐτῷ
977 2664 1021 2702 τὰ
1051 2667 1111 2702 τοῦ

80 2724 210 2776 φόὸου,
233 2725 293 2762 καὶ
317 2724 432 2762 πάντα
453 2724 608 2775 ἐγίνετο,
639 2723 696 2762 ἵνα
728 2725 894 2776 μάθωμεν
926 2726 968 2763 δι’
998 2727 1112 2764 αὐτῶν

79 2787 132 2824 ὅτι
152 2788 169 2822 6
188 2785 427 2837 φιλάνθρωπος
455 2787 638 2834 Δεσπότης
663 2788 730 2838 οὐχ
749 2788 868 2830 ἁπλῶς
892 2787 956 2835 τὴν
981 2787 1112 2826 οἰκείαν

79 2846 316 2884 ἐπιδείκνυται
343 2846 529 2897 πρόνοιαν,
561 2847 601 2885 ἂν
633 2848 682 2898 μὴ
711 2849 846 2896 πολλὴν
874 2849 931 2901 ἴδῃ
961 2849 1019 2888 καὶ
1050 2849 1112 2897 τὴν

79 2910 162 2960 παρ’
182 2910 282 2958 ἡμῶν
304 2907 502 2958 θερμότητα
521 2908 722 2959 γινομένην.
744 2909 804 2957 Μὴ
827 2910 894 2962 γάρ
916 2926 976 2961 μοι
994 2926 1111 2963 παρα-

81 2969 234 3021 δράμῃς,
253 2968 431 3019 ἀγαπητὲ,
449 2972 570 3007 τοῦτον
594 2973 650 3006 νῦν
672 2970 730 3008 τὸν
751 2973 889 3021 ἀγῶνα,
909 2971 1000 3010 ἀλλὰ
1025 2972 1110 3011 σκό-

81 3046 138 3069 πει
157 3031 211 3068 ὅτι
226 3029 306 3082 περὶ
328 3033 387 3067 τοῦ
407 3030 534 3072 παντὸς
551 3025 593 3077 ἦν
614 3032 708 3082 αὐτῷ
729 3034 746 3068 6
765 3031 940 3078 κίνδυνος,
962 3033 1021 3072 καὶ
1038 3034 1110 3071 ἐδε-

81 3091 188 3130 δοίκει
206 3091 265 3129 καὶ
285 3091 409 3142 ἔτρεμε
437 3090 486 3142 μὴ
505 3091 547 3129 δι’
572 3092 729 3142 εὐλογίαν
749 3093 903 3146 κατάρας
924 3094 1111 3138 ὑπεύθυνος

80 3151 235 3203 γένηται.
263 3146 353 3190 Εἶτά
373 3167 478 3204 φησιν
493 3181 502 3198 ,
525 3145 613 3190 Εἷπε
641 3152 675 3189 δὲ
708 3152 831 3191 Ἰσαάκ
846 3169 853 3177 ·
874 3153 1011 3206 ἔγγισόν
1033 3170 1110 3206 μοι,

81 3212 139 3251 καὶ
154 3212 354 3265 ψηλαφήσω
370 3228 409 3250 σε
423 3241 432 3257 ,
448 3213 581 3260 τέκνον,
602 3215 631 3251 εἰ
651 3212 693 3250 σὺ
719 3206 750 3250 εἶ
767 3217 785 3251 6
803 3214 874 3258 υἱός
897 3231 962 3265 μου
983 3214 1110 3261 Ἡσαῦ,

81 3273 102 3319 ἢ
133 3273 186 3312 οὔ.
209 3273 292 3312 Ἀπὸ
309 3273 376 3326 γὰρ
405 3276 468 3320 τ’ἧς
500 3276 615 3326 φωνῆς
635 3273 752 3326 ἠρέμα
777 3291 850 3318 πως
877 3275 1067 3320 ἐνεδοίαζεν
1095 3279 1113 3314 ὁ

88 3397 90 3400 ’
125 3390 140 3414 b
157 3387 285 3431 [Mon-el.
305 3396 338 3421 et
351 3388 453 3423 Savssl.
474 3395 550 3436 ὥρα.
567 3389 668 3422 Coisl.
688 3396 745 3436 ὅρα
764 3406 805 3425 σοι
820 3397 868 3425 καὶ
883 3407 910 3426 τ.
931 3394 981 3434 τι]

1066 193 1123 222 GF.

1131 192 1227 222 Mzs.
1271 193 1431 223 HOMH..
1475 193 1572 223 Lm.

2054 183 2141 246 23¹ss

1186 276 1468 315 benedictionem
1491 293 1498 313 :
1523 291 1616 314 nunc
1631 276 1791 330 expende
1815 277 1850 314 in
1869 287 2000 328 quanto
2021 281 2145 318 timore

1185 336 1398 376 constitutus
1423 337 1550 386 suerit,
1570 338 1630 390 qui
1658 347 1790 376 tantam
1818 338 1974 377 sabuiani
1998 342 2144 388 ageret?

1185 399 1321 436 Verum
1337 399 1421 450 quia
1438 401 1536 437 Deus
1555 409 1624 438 erat
1644 400 1705 450 qui
1726 400 1984 452 cooperabatur
2005 401 2047 438 iis
2066 416 2146 451 quae

1183 458 1315 496 fiebant
1327 489 1335 501 ,
1351 459 1470 497 omnia
1487 474 1592 512 opere
1608 470 1689 498 sunt
1711 460 1868 513 impleta.
1888 460 1985 508 Quid
2009 461 2119 511 igitur
2135 493 2143 505 ‚

1181 517 1275 555 dicet
1296 519 1447 569 aliquis,
1469 531 1722 573 cooperatusne
1748 523 1843 559 Deus
1859 531 1909 560 est
1936 521 2144 560 mendacio?

1183 578 1334 627 Dilecto,
1355 593 1398 616 ne
1418 579 1563 630 indagcs
1579 590 1715 619 tantuin
1733 582 1831 633 quod
1853 583 1891 620 fit
1903 613 1912 623 .
1929 582 1990 621 sed
2004 582 2146 621 attende
2159 589 2238 617 Deus
2292 601 2348 618 non

2159 638 2316 668 compi-ratu
2322 643 2334 658 r

1183 638 1289 676 etiam
1306 653 1454 691 scopum
1467 670 1476 687 ,
1499 650 1531 678 et
1552 642 1647 692 quod
1663 643 1697 680 id
1713 658 1780 681 non
1799 644 1933 682 sactum
1947 645 1992 682 sit
2006 654 2145 697 tempo-

1182 699 1267 736 ralis
1288 699 1465 737 commodi
1483 701 1539 738 vel
1559 703 1718 740 avaritiae
1740 718 1843 741 causa
1858 734 1867 752 ‚
1886 705 1947 742 sed
1972 706 2066 756 quod
2088 707 2147 744 illc

1181 759 1294 811 patris
1321 759 1607 800 benedictionem
1629 764 1696 800 sibi
1723 779 1928 816 comparare
1959 767 2114 805 studeret
2139 790 2146 810 ς

1183 823 1316 874 alioqui
1331 823 1359 861 si
1381 823 1429 862 ita
1449 825 1660 878 simpliciter
1679 841 1758 878 qua*
1772 829 1860 865 liunt
1881 830 2148 869 examinaturus

1183 897 1219 921 es
1234 914 1245 933 ‚
1268 898 1382 934 neque
1404 900 1542 938 semper
1559 902 1705 939 scopum
1736 889 1903 939 exquiras
1917 919 1926 935 ‚
1948 891 2031 928 vide
2051 907 2092 929 ne
2117 902 2148 930 et

1185 944 1425 996 patriarcham
1449 947 1514 984 filii
1533 948 1812 999 interfectorem,
1833 959 1866 987 et
1891 951 2060 990 Pbineem
2088 954 2148 992 bo-

1186 1006 1357 1044 micidam
1373 1007 1486 1046 dicas.
1511 1011 1647 1048 Verum
1667 1025 1781 1061 neque
1800 1011 1981 1049 Abrabam
2003 1014 2066 1052 filii
2087 1015 2149 1053 bo-

1186 1067 1318 1105 micida
1337 1069 1424 1119 suit,
1447 1070 1508 1108 sed
1522 1080 1556 1108 et
1574 1071 1679 1109 valde
1692 1072 1722 1109 ei
1739 1072 1887 1110 affectus
1907 1083 2000 1121 erat,
2020 1075 2048 1112 si
2070 1077 2149 1126 quis

1186 1127 1278 1165 alius
1299 1144 1307 1164 :
1326 1142 1441 1179 neque
1462 1129 1612 1168 I'binees
1632 1130 1830 1176 homicida,
1847 1131 1908 1168 sed
1925 1132 1997 1169 zelo
2012 1133 2148 1183 plenus.

1187 1189 1344 1240 Uterque
1371 1190 1466 1227 enim
1485 1190 1580 1241 quod
1614 1192 1689 1228 Deo
1720 1191 1939 1243 probabatur
1955 1223 1964 1237 ,
1989 1193 2150 1231 faciebat.

1186 1247 1429 1294 Quamobrem
1445 1248 1505 1286 iltc
1518 1263 1583 1301 per
1597 1249 1858 1299 obedientiam,
1876 1249 2026 1287 multam
2042 1266 2061 1288 a
2077 1252 2152 1289 Deo

1185 1310 1509 1347 remunerationem
1543 1311 1760 1362 promeruit5
1798 1311 1857 1348 bic
1884 1325 1968 1349 vero
2008 1322 2152 1364 propter

1134 769 1158 799 D

1186 1370 1300 1408 zelum
1314 1371 1540 1423 praedicatur.
1558 1371 1700 1409 Dicitur
1717 1372 1949 1410 eni111:Stetil
1966 1375 2147 1419 Phineas,
2167 1384 2255 1412 Psal.
2285 1384 2356 1414 105.

1186 1441 1223 1470 et
1238 1433 1426 1484 placavit.
1449 1433 1487 1470 Si
1504 1433 1617 1484 igitur
1638 1433 1876 1471 homicidium
1897 1443 1931 1472 et
1952 1434 2018 1471 filii
2041 1435 2153 1474 caedes
2167 1424 2217 1454 3⁰·

1134 1446 1159 1476 F.

1186 1493 1417 1546 placuerunt,
1443 1494 1528 1545 quia
1547 1493 1743 1532 secundum
1773 1495 1838 1532 Dei
1861 1496 2070 1533 sententiam
2091 1497 2153 1534 fie-

1186 1556 1291 1606 bant,
1313 1569 1378 1594 nec
1406 1555 1625 1594 attendimus
1651 1555 1697 1594 ad
1720 1557 1811 1594 facta
1825 1587 1836 1606 ,
1858 1557 1920 1594 sed
1940 1557 1986 1595 ad
2005 1572 2152 1610 scopum

1186 1631 1308 1655 eorum
1325 1631 1404 1668 quae
1419 1617 1648 1669 gerebantur,
1671 1626 1704 1654 et
1723 1617 1770 1655 ad
1788 1617 2010 1655 voluntatem
2029 1632 2153 1656 eorum

1185 1678 1247 1729 qui
1267 1678 1446 1715 fecerunt:
1463 1678 1578 1715 multo
1600 1677 1713 1729 magis
1730 1686 1764 1715 et
1783 1678 1841 1715 hic
1857 1678 2152 1730 perpendendum

1187 1738 1284 1776 istud
1305 1738 1425 1776 suerit.

1240 1809 1275 1845 5.
1315 1809 1368 1846 Ne
1402 1808 1514 1860 igitur
1559 1807 1628 1846 hoc
1667 1807 1870 1855 considera,
1915 1809 2014 1860 quod
2063 1809 2151 1847 salsa

1186 1869 1317 1907 fuerint
1350 1884 1390 1907 ea
1415 1884 1493 1920 quae
1519 1868 1733 1907 dicebantur
1751 1884 1770 1907 a
1791 1870 1944 1919 Jacolm,
1967 1870 2028 1908 sed
2059 1871 2151 1908 illud

1123 1964 1171 1988 517
1187 1931 1325 1982 cogita,
1347 1931 1526 1969 volentem
1553 1932 1671 1968 Deum
1692 1930 1962 1982 praedictionem
1991 1931 2150 1984 impleri,

1135 2003 1161 2030 A
1186 1992 1304 2030 omnia
1334 2001 1375 2029 ut
1406 1992 1458 2030 sic
1479 1992 1604 2030 fierent
1631 1991 1902 2044 dispensavisse.
1930 1993 1976 2030 Et
1996 2003 2035 2031 ut
2062 1994 2151 2032 scias

1186 2053 1305 2089 Deum
1336 2052 1456 2090 omnia
1483 2052 1603 2090 facilia
1638 2052 1856 2102 reddidisse,
1883 2053 1990 2091 etiam
2016 2068 2054 2092 ea
2075 2070 2151 2105 quae

1185 2113 1352 2150 diflicilia
1368 2123 1466 2151 erant
1486 2129 1494 2149 :
1509 2113 1595 2151 vide
1613 2113 1794 2163 quomodo
1807 2114 1927 2165 justus
1943 2129 2012 2152 non
2032 2125 2152 2167 potue-

1184 2173 1232 2211 rit
1260 2174 1434 2225 suspicari
1449 2173 1634 2221 fraudem,
1660 2173 1720 2211 sed
1749 2188 1940 2225 persuasus
1970 2176 2016 2214 sit
2045 2176 2153 2214 dictis

1183 2233 1317 2281 Jacob,
1337 2241 1370 2270 et
1392 2247 1477 2270 eum
1499 2232 1619 2270 edulia
1648 2232 1714 2270 ista
1742 2233 1975 2283 comedisset,
1999 2235 2151 2273 benedi-

1182 2294 1362 2332 ctionibus
1377 2309 1460 2332 eum
1480 2302 1695 2332 remuneret.
1722 2294 1771 2332 Et
1791 2308 1860 2332 non
1882 2295 1984 2347 prius
2005 2311 2025 2334 a
2044 2311 2152 2335 vena-

1181 2357 1275 2394 tione
1296 2355 1402 2394 rediit
1419 2356 1537 2405 Esa'u,
1561 2370 1669 2407 quam
1695 2356 1814 2393 omnia
1837 2366 1950 2394 esseut
1977 2357 2122 2410 impleta
2141 2375 2148 2394 :

1182 2427 1222 2455 ut
1239 2433 1303 2471 per
1322 2418 1441 2456 omnia
1467 2419 1640 2466 sciamus,
1664 2418 1846 2456 voluntate
1874 2419 1939 2456 Dei
1961 2419 2034 2457 liaec
2055 2430 2152 2470 gesta

1180 2479 1303 2518 fuisse.
1327 2482 1389 2517 QO.
1409 2481 1523 2518 Dia-it
1544 2489 1699 2525 autem,
1720 2479 1835 2530 inquit
1849 2510 1858 2527 ,
1879 2483 1995 2518 Isaac
2015 2497 2025 2516 :
2049 2483 2153 2531 Quid

1182 2542 1268 2587 hoc,
1289 2542 1396 2594 ‹Juod
1410 2550 1491 2578 tam
1509 2544 1585 2579 cito
1597 2541 1912 2592 invenisti,fili?
1929 2543 2006 2578 Ille
2020 2551 2150 2579 autem

1183 2603 1283 2639 dixit
1310 2618 1320 2638 :
1348 2603 1462 2653 Quod
1492 2603 1657 2639 tradidit
1686 2603 1879 2639 Dominus
1914 2603 2020 2640 Deus
2062 2612 2150 2641 tuus

1184 2677 1316 2701 coram
1344 2678 1414 2701 me.
1444 2662 1572 2700 Adhuc
1605 2663 1639 2699 in
1670 2663 1846 2714 angustiis
1875 2663 1990 2700 stabat
2019 2665 2148 2711 Jacob,

1183 2725 1453 2776 augebaturque
1468 2724 1666 2776 plurimum
1686 2724 1792 2761 timor
1813 2725 1890 2775 ejus
1906 2740 1914 2760 ε
1928 2739 2053 2763 verum
2075 2726 2150 2763 berc

1184 2786 1303 2823 omnia
1322 2795 1508 2838 propterea
1533 2785 1624 2822 sacta
1650 2793 1756 2831 sunt,
1779 2793 1815 2821 ut
1837 2784 2017 2824 discamus
2044 2788 2150 2826 rebus

1185 2847 1272 2899 ip<is
1292 2847 1489 2884 Dominum
1514 2860 1581 2883 non
1610 2845 1820 2897 simpliciter
1839 2860 1941 2884 suam
1969 2847 2150 2886 declarare

1185 2907 1465 2946 sollicitudinem
1496 2916 1528 2944 et
1551 2906 1830 2959 providentiam,
1863 2907 1932 2945 nisi
1968 2909 2094 2946 viderit
2117 2920 2150 2947 ct

1187 2979 1350 3009 nostrum
1374 2968 1538 3006 accedere
1554 2969 1744 3005 fervorem.
1770 2968 1823 3005 Ne
1842 2969 1937 3006 enim
1963 2980 2149 3022 praetereas

1186 3031 1300 3070 obiter
1320 3030 1415 3067 hunc
1435 3044 1602 3081 agonem,
1622 3028 1750 3067 dilecte
1763 3059 1772 3076 ‚
1803 3029 1863 3067 sed
1886 3031 2085 3069 consideres
2105 3032 2149 3069 de

1186 3107 1305 3130 rerum
1327 3105 1465 3128 summa
1489 3091 1596 3128 fuisse
1613 3090 1814 3142 periculum
1832 3106 1838 3126 :
1855 3105 2008 3142 eumque
2023 3093 2149 3131 timore

1186 3168 1227 3191 ac
1244 3163 1394 3191 tremore
1406 3152 1553 3205 plenum
1570 3151 1696 3192 fuisse,
1714 3166 1756 3189 ne
1773 3161 1914 3204 propter
1930 3153 2145 3191 benedictio—

1188 3229 1269 3253 nem
1300 3214 1399 3252 ficrct
1418 3213 1513 3250 omni
1534 3212 1776 3251 maledictioni
1798 3214 1986 3252 obnoxius.
2012 3215 2147 3253 Deinde

1190 3276 1325 3326 inquit,
1346 3277 1408 3312 91.
1427 3275 1538 3312 Darii
1559 3276 1674 3312 Isaac
1696 3283 1706 3311 '.·
1724 3275 2009 3327 Apprnpinqua
2027 3277 2122 3312 milei
2136 3305 2143 3315 ,

1201 3399 1211 3410 2
1226 3389 1339 3433 [nois-1.
1360 3394 1439 3424 ευ).
1456 3396 1504 3424 mxi
1519 3391 1686 3432 ganam-l

2160 674 2322 700 mendacio.
