2516 3791
122 809 230 835 Genes.
254 805 283 834 3.

124 847 208 877 18.e1
221 849 308 885 4³²·

123 1112 200 1140 Gen.
223 1109 305 1139 1.28.

328 170 420 228 304

322 263 482 288 carnem
509 252 720 298 viventem,
747 253 848 288 sicut
864 252 967 303 feci,
1003 252 1067 288 29.
1101 250 1276 287 omnibus

321 312 456 349 diebus
477 319 601 349 terrae.

373 373 414 423 4.
457 375 631 424 Magnum
667 372 907 410 beneficentiae
950 369 1109 422 pondus;
1151 369 1275 420 ingens

320 433 515 471 clementiae
534 432 742 482 magnitudo
759 447 770 479 ;
790 430 982 468 ineffabilis
1000 429 1197 467 tolerantiae
1214 443 1274 466 ex-

319 494 536 545 superantia.
562 494 616 529 Et
636 493 737 528 dixit
757 493 949 528 Dominus
965 492 1073 528 Deus
1087 493 1128 527 in
1148 498 1274 528 mente

320 569 405 592 sua.
419 554 532 603 Illud,
551 555 576 590 I
575 568 599 590 n
613 561 739 590 mente
757 566 844 599 sua,
862 552 993 589 iterum
1007 552 1164 589 humano
1176 565 1273 589 more

318 614 421 662 dicit,
438 623 472 651 et
490 613 592 664 quasi
612 622 776 650 naturam
790 622 947 651 nostram
962 613 1166 665 respiciens.
1181 613 1273 650 Non

317 676 503 726 adjiciam
524 675 630 711 ultra
653 683 695 711 ut
721 675 956 712 maledicam
982 683 1092 712 terroe
1116 682 1273 725 propter

319 749 435 787 opera
461 737 674 773 hominum.
696 735 743 773 Et
768 735 905 773 homini
925 766 934 783 ,
958 735 1019 786 qui
1044 736 1184 788 primus
1202 737 1271 774 for-

321 806 437 835 matus
452 806 517 847 est,
531 797 686 843 dicebat,
705 811 787 834 cum
800 797 852 834 illi
867 797 1094 835 malediceret
1109 812 1117 833 ε
1133 797 1272 848 Spinas

321 867 357 896 et
370 859 533 897 tribulos
550 860 784 910 germinabit
801 860 871 895 tibi
883 873 899 904 ;
917 867 950 895 et
967 858 1079 895 Ca'ino
1094 858 1270 896 similiter.

319 918 414 965 Quia
430 928 548 956 autem
566 933 661 956 nunc
678 932 903 956 communem
917 918 1077 956 omnium
1089 918 1273 956 invexerat

319 979 516 1028 interitum,
531 988 570 1017 ut
583 979 857 1017 consolationem
870 978 930 1016 det
939 979 1036 1030 justo
1049 988 1082 1016 et
1100 979 1271 1017 fiduciam

319 1040 350 1078 ei
369 1039 502 1089 addat,
521 1055 562 1077 ne
581 1040 669 1078 forte
688 1039 818 1091 cogitet
835 1039 932 1090 apud
952 1053 1001 1087 se,
1026 1039 1114 1085 Quae
1137 1039 1271 1077 utilitas

319 1101 411 1139 datae
425 1101 682 1140 benedictionis
696 1101 713 1138 ‚⁰
733 1109 766 1138 ct
776 1100 872 1151 quod
890 1099 1036 1143 dixerit,
1053 1102 1221 1138 Crescite
1235 1109 1270 1138 et

320 1163 653 1214 multiplicamini,
666 1161 695 1199 si
715 1161 859 1208 iterum,
874 1161 935 1198 ubi
951 1161 1184 1213 multiplicati
1196 1161 1270 1198 fue-

319 1223 433 1260 rimus
446 1223 697 1274 ,pereundum
716 1222 762 1259 sit
776 1221 905 1259 nobis?
921 1223 1012 1259 Nam
1027 1221 1113 1259 olim
1130 1230 1163 1259 et
1177 1221 1271 1258 Ada-

320 1298 380 1322 mo
411 1283 588 1321 distel-:at
615 1284 782 1321 Crescite
813 1292 850 1321 et
875 1284 1216 1334 multiplicamini:
1239 1292 1272 1321 et

319 1358 449 1397 superv
455 1345 526 1382 enit
538 1353 654 1381 tamen
666 1343 860 1384 diluvium.
876 1345 926 1382 Ut
934 1357 1017 1395 ergo
1028 1358 1070 1381 ne
1083 1344 1272 1395 cogitando

320 1418 440 1443 secum
455 1404 540 1442 talia
560 1405 596 1442 in
618 1413 787 1457 perpetuo
805 1418 935 1455 angore
953 1413 1054 1452 esset,
1070 1404 1153 1443 vide
1172 1405 1270 1442 heni-

320 1465 490 1516 gnitatem
504 1465 665 1503 Domini.
683 1467 774 1503 Non
787 1466 973 1518 adjiciam
987 1495 999 1512 ,
1019 1466 1146 1517 inquit,
1165 1467 1271 1504 ultra

318 1527 552 1564 maledicere
585 1536 695 1564 terrae
718 1534 875 1578 propter
911 1540 1026 1578 opera
1057 1528 1269 1565 hominum.

317 1587 414 1626 Vide
441 1588 618 1639 quomodo
649 1587 872 1636 declaravit,
899 1602 936 1626 se
963 1597 1109 1640 propter
1141 1588 1271 1626 horum

316 1648 493 1686 malitiam
509 1648 795 1686 maledictionem
809 1657 909 1686 terrae
926 1648 1114 1686 invexisse.
1132 1649 1271 1687 Deinde

316 1717 356 1746 ut
379 1723 421 1746 ne
446 1718 613 1761 putemus
640 1709 760 1761 ipsum
786 1707 864 1746 ideo
886 1708 978 1746 hanc
997 1708 1268 1761 promissionem

323 1770 448 1808 fecisse
460 1800 470 1819 ,
491 1770 573 1821 quia
593 1770 661 1822 ipsi
671 1770 746 1822 jam
763 1769 800 1807 in
815 1770 942 1808 melius
956 1784 992 1807 se
1006 1779 1266 1821 converterant,

316 1831 433 1883 inquit
455 1847 462 1868 :
486 1833 591 1882 Quia
609 1833 795 1869 incumbit
817 1845 922 1869 mens
940 1832 1108 1870 hominis
1124 1834 1270 1870 intente

316 1896 358 1930 in
372 1893 480 1930 mala
505 1906 621 1945 opera
645 1907 670 1930 a
686 1895 903 1944 juventute.
926 1893 1020 1930 Rara
1040 1893 1269 1944 benignitatis

317 1953 460 2005 species.
483 1955 584 2003 Quia
596 1983 608 1999 ,
627 1953 765 2004 inquit,
782 1955 969 1991 incumbit
983 1967 1091 1992 mens
1102 1955 1269 1993 hominis

318 2015 527 2067 diligenter
545 2017 586 2051 in
606 2015 714 2052 mala
730 2028 845 2066 opera
861 2028 885 2051 a
891 2017 1108 2066 juventute,
1125 2025 1269 2067 propter

318 2075 400 2122 hoc,
419 2077 509 2114 Non
523 2076 628 2113 ultra
641 2077 828 2127 adjiciam
841 2084 882 2113 ut
896 2076 1129 2113 maledicam
1141 2085 1263 2115 terroe.

319 2136 396 2187 Ego
412 2136 506 2174 enim
519 2166 529 2185 ,
554 2137 689 2187 inquit,
708 2151 788 2186 quae
806 2136 855 2173 ad
873 2150 929 2173 me
948 2137 1140 2188 pertinent,
1162 2138 1269 2175 semel

317 2206 424 2247 atque
443 2198 570 2234 iterum
589 2197 737 2234 exhibui
764 2212 771 2233 z
795 2196 877 2247 quia
904 2206 1023 2234 autem
1042 2197 1146 2235 video
1165 2198 1268 2236 mali-

317 2257 405 2295 tiam
425 2257 471 2294 ita
492 2257 698 2303 increscere,
713 2257 882 2309 promitto
897 2272 953 2295 me
972 2272 1040 2295 non
1056 2259 1148 2296 ultra
1162 2259 1268 2297 male-

315 2317 498 2356 dicturum
518 2327 630 2356 terrae.
655 2317 792 2356 Deinde
812 2318 997 2356 ostendens
1016 2333 1086 2357 suae
1107 2320 1267 2371 benigni-

315 2378 398 2416 tatis
414 2378 697 2429 magnitudinem
718 2409 726 2425 ,
743 2379 931 2430 subjunxit
951 2395 958 2415 :
976 2381 1066 2417 Non
1082 2382 1267 2433 adjiciam

316 2443 435 2492 igitur
464 2440 568 2477 ultra
599 2449 641 2477 ut
677 2443 890 2491 percutiam
926 2454 1075 2478 omnem
1110 2456 1265 2480 carnem

316 2503 512 2538 viventem
525 2530 537 2549 ‚
556 2503 656 2538 sicut
671 2502 771 2553 feci,
794 2503 969 2540 omnibus
994 2503 1138 2541 diebus.
1154 2503 1263 2553 Vide,

316 2562 461 2599 obsecro
477 2591 488 2610 ,
511 2570 681 2613 quantam
711 2561 982 2599 consolationem
1007 2563 1109 2601 affert
1134 2565 1230 2616 justo
1257 2581 1325 2616 :²6¹

317 2622 389 2659 imo
403 2636 471 2659 non
485 2623 583 2674 justo
599 2630 755 2669 tantum,
769 2621 829 2659 sed
842 2631 874 2659 et
894 2633 1038 2675 propter
1053 2638 1153 2662 suam
1166 2625 1266 2663 boni·
1291 2628 1316 2657 Α

317 2693 425 2721 tatem
436 2684 542 2720 etiam
558 2683 723 2721 universo
738 2683 925 2721 hominum
940 2685 1056 2735 generi
1074 2695 1150 2737 post
1163 2687 1266 2725 illum

318 2746 452 2782 futuro.
476 2745 569 2782 Nam
587 2744 685 2795 quod
701 2743 788 2782 dicit
804 2774 813 2792 ,
838 2746 928 2782 Non
947 2747 1131 2797 adjiciam
1151 2750 1268 2799 igitur

320 2815 360 2843 ut
378 2809 593 2857 percutiam
623 2819 775 2843 omnem
802 2820 958 2843 carnem
987 2810 1180 2845 viventem
1196 2839 1204 2856 ‚
1235 2819 1267 2847 et

318 2865 415 2917 quod
439 2865 539 2902 addit
557 2895 568 2914 ,
593 2866 697 2903 Sicut
712 2867 815 2917 feci,
838 2866 920 2903 item
941 2866 1030 2904 illud
1045 2898 1054 2915 ,
1081 2870 1267 2908 Omnibus

319 2927 473 2974 diebus,
493 2925 648 2963 declarat
669 2926 770 2963 nobis
791 2941 858 2963 non
882 2926 974 2965 ultra
997 2928 1066 2965 talc
1086 2928 1266 2967 diluvium

316 2997 508 3024 venturum
521 2996 875 3037 csse,nequetanta1n
892 2989 1084 3039 pernicicm
1099 3004 1268 3040 uinquam

320 3058 433 3087 totum
456 3049 578 3086 orbem
600 3048 804 3086 invasum-am
823 3063 910 3087 esse.
936 3049 1073 3087 Deinde
1087 3051 1190 3088 etiam
1217 3053 1268 3089 in-

318 3110 414 3148 dicat
425 3109 662 3147 beneficentia:
679 3125 748 3148 suae
761 3110 1046 3163 perpetuitatem:
1062 3113 1262 3160 Omnibus,

769 185 808 215 S.
846 185 1032 215 JOANMS
1069 183 1307 214 CHRYSOST.

364 3244 376 3258 ¹¹
400 3231 507 3275 [nihl.
525 3233 545 3264 Ι.
563 3232 583 3264 l.
598 3231 684 3264 istud
703 3238 745 3268 ἔτι
763 3241 838 3265 ante
858 3239 988 3273 πατάξαι
1007 3233 1193 3276 collocant,
1209 3247 1229 3277 ⁴1
1255 3247 1323 3267 cm-

319 3286 500 3318 admodum
520 3288 586 3327 ipse
601 3286 721 3329 Chrys.
742 3285 838 3318 infra.
858 3286 1050 3319 Notandum
1070 3295 1179 3320 tannen
1194 3296 1225 3319 et
1247 3288 1325 3320 Edi-

321 3342 426 3372 tioncs
442 3338 676 3383 Llirysostomi
693 3347 724 3371 vt
742 3338 899 3372 codicem
913 3340 1049 3372 coislin.
1070 3340 1122 3373 liic
1143 3349 1174 3372 ct
1195 3340 1276 3372 infra
1296 3342 1328 3373 in

1349 182 1556 212 ARCHIEP.
1597 178 1952 212 CONSTANTINOP-

1347 263 1410 284 σαν
1431 247 1546 297 σάρκα
1570 248 1682 290 ζῶσαν
1716 247 1831 290 καθὼς
1857 247 2023 294 ἐποίησα,
2054 247 2132 285 ῧέτι
2161 248 2277 291 πάσας
2305 247 2366 292 τὰς

1346 306 1482 359 ἡμέρας
1498 310 1560 353 τῆς
1576 310 1651 358 γῆς.

1399 365 1515 409 Πολὺς
1538 370 1599 412 τῆς
1618 368 1813 419 εὐεργεσίας
1841 371 1858 406 ὃ
1884 369 2004 418 ὄγκος,
2032 368 2092 406 καὶ
2121 368 2209 407 πολὺ
2228 373 2291 416 τῆς
2311 385 2370 422 φι-

1345 426 1567 478 λανθρωπίας
1591 427 1631 465 τὸ
1649 429 1811 479 μέγεθος,
1829 428 1889 467 καὶ
1915 429 2045 481 ἄφατος
2070 431 2131 474 τῆς
2151 429 2370 474 ἀνεξικακίας

1346 489 1366 532 ἠ
1387 487 1577 539 ὓπερὸολή.
1600 489 1671 526 Καὶ
1690 483 1766 527 εἷπε
1788 489 1915 541 Κύριος
1930 493 1948 528 ὁ
1963 489 2053 532 Θεὸς
2073 490 2272 536 διανοηθείς.
2298 491 2371 538 Τὸ,

1345 549 1548 595 Διανοηθεὶς
1561 579 1570 596 ,
1602 549 1708 587 πάλιν
1742 551 1986 602 ἀνθρωπίνως,
2022 550 2082 588 καὶ
2114 552 2161 594 ὡς
2187 551 2274 602 πρὸς
2307 551 2371 598 τὴν

1345 609 1519 662 ἡμετέραν
1535 609 1646 661 φύσιν.
1661 611 1714 648 Οὐ
1732 610 1920 663 προσθήσω
1944 611 1994 649 ἔτι
2023 615 2082 649 τοῦ
2109 612 2372 664 καταράσασθαι

1344 670 1408 717 τὴν
1421 673 1485 721 γῆν
1504 671 1561 708 διὰ
1578 670 1622 709 τὰ
1643 671 1727 724 ἔργα
1749 674 1817 709 τῶν
1839 671 2044 723 ἀνθρώπων.
2061 671 2132 710 Καὶ
2150 672 2217 724 γὰρ
2237 673 2295 710 ἐπὶ
2311 677 2370 712 τοῦ

1345 732 1622 783 πρωτοπλάστου
1643 733 1868 783 κατηράσατο
1887 733 2009 781 εἰπὼν,
2036 733 2201 777 Ἀκάνθας
2221 734 2280 772 καὶ
2300 751 2371 786 τρι-

1345 793 1468 836 ὅόλους
1504 795 1682 831 ἀνα-τελεῖ·
1716 794 1776 831 καὶ
1804 793 1861 832 ἐπὶ
1889 798 1948 832 τοῦ
1981 795 2070 832 Κάϊν
2097 795 2201 833 πάλιν
2231 796 2370 846 ὁμοίως.

1345 854 1447 891 Ἐπεὶ
1467 848 1524 891 οὖν
1541 854 1600 892 καὶ
1623 858 1681 891 ν’ῠν
1700 854 1763 901 τὴν
1781 854 1953 901 τοσαύτην
1978 855 2215 909 πανωλεθρίαν
2235 856 2370 907 ἐπήγα-

1344 930 1416 965 γεν,
1437 915 1492 952 ἵνα
1510 916 1811 967 παραμυθήσηται
1829 916 1886 954 τὸν
1909 916 2058 964 δίκαιον,
2075 932 2134 954 και
2156 919 2291 970 θαρρεῖν
2307 934 2371 955 πα-

1347 976 1564 1026 ρασκευάσῃ,
1585 992 1645 1013 και
1666 976 1715 1026 μὴ
1740 977 1852 1028 μέλλῃ
1869 976 2067 1027 λογίζεσθαι
2093 979 2168 1014 καθ’
2189 978 2320 1025 ἑαυτὸν,
2337 979 2371 1015 τί

1344 1035 1384 1072 τὸ
1404 1036 1522 1088 κέρδος
1540 1039 1600 1082 τ’ἧς
1619 1053 1656 1087 γε
1659 1037 1852 1087 γενημέντς
1872 1038 2047 1088 εὐλογίας;
2078 1039 2138 1076 καὶ
2170 1041 2229 1075 τοῦ
2249 1039 2370 1085 εἰπεῖν,

1343 1096 1414 1141 Αὖξ
1401 1096 1536 1135 άνεσθε
1566 1112 1626 1134 και
1657 1098 1890 1144 πληθύνεσθε,
1918 1100 1947 1136 εἷ
1976 1099 2163 1149 μελλοιμεν
2186 1100 2292 1137 πάλιν
2324 1101 2371 1142 εἷς

1344 1158 1474 1203 πλῆθος
1493 1158 1702 1200 ἐπιδιδόντες
1722 1158 1958 1205 ἀπόλλυσθαί,
1975 1158 2045 1196 Καὶ
2070 1158 2137 1211 γὰρ
2155 1159 2215 1197 καὶ
2235 1158 2304 1205 ἤδη
2323 1153 2372 1196 εἷ-

1345 1233 1408 1255 πεν
1429 1218 1486 1256 ἐπὶ
1516 1222 1575 1255 τοῦ
1597 1218 1706 1269 Ἀδὰμ
1720 1249 1729 1266 ,
1753 1218 1950 1262 Αὐξάνεσθε
1968 1218 2027 1256 καὶ
2045 1219 2280 1266 πληθύνεσθε,
2311 1220 2370 1256 καὶ

1347 1279 1502 1331 ἐπήγαγε
1532 1279 1789 1330 κατακλυσμόν.
1809 1279 1888 1317 Ἵνα
1915 1273 1972 1318 οῧν
1993 1279 2041 1330 μὴ
2061 1283 2174 1317 ταῦτα
2191 1279 2371 1330 λογιζόμε·

1347 1355 1401 1383 νος
1419 1341 1479 1378 καὶ
1498 1340 1653 1392 στρέφων
1674 1341 1709 1377 ἐν
1728 1344 1771 1392 τῇ
1792 1340 1925 1391 διανοίᾳ
1949 1341 2116 1387 διηνεκῶς
2134 1340 2197 1387 τὴν
2219 1340 2369 1391 ἀγωνίαν

1346 1401 1432 1453 ἔχῃ,
1465 1401 1529 1454 ὅρα
1557 1402 1818 1453 φιλανθρωπίαν
1851 1402 2042 1440 Δεσπότου.
2082 1404 2136 1440 Οὐ
2164 1402 2368 1455 προσθήσω,

1346 1463 1461 1514 φησὶν,
1490 1462 1540 1499 ἔτι
1573 1463 1841 1515 καταράσασθαι
1861 1461 1924 1508 τὴν
1945 1465 2009 1513 γῆν
2041 1463 2098 1501 διὰ
2127 1461 2171 1500 τὰ
2197 1463 2282 1514 ἔργα
2301 1467 2369 1501 τῶν

1346 1523 1548 1576 ἀνθρώπων.
1568 1523 1665 1575 εὈρα
1685 1528 1759 1567 πῶς
1775 1525 2038 1573 ἐπεσημήνατο,
2059 1524 2112 1562 ὅτι
2135 1524 2192 1561 διὰ
2212 1525 2274 1571 τὴν
2291 1525 2368 1563 τού-

1344 1599 1412 1622 των
1429 1585 1622 1638 μοχθηρίαν
1637 1584 1699 1631 τὴν
1717 1585 1872 1637 κατάραν
1895 1586 2051 1636 ἐπήγαγε
2065 1588 2108 1636 τῇ
2125 1589 2183 1637 γῇ.
2204 1580 2294 1624 Εἶτα
2313 1585 2368 1624 ἵνα

1347 1645 1395 1696 μὴ
1422 1647 1633 1697 νομίσωμεν,
1667 1646 1721 1685 ὅτι
1747 1646 1866 1692 ἐπειδὴ
1896 1646 1953 1684 ἐπὶ
1984 1647 2023 1684 τὸ
2053 1647 2186 1697 βέλτιον
2221 1647 2369 1696 μετεὲά-

1343 1708 1455 1755 λοντο,
1483 1707 1538 1744 διὰ
1570 1711 1669 1745 τοῦτο
1699 1707 1799 1750 αὐτὸς
1818 1706 1947 1753 ταύτην
1968 1707 2157 1753 ἐποιήσατο
2185 1706 2247 1754 τὴν
2279 1709 2368 1745 ὑπο-

1344 1783 1477 1819 σΛεσιν,
1494 1768 1609 1820 φησίν·
1629 1767 1715 1806 “Ort
1734 1768 1886 1819 ἔγκειται
1909 1771 1929 1813 ἡ
1952 1769 2086 1806 διάνοια
2105 1772 2164 1806 τοῦ
2186 1768 2368 1820 ἀνθρώπου

1344 1830 1516 1879 ἐπιμελῶς
1537 1828 1593 1867 ἐπὶ
1619 1829 1663 1867 τὰ
1693 1829 1827 1880 πονηρὰ
1847 1831 1886 1867 ἐκ
1906 1829 2076 1875 νεότητος.
2103 1829 2211 1867 Ξένον
2243 1831 2367 1881 φιλαν-

1344 1889 1498 1941 θρωπίας
1527 1884 1626 1933 εἶδος.
1663 1889 1809 1936 Ἐπειδὴ
1842 1889 2015 1940 ἔγκειται,
2048 1890 2165 1941 φησιν,
2188 1894 2209 1937 ἡ
2233 1892 2368 1929 διάνοια

1343 1954 1402 1989 τοῦ
1422 1950 1603 2002 ἀνθρώπου
1629 1952 1804 2001 ἐπιμελῶς
1825 1951 1880 1988 ἐπὶ
1902 1950 1947 1988 τὰ
1966 1951 2101 2002 πονηρὰ
2128 1954 2166 1990 ἐκ
2187 1952 2366 1998 νεότητος,

1344 2013 1400 2051 διὰ
1419 2016 1538 2061 τοῦτο,
1559 2013 1687 2051 Οὐκέτι
1715 2012 1900 2065 προσθήσω
1925 2017 1984 2050 τοῦ
2015 2013 2279 2065 καταράσασθαι
2305 2014 2366 2062 τὴν

1342 2090 1419 2149 γηγ-

1342 2151 1400 2173 και
1421 2136 1576 2188 δεύτερον
1600 2134 1846 2185 ἐπεδειξάμην
1874 2137 1917 2173 ἐπ
1921 2134 1992 2180 ειοὴ
2014 2135 2049 2173 δὲ
2068 2138 2137 2187 ὁρω
2156 2153 2219 2183 ττν
2241 2138 2367 2175 κακίαν

1435 2074 1554 2125 Ἐγὼ
1550 2074 1591 2111 μὲ
1595 2091 1611 2111 ν
1635 2090 1716 2126 γαρ,
1742 2074 1839 2125 φησὶ,
1859 2090 1903 2112 τα
1923 2075 2005 2124 παρ’
2029 2076 2180 2124 ἑμαυτού
2199 2091 2257 2112 και
2276 2076 2367 2120 ἅπαξ

1341 2196 1574 2247 αὐξανομενην
1636 2212 1765 2248 επαγᾟ(
1752 2196 1896 2246 έλἸομαι
1937 2197 2063 2246 μτκέτι
2100 2197 2366 2248 καταράσασθαι

1340 2274 1403 2304 ττν
1430 2274 1507 2308 γην.
1537 2252 1627 2296 Εἶτα
1662 2256 1795 2300 δεικνυς
1818 2260 1920 2295 αὐτοῦ
1945 2260 2007 2302 τῆς
2034 2258 2294 2309 φιλανθρωπίας
2328 2275 2367 2298 το

1342 2319 1503 2371 μέγεθος,
1525 2319 1592 2365 ε’πτ
1595 2335 1680 2370 γαγε
1683 2334 1716 2355 ν·
1738 2321 1790 2357 03
1820 2318 2009 2372 προσθησω
2042 2322 2100 2356 οὖν
2133 2319 2170 2356 ἔτ
2176 2336 2185 2356 ι
2215 2319 2366 2363 πατάξαι

1340 2387 1455 2418 πᾶσαν
1472 2381 1585 2433 σάρκα
1606 2382 1731 2427 ζῶσαν,
1748 2379 1862 2422 καθὼς
1882 2378 2049 2425 ἐποίησα,
2069 2379 2185 2422 πάσας
2202 2379 2264 2422 τὰς
2282 2381 2366 2431 ἡμέ-

1341 2457 1412 2494 ρας.
1435 2440 1529 2493 ”Ορα
1552 2456 1610 2491 μοι
1635 2443 1709 2484 πῶς
1730 2440 1787 2477 διὰ
1810 2440 1948 2477 πάντων
1980 2440 2147 2491 μεγίστην
2177 2440 2361 2492 χαρίζεται

1339 2507 1388 2555 τῷ
1410 2503 1532 2555 δικαίῳ
1547 2503 1608 2549 τὴν
1630 2502 1871 2555 παραμυθίαν·
1891 2503 2022 2551 μᾶλλον
2039 2501 2073 2539 ΡΞ
2091 2504 2128 2539 οὗ
2149 2505 2198 2554 τῷ
2219 2503 2364 2555 δικαίῳ,

1342 2565 1432 2603 ἀλλὰ
1452 2565 1507 2602 διὰ
1532 2564 1594 2611 τὴν
1615 2564 1744 2601 οἰκείαν
1772 2562 1971 2613 ἀγαθότητα
2001 2563 2061 2600 καὶ
2092 2562 2188 2615 πάσῃ
2209 2566 2251 2615 τῇ
2277 2566 2363 2614 μελ-

1340 2626 1445 2678 Ἰούση
1464 2625 1688 2664 συνίστασθαι
1702 2627 1770 2662 τῶν
1791 2624 2012 2676 ἀνθρωπων
1999 2623 2066 2662 'mio
2069 2640 2109 2662 ει.
2128 2625 2181 2662 'lo
2199 2641 2262 2676 γα»
2280 2656 2289 2671 ,
2311 2628 2364 2663 Οὐ

1340 2687 1527 2741 προσθησω
1554 2690 1612 2725 οὖν
1636 2686 1790 2730 πατάξαι
1814 2692 1930 2724 πᾶσαν
1956 2686 2071 2737 σάρκα
2087 2688 2212 2733 ζωσαν,
2232 2687 2291 2724 καὶ
2314 2703 2365 2733 το,

1342 2748 1466 2791 Καθως
1490 2748 1660 2795 εποίη,σα
1679 2763 1739 2785 και
1761 2763 1822 2791 το,
1843 2747 1968 2789 Πάσας
1993 2763 2055 2789 τας
2082 2747 2237 2800 ἡμέρας,
2266 2751 2345 2786 τοῦτ
2349 2748 2366 2785 ό

1341 2812 1431 2848 ἐστιν
1449 2809 1721 2859 ἐνδεικνυμένου,
1736 2807 1789 2845 ὅτι
1805 2807 1920 2845 οὐκέτι
1940 2811 2093 2844 τιιοῧταν
2115 2807 2214 2845 ἔσται
2234 2808 2365 2846 κλυδώ-

1340 2887 1424 2917 νιον,
1447 2870 1524 2908 οὔτε
1542 2870 1692 2916 τοσαύτη
1719 2869 1939 2920 πανωλεθρία
1967 2869 2209 2920 καταλήψεται
2231 2870 2293 2916 τὴν
2312 2873 2366 2908 οἷ-

1342 2931 1527 2982 κουμένην.
1549 2926 1634 2969 Εἶτα
1652 2931 1710 2968 καὶ
1726 2934 1788 2976 ’.ἧς
1804 2930 2000 2983 εὐεργεσίας
2018 2933 2119 2968 αὐτοῦ
2138 2931 2176 2968 τὸ
2193 2932 2365 2977 διηνεκές·

1343 2992 1404 3030 'liv
1419 2993 1568 3038 πάσαις,
1592 2992 1675 3043 φησι
1690 3021 1698 3036 ,
1719 2997 1792 3034 ταῖς
1822 2992 1970 3044 ἡμέραις
1984 3022 1993 3038 ,
2021 2993 2112 3028 τοῦτ’
2130 2991 2226 3038 ἔστι,
2254 2992 2368 3029 πάντα

1344 3053 1399 3090 τὸν
1426 3055 1534 3091 αἰῶνα
1562 3053 1821 3104 ἐπαγγέλλομαι
1843 3053 1970 3103 μηκέτι
2002 3052 2172 3099 τοσαύτην
2200 3053 2369 3096 ἐπιδείξα-

1345 3118 1424 3153 σθαι
1454 3115 1516 3162 τὴν
1538 3115 1787 3167 ἀγανάκτησιν,
1809 3114 1883 3152 οὐδὲ
1910 3117 1999 3153 οὕτω
2023 3114 2189 3165 σύγχυσιν
2220 3114 2368 3166 ἐργάσα-

1359 3239 1542 3269 imitatione
1562 3237 1646 3269 sodis
1669 3237 1762 3280 liujus
1787 3243 1828 3271 ἔτι
1855 3238 2056 3278 cowpirnrc.
2080 3238 2117 3269 In
2147 3237 2244 3270 tertio
2268 3237 2362 3276 loco,

1362 3287 1417 3321 nbi
1441 3289 1473 3321 id
1492 3301 1559 3331 (πει
1573 3298 1716 3331 vetares,
1732 3290 1762 3321 in
1781 3287 1934 3321 omnibus
1950 3287 2070 3330 dccci]
