2516 3791
712 208 771 238 DE
807 207 978 239 navim-3
1013 206 1072 237 ET
1104 205 1244 237 SAULB.
1280 204 1469 234 nouum&
1507 203 1570 233 ΙΙΙ.

107 292 348 345 λαμπρότερος
368 286 410 339 ἦν
422 291 482 330 καὶ
500 292 706 345 σεμνότερος
722 291 782 330 καὶ
795 290 1031 343 ποθεινότερος
1047 289 1139 329 ἅπα-
1162 291 1186 322 D

107 369 175 401 σιν,
196 356 258 392 οὐκ
276 352 472 406 ἀνθρώποις
492 352 527 392 δὲ
543 353 659 404 μόνον,
676 351 768 391 ἀλλὰ
789 351 849 391 καὶ
868 353 963 405 αὐτῷ
976 353 1026 404 τῷ
1043 352 1138 402 Θεῷ.

107 414 155 453 Τί
177 414 245 466 γὰρ
266 415 416 462 ἠδικήθη
434 417 452 452 ὁ
471 414 567 465 ἅγιος
596 417 723 458 ἐκεῖνος
743 413 821 452 τότε
847 417 1001 452 τοσαῦτα
1018 411 1137 451 παθὼν

109 475 203 529 παρὰ
230 479 290 514 τοῦ
325 475 463 521 Σαούλ;
484 476 578 529 Οὐχὶ
604 475 709 530 μέχρι
740 478 817 522 τῆς,
833 475 986 528 σήμερον
1005 473 1140 527 ἡμέρας

106 536 246 590 ᾅδεται,
277 537 337 576 καὶ
366 538 528 589 λαμπρὸς
555 537 617 588 μὲν
637 540 672 576 ἐν
688 541 751 590 γῇ,
777 536 1021 590 λαμπρότερος
1043 533 1078 574 δὲ
1104 537 1138 572 ἐν

106 600 262 652 οὖρανῷ;
282 599 361 651 οὐχὶ
382 600 427 636 τὰ
455 599 639 653 ἀπόρρητα
664 599 765 638 αὐτὸν
786 598 901 651 ἀγαθὰ
926 597 1047 648 μένει,
1078 596 1139 635 καὶ

106 663 129 707 ἡ
146 662 215 698 τῶν
234 662 388 714 οὐρανῶν
405 661 588 712 βασιλείας
608 661 655 700 Τί
674 662 702 700 δ’
719 661 900 714 ὠφέλησεν
919 663 937 699 ὁ
958 659 1139 698 ταλαίπω-

110 736 165 774 ρος
189 723 316 766 ἐκεῖνος
340 722 399 761 καὶ
426 723 541 768 ἄθλιος
568 727 721 763 τοσαῦτα
747 721 1019 769 ἐπιδουλεύσας;
1046 721 1138 774 Οὐχὶ

107 783 168 822 καὶ
194 786 257 830 τῆς
280 785 460 836 βασιλείας
485 785 624 830 ἐξέπεσε
640 816 649 834 ,
677 785 736 824 καὶ
761 785 906 824 ἐλεεινὸν
925 784 1057 832 ὑπέστη
1079 783 1138 822 τὸν

109 845 256 884 θάνατον
276 846 366 897 μετὰ
386 850 445 884 τοῦ
469 848 612 894 παιδὸς,
632 847 692 886 καὶ
711 847 808 901 παρὰ
825 847 966 886 πάντων
988 861 1140 898 κατηγο-

112 912 241 960 ρεῖται,
267 907 326 945 καὶ
352 908 392 946 τὸ
419 907 461 955 δὴ
488 907 754 962 χαλεπώτερον,
775 908 837 951 τὰς
866 908 1056 951 ἀθανάτους
1081 911 1139 946 νῦν
1162 919 1186 949 Ε

109 968 291 1021 ἐκδέχεται
322 969 511 1023 τιμωρίας,
539 970 661 1014 ’Όλως
683 969 719 1010 δὲ
738 969 773 1008 τί
802 970 889 1009 ποτέ
918 973 1025 1018 ἐστιν,
1055 968 1140 1022 ὅπερ

110 1031 267 1081 ἐγκαλῶν
299 1033 350 1083 τῷ
383 1033 496 1084 ἐχθρῷ
520 1034 558 1070 οὐ
586 1032 704 1083 βούλει
735 1033 1017 1083 καταλλαγῆναι;
1040 1031 1141 1083 Χρή·

112 1091 207 1143 ματά
228 1108 266 1131 σε
295 1092 475 1145 ἀφείλετο;
509 1094 602 1133 Ἀλλ’
638 1093 679 1132 ἂν
713 1093 856 1146 ἐνέγκῃς
883 1093 1049 1145 γενναίως
1079 1092 1143 1140 τὴν

110 1152 287 1206 ἁρπαγὴν,
304 1158 466 1194 τοσοῦτον
491 1155 587 1208 λήψῃ
610 1155 745 1207 μισθὸν,
770 1155 848 1194 ὅσον
871 1155 910 1193 ἂν
931 1157 960 1194 εἷ
979 1162 1054 1199 ταῖς
1074 1158 1144 1194 τῶν

110 1215 271 1262 πενήτων
296 1216 386 1256 αὐτὰ
414 1218 536 1270 χερσὶν
557 1217 786 1265 ἐναπέθηκας.
807 1217 876 1256 Καὶ
903 1216 970 1270 γὰρ
987 1221 1005 1256 ὁ
1020 1216 1146 1265 πένησι

112 1276 288 1325 δεδωκὼς,
319 1277 378 1315 καὶ
407 1281 426 1316 ὁ
454 1281 505 1331 τῷ
539 1278 836 1325 πλεονεκτήσαντι
875 1277 966 1330 μήτε
999 1279 1147 1318 {meeu-

110 1336 236 1383 λεύων,
259 1338 348 1389 μήτε
368 1338 616 1392 καταρώμενος
631 1371 641 1387 ,
671 1339 728 1378 διὰ
754 1340 813 1378 τὸν
834 1340 924 1380 Θεὸν
944 1344 1055 1379 ταῦτα
1075 1341 1147 1391 ἀμ-

111 1398 249 1452 φότεροι
273 1403 445 1438 ποιοῦσιν.
460 1398 576 1439 εΌταν
607 1395 663 1438 οὖν
683 1405 704 1449 ἡ
722 1401 885 1445 ὑπόθεσις
906 1403 970 1447 τῆς
989 1401 1148 1447 δαπάνης

2071 186 2162 250 895

1209 288 1418 339 homo,quo
1440 286 1521 340 plus
1546 285 1655 325 suerit
1676 285 1830 334 laboris,
1849 284 1916 322 hoc
1942 284 2006 322 tibi
2031 299 2165 324 merces

1208 349 1274 387 erit
1301 348 1477 401 amplior,
1503 348 1533 386 si
1559 346 1728 395 assideas,
1759 359 1888 385 curans
1908 345 2164 385 immedicabili

1209 410 1334 449 morbo
1361 410 1594 448 laborantem.
1618 410 1740 448 Unum
1771 407 1883 458 igitur
1911 407 2004 445 illud
2033 417 2164 459 specte-

1209 485 1304 520 mus,
1334 483 1403 509 non
1433 484 1476 508 ne
1498 470 1584 521 quid
1615 469 1700 508 mali
1727 469 1907 522 patiamur
1927 468 1974 506 ab
1993 468 2165 515 inimicis,

1207 532 1328 570 sedne
1341 531 1428 584 quid
1443 532 1514 569 illis
1527 531 1612 570 mali
1623 531 1795 569 faciamus
1808 546 1814 567 :
1827 530 1873 568 ita
1888 529 1975 568 nibil
1990 530 2166 582 patiemur

1208 594 1311 643 mali,
1328 594 1466 632 etiamsi
1485 594 1668 631 innumera
1686 593 1904 646 perferamus
1924 592 2166 642 malanfuem-

1207 655 1406 694 admodum
1419 670 1482 694 nec
1501 654 1637 703 David,
1653 654 1741 693 dum
1756 653 2008 706 ejicitur,dum
2025 653 2059 691 in
2074 654 2167 691 exsi-

1206 716 1296 755 lium
1313 717 1445 769 agitur‚
1461 717 1549 755 (lum
1570 731 1682 768 usque
1699 715 1744 753 ad
1764 715 1846 754 vitat
1865 714 2056 753 discrimen
2076 714 2164 753 insi-

1206 777 1277 816 diis
1295 779 1488 831 appetitur‚
1509 776 1704 829 quidquam
1723 776 1840 814 acerbi
1856 791 1979 829 passus
1998 786 2066 814 est:
2080 776 2166 828 quin

1207 839 1328 891 potius
1351 839 1451 878 hoste
1480 853 1544 877 suo
1569 839 1680 876 sactus
1705 847 1758 877 est
1785 838 1958 876 illustrior
1976 837 2168 876 honorabi-

1207 901 1361 953 liorque,
1395 901 1599 952 ueterisque
1628 900 1796 939 omnibus
1823 899 2033 949 amabilior,
2063 899 2169 951 idque

1209 978 1278 1002 non
1293 963 1501 1002 hominibus
1515 972 1667 1011 tantum,
1685 961 1746 1000 scd
1762 961 1829 1014 ipsi
1842 962 1947 999 etiam
1965 963 2051 999 Deo.
2069 960 2170 1008 Quid
2225 975 2306 1004 Num
2322 986 2373 1003 00-

1209 1025 1305 1064 enim
1337 1025 1544 1064 detrimenti
1578 1024 1670 1077 cepit
1703 1033 1846 1062 sanctus
1876 1023 1954 1073 ille,
1985 1038 2067 1062 cum
2098 1032 2169 1061 tam
2184 1017 2373 1087 23:232?

1211 1087 1323 1126 multa
1338 1096 1580 1140 perpeteretur
1590 1101 1609 1124 a
1621 1085 1754 1125 Saule?
1766 1087 1894 1123 Annon
1908 1084 1943 1122 in
1957 1084 2171 1123 hodiernum
2184 1102 2232 1130 lis.

1212 1163 1326 1201 usque
1352 1148 1612 1187 diein.canitur
1631 1146 1782 1186 illustris
1807 1147 1843 1185 in
1870 1155 1981 1194 terra,
1999 1146 2174 1185 illustrior

1214 1212 1250 1249 in
1296 1211 1380 1249 ca‘lo
1402 1211 1419 1248 Ξ)
1460 1224 1575 1249 annon
1608 1209 1712 1247 illum
1746 1207 1997 1246 inenarrabilia
2033 1215 2175 1245 manent

1213 1273 1307 1312 bona
1341 1282 1375 1311 et
1403 1273 1571 1311 caelorum
1597 1271 1774 1324 regnum?
1793 1271 1931 1308 Rursus
1961 1268 2052 1320 quid
2081 1283 2175 1307 com-

1214 1333 1314 1373 modi
1329 1335 1423 1387 cepit
1440 1334 1565 1372 infelix
1584 1333 1644 1371 ille
1659 1347 1700 1371 ac
1720 1333 1845 1380 miser,
1865 1340 1916 1370 tot
1934 1330 2083 1369 insidias
2102 1344 2174 1369 mo—

1211 1395 1327 1446 ¹litus?
1348 1397 1473 1434 Nonne
1495 1409 1604 1447 regno
1631 1408 1803 1433 exeussus
1831 1393 1912 1431 est?
1934 1406 2049 1431 nonne
2070 1392 2176 1431 mise-

112 1455 135 1513 ᾖ
156 1460 221 1511 μία
236 1490 245 1507 ‚
263 1459 407 1508 εὔδηλον
428 1460 480 1499 ὅτι
499 1462 559 1500 χαὶ
585 1462 752 1515 στέφανος
772 1457 831 1507 εἷς,
850 1462 941 1502 Ἀλλ’
963 1465 1011 1508 εἷς
1029 1462 1147 1516 ψυχὴν
1170 1442 1328 1508 A⁶randa
1342 1467 1456 1496 morte
1472 1457 1576 1510 periit
1591 1471 1660 1495 una
1676 1470 1759 1495 cum
1776 1454 1866 1504 filio,
1882 1464 1988 1505 atque
2001 1453 2048 1492 ab
2061 1454 2170 1493 omni·
2189 1475 2217 1497 r.
2235 1465 2374 1507 Regma.

112 1521 345 1562 ἐπεὸούλευσε
359 1553 369 1570 ,
393 1523 453 1561 καὶ
468 1525 601 1563 ἀνελεῖν
621 1524 854 1578 ἐπεχείρησε;
871 1524 1071 1578 Μαρτύριόν
1093 1541 1147 1565 σοι

113 1582 154 1621 τὸ
173 1591 320 1635 πρᾶγμα
337 1583 535 1636 λογίζεται,
560 1585 600 1624 ἂν
627 1586 685 1625 τὸν
716 1586 916 1634 ἐπίὸουλον,
951 1587 1010 1625 καὶ
1041 1587 1147 1640 μέχρι

114 1644 277 1684 τοσούτου
303 1644 364 1692 τὴν
385 1645 511 1699 ἔχθραν
530 1647 743 1700 ἐξαγαγόντα
757 1679 767 1697 ,
796 1649 832 1686 ἐν
858 1654 929 1692 τοῖς
952 1649 1147 1703 εὐεργέταις

117 1708 268 1758 ἀριθμῇς
281 1737 290 1753 ,
309 1706 369 1744 καὶ
385 1708 546 1760 διατελῇς
564 1709 750 1761 εὐχόμενος
768 1709 856 1763 ὑπὲρ
876 1711 993 1759 αὐτοῦ,
1014 1709 1073 1748 καὶ
1087 1710 1145 1749 τὸν

115 1767 207 1806 Θεὸν
224 1766 309 1806 ἵλεω
327 1767 488 1820 γενέσθαι
502 1772 732 1822 παρακαλῶν.

176 2502 236 2549 Μὴ
268 2502 337 2555 γὰρ
358 2502 400 2550 δὴ
419 2507 519 2542 τοῦτο
545 2503 687 2554 ἴδωμεν,
706 2503 760 2542 ὅτι
779 2504 986 2544 διεκώλυσεν
1012 2509 1030 2544 δ
1057 2507 1148 2553 Θεὸς

121 2567 298 2614 σφαγῆναι
316 2564 372 2603 τὸν
390 2564 510 2612 Δαυὶδ,
529 2565 606 2602 ἀλλ’
627 2567 738 2603 ἐκεῖνο
753 2565 898 2614 σκόπει,
913 2566 966 2604 ὅτι
983 2569 1148 2619 τριπλοῦν

120 2624 179 2663 καὶ
199 2627 412 2677 τετραπλοῦν
438 2625 606 2678 στέφανον
626 2627 818 2680 μαρτυρίου
852 2627 1046 2675 ἀνεδήσατο
1080 2630 1150 2669 ἀπὸ

118 2688 180 2732 τῆς
207 2689 267 2724 τοῦ
291 2686 405 2724 ..Σαοὺλ
432 2686 630 2734 ἐπιδουλῆς.
657 2687 702 2727 Ὁ
720 2687 789 2740 γὰρ
816 2688 872 2727 διὰ
901 2689 960 2728 τὸν
982 2691 1072 2730 Θεὸν
1091 2692 1150 2731 τὸν

119 2747 287 2798 πολέμιον
316 2748 451 2795 σώζων,
473 2749 529 2787 τὸν
554 2749 647 2794 ἅπαξ
665 2750 725 2788 καὶ
748 2750 800 2795 δὶς
829 2750 889 2789 καὶ
913 2753 1084 2798 πολλάκις
1110 2754 1150 2793 τὸ
1171 2759 1195 2790 Β

122 2808 202 2861 δόρυ
229 2809 320 2847 κατὰ
340 2812 402 2855 τῆς
430 2813 533 2848 αὐτοῦ
562 2812 717 2863 κεφαλῆς
733 2812 965 2852 ἀκοντίσαντα
980 2843 991 2863 ,
1016 2814 1076 2853 καὶ
1090 2831 1147 2866 γε-

120 2870 262 2920 νόμενος
281 2869 397 2923 κύριος
424 2871 568 2920 ἀνελεῖν,
600 2865 675 2911 εἶτα
708 2875 938 2926 φεισάμενος,
971 2877 1030 2915 καὶ
1049 2879 1148 2915 ταῦτ’

121 2931 238 2978 εἰδὼς,
256 2930 310 2969 ὅτι
331 2930 421 2981 μετὰ
441 2932 504 2979 τὴν
519 2933 626 2985 φειδὼ
646 2935 777 2984 ταύτην
799 2936 906 2976 πάλιν
923 2938 1149 2986 ἐπιθήσεται,

121 2993 262 3039 εὔδηλον
280 2991 333 3030 ὅτι
350 2993 513 3045 μυριάκις
527 2993 662 3045 ἐσφάγη
676 2998 720 3047 τῇ
737 2997 916 3049 προθέσει·
935 2999 1099 3051 μυριάκις
1112 2999 1147 3038 δὲ

121 3053 263 3106 σφαγεὶς
282 3053 338 3091 διὰ
357 3053 415 3091 τὸν
435 3055 542 3100 Θεὸν,
570 3055 718 3100 πολλοὺς
746 3057 822 3110 ἔχει
850 3059 1042 3112 μαρτυρίου
1070 3075 1148 3098 στε-

122 3114 266 3166 φάνους,
290 3114 349 3152 καὶ
368 3114 454 3167 ὅπερ
470 3119 487 3153 ὃ
505 3117 644 3158 Παῦλος
659 3115 791 3167 ἔλεγεν,
814 3119 868 3157 ὅτι
889 3120 976 3158 Καθ’
996 3120 1148 3166 ἑκάστην

121 3175 257 3226 ἡμέραν
274 3175 511 3222 ὓιιίποθνήσκιι)
530 3176 587 3214 διὰ
617 3178 674 3216 τὸν
692 3179 796 3227 Θεὸν,
825 3184 927 3220 τοῦτο
955 3182 1014 3219 καὶ
1046 3181 1147 3225 αὐτὸς

122 3234 257 3287 ἔπασχε
286 3236 343 3275 διὰ
373 3237 431 3275 τὸν
465 3236 569 3276 Θεόν.
601 3239 800 3290 Δυνάμενος
826 3241 894 3294 γὰρ
925 3244 1058 3281 ἀνελεῖν
1089 3244 1147 3281 τὸν

124 3296 392 3336 ἐπιδουλεύοντα
404 3328 414 3346 ,
438 3299 496 3337 διὰ
514 3299 573 3337 τὸν
593 3300 685 3339 Θεὸν
713 3303 775 3339 οὐκ
791 3302 979 3351 ἠθέλησεν·
998 3307 1074 3343 ἀλλ’
1096 3304 1146 3342 εἵ-

168 3430 181 3444 ³
205 3419 254 3451 Ex
272 3431 337 3453 uno
354 3420 458 3465 Regio
474 3422 521 3454 sic
537 3421 690 3455 restituta
706 3424 804 3457 series
820 3423 894 3458 suit.

1214 1519 1283 1558 bus
1301 1519 1540 1572 vituperatur,
1561 1527 1595 1557 et
1612 1518 1711 1570 quod
1728 1517 1785 1555 his
1804 1516 1950 1570 gravius
1969 1526 2032 1567 est,
2046 1526 2176 1556 aeterna

1214 1580 1282 1618 luit
1308 1580 1511 1633 supplicia?
1530 1582 1712 1619 Postremo
1734 1579 1823 1631 quid
1842 1578 1986 1617 tandem
2010 1577 2177 1630 estquod

1212 1642 1376 1690 incusas,
1409 1642 1642 1693 quamobrem
1669 1655 1740 1679 non
1767 1641 1825 1680 vis
1857 1654 1939 1678 cum
1969 1639 2032 1678 illo
2061 1639 2178 1679 redire

1213 1703 1250 1742 in
1281 1703 1464 1755 gratiam?
1490 1703 1663 1741 Pecunias
1693 1702 1852 1755 eripuit?
1881 1701 1952 1741 Sed
1982 1701 2011 1740 si
2039 1701 2178 1740 fortiter

1213 1766 1349 1818 perfers
1368 1766 1551 1818 rapinam,
1570 1764 1795 1803 tantumdem
1818 1763 1970 1816 accipies
1987 1762 2176 1812 mercedis,

1211 1840 1252 1864 ac
1279 1826 1308 1864 si
1329 1840 1387 1864 eas
1414 1825 1450 1863 in
1478 1839 1604 1863 manus
1628 1838 1828 1878 pauperum
1854 1824 2081 1877 reposuisses.
2114 1823 2171 1863 Si-

1212 1886 1357 1939 quidem
1374 1887 1487 1939 etqui
1509 1886 1608 1926 dedit
1623 1886 1755 1939 egenis,
1775 1895 1808 1925 et
1826 1885 1889 1937 qui
1911 1884 1943 1924 ei
1970 1884 2033 1936 qui
2059 1884 2175 1924 aliena
2246 1898 2306 1926 cur
2328 1909 2381 1937 pa-

1212 1949 1413 2001 usurpavit,
1433 1962 1548 2000 neque
1564 1957 1666 2001 parat
1679 1948 1840 1998 insidias,
1856 1961 1969 1999 neque
1983 1946 2077 1985 male
2090 1961 2174 2001 pre-
2190 1942 2308 2011 32³3!ssss
2316 1951 2382 2009 ¹¹:¹2]

1210 2020 1332 2060 catur,
1350 2011 1457 2050 ambo
1485 2019 1631 2064 propter
1657 2011 1774 2049 Deum
1791 2009 1831 2049 id
1849 2010 1997 2049 faciunt.
2021 2008 2176 2049 Proinde
2190 2030 2239 2053 tur
2253 1993 2380 2052 ριυρῗηο-

1212 2087 1294 2111 cum
1332 2072 1510 2126 impendii
1546 2086 1653 2110 causa
1685 2071 1825 2118 eadem,
1861 2071 2092 2126 perspicuum
2124 2079 2177 2110 est
2191 2076 2280 2105 ⁵5¹¹ss-

1216 2148 1325 2173 unam
1342 2134 1573 2186 eamdemque
1591 2134 1666 2173 fore
1695 2147 1872 2173 coronam.
1893 2134 1966 2173 Sed
1987 2133 2072 2173 vitae
2092 2133 2178 2172 insi-

1216 2196 1336 2234 diatus
1366 2204 1418 2234 est
1431 2226 1442 2245 ,
1462 2205 1496 2234 et
1524 2205 1672 2234 conatus
1690 2204 1743 2235 est
1761 2195 1947 2234 occidere?
1966 2195 2019 2234 Ea
2037 2209 2094 2234 res
2112 2195 2178 2235 tibi

1216 2271 1282 2310 pro
1298 2257 1473 2310 martyrio
1487 2256 1738 2310 imputabitur,
1754 2257 1784 2295 si
1798 2256 1947 2295 insidias
1961 2256 2179 2307 molientem,

1216 2327 1251 2356 et
1266 2318 1313 2356 ad
1324 2327 1460 2356 tantam
1478 2327 1687 2370 provectum
1706 2318 1947 2368 inimicitiam,
1965 2318 2056 2358 inter
2068 2318 2177 2358 bene-

1218 2379 1362 2418 meritos
1404 2379 1603 2418 numeraris
1617 2408 1628 2429 ‚
1667 2393 1738 2418 non
1774 2379 1939 2419 desinens
1978 2393 2079 2419 orare
2114 2394 2179 2434 pro

1217 2440 1295 2492 illo,
1314 2442 1431 2479 Deum
1446 2440 1679 2491 obsecrando,
1698 2450 1739 2479 ut
1757 2441 1812 2479 illi
1829 2440 1894 2480 fiat
1909 2441 2098 2494 propitius.

1271 2504 1308 2542 4.
1329 2504 1383 2541 Ne
1401 2502 1513 2555 igitur
1532 2501 1626 2540 illud
1642 2511 1861 2555 reputemuS,
1881 2502 1977 2553 quod
1993 2504 2092 2541 Deus
2109 2516 2180 2543 ve-

1219 2564 1327 2603 tuerit
1345 2578 1389 2602 ne
1405 2563 1582 2602 Davidem
1603 2564 1778 2602 occideret
1796 2564 1900 2604 Sa'ul:
1915 2563 1977 2603 sed
1990 2564 2085 2603 illud
2099 2579 2179 2604 con-

1221 2625 1336 2665 sidera
1348 2655 1358 2675 ,
1373 2639 1455 2663 eum
1470 2639 1516 2663 ex
1534 2625 1674 2663 insidiis
1694 2625 1814 2664 Sa'ulis
1833 2625 1939 2678 tripla
1960 2626 2179 2679 quadrupla-

1222 2702 1290 2739 que
1311 2687 1475 2739 martyrii
1503 2701 1630 2725 corona
1658 2687 1868 2725 redimitum
1888 2687 2009 2727 fuisse.
2036 2688 2179 2726 Etenim

1221 2749 1281 2800 qui
1301 2758 1446 2801 propter
1464 2749 1581 2786 Deum
1599 2749 1758 2788 servavit
1775 2749 1926 2797 hostem,
1944 2763 2026 2787 eum
2046 2750 2108 2801 qui
2128 2764 2180 2788 se-

1220 2812 1303 2860 mel,
1317 2811 1388 2861 bis,
1408 2811 1480 2849 imo
1502 2811 1703 2862 frequenter
1718 2811 1881 2849 lanceam
1901 2811 1936 2849 in
1956 2821 2062 2864 caput
2082 2811 2180 2850 illius

1219 2873 1390 2921 vibrarat,
1406 2886 1488 2910 cum
1506 2881 1594 2910 esset
1607 2871 1794 2910 occidendi
1814 2871 2022 2925 potestatem
2038 2882 2175 2921 nactus,

1222 2942 1337 2972 tamen
1360 2933 1518 2986 pepercit
1556 2932 1640 2986 ipsi,
1663 2947 1745 2971 cum
1763 2934 1870 2972 sciret
1891 2943 2012 2986 postea
2031 2934 2117 2983 sore,
2138 2943 2177 2971 ut

1220 2996 1338 3034 denuo
1361 2996 1406 3033 ab
1426 2995 1489 3032 illo
1509 2994 1761 3048 impeteretur:
1781 2996 2011 3048 perspicuum
2027 3005 2077 3035 est
2095 3010 2176 3034 eum

1220 3058 1350 3096 millies
1367 3057 1589 3095 interfectum
1605 3071 1680 3095 csse
1697 3057 1807 3095 animi
1826 3058 2028 3111 proposito;
2048 3057 2177 3095 millies

1219 3128 1337 3157 autem
1356 3118 1559 3156 interfectus
1583 3128 1727 3171 propter
1747 3120 1877 3166 Deum,
1901 3119 2073 3172 plurimas
2094 3117 2177 3154 tulit

1220 3179 1385 3232 martyrii
1401 3193 1547 3217 coronas
1564 3195 1571 3215 τ
1586 3179 1647 3231 qui
1666 3180 1969 3231 quemadmodum
1989 3189 2022 3217 ct
2042 3178 2175 3216 Paulus
2209 3195 2213 3201 ·

1219 3242 1282 3290 ait,
1310 3242 1492 3292 Quotidie
1514 3243 1658 3278 morior
1671 3250 1829 3293 propter
1848 3243 1988 3286 Deum,
2013 3238 2172 3291 idipsum
2189 3250 2276 3280 Rom.
2293 3251 2379 3281 826.

1219 3312 1250 3340 et
1270 3303 1330 3341 illc
1350 3312 1495 3355 propter
1512 3304 1627 3341 Deum
1646 3317 1770 3355 passus
1789 3311 1852 3340 est.
1873 3302 1964 3339 Cum
1982 3301 2076 3341 enim
2093 3315 2172 3354 pos·
