2516 3791
312 170 402 216 292
763 170 796 200 S.
829 171 1013 201 JOANNIS
1049 170 1284 201 CHRYSOST.

308 251 427 289 adhuc
449 260 564 289 tamen
595 251 641 289 ob
667 252 921 290 abundantiam
951 266 1124 302 aquarum
1151 251 1257 288 etiam

309 313 485 350 montium
512 313 695 351 eacumina
725 314 812 350 limo
843 314 946 364 plena
968 312 1091 349 fuisse.
1113 311 1161 348 Et
1178 310 1258 347 ideo

308 373 472 410 columba
490 373 648 410 nondum
663 382 766 421 stare,
783 386 895 422 neque
908 371 1176 409 convenientem
1189 369 1258 408 sihi

306 434 429 471 cibum
449 434 604 471 invenire
632 434 767 481 valens,
791 446 930 470 reversa
962 440 1025 480 est,
1048 431 1165 469 reditu
1193 445 1258 468 suo

306 494 435 532 docens
461 495 615 545 justum,
645 506 719 530 esse
744 491 862 529 adhuc
888 506 1054 544 magnam
1085 506 1258 544 aquarum

308 554 458 605 copiam.
497 555 551 590 Et
586 561 758 599 attenta,
797 552 926 604 inquit,
957 567 1077 590 manu
1111 555 1259 604 accepit

307 615 434 659 illam,
458 622 494 650 et
522 614 739 650 introduxit
769 614 882 651 illam
911 614 965 651 ad
991 627 1031 652 se
1051 616 1092 651 in
1108 627 1256 651 arcam.

306 674 443 713 Vidisti
470 683 602 724 quanta
632 674 709 712 avis
736 677 983 725 mansuetudo,
1005 675 1183 726 quomodo
1203 690 1259 713 re-

305 735 407 772 diens
433 735 573 786 justum
607 735 743 784 docuit,
778 745 817 773 ut
851 736 1108 789 aliquantisper
1139 736 1314 789 adhuc250

305 795 614 847 longanimitatem
638 796 849 834 exhiheret?
872 797 971 845 Ideo,
999 799 1063 836 10.
1096 799 1150 835 Et
1169 812 1256 836 cum
1277 801 1302 830 A

305 858 561 903 sustinuisset,
585 857 715 907 inquit,
740 859 869 895 adhuc
884 867 1025 910 septem
1044 860 1140 908 dies,
1161 862 1256 896 emi-

306 919 355 954 sit
373 917 591 954 columbam
609 932 656 955 ex
671 932 778 956 arca.
800 921 862 957 11.
880 921 933 957 Et
952 933 1106 957 reversa
1125 928 1180 957 est
1201 921 1256 957 ad

305 980 428 1029 ipsum
446 979 627 1016 columba
655 980 708 1016 ad
735 994 951 1031 vesperam,
976 990 1012 1018 et
1033 981 1255 1032 habuitfo-

306 1038 401 1075 lium
422 1039 534 1076 olivae
554 1040 750 1077 surculum
770 1043 811 1077 in
831 1054 894 1078 ore
922 1054 1002 1078 suo.
1024 1041 1103 1078 Non
1123 1041 1255 1091 absque

305 1098 452 1148 ratione,
467 1114 580 1150 neque
597 1109 726 1139 temere
745 1101 922 1153 adjunxit,
938 1103 1011 1139 Ad
1025 1109 1226 1153 vesperam
1242 1118 1251 1138 :

306 1158 368 1196 sed
387 1169 424 1197 ut
443 1159 635 1209 discamus,
655 1175 731 1199 eam
750 1170 821 1199 tota
843 1161 901 1200 die
916 1172 1054 1214 pastam
1071 1162 1201 1211 fuisse,
1221 1172 1254 1201 et

306 1219 450 1258 invento
469 1221 538 1258 sibi
557 1222 777 1260 convenienti
803 1223 883 1261 cibo
897 1253 906 1270 ,
925 1223 971 1260 ad
987 1238 1171 1276 vesperam
1193 1238 1252 1261 re-

304 1277 434 1328 diisse,
455 1280 491 1317 in
519 1294 578 1318 ore
603 1281 771 1318 ferentem
803 1281 985 1319 surculum
1016 1282 1134 1319 olivae.
1165 1282 1254 1319 Tale

304 1339 437 1392 quippe
459 1341 591 1379 animal
610 1350 676 1392 est,
695 1342 793 1390 mite,
814 1351 847 1380 et
868 1351 987 1380 nostra
1012 1342 1254 1380 familiaritate

304 1401 481 1452 gauden53
499 1411 532 1440 et
551 1402 682 1440 idcirco
698 1402 820 1452 rediit,
834 1411 866 1440 et
879 1403 980 1441 olivae
997 1403 1140 1440 surculo
1159 1403 1252 1441 mul-

304 1472 382 1500 tum
395 1463 617 1516 solatiijusto
633 1464 764 1503 attulit.
781 1464 850 1503 Sed
867 1464 1002 1502 dixerit
1018 1465 1164 1503 fortasse
1182 1465 1250 1502 ali-

303 1523 464 1574 quiszEt
492 1524 639 1562 ubinam
662 1524 797 1562 invenit
822 1525 947 1562 folium
968 1525 1096 1563 olivae?
1119 1528 1253 1564 Totum

303 1584 371 1621 hoc
398 1585 533 1622 factum
563 1595 615 1623 est
644 1585 905 1637 dispensatione
938 1586 1076 1634 divina,
1102 1596 1135 1624 et
1157 1588 1253 1637 quod

302 1644 468 1682 columba
491 1645 681 1696 invenerit,
704 1655 738 1683 et
758 1647 855 1697 quod
874 1661 933 1685 ore
961 1648 1132 1698 receperit
1157 1658 1189 1685 et
1209 1648 1254 1686 ad

299 1707 438 1756 justum
456 1720 594 1743 reversa
608 1707 839 1757 sitzalioquin
854 1717 887 1745 et
903 1707 1009 1745 arbor
1025 1708 1102 1745 haec
1116 1723 1255 1761 semper

303 1765 421 1803 virens
447 1775 512 1817 est,
547 1766 812 1818 verisimileque
839 1777 903 1816 est,
934 1777 1124 1820 postquam
1151 1783 1253 1819 aquae

302 1838 468 1875 regressae
499 1834 595 1875 sunt,
626 1826 787 1863 arborem
816 1826 909 1864 hane
939 1826 1059 1864 adhue
1088 1826 1254 1864 habuisse

302 1885 471 1923 foliorum
483 1900 633 1925 comam.
649 1889 710 1925 12
729 1889 781 1925 Et
799 1896 840 1925 ut
855 1890 1106 1939 exspectavit,
1124 1888 1253 1938 inquit,

302 1948 433 1985 adhuc
452 1957 594 1999 septem
623 1948 723 1986 alios
754 1950 849 1996 dies,
871 1951 997 1986 emisit
1017 1949 1251 1999 columbam,

304 2017 339 2046 et
356 2023 433 2046 non
450 2010 592 2061 adjecit
616 2018 657 2047 ut
676 2010 731 2046 ad
746 2011 857 2047 illum
876 2011 1029 2048 rediret.
1052 2009 1145 2048 Vide
1163 2025 1252 2061 quo·
1275 2021 1298 2051 C

304 2069 408 2106 inodo
423 2070 542 2121 justus
563 2070 598 2106 in
619 2070 784 2120 omnibus
803 2070 1076 2108 consolationem
1092 2070 1255 2109 idoneam

303 2129 464 2181 accipiat.
482 2131 574 2167 Nam
596 2139 633 2167 ut
649 2130 741 2168 bona
761 2145 822 2182 spe
835 2140 1011 2168 recreatus
1027 2140 1090 2180 est,
1104 2145 1185 2169 eum
1203 2146 1255 2169 re-

304 2189 412 2236 diret,
434 2199 466 2227 et
483 2190 586 2228 olivae
608 2190 735 2228 folium
755 2191 790 2228 iu
811 2205 871 2228 ore
888 2192 994 2229 ferret
1011 2191 1080 2229 :ita
1100 2201 1134 2229 et
1163 2206 1256 2230 nuuc

306 2264 388 2287 eum
406 2264 542 2301 egressa
572 2265 640 2288 uon
662 2250 770 2297 redit,
790 2251 990 2289 maximum
1009 2252 1061 2289 illi
1081 2252 1255 2291 iudicium

305 2309 388 2358 fuit,
409 2322 486 2346 eam
502 2308 738 2346 sufficientem
759 2308 934 2346 invenisse
955 2309 1255 2359 refocillationem,

304 2378 338 2406 et
356 2384 466 2420 aquas
484 2369 520 2407 in
541 2369 748 2407 universum
767 2369 922 2408 desiisse.
946 2369 991 2406 Et
1011 2370 1078 2407 hoc
1100 2370 1145 2407 ita
1165 2385 1252 2421 esse,

305 2429 387 2468 audi
405 2445 450 2468 ex
467 2430 704 2481 sequentibus.
726 2431 787 2467 15.
803 2432 1021 2482 Etsactum
1035 2440 1104 2478 est,
1125 2432 1252 2483 inquit,

305 2494 346 2528 in
363 2505 439 2528 uno
455 2500 491 2529 et
504 2493 779 2529 sescentesimo
793 2505 898 2528 anno
912 2495 1005 2529 vitae
1019 2493 1116 2538 Noe,
1131 2496 1254 2543 primo

306 2565 436 2589 mense
454 2552 594 2603 defecit
613 2565 718 2603 aqua
733 2552 875 2603 asacie
894 2560 1016 2589 terroe.
1036 2554 1072 2590 E
1076 2561 1089 2589 t
1105 2557 1254 2604 aperuit

306 2613 390 2650 Noe·
406 2621 544 2650 tectum
561 2626 662 2650 arcae
680 2613 784 2663 quod
798 2613 961 2663 fecerat,
980 2622 1016 2651 et
1036 2614 1136 2651 vidit
1152 2616 1256 2666 quod
1276 2633 1299 2661 1)

306 2674 447 2726 defecit
466 2687 572 2725 aqua
592 2687 616 2710 a
633 2674 741 2726 facie
763 2681 883 2710 εει-ηε.

357 2803 395 2842 5.
417 2803 550 2840 Iterum
578 2802 637 2840 hic
663 2817 719 2840 me
748 2811 871 2855 stupor
896 2802 1049 2853 invadit,
1077 2813 1115 2842 ut
1136 2804 1253 2842 admi—

303 2864 374 2904 rari
398 2878 504 2915 cogar
527 2864 614 2916 justi
633 2864 740 2915 liujus
760 2864 942 2913 virtutem,
963 2874 996 2902 et
1013 2865 1079 2902 Dei
1099 2866 1250 2903 clemen-

302 2925 400 2963 tiam.
417 2923 605 2970 Quomodo
622 2925 729 2971 cnim,
747 2939 878 2975 quaeso,
896 2935 972 2977 post
999 2935 1134 2964 tautum
1157 2936 1249 2964 tem—

301 3000 382 3037 pus,
405 2994 442 3022 ut
466 2999 501 3023 se
521 2986 592 3022 aeri
613 2986 810 3034 commisit,
830 2996 863 3024 et
895 2987 1017 3025 oculos
1049 2987 1093 3025 ad
1123 2989 1250 3026 caelum

298 3045 530 3097 spectandum
556 3045 721 3096 intendit,
744 3061 812 3083 non
847 3057 970 3099 captus
999 3058 1050 3086 est
1081 3049 1194 3086 oculis
1216 3059 1250 3086 ct

297 3107 519 3144 excaecatus?
535 3106 647 3144 Probe
667 3120 818 3157 namque
837 3108 947 3156 scitis,
964 3108 1030 3146 hoc
1047 3109 1250 3160 contingere

294 3168 501 3207 hominibus
523 3168 644 3215 solere,
662 3169 767 3206 ctiam
787 3169 832 3206 ad
852 3184 1001 3221 parvam
1020 3170 1090 3208 (liei
1111 3181 1248 3223 partem

291 3229 330 3270 in
343 3229 534 3268 tenebrosis
554 3229 825 3281 caliginosisque
845 3231 930 3269 locis
945 3232 1149 3284 agentibus,
1166 3247 1249 3270 cum

291 3291 410 3330 subito
429 3290 464 3329 in
487 3291 576 3328 lucis
593 3291 768 3343 fulgorem
788 3293 946 3345 aspicere
971 3294 1108 3333 xoluut.
1124 3296 1248 3335 Justus

328 3410 340 3425 ³
369 3397 430 3432 Alii
447 3401 659 3440 lrrcEe‘51002c-

1318 170 1342 198 A
1350 171 1431 200 Rcu
1439 169 1507 198 1131>
1516 188 1526 197 .
1565 167 1902 199 CONSTANTINOP
1912 190 1920 199 .

1329 249 1463 287 ὑδάτων
1492 248 1552 286 καὶ
1571 249 1674 286 αὐταὶ
1691 252 1761 287 τῶν
1779 250 1886 303 ὁρέων
1903 254 1937 288 αἱ
1951 251 2100 303 κεφαλαὶ
2120 252 2361 304 βορὸορώδεις,

1329 309 1352 353 ἢ
1372 308 1615 358 τελματώδους
1645 309 1736 353 ἰλύος
1757 304 1845 356 ἦσαν
1868 312 2154 363 πεπληρωμέναι.
2186 314 2249 351 Διὸ
2283 312 2359 351 οὐδὲ

1331 370 1454 416 στῆναί
1482 385 1548 407 που
1570 369 1746 421 ἰσχύσασα
1775 375 1797 418 ἡ
1824 373 2032 425 περιστερὰ,
2054 373 2128 412 οὐδὲ
2149 373 2279 424 τροφὴν
2299 389 2362 410 κα-

1329 429 1501 476 τάλληλον
1522 432 1632 481 εὑρεῖν
1658 431 1831 481 δυναμένη
1846 463 1854 476 ,
1876 430 2091 484 ὑπέστρεψε,
2112 433 2168 471 διὰ
2187 436 2249 479 τῆς
2269 436 2360 471 ἐπα-

1329 491 1427 528 νόδου
1464 490 1676 529 διδάσκουσα
1715 491 1772 528 τὸν
1807 490 1938 529 δίκαιον
1953 521 1962 539 ,
1996 495 2043 535 ὡς
2076 493 2126 530 ἔτι
2153 493 2265 539 πολλὴ
2291 497 2361 530 τῶν

1329 552 1463 590 ὑδάτων
1483 551 1574 589 ἐστὶν
1591 555 1614 598 ἡ
1631 550 1732 602 φορά.
1753 551 1821 588 Καὶ
1841 550 2015 598 ἐκτείνας,
2036 553 2142 604 φησὶ,
2168 552 2232 599 τὴν
2258 559 2361 605 χεῖρα

1327 612 1450 650 ἔλαὸεν
1472 611 1596 659 αὐτὴν,
1632 612 1691 648 καὶ
1718 611 1901 663 εἰσήγαγεν
1923 611 2030 658 αὐτὴν
2051 613 2135 664 πρὸς
2161 614 2281 651 ἑαυτὸν
2313 615 2361 656 εἰς

1328 673 1391 719 τὴν
1406 672 1568 711 κιῧωτόν.
1590 665 1690 715 Εἶδες
1722 671 1815 719 πόση
1836 677 1896 710 τοῦ
1915 672 2032 723 ὀρνέου
2052 676 2073 719 ἦ
2096 673 2336 724 εὐγνωμοσύνη
2350 702 2361 719 ,

1328 737 1402 777 πῶς
1433 735 1671 772 ἐπανελθοῦσα
1705 733 1763 771 διὰ
1796 736 1858 779 τῆς
1891 732 2083 784 παρουσίας
2109 734 2269 773 ἐδίδασκε
2301 735 2360 772 τὸν

1327 794 1459 831 δίκαιον
1484 793 1535 831 ἔτι
1563 793 1643 831 τινὰ
1676 793 1804 845 μικρὰν
1838 794 2079 844 μακροθυμίαν
2099 794 2361 840 εἐ’νδείξάσθαι,

1326 855 1410 902 Διὸ,
1429 855 1501 892 Καὶ
1527 853 1706 906 ἐπισχὼν,
1726 854 1850 906 φησὶν,
1880 854 1931 891 ἔτι
1963 854 2052 892 ἑπτὰ
2080 855 2214 908 ἡμέρας
2233 855 2360 899 ἐξαπέ-

1325 917 1439 954 στειλε
1456 915 1518 962 τὴν
1539 915 1751 968 περιστερὰν
1768 917 1807 953 ἐκ
1820 919 1880 961 τῆς
1901 915 2064 954 κιίωτοῦ.
2086 917 2155 953 Καὶ
2171 916 2361 969 ἀνέστρεψε

1324 976 1410 1029 πρὸς
1426 977 1527 1014 αὐτὸν
1548 980 1570 1022 ἡ
1586 977 1778 1028 περιστερὰ
1797 977 1882 1029 πρὸς
1906 977 2054 1028 ἑσπέραν
2068 1007 2078 1024 ,
2097 977 2156 1014 καὶ
2180 971 2252 1029 εἶχε
2273 978 2360 1029 ψύλ-

1324 1038 1382 1074 λον
1407 1036 1526 1079 ἐλαίας
1543 1036 1672 1088 κάριρος
1691 1038 1724 1074 ἐν
1742 1039 1792 1088 τῷ
1813 1037 1962 1087 στόματι
1994 1039 2113 1084 αὐτῆς.
2141 1038 2222 1089 Οὐχ
2241 1039 2361 1081 ἁπλῶς

1325 1099 1472 1135 ἐνταῦθα
1486 1098 1563 1134 οὐδὲ
1583 1099 1660 1148 εἰκῇ
1690 1103 1802 1134 κεῖται
1827 1098 1888 1144 τὸ,
1907 1098 2003 1149 Πρὸς
2023 1097 2186 1149 ἑσπέραν,
2206 1097 2284 1135 ἀλλ’
2304 1098 2361 1135 ἵνα

1327 1158 1493 1209 μάθωμεν
1512 1157 1565 1195 ὅτι
1581 1157 1638 1195 διὰ
1658 1157 1774 1204 πάσης
1792 1161 1854 1204 τῆς
1871 1158 2006 1209 ἡμέρας
2022 1160 2253 1209 διατραφεῖσα
2269 1188 2278 1205 ,
2301 1159 2362 1196 καὶ

1325 1219 1474 1271 εὑροῦσά
1489 1234 1565 1256 τινα
1588 1218 1809 1265 κατάλληλον
1833 1218 1988 1266 δίαιταν,
2008 1218 2098 1256 κατὰ
2122 1219 2185 1265 τὴν
2209 1219 2362 1272 ἑσπέραν

1325 1281 1516 1326 ἐπανῆλθεν
1539 1279 1594 1317 ἐπὶ
1614 1283 1673 1318 τοῦ
1701 1279 1875 1329 στόματος
1896 1278 2047 1330 φέρουσα
2072 1279 2201 1331 κάρφος
2228 1280 2359 1324 ἐλαίας.

1324 1343 1488 1379 Τοιοῦτον
1510 1341 1578 1394 γὰρ
1597 1340 1636 1378 τὸ
1654 1343 1756 1387 ζῶον,
1785 1340 1930 1393 ἥμερον,
1947 1341 2005 1378 καὶ
2031 1341 2085 1378 ἀεὶ
2101 1340 2163 1387 τὴν
2179 1341 2363 1387 συνήθειαν

1323 1403 1522 1448 ἐπιζητοῦν·
1555 1401 1612 1439 διά
1632 1416 1685 1439 τοι
1704 1406 1804 1439 τοῦτο
1825 1401 1885 1438 καὶ
1905 1400 2119 1454 ὑπέστρεψε,
2139 1401 2199 1439 καὶ
2220 1401 2276 1438 διὰ
2298 1407 2358 1439 τοῦ

1323 1463 1475 1515 κάρφους
1498 1465 1560 1508 τῆς
1591 1462 1708 1506 ἐλαίας
1731 1461 1864 1507 πολλὴν
1885 1462 2110 1513 παραμυθίαν
2140 1461 2284 1512 ἐκόμισε
2306 1465 2358 1514 τῷ

1325 1523 1459 1575 δικαίῳ.
1479 1523 1570 1560 Ἀλλ’
1599 1522 1683 1566 ἴσως
1713 1523 1753 1560 ἄν
1773 1539 1825 1565 τις
1847 1522 1956 1560 εἴποι·
1989 1523 2048 1560 καὶ
2074 1522 2176 1560 πόθεν
2205 1517 2282 1576 εὑρε
2319 1524 2360 1561 τὸ

1325 1584 1451 1636 φύλλον
1473 1588 1535 1630 τῆς
1557 1583 1693 1630 ἐλαίας,
1715 1584 1768 1621 Τὸ
1789 1583 1850 1633 μὲν
1869 1589 1937 1621 πᾶν
1955 1584 2086 1635 ἐγίνετο
2102 1587 2163 1630 τῆς
2187 1589 2247 1622 τοῦ
2264 1586 2358 1622 Θεοῦ

1324 1645 1540 1696 οἰκονομίας,
1563 1645 1623 1682 καὶ
1643 1645 1681 1682 τὸ
1697 1647 1896 1697 εὑρεθῆναι,
1912 1644 1971 1682 καί
1998 1645 2036 1682 τὸ
2064 1643 2126 1690 τὴν
2145 1646 2355 1697 περιστερὰν

1322 1707 1499 1744 λαὸοῦσαν
1521 1706 1578 1744 ἐπὶ
1606 1709 1666 1743 τοῦ
1698 1705 1871 1755 στόματος
1902 1707 2101 1743 ἐπανελθεῖν
2132 1706 2237 1743 πάλιν
2271 1707 2358 1758 πρὸς

1323 1767 1380 1805 τὸν
1397 1766 1526 1804 δίκαιον
1543 1782 1550 1789 ·
1573 1767 1686 1809 ἄλλως
1713 1765 1747 1803 δὲ
1771 1766 1831 1804 καὶ
1860 1766 1898 1803 τὸ
1917 1766 2052 1817 δένδρον
2070 1766 2226 1809 ἀειθαλές
2259 1767 2354 1814 ἐστι,

1324 1828 1383 1865 καὶ
1404 1827 1512 1875 εἰκὸς,
1535 1831 1603 1865 τῶν
1634 1826 1767 1865 ὑδάτων
1798 1826 2125 1873 ὑπονοστησοίντων,
2146 1826 2197 1863 ἔτι
2218 1827 2256 1864 τὸ
2276 1827 2355 1864 δέν-

1324 1891 1402 1941 δρον
1421 1889 1483 1936 τὴν
1503 1892 1570 1927 τῶν
1593 1889 1731 1942 (ρύλλων
1751 1888 1843 1941 ἔχειν
1859 1889 1985 1938 κόμην.
2010 1889 2079 1926 Καὶ
2101 1887 2268 1939 ἐπισχιὼν,
2283 1904 2355 1939 ’ρη-

1325 1951 1393 1998 σὶν,
1411 1951 1461 1989 ἔτι
1482 1951 1572 1989 ἑπτὰ
1587 1951 1722 2002 ἡμέρας
1739 1950 1857 2002 ἑτέρας
1873 1948 2092 1993 ἐξαπέστειλε
2114 1948 2176 1995 τὴν
2197 1965 2357 2002 περιστε-

1326 2012 1405 2064 ρὰν,
1426 2012 1485 2050 καὶ
1505 2015 1541 2050 οὐ
1561 2012 1750 2063 προσέθετο
1768 2016 1828 2049 τοῦ
1849 2011 2055 2062 ἐπιστρέψαι
2076 2011 2160 2063 πρὸς
2177 2011 2278 2048 αὐτὸν
2294 2012 2358 2049 ἔτι,

1324 2073 1420 2125 ἰὈροι
1434 2074 1490 2111 διὰ
1505 2073 1644 2111 πάντων
1663 2073 1720 2110 τὸν
1735 2072 1864 2110 δίκαιον
1885 2072 2007 2118 ἱκανὴν
2022 2071 2248 2123 παραμυθίαν
2265 2074 2357 2122 λαμ-

1325 2134 1484 2172 ὃάνοντα.
1505 2134 1648 2186 Ἵὶσπερ
1677 2134 1743 2187 γὰρ
1763 2133 2016 2179 ἐπανελθούσης
2053 2135 2180 2179 αὐτῆς,
2209 2133 2268 2171 καὶ
2298 2134 2357 2172 ἐπὶ

1325 2199 1384 2232 τοῦ
1406 2195 1578 2245 στόματος
1610 2195 1779 2248 φερούσης
1801 2194 1839 2231 τὸ
1867 2193 1993 2246 φύλλον
2020 2197 2081 2240 τῆς
2110 2193 2245 2241 ἐλαίας,
2265 2209 2353 2245 χρη-

1325 2254 1409 2298 στὰς
1431 2249 1504 2307 εἶχε
1524 2255 1585 2298 τὰς
1615 2256 1778 2303 ἐλπίδας,
1801 2254 1889 2293 οὕτω
1919 2256 1977 2292 καὶ
2006 2258 2064 2292 νῦν
2092 2255 2131 2292 τὸ
2151 2254 2353 2298 ἐξελθοῦσαν

1325 2314 1373 2365 μὴ
1394 2315 1611 2367 ὑποστρέψαι
1627 2316 1750 2361 πάλιν,
1766 2317 1890 2366 δεῖγμα
1907 2316 2069 2366 μέγιστον
2089 2317 2184 2368 αὐτῷ
2204 2321 2354 2368 παρεῖχε

1324 2380 1383 2414 τοῦ
1401 2376 1532 2422 πολλὴν
1554 2376 1662 2422 αὐτὴν
1694 2377 1876 2428 εὑρηκέναι
1903 2376 1966 2421 τὴν
2002 2377 2138 2422 ἄνεσιν,
2166 2376 2225 2414 καὶ
2257 2377 2353 2423 λ’ἦξιν

1323 2441 1531 2490 γεγενῆσθαι
1554 2441 1620 2475 τῶν
1638 2437 1772 2475 ὑδάτων
1789 2440 1956 2484 παντελῆ.
1970 2438 2039 2476 Καὶ
2067 2437 2121 2476 ὅτι
2147 2438 2247 2477 τοῦτό
2261 2440 2354 2476 ἐστιν

1325 2498 1448 2545 ἀληθὲς
1460 2529 1468 2545 ,
1489 2499 1636 2536 ἄκουσον
1655 2502 1723 2536 τῶν
1741 2498 1829 2544 ἑξῆς.
1848 2499 1917 2536 Καὶ
1938 2499 2073 2549 ἐγένετο
2086 2528 2095 2545 ,
2113 2499 2217 2550 φησὶ,
2238 2501 2286 2550 τῷ
2304 2499 2353 2536 ἑνὶ

1324 2560 1383 2597 καὶ
1405 2560 1633 2612 ἓξακοσιοστῷ
1655 2560 1724 2597 ἔτει
1746 2561 1780 2596 ἐν
1796 2563 1838 2610 τῇ
1857 2562 1926 2610 ζωῇ
1947 2563 2006 2596 τοῦ
2022 2561 2100 2616 3Νῶε
2112 2588 2121 2605 ,
2143 2563 2201 2596 τοῦ
2213 2559 2352 2610 πρώτου

1326 2620 1452 2669 μηνὸς,
1471 2619 1606 2663 ἐξέλιπε
1635 2620 1673 2657 τὸ
1700 2619 1791 2670 ὕδωρ
1819 2619 1887 2656 ἀπὸ
1902 2618 2090 2670 προσώπου
2110 2621 2171 2664 τῆς
2190 2622 2264 2667 γῆς.
2284 2621 2353 2656 Καὶ

1325 2682 1527 2732 ἁπεκάλυψε
1543 2682 1622 2718 Νῶε
1642 2679 1703 2726 τὴν
1720 2680 1845 2730 στέγην
1863 2681 1925 2723 τῆς
1945 2678 2113 2726 κιῧωτοῦ,
2129 2679 2171 2725 ἣν
2187 2679 2328 2726 ἐποίησε
2341 2709 2350 2726 ,

1323 2741 1381 2777 καὶ
1401 2736 1486 2778 εἶδεν
1503 2740 1555 2778 ὅτι
1576 2740 1709 2784 ἐξέλιπε
1726 2740 1764 2777 τὸ
1782 2739 1874 2789 ὕδωρ
1892 2740 1961 2776 ἀπὸ
1982 2738 2170 2789 προσώπου
2186 2742 2247 2785 τῆς
2272 2742 2349 2790 γῆς.

1378 2802 1490 2839 Πάλιν
1520 2804 1665 2839 ἐνταῦθα
1685 2800 1797 2838 ἔπεισί
1819 2816 1877 2850 μοι
1908 2801 2096 2850 θαυμάζειν
2116 2800 2175 2837 καὶ
2195 2801 2351 2847 ἐκπλήτ-

1322 2866 1440 2900 τεσθαι
1461 2861 1518 2899 καὶ
1531 2865 1590 2900 τοῦ
1616 2861 1749 2898 δικαίου
1771 2860 1832 2906 τὴν
1851 2860 1996 2912 ἀρετὴν,
2017 2860 2149 2898 καὶτοῦ
2167 2864 2259 2899 Θεοῦ
2288 2862 2349 2908 τὴν

1322 2923 1593 2976 φιλανθρωπίαν.
1623 2925 1703 2966 Πῶς
1737 2923 1805 2975 γὰρ
1818 2952 1827 2969 ,
1861 2921 1936 2959 εἶπέ
1959 2938 2038 2972 μοι,
2072 2921 2159 2974 μετὰ
2191 2927 2349 2961 τοσοῦτον

1321 2986 1444 3037 χρόνον
1464 2984 1674 3038 προσὲαλὼν
1695 2988 1743 3037 τῷ
1765 2986 1840 3036 ἀέρι
1856 3014 1865 3032 ,
1895 2984 1954 3021 καὶ
1974 2984 2034 3028 τὰς
2055 2985 2150 3035 ὄψεις
2169 2984 2349 3028 ἀνατείνας

1322 3049 1369 3090 εἰς
1390 3047 1452 3093 τὴν
1473 3052 1531 3085 τοῦ
1558 3049 1699 3099 οὐρανοῦ
1731 3047 1810 3084 Οέαν
1836 3049 1897 3084 οὐκ
1929 3045 2160 3097 ἀπετυφλώθη
2184 3045 2243 3084 καὶ
2262 3048 2350 3092 ἐπη-

1324 3109 1415 3161 ρώθη
1439 3109 1498 3153 τὰς
1527 3110 1638 3160 ὄψεις,
1656 3109 1749 3147 Ἰστε
1771 3109 1860 3160 γὰρ,
1881 3109 1976 3155 ἴστε,
1993 3109 2045 3146 ὅτι
2067 3108 2221 3158 μάλιστα
2249 3112 2349 3147 τοῦτο

1308 3172 1457 3223 πάσχειν
1474 3171 1553 3214 ἔθος
1571 3170 1586 3191 ¹'
1598 3177 1668 3215 τοῖς
1686 3170 1898 3223 ἀνθρώποις,
1913 3169 1977 3207 κᾶν
2002 3169 2087 3221 πρὸς
2109 3169 2223 3221 βραχὺ
2245 3169 2348 3221 μέρος

1307 3237 1369 3280 τῆς
1392 3233 1521 3284 ἡμέρας
1553 3233 1586 3270 ἐν
1623 3239 1810 3276 σκοτεινοῖς
1830 3232 1948 3275 τόποις
1983 3232 2042 3268 καὶ
2077 3231 2345 3283 ζοφωδεστέροις

1307 3295 1482 3346 διάγοντες
1503 3295 1588 3345 πρὸς
1616 3298 1679 3340 τὴν
1697 3299 1756 3333 τοῦ
1773 3294 1886 3345 φωτὸς
1905 3293 2030 3345 ἀθρόον
2051 3292 2161 3343 αὐγὴν
2188 3292 2345 3330 ἀτενίσαι

1354 3400 1370 3425 Ιν
1395 3397 1455 3432 Alii
1479 3402 1544 3439 τοὺς
1560 3405 1745 3446 ἀνθρώπους.
