<?xml version="1.0" encoding="UTF-8"?>
<!DOCTYPE html PUBLIC "-//W3C//DTD XHTML 1.0 Transitional//EN"
    "http://www.w3.org/TR/xhtml1/DTD/xhtml1-transitional.dtd">
<html xmlns="http://www.w3.org/1999/xhtml" xml:lang="en" lang="en">
 <head>
  <title>
</title>
<meta http-equiv="Content-Type" content="text/html;charset=utf-8" />
  <meta name='ocr-system' content='tesseract 3.04.00' />
  <meta name='ocr-capabilities' content='ocr_page ocr_carea ocr_par ocr_line ocrx_word'/>
</head>
<body>
  <div class='ocr_page' id='page_1' title='image "./operaomniaquaeex04johnuoft/operaomniaquaeex04johnuoft_0528.png"; bbox 0 0 2516 3791; ppageno 0'>
   <div class='ocr_carea' id='block_1_1' title="bbox 292 142 751 189">
    <p class='ocr_par' dir='ltr' id='par_1_1' title="bbox 292 142 751 189">
     <span class='ocr_line' id='line_1_1' title="bbox 292 142 751 189; baseline 0.004 -2"><span class='ocrx_word' id='word_1_1' title='bbox 292 142 385 188; x_wconf 83' lang='lat'>508</span> <span class='ocrx_word' id='word_1_2' title='bbox 713 158 751 189; x_wconf 87' lang='lat' dir='ltr'>s.</span> 
     </span>
    </p>
   </div>
   <div class='ocr_carea' id='block_1_2' title="bbox 292 236 1295 1203">
    <p class='ocr_par' dir='ltr' id='par_1_2' title="bbox 292 236 1295 1203">
     <span class='ocr_line' id='line_1_2' title="bbox 293 236 1246 292; baseline -0.005 -15"><span class='ocrx_word' id='word_1_3' title='bbox 293 237 480 277; x_wconf 85' lang='lat' dir='ltr'>ostendat:</span> <span class='ocrx_word' id='word_1_4' title='bbox 503 238 598 290; x_wconf 88' lang='lat' dir='ltr'>quod</span> <span class='ocrx_word' id='word_1_5' title='bbox 626 239 654 277; x_wconf 91' lang='lat' dir='ltr'>si</span> <span class='ocrx_word' id='word_1_6' title='bbox 683 239 774 277; x_wconf 89' lang='lat' dir='ltr'><strong>nihil</strong></span> <span class='ocrx_word' id='word_1_7' title='bbox 799 240 952 292; x_wconf 88' lang='lat' dir='ltr'>amplius</span> <span class='ocrx_word' id='word_1_8' title='bbox 982 238 1156 290; x_wconf 82' lang='lat' dir='ltr'>proficiat,</span> <span class='ocrx_word' id='word_1_9' title='bbox 1183 236 1246 272; x_wconf 86' lang='lat' dir='ltr'>ha-</span> 
     </span>
     <span class='ocr_line' id='line_1_3' title="bbox 292 296 1245 352; baseline -0.006 -15"><span class='ocrx_word' id='word_1_10' title='bbox 292 300 374 337; x_wconf 80' lang='lat' dir='ltr'>beat</span> <span class='ocrx_word' id='word_1_11' title='bbox 391 300 654 339; x_wconf 79' lang='lat' dir='ltr'>excusationem</span> <span class='ocrx_word' id='word_1_12' title='bbox 673 300 856 352; x_wconf 86' lang='lat' dir='ltr'>majorem,</span> <span class='ocrx_word' id='word_1_13' title='bbox 876 314 916 337; x_wconf 92' lang='lat' dir='ltr'>eo</span> <span class='ocrx_word' id='word_1_14' title='bbox 934 298 1031 349; x_wconf 85' lang='lat' dir='ltr'>quod</span> <span class='ocrx_word' id='word_1_15' title='bbox 1050 296 1141 334; x_wconf 89' lang='lat' dir='ltr'>nihil</span> <span class='ocrx_word' id='word_1_16' title='bbox 1155 310 1245 347; x_wconf 83' lang='lat' dir='ltr'>prae-</span> 
     </span>
     <span class='ocr_line' id='line_1_4' title="bbox 295 356 1246 412; baseline -0.005 -14"><span class='ocrx_word' id='word_1_17' title='bbox 295 361 485 400; x_wconf 86' lang='lat' dir='ltr'>termiserit</span> <span class='ocrx_word' id='word_1_18' title='bbox 500 361 596 412; x_wconf 86' lang='lat' dir='ltr'>quod</span> <span class='ocrx_word' id='word_1_19' title='bbox 611 361 657 399; x_wconf 84' lang='lat' dir='ltr'>ad</span> <span class='ocrx_word' id='word_1_20' title='bbox 675 376 710 399; x_wconf 87' lang='lat' dir='ltr'>se</span> <span class='ocrx_word' id='word_1_21' title='bbox 736 361 936 412; x_wconf 85' lang='lat' dir='ltr'>pertineret.</span> <span class='ocrx_word' id='word_1_22' title='bbox 958 359 1000 396; x_wconf 83' lang='lat' dir='ltr'>ld</span> <span class='ocrx_word' id='word_1_23' title='bbox 1026 370 1108 395; x_wconf 85' lang='lat' dir='ltr'>sane</span> <span class='ocrx_word' id='word_1_24' title='bbox 1126 365 1159 394; x_wconf 89' lang='lat' dir='ltr'>et</span> <span class='ocrx_word' id='word_1_25' title='bbox 1185 356 1246 393; x_wconf 90' lang='lat' dir='ltr'>hic</span> 
     </span>
     <span class='ocr_line' id='line_1_5' title="bbox 294 417 1244 469; baseline -0.005 -10"><span class='ocrx_word' id='word_1_26' title='bbox 294 422 426 460; x_wconf 84' lang='lat' dir='ltr'>factum</span> <span class='ocrx_word' id='word_1_27' title='bbox 447 432 508 460; x_wconf 85' lang='lat' dir='ltr'>est.</span> <span class='ocrx_word' id='word_1_28' title='bbox 536 424 658 461; x_wconf 85' lang='lat' dir='ltr'>Justus</span> <span class='ocrx_word' id='word_1_29' title='bbox 686 421 779 458; x_wconf 87' lang='lat' dir='ltr'>enim</span> <span class='ocrx_word' id='word_1_30' title='bbox 805 420 864 457; x_wconf 90' lang='lat' dir='ltr'>hic</span> <span class='ocrx_word' id='word_1_31' title='bbox 889 419 951 469; x_wconf 87' lang='lat' dir='ltr'>qui</span> <span class='ocrx_word' id='word_1_32' title='bbox 978 418 1186 456; x_wconf 76' lang='lat' dir='ltr'>versabatur</span> <span class='ocrx_word' id='word_1_33' title='bbox 1207 417 1244 454; x_wconf 90' lang='lat' dir='ltr'>in</span> 
     </span>
     <span class='ocr_line' id='line_1_6' title="bbox 295 478 1295 532; baseline -0.006 -11"><span class='ocrx_word' id='word_1_34' title='bbox 295 483 413 521; x_wconf 86' lang='lat' dir='ltr'>medio</span> <span class='ocrx_word' id='word_1_35' title='bbox 428 484 585 530; x_wconf 77' lang='lat' dir='ltr'>illorum,</span> <span class='ocrx_word' id='word_1_36' title='bbox 602 482 708 519; x_wconf 87' lang='lat' dir='ltr'>etiam</span> <span class='ocrx_word' id='word_1_37' title='bbox 722 481 772 518; x_wconf 85' lang='lat' dir='ltr'>sic</span> <span class='ocrx_word' id='word_1_38' title='bbox 787 480 1057 532; x_wconf 85' lang='lat' dir='ltr'>mansitjustus,</span> <span class='ocrx_word' id='word_1_39' title='bbox 1077 478 1245 516; x_wconf 82' lang='lat' dir='ltr'>multam·</span> <span class='ocrx_word' id='word_1_40' title='bbox 1270 479 1295 508; x_wconf 87' lang='lat' dir='ltr'>D</span> 
     </span>
     <span class='ocr_line' id='line_1_7' title="bbox 296 539 1245 596; baseline -0.003 -16"><span class='ocrx_word' id='word_1_41' title='bbox 296 558 364 594; x_wconf 87' lang='lat' dir='ltr'>que</span> <span class='ocrx_word' id='word_1_42' title='bbox 379 542 641 596; x_wconf 76' lang='lat' dir='ltr'>philosophiam</span> <span class='ocrx_word' id='word_1_43' title='bbox 655 540 840 577; x_wconf 72' lang='lat' dir='ltr'>exhibuit.-</span> <span class='ocrx_word' id='word_1_44' title='bbox 858 539 912 578; x_wconf 92' lang='lat' dir='ltr'>illi</span> <span class='ocrx_word' id='word_1_45' title='bbox 928 549 1046 578; x_wconf 89' lang='lat' dir='ltr'>autem</span> <span class='ocrx_word' id='word_1_46' title='bbox 1061 548 1245 592; x_wconf 82' lang='lat' dir='ltr'>propterea</span> 
     </span>
     <span class='ocr_line' id='line_1_8' title="bbox 296 600 1246 652; baseline -0.004 -10"><span class='ocrx_word' id='word_1_47' title='bbox 296 605 391 642; x_wconf 84' lang='lat' dir='ltr'>omni</span> <span class='ocrx_word' id='word_1_48' title='bbox 421 603 524 643; x_wconf 71' lang='lat' dir='ltr'>venia</span> <span class='ocrx_word' id='word_1_49' title='bbox 552 611 633 639; x_wconf 88' lang='lat' dir='ltr'>sunt</span> <span class='ocrx_word' id='word_1_50' title='bbox 663 600 848 651; x_wconf 89' lang='lat' dir='ltr'>destituti,</span> <span class='ocrx_word' id='word_1_51' title='bbox 868 601 964 652; x_wconf 91' lang='lat' dir='ltr'>quod</span> <span class='ocrx_word' id='word_1_52' title='bbox 991 614 1061 639; x_wconf 91' lang='lat' dir='ltr'>non</span> <span class='ocrx_word' id='word_1_53' title='bbox 1085 601 1201 638; x_wconf 88' lang='lat' dir='ltr'>solum</span> <span class='ocrx_word' id='word_1_54' title='bbox 1227 614 1246 637; x_wconf 83' lang='lat' dir='ltr'>a</span> 
     </span>
     <span class='ocr_line' id='line_1_9' title="bbox 296 661 1242 713; baseline -0.003 -12"><span class='ocrx_word' id='word_1_55' title='bbox 296 664 428 702; x_wconf 83' lang='lat' dir='ltr'>malitia</span> <span class='ocrx_word' id='word_1_56' title='bbox 442 676 509 700; x_wconf 94' lang='lat' dir='ltr'>non</span> <span class='ocrx_word' id='word_1_57' title='bbox 524 661 706 712; x_wconf 80' lang='lat' dir='ltr'>cessarint,</span> <span class='ocrx_word' id='word_1_58' title='bbox 724 661 785 700; x_wconf 88' lang='lat' dir='ltr'>sed</span> <span class='ocrx_word' id='word_1_59' title='bbox 801 671 835 700; x_wconf 88' lang='lat' dir='ltr'>et</span> <span class='ocrx_word' id='word_1_60' title='bbox 849 661 963 713; x_wconf 88' lang='lat' dir='ltr'>magis</span> <span class='ocrx_word' id='word_1_61' title='bbox 977 675 1053 699; x_wconf 88' lang='lat' dir='ltr'>eam</span> <span class='ocrx_word' id='word_1_62' title='bbox 1068 664 1242 700; x_wconf 80' lang='lat' dir='ltr'>auxerint.</span> 
     </span>
     <span class='ocr_line' id='line_1_10' title="bbox 295 722 1245 773; baseline -0.004 -10"><span class='ocrx_word' id='word_1_63' title='bbox 295 725 388 764; x_wconf 64' lang='lat' dir='ltr'>Vide</span> <span class='ocrx_word' id='word_1_64' title='bbox 408 722 502 760; x_wconf 89' lang='lat' dir='ltr'>enim</span> <span class='ocrx_word' id='word_1_65' title='bbox 519 739 526 758; x_wconf 92' lang='lat'>:</span> <span class='ocrx_word' id='word_1_66' title='bbox 550 723 915 771; x_wconf 78' lang='lat' dir='ltr'>Circumdederunt,</span> <span class='ocrx_word' id='word_1_67' title='bbox 936 723 1070 773; x_wconf 89' lang='lat' dir='ltr'>inquit,</span> <span class='ocrx_word' id='word_1_68' title='bbox 1089 724 1245 760; x_wconf 82' lang='lat' dir='ltr'>domum</span> 
     </span>
     <span class='ocr_line' id='line_1_11' title="bbox 294 785 1244 837; baseline -0.001 -15"><span class='ocrx_word' id='word_1_69' title='bbox 294 800 318 822; x_wconf 69' lang='lat' dir='ltr'>av</span> <span class='ocrx_word' id='word_1_70' title='bbox 327 788 472 837; x_wconf 81' lang='lat' dir='ltr'>juvene</span> <span class='ocrx_word' id='word_1_71' title='bbox 495 797 616 836; x_wconf 81' lang='lat' dir='ltr'>usque</span> <span class='ocrx_word' id='word_1_72' title='bbox 636 785 692 822; x_wconf 84' lang='lat' dir='ltr'>ad</span> <span class='ocrx_word' id='word_1_73' title='bbox 702 798 850 832; x_wconf 81' lang='lat' dir='ltr'>senem,</span> <span class='ocrx_word' id='word_1_74' title='bbox 872 786 993 822; x_wconf 85' lang='lat' dir='ltr'>omnis</span> <span class='ocrx_word' id='word_1_75' title='bbox 1013 785 1178 836; x_wconf 80' lang='lat' dir='ltr'>populus</span> <span class='ocrx_word' id='word_1_76' title='bbox 1196 786 1244 821; x_wconf 84' lang='lat' dir='ltr'>si-</span> 
     </span>
     <span class='ocr_line' id='line_1_12' title="bbox 294 844 1244 897; baseline -0.001 -15"><span class='ocrx_word' id='word_1_77' title='bbox 294 846 390 883; x_wconf 83' lang='lat' dir='ltr'>mul.</span> <span class='ocrx_word' id='word_1_78' title='bbox 419 845 566 884; x_wconf 79' lang='lat' dir='ltr'>summa</span> <span class='ocrx_word' id='word_1_79' title='bbox 602 845 746 883; x_wconf 76' lang='lat' dir='ltr'>malitiae</span> <span class='ocrx_word' id='word_1_80' title='bbox 780 845 993 897; x_wconf 81' lang='lat' dir='ltr'>conspiratio</span> <span class='ocrx_word' id='word_1_81' title='bbox 1010 875 1023 895; x_wconf 96' lang='lat'>,</span> <span class='ocrx_word' id='word_1_82' title='bbox 1057 844 1244 882; x_wconf 75' lang='lat' dir='ltr'>vehemens</span> 
     </span>
     <span class='ocr_line' id='line_1_13' title="bbox 295 905 1245 959; baseline -0.002 -15"><span class='ocrx_word' id='word_1_83' title='bbox 295 907 385 945; x_wconf 88' lang='lat' dir='ltr'>male</span> <span class='ocrx_word' id='word_1_84' title='bbox 403 906 531 958; x_wconf 84' lang='lat' dir='ltr'>agendi</span> <span class='ocrx_word' id='word_1_85' title='bbox 550 906 721 955; x_wconf 85' lang='lat' dir='ltr'>studium,</span> <span class='ocrx_word' id='word_1_86' title='bbox 738 906 986 945; x_wconf 83' lang='lat' dir='ltr'>inenarrabilis</span> <span class='ocrx_word' id='word_1_87' title='bbox 1004 905 1245 959; x_wconf 79' lang='lat' dir='ltr'>perversitatis</span> 
     </span>
     <span class='ocr_line' id='line_1_14' title="bbox 294 966 1243 1018; baseline -0.001 -14"><span class='ocrx_word' id='word_1_88' title='bbox 294 967 515 1018; x_wconf 82' lang='lat' dir='ltr'>magnitudo,</span> <span class='ocrx_word' id='word_1_89' title='bbox 536 977 680 1006; x_wconf 88' lang='lat' dir='ltr'>conatus</span> <span class='ocrx_word' id='word_1_90' title='bbox 711 967 810 1005; x_wconf 81' lang='lat' dir='ltr'>nulla</span> <span class='ocrx_word' id='word_1_91' title='bbox 834 966 938 1005; x_wconf 74' lang='lat' dir='ltr'>venia</span> <span class='ocrx_word' id='word_1_92' title='bbox 957 966 1101 1017; x_wconf 88' lang='lat' dir='ltr'>dignus.</span> <span class='ocrx_word' id='word_1_93' title='bbox 1124 966 1164 1003; x_wconf 85' lang='lat' dir='ltr'><em>A</em></span> <span class='ocrx_word' id='word_1_94' title='bbox 1179 969 1243 1017; x_wconf 86' lang='lat' dir='ltr'>ju-</span> 
     </span>
     <span class='ocr_line' id='line_1_15' title="bbox 299 1026 1293 1081; baseline -0.003 -16"><span class='ocrx_word' id='word_1_95' title='bbox 299 1043 403 1078; x_wconf 71' lang='lat' dir='ltr'>vene,</span> <span class='ocrx_word' id='word_1_96' title='bbox 423 1028 549 1080; x_wconf 89' lang='lat' dir='ltr'>inquit,</span> <span class='ocrx_word' id='word_1_97' title='bbox 568 1042 688 1081; x_wconf 79' lang='lat' dir='ltr'>usque</span> <span class='ocrx_word' id='word_1_98' title='bbox 709 1029 763 1066; x_wconf 81' lang='lat' dir='ltr'>ad</span> <span class='ocrx_word' id='word_1_99' title='bbox 781 1043 923 1067; x_wconf 81' lang='lat' dir='ltr'>senem.</span> <span class='ocrx_word' id='word_1_100' title='bbox 944 1029 1023 1066; x_wconf 87' lang='lat' dir='ltr'>Non</span> <span class='ocrx_word' id='word_1_101' title='bbox 1045 1027 1172 1076; x_wconf 84' lang='lat' dir='ltr'>solum,</span> <span class='ocrx_word' id='word_1_102' title='bbox 1193 1026 1244 1064; x_wconf 84' lang='lat' dir='ltr'>in·</span> <span class='ocrx_word' id='word_1_103' title='bbox 1269 1031 1293 1062; x_wconf 83' lang='lat' dir='ltr'><strong>E</strong></span> 
     </span>
     <span class='ocr_line' id='line_1_16' title="bbox 295 1087 1246 1141; baseline 0.001 -15"><span class='ocrx_word' id='word_1_104' title='bbox 295 1089 565 1141; x_wconf 82' lang='lat' dir='ltr'>quit,juventus</span> <span class='ocrx_word' id='word_1_105' title='bbox 580 1090 657 1127; x_wconf 84' lang='lat' dir='ltr'>haec</span> <span class='ocrx_word' id='word_1_106' title='bbox 677 1089 768 1127; x_wconf 87' lang='lat' dir='ltr'>mala</span> <span class='ocrx_word' id='word_1_107' title='bbox 789 1089 990 1140; x_wconf 83' lang='lat' dir='ltr'>inquirebat</span> <span class='ocrx_word' id='word_1_108' title='bbox 1009 1106 1016 1126; x_wconf 72' lang='grc' dir='ltr'>ε</span> <span class='ocrx_word' id='word_1_109' title='bbox 1039 1087 1100 1126; x_wconf 86' lang='lat' dir='ltr'>sed</span> <span class='ocrx_word' id='word_1_110' title='bbox 1115 1096 1148 1126; x_wconf 88' lang='lat' dir='ltr'>et</span> <span class='ocrx_word' id='word_1_111' title='bbox 1164 1102 1246 1141; x_wconf 87' lang='lat' dir='ltr'>pro-</span> 
     </span>
     <span class='ocr_line' id='line_1_17' title="bbox 294 1149 1242 1203; baseline -0.001 -15"><span class='ocrx_word' id='word_1_112' title='bbox 294 1163 318 1188; x_wconf 81' lang='lat' dir='ltr'><strong>v</strong></span> <span class='ocrx_word' id='word_1_113' title='bbox 320 1159 403 1188; x_wconf 85' lang='lat' dir='ltr'>ectae</span> <span class='ocrx_word' id='word_1_114' title='bbox 414 1151 556 1189; x_wconf 76' lang='lat' dir='ltr'>aetatisv</span> <span class='ocrx_word' id='word_1_115' title='bbox 560 1150 603 1188; x_wconf 80' lang='lat' dir='ltr'>ili</span> <span class='ocrx_word' id='word_1_116' title='bbox 615 1150 773 1201; x_wconf 86' lang='lat' dir='ltr'>aderant,</span> <span class='ocrx_word' id='word_1_117' title='bbox 785 1160 818 1188; x_wconf 88' lang='lat' dir='ltr'>et</span> <span class='ocrx_word' id='word_1_118' title='bbox 832 1150 946 1188; x_wconf 90' lang='lat' dir='ltr'>omnis</span> <span class='ocrx_word' id='word_1_119' title='bbox 958 1150 1113 1203; x_wconf 87' lang='lat' dir='ltr'>populus</span> <span class='ocrx_word' id='word_1_120' title='bbox 1124 1149 1242 1188; x_wconf 87' lang='lat' dir='ltr'>simul.</span> 
     </span>
    </p>
   </div>
   <div class='ocr_carea' id='block_1_3' title="bbox 789 156 1250 189">
    <p class='ocr_par' dir='ltr' id='par_1_3' title="bbox 789 156 1250 189">
     <span class='ocr_line' id='line_1_18' title="bbox 789 156 1250 189; baseline -0.009 0"><span class='ocrx_word' id='word_1_121' title='bbox 789 156 972 189; x_wconf 64' lang='lat' dir='ltr'>JOANle</span> <span class='ocrx_word' id='word_1_122' title='bbox 1007 156 1250 188; x_wconf 80' lang='lat' dir='ltr'><strong>CHRYSOST.</strong></span> 
     </span>
    </p>
   </div>
   <div class='ocr_carea' id='block_1_4' title="bbox 91 1211 1244 1286">
    <p class='ocr_par' dir='ltr' id='par_1_4' title="bbox 91 1211 1244 1286">
     <span class='ocr_line' id='line_1_19' title="bbox 91 1211 1244 1286; baseline -0.001 -37"><span class='ocrx_word' id='word_1_123' title='bbox 91 1216 280 1286; x_wconf 49' lang='lat' dir='ltr'>{oxdsg&#39;cnratxda</span> <span class='ocrx_word' id='word_1_124' title='bbox 294 1211 418 1263; x_wconf 87' lang='lat' dir='ltr'>Neque</span> <span class='ocrx_word' id='word_1_125' title='bbox 445 1212 696 1250; x_wconf 87' lang='lat' dir='ltr'>erubescebant</span> <span class='ocrx_word' id='word_1_126' title='bbox 715 1221 786 1250; x_wconf 88' lang='lat' dir='ltr'>tam</span> <span class='ocrx_word' id='word_1_127' title='bbox 814 1221 942 1264; x_wconf 84' lang='lat' dir='ltr'>turpe,</span> <span class='ocrx_word' id='word_1_128' title='bbox 960 1221 1101 1262; x_wconf 85' lang='lat' dir='ltr'>tamque</span> <span class='ocrx_word' id='word_1_129' title='bbox 1120 1211 1244 1263; x_wconf 83' lang='lat' dir='ltr'>impu-</span> 
     </span>
     <span class='ocr_line' id='line_1_20' title="bbox 203 1269 211 1285; baseline 0 0"><span class='ocrx_word' id='word_1_130' title='bbox 203 1269 211 1285; x_wconf 86' lang='grc'>1</span> 
     </span>
    </p>
   </div>
   <div class='ocr_carea' id='block_1_5' title="bbox 91 1307 283 1338">
    <p class='ocr_par' dir='ltr' id='par_1_5' title="bbox 91 1307 283 1338">
     <span class='ocr_line' id='line_1_21' title="bbox 91 1307 283 1338; baseline 0.005 -12"><span class='ocrx_word' id='word_1_131' title='bbox 91 1307 158 1327; x_wconf 71' lang='lat' dir='ltr'>rum</span> <span class='ocrx_word' id='word_1_132' title='bbox 179 1309 283 1338; x_wconf 71' lang='lat' dir='ltr'>neqln-</span> 
     </span>
    </p>
   </div>
   <div class='ocr_carea' id='block_1_6' title="bbox 292 1271 1298 2240">
    <p class='ocr_par' dir='ltr' id='par_1_6' title="bbox 292 1271 1298 2240">
     <span class='ocr_line' id='line_1_22' title="bbox 297 1271 1246 1324; baseline 0 -14"><span class='ocrx_word' id='word_1_133' title='bbox 297 1271 384 1310; x_wconf 89' lang='lat' dir='ltr'>dens</span> <span class='ocrx_word' id='word_1_134' title='bbox 410 1272 607 1324; x_wconf 87' lang='lat' dir='ltr'>flagitium,</span> <span class='ocrx_word' id='word_1_135' title='bbox 637 1286 747 1324; x_wconf 89' lang='lat' dir='ltr'>neque</span> <span class='ocrx_word' id='word_1_136' title='bbox 765 1272 961 1311; x_wconf 86' lang='lat' dir='ltr'>insomnem</span> <span class='ocrx_word' id='word_1_137' title='bbox 981 1272 1124 1311; x_wconf 89' lang='lat' dir='ltr'>oculum</span> <span class='ocrx_word' id='word_1_138' title='bbox 1152 1271 1246 1324; x_wconf 85' lang='lat' dir='ltr'>cogi-</span> 
     </span>
     <span class='ocr_line' id='line_1_23' title="bbox 295 1334 1247 1386; baseline -0.001 -15"><span class='ocrx_word' id='word_1_139' title='bbox 295 1334 441 1383; x_wconf 83' lang='lat' dir='ltr'>tabant,</span> <span class='ocrx_word' id='word_1_140' title='bbox 471 1347 582 1385; x_wconf 88' lang='lat' dir='ltr'>neque</span> <span class='ocrx_word' id='word_1_141' title='bbox 603 1334 742 1386; x_wconf 90' lang='lat' dir='ltr'>justum</span> <span class='ocrx_word' id='word_1_142' title='bbox 769 1334 1041 1382; x_wconf 82' lang='lat' dir='ltr'>reverebantur,</span> <span class='ocrx_word' id='word_1_143' title='bbox 1064 1347 1176 1384; x_wconf 85' lang='lat' dir='ltr'>neque</span> <span class='ocrx_word' id='word_1_144' title='bbox 1203 1334 1247 1371; x_wconf 93' lang='lat' dir='ltr'>iis</span> 
     </span>
     <span class='ocr_line' id='line_1_24' title="bbox 295 1393 1248 1447; baseline -0.001 -15"><span class='ocrx_word' id='word_1_145' title='bbox 295 1409 383 1446; x_wconf 91' lang='lat' dir='ltr'>quos</span> <span class='ocrx_word' id='word_1_146' title='bbox 397 1394 553 1447; x_wconf 87' lang='lat' dir='ltr'>hospites</span> <span class='ocrx_word' id='word_1_147' title='bbox 568 1394 844 1444; x_wconf 86' lang='lat' dir='ltr'>arbitrabantur,</span> <span class='ocrx_word' id='word_1_148' title='bbox 858 1394 988 1446; x_wconf 86' lang='lat' dir='ltr'>quique</span> <span class='ocrx_word' id='word_1_149' title='bbox 1003 1393 1096 1446; x_wconf 89' lang='lat' dir='ltr'>apud</span> <span class='ocrx_word' id='word_1_150' title='bbox 1107 1395 1248 1446; x_wconf 84' lang='lat' dir='ltr'>justum</span> 
     </span>
     <span class='ocr_line' id='line_1_25' title="bbox 295 1455 1245 1509; baseline -0.002 -15"><span class='ocrx_word' id='word_1_151' title='bbox 295 1455 511 1495; x_wconf 83' lang='lat' dir='ltr'>diverterant</span> <span class='ocrx_word' id='word_1_152' title='bbox 530 1456 773 1509; x_wconf 83' lang='lat' dir='ltr'>hospitalitate</span> <span class='ocrx_word' id='word_1_153' title='bbox 802 1456 976 1508; x_wconf 83' lang='lat' dir='ltr'>insignem</span> <span class='ocrx_word' id='word_1_154' title='bbox 989 1485 1001 1506; x_wconf 87' lang='lat'>,</span> <span class='ocrx_word' id='word_1_155' title='bbox 1024 1455 1217 1508; x_wconf 85' lang='lat' dir='ltr'>parcebant</span> <span class='ocrx_word' id='word_1_156' title='bbox 1237 1471 1245 1492; x_wconf 92' lang='lat'><strong>:</strong></span> 
     </span>
     <span class='ocr_line' id='line_1_26' title="bbox 294 1516 1246 1568; baseline 0 -14"><span class='ocrx_word' id='word_1_157' title='bbox 294 1516 354 1554; x_wconf 86' lang='lat' dir='ltr'>sed</span> <span class='ocrx_word' id='word_1_158' title='bbox 387 1517 520 1568; x_wconf 86' lang='lat' dir='ltr'>absque</span> <span class='ocrx_word' id='word_1_159' title='bbox 550 1517 694 1566; x_wconf 82' lang='lat' dir='ltr'>rubore,</span> <span class='ocrx_word' id='word_1_160' title='bbox 725 1525 758 1555; x_wconf 86' lang='lat' dir='ltr'>et</span> <span class='ocrx_word' id='word_1_161' title='bbox 780 1516 887 1566; x_wconf 87' lang='lat' dir='ltr'>nudo,</span> <span class='ocrx_word' id='word_1_162' title='bbox 917 1525 956 1554; x_wconf 91' lang='lat' dir='ltr'>ut</span> <span class='ocrx_word' id='word_1_163' title='bbox 987 1516 1098 1566; x_wconf 86' lang='lat' dir='ltr'>aiunt,</span> <span class='ocrx_word' id='word_1_164' title='bbox 1119 1517 1246 1568; x_wconf 87' lang='lat' dir='ltr'>capite,</span> 
     </span>
     <span class='ocr_line' id='line_1_27' title="bbox 294 1576 1248 1627; baseline 0.003 -14"><span class='ocrx_word' id='word_1_165' title='bbox 294 1576 455 1615; x_wconf 88' lang='lat' dir='ltr'>libidinis</span> <span class='ocrx_word' id='word_1_166' title='bbox 475 1591 547 1616; x_wconf 83' lang='lat' dir='ltr'>suae</span> <span class='ocrx_word' id='word_1_167' title='bbox 564 1578 672 1615; x_wconf 76' lang='lat' dir='ltr'>verba</span> <span class='ocrx_word' id='word_1_168' title='bbox 696 1577 870 1624; x_wconf 89' lang='lat' dir='ltr'>dicentes,</span> <span class='ocrx_word' id='word_1_169' title='bbox 889 1586 1122 1627; x_wconf 88' lang='lat' dir='ltr'>accesserunt,</span> <span class='ocrx_word' id='word_1_170' title='bbox 1139 1586 1172 1615; x_wconf 87' lang='lat' dir='ltr'>et</span> <span class='ocrx_word' id='word_1_171' title='bbox 1185 1591 1248 1616; x_wconf 78' lang='lat' dir='ltr'>vo-</span> 
     </span>
     <span class='ocr_line' id='line_1_28' title="bbox 294 1638 769 1689; baseline -0.002 -15"><span class='ocrx_word' id='word_1_172' title='bbox 294 1646 371 1675; x_wconf 91' lang='lat' dir='ltr'>cato</span> <span class='ocrx_word' id='word_1_173' title='bbox 386 1638 496 1689; x_wconf 88' lang='lat' dir='ltr'>justo,</span> <span class='ocrx_word' id='word_1_174' title='bbox 523 1638 692 1676; x_wconf 80' lang='lat' dir='ltr'>dixerunt</span> <span class='ocrx_word' id='word_1_175' title='bbox 709 1638 741 1676; x_wconf 92' lang='lat' dir='ltr'>ei</span> <span class='ocrx_word' id='word_1_176' title='bbox 762 1653 769 1673; x_wconf 90' lang='lat'><strong>:</strong></span> 
     </span>
     <span class='ocr_line' id='line_1_29' title="bbox 292 1699 1298 1750; baseline 0 -14"><span class='ocrx_word' id='word_1_177' title='bbox 292 1702 412 1750; x_wconf 82' lang='lat' dir='ltr'>gressi</span> <span class='ocrx_word' id='word_1_178' title='bbox 427 1707 518 1737; x_wconf 84' lang='lat' dir='ltr'>sunt</span> <span class='ocrx_word' id='word_1_179' title='bbox 539 1699 591 1736; x_wconf 83' lang='lat' dir='ltr'>ad</span> <span class='ocrx_word' id='word_1_180' title='bbox 613 1712 681 1737; x_wconf 83' lang='lat' dir='ltr'>vos</span> <span class='ocrx_word' id='word_1_181' title='bbox 697 1703 713 1735; x_wconf 76' lang='grc' dir='ltr'>Ξ)</span> <span class='ocrx_word' id='word_1_182' title='bbox 733 1699 847 1736; x_wconf 81' lang='lat' dir='ltr'>Educ</span> <span class='ocrx_word' id='word_1_183' title='bbox 869 1712 946 1745; x_wconf 83' lang='lat' dir='ltr'>eos,</span> <span class='ocrx_word' id='word_1_184' title='bbox 966 1706 1007 1736; x_wconf 86' lang='lat' dir='ltr'>ut</span> <span class='ocrx_word' id='word_1_185' title='bbox 1037 1710 1245 1750; x_wconf 83' lang='lat' dir='ltr'>cognosca-</span> <span class='ocrx_word' id='word_1_186' title='bbox 1272 1702 1298 1732; x_wconf 84' lang='lat' dir='ltr'><strong>A</strong></span> 
     </span>
     <span class='ocr_line' id='line_1_30' title="bbox 293 1759 1246 1812; baseline 0.001 -16"><span class='ocrx_word' id='word_1_187' title='bbox 293 1773 376 1798; x_wconf 83' lang='lat' dir='ltr'>mus</span> <span class='ocrx_word' id='word_1_188' title='bbox 392 1772 469 1798; x_wconf 84' lang='lat' dir='ltr'>eos.</span> <span class='ocrx_word' id='word_1_189' title='bbox 484 1760 632 1812; x_wconf 89' lang='lat' dir='ltr'>Propter</span> <span class='ocrx_word' id='word_1_190' title='bbox 644 1759 740 1798; x_wconf 88' lang='lat' dir='ltr'>hunc</span> <span class='ocrx_word' id='word_1_191' title='bbox 753 1773 874 1797; x_wconf 88' lang='lat' dir='ltr'>eorum</span> <span class='ocrx_word' id='word_1_192' title='bbox 885 1759 1053 1797; x_wconf 88' lang='lat' dir='ltr'>illicitum</span> <span class='ocrx_word' id='word_1_193' title='bbox 1068 1769 1246 1808; x_wconf 85' lang='lat' dir='ltr'>conatum,</span> 
     </span>
     <span class='ocr_line' id='line_1_31' title="bbox 293 1819 1248 1874; baseline 0.002 -17"><span class='ocrx_word' id='word_1_194' title='bbox 293 1829 326 1858; x_wconf 92' lang='lat' dir='ltr'>et</span> <span class='ocrx_word' id='word_1_195' title='bbox 353 1820 502 1874; x_wconf 89' lang='lat' dir='ltr'>impiam</span> <span class='ocrx_word' id='word_1_196' title='bbox 528 1820 813 1873; x_wconf 84' lang='lat' dir='ltr'>perversitatem,</span> <span class='ocrx_word' id='word_1_197' title='bbox 841 1819 967 1872; x_wconf 91' lang='lat' dir='ltr'>opinor</span> <span class='ocrx_word' id='word_1_198' title='bbox 978 1820 1117 1873; x_wconf 88' lang='lat' dir='ltr'>justum</span> <span class='ocrx_word' id='word_1_199' title='bbox 1136 1835 1248 1872; x_wconf 85' lang='lat' dir='ltr'>usque</span> 
     </span>
     <span class='ocr_line' id='line_1_32' title="bbox 294 1880 1247 1934; baseline 0.003 -17"><span class='ocrx_word' id='word_1_200' title='bbox 294 1880 339 1918; x_wconf 82' lang='lat' dir='ltr'>ad</span> <span class='ocrx_word' id='word_1_201' title='bbox 353 1895 537 1933; x_wconf 79' lang='lat' dir='ltr'>vesperam</span> <span class='ocrx_word' id='word_1_202' title='bbox 555 1880 698 1931; x_wconf 77' lang='lat' dir='ltr'>sedisse,</span> <span class='ocrx_word' id='word_1_203' title='bbox 713 1890 751 1918; x_wconf 89' lang='lat' dir='ltr'>ut</span> <span class='ocrx_word' id='word_1_204' title='bbox 768 1894 812 1919; x_wconf 91' lang='lat' dir='ltr'>ne</span> <span class='ocrx_word' id='word_1_205' title='bbox 831 1881 959 1919; x_wconf 86' lang='lat' dir='ltr'>sineret</span> <span class='ocrx_word' id='word_1_206' title='bbox 977 1881 1128 1920; x_wconf 86' lang='lat' dir='ltr'>viatores</span> <span class='ocrx_word' id='word_1_207' title='bbox 1147 1882 1247 1934; x_wconf 85' lang='lat' dir='ltr'>igna-</span> 
     </span>
     <span class='ocr_line' id='line_1_33' title="bbox 293 1942 1246 1996; baseline 0.002 -16"><span class='ocrx_word' id='word_1_208' title='bbox 293 1956 350 1980; x_wconf 84' lang='lat' dir='ltr'>ros</span> <span class='ocrx_word' id='word_1_209' title='bbox 371 1942 525 1981; x_wconf 86' lang='lat' dir='ltr'>incidere</span> <span class='ocrx_word' id='word_1_210' title='bbox 551 1943 586 1980; x_wconf 93' lang='lat' dir='ltr'>in</span> <span class='ocrx_word' id='word_1_211' title='bbox 606 1943 750 1981; x_wconf 90' lang='lat' dir='ltr'>illorum</span> <span class='ocrx_word' id='word_1_212' title='bbox 774 1943 928 1994; x_wconf 89' lang='lat' dir='ltr'>laqueos.</span> <span class='ocrx_word' id='word_1_213' title='bbox 950 1942 997 1981; x_wconf 91' lang='lat' dir='ltr'>Et</span> <span class='ocrx_word' id='word_1_214' title='bbox 1021 1944 1139 1996; x_wconf 73' lang='lat' dir='ltr'>justus</span> <span class='ocrx_word' id='word_1_215' title='bbox 1166 1944 1246 1996; x_wconf 88' lang='lat' dir='ltr'>qui-</span> 
     </span>
     <span class='ocr_line' id='line_1_34' title="bbox 292 2002 1246 2056; baseline 0.004 -16"><span class='ocrx_word' id='word_1_216' title='bbox 292 2002 374 2040; x_wconf 89' lang='lat' dir='ltr'>dem</span> <span class='ocrx_word' id='word_1_217' title='bbox 392 2017 474 2041; x_wconf 93' lang='lat' dir='ltr'>cum</span> <span class='ocrx_word' id='word_1_218' title='bbox 489 2003 730 2056; x_wconf 84' lang='lat' dir='ltr'>hospitalitate</span> <span class='ocrx_word' id='word_1_219' title='bbox 748 2013 782 2043; x_wconf 89' lang='lat' dir='ltr'>et</span> <span class='ocrx_word' id='word_1_220' title='bbox 804 2017 932 2055; x_wconf 87' lang='lat' dir='ltr'>magna</span> <span class='ocrx_word' id='word_1_221' title='bbox 954 2004 1127 2056; x_wconf 83' lang='lat' dir='ltr'>pudicitia</span> <span class='ocrx_word' id='word_1_222' title='bbox 1153 2006 1246 2044; x_wconf 82' lang='lat' dir='ltr'>hanc</span> 
     </span>
     <span class='ocr_line' id='line_1_35' title="bbox 292 2063 1247 2119; baseline 0.005 -19"><span class='ocrx_word' id='word_1_223' title='bbox 292 2077 432 2115; x_wconf 87' lang='lat' dir='ltr'>quoque</span> <span class='ocrx_word' id='word_1_224' title='bbox 450 2063 615 2102; x_wconf 87' lang='lat' dir='ltr'>adhibuit</span> <span class='ocrx_word' id='word_1_225' title='bbox 634 2065 859 2116; x_wconf 83' lang='lat' dir='ltr'>diligentiam</span> <span class='ocrx_word' id='word_1_226' title='bbox 871 2094 882 2114; x_wconf 89' lang='lat'>,</span> <span class='ocrx_word' id='word_1_227' title='bbox 907 2074 945 2103; x_wconf 83' lang='lat' dir='ltr'>ut</span> <span class='ocrx_word' id='word_1_228' title='bbox 968 2079 1088 2104; x_wconf 88' lang='lat' dir='ltr'>omnes</span> <span class='ocrx_word' id='word_1_229' title='bbox 1103 2076 1247 2119; x_wconf 85' lang='lat' dir='ltr'>praeter-</span> 
     </span>
     <span class='ocr_line' id='line_1_36' title="bbox 293 2124 1247 2177; baseline 0.005 -16"><span class='ocrx_word' id='word_1_230' title='bbox 293 2133 412 2162; x_wconf 85' lang='lat' dir='ltr'>euntes</span> <span class='ocrx_word' id='word_1_231' title='bbox 439 2124 644 2177; x_wconf 87' lang='lat' dir='ltr'>susciperet,</span> <span class='ocrx_word' id='word_1_232' title='bbox 671 2126 860 2176; x_wconf 88' lang='lat' dir='ltr'>nullusque</span> <span class='ocrx_word' id='word_1_233' title='bbox 888 2140 970 2164; x_wconf 87' lang='lat' dir='ltr'>eum</span> <span class='ocrx_word' id='word_1_234' title='bbox 994 2127 1132 2177; x_wconf 87' lang='lat' dir='ltr'>lateret,</span> <span class='ocrx_word' id='word_1_235' title='bbox 1164 2128 1247 2166; x_wconf 87' lang='lat' dir='ltr'>licet</span> 
     </span>
     <span class='ocr_line' id='line_1_37' title="bbox 293 2186 1245 2240; baseline 0.004 -18"><span class='ocrx_word' id='word_1_236' title='bbox 293 2199 351 2223; x_wconf 91' lang='lat' dir='ltr'>eos</span> <span class='ocrx_word' id='word_1_237' title='bbox 380 2194 463 2222; x_wconf 86' lang='lat' dir='ltr'>tunc</span> <span class='ocrx_word' id='word_1_238' title='bbox 489 2198 558 2223; x_wconf 91' lang='lat' dir='ltr'>non</span> <span class='ocrx_word' id='word_1_239' title='bbox 579 2186 721 2237; x_wconf 85' lang='lat' dir='ltr'>angelos</span> <span class='ocrx_word' id='word_1_240' title='bbox 736 2215 746 2235; x_wconf 74' lang='grc'>,</span> <span class='ocrx_word' id='word_1_241' title='bbox 767 2186 828 2224; x_wconf 90' lang='lat' dir='ltr'>sed</span> <span class='ocrx_word' id='word_1_242' title='bbox 852 2186 1011 2225; x_wconf 88' lang='lat' dir='ltr'>homines</span> <span class='ocrx_word' id='word_1_243' title='bbox 1036 2201 1109 2225; x_wconf 89' lang='lat' dir='ltr'>esse</span> <span class='ocrx_word' id='word_1_244' title='bbox 1136 2197 1245 2240; x_wconf 84' lang='lat' dir='ltr'>puta—</span> 
     </span>
    </p>
   </div>
   <div class='ocr_carea' id='block_1_7' title="bbox 294 2246 1340 2299">
    <p class='ocr_par' dir='ltr' id='par_1_7' title="bbox 294 2246 1340 2299">
     <span class='ocr_line' id='line_1_38' title="bbox 294 2246 1340 2299; baseline 0.004 -17"><span class='ocrx_word' id='word_1_245' title='bbox 294 2255 357 2283; x_wconf 84' lang='lat' dir='ltr'>ret.</span> <span class='ocrx_word' id='word_1_246' title='bbox 377 2246 484 2298; x_wconf 87' lang='lat' dir='ltr'>Impii</span> <span class='ocrx_word' id='word_1_247' title='bbox 504 2255 624 2284; x_wconf 86' lang='lat' dir='ltr'>autem</span> <span class='ocrx_word' id='word_1_248' title='bbox 639 2246 692 2283; x_wconf 92' lang='lat' dir='ltr'>illi</span> <span class='ocrx_word' id='word_1_249' title='bbox 707 2256 942 2299; x_wconf 81' lang='lat' dir='ltr'>praeterquam</span> <span class='ocrx_word' id='word_1_250' title='bbox 962 2247 1058 2298; x_wconf 89' lang='lat' dir='ltr'>quod</span> <span class='ocrx_word' id='word_1_251' title='bbox 1073 2247 1165 2285; x_wconf 87' lang='lat' dir='ltr'>nibil</span> <span class='ocrx_word' id='word_1_252' title='bbox 1179 2248 1248 2286; x_wconf 89' lang='lat' dir='ltr'>tale</span> <span class='ocrx_word' id='word_1_253' title='bbox 1272 2263 1294 2293; x_wconf 88' lang='lat' dir='ltr'>B</span> <span class='ocrx_word' id='word_1_254' title='bbox 1326 2259 1340 2271; x_wconf 67' lang='grc'><em>“</em></span> 
     </span>
    </p>
   </div>
   <div class='ocr_carea' id='block_1_8' title="bbox 295 2306 1249 2785">
    <p class='ocr_par' dir='ltr' id='par_1_8' title="bbox 295 2306 1249 2785">
     <span class='ocr_line' id='line_1_39' title="bbox 295 2306 1248 2360; baseline 0.004 -17"><span class='ocrx_word' id='word_1_255' title='bbox 295 2307 457 2357; x_wconf 80' lang='lat' dir='ltr'>agebant,</span> <span class='ocrx_word' id='word_1_256' title='bbox 474 2307 576 2358; x_wconf 87' lang='lat' dir='ltr'>quale</span> <span class='ocrx_word' id='word_1_257' title='bbox 599 2308 718 2359; x_wconf 89' lang='lat' dir='ltr'>justus</span> <span class='ocrx_word' id='word_1_258' title='bbox 744 2306 818 2357; x_wconf 86' lang='lat' dir='ltr'>ille,</span> <span class='ocrx_word' id='word_1_259' title='bbox 840 2322 878 2345; x_wconf 83' lang='lat' dir='ltr'>ea</span> <span class='ocrx_word' id='word_1_260' title='bbox 905 2307 1021 2346; x_wconf 85' lang='lat' dir='ltr'>solum</span> <span class='ocrx_word' id='word_1_261' title='bbox 1048 2318 1248 2360; x_wconf 86' lang='lat' dir='ltr'>perpetrare</span> 
     </span>
     <span class='ocr_line' id='line_1_40' title="bbox 297 2367 1248 2421; baseline 0.003 -17"><span class='ocrx_word' id='word_1_262' title='bbox 297 2367 498 2417; x_wconf 85' lang='lat' dir='ltr'>studebant,</span> <span class='ocrx_word' id='word_1_263' title='bbox 519 2382 595 2419; x_wconf 81' lang='lat' dir='ltr'>quae</span> <span class='ocrx_word' id='word_1_264' title='bbox 624 2368 817 2420; x_wconf 88' lang='lat' dir='ltr'>nequitiam</span> <span class='ocrx_word' id='word_1_265' title='bbox 851 2382 991 2406; x_wconf 88' lang='lat' dir='ltr'>omnem</span> <span class='ocrx_word' id='word_1_266' title='bbox 1010 2368 1116 2421; x_wconf 85' lang='lat' dir='ltr'>longo</span> <span class='ocrx_word' id='word_1_267' title='bbox 1142 2369 1248 2407; x_wconf 84' lang='lat' dir='ltr'>inter-</span> 
     </span>
     <span class='ocr_line' id='line_1_41' title="bbox 296 2429 1248 2482; baseline 0.005 -17"><span class='ocrx_word' id='word_1_268' title='bbox 296 2429 391 2467; x_wconf 81' lang='lat' dir='ltr'>vallo</span> <span class='ocrx_word' id='word_1_269' title='bbox 416 2439 632 2481; x_wconf 85' lang='lat' dir='ltr'>superarent.</span> <span class='ocrx_word' id='word_1_270' title='bbox 650 2431 799 2482; x_wconf 87' lang='lat' dir='ltr'>Propter</span> <span class='ocrx_word' id='word_1_271' title='bbox 814 2429 882 2468; x_wconf 88' lang='lat' dir='ltr'>hoc</span> <span class='ocrx_word' id='word_1_272' title='bbox 897 2443 980 2481; x_wconf 85' lang='lat' dir='ltr'>ergo</span> <span class='ocrx_word' id='word_1_273' title='bbox 996 2430 1031 2468; x_wconf 92' lang='lat' dir='ltr'>in</span> <span class='ocrx_word' id='word_1_274' title='bbox 1049 2430 1165 2482; x_wconf 83' lang='lat' dir='ltr'>platea</span> <span class='ocrx_word' id='word_1_275' title='bbox 1180 2445 1248 2470; x_wconf 73' lang='lat' dir='ltr'>vo-</span> 
     </span>
     <span class='ocr_line' id='line_1_42' title="bbox 296 2489 1248 2543; baseline 0.003 -17"><span class='ocrx_word' id='word_1_276' title='bbox 296 2489 414 2527; x_wconf 82' lang='lat' dir='ltr'>lebant</span> <span class='ocrx_word' id='word_1_277' title='bbox 432 2504 583 2540; x_wconf 86' lang='lat' dir='ltr'>manere,</span> <span class='ocrx_word' id='word_1_278' title='bbox 611 2500 649 2528; x_wconf 88' lang='lat' dir='ltr'>ut</span> <span class='ocrx_word' id='word_1_279' title='bbox 670 2491 794 2529; x_wconf 86' lang='lat' dir='ltr'>darent</span> <span class='ocrx_word' id='word_1_280' title='bbox 817 2491 916 2543; x_wconf 88' lang='lat' dir='ltr'>justo</span> <span class='ocrx_word' id='word_1_281' title='bbox 941 2490 1158 2529; x_wconf 85' lang='lat' dir='ltr'>occasionem</span> <span class='ocrx_word' id='word_1_282' title='bbox 1185 2492 1248 2530; x_wconf 87' lang='lat' dir='ltr'>de-</span> 
     </span>
     <span class='ocr_line' id='line_1_43' title="bbox 297 2550 1249 2604; baseline 0.003 -17"><span class='ocrx_word' id='word_1_283' title='bbox 297 2550 455 2587; x_wconf 81' lang='lat' dir='ltr'>clarandi</span> <span class='ocrx_word' id='word_1_284' title='bbox 488 2551 764 2603; x_wconf 82' lang='lat' dir='ltr'>hospitalitatem</span> <span class='ocrx_word' id='word_1_285' title='bbox 799 2565 882 2603; x_wconf 84' lang='lat' dir='ltr'>erga</span> <span class='ocrx_word' id='word_1_286' title='bbox 920 2552 1015 2604; x_wconf 88' lang='lat' dir='ltr'>ipsos</span> <span class='ocrx_word' id='word_1_287' title='bbox 1051 2566 1179 2602; x_wconf 86' lang='lat' dir='ltr'>suam,</span> <span class='ocrx_word' id='word_1_288' title='bbox 1216 2562 1249 2591; x_wconf 87' lang='lat' dir='ltr'>et</span> 
     </span>
     <span class='ocr_line' id='line_1_44' title="bbox 298 2611 1247 2665; baseline 0.004 -18"><span class='ocrx_word' id='word_1_289' title='bbox 298 2620 530 2649; x_wconf 83' lang='lat' dir='ltr'>monstrarent</span> <span class='ocrx_word' id='word_1_290' title='bbox 548 2612 578 2649; x_wconf 93' lang='lat' dir='ltr'>ei</span> <span class='ocrx_word' id='word_1_291' title='bbox 604 2612 718 2664; x_wconf 84' lang='lat' dir='ltr'>reipsa</span> <span class='ocrx_word' id='word_1_292' title='bbox 738 2626 847 2663; x_wconf 86' lang='lat' dir='ltr'>quam</span> <span class='ocrx_word' id='word_1_293' title='bbox 864 2611 971 2664; x_wconf 83' lang='lat' dir='ltr'>digne</span> <span class='ocrx_word' id='word_1_294' title='bbox 990 2613 1176 2665; x_wconf 86' lang='lat' dir='ltr'>suppliciis</span> <span class='ocrx_word' id='word_1_295' title='bbox 1195 2613 1247 2651; x_wconf 88' lang='lat' dir='ltr'>illi</span> 
     </span>
     <span class='ocr_line' id='line_1_45' title="bbox 296 2672 1246 2727; baseline 0.005 -20"><span class='ocrx_word' id='word_1_296' title='bbox 296 2672 530 2724; x_wconf 86' lang='lat' dir='ltr'>plecterentur</span> <span class='ocrx_word' id='word_1_297' title='bbox 559 2673 620 2723; x_wconf 84' lang='lat' dir='ltr'>qui</span> <span class='ocrx_word' id='word_1_298' title='bbox 650 2674 685 2712; x_wconf 90' lang='lat' dir='ltr'>in</span> <span class='ocrx_word' id='word_1_299' title='bbox 707 2683 779 2712; x_wconf 86' lang='lat' dir='ltr'>tam</span> <span class='ocrx_word' id='word_1_300' title='bbox 801 2673 973 2726; x_wconf 87' lang='lat' dir='ltr'>stupenda</span> <span class='ocrx_word' id='word_1_301' title='bbox 1000 2673 1134 2725; x_wconf 80' lang='lat' dir='ltr'>flagitia</span> <span class='ocrx_word' id='word_1_302' title='bbox 1162 2689 1246 2727; x_wconf 87' lang='lat' dir='ltr'>pro—</span> 
     </span>
     <span class='ocr_line' id='line_1_46' title="bbox 297 2744 512 2785; baseline 0.014 -16"><span class='ocrx_word' id='word_1_303' title='bbox 297 2744 512 2785; x_wconf 82' lang='lat' dir='ltr'>rumperent.</span> 
     </span>
    </p>
   </div>
   <div class='ocr_carea' id='block_1_9' title="bbox 297 2864 1296 3225">
    <p class='ocr_par' dir='ltr' id='par_1_9' title="bbox 297 2864 1296 3225">
     <span class='ocr_line' id='line_1_47' title="bbox 350 2864 1247 2920; baseline 0.007 -20"><span class='ocrx_word' id='word_1_304' title='bbox 350 2867 385 2901; x_wconf 62' lang='lat' dir='ltr'>J..</span> <span class='ocrx_word' id='word_1_305' title='bbox 416 2864 486 2903; x_wconf 78' lang='lat' dir='ltr'>scd</span> <span class='ocrx_word' id='word_1_306' title='bbox 515 2866 697 2905; x_wconf 82' lang='lat' dir='ltr'>videamus</span> <span class='ocrx_word' id='word_1_307' title='bbox 727 2866 772 2905; x_wconf 89' lang='lat' dir='ltr'>de</span> <span class='ocrx_word' id='word_1_308' title='bbox 800 2876 923 2907; x_wconf 82' lang='lat' dir='ltr'>caetero</span> <span class='ocrx_word' id='word_1_309' title='bbox 956 2868 1131 2920; x_wconf 86' lang='lat' dir='ltr'>ingentem</span> <span class='ocrx_word' id='word_1_310' title='bbox 1158 2868 1247 2920; x_wconf 85' lang='lat' dir='ltr'>justi</span> 
     </span>
     <span class='ocr_line' id='line_1_48' title="bbox 297 2926 1296 2980; baseline 0.006 -17"><span class='ocrx_word' id='word_1_311' title='bbox 297 2926 364 2964; x_wconf 74' lang='lat' dir='ltr'>viri</span> <span class='ocrx_word' id='word_1_312' title='bbox 386 2926 568 2965; x_wconf 75' lang='lat' dir='ltr'>virtutem.</span> <span class='ocrx_word' id='word_1_313' title='bbox 587 2930 626 2966; x_wconf 76' lang='grc'>6.</span> <span class='ocrx_word' id='word_1_314' title='bbox 648 2929 848 2980; x_wconf 82' lang='lat' dir='ltr'>Egressus,</span> <span class='ocrx_word' id='word_1_315' title='bbox 867 2929 999 2980; x_wconf 85' lang='lat' dir='ltr'>inquit,</span> <span class='ocrx_word' id='word_1_316' title='bbox 1030 2930 1084 2967; x_wconf 85' lang='lat' dir='ltr'>ad</span> <span class='ocrx_word' id='word_1_317' title='bbox 1107 2942 1170 2967; x_wconf 84' lang='lat' dir='ltr'>eos</span> <span class='ocrx_word' id='word_1_318' title='bbox 1197 2931 1250 2968; x_wconf 84' lang='lat' dir='ltr'>ad</span> <span class='ocrx_word' id='word_1_319' title='bbox 1274 2939 1296 2970; x_wconf 91' lang='lat' dir='ltr'>C</span> 
     </span>
     <span class='ocr_line' id='line_1_49' title="bbox 299 2988 1246 3042; baseline 0.004 -18"><span class='ocrx_word' id='word_1_320' title='bbox 299 2988 532 3026; x_wconf 78' lang='lat' dir='ltr'>vestibulum</span> <span class='ocrx_word' id='word_1_321' title='bbox 545 3017 554 3033; x_wconf 89' lang='lat'>,</span> <span class='ocrx_word' id='word_1_322' title='bbox 571 2990 734 3039; x_wconf 79' lang='lat' dir='ltr'>januam</span> <span class='ocrx_word' id='word_1_323' title='bbox 753 2991 907 3039; x_wconf 81' lang='lat' dir='ltr'>quidem</span> <span class='ocrx_word' id='word_1_324' title='bbox 926 2991 1066 3029; x_wconf 79' lang='lat' dir='ltr'>clausit</span> <span class='ocrx_word' id='word_1_325' title='bbox 1081 3000 1165 3042; x_wconf 79' lang='lat' dir='ltr'>post</span> <span class='ocrx_word' id='word_1_326' title='bbox 1183 3003 1223 3028; x_wconf 84' lang='lat' dir='ltr'>se</span> <span class='ocrx_word' id='word_1_327' title='bbox 1237 3018 1246 3036; x_wconf 95' lang='lat'>,</span> 
     </span>
     <span class='ocr_line' id='line_1_50' title="bbox 297 3049 1246 3104; baseline 0.006 -20"><span class='ocrx_word' id='word_1_328' title='bbox 297 3049 472 3100; x_wconf 74' lang='lat' dir='ltr'>dixitque</span> <span class='ocrx_word' id='word_1_329' title='bbox 497 3050 552 3087; x_wconf 85' lang='lat' dir='ltr'>ad</span> <span class='ocrx_word' id='word_1_330' title='bbox 579 3063 652 3087; x_wconf 79' lang='lat' dir='ltr'>eos.</span> <span class='ocrx_word' id='word_1_331' title='bbox 676 3050 770 3089; x_wconf 66' lang='lat' dir='ltr'>Yide</span> <span class='ocrx_word' id='word_1_332' title='bbox 799 3051 976 3101; x_wconf 90' lang='lat' dir='ltr'>quomodo</span> <span class='ocrx_word' id='word_1_333' title='bbox 1003 3052 1100 3090; x_wconf 87' lang='lat' dir='ltr'>timet</span> <span class='ocrx_word' id='word_1_334' title='bbox 1115 3053 1246 3104; x_wconf 78' lang='lat' dir='ltr'>justus,</span> 
     </span>
     <span class='ocr_line' id='line_1_51' title="bbox 299 3109 1246 3164; baseline 0.005 -18"><span class='ocrx_word' id='word_1_335' title='bbox 299 3118 331 3146; x_wconf 88' lang='lat' dir='ltr'>et</span> <span class='ocrx_word' id='word_1_336' title='bbox 359 3109 478 3147; x_wconf 84' lang='lat' dir='ltr'>tremit</span> <span class='ocrx_word' id='word_1_337' title='bbox 506 3124 570 3162; x_wconf 89' lang='lat' dir='ltr'>pro</span> <span class='ocrx_word' id='word_1_338' title='bbox 589 3110 768 3162; x_wconf 83' lang='lat' dir='ltr'>hospitum</span> <span class='ocrx_word' id='word_1_339' title='bbox 796 3112 990 3150; x_wconf 85' lang='lat' dir='ltr'>securitate.</span> <span class='ocrx_word' id='word_1_340' title='bbox 1011 3114 1134 3164; x_wconf 90' lang='lat' dir='ltr'>Neque</span> <span class='ocrx_word' id='word_1_341' title='bbox 1153 3114 1246 3151; x_wconf 86' lang='lat' dir='ltr'>enim</span> 
     </span>
     <span class='ocr_line' id='line_1_52' title="bbox 298 3171 1246 3225; baseline 0.006 -19"><span class='ocrx_word' id='word_1_342' title='bbox 298 3179 433 3208; x_wconf 81' lang='lat' dir='ltr'>tantum</span> <span class='ocrx_word' id='word_1_343' title='bbox 452 3171 597 3222; x_wconf 84' lang='lat' dir='ltr'>januam</span> <span class='ocrx_word' id='word_1_344' title='bbox 614 3172 739 3210; x_wconf 87' lang='lat' dir='ltr'>clausit</span> <span class='ocrx_word' id='word_1_345' title='bbox 759 3183 836 3224; x_wconf 83' lang='lat' dir='ltr'>post</span> <span class='ocrx_word' id='word_1_346' title='bbox 853 3187 902 3225; x_wconf 87' lang='lat' dir='ltr'>se,</span> <span class='ocrx_word' id='word_1_347' title='bbox 918 3174 980 3213; x_wconf 87' lang='lat' dir='ltr'>sed</span> <span class='ocrx_word' id='word_1_348' title='bbox 993 3175 1104 3214; x_wconf 85' lang='lat' dir='ltr'>sciens</span> <span class='ocrx_word' id='word_1_349' title='bbox 1124 3189 1246 3214; x_wconf 85' lang='lat' dir='ltr'>eornm</span> 
     </span>
    </p>
   </div>
   <div class='ocr_carea' id='block_1_10' title="bbox 297 3294 1303 3389">
    <p class='ocr_par' dir='ltr' id='par_1_10' title="bbox 297 3294 1303 3389">
     <span class='ocr_line' id='line_1_53' title="bbox 343 3294 1303 3343; baseline 0.006 -19"><span class='ocrx_word' id='word_1_350' title='bbox 343 3296 356 3318; x_wconf 75' lang='lat' dir='ltr'>b</span> <span class='ocrx_word' id='word_1_351' title='bbox 382 3294 502 3336; x_wconf 79' lang='lat' dir='ltr'>[Coisl.</span> <span class='ocrx_word' id='word_1_352' title='bbox 520 3301 551 3325; x_wconf 86' lang='lat' dir='ltr'>ct</span> <span class='ocrx_word' id='word_1_353' title='bbox 575 3294 674 3328; x_wconf 70' lang='lat' dir='ltr'>savit.</span> <span class='ocrx_word' id='word_1_354' title='bbox 693 3296 725 3327; x_wconf 87' lang='lat' dir='ltr'>in</span> <span class='ocrx_word' id='word_1_355' title='bbox 753 3304 842 3329; x_wconf 77' lang='lat' dir='ltr'>textu</span> <span class='ocrx_word' id='word_1_356' title='bbox 860 3302 1140 3343; x_wconf 63' lang='grc' dir='ltr'>ἀπηρνοριωμένως.</span> <span class='ocrx_word' id='word_1_357' title='bbox 1156 3298 1250 3331; x_wconf 84' lang='lat' dir='ltr'>Idem</span> <span class='ocrx_word' id='word_1_358' title='bbox 1270 3298 1303 3330; x_wconf 88' lang='lat' dir='ltr'>in</span> 
     </span>
     <span class='ocr_line' id='line_1_54' title="bbox 297 3345 1303 3389; baseline 0.007 -13"><span class='ocrx_word' id='word_1_359' title='bbox 297 3357 399 3387; x_wconf 65' lang='lat' dir='ltr'>marg.</span> <span class='ocrx_word' id='word_1_360' title='bbox 416 3358 433 3377; x_wconf 79' lang='lat' dir='ltr'>e</span> <span class='ocrx_word' id='word_1_361' title='bbox 451 3347 536 3386; x_wconf 84' lang='lat' dir='ltr'>conj.</span> <span class='ocrx_word' id='word_1_362' title='bbox 565 3345 654 3389; x_wconf 78' lang='lat' dir='ltr'>quod</span> <span class='ocrx_word' id='word_1_363' title='bbox 680 3347 794 3381; x_wconf 80' lang='lat' dir='ltr'>Morel.</span> <span class='ocrx_word' id='word_1_364' title='bbox 814 3356 845 3380; x_wconf 78' lang='lat' dir='ltr'>et</span> <span class='ocrx_word' id='word_1_365' title='bbox 868 3349 985 3382; x_wconf 74' lang='lat' dir='ltr'>Momf.</span> <span class='ocrx_word' id='word_1_366' title='bbox 1004 3353 1035 3383; x_wconf 85' lang='lat' dir='ltr'>in</span> <span class='ocrx_word' id='word_1_367' title='bbox 1064 3358 1154 3383; x_wconf 74' lang='lat' dir='ltr'>textu</span> <span class='ocrx_word' id='word_1_368' title='bbox 1182 3349 1303 3383; x_wconf 54' lang='lat' dir='ltr'>holte-nt</span> 
     </span>
    </p>
   </div>
   <div class='ocr_carea' id='block_1_11' title="bbox 1290 155 1890 186">
    <p class='ocr_par' dir='ltr' id='par_1_11' title="bbox 1290 155 1890 186">
     <span class='ocr_line' id='line_1_55' title="bbox 1290 155 1890 186; baseline 0.003 -2"><span class='ocrx_word' id='word_1_369' title='bbox 1290 155 1492 185; x_wconf 70' lang='lat' dir='ltr'>ARCHOEP.</span> <span class='ocrx_word' id='word_1_370' title='bbox 1533 155 1890 186; x_wconf 70' lang='lat' dir='ltr'>CONSTANTINOP-</span> 
     </span>
    </p>
   </div>
   <div class='ocr_carea' id='block_1_12' title="bbox 1318 235 2344 1635">
    <p class='ocr_par' dir='ltr' id='par_1_12' title="bbox 1318 235 2340 534">
     <span class='ocr_line' id='line_1_56' title="bbox 1318 235 2340 290; baseline 0.004 -17"><span class='ocrx_word' id='word_1_371' title='bbox 1318 235 1512 281; x_wconf 80' lang='grc' dir='ltr'>κτήσασθαι</span> <span class='ocrx_word' id='word_1_372' title='bbox 1547 237 1674 286; x_wconf 67' lang='grc' dir='ltr'>δυνηθῇ</span> <span class='ocrx_word' id='word_1_373' title='bbox 1693 237 1751 275; x_wconf 84' lang='grc' dir='ltr'>τὸν</span> <span class='ocrx_word' id='word_1_374' title='bbox 1777 238 1977 288; x_wconf 76' lang='grc' dir='ltr'>κάμνοντα,</span> <span class='ocrx_word' id='word_1_375' title='bbox 2004 237 2096 290; x_wconf 75' lang='grc' dir='ltr'>δείξῃ</span> <span class='ocrx_word' id='word_1_376' title='bbox 2119 238 2181 286; x_wconf 83' lang='grc' dir='ltr'>τὴν</span> <span class='ocrx_word' id='word_1_377' title='bbox 2202 251 2340 290; x_wconf 53' lang='lat' dir='ltr'>trepton*</span> 
     </span>
     <span class='ocr_line' id='line_1_57' title="bbox 1318 296 2340 352; baseline 0.005 -19"><span class='ocrx_word' id='word_1_378' title='bbox 1318 296 1394 334; x_wconf 85' lang='grc' dir='ltr'>σίαν</span> <span class='ocrx_word' id='word_1_379' title='bbox 1426 299 1487 343; x_wconf 79' lang='grc' dir='ltr'>τ’ῆς</span> <span class='ocrx_word' id='word_1_380' title='bbox 1507 296 1650 348; x_wconf 73' lang='grc' dir='ltr'>τέχνης·</span> <span class='ocrx_word' id='word_1_381' title='bbox 1677 300 1708 336; x_wconf 83' lang='grc' dir='ltr'>εἰ</span> <span class='ocrx_word' id='word_1_382' title='bbox 1740 299 1775 337; x_wconf 83' lang='grc' dir='ltr'>δὲ</span> <span class='ocrx_word' id='word_1_383' title='bbox 1795 299 1902 350; x_wconf 74' lang='grc' dir='ltr'>μηδὲν</span> <span class='ocrx_word' id='word_1_384' title='bbox 1932 299 2038 337; x_wconf 82' lang='grc' dir='ltr'>πλέον</span> <span class='ocrx_word' id='word_1_385' title='bbox 2056 299 2171 346; x_wconf 82' lang='grc' dir='ltr'>ἀνύει,</span> <span class='ocrx_word' id='word_1_386' title='bbox 2191 300 2255 352; x_wconf 75' lang='grc' dir='ltr'>ἔχῃ</span> <span class='ocrx_word' id='word_1_387' title='bbox 2276 302 2340 347; x_wconf 76' lang='grc' dir='ltr'>τὴν</span> 
     </span>
     <span class='ocr_line' id='line_1_58' title="bbox 1319 357 2340 412; baseline 0.003 -17"><span class='ocrx_word' id='word_1_388' title='bbox 1319 357 1486 408; x_wconf 77' lang='grc' dir='ltr'>μεγίστην</span> <span class='ocrx_word' id='word_1_389' title='bbox 1510 358 1714 409; x_wconf 84' lang='grc' dir='ltr'>ἀπολογίαν,</span> <span class='ocrx_word' id='word_1_390' title='bbox 1744 359 1797 397; x_wconf 76' lang='grc' dir='ltr'>ὅτι</span> <span class='ocrx_word' id='word_1_391' title='bbox 1822 358 1920 398; x_wconf 77' lang='grc' dir='ltr'>οὐδὲν</span> <span class='ocrx_word' id='word_1_392' title='bbox 1939 362 2008 398; x_wconf 79' lang='grc' dir='ltr'>τῶν</span> <span class='ocrx_word' id='word_1_393' title='bbox 2027 360 2274 412; x_wconf 78' lang='grc' dir='ltr'>προσηκόντων</span> <span class='ocrx_word' id='word_1_394' title='bbox 2293 363 2340 403; x_wconf 79' lang='grc' dir='ltr'>εἷς</span> 
     </span>
     <span class='ocr_line' id='line_1_59' title="bbox 1320 418 2340 472; baseline 0.002 -16"><span class='ocrx_word' id='word_1_395' title='bbox 1320 418 1421 456; x_wconf 84' lang='grc' dir='ltr'>αὐτὸν</span> <span class='ocrx_word' id='word_1_396' title='bbox 1435 418 1625 470; x_wconf 78' lang='grc' dir='ltr'>παρέλιπεν</span> <span class='ocrx_word' id='word_1_397' title='bbox 1636 434 1643 440; x_wconf 95' lang='grc'>·</span> <span class='ocrx_word' id='word_1_398' title='bbox 1660 418 1678 456; x_wconf 81' lang='grc' dir='ltr'>ὃ</span> <span class='ocrx_word' id='word_1_399' title='bbox 1693 419 1735 466; x_wconf 81' lang='grc' dir='ltr'>’δὴ</span> <span class='ocrx_word' id='word_1_400' title='bbox 1755 420 1815 458; x_wconf 79' lang='grc' dir='ltr'>καὶ</span> <span class='ocrx_word' id='word_1_401' title='bbox 1833 422 1980 458; x_wconf 76' lang='grc' dir='ltr'>ἐνταῦθα</span> <span class='ocrx_word' id='word_1_402' title='bbox 1998 421 2194 472; x_wconf 82' lang='grc' dir='ltr'>γεγένηται.</span> <span class='ocrx_word' id='word_1_403' title='bbox 2211 420 2257 458; x_wconf 88' lang='grc' dir='ltr'>Ὁ</span> <span class='ocrx_word' id='word_1_404' title='bbox 2278 420 2340 470; x_wconf 82' lang='grc' dir='ltr'>μὲν</span> 
     </span>
     <span class='ocr_line' id='line_1_60' title="bbox 1319 474 2339 534; baseline 0.003 -18"><span class='ocrx_word' id='word_1_405' title='bbox 1319 479 1386 532; x_wconf 83' lang='grc' dir='ltr'>γὰρ</span> <span class='ocrx_word' id='word_1_406' title='bbox 1403 480 1533 523; x_wconf 81' lang='grc' dir='ltr'>δίκαιος</span> <span class='ocrx_word' id='word_1_407' title='bbox 1555 474 1651 523; x_wconf 59' lang='grc' dir='ltr'>οὗτος</span> <span class='ocrx_word' id='word_1_408' title='bbox 1682 496 1740 518; x_wconf 89' lang='grc' dir='ltr'>και</span> <span class='ocrx_word' id='word_1_409' title='bbox 1758 480 1890 518; x_wconf 89' lang='grc' dir='ltr'>τούτων</span> <span class='ocrx_word' id='word_1_410' title='bbox 1909 483 1944 519; x_wconf 82' lang='grc' dir='ltr'>ἓν</span> <span class='ocrx_word' id='word_1_411' title='bbox 1965 481 2062 533; x_wconf 82' lang='grc' dir='ltr'>μέσῳ</span> <span class='ocrx_word' id='word_1_412' title='bbox 2080 481 2339 534; x_wconf 66' lang='grc' dir='ltr'>ἀναστρεφόμε-</span> 
     </span>
    </p>

    <p class='ocr_par' dir='ltr' id='par_1_13' title="bbox 1318 540 2344 1450">
     <span class='ocr_line' id='line_1_61' title="bbox 1320 540 2340 592; baseline 0 -15"><span class='ocrx_word' id='word_1_413' title='bbox 1320 555 1396 587; x_wconf 90' lang='grc' dir='ltr'>νος,</span> <span class='ocrx_word' id='word_1_414' title='bbox 1416 557 1474 578; x_wconf 91' lang='grc' dir='ltr'>και</span> <span class='ocrx_word' id='word_1_415' title='bbox 1502 540 1608 584; x_wconf 80' lang='grc' dir='ltr'>ούτως</span> <span class='ocrx_word' id='word_1_416' title='bbox 1627 540 1726 578; x_wconf 71' lang='grc' dir='ltr'>ἔμενε</span> <span class='ocrx_word' id='word_1_417' title='bbox 1745 540 1876 584; x_wconf 81' lang='grc' dir='ltr'>δίκαιος</span> <span class='ocrx_word' id='word_1_418' title='bbox 1894 541 2027 588; x_wconf 83' lang='grc' dir='ltr'>πολλὴν</span> <span class='ocrx_word' id='word_1_419' title='bbox 2047 540 2111 588; x_wconf 84' lang='grc' dir='ltr'>τὴν</span> <span class='ocrx_word' id='word_1_420' title='bbox 2136 541 2340 592; x_wconf 76' lang='grc' dir='ltr'>φιλοσοφίαν</span> 
     </span>
     <span class='ocr_line' id='line_1_62' title="bbox 1320 601 2342 653; baseline 0 -15"><span class='ocrx_word' id='word_1_421' title='bbox 1320 603 1435 640; x_wconf 76' lang='grc' dir='ltr'>ἐκδεικ</span> <span class='ocrx_word' id='word_1_422' title='bbox 1438 601 1604 653; x_wconf 83' lang='grc' dir='ltr'>νύμενος·</span> <span class='ocrx_word' id='word_1_423' title='bbox 1627 605 1751 641; x_wconf 79' lang='grc' dir='ltr'>ἐκεῖνοι</span> <span class='ocrx_word' id='word_1_424' title='bbox 1781 602 1816 640; x_wconf 85' lang='grc' dir='ltr'>δε</span> <span class='ocrx_word' id='word_1_425' title='bbox 1836 602 1895 640; x_wconf 85' lang='grc' dir='ltr'>καὶ</span> <span class='ocrx_word' id='word_1_426' title='bbox 1915 601 1972 640; x_wconf 78' lang='grc' dir='ltr'>διὰ</span> <span class='ocrx_word' id='word_1_427' title='bbox 1990 606 2092 640; x_wconf 80' lang='grc' dir='ltr'>τοῦτο</span> <span class='ocrx_word' id='word_1_428' title='bbox 2117 605 2206 648; x_wconf 78' lang='grc' dir='ltr'>ἦσαν</span> <span class='ocrx_word' id='word_1_429' title='bbox 2226 601 2342 647; x_wconf 84' lang='grc' dir='ltr'>πάσης</span> 
     </span>
     <span class='ocr_line' id='line_1_63' title="bbox 1321 660 2340 715; baseline -0.002 -15"><span class='ocrx_word' id='word_1_430' title='bbox 1321 663 1528 713; x_wconf 70' lang='grc' dir='ltr'>συγγνώμης</span> <span class='ocrx_word' id='word_1_431' title='bbox 1557 662 1857 715; x_wconf 82' lang='grc' dir='ltr'>ἀπεστερημένοι,</span> <span class='ocrx_word' id='word_1_432' title='bbox 1877 662 1930 701; x_wconf 89' lang='grc' dir='ltr'>ο’τι</span> <span class='ocrx_word' id='word_1_433' title='bbox 1948 664 1986 700; x_wconf 80' lang='grc' dir='ltr'>οὗ</span> <span class='ocrx_word' id='word_1_434' title='bbox 2008 661 2110 713; x_wconf 79' lang='grc' dir='ltr'>μόνον</span> <span class='ocrx_word' id='word_1_435' title='bbox 2130 663 2192 700; x_wconf 73' lang='grc' dir='ltr'>οὐκ</span> <span class='ocrx_word' id='word_1_436' title='bbox 2216 660 2340 708; x_wconf 81' lang='grc' dir='ltr'>ἔληξαν</span> 
     </span>
     <span class='ocr_line' id='line_1_64' title="bbox 1319 719 2341 774; baseline 0 -14"><span class='ocrx_word' id='word_1_437' title='bbox 1319 726 1380 769; x_wconf 72' lang='grc' dir='ltr'>τῆς</span> <span class='ocrx_word' id='word_1_438' title='bbox 1407 723 1550 769; x_wconf 80' lang='grc' dir='ltr'>κακίας,</span> <span class='ocrx_word' id='word_1_439' title='bbox 1568 724 1658 762; x_wconf 78' lang='grc' dir='ltr'>ἀλλὰ</span> <span class='ocrx_word' id='word_1_440' title='bbox 1677 724 1735 762; x_wconf 74' lang='grc' dir='ltr'>καὶ</span> <span class='ocrx_word' id='word_1_441' title='bbox 1754 725 1886 772; x_wconf 72' lang='grc' dir='ltr'>μᾶλλον</span> <span class='ocrx_word' id='word_1_442' title='bbox 1908 719 2016 771; x_wconf 71' lang='grc' dir='ltr'>αὐτὴν</span> <span class='ocrx_word' id='word_1_443' title='bbox 2035 722 2225 761; x_wconf 80' lang='grc' dir='ltr'>ἐπέτειναν.</span> <span class='ocrx_word' id='word_1_444' title='bbox 2246 722 2341 774; x_wconf 59' lang='grc' dir='ltr'>σΟρα</span> 
     </span>
     <span class='ocr_line' id='line_1_65' title="bbox 1319 783 2340 837; baseline 0 -17"><span class='ocrx_word' id='word_1_445' title='bbox 1319 783 1405 834; x_wconf 74' lang='grc' dir='ltr'>γάρ·</span> <span class='ocrx_word' id='word_1_446' title='bbox 1436 785 1742 836; x_wconf 82' lang='grc' dir='ltr'>Περιεκύκλωσαν,</span> <span class='ocrx_word' id='word_1_447' title='bbox 1775 784 1858 837; x_wconf 68' lang='grc' dir='ltr'>φησὶ</span> <span class='ocrx_word' id='word_1_448' title='bbox 1875 815 1883 833; x_wconf 90' lang='grc'>,</span> <span class='ocrx_word' id='word_1_449' title='bbox 1903 784 1968 831; x_wconf 70' lang='grc' dir='ltr'>τὴν</span> <span class='ocrx_word' id='word_1_450' title='bbox 1995 783 2104 822; x_wconf 84' lang='grc' dir='ltr'>οἰκίαν</span> <span class='ocrx_word' id='word_1_451' title='bbox 2125 783 2195 822; x_wconf 86' lang='grc' dir='ltr'>ἀπὸ</span> <span class='ocrx_word' id='word_1_452' title='bbox 2226 783 2340 821; x_wconf 86' lang='grc' dir='ltr'>νεανί-</span> 
     </span>
     <span class='ocr_line' id='line_1_66' title="bbox 1320 845 2338 898; baseline 0 -16"><span class='ocrx_word' id='word_1_453' title='bbox 1320 860 1402 883; x_wconf 86' lang='grc' dir='ltr'>σκου</span> <span class='ocrx_word' id='word_1_454' title='bbox 1430 846 1492 889; x_wconf 84' lang='grc' dir='ltr'>ἕως</span> <span class='ocrx_word' id='word_1_455' title='bbox 1520 846 1736 898; x_wconf 68' lang='grc' dir='ltr'>πρεσὲύτου,</span> <span class='ocrx_word' id='word_1_456' title='bbox 1758 849 1775 884; x_wconf 84' lang='grc' dir='ltr'>ὃ</span> <span class='ocrx_word' id='word_1_457' title='bbox 1801 847 1882 890; x_wconf 85' lang='grc' dir='ltr'>λαὸς</span> <span class='ocrx_word' id='word_1_458' title='bbox 1899 845 1987 897; x_wconf 85' lang='grc' dir='ltr'>ἅμα.</span> <span class='ocrx_word' id='word_1_459' title='bbox 2008 845 2168 896; x_wconf 84' lang='grc' dir='ltr'>Μεγίστη</span> <span class='ocrx_word' id='word_1_460' title='bbox 2188 848 2251 892; x_wconf 83' lang='grc' dir='ltr'>τ’ῆς</span> <span class='ocrx_word' id='word_1_461' title='bbox 2269 860 2338 882; x_wconf 87' lang='grc' dir='ltr'>πο-</span> 
     </span>
     <span class='ocr_line' id='line_1_67' title="bbox 1318 906 2340 959; baseline 0.001 -17"><span class='ocrx_word' id='word_1_462' title='bbox 1318 906 1438 957; x_wconf 86' lang='grc' dir='ltr'>νηρίας</span> <span class='ocrx_word' id='word_1_463' title='bbox 1453 909 1474 953; x_wconf 82' lang='grc' dir='ltr'>ἡ</span> <span class='ocrx_word' id='word_1_464' title='bbox 1490 907 1690 959; x_wconf 65' lang='grc' dir='ltr'>συμφωνία,</span> <span class='ocrx_word' id='word_1_465' title='bbox 1707 908 1819 955; x_wconf 83' lang='grc' dir='ltr'>πολλὴ</span> <span class='ocrx_word' id='word_1_466' title='bbox 1835 910 1898 953; x_wconf 79' lang='grc' dir='ltr'>τῆς</span> <span class='ocrx_word' id='word_1_467' title='bbox 1912 907 2068 953; x_wconf 74' lang='grc' dir='ltr'>κακίας-ἡ</span> <span class='ocrx_word' id='word_1_468' title='bbox 2086 906 2174 959; x_wconf 66' lang='grc' dir='ltr'>φορὰ</span> <span class='ocrx_word' id='word_1_469' title='bbox 2185 934 2194 952; x_wconf 88' lang='grc'>,</span> <span class='ocrx_word' id='word_1_470' title='bbox 2210 906 2340 958; x_wconf 72' lang='grc' dir='ltr'>ἄφατος</span> 
     </span>
     <span class='ocr_line' id='line_1_68' title="bbox 1319 966 2340 1020; baseline 0.001 -17"><span class='ocrx_word' id='word_1_471' title='bbox 1319 968 1381 1011; x_wconf 68' lang='grc' dir='ltr'>τῆς</span> <span class='ocrx_word' id='word_1_472' title='bbox 1411 968 1628 1018; x_wconf 80' lang='grc' dir='ltr'>παρανομίας</span> <span class='ocrx_word' id='word_1_473' title='bbox 1645 971 1667 1014; x_wconf 76' lang='grc' dir='ltr'>ἦ</span> <span class='ocrx_word' id='word_1_474' title='bbox 1686 968 1861 1020; x_wconf 70' lang='grc' dir='ltr'>ὑπερὸολὴ</span> <span class='ocrx_word' id='word_1_475' title='bbox 1875 996 1885 1014; x_wconf 89' lang='grc'>,</span> <span class='ocrx_word' id='word_1_476' title='bbox 1905 968 2146 1020; x_wconf 82' lang='grc' dir='ltr'>ἀσύγγνωστος</span> <span class='ocrx_word' id='word_1_477' title='bbox 2162 971 2184 1014; x_wconf 81' lang='grc' dir='ltr'>ἡ</span> <span class='ocrx_word' id='word_1_478' title='bbox 2207 966 2340 1018; x_wconf 72' lang='grc' dir='ltr'>ἐπιχεί-</span> 
     </span>
     <span class='ocr_line' id='line_1_69' title="bbox 1322 1029 2339 1082; baseline 0 -16"><span class='ocrx_word' id='word_1_479' title='bbox 1322 1044 1430 1080; x_wconf 87' lang='grc' dir='ltr'>ρησις.</span> <span class='ocrx_word' id='word_1_480' title='bbox 1466 1029 1558 1067; x_wconf 83' lang='grc' dir='ltr'>Ἀπὸ,</span> <span class='ocrx_word' id='word_1_481' title='bbox 1573 1029 1774 1077; x_wconf 83' lang='grc' dir='ltr'>νεανίσκου,</span> <span class='ocrx_word' id='word_1_482' title='bbox 1808 1030 1928 1082; x_wconf 80' lang='grc' dir='ltr'>φησὶν,</span> <span class='ocrx_word' id='word_1_483' title='bbox 1955 1031 2019 1074; x_wconf 81' lang='grc' dir='ltr'>ἕως</span> <span class='ocrx_word' id='word_1_484' title='bbox 2047 1030 2256 1082; x_wconf 75' lang='grc' dir='ltr'>πρεσὸύτου.</span> <span class='ocrx_word' id='word_1_485' title='bbox 2286 1030 2339 1067; x_wconf 80' lang='grc' dir='ltr'>Οὐ</span> 
     </span>
     <span class='ocr_line' id='line_1_70' title="bbox 1321 1085 2342 1143; baseline 0 -16"><span class='ocrx_word' id='word_1_486' title='bbox 1321 1090 1422 1139; x_wconf 87' lang='grc' dir='ltr'>μόνον</span> <span class='ocrx_word' id='word_1_487' title='bbox 1441 1091 1462 1136; x_wconf 79' lang='grc' dir='ltr'>ἡ</span> <span class='ocrx_word' id='word_1_488' title='bbox 1478 1090 1620 1137; x_wconf 84' lang='grc' dir='ltr'>νεότης,</span> <span class='ocrx_word' id='word_1_489' title='bbox 1641 1092 1757 1142; x_wconf 73' lang='grc' dir='ltr'>φησὶν,</span> <span class='ocrx_word' id='word_1_490' title='bbox 1776 1085 1818 1137; x_wconf 65' lang='grc' dir='ltr'>ἧν</span> <span class='ocrx_word' id='word_1_491' title='bbox 1835 1094 1857 1138; x_wconf 77' lang='grc' dir='ltr'><strong>ἦ</strong></span> <span class='ocrx_word' id='word_1_492' title='bbox 1877 1091 1922 1129; x_wconf 80' lang='grc' dir='ltr'>τὰ</span> <span class='ocrx_word' id='word_1_493' title='bbox 1937 1091 2124 1143; x_wconf 81' lang='grc' dir='ltr'>παράνομα</span> <span class='ocrx_word' id='word_1_494' title='bbox 2137 1093 2248 1128; x_wconf 73' lang='grc' dir='ltr'>ταῦτα</span> <span class='ocrx_word' id='word_1_495' title='bbox 2268 1092 2342 1128; x_wconf 82' lang='grc' dir='ltr'>ἐπι·</span> 
     </span>
     <span class='ocr_line' id='line_1_71' title="bbox 1322 1150 2342 1204; baseline -0.001 -15"><span class='ocrx_word' id='word_1_496' title='bbox 1322 1154 1496 1199; x_wconf 54' lang='grc' dir='ltr'>ζητοῦσα,</span> <span class='ocrx_word' id='word_1_497' title='bbox 1522 1152 1612 1190; x_wconf 85' lang='grc' dir='ltr'>ἀλλὰ</span> <span class='ocrx_word' id='word_1_498' title='bbox 1633 1152 1691 1191; x_wconf 78' lang='grc' dir='ltr'>καὶ</span> <span class='ocrx_word' id='word_1_499' title='bbox 1725 1154 1755 1190; x_wconf 83' lang='grc' dir='ltr'>οἱ</span> <span class='ocrx_word' id='word_1_500' title='bbox 1791 1152 1986 1204; x_wconf 66' lang='grc' dir='ltr'>πρεσὸὔται</span> <span class='ocrx_word' id='word_1_501' title='bbox 2016 1151 2079 1199; x_wconf 80' lang='grc' dir='ltr'>τὴν</span> <span class='ocrx_word' id='word_1_502' title='bbox 2099 1150 2251 1199; x_wconf 79' lang='grc' dir='ltr'>ἠλικίαν,</span> <span class='ocrx_word' id='word_1_503' title='bbox 2283 1150 2342 1189; x_wconf 77' lang='grc' dir='ltr'>καὶ</span> 
     </span>
     <span class='ocr_line' id='line_1_72' title="bbox 1321 1211 2344 1264; baseline -0.002 -13"><span class='ocrx_word' id='word_1_504' title='bbox 1321 1220 1388 1257; x_wconf 79' lang='grc' dir='ltr'>πᾶς</span> <span class='ocrx_word' id='word_1_505' title='bbox 1407 1217 1424 1252; x_wconf 81' lang='grc' dir='ltr'>ὅ</span> <span class='ocrx_word' id='word_1_506' title='bbox 1442 1213 1524 1257; x_wconf 82' lang='grc' dir='ltr'>λαὸς</span> <span class='ocrx_word' id='word_1_507' title='bbox 1542 1214 1626 1264; x_wconf 77' lang='grc' dir='ltr'>ἅμα.</span> <span class='ocrx_word' id='word_1_508' title='bbox 1648 1214 1717 1252; x_wconf 77' lang='grc' dir='ltr'>Καὶ</span> <span class='ocrx_word' id='word_1_509' title='bbox 1731 1213 1810 1252; x_wconf 79' lang='grc' dir='ltr'>οὔτε</span> <span class='ocrx_word' id='word_1_510' title='bbox 1831 1213 1894 1261; x_wconf 86' lang='grc' dir='ltr'>τὴν</span> <span class='ocrx_word' id='word_1_511' title='bbox 1914 1214 2046 1264; x_wconf 86' lang='grc' dir='ltr'>τόλμαν</span> <span class='ocrx_word' id='word_1_512' title='bbox 2062 1213 2124 1260; x_wconf 86' lang='grc' dir='ltr'>τὴν</span> <span class='ocrx_word' id='word_1_513' title='bbox 2145 1213 2268 1259; x_wconf 81' lang='grc' dir='ltr'>ἀναιδῆ</span> <span class='ocrx_word' id='word_1_514' title='bbox 2284 1211 2344 1250; x_wconf 87' lang='grc' dir='ltr'>καὶ</span> 
     </span>
     <span class='ocr_line' id='line_1_73' title="bbox 1322 1273 2342 1327; baseline -0.003 -15"><span class='ocrx_word' id='word_1_515' title='bbox 1322 1275 1548 1327; x_wconf 71' lang='grc' dir='ltr'>ἀναίσχυντον</span> <span class='ocrx_word' id='word_1_516' title='bbox 1581 1274 1712 1323; x_wconf 80' lang='grc' dir='ltr'>ταύτην</span> <span class='ocrx_word' id='word_1_517' title='bbox 1744 1277 1910 1327; x_wconf 76' lang='grc' dir='ltr'>ᾐδοῦντο,</span> <span class='ocrx_word' id='word_1_518' title='bbox 1943 1274 2020 1313; x_wconf 84' lang='grc' dir='ltr'>οὔτε</span> <span class='ocrx_word' id='word_1_519' title='bbox 2060 1273 2118 1312; x_wconf 82' lang='grc' dir='ltr'>τὸν</span> <span class='ocrx_word' id='word_1_520' title='bbox 2153 1273 2342 1324; x_wconf 83' lang='grc' dir='ltr'>ἀκοίμητον</span> 
     </span>
     <span class='ocr_line' id='line_1_74' title="bbox 1321 1334 2342 1389; baseline -0.003 -14"><span class='ocrx_word' id='word_1_521' title='bbox 1321 1338 1497 1389; x_wconf 67' lang='grc' dir='ltr'>ὀφθαλμὸν</span> <span class='ocrx_word' id='word_1_522' title='bbox 1522 1339 1570 1380; x_wconf 87' lang='grc' dir='ltr'>εἷς</span> <span class='ocrx_word' id='word_1_523' title='bbox 1599 1336 1729 1374; x_wconf 85' lang='grc' dir='ltr'>ἔννοιαν</span> <span class='ocrx_word' id='word_1_524' title='bbox 1766 1338 1804 1374; x_wconf 82' lang='grc' dir='ltr'>ἐλ</span> <span class='ocrx_word' id='word_1_525' title='bbox 1807 1336 1976 1388; x_wconf 64' lang='grc' dir='ltr'>άμὲανον,</span> <span class='ocrx_word' id='word_1_526' title='bbox 2008 1336 2086 1374; x_wconf 89' lang='grc' dir='ltr'>οὔτε</span> <span class='ocrx_word' id='word_1_527' title='bbox 2119 1335 2178 1373; x_wconf 82' lang='grc' dir='ltr'>τὸν</span> <span class='ocrx_word' id='word_1_528' title='bbox 2211 1334 2342 1373; x_wconf 89' lang='grc' dir='ltr'>δίκαιον</span> 
     </span>
     <span class='ocr_line' id='line_1_75' title="bbox 1321 1395 2340 1451; baseline -0.002 -14.99"><span class='ocrx_word' id='word_1_529' title='bbox 1321 1399 1533 1451; x_wconf 71' lang='grc' dir='ltr'>ησχύνοντο,</span> <span class='ocrx_word' id='word_1_530' title='bbox 1556 1398 1634 1436; x_wconf 83' lang='grc' dir='ltr'>οὔτε</span> <span class='ocrx_word' id='word_1_531' title='bbox 1661 1400 1730 1436; x_wconf 82' lang='grc' dir='ltr'>τῶν</span> <span class='ocrx_word' id='word_1_532' title='bbox 1751 1398 1853 1442; x_wconf 83' lang='grc' dir='ltr'>ξένων</span> <span class='ocrx_word' id='word_1_533' title='bbox 1872 1397 2106 1449; x_wconf 84' lang='grc' dir='ltr'>νομιζομένων</span> <span class='ocrx_word' id='word_1_534' title='bbox 2125 1413 2184 1436; x_wconf 90' lang='grc' dir='ltr'>και</span> <span class='ocrx_word' id='word_1_535' title='bbox 2200 1396 2258 1435; x_wconf 72' lang='grc' dir='ltr'>ἐπὶ</span> <span class='ocrx_word' id='word_1_536' title='bbox 2276 1395 2340 1443; x_wconf 82' lang='grc' dir='ltr'>τὴν</span> 
     </span>
    </p>

    <p class='ocr_par' dir='ltr' id='par_1_14' title="bbox 1321 1457 2344 1635">
     <span class='ocr_line' id='line_1_76' title="bbox 1321 1457 2342 1512; baseline -0.001 -16"><span class='ocrx_word' id='word_1_537' title='bbox 1321 1463 1380 1497; x_wconf 77' lang='grc' dir='ltr'>τοῦ</span> <span class='ocrx_word' id='word_1_538' title='bbox 1392 1460 1524 1498; x_wconf 86' lang='grc' dir='ltr'>οικαίου</span> <span class='ocrx_word' id='word_1_539' title='bbox 1538 1461 1597 1512; x_wconf 67' lang='grc' dir='ltr'>φιλ</span> <span class='ocrx_word' id='word_1_540' title='bbox 1590 1459 1652 1504; x_wconf 82' lang='grc' dir='ltr'>οξε</span> <span class='ocrx_word' id='word_1_541' title='bbox 1656 1459 1729 1497; x_wconf 83' lang='grc' dir='ltr'>νίαν</span> <span class='ocrx_word' id='word_1_542' title='bbox 1744 1458 1859 1498; x_wconf 82' lang='grc' dir='ltr'>αὖτοθι</span> <span class='ocrx_word' id='word_1_543' title='bbox 1873 1459 2142 1498; x_wconf 81' lang='grc' dir='ltr'>καταλυσάντων</span> <span class='ocrx_word' id='word_1_544' title='bbox 2156 1457 2309 1510; x_wconf 62' lang='grc' dir='ltr'>ἐφείδονι</span> <span class='ocrx_word' id='word_1_545' title='bbox 2312 1474 2342 1505; x_wconf 88' lang='grc' dir='ltr'>ο,</span> 
     </span>
     <span class='ocr_line' id='line_1_77' title="bbox 1323 1519 2341 1573; baseline -0.003 -15"><span class='ocrx_word' id='word_1_546' title='bbox 1323 1523 1399 1559; x_wconf 87' lang='grc' dir='ltr'>ἀλλ’</span> <span class='ocrx_word' id='word_1_547' title='bbox 1421 1519 1779 1573; x_wconf 67' lang='grc' dir='ltr'>ι’ἀπηρ’.)Θριοισμένως</span> <span class='ocrx_word' id='word_1_548' title='bbox 1815 1520 1872 1558; x_wconf 73' lang='grc' dir='ltr'>καὶ</span> <span class='ocrx_word' id='word_1_549' title='bbox 1899 1523 2037 1572; x_wconf 75' lang='grc' dir='ltr'>γυμνῇ,</span> <span class='ocrx_word' id='word_1_550' title='bbox 2068 1523 2114 1564; x_wconf 84' lang='grc' dir='ltr'>ὡς</span> <span class='ocrx_word' id='word_1_551' title='bbox 2146 1521 2271 1567; x_wconf 78' lang='grc' dir='ltr'>εἰπεῖν,</span> <span class='ocrx_word' id='word_1_552' title='bbox 2298 1521 2341 1569; x_wconf 75' lang='grc' dir='ltr'>τῇ</span> 
     </span>
     <span class='ocr_line' id='line_1_78' title="bbox 1323 1581 2344 1635; baseline -0.002 -14"><span class='ocrx_word' id='word_1_553' title='bbox 1323 1585 1456 1635; x_wconf 73' lang='grc' dir='ltr'>κεφαλῇ</span> <span class='ocrx_word' id='word_1_554' title='bbox 1488 1583 1532 1620; x_wconf 77' lang='grc' dir='ltr'>τὰ</span> <span class='ocrx_word' id='word_1_555' title='bbox 1563 1587 1623 1630; x_wconf 72' lang='grc' dir='ltr'>τῆς</span> <span class='ocrx_word' id='word_1_556' title='bbox 1658 1582 1838 1633; x_wconf 77' lang='grc' dir='ltr'>ἀσελγείας</span> <span class='ocrx_word' id='word_1_557' title='bbox 1870 1585 1984 1621; x_wconf 82' lang='grc' dir='ltr'>ἐκεῖνα</span> <span class='ocrx_word' id='word_1_558' title='bbox 2013 1581 2155 1635; x_wconf 73' lang='grc' dir='ltr'>ῥήματα</span> <span class='ocrx_word' id='word_1_559' title='bbox 2184 1581 2344 1633; x_wconf 86' lang='grc' dir='ltr'>λέγοντες</span> 
     </span>
    </p>
   </div>
   <div class='ocr_carea' id='block_1_13' title="bbox 796 1637 2344 1695">
    <p class='ocr_par' dir='ltr' id='par_1_15' title="bbox 796 1637 2344 1695">
     <span class='ocr_line' id='line_1_79' title="bbox 796 1637 2344 1695; baseline -0.002 -12"><span class='ocrx_word' id='word_1_560' title='bbox 796 1637 872 1676; x_wconf 65' lang='lat' dir='ltr'>Ubi</span> <span class='ocrx_word' id='word_1_561' title='bbox 893 1647 982 1676; x_wconf 64' lang='lat' dir='ltr'>Sunt</span> <span class='ocrx_word' id='word_1_562' title='bbox 1004 1640 1082 1676; x_wconf 68' lang='lat' dir='ltr'>‘viri</span> <span class='ocrx_word' id='word_1_563' title='bbox 1100 1640 1169 1689; x_wconf 70' lang='lat' dir='ltr'>qui</span> <span class='ocrx_word' id='word_1_564' title='bbox 1189 1641 1248 1675; x_wconf 84' lang='lat' dir='ltr'>in·</span> <span class='ocrx_word' id='word_1_565' title='bbox 1261 1665 1309 1690; x_wconf 47' lang='grc' dir='ltr'>[φο</span> <span class='ocrx_word' id='word_1_566' title='bbox 1323 1643 1509 1695; x_wconf 83' lang='grc' dir='ltr'>προσίασι,</span> <span class='ocrx_word' id='word_1_567' title='bbox 1530 1643 1590 1680; x_wconf 79' lang='grc' dir='ltr'>καὶ</span> <span class='ocrx_word' id='word_1_568' title='bbox 1614 1642 1822 1685; x_wconf 74' lang='grc' dir='ltr'>καλέσαντες</span> <span class='ocrx_word' id='word_1_569' title='bbox 1851 1642 1908 1679; x_wconf 84' lang='grc' dir='ltr'>τὸν</span> <span class='ocrx_word' id='word_1_570' title='bbox 1936 1641 2080 1690; x_wconf 82' lang='grc' dir='ltr'>δίκαιον,</span> <span class='ocrx_word' id='word_1_571' title='bbox 2109 1641 2226 1693; x_wconf 83' lang='grc' dir='ltr'>ἔλεγον</span> <span class='ocrx_word' id='word_1_572' title='bbox 2259 1641 2344 1692; x_wconf 83' lang='grc' dir='ltr'>πρὸς</span> 
     </span>
    </p>
   </div>
   <div class='ocr_carea' id='block_1_14' title="bbox 1320 1703 2344 2000">
    <p class='ocr_par' dir='ltr' id='par_1_16' title="bbox 1322 1703 2344 1876">
     <span class='ocr_line' id='line_1_80' title="bbox 1324 1703 2343 1755; baseline -0.002 -13"><span class='ocrx_word' id='word_1_573' title='bbox 1324 1704 1442 1742; x_wconf 83' lang='grc' dir='ltr'>αὐτόν·</span> <span class='ocrx_word' id='word_1_574' title='bbox 1463 1706 1539 1742; x_wconf 90' lang='grc' dir='ltr'>Που</span> <span class='ocrx_word' id='word_1_575' title='bbox 1559 1706 1645 1742; x_wconf 85' lang='grc' dir='ltr'>εἰσιν</span> <span class='ocrx_word' id='word_1_576' title='bbox 1666 1705 1697 1741; x_wconf 81' lang='grc' dir='ltr'>οἱ</span> <span class='ocrx_word' id='word_1_577' title='bbox 1719 1704 1838 1754; x_wconf 79' lang='grc' dir='ltr'>ἄνδρες</span> <span class='ocrx_word' id='word_1_578' title='bbox 1859 1705 1890 1741; x_wconf 78' lang='grc' dir='ltr'>οἳ</span> <span class='ocrx_word' id='word_1_579' title='bbox 1907 1703 2115 1747; x_wconf 81' lang='grc' dir='ltr'>εἰσελθόντες</span> <span class='ocrx_word' id='word_1_580' title='bbox 2129 1703 2215 1755; x_wconf 85' lang='grc' dir='ltr'>πρὸς</span> <span class='ocrx_word' id='word_1_581' title='bbox 2230 1705 2342 1753; x_wconf 75' lang='grc' dir='ltr'>ὑμᾶς·</span> <span class='ocrx_word' id='word_1_582' title='bbox 2333 1733 2343 1749; x_wconf 96' lang='grc'>,</span> 
     </span>
     <span class='ocr_line' id='line_1_81' title="bbox 1323 1763 2344 1817; baseline -0.004 -12"><span class='ocrx_word' id='word_1_583' title='bbox 1323 1765 1382 1805; x_wconf 73' lang='lat'>&#39;13&#39;</span> <span class='ocrx_word' id='word_1_584' title='bbox 1369 1765 1469 1817; x_wconf 74' lang='grc' dir='ltr'>ςοίγοι·Ι</span> <span class='ocrx_word' id='word_1_585' title='bbox 1466 1782 1494 1804; x_wconf 70' lang='grc' dir='ltr'>κε</span> <span class='ocrx_word' id='word_1_586' title='bbox 1511 1764 1644 1811; x_wconf 82' lang='grc' dir='ltr'>αὐτους,</span> <span class='ocrx_word' id='word_1_587' title='bbox 1658 1764 1714 1802; x_wconf 83' lang='grc' dir='ltr'>ἵνα</span> <span class='ocrx_word' id='word_1_588' title='bbox 1727 1765 1975 1816; x_wconf 76' lang='grc' dir='ltr'>συγγενώμεθα</span> <span class='ocrx_word' id='word_1_589' title='bbox 1991 1766 2118 1808; x_wconf 85' lang='grc' dir='ltr'>αὐτοῖς.</span> <span class='ocrx_word' id='word_1_590' title='bbox 2132 1763 2201 1802; x_wconf 84' lang='grc' dir='ltr'>Διὰ</span> <span class='ocrx_word' id='word_1_591' title='bbox 2214 1765 2344 1810; x_wconf 79' lang='grc' dir='ltr'>ταύτην</span> 
     </span>
     <span class='ocr_line' id='line_1_82' title="bbox 1322 1823 2343 1877; baseline -0.003 -13"><span class='ocrx_word' id='word_1_592' title='bbox 1322 1829 1435 1865; x_wconf 82' lang='grc' dir='ltr'>αὐτῶν</span> <span class='ocrx_word' id='word_1_593' title='bbox 1451 1831 1550 1877; x_wconf 84' lang='grc' dir='ltr'>οἶμαι</span> <span class='ocrx_word' id='word_1_594' title='bbox 1568 1825 1632 1872; x_wconf 84' lang='grc' dir='ltr'>τὴν</span> <span class='ocrx_word' id='word_1_595' title='bbox 1650 1824 1879 1876; x_wconf 74' lang='grc' dir='ltr'>ἐπιχείρησιν,</span> <span class='ocrx_word' id='word_1_596' title='bbox 1899 1840 1957 1863; x_wconf 82' lang='grc' dir='ltr'>και</span> <span class='ocrx_word' id='word_1_597' title='bbox 1976 1840 2039 1871; x_wconf 89' lang='grc' dir='ltr'>την</span> <span class='ocrx_word' id='word_1_598' title='bbox 2058 1823 2262 1876; x_wconf 82' lang='grc' dir='ltr'>παράνομον</span> <span class='ocrx_word' id='word_1_599' title='bbox 2281 1839 2343 1861; x_wconf 90' lang='grc' dir='ltr'>πο-</span> 
     </span>
    </p>

    <p class='ocr_par' dir='ltr' id='par_1_17' title="bbox 1320 1885 2342 2000">
     <span class='ocr_line' id='line_1_83' title="bbox 1321 1885 2342 1942; baseline -0.005 -14.764"><span class='ocrx_word' id='word_1_600' title='bbox 1321 1889 1454 1942; x_wconf 83' lang='grc' dir='ltr'>νηρίαν,</span> <span class='ocrx_word' id='word_1_601' title='bbox 1486 1887 1544 1926; x_wconf 84' lang='grc' dir='ltr'>καὶ</span> <span class='ocrx_word' id='word_1_602' title='bbox 1571 1888 1629 1926; x_wconf 82' lang='grc' dir='ltr'>τὸν</span> <span class='ocrx_word' id='word_1_603' title='bbox 1648 1886 1779 1925; x_wconf 79' lang='grc' dir='ltr'>δίκαιον</span> <span class='ocrx_word' id='word_1_604' title='bbox 1807 1902 1849 1936; x_wconf 87' lang='grc' dir='ltr'>με</span> <span class='ocrx_word' id='word_1_605' title='bbox 1836 1886 1912 1938; x_wconf 64' lang='lat' dir='ltr'>&#39;w</span> <span class='ocrx_word' id='word_1_606' title='bbox 1931 1903 1992 1933; x_wconf 77' lang='grc' dir='ltr'>της</span> <span class='ocrx_word' id='word_1_607' title='bbox 2010 1885 2159 1938; x_wconf 78' lang='grc' dir='ltr'>ἑσπέρας</span> <span class='ocrx_word' id='word_1_608' title='bbox 2176 1900 2342 1937; x_wconf 82' lang='grc' dir='ltr'>παρακα-</span> 
     </span>
     <span class='ocr_line' id='line_1_84' title="bbox 1320 1947 2342 2000; baseline -0.006 -11"><span class='ocrx_word' id='word_1_609' title='bbox 1320 1954 1462 1999; x_wconf 68' lang='grc' dir='ltr'>θῆσθαι,</span> <span class='ocrx_word' id='word_1_610' title='bbox 1482 1949 1573 1988; x_wconf 78' lang='grc' dir='ltr'>ὥστε</span> <span class='ocrx_word' id='word_1_611' title='bbox 1591 1948 1714 2000; x_wconf 78' lang='grc' dir='ltr'>μηδενὶ</span> <span class='ocrx_word' id='word_1_612' title='bbox 1735 1950 1964 2000; x_wconf 69' lang='grc' dir='ltr'>συγχωρῆσαι</span> <span class='ocrx_word' id='word_1_613' title='bbox 1992 1950 2060 1985; x_wconf 84' lang='grc' dir='ltr'>τῶν</span> <span class='ocrx_word' id='word_1_614' title='bbox 2090 1947 2212 1985; x_wconf 73' lang='grc' dir='ltr'>ὅδιτῶν</span> <span class='ocrx_word' id='word_1_615' title='bbox 2237 1948 2342 1997; x_wconf 81' lang='grc' dir='ltr'>ἀγνο-</span> 
     </span>
    </p>
   </div>
   <div class='ocr_carea' id='block_1_15' title="bbox 2127 2007 2341 2058">
    <p class='ocr_par' dir='ltr' id='par_1_18' title="bbox 2127 2007 2341 2058">
     <span class='ocr_line' id='line_1_85' title="bbox 2127 2007 2341 2058; baseline -0.009 -12"><span class='ocrx_word' id='word_1_616' title='bbox 2127 2007 2198 2046; x_wconf 79' lang='grc' dir='ltr'>Καὶ</span> <span class='ocrx_word' id='word_1_617' title='bbox 2228 2010 2245 2045; x_wconf 89' lang='grc' dir='ltr'>ὁ</span> <span class='ocrx_word' id='word_1_618' title='bbox 2278 2007 2341 2058; x_wconf 82' lang='grc' dir='ltr'>μὲν</span> 
     </span>
    </p>
   </div>
   <div class='ocr_carea' id='block_1_16' title="bbox 1321 2068 2345 2125">
    <p class='ocr_par' dir='ltr' id='par_1_19' title="bbox 1321 2068 2345 2125">
     <span class='ocr_line' id='line_1_86' title="bbox 1321 2068 2345 2125; baseline -0.026 6"><span class='ocrx_word' id='word_1_619' title='bbox 1321 2075 1450 2118; x_wconf 56' lang='grc' dir='ltr'>δίκαιος</span> <span class='ocrx_word' id='word_1_620' title='bbox 1471 2074 1560 2125; x_wconf 62' lang='grc' dir='ltr'>μετὰ</span> <span class='ocrx_word' id='word_1_621' title='bbox 1579 2076 1640 2120; x_wconf 56' lang='grc' dir='ltr'>τῆς</span> <span class='ocrx_word' id='word_1_622' title='bbox 1652 2071 1843 2125; x_wconf 59' lang='grc' dir='ltr'>φιλοξενίας</span> <span class='ocrx_word' id='word_1_623' title='bbox 1859 2102 1868 2120; x_wconf 86' lang='grc'>,</span> <span class='ocrx_word' id='word_1_624' title='bbox 1885 2071 1944 2109; x_wconf 80' lang='grc' dir='ltr'>καὶ</span> <span class='ocrx_word' id='word_1_625' title='bbox 1959 2073 2022 2117; x_wconf 69' lang='grc' dir='ltr'>τῆς</span> <span class='ocrx_word' id='word_1_626' title='bbox 2037 2068 2261 2122; x_wconf 55' lang='grc' dir='ltr'>σωφροσύνης</span> <span class='ocrx_word' id='word_1_627' title='bbox 2282 2071 2345 2115; x_wconf 70' lang='grc' dir='ltr'>τῆς</span> 
     </span>
    </p>
   </div>
   <div class='ocr_carea' id='block_1_17' title="bbox 1320 2008 2094 2064">
    <p class='ocr_par' dir='ltr' id='par_1_20' title="bbox 1320 2008 2094 2064">
     <span class='ocr_line' id='line_1_87' title="bbox 1320 2008 2094 2064; baseline -0.006 -13"><span class='ocrx_word' id='word_1_628' title='bbox 1320 2017 1412 2051; x_wconf 74' lang='grc' dir='ltr'>οῦντι</span> <span class='ocrx_word' id='word_1_629' title='bbox 1445 2017 1644 2064; x_wconf 82' lang='grc' dir='ltr'>περιπεσεῖν</span> <span class='ocrx_word' id='word_1_630' title='bbox 1677 2015 1753 2053; x_wconf 85' lang='grc' dir='ltr'>ταῖς</span> <span class='ocrx_word' id='word_1_631' title='bbox 1784 2009 1922 2048; x_wconf 80' lang='grc' dir='ltr'>ἐκείνων</span> <span class='ocrx_word' id='word_1_632' title='bbox 1955 2008 2094 2060; x_wconf 84' lang='grc' dir='ltr'>πάγαις.</span> 
     </span>
    </p>
   </div>
   <div class='ocr_carea' id='block_1_18' title="bbox 1321 2131 2346 3223">
    <p class='ocr_par' dir='ltr' id='par_1_21' title="bbox 1321 2131 2346 2860">
     <span class='ocr_line' id='line_1_88' title="bbox 1321 2131 2344 2184; baseline -0.006 -11"><span class='ocrx_word' id='word_1_633' title='bbox 1321 2135 1450 2178; x_wconf 74' lang='grc' dir='ltr'>οἰκείας</span> <span class='ocrx_word' id='word_1_634' title='bbox 1469 2134 1747 2184; x_wconf 76' lang='grc' dir='ltr'>ἐπιδεικνύμενος</span> <span class='ocrx_word' id='word_1_635' title='bbox 1765 2133 1827 2179; x_wconf 72' lang='grc' dir='ltr'>τὴν</span> <span class='ocrx_word' id='word_1_636' title='bbox 1841 2132 2051 2183; x_wconf 62' lang='grc' dir='ltr'>ὑπερῧολὴν,</span> <span class='ocrx_word' id='word_1_637' title='bbox 2071 2131 2202 2177; x_wconf 84' lang='grc' dir='ltr'>ταύτην</span> <span class='ocrx_word' id='word_1_638' title='bbox 2218 2133 2344 2168; x_wconf 81' lang='grc' dir='ltr'>ἐποιεῖ-</span> 
     </span>
     <span class='ocr_line' id='line_1_89' title="bbox 1321 2191 2345 2244; baseline -0.007 -10"><span class='ocrx_word' id='word_1_639' title='bbox 1321 2213 1360 2235; x_wconf 90' lang='grc' dir='ltr'>το</span> <span class='ocrx_word' id='word_1_640' title='bbox 1379 2196 1440 2243; x_wconf 68' lang='grc' dir='ltr'>τὴν</span> <span class='ocrx_word' id='word_1_641' title='bbox 1462 2195 1615 2241; x_wconf 73' lang='grc' dir='ltr'>σπουδὴν</span> <span class='ocrx_word' id='word_1_642' title='bbox 1633 2194 1723 2232; x_wconf 80' lang='grc' dir='ltr'>ὥστε</span> <span class='ocrx_word' id='word_1_643' title='bbox 1742 2193 1875 2236; x_wconf 71' lang='grc' dir='ltr'>πάντας</span> <span class='ocrx_word' id='word_1_644' title='bbox 1893 2191 1970 2236; x_wconf 77' lang='grc' dir='ltr'>τοὺς</span> <span class='ocrx_word' id='word_1_645' title='bbox 1990 2191 2242 2244; x_wconf 76' lang='grc' dir='ltr'>παροδεύοντας</span> <span class='ocrx_word' id='word_1_646' title='bbox 2257 2193 2345 2228; x_wconf 80' lang='grc' dir='ltr'>ὑπο-</span> 
     </span>
     <span class='ocr_line' id='line_1_90' title="bbox 1323 2253 2345 2309; baseline -0.005 -14"><span class='ocrx_word' id='word_1_647' title='bbox 1323 2258 1502 2309; x_wconf 78' lang='grc' dir='ltr'>οέχεσθαι,</span> <span class='ocrx_word' id='word_1_648' title='bbox 1532 2256 1590 2294; x_wconf 77' lang='grc' dir='ltr'>καὶ</span> <span class='ocrx_word' id='word_1_649' title='bbox 1611 2256 1729 2307; x_wconf 75' lang='grc' dir='ltr'>μηδεὶς</span> <span class='ocrx_word' id='word_1_650' title='bbox 1758 2255 1860 2293; x_wconf 71' lang='grc' dir='ltr'>αὐτὸν</span> <span class='ocrx_word' id='word_1_651' title='bbox 1877 2255 1998 2301; x_wconf 75' lang='grc' dir='ltr'>λάθοι,</span> <span class='ocrx_word' id='word_1_652' title='bbox 2032 2257 2062 2292; x_wconf 83' lang='grc' dir='ltr'>εἰ</span> <span class='ocrx_word' id='word_1_653' title='bbox 2091 2253 2150 2292; x_wconf 77' lang='grc' dir='ltr'>καὶ</span> <span class='ocrx_word' id='word_1_654' title='bbox 2177 2253 2262 2296; x_wconf 86' lang='grc' dir='ltr'>τέως</span> <span class='ocrx_word' id='word_1_655' title='bbox 2283 2255 2345 2291; x_wconf 84' lang='grc' dir='ltr'>οὐκ</span> 
     </span>
     <span class='ocr_line' id='line_1_91' title="bbox 1332 2309 2248 2333; baseline -0.004 0"><span class='ocrx_word' id='word_1_656' title='bbox 1332 2321 1341 2333; x_wconf 67' lang='lat' dir='ltr'>a</span> <span class='ocrx_word' id='word_1_657' title='bbox 1400 2318 1408 2330; x_wconf 75' lang='lat' dir='ltr'>t</span> <span class='ocrx_word' id='word_1_658' title='bbox 1546 2320 1555 2332; x_wconf 64' lang='lat' dir='ltr'>a</span> <span class='ocrx_word' id='word_1_659' title='bbox 1582 2319 1614 2332; x_wconf 55' lang='grc' dir='ltr'>«γ</span> <span class='ocrx_word' id='word_1_660' title='bbox 1646 2320 1656 2331; x_wconf 67' lang='lat' dir='ltr'>s</span> <span class='ocrx_word' id='word_1_661' title='bbox 1736 2316 1744 2329; x_wconf 82' lang='lat'><em>1</em></span> <span class='ocrx_word' id='word_1_662' title='bbox 1869 2309 1889 2330; x_wconf 61' lang='grc' dir='ltr'>’ξ’</span> <span class='ocrx_word' id='word_1_663' title='bbox 1972 2318 1981 2330; x_wconf 66' lang='lat' dir='ltr'>a</span> <span class='ocrx_word' id='word_1_664' title='bbox 2013 2316 2022 2329; x_wconf 77' lang='grc' dir='ltr'><em>ι</em></span> <span class='ocrx_word' id='word_1_665' title='bbox 2187 2317 2197 2330; x_wconf 74' lang='lat' dir='ltr'>e</span> <span class='ocrx_word' id='word_1_666' title='bbox 2220 2315 2248 2330; x_wconf 72' lang='grc' dir='ltr'><strong>Μ</strong></span> 
     </span>
     <span class='ocr_line' id='line_1_92' title="bbox 1323 2317 2345 2370; baseline -0.005 -13"><span class='ocrx_word' id='word_1_667' title='bbox 1323 2321 1508 2370; x_wconf 85' lang='grc' dir='ltr'>αγγελους,</span> <span class='ocrx_word' id='word_1_668' title='bbox 1537 2320 1603 2355; x_wconf 86' lang='grc' dir='ltr'>αλΛ</span> <span class='ocrx_word' id='word_1_669' title='bbox 1638 2320 1837 2369; x_wconf 75' lang='grc' dir='ltr'>ανθρωπους</span> <span class='ocrx_word' id='word_1_670' title='bbox 1857 2332 1946 2354; x_wconf 91' lang='grc' dir='ltr'>ειναι</span> <span class='ocrx_word' id='word_1_671' title='bbox 1967 2317 2132 2366; x_wconf 85' lang='grc' dir='ltr'>ενομιζεν.</span> <span class='ocrx_word' id='word_1_672' title='bbox 2152 2317 2199 2354; x_wconf 92' lang='grc' dir='ltr'>Οι</span> <span class='ocrx_word' id='word_1_673' title='bbox 2217 2330 2252 2354; x_wconf 86' lang='grc' dir='ltr'>οε</span> <span class='ocrx_word' id='word_1_674' title='bbox 2271 2331 2345 2352; x_wconf 84' lang='grc' dir='ltr'>πα-</span> 
     </span>
     <span class='ocr_line' id='line_1_93' title="bbox 1324 2376 2346 2432; baseline -0.004 -14"><span class='ocrx_word' id='word_1_675' title='bbox 1324 2381 1466 2432; x_wconf 81' lang='grc' dir='ltr'>ράνομοι</span> <span class='ocrx_word' id='word_1_676' title='bbox 1488 2382 1610 2417; x_wconf 80' lang='grc' dir='ltr'>ἐκεῖνοι</span> <span class='ocrx_word' id='word_1_677' title='bbox 1632 2378 1721 2429; x_wconf 81' lang='grc' dir='ltr'>μετὰ</span> <span class='ocrx_word' id='word_1_678' title='bbox 1744 2382 1804 2416; x_wconf 69' lang='grc' dir='ltr'>τοῦ</span> <span class='ocrx_word' id='word_1_679' title='bbox 1836 2377 1943 2428; x_wconf 76' lang='grc' dir='ltr'>μηδὲν</span> <span class='ocrx_word' id='word_1_680' title='bbox 1970 2381 2123 2416; x_wconf 81' lang='grc' dir='ltr'>τοιοῦτον</span> <span class='ocrx_word' id='word_1_681' title='bbox 2149 2376 2346 2415; x_wconf 79' lang='grc' dir='ltr'>ἐπιδείκνυ-</span> 
     </span>
     <span class='ocr_line' id='line_1_94' title="bbox 1324 2435 2345 2490; baseline -0.003 -11"><span class='ocrx_word' id='word_1_682' title='bbox 1324 2444 1403 2479; x_wconf 78' lang='grc' dir='ltr'>σθαι</span> <span class='ocrx_word' id='word_1_683' title='bbox 1423 2435 1492 2478; x_wconf 69' lang='grc' dir='ltr'>οἷον</span> <span class='ocrx_word' id='word_1_684' title='bbox 1509 2443 1526 2478; x_wconf 82' lang='grc' dir='ltr'>ὁ</span> <span class='ocrx_word' id='word_1_685' title='bbox 1547 2440 1697 2488; x_wconf 81' lang='grc' dir='ltr'>δίκαιος,</span> <span class='ocrx_word' id='word_1_686' title='bbox 1719 2439 1762 2478; x_wconf 83' lang='grc' dir='ltr'>τὰ</span> <span class='ocrx_word' id='word_1_687' title='bbox 1791 2445 1904 2477; x_wconf 82' lang='grc' dir='ltr'>πᾶσαν</span> <span class='ocrx_word' id='word_1_688' title='bbox 1932 2438 2057 2477; x_wconf 85' lang='grc' dir='ltr'>κακίαν</span> <span class='ocrx_word' id='word_1_689' title='bbox 2076 2440 2345 2490; x_wconf 84' lang='grc' dir='ltr'>ἀποκρύπτοντα</span> 
     </span>
     <span class='ocr_line' id='line_1_95' title="bbox 1325 2494 2345 2553; baseline -0.002 -14"><span class='ocrx_word' id='word_1_690' title='bbox 1325 2501 1413 2552; x_wconf 81' lang='grc' dir='ltr'>μόνα</span> <span class='ocrx_word' id='word_1_691' title='bbox 1430 2503 1563 2553; x_wconf 65' lang='grc' dir='ltr'>τολμᾷν</span> <span class='ocrx_word' id='word_1_692' title='bbox 1580 2502 1799 2548; x_wconf 72' lang='grc' dir='ltr'>ἐπετήδευον.</span> <span class='ocrx_word' id='word_1_693' title='bbox 1827 2500 1895 2538; x_wconf 81' lang='grc' dir='ltr'>Διὰ</span> <span class='ocrx_word' id='word_1_694' title='bbox 1914 2503 2016 2538; x_wconf 74' lang='grc' dir='ltr'>τοῦτο</span> <span class='ocrx_word' id='word_1_695' title='bbox 2031 2494 2088 2538; x_wconf 63' lang='grc' dir='ltr'>οἶν</span> <span class='ocrx_word' id='word_1_696' title='bbox 2112 2502 2159 2543; x_wconf 89' lang='grc' dir='ltr'>εἷς</span> <span class='ocrx_word' id='word_1_697' title='bbox 2175 2499 2238 2546; x_wconf 80' lang='grc' dir='ltr'>τὴν</span> <span class='ocrx_word' id='word_1_698' title='bbox 2254 2500 2345 2537; x_wconf 85' lang='grc' dir='ltr'>πλα-</span> 
     </span>
     <span class='ocr_line' id='line_1_96' title="bbox 1324 2560 2345 2613; baseline -0.003 -13"><span class='ocrx_word' id='word_1_699' title='bbox 1324 2570 1418 2601; x_wconf 80' lang='grc' dir='ltr'>τεῖαν</span> <span class='ocrx_word' id='word_1_700' title='bbox 1434 2563 1616 2601; x_wconf 62' lang='grc' dir='ltr'>ἐῧούλοντο</span> <span class='ocrx_word' id='word_1_701' title='bbox 1632 2564 1845 2607; x_wconf 73' lang='grc' dir='ltr'>καταλῦσαι,</span> <span class='ocrx_word' id='word_1_702' title='bbox 1861 2560 1916 2599; x_wconf 76' lang='grc' dir='ltr'>ἵνα</span> <span class='ocrx_word' id='word_1_703' title='bbox 1931 2560 2143 2613; x_wconf 73' lang='grc' dir='ltr'>παράσχωσι</span> <span class='ocrx_word' id='word_1_704' title='bbox 2157 2563 2206 2612; x_wconf 80' lang='grc' dir='ltr'>τῷ</span> <span class='ocrx_word' id='word_1_705' title='bbox 2221 2560 2345 2612; x_wconf 81' lang='grc' dir='ltr'>δικαίῳ</span> 
     </span>
     <span class='ocr_line' id='line_1_97' title="bbox 1324 2621 2345 2676; baseline -0.003 -14"><span class='ocrx_word' id='word_1_706' title='bbox 1324 2624 1484 2676; x_wconf 66' lang='grc' dir='ltr'>ἀφορυιην</span> <span class='ocrx_word' id='word_1_707' title='bbox 1513 2624 1748 2669; x_wconf 81' lang='grc' dir='ltr'>ἐπιοείξασθαι</span> <span class='ocrx_word' id='word_1_708' title='bbox 1778 2623 1841 2670; x_wconf 74' lang='grc' dir='ltr'>τὴν</span> <span class='ocrx_word' id='word_1_709' title='bbox 1874 2622 1955 2674; x_wconf 73' lang='grc' dir='ltr'>περὶ</span> <span class='ocrx_word' id='word_1_710' title='bbox 1984 2621 2106 2664; x_wconf 79' lang='grc' dir='ltr'>αὐτοὺς</span> <span class='ocrx_word' id='word_1_711' title='bbox 2139 2621 2345 2674; x_wconf 74' lang='grc' dir='ltr'>φιλοξενίαν,</span> 
     </span>
     <span class='ocr_line' id='line_1_98' title="bbox 1322 2682 2344 2735; baseline -0.005 -11"><span class='ocrx_word' id='word_1_712' title='bbox 1322 2703 1380 2724; x_wconf 87' lang='grc' dir='ltr'>και</span> <span class='ocrx_word' id='word_1_713' title='bbox 1402 2686 1556 2730; x_wconf 71' lang='grc' dir='ltr'>δείξωσιν</span> <span class='ocrx_word' id='word_1_714' title='bbox 1577 2689 1671 2724; x_wconf 78' lang='grc' dir='ltr'>αὔτω</span> <span class='ocrx_word' id='word_1_715' title='bbox 1688 2685 1745 2724; x_wconf 88' lang='grc' dir='ltr'>οια</span> <span class='ocrx_word' id='word_1_716' title='bbox 1761 2701 1830 2722; x_wconf 79' lang='grc' dir='ltr'>των</span> <span class='ocrx_word' id='word_1_717' title='bbox 1846 2685 1953 2735; x_wconf 82' lang='grc' dir='ltr'>ἔργων</span> <span class='ocrx_word' id='word_1_718' title='bbox 1977 2685 2023 2726; x_wconf 83' lang='grc' dir='ltr'>ὡς</span> <span class='ocrx_word' id='word_1_719' title='bbox 2042 2682 2139 2727; x_wconf 82' lang='grc' dir='ltr'>ἀξίαν</span> <span class='ocrx_word' id='word_1_720' title='bbox 2160 2682 2344 2733; x_wconf 82' lang='grc' dir='ltr'>μέλλουσιν</span> 
     </span>
     <span class='ocr_line' id='line_1_99' title="bbox 1322 2742 2342 2799; baseline -0.004 -14"><span class='ocrx_word' id='word_1_721' title='bbox 1322 2747 1529 2799; x_wconf 66' lang='grc' dir='ltr'>ὑφίστασθαι</span> <span class='ocrx_word' id='word_1_722' title='bbox 1547 2763 1609 2794; x_wconf 79' lang='grc' dir='ltr'>την</span> <span class='ocrx_word' id='word_1_723' title='bbox 1627 2746 1811 2797; x_wconf 80' lang='grc' dir='ltr'>τιμωρίαν,</span> <span class='ocrx_word' id='word_1_724' title='bbox 1832 2745 1921 2783; x_wconf 72' lang='grc' dir='ltr'>οὕτω</span> <span class='ocrx_word' id='word_1_725' title='bbox 1944 2744 2006 2791; x_wconf 70' lang='grc' dir='ltr'>τὴν</span> <span class='ocrx_word' id='word_1_726' title='bbox 2026 2742 2246 2796; x_wconf 85' lang='grc' dir='ltr'>παρανομίαν</span> <span class='ocrx_word' id='word_1_727' title='bbox 2267 2745 2342 2793; x_wconf 80' lang='grc' dir='ltr'>μεθ’</span> 
     </span>
     <span class='ocr_line' id='line_1_100' title="bbox 1323 2808 1825 2860; baseline -0.002 -14"><span class='ocrx_word' id='word_1_728' title='bbox 1323 2808 1517 2860; x_wconf 63' lang='grc' dir='ltr'>ὑπερῧολῆς</span> <span class='ocrx_word' id='word_1_729' title='bbox 1537 2808 1825 2857; x_wconf 67' lang='grc' dir='ltr'>ἐπιδεικνύμενοι.</span> 
     </span>
    </p>

    <p class='ocr_par' dir='ltr' id='par_1_22' title="bbox 1322 2864 2346 3223">
     <span class='ocr_line' id='line_1_101' title="bbox 1377 2864 2346 2920; baseline -0.005 -13"><span class='ocrx_word' id='word_1_730' title='bbox 1377 2869 1467 2907; x_wconf 83' lang='grc' dir='ltr'>Ἀλλ’</span> <span class='ocrx_word' id='word_1_731' title='bbox 1505 2869 1634 2920; x_wconf 69' lang='grc' dir='ltr'>ἴδωμεν</span> <span class='ocrx_word' id='word_1_732' title='bbox 1666 2870 1786 2907; x_wconf 76' lang='grc' dir='ltr'>λοιπὸν</span> <span class='ocrx_word' id='word_1_733' title='bbox 1823 2871 1883 2906; x_wconf 70' lang='grc' dir='ltr'>τοῦ</span> <span class='ocrx_word' id='word_1_734' title='bbox 1909 2866 2042 2905; x_wconf 83' lang='grc' dir='ltr'>δικαίου</span> <span class='ocrx_word' id='word_1_735' title='bbox 2073 2869 2136 2913; x_wconf 70' lang='grc' dir='ltr'>τῆς</span> <span class='ocrx_word' id='word_1_736' title='bbox 2159 2867 2284 2917; x_wconf 70' lang='grc' dir='ltr'>ἀρετ-’ῆς</span> <span class='ocrx_word' id='word_1_737' title='bbox 2306 2864 2346 2902; x_wconf 86' lang='grc' dir='ltr'>τὸ</span> 
     </span>
     <span class='ocr_line' id='line_1_102' title="bbox 1324 2926 2344 2983; baseline -0.005 -14"><span class='ocrx_word' id='word_1_738' title='bbox 1324 2931 1477 2982; x_wconf 84' lang='grc' dir='ltr'>μέγεθος.</span> <span class='ocrx_word' id='word_1_739' title='bbox 1494 2930 1680 2976; x_wconf 80' lang='grc' dir='ltr'>Ἔξελθὼν,</span> <span class='ocrx_word' id='word_1_740' title='bbox 1704 2931 1807 2983; x_wconf 61' lang='grc' dir='ltr'>φησὶ,</span> <span class='ocrx_word' id='word_1_741' title='bbox 1829 2929 1913 2982; x_wconf 76' lang='grc' dir='ltr'>πρὸς</span> <span class='ocrx_word' id='word_1_742' title='bbox 1933 2928 2056 2973; x_wconf 77' lang='grc' dir='ltr'>αὖτοὺς</span> <span class='ocrx_word' id='word_1_743' title='bbox 2086 2929 2171 2981; x_wconf 80' lang='grc' dir='ltr'>πρὸς</span> <span class='ocrx_word' id='word_1_744' title='bbox 2197 2928 2236 2966; x_wconf 83' lang='grc' dir='ltr'>τὸ</span> <span class='ocrx_word' id='word_1_745' title='bbox 2259 2926 2344 2979; x_wconf 81' lang='grc' dir='ltr'>πρό-</span> 
     </span>
     <span class='ocr_line' id='line_1_103' title="bbox 1324 2984 2342 3044; baseline -0.004 -14"><span class='ocrx_word' id='word_1_746' title='bbox 1324 2997 1436 3044; x_wconf 86' lang='grc' dir='ltr'>θυρον,</span> <span class='ocrx_word' id='word_1_747' title='bbox 1454 2991 1517 3039; x_wconf 64' lang='grc' dir='ltr'>τὴν</span> <span class='ocrx_word' id='word_1_748' title='bbox 1536 2991 1597 3043; x_wconf 78' lang='grc' dir='ltr'>μὲν</span> <span class='ocrx_word' id='word_1_749' title='bbox 1613 2992 1716 3043; x_wconf 84' lang='grc' dir='ltr'>θύραν</span> <span class='ocrx_word' id='word_1_750' title='bbox 1732 2990 1940 3044; x_wconf 79' lang='grc' dir='ltr'>προσέῳξεν,</span> <span class='ocrx_word' id='word_1_751' title='bbox 1957 2984 2032 3029; x_wconf 63' lang='grc' dir='ltr'>εἷπε</span> <span class='ocrx_word' id='word_1_752' title='bbox 2049 2989 2082 3028; x_wconf 80' lang='grc' dir='ltr'>δὲ</span> <span class='ocrx_word' id='word_1_753' title='bbox 2102 2989 2188 3040; x_wconf 79' lang='grc' dir='ltr'>πρὸς</span> <span class='ocrx_word' id='word_1_754' title='bbox 2208 2987 2342 3032; x_wconf 81' lang='grc' dir='ltr'>αὐτούς.</span> 
     </span>
     <span class='ocr_line' id='line_1_104' title="bbox 1323 3050 2344 3105; baseline -0.005 -13"><span class='ocrx_word' id='word_1_755' title='bbox 1323 3054 1415 3105; x_wconf 67' lang='grc' dir='ltr'>ιὈροι</span> <span class='ocrx_word' id='word_1_756' title='bbox 1434 3057 1507 3097; x_wconf 81' lang='grc' dir='ltr'>πῶς</span> <span class='ocrx_word' id='word_1_757' title='bbox 1526 3053 1676 3092; x_wconf 79' lang='grc' dir='ltr'>δέδοικεν</span> <span class='ocrx_word' id='word_1_758' title='bbox 1696 3056 1713 3090; x_wconf 82' lang='grc' dir='ltr'>ὁ</span> <span class='ocrx_word' id='word_1_759' title='bbox 1730 3053 1859 3096; x_wconf 78' lang='grc' dir='ltr'>δίκαιος</span> <span class='ocrx_word' id='word_1_760' title='bbox 1874 3052 1933 3090; x_wconf 82' lang='grc' dir='ltr'>καὶ</span> <span class='ocrx_word' id='word_1_761' title='bbox 1949 3051 2070 3103; x_wconf 85' lang='grc' dir='ltr'>τρέμει</span> <span class='ocrx_word' id='word_1_762' title='bbox 2092 3050 2179 3102; x_wconf 78' lang='grc' dir='ltr'>ὑπὲρ</span> <span class='ocrx_word' id='word_1_763' title='bbox 2199 3053 2261 3096; x_wconf 66' lang='grc' dir='ltr'>τῆς</span> <span class='ocrx_word' id='word_1_764' title='bbox 2275 3053 2344 3088; x_wconf 80' lang='grc' dir='ltr'>τῶν</span> 
     </span>
     <span class='ocr_line' id='line_1_105' title="bbox 1322 3111 2343 3166; baseline -0.005 -13"><span class='ocrx_word' id='word_1_765' title='bbox 1322 3115 1424 3159; x_wconf 75' lang='grc' dir='ltr'>ξένων</span> <span class='ocrx_word' id='word_1_766' title='bbox 1441 3115 1642 3166; x_wconf 59' lang='grc' dir='ltr'>ἀσφαλείας.</span> <span class='ocrx_word' id='word_1_767' title='bbox 1657 3114 1746 3152; x_wconf 70' lang='grc' dir='ltr'>Οὐδὲ</span> <span class='ocrx_word' id='word_1_768' title='bbox 1763 3114 1830 3166; x_wconf 78' lang='grc' dir='ltr'>γὰρ</span> <span class='ocrx_word' id='word_1_769' title='bbox 1845 3114 1965 3156; x_wconf 75' lang='grc' dir='ltr'>ἁπλῶς</span> <span class='ocrx_word' id='word_1_770' title='bbox 1978 3112 2041 3159; x_wconf 72' lang='grc' dir='ltr'>τὴν</span> <span class='ocrx_word' id='word_1_771' title='bbox 2059 3112 2163 3164; x_wconf 81' lang='grc' dir='ltr'>θύραν</span> <span class='ocrx_word' id='word_1_772' title='bbox 2183 3111 2343 3164; x_wconf 75' lang='grc' dir='ltr'>προσέῳ-</span> 
     </span>
     <span class='ocr_line' id='line_1_106' title="bbox 1322 3171 2343 3223; baseline -0.002 -11"><span class='ocrx_word' id='word_1_773' title='bbox 1322 3175 1374 3219; x_wconf 83' lang='grc' dir='ltr'>ξεν</span> <span class='ocrx_word' id='word_1_774' title='bbox 1403 3175 1514 3212; x_wconf 74' lang='grc' dir='ltr'>ὀπίσω</span> <span class='ocrx_word' id='word_1_775' title='bbox 1544 3177 1668 3222; x_wconf 67' lang='grc' dir='ltr'>αὐτοῦ,</span> <span class='ocrx_word' id='word_1_776' title='bbox 1701 3176 1777 3213; x_wconf 79' lang='grc' dir='ltr'>ἀλλ’</span> <span class='ocrx_word' id='word_1_777' title='bbox 1807 3174 1904 3218; x_wconf 72' lang='grc' dir='ltr'>εἰδὼς</span> <span class='ocrx_word' id='word_1_778' title='bbox 1924 3175 2036 3212; x_wconf 73' lang='grc' dir='ltr'>αὐτῶν</span> <span class='ocrx_word' id='word_1_779' title='bbox 2054 3173 2116 3220; x_wconf 79' lang='grc' dir='ltr'>τὴν</span> <span class='ocrx_word' id='word_1_780' title='bbox 2139 3171 2264 3223; x_wconf 84' lang='grc' dir='ltr'>μανίαν</span> <span class='ocrx_word' id='word_1_781' title='bbox 2285 3172 2343 3211; x_wconf 83' lang='grc' dir='ltr'>καὶ</span> 
     </span>
    </p>
   </div>
   <div class='ocr_carea' id='block_1_19' title="bbox 1339 3301 1647 3344">
    <p class='ocr_par' dir='ltr' id='par_1_23' title="bbox 1339 3301 1647 3344">
     <span class='ocr_line' id='line_1_107' title="bbox 1339 3301 1647 3344; baseline -0.006 -11"><span class='ocrx_word' id='word_1_782' title='bbox 1339 3304 1548 3344; x_wconf 59' lang='grc' dir='ltr'>ἀπηρνθρινσμ</span> <span class='ocrx_word' id='word_1_783' title='bbox 1556 3301 1647 3341; x_wconf 47' lang='grc' dir='ltr'>ἔντος]</span> 
     </span>
    </p>
   </div>
  </div>
 </body>
</html>
