2516 3791
852 172 895 202 ΙΝ

118 259 291 302 τοσούτοις
313 257 462 310 γένεσιν,
484 255 574 293 οὕτω
592 254 780 301 ποικίλοις,
799 255 858 293 καὶ
886 254 1120 297 παντοδαποῖς
1133 284 1142 302 ,

119 328 188 366 τοῖς
206 323 274 359 τῶν
292 320 441 366 κτηνῶν,
467 323 538 362 τοῖς
555 320 624 355 τῶν
639 319 806 370 ἑρπετῶν,
825 323 896 361 τοῖς
912 319 982 355 τῶν
999 318 1140 362 πτηνῶν

120 381 352 436 προσηγορίας
380 383 566 427 ἐπιθεῖναι,
584 379 643 418 καὶ
669 380 784 424 πάσας
804 379 945 433 κυρίας,
975 378 1141 425 δυνηθείς.

119 445 225 484 Οὕτω
246 443 313 495 γὰρ
331 442 522 487 ἀπεδέξατο
532 442 595 490 τὴν
612 441 704 481 θέσιν
719 445 787 480 τῶν
802 442 983 494 ὀνομάτων
1002 443 1021 480 ὁ
1034 439 1143 487 Θεὸς,

118 509 165 550 ὡς
198 505 324 557 μηκέτι
352 507 494 551 κινῆσαι
514 503 577 547 τὰς
605 503 842 557 προσηγορίας
865 502 1017 550 ἐκείνας,
1053 500 1143 553 μηδὲ

932 170 1130 202 ὓΕΝΕὸΙΜ
1167 169 1315 201 SERMO
1353 170 1395 201 vt
1405 191 1412 199 .

2074 178 2163 225 77⁴)

1212 253 1317 292 batus
1339 262 1426 291 essct
1459 254 1616 293 relictus.
1649 255 1738 294 Nam
1769 256 1857 308 quid
1888 256 2022 297 bonum
2049 263 2093 298 sit
2131 273 2162 299 et

1216 315 1364 365 malum,
1386 316 1566 355 illisolum
1580 317 1825 368 ignorant‚qui
1844 320 1999 358 naturali
2019 322 2166 360 rationis

1209 377 1350 428 judicio
1365 386 1447 415 sunt
1479 377 1636 430 privati:
1659 377 1819 416 Adamus
1835 388 1953 419 autem
1982 383 2095 420 multa
2112 398 2165 421 sa-
2181 362 2301 432 Ιηᾚζζ,
2341 369 2368 389 Η

1214 437 1346 490 pientia
1369 439 1524 491 repletus
1543 448 1633 491 erat,
1655 449 1689 479 et
1702 440 1810 494 hujus
1831 443 2016 494 utriusque
2035 445 2168 485 discer-

1216 500 1320 539 nendi
1333 501 1501 539 facultate
1514 503 1683 554 pollebat.
1711 506 1826 555 Atque
1843 513 1882 543 ut
1897 505 2075 557 intelligas
2087 523 2168 546 eum

2236 278 2364 312 Quinam

2232 327 2366 353 ignorent

119 565 334 618 ἁμαρτόντος
370 566 476 604 αὐτοῦ
500 567 644 613 Οελῆσαι
672 567 803 604 ἀνελεῖν
852 564 914 608 τὰς
944 561 1143 614 ἐπωνυμίας
1168 571 1192 602 C
1215 563 1393 615 spirituali
1414 563 1590 616 repletum
1615 565 1724 604 fuisse
1751 567 1936 620 sapientia,
1952 567 2169 608 demonstra-

120 630 245 666 αὐτῶν.
283 629 360 666 Πᾶν
379 626 465 679 γὰρ,
497 627 619 680 φησὶν,
655 627 672 665 ὃ
701 627 863 666 ἐκάλεσεν
893 624 979 664 αὐτὰ
1008 623 1144 676 Ἀδὰμ,

121 694 219 728 τοῦτο
242 690 350 740 ὄνομα
373 691 499 733 αὐτοῖς.

171 1356 283 1409 (ffiroq
297 1366 379 1417 γοῦν
397 1364 514 1416 ἠγνόει
543 1363 578 1402 τί
608 1363 670 1415 μὲν
699 1363 824 1414 καλὸν,
853 1364 888 1403 τί
913 1364 948 1404 δὲ
970 1365 1144 1418 πονηρόν,

119 1426 189 1464 Καὶ
208 1429 282 1469 πῶς
313 1426 354 1463 ἂν
380 1425 455 1478 ἔχοι
479 1425 600 1476 λόγον,
629 1426 743 1464 Πάλιν
777 1426 888 1478 ἤγαγε
913 1426 975 1474 τὴν
997 1433 1146 1478 γυναῖκα

116 1486 202 1538 πρὸς
224 1486 339 1534 αὐτὸν,
361 1486 421 1524 καὶ
451 1485 532 1524 ἰδὼν
560 1486 667 1535 αὐτὴν
687 1485 812 1531 εὐθέως
841 1487 975 1539 ἐπέγνω
1001 1486 1065 1535 τὴν
1085 1490 1147 1535 τῆς

116 1547 248 1600 φύσεως
267 1547 442 1587 κοινωνόν.
463 1549 534 1588 Καὶ
556 1549 591 1586 τί
613 1551 847 1602 φησι;Τοῦτο
872 1553 931 1588 νῦν
958 1551 1080 1588 ὀστοῦν
1107 1550 1148 1588 ἐκ

116 1611 186 1648 τῶν
207 1611 318 1649 ὀστῶν
335 1626 417 1661 μου,
438 1611 497 1648 καὶ
516 1609 604 1662 σὰρξ
619 1613 660 1649 ἐκ
673 1613 736 1658 τῆς
749 1609 877 1663 σαρκός
896 1626 977 1662 μου.
1000 1610 1146 1659 Ἐπειδὴ

117 1670 186 1723 γὰρ
201 1671 269 1723 πρὸ
291 1672 438 1724 βραχέος
456 1666 498 1719 ἦν
518 1675 536 1710 ὃ
553 1671 644 1716 Θεός
664 1671 880 1724 παραγαγὼν
901 1673 995 1724 αὐτῷ
1015 1671 1059 1711 τὰ
1075 1674 1147 1716 ζῶα

117 1732 256 1771 ἅπαντα
268 1762 277 1778 ,
297 1733 405 1778 δεῖξαι
421 1732 625 1785 βουλόμενος
639 1735 657 1772 ὃ
669 1732 780 1784 Ἀδὰμ
791 1762 801 1780 ,
817 1733 870 1771 ὅτι
885 1736 989 1771 τοῦτο
1003 1733 1044 1772 τὸ
1061 1735 1147 1778 ζῶον

117 1794 197 1845 οὐχὶ
212 1793 247 1831 ἓν
264 1794 402 1833 ἐκείνων
413 1798 482 1834 τῶν
499 1794 596 1840 ζώων
610 1795 717 1844 ἐστὶν,
726 1789 801 1834 εἷπε
811 1811 820 1818 ·
829 1796 945 1833 Τοῦτο
956 1799 1014 1834 νῦν
1027 1796 1146 1835 ὀστοῦν

1215 623 1347 662 tionem
1364 625 1440 677 ejus
1459 624 1509 663 rei
1535 625 1636 664 audi.
1659 626 1843 668 Adduxit
1859 630 1914 668 ad
1926 644 2013 668 emn
2045 632 2166 678 Deus,
2189 644 2260 673 cen.
2281 655 2293 674 2
2326 657 2369 679 n„

1216 685 1348 737 inquit,
1369 688 1526 735 bestias,
1545 696 1587 727 ut
1612 688 1761 728 videret
1794 692 1891 742 qnid
1904 701 2063 730 vocaret
2087 706 2169 738 eas;

1214 756 1250 786 et
1273 751 1307 786 .ςί
1322 748 1419 801 quid
1430 763 1497 788 eas
1516 753 1675 789 vocavit
1692 750 1843 799 Adam,
1863 754 1935 791 hoc
1956 762 2012 792 est
2033 768 2173 793 nomen

1214 811 1322 860 ipsis.
1344 810 1537 849 Considera
1568 825 1664 864 ergo,
1694 821 1826 863 quanta
1852 814 2024 866 sapientia
2048 830 2170 854 cumu-

1213 870 1306 908 latus
1328 881 1432 921 essct,
1462 872 1524 924 qui
1549 880 1622 911 tam
1642 874 1768 912 multis
1789 875 1992 927 generibus,
2014 886 2088 915 tam
2111 892 2173 917 va-

1222 932 1285 971 riis
1301 942 1334 971 et
1354 934 1514 987 cujusvis
1528 935 1673 988 speciei,
1686 936 1950 988 jumentorum,
1977 938 2172 991 reptilium,

1215 1002 1249 1031 et
1269 994 1462 1034 volucrum
1495 996 1653 1047 nomina,
1678 1011 1787 1049 eaque
1811 999 1970 1052 propria,
1992 999 2173 1053 imponere

1215 1056 1383 1107 potuerit.
1410 1056 1472 1096 Sic
1485 1057 1579 1096 enim
1593 1057 1686 1097 hane
1707 1059 1893 1098 nominum
1911 1060 2173 1113 impositionem

1215 1118 1431 1170 approbavit
1450 1120 1571 1170 Deus,
1589 1128 1629 1158 ut
1648 1133 1716 1159 non
1736 1121 1892 1174 amplius
1911 1122 1991 1160 illas
2010 1124 2172 1175 appella-

1219 1178 1328 1217 tiones
1340 1179 1500 1229 mutarit,
1518 1194 1633 1231 neque
1654 1195 1737 1219 cum
1753 1181 1814 1219 ille
1840 1190 2032 1234 peccasset,
2050 1184 2174 1222 voluc-

1217 1240 1264 1279 rit
1283 1255 1341 1280 eas
1360 1255 1379 1280 e
1397 1241 1516 1281 medio
1548 1241 1697 1280 tollere:
1735 1243 1859 1282 Omne
1892 1243 2001 1295 enim,
2041 1243 2172 1296 inquit,

1217 1303 1323 1354 quod
1337 1306 1497 1342 vocavit
1517 1316 1563 1341 ea
1579 1303 1730 1351 Adam,
1748 1305 1821 1342 hoc
1839 1313 1896 1344 est
1913 1319 2055 1344 nomen
2070 1309 2173 1359 ipsis.

1271 1366 1308 1402 Ξ).
1332 1366 1388 1402 An
1407 1363 1519 1416 igitur
1537 1364 1624 1415 iste,
1644 1364 1732 1417 quid
1762 1365 1898 1405 bonum
1916 1376 2018 1417 esset,
2044 1367 2177 1420 quidve

1219 1424 1356 1463 malum
1374 1423 1580 1477 ignorabat?
1599 1425 1668 1464 Cui
1688 1440 1773 1466 vero
1795 1426 1834 1465 id
1849 1428 2036 1480 probabile
2052 1429 2176 1468 videa-

1217 1486 1306 1524 tur?
1326 1487 1466 1526 Rursus
1495 1487 1684 1527 mulierem
1714 1487 1761 1527 ad
1795 1488 1914 1542 ipsum
1943 1489 2111 1541 adduxit,
2142 1500 2177 1530 et

1217 1562 1256 1587 ca
1271 1548 1349 1587 visa
1369 1548 1555 1587 confestim
1568 1557 1704 1587 naturae
1720 1559 1918 1589 consortem
1946 1552 2107 1603 agnovit.
2127 1553 2174 1591 Et

1218 1609 1308 1660 quid
1319 1610 1369 1647 ait
1383 1609 1401 1646 ἱ)
1417 1611 1503 1648 Iloc
1520 1623 1624 1648 nune
1641 1623 1683 1649 os
1691 1624 1738 1649 ea:
1753 1614 1902 1651 ossibus
1914 1615 2065 1661 meis‚et
2080 1627 2172 1652 caro
2192 1629 2266 1657 cerv.
2283 1637 2309 1658 2,
2328 1630 2375 1658 τι,

1218 1672 1266 1708 de
1284 1685 1402 1710 earne
1418 1685 1518 1709 mea.
1544 1671 1637 1710 Cum
1654 1671 1749 1710 enim
1768 1673 1876 1725 paulo
1895 1683 1975 1712 ante
2006 1675 2104 1713 Deus
2127 1676 2174 1714 ad

1218 1747 1301 1771 eum
1319 1742 1444 1771 cuncta
1469 1732 1639 1771 animalia
1660 1733 1895 1785 adduxisset,
1916 1736 2100 1776 ostendere
2112 1752 2173 1778 vo—

1218 1794 1294 1833 lens
1311 1794 1430 1833 Adam
1449 1808 1519 1833 non
1539 1794 1687 1847 aliquod
1705 1809 1751 1834 ex
1768 1796 1905 1836 caeteris
1924 1811 1998 1836 esse
2016 1798 2084 1838 hoe
2100 1800 2175 1838 ani-

117 1856 158 1893 ἐκ
172 1857 239 1893 τῶν
255 1857 365 1894 ὀστῶν
385 1872 469 1907 μου,
487 1857 547 1895 καὶ
570 1856 657 1909 σὰρξ
673 1859 711 1896 ἐκ
722 1860 785 1904 τῆς
800 1855 928 1910 σαρκός
948 1872 1027 1907 μου.
1045 1856 1148 1901 Τινὲς
1173 1859 1198 1889 D
1219 1856 1307 1907 mal,
1324 1855 1420 1894 dixit
1436 1871 1444 1893 :
1466 1857 1553 1895 Hoc
1576 1869 1680 1896 nunc
1697 1870 1739 1896 os
1757 1871 1806 1895 ex
1833 1861 1981 1898 ossibus
1999 1863 2109 1908 meis,
2138 1871 2174 1900 et

118 1917 172 1964 δὲ,
192 1919 245 1957 ὅτι
265 1918 342 1971 οὐχὶ
360 1922 460 1957 τοῦτο
483 1918 586 1970 μόνον
607 1918 795 1958 αἰνίττεται
811 1949 821 1968 ,
840 1918 964 1971 φασὶν,
979 1917 1070 1956 ἀλλὰ
1087 1919 1147 1957 καὶ

117 1980 174 2018 τὸν
195 1979 323 2033 τρόπον
337 1982 399 2026 τῆς
416 1980 661 2033 δημιουργίας,
681 1981 740 2020 καὶ
769 1981 822 2020 ὅτι
850 1983 912 2019 οὒκ
929 1980 1026 2020 ἔσται
1040 1980 1146 2020 πάλιν

116 2045 160 2094 τῇ
175 2042 312 2093 γυναικὶ
326 2046 478 2086 τοιοῦτος
495 2045 558 2088 τῆς
576 2042 742 2094 γενέσεως
766 2046 784 2081 ὁ
817 2041 960 2095 τρόπος,
976 2041 1033 2080 διὰ
1048 2047 1148 2081 τοῦτο

118 2098 213 2151 εἶπε,
237 2105 350 2142 Τοῦτο
375 2108 432 2142 νῦν
448 2119 457 2126 ·
483 2103 592 2156 ’ὅπερ
621 2097 679 2142 οὖν
708 2104 767 2143 καὶ
794 2103 910 2156 ἕτερος
933 2103 1147 2155 ἑρμηνευτὴς

117 2165 362 2219 ἀκριὸέστερον
382 2165 580 2218 ἑρμηνεύων
606 2165 723 2219 ἔλεγε,
739 2167 854 2204 Τοῦτο
881 2164 993 2212 ἅπαξ,
1019 2166 1145 2204 ὡσανεὶ

115 2227 230 2279 ἔλεγε,
251 2232 309 2266 νῦν
325 2227 428 2279 μόνον
443 2227 530 2279 γυνὴ
556 2226 694 2280 γέγονεν
713 2227 748 2273 ἐξ
768 2227 890 2280 ἀνδρὸς
911 2226 1035 2278 μόνου·
1053 2227 1145 2278 μετὰ

116 2289 151 2328 δὲ
183 2293 294 2328 ταῦτα
323 2289 439 2329 οὐκέτι
471 2288 579 2334 οὕτως
607 2289 725 2335 ἔσται,
752 2290 830 2328 ἀλλ’
850 2288 886 2334 ἐξ
908 2288 1116 2342 ἀμφοτέρων
1134 2304 1142 2313 ·

115 2349 260 2389 Ὀστοῦν
286 2353 325 2390 ἐκ
340 2353 409 2389 τῶν
428 2352 538 2390 ὀστῶν
560 2366 645 2403 μου,
661 2350 721 2389 καὶ
741 2349 829 2403 σὰρξ
857 2353 897 2390 ἐκ
925 2352 990 2397 τ’ῆς
1015 2350 1143 2404 σαρκός

117 2425 196 2461 μου.
211 2411 273 2456 Ἐξ
288 2411 478 2465 ὁλοκλήρου
490 2411 559 2465 γὰρ
578 2416 638 2451 τοῦ
655 2411 859 2465 φυράματος
875 2414 894 2450 ὁ
912 2412 1002 2456 Θεὸς
1021 2410 1141 2450 λαὸὼν

117 2473 260 2524 κόμμα,
283 2471 370 2512 οὕτω
388 2473 452 2521 τὴν
472 2478 622 2526 γυναῖκα
641 2473 809 2522 ἔπλασεν,
835 2473 893 2512 ἵνα
915 2473 1007 2512 κατὰ
1025 2473 1142 2512 πάντα

116 2536 262 2586 κοινωνῇ
278 2537 328 2588 τῷ
349 2535 458 2588 ἀνδρί.
477 2533 590 2582 Αὕτη,
609 2535 715 2587 φησὶ,
730 2534 946 2582 κληθήσεται
963 2533 1048 2587 γυνὴ
1062 2564 1072 2584 ,
1089 2535 1143 2573 ὅτι

115 2598 155 2635 ἐκ
175 2601 234 2635 τοῦ
263 2598 383 2650 ἀνδρὸς
409 2597 555 2650 ἐλήφθη.
570 2597 680 2650 Ὁρᾷς
698 2600 773 2641 πῶς
801 2597 861 2636 καὶ
879 2597 943 2645 τὴν
963 2613 1142 2650 προσηγο-

117 2657 191 2710 ρίαν
211 2658 267 2697 διὰ
289 2664 390 2698 τοῦτο
406 2659 615 2709 ἐπιτίθησιν,
639 2659 696 2697 ἵνα
714 2662 736 2706 ἡ
755 2658 975 2713 προσηγορία
993 2659 1141 2712 διδάσκῃ

114 2719 178 2767 τὴν
189 2720 368 2759 κοινωνίαν
382 2723 444 2768 τ’ἧς
457 2720 592 2774 φύσεως
601 2752 611 2770 ,
631 2721 692 2760 καὶ
705 2725 728 2769 ἡ
749 2720 959 2760 διδασκαλία
972 2722 1036 2767 τῆς
1051 2721 1143 2760 κατὰ

115 2780 178 2828 τὴν
200 2781 299 2833 φύσιν
322 2782 523 2831 κοινωνίας,
548 2782 609 2821 καὶ
633 2785 651 2821 ὃ
677 2784 741 2829 τῆς
771 2782 997 2837 δημιουργίας
1016 2782 1144 2836 τρόπος

115 2843 274 2886 ὑπόθεσις
292 2844 430 2894 ἀγάπης
444 2838 466 2896 ᾗ
484 2845 657 2891 διηνεκοῦς
667 2875 677 2894 ,
689 2845 748 2883 καὶ
759 2845 949 2896 σύνδεσμος
963 2843 1143 2896 ὁμονοίας,

119 2898 204 2942 Ε’ἷτα
223 2903 258 2941 τί
276 2919 401 2956 φησιν;
418 2904 510 2943 Ἀντὶ
528 2904 649 2944 τούτου
667 2906 871 2959 καταλείψει
886 2906 1065 2959 ἄνθρωπος
1084 2905 1143 2943 τὸν

115 2965 251 3018 πατέρα
272 2968 374 3004 αὐτοῦ
395 2965 454 3004 καὶ
470 2965 534 3014 τὴν
554 2965 690 3018 μητέρα
706 2967 829 3017 αὗτοῦ,
843 2968 902 3007 καὶ
916 2968 1141 3020 προσκολλη-

114 3027 258 3073 θήσεται
277 3029 320 3078 τῇ
341 3026 478 3079 γυναικὶ
502 3029 617 3066 αὐτοῦ.
644 3029 721 3066 Οὖκ
740 3022 834 3068 εἶπεν
850 3030 988 3077 ἁπλῶς,
1009 3027 1140 3076 ἑνωΟῆ-
1155 3057 1186 3081 57

1218 1931 1310 1957 caro
1324 1919 1372 1956 de
1388 1931 1508 1957 carne
1528 1932 1626 1956 mea.
1644 1919 1818 1957 Nonnulli
1838 1933 1923 1959 vero
1943 1920 2082 1972 dicunt,
2105 1936 2174 1961 non

1218 1979 1256 2017 id
1290 1979 1406 2018 solum
1442 1994 1525 2018 eum
1552 1979 1725 2030 innuere,
1750 1980 1813 2019 sed
1849 1981 1958 2020 etiam
1989 1983 2174 2022 creationis

1218 2040 1378 2091 modum,
1394 2055 1507 2093 neque
1525 2041 1600 2079 fore
1619 2050 1657 2079 ut
1688 2056 1812 2081 rursus
1830 2043 1960 2082 mulier
1978 2058 2018 2082 ea
2038 2045 2174 2084 ratione

1218 2112 1393 2153 nascatur,
1424 2112 1609 2156 propterea
1633 2102 1783 2153 dixisse,
1817 2106 1904 2143 Hoe
1924 2119 2054 2157 menc3
2074 2107 2173 2158 quod

1215 2165 1338 2217 utique
1375 2165 1468 2203 alius
1495 2165 1669 2218 interpres
1705 2167 1908 2205 accuratius
1938 2168 2171 2221 interpretans

1213 2227 1323 2277 dixit,
1337 2229 1424 2265 Hoc
1439 2228 1570 2274 semel,
1593 2227 1695 2279 quasi
1718 2227 1850 2266 diceret
1865 2258 1875 2276 ‚
1897 2230 2002 2268 Nunc
2032 2239 2170 2270 tantum

1213 2284 1344 2323 mulier
1357 2299 1402 2323 cx
1415 2285 1490 2323 solo
1506 2285 1586 2325 viro
1601 2285 1694 2324 faeta
1712 2295 1777 2336 est,
1798 2288 1946 2340 posthac
1959 2298 2078 2328 autem
2102 2305 2169 2330 non

1212 2345 1263 2385 sic
1282 2346 1367 2397 erit,
1387 2345 1449 2385 sed
1462 2360 1507 2384 ex
1529 2345 1711 2399 utrisque:
1736 2349 1788 2386 Os
1815 2362 1863 2385 ex
1889 2351 2037 2389 ossibus
2060 2355 2167 2399 meis,

1212 2417 1251 2448 et
1282 2421 1375 2448 earo
1394 2408 1443 2448 de
1466 2422 1585 2447 carne
1606 2422 1707 2447 mea.
1733 2410 1825 2447 Nam
1859 2419 2015 2450 assumto
2034 2426 2079 2450 ex
2099 2422 2170 2451 tota

1213 2484 1329 2510 massa
1342 2471 1543 2523 fragmento
1557 2484 1641 2520 uno,
1657 2470 1708 2509 sie
1726 2470 1914 2509 mulierem
1933 2472 2115 2523 formavit,
2130 2484 2169 2512 ut

1167 2546 1192 2578 E
1214 2533 1251 2572 in
1270 2532 1437 2572 omnibus
1467 2532 1546 2572 viro
1572 2531 1820 2569 communicet.
1842 2533 1939 2570 Jloec
1961 2537 2170 2574 vocabitur

1214 2595 1367 2641 mulier,
1386 2593 1514 2644 inquit,
1539 2595 1725 2644 quoniam
1741 2593 1789 2630 de
1816 2595 1904 2631 viro
1936 2603 2064 2634 sumta
2094 2606 2163 2636 est.

1214 2656 1327 2697 Vides
1346 2663 1386 2693 ut
1415 2654 1522 2693 etiam
1543 2652 1818 2706 appellationem
1838 2653 1969 2692 idcirco
1992 2655 2165 2709 imponat,

1215 2728 1254 2757 nt
1271 2715 1463 2771 appellatio
1479 2714 1764 2754 communionem
1785 2724 1920 2753 natura:
1933 2715 2166 2771 demonstret,

1212 2790 1246 2820 et
1260 2779 1372 2832 ipsius
1388 2777 1559 2816 naturalis
1583 2776 1843 2815 communionis
1862 2776 2116 2818 demonstratio
2135 2790 2168 2819 et

1213 2838 1400 2880 creationis
1428 2837 1556 2876 modus
1584 2837 1746 2890 perpetui
1780 2838 1912 2877 amoris
1943 2841 2080 2879 occasio
2098 2872 2109 2892 ,
2135 2851 2168 2880 et

1212 2899 1401 2939 vinculum
1416 2897 1462 2935 sit
1483 2895 1679 2936 concordia:
1695 2896 1712 2934 Ξ)
1732 2895 1872 2935 Deinde
1890 2911 1975 2937 vero
1989 2899 2079 2950 quid
2093 2900 2168 2938 ait?

1213 2964 1380 3014 Propter
1395 2960 1466 2997 hoc
1477 2958 1670 3010 relinquet
1689 2959 1804 2996 homo
1819 2967 1972 3010 patrem
1987 2975 2113 3008 suum,
2131 2970 2166 3000 et
2185 2971 2251 2999 loia
2275 2982 2299 2996 ι.
2318 2973 2370 3008 ²⁴-

1190 3033 1375 3081 3matrem
1396 3033 1521 3067 snam,
1546 3027 1582 3058 et
1603 3020 1815 3058 adhaerebit
1845 3024 1961 3059 uxori
1975 3036 2068 3061 sure.
2087 3024 2166 3061 Non

115 3103 228 3137 σεται,
257 3088 361 3136 ἀλλὰ,
382 3089 669 3137 Κολληθήσεται,
699 3090 764 3136 τὴν
793 3091 922 3144 ἀκριὸἧ
952 3091 1139 3143 συνάφειαν
1168 3094 1192 3123 Λ
1212 3083 1421 3137 simpliciter
1437 3081 1544 3131 dixit,
1568 3080 1732 3130 Unietur‚
1759 3080 1836 3132 sed,
1860 3082 2101 3128 Adleoerebic,
2128 3095 2162 3122 ur

116 3148 229 3193 δηλῶν
242 3164 249 3172 ·
265 3149 335 3188 Καὶ
349 3149 486 3189 ἔσονται
499 3151 529 3189 οἱ
546 3149 606 3188 δύο
625 3153 671 3194 εἷς
689 3149 802 3202 σάρκα
816 3151 912 3202 μίαν.
929 3151 974 3192 ‘O
987 3156 1140 3190 τοσαῦτα

1211 3159 1389 3186 summam
1405 3142 1691 3195 conjunctionem
1709 3142 1925 3195 significaret
1950 3161 1956 3180 :
1981 3147 2032 3183 Ee
2053 3155 2162 3183 erum

161 3282 173 3297 ι
197 3273 269 3305 Duo
283 3272 494 3317 interpfegeg,
514 3285 630 3318 nempe
645 3272 868 3319 Symmachus
883 3282 917 3308 et
930 3273 1121 3308 Theodosio
1156 3270 1246 3317 qnod
1271 3268 1388 3302 eodem
1406 3265 1536 3309 recidit,
1568 3265 1594 3299 si
1626 3265 1800 3310 intelligas,
1821 3266 1883 3298 hm-
1913 3269 1980 3298 vice
1997 3266 2113 3307 solum,
2132 3268 2165 3299 id

118 3341 214 3363 voces
237 3329 418 3364 Hebrn'i'cas
455 3332 576 3373 0955}
606 3333 684 3367 nm
711 3339 880 3365 verterunt
906 3338 994 3368 2-0-350
1021 3337 1121 3371 dmg,
1158 3332 1216 3366 est,
1236 3322 1346 3355 semel-

122 3382 191 3414 ΙΙιις
210 3382 316 3425 semel,
330 3382 371 3417 ad
383 3383 510 3417 liter-‘im
527 3394 603 3416 vero
618 3384 663 3416 sic
676 3384 943 3427 interpretamur,
961 3384 1023 3416 lmc
1040 3385 1122 3415 vivs.
