2566 3791
423 198 515 245 268
823 213 861 244 s.

417 303 555 346 ptantes
570 295 790 348 praeferimus
809 303 945 334 terrena'
956 297 1167 346 caelestibus‚
1182 298 1366 349 praesentia

415 354 545 393 futuris
562 371 570 391 ε
587 364 621 393 et
632 369 671 393 ea
688 369 764 406 quae
784 356 884 408 prius
901 357 1057 405 avolant,
1084 371 1191 406 quam
1209 366 1366 408 specten-

415 424 485 464 tur,
505 415 550 453 iis
560 430 638 466 quae
657 415 823 454 omnibus
848 415 980 453 durant
998 415 1134 453 saeculis
1155 431 1162 451 :
1184 425 1216 453 et
1230 424 1366 468 tempo-

414 489 558 514 raneam
576 477 797 528 voluptatem
812 485 992 527 perpetuae
1005 476 1202 527 voluptati:
1219 477 1366 516 brevem

414 535 506 574 lianc
524 535 706 588 praesentis
715 535 798 573 vitae
823 534 1028 573 felicitatem
1046 536 1184 574 aeternis
1203 536 1278 575 illis
1292 567 1302 586 ,
1332 547 1366 576 et

415 596 485 633 fine
509 595 709 633 carentibus
730 594 878 632 saeculis.
913 595 995 633 Scio
1019 610 1122 634 aures
1150 606 1285 636 vestras
1309 598 1366 637 his

413 656 531 693 verbis
563 654 723 693 vellicari
737 683 749 701 ,
781 654 842 692 sed
861 655 1044 706 ignoscite.
1065 657 1204 696 Avidus
1238 667 1364 697 vestrae

412 716 537 754 salutis
556 716 631 753 baec
647 716 785 766 loquor,
805 715 940 754 malens
955 730 1019 754 vos
1034 717 1093 754 hie
1107 717 1365 771 aliquantisper

411 776 605 815 lancinatos
628 785 794 814 aeternam
806 791 947 828 poenam
963 778 1130 829 effugere,
1153 793 1262 829 quam
1281 795 1363 819 cum

409 851 522 889 parva
553 836 808 876 refocillatione
849 846 1054 889 perpetuam
1094 839 1185 877 ferre
1208 854 1361 892 poenam.

410 900 502 936 Nam
516 898 544 936 si
566 911 680 936 sermo
702 912 802 935 meus
817 898 852 935 in
865 897 968 935 vobis
988 898 1145 950 proficit,
1162 914 1363 952 praeconce-

409 968 513 1011 ptum
531 973 718 997 moerorem
734 957 927 1010 repelletis,
943 967 975 995 et
997 973 1092 997 nunc
1110 960 1267 999 maxime
1276 962 1364 1000 dum

209 1035 316 1062 nahita
332 1045 395 1062 con·
411 1019 530 1056 adhuc
555 1026 682 1056 sanctae
700 1016 990 1068 Quadragesimae
1006 1026 1145 1069 tempus
1158 1019 1262 1057 vobis
1281 1021 1365 1059 reli-

208 1078 256 1143 3ὶο
331 1086 396 1103 ⁰⁰⁰¹
411 1094 523 1130 quum
537 1089 588 1117 est
606 1078 792 1131 pusillum,
813 1077 974 1130 poteritis
992 1087 1134 1130 peccata
1151 1080 1365 1132 abstergere,

208 1122 396 1195 ρυυῖὲῗζὲἒῗ]
412 1154 644 1191 magnamque
659 1154 678 1177 a
694 1140 770 1177 Deo
791 1137 1012 1176 clementiam
1033 1139 1134 1177 vobis
1161 1141 1363 1182 conciliare.

210 1200 288 1225 ⁵³¹⁰ae
350 1201 395 1226 ¹¹⁶³·
412 1202 489 1238 Non
512 1201 604 1238 enim
634 1199 755 1238 multis
773 1198 899 1236 diebus
916 1213 1004 1251 opus
1035 1199 1142 1238 habet
1167 1202 1363 1252 Dominus,

209 1239 360 1268 l'd‘m'adae
411 1274 525 1311 neque
540 1270 697 1313 tempore
716 1276 724 1297 :
745 1259 806 1297 sed
821 1260 850 1297 si
869 1259 1102 1309 voluerimus,
1120 1261 1203 1300 etin
1223 1262 1365 1302 duabus

207 1289 240 1306 811
266 1290 342 1308 eres·

211 1291 285 1348 seii!-
411 1320 508 1359 bisce
528 1321 761 1359 hebdomadis
777 1319 951 1372 corrigere
971 1330 1114 1372 peccata
1134 1332 1252 1361 nostra
1267 1334 1365 1376 pote—

901 215 1086 246 JOANMS
1123 217 1365 248 CHRYSOST.
1405 219 1612 249 ARCHIEP.
1651 221 2012 253 CONSTANTINOP-

1442 299 1580 350 ρόμενοι
1595 305 1825 353 προτιμῶμεν
1842 304 1886 343 τὰ
1896 305 1999 355 γήϊνα
2016 306 2084 342 τῶν
2102 306 2280 358 οὐρανίων,
2292 307 2335 346 τὰ
2351 308 2460 360 πρόσ-

1439 374 1546 411 καιρα
1568 363 1636 398 τῶν
1660 363 1856 411 μελλόντων
1871 395 1882 413 ,
1908 365 1952 402 τὰ
1978 365 2059 416 πρὶν
2086 364 2108 412 ἢ
2130 369 2280 417 φανῆναι
2305 370 2461 420 ἀφιπτά·

1440 433 1528 469 μενα
1549 423 1617 459 τῶν
1637 422 1912 472 διαιωνιζόντων,
1939 425 1999 462 καὶ
2014 424 2078 472 τὴν
2101 425 2315 478 πρόσκαιρον
2334 428 2460 475 ἡδονὴν

1437 482 1500 526 τῆς
1525 481 1701 527 διηνεκοῦς
1724 483 1870 531 ἡδονῆς,
1901 485 1962 523 καὶ
1985 485 2048 532 τὴν
2078 488 2246 538 βραχεῖαν
2273 488 2462 540 εὐημερίαν

1437 540 1566 589 ταύτην
1595 546 1655 580 τοῦ
1684 543 1855 596 παρόντος
1875 545 1951 596 βίου
1973 549 2043 584 τῶν
2065 547 2308 593 ἀτελευτήτων
2326 548 2462 587 αἰώνων

1437 601 1588 641 ἐκείνων.
1611 598 1703 642 Οἶδα
1716 604 1768 642 ὅτι
1789 605 1907 644 δάκνει
1923 605 1986 653 τὴν
2004 602 2111 654 ἀκοὴν
2131 608 2231 646 ταυτὶ
2246 608 2290 646 τὰ
2308 609 2462 660 ῥήματα,

1437 662 1527 701 ἀλλὰ
1542 663 1731 714 σύγγνωτε.
1755 666 1958 716 Ἐπιθυμῶν
1975 665 2037 713 τὴν
2053 670 2150 718 ὑμῶν
2164 668 2339 720 σωτηρίαν
2353 673 2463 708 ταῦτα

1437 722 1656 776 φθέγγομαι,
1699 726 1760 763 καὶ
1795 726 2005 777 βουλόμενος
2035 729 2184 765 ἐνταῦθα
2217 729 2339 782 μικρὸν
2372 732 2463 781 ὑμᾶς

1437 783 1628 836 δηχθέντας
1661 785 1723 833 τὴν
1750 786 1887 825 αἰώνιον
1920 786 2064 826 κόλασιν
2092 789 2291 840 διαφυγεῖν,
2324 789 2346 835 ἢ
2377 790 2463 843 πρὸς

1436 845 1550 893 ὀλίγον
1582 847 1900 898 ψυχαγωγηθέντας
1927 849 2068 895 διηνεκῆ
2090 847 2154 895 τὴν
2178 849 2350 901 τιμωρίαν
2378 850 2462 888 ὑπέ-

1436 922 1526 958 χειν.
1556 907 1697 959 Εἷιγὰρ
1725 909 1926 961 ἀνάσχησθε
1945 911 2013 946 τῶν
2045 912 2139 960 ἐμῶν
2157 909 2288 961 λόγων,
2317 911 2376 948 καὶ
2396 911 2460 959 τὴν

1436 968 1680 1018 προλαὸοῧσαν
1725 969 1902 1020 ᾱάθυμίαν
1940 970 2185 1018 ἀποσείσεσθε,
2221 971 2280 1008 καὶ
2307 972 2461 1022 μάλιστα

1436 1033 1494 1066 νῦν
1511 1030 1557 1072 ὥς
1583 1029 1634 1067 ἔτι
1650 1032 1668 1067 ὃ
1688 1030 1822 1083 βραχὺς
1841 1025 1937 1074 οὗτος
1957 1031 2075 1083 καιρὸς
2089 1035 2151 1078 τῆς
2170 1033 2269 1083 ἁγίας
2283 1036 2362 1083 ὑμῖν
2379 1037 2460 1072 ὑπο·

1437 1088 1618 1127 λέλειπται
1647 1095 1953 1144 τεσσαρακοστῆς,
1984 1092 2169 1138 δυνήσεσθε
2189 1093 2248 1131 καὶ
2274 1094 2319 1132 τὰ
2336 1098 2459 1147 ἡμαρ-

1437 1149 1572 1199 τημένα
1588 1150 1838 1202 ἀπονίψασθαι,
1861 1152 1921 1189 καὶ
1936 1152 2069 1198 πολλὴν
2091 1153 2187 1204 παρὰ
2203 1157 2263 1192 τοῦ
2284 1156 2376 1192 Θεοῦ
2395 1155 2459 1202 τὴν

1437 1211 1697 1263 φιλανθρωπίαν
1719 1212 1995 1250 ἐπισπάσασθαι.
2017 1212 2108 1251 Οὐδὲ
2129 1213 2197 1264 γὰρ
2213 1216 2351 1252 πολλῶν
2365 1219 2459 1266 ἡμε-

1438 1275 1506 1323 ρῶν
1528 1272 1637 1310 δεῖται
1657 1275 1674 1310 ὃ
1689 1273 1890 1320 Δεσπότης,
1912 1272 1988 1312 οὐδὲ
2012 1274 2137 1325 χρόνου
2151 1301 2161 1319 ,
2180 1275 2258 1312 ἀλλ’
2279 1275 2338 1314 ἐὰν
2359 1277 2460 1323 θελή-

1438 1348 1554 1384 σωμεν
1575 1333 1635 1371 καὶ
1661 1336 1695 1372 ἐν
1712 1340 1787 1377 ταῖς
1813 1334 1890 1372 δυσὶ
1909 1334 2050 1377 ταύταις
2067 1335 2236 1385 ἑὸδομάσι
2249 1336 2381 1383 πολλὴν
2396 1337 2459 1385 τὴν

410 1381 537 1420 rimus.
550 1383 641 1421 Nam
661 1382 690 1420 si
702 1381 882 1419 Ninivitas
904 1381 1014 1418 trium
1031 1380 1171 1421 dierum
1192 1385 1364 1436 poeniten-
1376 1371 1424 1438 ²2⁹
1437 1393 1618 1445 διόρθωσιν
1639 1398 1707 1432 τῶν
1723 1394 1964 1445 ἐπταισμένο)ν
1981 1399 2065 1446 ἡμῖν
2081 1396 2312 1446 ποιησόμεθα.
2332 1398 2376 1435 Εἰ
2392 1397 2460 1450 γὰρ

409 1443 496 1481 tiam
519 1453 660 1495 agentes
689 1451 785 1480 tanta
822 1441 990 1492 dignatus
1020 1452 1070 1481 est
1103 1444 1361 1497 misericordia,

408 1505 522 1542 multo
542 1504 654 1556 magis
675 1517 737 1541 nos
755 1516 825 1540 non
848 1502 1020 1554 despiciet
1040 1519 1047 1539 :
1070 1513 1209 1543 tantum
1226 1507 1256 1543 si
1282 1521 1365 1545 vere

408 1564 655 1616 poeniteamus‚
673 1573 707 1601 et
728 1562 938 1601 desistentes
952 1577 971 1600 a
987 1574 1145 1616 peccato,
1168 1566 1264 1604 viam
1285 1582 1363 1618 quae

407 1625 455 1663 ad
485 1626 655 1664 virtutem
684 1625 784 1662 (lucit
816 1623 1072 1674 ingrediamur.
1104 1627 1297 1666 Enimvero
1320 1629 1363 1667 de

406 1686 492 1735 illis,
508 1686 686 1725 Ninivitas
705 1685 801 1735 dico,
821 1684 1008 1735 Scriptura
1033 1695 1196 1735 testatur,
1213 1688 1334 1727 dicens
1353 1705 1361 1726 :

204 1754 269 1780 Jon,
289 1751 316 1780 3.
340 1764 387 1784 ιο.
410 1749 512 1798 Quia
528 1748 630 1785 vidit
645 1748 752 1784 Deus
777 1744 881 1798 quod
909 1746 1084 1785 discessit
1100 1752 1364 1801 unusquisque

404 1824 428 1846 a
448 1811 518 1846 via
537 1822 608 1846 sua
636 1808 756 1857 mala.
778 1808 893 1859 Igitur
914 1809 943 1847 si
963 1807 1108 1858 viderit,
1127 1809 1221 1859 quod
1247 1818 1280 1847 et
1299 1824 1363 1849 nos

403 1883 497 1907 nunc
517 1868 647 1906 virtuti
668 1868 949 1920 junxerimus‚et
963 1884 983 1907 a
1002 1869 1096 1906 malo
1107 1868 1361 1923 destiterimus,

402 1931 678 1981 festinemusque
691 1929 738 1967 ad
757 1930 933 1969 bonorum
952 1929 1204 1983 operationem,
1231 1945 1362 1983 appro-

402 1991 504 2029 babit
522 2000 678 2029 nostram
691 1991 973 2040 conversionem,
996 2000 1029 2029 et
1046 1990 1183 2029 sarcina
1198 2002 1360 2044 peccato-

404 2067 483 2090 rum
502 2052 662 2090 liberatis
677 2066 737 2090 sua
757 2052 930 2104 largietur
956 2052 1061 2091 dona.
1084 2053 1208 2102 Neque
1229 2066 1292 2091 nos
1310 2054 1361 2092 sic

404 2121 630 2164 peccatorum
661 2112 900 2164 expiationem
927 2122 960 2150 et
983 2112 1135 2151 salutem
1165 2112 1356 2165 cupimus,

404 2173 494 2210 sicut
527 2173 602 2225 ipse
625 2174 723 2224 cupit
741 2182 775 2211 et
799 2174 922 2211 adesse
941 2173 1097 2221 festinat,
1117 2182 1155 2210 ut
1177 2182 1210 2211 et
1227 2174 1273 2211 ab
1287 2175 1360 2213 illis

403 2232 532 2269 liberos
552 2246 615 2269 nos
633 2232 753 2281 faciat,
776 2241 810 2269 et
834 2232 946 2270 salute
964 2232 1071 2284 potiri
1090 2232 1270 2270 concedat.
1289 2233 1359 2272 Ea-

404 2301 546 2344 propter
562 2321 572 2341 ,
589 2290 735 2329 obsecro
756 2321 765 2340 ‚
780 2292 974 2329 excitemus
990 2301 1128 2329 nostras
1148 2302 1281 2331 mentes
1298 2323 1308 2340 ,
1325 2303 1360 2332 et

404 2352 458 2389 sui
486 2352 636 2403 quisque
655 2360 829 2389 scrutator
849 2352 917 2402 sit,
955 2351 1088 2402 anquid
1107 2353 1262 2404 amplius
1284 2368 1304 2392 a
1322 2369 1359 2393 se

403 2412 582 2464 praeterito
612 2421 770 2464 tempore
800 2426 882 2450 cum
915 2411 1020 2450 laude
1045 2423 1183 2464 gestum
1213 2415 1272 2462 sit,
1302 2415 1359 2453 vel

402 2488 510 2524 quam
525 2473 714 2511 utilitatem
724 2473 889 2511 habuerit
903 2487 948 2511 ex
960 2474 1128 2512 continua
1142 2475 1210 2512 bac
1227 2475 1359 2513 doctri-

404 2550 471 2573 na:
495 2535 524 2573 si
545 2535 646 2586 quid,
680 2534 775 2585 quod
808 2534 973 2586 proximo
992 2536 1144 2585 serviat,
1175 2536 1358 2575 fructuum

403 2596 595 2648 collegerit,
617 2596 646 2634 si
682 2594 846 2646 quaedam
872 2595 959 2634 vitia
990 2609 1053 2634 sua
1075 2597 1269 2635 correxerit
1289 2613 1302 2647 3
1328 2598 1357 2636 si

402 2656 497 2708 quod
515 2656 562 2694 ad
579 2671 697 2694 veram
718 2655 983 2708 philosophiam
1011 2656 1210 2695 adeundam
1233 2658 1358 2697 incita-

404 2727 560 2755 mentum
580 2732 624 2755 ex
641 2717 697 2755 his
712 2717 841 2755 nostris
866 2717 1086 2768 quotidianis
1102 2719 1274 2772 acceperit
1293 2720 1357 2760 ad-

403 2777 673 2814 monitionibus.
693 2776 801 2814 Bonis
827 2776 973 2827 quidem
991 2778 1158 2830 operibus
1189 2780 1356 2818 accessio-

405 2852 484 2875 nem
503 2837 580 2874 fieri
602 2836 811 2886 curandum,
833 2846 866 2874 et
885 2851 1081 2888 numquam
1103 2839 1356 2890 quiescendum

403 2907 453 2936 est
480 2898 525 2935 ab
547 2897 614 2935 boc
643 2897 736 2935 bono
770 2896 898 2947 agendi
924 2897 1088 2936 instituto
1115 2914 1122 2935 :
1150 2908 1186 2937 at
1213 2899 1243 2937 si
1275 2900 1356 2951 quis

403 2959 536 2997 viderit
555 2957 844 2996 consuetudinem
866 2973 967 2997 suam
995 2959 1116 2999 adhuc
1142 2961 1352 3013 praevalere,

404 3030 435 3057 et
456 3034 492 3057 se
510 3020 546 3057 in
569 3019 694 3057 iisdem
713 3033 949 3071 perseverare,
964 3030 1067 3073 cogat
1088 3031 1241 3060 mentem
1255 3037 1352 3061 suam

406 3102 474 3123 suae
489 3085 632 3123 desidia:
647 3085 818 3123 rationem
833 3085 978 3125 reddere
991 3103 998 3123 z
1015 3102 1078 3126 nec
1088 3088 1179 3126 sinat
1188 3088 1355 3141 progredi

407 3152 567 3197 ulterius,
595 3151 657 3189 sed
676 3166 793 3203 pravae
814 3152 1077 3193 consuetudinis
1097 3155 1203 3193 finem
1224 3155 1351 3206 faciat3

405 3218 584 3257 exscindat
623 3218 804 3270 impetum,
833 3229 988 3258 coerceat
1029 3221 1284 3273 cogitationes,
1318 3222 1352 3260 in

1436 1454 1513 1498 τοὺς
1535 1455 1739 1501 Νινευίτας,
1762 1455 1882 1502 ἐπειδὴ
1904 1459 2010 1509 τριῶν
2029 1459 2170 1510 ἡμερῶν
2190 1456 2252 1503 τὴν
2274 1458 2460 1507 μετάνοιαν

1436 1517 1673 1564 ἐπεδείξαντο,
1702 1517 1871 1564 τοσαύτης
1889 1517 2018 1563 ἠξίωσε
2036 1518 2298 1572 φιλανθρωπίας
2310 1549 2320 1566 ,
2340 1521 2460 1572 πολλῷ

1437 1577 1478 1625 δὴ
1500 1580 1631 1628 μᾶλλον
1649 1581 1743 1628 ἡμᾶς
1765 1580 1802 1616 οὗ
1821 1578 2027 1631 περιόψεται
2043 1596 2050 1602 ·
2073 1579 2173 1630 μόνον
2190 1580 2249 1618 ἐὰν
2266 1580 2330 1627 τὴν
2347 1582 2459 1628 ἀληθῆ

1437 1639 1622 1690 μετάνοιαν
1643 1638 1896 1690 ἐπιδειξώμεθα
1910 1668 1919 1684 ,
1940 1639 1999 1677 καὶ
2023 1642 2084 1686 τῆς
2103 1640 2227 1684 κακίας
2246 1641 2459 1685 ἀποστάντες

1435 1699 1605 1750 ἁψώμεθα
1625 1703 1686 1746 τῆς
1703 1699 1762 1737 ἐπὶ
1779 1699 1841 1746 τὴν
1863 1699 1989 1751 ἀρετὴν
2005 1700 2176 1752 φερούσης
2195 1702 2285 1739 ὁδοῦ.
2307 1702 2377 1740 Καὶ
2391 1702 2458 1753 γὰρ

1434 1760 1514 1814 περὶ
1540 1760 1695 1809 ἐκείνων,
1726 1763 1794 1798 τῶν
1825 1761 2016 1798 Νινευιτῶν
2044 1761 2153 1813 λέγω,
2186 1767 2409 1814 μαρτυροῦσα
2434 1766 2456 1808 ἡ

1435 1821 1509 1861 θεία
1540 1822 1689 1874 Γραφὴ,
1731 1821 1832 1860 τοῦτό
1864 1837 1988 1874 φησιν,
2023 1822 2075 1860 ὅτι
2108 1817 2211 1861 Εἶδεν
2239 1826 2257 1860 ὃ
2287 1824 2376 1867 Θεὸς
2403 1823 2458 1862 ὅτι

1435 1883 1569 1930 ἀπέστη
1599 1883 1743 1926 ἕκαστος
1773 1883 1843 1921 ἀπὸ
1872 1885 1935 1928 τῆς
1965 1884 2044 1921 ὁδοῦ
2076 1885 2181 1922 αὐτοῦ
2211 1887 2273 1930 τῆς
2291 1891 2457 1938 πονηρᾶς.

1433 1945 1521 1984 Ἐὰν
1548 1945 1662 1983 τοίνυν
1680 1944 1741 1982 καὶ
1763 1948 1857 1996 ἡμᾶς
1871 1944 1926 1996 ἴδῃ
1961 1945 2263 1996 μεταταξαμένους
2290 1946 2375 1997 πρὸς
2394 1945 2459 1992 τὴν

1434 2006 1579 2057 ἀρετὴν,
1599 2005 1659 2044 καὶ
1679 2005 1906 2048 ἐκκλίναντας
1925 2006 1987 2056 μὲν
2011 2006 2080 2044 ἀπὸ
2098 2009 2161 2052 τῆς
2185 2005 2325 2051 κακίας,
2343 2006 2402 2044 ἐπὶ
2421 2006 2457 2044 δὲ

1431 2067 1495 2115 τὴν
1526 2070 1593 2105 τῶν
1619 2068 1756 2118 ἀγαθῶν
1789 2067 1954 2118 ἐργασίαν
1985 2066 2214 2112 σπεύδοντας,
2238 2066 2371 2110 δέξεται
2397 2067 2457 2105 καὶ

1431 2129 1532 2177 ἡμῶν
1558 2127 1622 2173 τὴν
1646 2126 1874 2178 ἐπιστροφὴν,
1895 2127 1955 2164 καὶ
1974 2129 2042 2165 τῶν
2059 2127 2207 2179 φορτίων
2222 2126 2456 2180 ἐλευθερώσας

1431 2191 1499 2225 τῶν
1520 2187 1786 2238 ἁμαρτημάτων
1813 2187 1956 2239 παρέξει
1982 2187 2043 2231 τὰς
2071 2189 2153 2239 παρ’
2172 2190 2292 2226 ἑαυτοῦ
2313 2187 2455 2239 δωρεάς.

1432 2248 1524 2288 Οὐδὲ
1544 2249 1612 2301 γὰρ
1639 2251 1741 2298 ἡμεῖς
1764 2248 1856 2287 οὕτω
1882 2252 1944 2295 τῆς
1965 2250 2033 2286 τῶν
2053 2249 2321 2300 ἁμαρτημάτων
2338 2251 2456 2286 ἀπαλ-

1430 2310 1539 2359 λαγῆς
1565 2311 1820 2359 ἐπιθυμοῦμεν,
1849 2309 1908 2347 καὶ
1938 2308 2113 2361 σωτηρίας
2129 2308 2310 2361 ἐφιέμεθα,
2326 2311 2373 2352 ὡς
2395 2310 2456 2346 αὐω

1430 2370 1488 2413 τὸς
1512 2369 1653 2407 σπεύδει
1676 2370 1736 2407 καὶ
1763 2368 1939 2420 ἐπείγεται
1957 2369 2127 2407 κάκείνων
2148 2373 2232 2420 ἡμῖν
2249 2369 2312 2416 τὴν
2336 2371 2452 2408 ἀπαλ·

1431 2429 1542 2482 λαγὴν
1561 2430 1804 2483 δωρήσασθαι,
1827 2429 1963 2475 καὶτῆς
1979 2430 2153 2481 σωτηρίας
2175 2430 2238 2477 τὴν
2257 2430 2450 2468 ἀπόλαυσιν

1429 2496 1637 2542 παρασχεῖν.
1667 2490 1735 2528 Διὰ
1754 2493 1867 2538 τοῦτο,
1891 2492 2100 2542 παρακαλῶ,
2126 2490 2349 2544 διεγείρωμεν
2369 2493 2450 2529 ἑαυ-

1428 2554 1496 2590 τῶν
1517 2553 1573 2590 τὸν
1596 2552 1778 2603 λογισμὸν,
1807 2551 1866 2589 καὶ
1896 2550 2040 2595 ἕκαστος
2062 2551 2247 2597 ἐξεταστὴς
2268 2554 2380 2604 ἑαυτῷ
2398 2569 2451 2603 γι-

1429 2612 1554 2660 νέσθω,
1584 2613 1614 2650 εἴ
1638 2628 1672 2649 τι
1702 2611 1806 2650 πλέον
1835 2613 1929 2664 αὐτῷ
1949 2611 2179 2663 κατώρθωται
2199 2614 2233 2650 ἐν
2248 2614 2298 2663 τῷ
2317 2614 2448 2663 παρελ-

1430 2673 1522 2711 θόντι
1541 2672 1674 2725 χρόνῳ,
1700 2673 1732 2710 εἴ
1759 2688 1837 2710 τινα
1870 2672 1987 2719 ὄνησιν
2017 2671 2118 2723 ἔσχεν
2139 2673 2178 2709 ἐκ
2195 2674 2258 2717 τῆς
2287 2676 2449 2723 συνεχοῦς

1428 2733 1557 2780 ταύτης
1585 2733 1832 2779 διδασκαλίας,
1869 2732 1900 2770 εἴ
1929 2748 1963 2770 τι
1983 2731 2213 2783 ἐκαρπώσατο
2233 2734 2279 2775 εἷς
2297 2731 2359 2779 τὴν
2389 2736 2448 2770 τοῦ

1428 2795 1575 2842 πλησίον
1591 2795 1817 2842 κατάστασιν,
1838 2795 1871 2832 εἴ
1887 2810 1965 2832 τινα
1980 2797 2048 2832 τῶν
2071 2794 2328 2844 ἐλαττωμάτων
2349 2794 2449 2846 διώρ-

1393 2878 1403 2888 ι
1427 2859 1516 2894 θωσε
1531 2859 1598 2893 τῶν
1616 2858 1749 2903 ἑαυτοῦ,
1770 2855 1801 2893 εἴ
1819 2871 1897 2892 τινα
1916 2854 2001 2906 πρὸς
2021 2854 2224 2906 φιλοσοφίαν
2243 2854 2447 2907 προτροπὴν

1449 2917 1498 2931 xl*
1593 2919 1602 2931 3

1427 2920 1564 2962 ἐοεςατο
1588 2932 1626 2955 εκ
1641 2919 1704 2962 τῆς
1723 2918 1958 2968 καθημερινῆς
1979 2919 2080 2966 ἡμῶν
2100 2913 2336 2966 παραινέσεως
2352 2931 2360 2938 ·
2389 2921 2448 2959 καὶ

1425 2985 1494 3022 τοῖς
1525 2977 1586 3029 μὲν
1618 2977 1686 3024 ἤδη
1708 2975 1994 3029 κατωρθωμένοις
2022 2977 2224 3029 προσθήκην
2253 2977 2446 3025 ἐπινοείτω,

1424 3041 1483 3078 καὶ
1516 3038 1691 3090 μηδέποτε
1721 3039 1885 3076 παυέσθω
1909 3041 1971 3084 τῆς
1990 3040 2101 3084 καλῆς
2118 3037 2248 3084 ταύτης
2269 3038 2444 3089 ἐργασίας.

1424 3102 1468 3139 Εἰ
1485 3101 1521 3138 δέ
1535 3116 1586 3143 τις
1605 3099 1655 3137 ἔτι
1671 3099 1738 3137 ὑπὸ
1754 3101 1817 3144 τῆς
1833 3099 2013 3144 συνηθείας
2028 3101 2089 3144 τῆς
2104 3098 2184 3149 περὶ
2201 3097 2302 3134 αὐτὸν
2319 3113 2446 3148 κεκρα-

1423 3161 1570 3211 τημένος
1600 3163 1663 3213 δρᾷ
1685 3159 1808 3198 ἑαυτὸν
1831 3165 1901 3201 τοῖς
1928 3161 2041 3202 αὐτοῖς
2067 3157 2285 3207 ἐπιμένοντα,
2317 3158 2444 3207 βιασά-

1424 3225 1494 3259 σθω
1523 3223 1645 3259 ἑαυτοῦ
1675 3221 1731 3258 τὸν
1759 3219 1976 3270 “mytonem
2023 3218 2120 3264 δίκην
2154 3217 2353 3264 ἀπαιτήσας
2382 3221 2444 3264 τῆς

447 3329 461 3351 ¹¹
480 3329 488 3367 Ῐ
505 3325 604 3358 Savil.
626 3326 712 3367 conj.
731 3330 890 3369 ῥαθυμῑαν.
912 3325 1005 3359 Idem
1026 3326 1056 3360 in
1075 3335 1164 3361 textu
1184 3335 1356 3370 ἀπώσησθε,
1371 3330 1403 3361 iu
1438 3337 1514 3371 μήτε
1531 3334 1694 3370 §.valam
1720 3326 1834 3359 Morvl-
1855 3330 2003 3368 λογισμὸν,
2022 3328 2102 3362 ὃίιην
2119 3330 2284 3363 &Uirrius
2299 3329 2442 3365 'rous‘ffls‘

402 3391 504 3420 marg.
525 3379 739 3419 inmunda]

1438 3385 1585 3425 ρᾳθυΙμ-[χς
1609 3385 1655 3413 χχὶ
1683 3395 1724 3421 ’μη
1749 3385 1916 3422 ἀνά7χ91ῗ9.
1945 3379 2016 3409 1)ΙΙΟ
2039 3378 2112 3408 le's.
2135 3381 2283 3419 >07¹71'257·
2302 3384 2346 3420 μὴ
2363 3380 2442 3416 δῖκήὊ

446 3442 456 3455 ’“
475 3430 574 3463 5ᾹΙΠΙ-
591 3435 726 3474 >ommi-2
744 3435 822 3469 salma
842 3438 988 3476 ’ὶττκιτὴτς
1009 3441 1058 3471 τῆς
1077 3437 1218 3473 tenir&
1232 3438 1402 3480 ῥᾳθυμίας,
1438 3441 1587 3476 ἀπαιτήσῃ
1607 3440 1654 3470 τῆς
1672 3435 1814 3468 τοσαύτης
1831 3435 1997 3474 ῥᾳθύμοις,
2010 3435 2055 3463 ια’(
2072 3434 2114 3471 μὶ,
2130 3435 2305 3471 ανασχηται.
