2516 3791
295 195 386 255 738
715 209 753 239 S.
791 208 968 239 JOANMS
1003 205 1243 237 CHRYSOST·
1281 205 1484 236 ARCHIEP.
1522 206 1877 238 CONSTANTINOP-

288 301 376 330 turae
390 291 524 330 honore
552 292 689 330 clarum
710 305 807 330 esse:
831 299 866 328 et
888 298 1007 342 postea
1026 296 1168 340 peccata
1195 287 1243 325 il-

287 353 359 390 lius
377 352 478 403 quasi
499 353 533 389 in
549 366 637 390 cerea
657 352 819 389 columna
838 349 1021 387 inscribit:
1042 356 1242 385 monstrans

288 413 381 451 nihil
410 413 597 465 profutura
625 412 726 449 nobis
746 426 818 449 esse
837 425 874 447 ea
897 423 975 461 quae
997 424 1017 446 a
1042 418 1168 446 natura
1188 408 1243 446 in-

288 484 384 523 sunt,
403 475 471 512 nisi
500 483 532 511 et
561 473 756 511 voluntatis
774 473 867 510 hona
897 485 1002 523 opera
1025 480 1240 522 sequantur:

287 535 363 572 haec
384 535 478 572 enim
493 542 575 571 sunt
595 548 672 583 quae
690 543 723 570 et
738 532 882 570 laudem
899 533 1031 570 habent
1047 541 1079 570 et
1099 532 1242 584 vitupe-

287 595 392 632 rium.
414 596 558 639 Durus,
577 593 712 644 inquit,
733 595 787 632 ad
798 595 1028 646 ferendum,
1051 595 1170 631 durus
1205 602 1243 631 et

283 658 482 707 per-vicar.
498 656 657 703 Naturae,
674 654 803 705 inquit,
817 654 1028 706 dignitatem
1040 654 1105 692 tibi
1120 653 1241 692 datam

286 716 434 754 amisisti
453 716 598 768 propria
617 725 677 753 tua
702 715 910 754 temeritate.
933 716 1073 754 Deinde
1100 725 1133 753 et
1162 730 1242 767 spe-

285 776 374 813 ciem
389 776 524 827 peccati
541 776 628 813 liene
646 776 817 828 scriptam
828 776 1010 827 relinquit,
1029 777 1077 814 ita
1091 786 1130 814 ut
1145 776 1242 827 quod

286 837 345 874 ille
371 845 554 874 accusatus
576 837 877 889 reprehensusque
908 837 967 888 sit,
986 838 1135 890 posteris
1166 852 1241 875 ma-

285 911 354 949 gna
373 898 419 935 sit
446 897 601 935 eruditio
615 928 624 946 ,
642 912 685 935 ne
703 898 835 936 similia
864 908 1046 937 attentent.
1070 900 1110 937 24.
1136 901 1238 937 Con-

284 959 444 996 tumelia
475 959 661 1011 affecisti,
699 962 797 997 sicut
825 974 931 1011 aqua
965 974 1043 997 non
1075 962 1242 1015 efferve-

283 1033 379 1057 scas.
406 1019 635 1058 Ascendisti
662 1023 780 1067 enim,
800 1021 934 1072 inquit,
965 1036 1080 1074 super
1100 1023 1241 1060 lectum

280 1083 404 1131 patris
419 1083 474 1117 tui
491 1096 502 1116 .·
520 1089 611 1118 tunc
621 1082 799 1133 polluisti
812 1091 978 1120 stratum
992 1084 1097 1135 quod
1110 1097 1243 1121 ascen-

285 1142 388 1179 disti.
412 1140 599 1192 Significat
618 1142 848 1181 concubitum
866 1144 942 1196 ejus
961 1156 1043 1181 cum
1062 1143 1176 1183 Balla.

339 1326 374 1361 2
405 1323 500 1363 Vide
528 1324 708 1375 quomodo
730 1340 793 1378 per
812 1326 1024 1378 sapientiam
1051 1340 1071 1364 a
1103 1327 1242 1380 Spiritu

286 1394 406 1422 sancto
438 1385 508 1423 sibi
538 1385 669 1432 datam,
691 1386 790 1438 prius
809 1387 904 1425 dixit
934 1387 972 1425 id
998 1388 1095 1439 quod
1120 1397 1242 1440 postea

81 1462 150 1489 Lea.
173 1461 221 1492 13,
237 1461 267 1492 8,
285 1447 403 1483 Moses
424 1446 513 1484 inter
534 1447 628 1498 leges
656 1447 891 1486 recensiturus
923 1458 996 1486 erat
1008 1478 1019 1498 ‚
1048 1464 1117 1487 non
1137 1449 1243 1487 licere

285 1521 367 1544 cum
377 1507 502 1544 eadem
516 1508 664 1545 muliere
676 1518 814 1560 patrem
828 1518 862 1546 et
877 1509 994 1547 filium
1009 1524 1083 1547 rem
1100 1510 1240 1548 hahere.

284 1567 332 1605 Et
350 1581 444 1605 nunc
459 1568 558 1606 istud
577 1568 666 1620 ipse,
684 1569 804 1607 filium
824 1584 926 1607 suum
944 1571 1172 1622 increpando,
1190 1572 1242 1609 sic

282 1627 462 1679 prohibet.
483 1629 682 1675 Polluisti,
706 1628 834 1679 inquit,
854 1639 1035 1677 stratum,
1052 1632 1243 1670 ascendens

283 1703 394 1740 super
412 1689 544 1726 lectum
563 1689 676 1742 patris
696 1690 760 1727 tui.
784 1691 873 1728 Rem
889 1705 1097 1742 perversam
1116 1693 1241 1731 fecisti.

282 1750 431 1801 Propter
452 1750 519 1787 hoc
537 1750 635 1802 quod
648 1750 698 1788 ita
713 1752 960 1790 Contumelia
978 1767 1035 1790 me
1048 1755 1237 1806 affecisti,

287 1812 386 1848 sicut
406 1824 512 1863 aqua
530 1825 607 1848 non
636 1813 885 1865 effervescas.
913 1813 1054 1852 Inutilis
1075 1815 1162 1864 erit,
1187 1815 1242 1854 in-

284 1871 376 1922 quit,
404 1871 466 1909 ille
501 1882 648 1911 conatus
682 1883 766 1911 tuus
796 1891 803 1910 :
836 1874 934 1925 quod
963 1889 1076 1926 neque
1105 1886 1242 1928 patrem

282 1932 472 1978 reveritus,
493 1934 652 1986 polluere
667 1935 741 1987 ejus
768 1935 899 1973 lectum
927 1951 1034 1975 ausus
1054 1938 1173 1976 fueris.
1192 1941 1243 1978 Ut

282 1993 395 2044 igitur
417 2009 511 2033 nunc
538 1995 574 2033 in
603 1996 830 2047 sequentibus
852 1998 1138 2049 generationibus
1158 2000 1243 2038 talia

285 2069 388 2092 nemo
409 2055 584 2106 imitetur,
610 2066 796 2109 propterca
811 2059 966 2110 Spiritus
985 2070 1126 2098 sanctus
1146 2061 1242 2100 ordi-

284 2116 396 2164 navit,
417 2126 456 2154 ut
475 2117 587 2156 literis
610 2119 876 2158 commendetur
895 2121 971 2158 haec
989 2123 1188 2160 accusatio:
1209 2133 1242 2162 et

284 2190 404 2214 omnes
430 2178 491 2228 qui
514 2178 666 2217 audiunt
684 2180 907 2229 erudiantur,
927 2182 1112 2233 sciantque
1127 2185 1241 2222 mani-

108 2250 188 2277 Nihil
201 2260 270 2287 pro-
285 2237 379 2286 feste,
392 2238 481 2275 nihil
490 2239 656 2290 prodesse
667 2240 878 2291 dignitatem
888 2251 1021 2279 naturae
1030 2257 1240 2294 concessam,

80 2298 151 2359 ἰξῖζὲ
184 2297 271 2361 ’1ιῖ3ζᾶ
286 2298 352 2336 nisi
380 2308 413 2336 et
444 2299 638 2338 voluntatis
665 2301 833 2339 accedant
863 2312 1081 2340 ornamenta.
1104 2304 1242 2342 Deinde

81 2383 124 2400 m
128 2385 136 2400 ,
176 2385 271 2402 mmes
286 2359 369 2409 quia
387 2360 471 2397 satis
491 2360 701 2399 traduxciat
728 2363 903 2400 nefarium
922 2363 989 2401 hoc
1014 2378 1126 2416 opus,
1143 2366 1242 2403 venit

80 2416 166 2484 lgm-¹
190 2426 270 2443 ³⁰⁰&
285 2418 329 2456 ad
347 2421 561 2472 Symeonem
578 2430 610 2459 et
626 2422 764 2460 Levi.5
771 2423 848 2471 ,87
851 2438 962 2461 meon
978 2433 1014 2462 et
1031 2427 1124 2462 Levi
1139 2440 1241 2463 com-

280 2481 484 2531 pleverunt
498 2484 731 2534 injustitiam
753 2484 972 2522 voluntatis
986 2499 1076 2523 suoe.
1090 2487 1241 2524 Conten-

282 2539 331 2578 tio
349 2554 484 2591 eorum,
507 2557 615 2592 quam
629 2553 773 2594 propter
790 2557 944 2582 sororem
964 2559 1063 2583 suam
1086 2546 1242 2586 declara-

283 2611 380 2651 runt,
400 2617 457 2640 eos
486 2603 522 2640 in
544 2604 757 2655 injustitiam
787 2605 888 2643 illam
916 2605 1073 2659 impulit.
1106 2609 1242 2647 Deinde
1281 2616 1286 2622 “

283 2661 466 2701 ‹lcclaraus
499 2678 557 2702 cos
586 2679 622 2702 se
650 2664 773 2716 ignaro
806 2680 881 2704 rem
912 2667 1048 2715 secisse,
1067 2667 1181 2707 dicit:
1202 2671 1239 2708 ὃ.

283 2725 332 2759 In
353 2726 559 2762 consilium
578 2740 709 2764 eorum
731 2741 809 2765 non
827 2731 963 2768 ‘veniat
983 2733 1118 2768 anima
1138 2745 1237 2779 mea,

283 2791 319 2820 et
344 2786 385 2820 in
405 2794 501 2822 coecu
523 2801 653 2824 eorum
683 2802 760 2825 non
766 2789 980 2841 firmentur
985 2792 1121 2843 jecora
1137 2807 1236 2830 mea.

284 2843 401 2889 Absit,
420 2845 550 2896 inquit,
572 2856 609 2884 ut
629 2849 887 2887 communicem
902 2865 1025 2889 corum
1042 2853 1236 2903 sententiae,

283 2912 316 2939 ct
336 2903 511 2955 obsequar
533 2907 582 2944 cis
602 2907 637 2945 in
657 2908 700 2945 iis
719 2924 798 2959 quae
819 2909 947 2962 injuste
958 2923 1115 2963 egerunt.
1136 2915 1236 2965 Quia

284 2965 326 2999 in
350 2965 488 3015 surore
507 2982 575 3005 suo
597 2971 817 3009 occiderunt
840 2973 1026 3011 homines.
1047 2975 1240 3014 Irrationa-

283 3023 384 3073 bilis,
408 3026 543 3077 inquit,
564 3029 631 3067 suit
657 3045 779 3068 corum
811 3031 1022 3084 indignatio.
1040 3035 1133 3073 Nam
1161 3036 1243 3074 licet

286 3097 461 3136 peccasset
477 3090 644 3141 Sychem,
654 3100 806 3129 attamen
824 3107 893 3131 non
907 3096 1091 3147 oportebat
1107 3105 1241 3135 tantam

281 3160 439 3202 stragem
456 3150 568 3188 facere
598 3159 631 3188 ct
650 3165 770 3189 omncs
789 3153 946 3205 perdere.
961 3157 1014 3193 Et
1034 3159 1076 3193 in
1103 3171 1241 3195 concu-

276 3214 467 3260 piscentia
479 3225 550 3249 suu
561 3213 909 3253 *subnervaverunt
931 3224 1097 3255 taurum.
1109 3218 1240 3256 Filium

322 3346 332 3358 a
360 3335 474 3375 [tloisl.
493 3343 525 3366 ct
537 3335 637 3368 Savil.
657 3338 688 3369 in
709 3350 810 3379 marg.
827 3353 842 3369 ‹-
862 3352 928 3372 νην.
947 3340 1021 3375 lect.
1043 3344 1170 3385 ἕποιτο]

323 3390 336 3409 '¹
362 3386 460 3428 [stibi.
487 3387 607 3431 {arhiv-J

1254 1168 1373 1240 (Ξῖ-,ἦν
1395 1191 1609 1269 σι,Ἄθων-ὴν,ν
1613 1187 1651 1231 ΟΞ
1670 1193 1807 1239 &vig-qq.
1828 1192 1904 1238 Τὴν
1929 1192 2017 1242 μετὰ
2036 1208 2098 1238 της
2124 1193 2261 1237 Βάλλας
2275 1209 2336 1245 γε-

1305 287 1505 333 ἀπήλαυσεν
1541 288 1662 337 αὐτὸς,
1695 289 1787 342 ἀρχὴ
1809 290 1938 329 τέκνων
1963 291 2164 344 γενόμενος,
2185 293 2244 331 καὶ
2270 297 2333 341 τῆς

1313 344 1412 389 ἀξίας
1430 348 1492 392 τ’ῆς
1523 351 1584 385 τοῦ
1615 348 1836 399 πρωτοτόκου
1869 349 2072 388 ἀπολαύων·
2105 351 2164 389 καὶ
2191 352 2269 390 τότε
2289 352 2334 390 τὰ

1315 404 1384 442 ἀπὸ
1414 407 1475 450 τῆς
1494 406 1728 458 προαιρέσεως
1747 408 1985 460 ἁμαρτήματα
2011 407 2129 461 ὥσπερ
2160 412 2193 448 ἐν
2221 409 2332 462 στήλῃ

1312 463 1430 513 χαλκῇ
1460 464 1719 512 ἐναποτίθεται,
1754 465 1885 509 δεικνὺς
1914 466 1966 504 ὅτι
1993 467 2088 504 οὐδὲν
2120 468 2238 519 ὄφελος
2264 469 2333 505 τῶν

1267 528 1290 558 Ε
1312 525 1463 573 φυσικῶς
1482 525 1567 572 ἡμῖν
1587 523 1865 576 ἐνυπαρχόντων,
1887 523 1935 575 μὴ
1955 526 2024 561 τῶν
2046 525 2114 562 ἀπὸ
2127 528 2190 571 τῆς
2206 540 2335 577 προαι-

1315 580 1438 633 ρέσεως
1457 582 1736 634 κατορθωμάτων
1765 582 1960 633 ἑπομένων·
1979 587 2089 620 ταῦτα
2107 582 2175 636 γάρ
2200 585 2272 622 ἔστι
2290 582 2334 621 τὰ

1312 642 1371 680 καὶ
1392 643 1531 681 ἔπαινον
1546 643 1694 695 φέροντα
1721 643 1780 680 καὶ
1790 643 1894 695 ψόγον
1907 643 2198 695 προστριὸόμενα.
2213 645 2334 690 Σκλη-

1315 703 1389 756 ρος,
1406 703 1512 756 φησὶ,
1531 703 1711 779 φέρεσθαι,
1734 704 1793 741 καὶ
1821 704 1969 756 σκληρὸς
1989 704 2152 751 αὐθάδης
2169 704 2245 751 Τὴν
2265 703 2335 742 ἀπὸ

1312 780 1374 810 της
1387 764 1519 816 φύσεως
1531 768 1571 808 ἀς
1557 764 1628 802 ίαν
1645 780 1719 812 σοι,
1742 765 1848 817 φησὶ,
1865 764 2049 816 δεδομένην
2050 764 2266 840 πρρύδωκας
2278 765 2335 802 διὰ

1310 841 1374 870 της
1392 826 1519 870 οἰκείας
1539 826 1758 878 προπετείας.
1783 820 1872 864 Εἶτα
1905 827 1964 864 καὶ
1984 826 2067 864 αὐτὸ
2087 827 2127 865 τὸ
2158 828 2246 870 εἶδος
2277 831 2336 865 τοῦ

1311 887 1565 939 ἁμαρτήματος
1598 887 1676 926 ἀνά
1673 903 1818 939 ραπτον
1847 887 2127 939 καταλιμπάνει,
2160 904 2251 926 ωστε
2275 887 2335 926 καὶ

1310 953 1381 990 τοῖς
1401 947 1479 993 ἑξῆς
1501 949 1725 987 διδασκαλίαν
1741 943 1827 986 εἶναι
1848 947 2015 1000 μεγίστην
2033 948 2119 1001 πρὸς
2135 949 2174 987 τὸ
2195 949 2243 1000 μὴ
2265 955 2336 993 τοῖς

1312 1010 1426 1052 αὓτοῖς
1436 1003 1648 1062 *ἐπι-χειρῶν,
1658 1010 1720 1057 τὴν
1740 1011 1816 1047 κατ’
1833 1013 1936 1047 αὐτοῦ
1961 1009 2174 1062 κατηγορίαν
2193 1026 2336 1062 γεγενη-

1313 1087 1431 1121 μενην.
1449 1070 1577 1122 Εξύὲρ
1583 1087 1680 1119 ισας,
1694 1073 1740 1115 ὡς
1756 1070 1848 1123 ὕδωρ
1863 1070 1911 1121 μὴ
1928 1071 2081 1121 ἐκζέσῃς.
2101 1070 2242 1118 ἈνεῈης
2254 1071 2334 1124 γὰρ,

1312 1147 1428 1184 φησιν,
1451 1148 1508 1170 επι
1536 1131 1599 1178 τὴν
1620 1131 1739 1178 κοίτην
1758 1136 1817 1170 τοῦ
1838 1132 1968 1184 πατρός
1991 1147 2070 1170 σου’
2089 1131 2168 1170 τότε
2194 1132 2336 1182 ἐμίανας

1309 1255 1502 1307 γενημένην
1519 1256 1612 1307 αὐτῷ
1628 1254 1807 1293 συνουσίαν
1826 1252 2025 1292 αἰνίττεται.

1364 1325 1461 1378 οὈρα
1479 1328 1553 1368 πῶς
1570 1324 1627 1363 διὰ
1645 1328 1706 1371 τῆς
1728 1324 1897 1368 συνέσεως
1916 1326 1978 1369 τῆς
1997 1323 2064 1361 ὑπὸ
2082 1327 2142 1362 τοῦ
2167 1322 2337 1375 Πνεύμα-

1310 1402 1367 1430 τος
1390 1389 1485 1439 αὐτῷ
1499 1386 1725 1439 χαρισθείσης
1752 1386 1952 1438 προλαὲὼν,
1972 1384 2057 1437 ὅπερ
2086 1384 2208 1435 ἔμελλε
2228 1387 2338 1423 Μωῦ-

1311 1451 1373 1494 σῆς
1387 1451 1597 1499 νομοθετεῖν,
1619 1446 1711 1484 ὥστε
1736 1446 1783 1496 μὴ
1813 1445 1937 1490 ἐξεῖναι
1961 1450 2003 1498 τῇ
2033 1449 2121 1498 αὐτῇ
2153 1447 2337 1499 μίγνυσθαι

1311 1509 1448 1562 γυναικὶ
1463 1509 1597 1562 πατέρα
1616 1509 1676 1546 καὶ
1693 1507 1844 1553 παιδίον,
1868 1511 1968 1546 τοῦτο
1990 1508 2091 1551 αὐτὸς
2111 1507 2201 1555 ἤδη,
2223 1510 2266 1547 δι’
2289 1503 2336 1547 ὧν

1313 1564 1505 1621 ἐπετίμησε
1521 1573 1571 1623 τῷ
1591 1570 1707 1617 παιδὶ,
1737 1569 1963 1621 ἀπαγορεύει,
1981 1569 2042 1606 καί
2066 1585 2189 1621 φησιν·
2207 1570 2337 1620 Ἐμία-

1313 1647 1373 1674 νας
1391 1631 1453 1677 τὴν
1472 1630 1670 1684 στρωμνὴν,
1687 1629 1836 1668 ἀνελθὼν
1858 1630 1914 1667 ἐπὶ
1935 1629 1999 1676 τὴν
2025 1629 2143 1677 κοίτην
2176 1636 2236 1669 τοῦ
2271 1648 2338 1670 πα-

1312 1692 1391 1744 τρός
1420 1708 1491 1731 σου.
1523 1694 1681 1746 Πρᾶγμα
1713 1691 1914 1743 παράνομον
1948 1691 2098 1744 εἰργάσω
2111 1722 2120 1739 ,
2142 1691 2238 1744 φησί.
2270 1692 2339 1731 Διὰ

1312 1770 1413 1792 τουτο
1432 1753 1551 1800 επειδὴ
1574 1768 1681 1796 ουτως
1700 1752 1961 1804 Εξύῧρισας,(
1943 1768 1989 1795 ως
2010 1751 2101 1805 υδωρ
2123 1752 2170 1804 μὴ
2185 1753 2337 1805 ἐκζέσῃς.

1312 1813 1490 1861 Ἀνόνητός
1524 1815 1738 1866 σοι,ι,>ησὶν,
1755 1813 1852 1852 ἔσται
1877 1817 1899 1860 ἡ
1928 1813 2071 1861 τοιαύτη
2053 1814 2338 1866 ηέπιχείρησις,

1313 1875 1364 1914 ὅτι
1387 1874 1464 1913 οὐδε
1483 1891 1542 1913 του
1560 1891 1691 1927 πατρος
1709 1875 1794 1912 αἰδῶ
1814 1891 1889 1913 τινα
1919 1873 2051 1922 λαέων,
2086 1882 2207 1925 μιαναι
2236 1877 2340 1914 αὐτοῦ

1312 1936 1374 1984 τὴν
1395 1937 1516 1984 κοίτην
1539 1937 1747 1988 ἐτόλμησας.
1764 1935 1843 1974 Ἵνα
1862 1930 1918 1973 οὖν
1939 1936 2007 1982 ἤδη
2031 1937 2065 1973 ἐν
2085 1942 2160 1979 ταῖς
2182 1935 2260 1983 ἑξῆς
2276 1952 2338 1988 γε·-

1312 2005 1405 2042 νεαῖς
1424 1998 1486 2045 τὴν
1509 1997 1673 2044 τοιαύτην
1693 1997 1841 2049 μίμησιν
1867 2003 1986 2049 φυγεῖν
2006 1996 2138 2049 ἔχωσι,
2165 1997 2221 2035 διὰ
2239 2001 2339 2036 τοῦτο

1315 2060 1544 2099 ἐναποθέσθαι
1572 2066 1642 2103 τοῖς
1659 2059 1845 2113 γράμμασι
1860 2059 1898 2097 τὸ
1913 2061 2060 2109 Πνεῦμα
2090 2058 2130 2097 τὸ
2157 2058 2253 2110 ἅγιον
2276 2059 2338 2107 τὴν

1314 2121 1527 2174 κατηγορίαν
1544 2120 1674 2166 ταύτην
1690 2119 1925 2174 ᾠκονόμησεν,
1942 2118 2032 2157 ὥστε
2046 2119 2179 2163 πάντας
2199 2119 2340 2158 ἀκούονι

1312 2198 1376 2225 τας
1391 2181 1616 2220 παιδεύεσθαι
1637 2197 1697 2219 και
1718 2181 1844 2219 εἰδέναι
1864 2196 2000 2232 σαφως,
2030 2182 2077 2223 ὡς
2105 2181 2200 2218 ουδεν
2224 2183 2339 2224 αυτοῖς

1314 2241 1433 2318 ὄφελρς
1458 2258 1520 2288 της
1540 2243 1609 2280 ἀπὸ
1637 2257 1698 2288 της
1719 2241 1851 2293 φύσεως
1864 2241 2048 2293 προεδρίας
2065 2241 2339 2293 κεχαρισμένης,

1313 2302 1409 2352 εἰμὴ
1427 2302 1487 2340 καὶ
1515 2302 1560 2339 τὰ
1579 2319 1640 2349 της
1658 2317 1891 2355 προαιρεσεως
1914 2301 2076 2349 “ε’ττηται.
2109 2297 2198 2340 Εἰτα
2219 2302 2338 2350 ἐπειδὴ

1314 2364 1522 2416 ἀρκούντως
1537 2363 1658 2401 τούτου
1691 2362 1909 2409 ἐστηλίτευσε
1941 2379 2004 2410 την
2045 2363 2174 2416 μιαρὰν
2210 2363 2339 2410 ταύτην

1313 2423 1450 2477 πρᾶξιν,
1469 2424 1609 2476 ἔρχεται
1641 2424 1698 2462 ἐπὶ
1727 2423 1783 2461 τὸν
1811 2422 1958 2474 Συμεὼν
1990 2424 2049 2461 καὶ
2069 2424 2163 2462 Λευί.
2191 2424 2338 2476 Συμεὼν

1314 2484 1373 2522 καὶ
1394 2485 1479 2522 Λευὶ
1508 2484 1731 2523 συνετέλεσαν
1752 2484 1887 2521 ἀδικίαν
1918 2483 2117 2538 ἐξαιρέσεως
2145 2487 2270 2524 αὐτῶν.
2293 2485 2338 2524 ‘H

1315 2545 1507 2597 φιλονεικία
1527 2548 1655 2593 αὐτῶν,
1674 2545 1789 2598 φησὶν,
1808 2546 1849 2592 ἢν
1878 2545 1964 2598 ὑπὲρ
1983 2550 2046 2592 τῆς
2081 2548 2230 2598 ἀδελφῆς
2259 2549 2339 2585 ἐπε-

1315 2606 1485 2655 δείξαντο,
1506 2609 1553 2650 εἷς
1567 2607 1631 2653 τὴν
1647 2607 1782 2645 ἀδικίαν
1797 2606 1931 2653 ἐκείνην
1947 2607 2068 2650 αὐτοὺς
2086 2607 2336 2661 παρώρμησεν.

1314 2662 1403 2706 Εἶτα
1423 2670 1536 2715 δηλῶν
1555 2668 1609 2706 ὅτι
1624 2667 1785 2711 λαθόντες
1812 2667 1912 2705 αὐτὸν
1942 2667 2004 2713 τὴν
2032 2670 2163 2705 ἑαυτῶν
2195 2667 2338 2719 γνώμην

1313 2731 1360 2772 εἷς
1380 2730 1478 2781 ἔργον
1497 2728 1640 2780 ἤγαγον,
1660 2727 1762 2780 φησίν
1776 2745 1783 2751 ·
1808 2730 1869 2772 Εἷς
1891 2727 2017 2778 βουλὴν
2039 2731 2150 2766 αὐτῶν
2171 2728 2219 2779 μὴ
2245 2728 2339 2767 ἔλθοι

1312 2794 1333 2837 ἡ
1355 2790 1450 2842 ψυχή
1474 2805 1557 2838 μου,
1576 2789 1635 2827 καὶ
1655 2788 1712 2827 ἐπὶ
1734 2792 1777 2840 τῇ
1799 2789 1964 2827 συστάσει
1985 2791 2097 2827 αὐτῶν
2118 2789 2166 2840 μὴ
2190 2788 2206 2809 ¹³
2220 2789 2335 2842 ἐρείσῃ

1311 2851 1356 2889 τὰ
1371 2850 1494 2896 ἥπατά
1526 2865 1603 2900 μου.
1635 2849 1696 2896 Μὴ
1728 2849 1860 2901 γένοιτό
1882 2865 1958 2900 μοι,
1997 2849 2098 2901 φησὶ,
2128 2854 2336 2896 κοινωνῆσαι

1312 2914 1427 2956 αὐτοῖς
1456 2914 1510 2958 εῆς
1529 2910 1686 2962 γνώμης,
1711 2911 1732 2957 ἢ
1756 2911 2035 2964 συγκαταθέσθαι
2055 2918 2124 2955 τοῖς
2146 2913 2203 2950 ὑπ’
2224 2915 2335 2951 αὐτῶν

1311 2974 1438 3016 ἀδίκως
1458 2971 1711 3025 γεγενημένοις.
1732 2972 1818 3011 “Oti
1844 2974 1878 3010 ἐν
1910 2975 1960 3024 τῷ
1989 2975 2086 3024 Ουμῷ
2119 2975 2231 3011 αὐτῶν
2253 2973 2336 3012 ἀπέ-

1314 3051 1451 3073 κτειναν
1483 3032 1694 3086 ἀνθρώπους.
1716 3032 1912 3085 Ἀλόγιστος
1930 3034 2058 3079 αὐτῶν,
2080 3033 2181 3085 φησὶ,
2199 3033 2336 3084 γέγονεν

1310 3100 1328 3135 ὃ
1345 3095 1460 3146 Ουμός.
1472 3096 1517 3133 Εἰ
1534 3094 1601 3147 γὰρ
1619 3094 1677 3132 καὶ
1690 3094 1826 3146 ἥμαρτε
1839 3093 1973 3146 Συχὲμ,
1986 3093 2075 3132 ἀλλὰ
2089 3093 2179 3132 κατὰ
2196 3094 2334 3132 πάντων

1311 3159 1372 3196 οὐκ
1384 3158 1491 3209 ἐχρῆν
1504 3155 1675 3201 τοσαύτην
1689 3154 1924 3199 ἐπιδείξασθαι
1937 3154 2149 3207 μιαιφονίαν.
2161 3155 2231 3193 Καὶ
2243 3157 2276 3193 ἐν
2290 3156 2333 3206 τῇ

1312 3216 1479 3268 ἐπιθυμίᾳ
1502 3218 1613 3255 αὐτῶν
1640 3215 1913 3269 ἐνευροκόπησαν
1935 3219 2071 3267 ταῦρον.
2088 3216 2158 3254 Τὸν
2185 3215 2257 3254 υἱὸν
2277 3220 2335 3254 τοῦ

1373 3341 1387 3354 “
1416 3339 1475 3371 Alii
1494 3339 1836 3383 suffoderuntmurum
1848 3353 1857 3373 .·
1876 3340 1920 3372 sic
1935 3338 2166 3383 Vulgatn.Vid.
2186 3339 2331 3382 llexapla

1329 3399 1455 3428 nostra.
