2516 3791
658 182 713 211 DF.
749 181 920 213 DAVIDE
955 182 1012 212 ET
1047 181 1194 212 SAULE
1233 180 1423 212 ttOMuAA
1462 182 1531 213 ΙΙΙ.

65 266 122 306 τὸν
148 264 276 316 θυμὸν,
308 263 350 302 ἂν
381 263 447 311 τὴν
475 264 604 318 ἔχθραν
628 265 808 318 ἐκῧάλῃς,
839 265 937 305 οὐδέν
967 281 1006 305 σε
1025 266 1095 303 τῶν

63 325 259 380 λεγομένων
278 327 436 374 λυπῆσαι
455 326 652 374 δυνήσεται.

112 1008 183 1048 Καὶ
202 1008 236 1047 τί
271 1007 376 1060 λέγω,
396 1010 466 1046 τῶν
483 1007 703 1060 λεγομένων;
735 1006 847 1046 Οὐδὲν
865 1010 934 1046 τῶν
953 1008 1092 1059 γινομέ-

60 1086 127 1110 νων
139 1102 148 1120 ,
168 1073 349 1123 ὡσπεροῧν
369 1069 446 1109 οὐδὲ
464 1070 522 1108 τὸν
540 1067 713 1124 μακάριον
732 1075 870 1109 τοῦτον·
905 1072 982 1109 ἀλλ’
1003 1073 1091 1124 ὁρῶν

58 1133 116 1172 τὸν
141 1134 310 1184 πολέμιον
335 1132 427 1171 κατὰ
444 1135 506 1179 τῆς
532 1134 636 1170 αὐτοῦ
654 1132 830 1184 σωτηρίας
847 1131 1090 1183 ὁπλιζόμενον,

58 1193 118 1233 καὶ
136 1194 254 1233 πάντα
279 1194 337 1232 διὰ
365 1197 468 1232 τοῦτο
490 1197 672 1241 κινοῦντα,
699 1196 738 1233 οὐ
759 1194 862 1245 μόνον
882 1195 945 1232 οὐκ
963 1193 1092 1246 ἠγρία-

57 1271 112 1294 νεν
128 1285 138 1303 ,
166 1256 258 1294 ἀλλὰ
287 1256 347 1294 καὶ
379 1258 427 1299 εἷς
456 1255 600 1294 πλείονα
631 1250 716 1302 ἦλθε
748 1255 968 1307 συμπάθειαν
981 1271 988 1279 ·
1021 1256 1092 1307 ὅσῳ

58 1317 198 1368 μείζονα
216 1317 434 1364 ἐπεὸούλευε,
454 1316 610 1369 τοσούτῳ
633 1318 766 1367 μᾶλλον
790 1317 892 1376 αὐτὸν
913 1316 1091 1369 ἐδάκρυεν.

55 1378 158 1435 ’ᾘδει
172 1378 252 1431 γὰρ,
271 1379 350 1431 ᾔδει
370 1382 502 1431 σαφῶς,
519 1378 573 1416 ὅτι
589 1381 654 1431 οὐχ
671 1382 688 1416 ὁ
700 1378 848 1431 πάσχων
865 1381 995 1424 κακῶς,
1014 1380 1091 1417 ἀλλ’

55 1441 74 1478 ὁ
89 1442 212 1485 ποιῶν,
227 1433 324 1483 οῧτός
345 1441 420 1477 ἐστι
435 1438 594 1492 δακρύων
614 1439 708 1484 ἄξιος
724 1439 783 1477 καὶ
800 1439 947 1491 Ορήνων,
967 1439 1090 1477 ἑαυτὸν

55 1499 328 1539 καταὸλάπτων.
348 1500 418 1539 Διὰ
433 1504 536 1538 τοῦτο
551 1499 610 1538 καὶ
628 1499 766 1552 μακρὰν
783 1500 870 1553 πρὸς
887 1500 987 1539 αὐτὸν
1004 1515 1090 1538 συν-

55 1561 176 1608 έθηκεν
200 1561 413 1613 οἷπολογίαν,
433 1561 493 1600 καὶ
515 1562 553 1599 οὐ
572 1561 742 1614 πρότερον
762 1561 899 1609 ἀπέστη
912 1592 921 1609 ,
947 1561 1010 1606 ἕως
1029 1561 1089 1600 καὶ

55 1623 158 1662 αὑτὸν
175 1621 463 1673 ἀπολογήσασθαι
483 1622 728 1675 παρεσκεύασε
749 1623 840 1674 μετὰ
853 1623 1014 1675 δακρύων
1028 1623 1088 1662 καὶ

11 1696 16 1702 “
54 1683 206 1736 θρήνων.
229 1682 377 1730 Ἐπειδὴ
395 1683 462 1735 γὰρ
481 1682 648 1735 ἀνῴμωξε
664 1683 725 1721 καὶ
742 1683 873 1734 πικρὰν
892 1686 1007 1736 ἀφῆκε
1022 1699 1089 1737 φω-

53 1745 130 1792 νὴν,
145 1745 205 1784 καὶ
215 1744 307 1797 μέγα
320 1744 546 1791 ἀνωλόλυξεν,
562 1744 710 1784 ἄκουσον
725 1745 758 1783 τί
773 1761 873 1798 φησι.
887 1745 1030 1790 Δίκαιος
1045 1746 1087 1784 σὺ

54 1805 142 1858 ὑπὲρ
161 1805 237 1855 ἐμὲ,
257 1805 313 1845 ὅτι
335 1805 376 1844 σὺ
398 1805 460 1856 μὲν
479 1805 730 1851 ἀνταπέδωκάς
750 1822 810 1857 μοι
826 1807 954 1859 ἀγαθὰ,
972 1807 1040 1859 ἐγὼ
1057 1808 1087 1845 δ’

54 1867 288 1907 ἅνταπέδωκά
307 1883 361 1906 σοι
380 1867 485 1906 κακά.
507 1867 618 1922 (Ορᾷς
636 1871 711 1912 πῶς
730 1868 791 1907 καὶ
802 1870 866 1914 τῆς
880 1869 1008 1913 οἰκείας
1025 1886 1089 1908 κα-

54 1929 132 1974 κίας
143 1928 481 1981 καταγινώσκει,κα“ι
490 1928 554 1976 τὴν
570 1929 696 1982 ἀρετὴν
709 1932 854 1981 ἀνυμνεῖ
862 1934 921 1968 τοῦ
934 1930 1086 1980 δικαίου,

54 1990 115 2029 καὶ
135 1990 282 2042 μηδενὸς
300 1990 554 2042 ἀναγκάζοντος
574 1992 824 2042 ἀπολογεῖται,
847 1990 954 2030 Οὕτω
970 1992 1030 2030 καὶ
1047 1992 1088 2031 σὺ

2034 176 2128 236 903

1168 272 1273 311 modo
1293 273 1493 314 audiemus.
1509 275 1633 326 Neque
1650 275 1746 314 enim
1763 276 1839 329 ipsa
1855 278 2002 330 perinde
2024 290 2130 319 natu-

1167 348 1206 373 ra
1223 348 1346 373 eorum
1366 350 1444 387 quae
1467 336 1651 385 dicuntur,
1675 347 1782 389 atque
1801 339 1942 378 animus
1965 340 2048 379 odio
2071 358 2128 381 oc-

1169 405 1320 448 cupatus
1347 411 1410 436 nos
1432 412 1643 451 exasperare
1669 399 1771 438 solet.
1794 401 2012 452 Frequenter
2035 403 2129 441 enim

1170 456 1227 505 fit,
1250 466 1288 495 ut
1308 471 1391 496 cum
1422 458 1548 497 eadem
1567 460 1728 499 convicia
1751 461 1919 499 audimus
1947 463 1992 500 ab
2007 463 2130 501 amicis

1161 517 1370 570 jocantibus
1396 520 1582 560 facetiisve
1611 521 1838 569 ludentibus,
1871 533 1933 562 aut
1963 540 1982 562 a
2011 525 2130 577 pueris

1167 579 1349 631 parvulis,
1381 595 1450 620 non
1480 582 1597 621 solum
1625 584 1761 622 nullam
1796 585 1989 624 sentiamus
2019 588 2128 625 mole-

1166 640 1286 689 stiam,
1302 655 1413 694 neque
1426 658 1691 697 exasperemur,
1713 645 1775 684 sed
1797 646 1977 685 rideamus
2006 650 2128 695 etiam,

1165 711 1273 753 atque
1297 704 1554 754 exhilaremur,
1583 720 1623 744 eo
1642 707 1738 758 quod
1759 706 1820 745 illa
1848 722 1917 747 non
1939 709 2129 748 audiamus

1165 763 1276 802 animi
1293 764 1422 803 affeetu
1442 776 1626 819 corrupto,
1653 782 1766 819 neque
1785 778 1901 807 mente
1923 769 1973 807 ira
1997 785 2129 822 praeuc-

1165 833 1305 877 cupata.
1328 825 1456 864 Itidem
1479 827 1515 865 in
1540 828 1710 877 inimicis,
1733 830 1761 867 si
1783 829 1999 869 exstinxeris
2021 831 2124 879 iram,

1164 884 1194 923 si
1215 885 1341 924 odium
1360 887 1518 940 ejeceris,
1538 889 1629 927 nihil
1646 890 1839 928 verborum
1857 906 1935 943 quae
1956 892 2128 931 dicuntur

1164 956 1198 986 te
1215 949 1347 1001 poterit
1362 949 1556 989 offendere.

1118 1020 1142 1050 D
1216 1011 1254 1049 8.
1285 1011 1385 1058 Quid
1413 1021 1533 1051 autem
1557 1013 1685 1064 loquor
1710 1012 1755 1051 tle
1783 1014 1928 1053 verbis?
1958 1016 2010 1054 Ne
2035 1015 2126 1053 sacta

1163 1072 1307 1124 quidem
1331 1073 1561 1125 offenderint,
1576 1076 1881 1126 quemadmodum
1905 1092 1968 1116 nec
1982 1078 2125 1117 beatum

1162 1132 1259 1172 hunc
1279 1134 1480 1186 quidquam
1502 1135 1632 1174 horum
1653 1137 1821 1176 offendit:
1837 1138 1899 1176 sed
1920 1153 2002 1176 cum
2023 1139 2124 1177 vidc-

1162 1205 1216 1233 ret
1252 1195 1442 1235 inimicum
1476 1197 1646 1237 adversus
1686 1198 1800 1251 ipsius
1838 1200 2124 1239 incolumitatem

1161 1265 1352 1306 armatum,
1364 1258 1544 1311 hujusque
1557 1260 1672 1311 gratia
1686 1260 1780 1298 nihil
1791 1261 2004 1300 intentatum
2015 1262 2124 1301 relin-

1161 1328 1349 1370 quentem,
1397 1334 1468 1358 non
1509 1322 1626 1360 solum
1665 1336 1735 1360 non
1774 1332 1825 1361 est
1866 1334 2119 1376 exasperatus,

1160 1393 1287 1418 verum
1302 1381 1417 1432 magis
1432 1382 1531 1420 illius
1543 1382 1698 1421 indoluit
1710 1384 1832 1422 malis:
1851 1400 1921 1436 quo
1936 1385 2123 1424 vehemen-

1160 1440 1232 1479 tius
1251 1441 1492 1481 insidiabatur
1514 1444 1588 1494 ille,
1610 1444 1679 1483 hoc
1697 1445 1894 1498 impensius
1915 1461 1996 1485 eum
2016 1447 2123 1486 defle-

1160 1500 1225 1540 vit.
1246 1502 1406 1540 Noverat
1424 1502 1533 1553 enim,
1557 1514 1718 1553 noverat,
1742 1505 1902 1557 inquam,
1923 1517 2032 1556 certo,
2053 1523 2121 1547 non

1114 1574 1138 1604 Ε.
1160 1576 1243 1600 eum
1259 1562 1320 1613 qui
1332 1563 1470 1616 patitur
1483 1564 1666 1617 injuriam,
1683 1566 1746 1605 sed
1759 1567 1821 1618 qui
1835 1568 1933 1617 facit,
1949 1569 2122 1622 lacrymis

1159 1633 1200 1657 ac
1215 1620 1380 1658 lamentis
1405 1636 1478 1659 esse
1493 1622 1660 1674 dignum,
1684 1634 1722 1662 ut
1739 1626 1800 1676 qui
1820 1626 1928 1665 laedat
1948 1627 2119 1680 scipsum.

1160 1681 1244 1720 ldeo
1260 1682 1368 1734 longa
1387 1683 1486 1736 apud
1505 1684 1610 1723 illum
1628 1687 1857 1726 excusatione
1871 1698 1923 1726 est
1938 1704 2034 1737 usus,
2055 1704 2118 1728 nec

1158 1742 1260 1795 prius
1287 1743 1439 1794 destitit,
1464 1759 1572 1796 quam
1597 1755 1629 1784 et
1648 1747 1787 1786 hostem
1812 1761 2051 1790 commoveret
2072 1752 2117 1790 ad

2198 1693 2324 1731 Dignior

2175 1736 2321 1775 lacrymis,

2133 1779 2181 1814 qui
2195 1775 2262 1807 facit
2277 1780 2323 1806 in-

1157 1805 1424 1843 exeusationem
1441 1820 1523 1844 cum
1538 1807 1710 1860 lacrymis
1723 1823 1764 1848 ac
1777 1810 1955 1849 lamentis.
1976 1813 2117 1851 Postea-
2129 1818 2252 1858 juriam·

1156 1878 1267 1915 quam
1289 1864 1386 1903 enim
1407 1865 1565 1919 ploravit
1584 1882 1779 1920 vocemque
1800 1885 1958 1909 amaram
1982 1873 2114 1922 emisit,

1158 1935 1391 1978 posteaquam
1404 1927 1497 1966 clare
1517 1929 1681 1981 ejulavit,
1701 1931 1792 1982 quid
1808 1931 1905 1971 dicat
1920 1934 2021 1972 audi.
2045 1936 2117 1974 Ju-
2138 1945 2160 1964 ¹·
2177 1937 2253 1974 '‘es’-
2270 1938 2322 1974 ²4·

1154 1989 1251 2026 πίοι·
1273 1996 1315 2026 tu
1337 2002 1398 2026 me
1419 2003 1472 2036 es,
1504 1994 1692 2042 quoniam
1719 2001 1760 2031 tu
1781 1996 1877 2032 mihi
1903 1998 2119 2036 retribuisti
2139 1977 2184 2007 ’θ’

53 2051 212 2099 ποίησον.
229 2051 399 2090 Ἐπειδὰν
413 2051 526 2103 λάθῃς
540 2051 598 2090 τὸν
616 2051 812 2104 ἕχθρὸν,μὴ
825 2052 1086 2106 κατηγορήσῃς,
1101 2084 1147 2109 781
1159 2050 1276 2096 bona,
1302 2064 1370 2102 ego
1391 2065 1487 2088 ‘vero
1513 2055 1675 2090 retribui
1702 2057 1773 2092 tibi
1799 2057 1921 2095 mala.
1946 2057 2060 2097 Vides
2081 2068 2120 2097 ut

53 2112 132 2151 ἀλλ’
162 2112 402 2164 ἀπολόγησαι,
429 2113 487 2151 ἰ’να
515 2113 791 2165 παρασκευάσῃς
815 2116 944 2153 ἐκεῖνον
963 2116 1086 2154 ἑαυτοῦ
1112 2122 1138 2151 Α
1157 2124 1259 2148 suam
1285 2110 1398 2163 ipsius
1423 2111 1570 2151 damnat
1596 2114 1791 2163 malitiam,
1820 2131 1861 2155 ac
1885 2118 1975 2170 justi
2003 2119 2119 2157 virtu-

53 2176 309 2227 κατηγορῆσαι.
341 2173 402 2212 Ἂν
423 2173 486 2224 μὲν
506 2174 573 2226 γὰρ
587 2177 689 2224 ἡμεῖς
710 2177 976 2227 κατηγορῶμεν,
998 2192 1087 2229 τρα-

52 2234 195 2287 χύνεται
211 2250 220 2258 ·
248 2234 290 2272 ἂν
322 2236 352 2273 δ’
374 2235 700 2287 ἀπολογησώμεθα,
721 2235 969 2287 ἐντρεπόμενος
984 2240 1087 2288 ἡμῶν

51 2296 116 2344 τὴν
145 2296 356 2345 ἐπιείκειαν,
392 2297 494 2340 αὐτὸς
526 2299 652 2334 ἑαυτοῦ
683 2297 921 2351 κατηγορήσει
950 2298 1085 2337 λοιπόν.

52 2357 124 2397 Καὶ
145 2357 254 2401 οὕτως
274 2357 295 2396 ὅ
313 2373 350 2396 τε
377 2357 518 2410 ἔλεγχος
547 2357 746 2402 ἀνύποπτος
769 2357 924 2410 γίνεται,
955 2359 1085 2404 ἐκεῖνός

52 2434 92 2457 τε
106 2421 169 2465 τῆς
185 2418 354 2471 πονηρίας
373 2418 636 2457 ἀπαλλάττεται
655 2418 788 2465 πάσης.
810 2419 927 2472 εΌπερ
948 2414 1006 2458 οῧν
1024 2421 1084 2460 καὶ

53 2482 201 2518 ἐνταῦθα
216 2479 343 2525 συνέδη
361 2495 369 2502 ·
385 2479 445 2517 καὶ
464 2487 652 2532 κατηγορεῖ
669 2480 759 2530 μετὰ
772 2482 905 2527 πολλῆς
917 2483 981 2527 τῆς
999 2498 1084 2532 σφο-
1120 2520 1123 2522 ,

53 2541 218 2592 δρότητος
237 2543 255 2578 ὁ
270 2540 451 2588 ἀδικήσας,
473 2543 532 2577 τοῦ
550 2541 764 2591 ἠδικημένου
779 2544 962 2594 σιγῶντος.
992 2543 1083 2582 Οὐδὲ

50 2602 120 2655 γὰρ
137 2597 232 2640 εἶπεν
250 2603 382 2649 ἁπλῶς,
402 2602 555 2654 εἰργάσω
571 2604 620 2645 εἷς
635 2602 698 2653 ἐμὲ
714 2603 842 2654 ἀγαθὰ,
860 2604 952 2652 ἀλλ’,
969 2604 1083 2644 Ἀντα-

49 2664 211 2708 πέδωκάς
230 2679 289 2714 μοι
309 2664 444 2716 ἀγαθά·
466 2665 646 2703 τουτέστιν
662 2695 672 2714 ,
702 2666 779 2703 ἀντὶ
798 2668 860 2712 τῆς
883 2667 1082 2718 ε’πιὸουλῆς,

51 2726 129 2765 ἀντὶ
138 2728 201 2772 τῆς
216 2728 364 2778 σφαγῆς,
374 2726 451 2764 ἀντὶ
461 2729 530 2764 τῶν
548 2727 680 2779 μυρίων
696 2730 813 2766 κακῶν
829 2729 968 2767 ἐκείνων
983 2732 1082 2784 εὐερ-

49 2786 284 2838 γεσίαιςῆμᾶς
298 2788 440 2840 ἦμείψω
455 2788 636 2840 μεγάλαις.
654 2789 749 2840 Ἐγὼ
765 2790 794 2827 δ’
802 2790 875 2828 οὐδ’
889 2790 998 2836 οὕτως
1008 2793 1082 2844 ἐγε-

48 2848 158 2900 νόμην
180 2849 339 2901 βελτίων,
358 2849 446 2888 ἀλλὰ
462 2850 522 2888 καὶ
536 2850 627 2901 μετὰ
648 2851 710 2895 τὰς
730 2853 928 2905 εὐεργεσίας
949 2853 1081 2898 ἐκείνας

49 2909 217 2960 ἐπέμεινα
232 2914 275 2961 τῇ
294 2910 463 2964 πονηρία·
485 2912 545 2949 καὶ
564 2913 633 2950 οὐδ’
656 2912 747 2950 οὕτω
765 2914 973 2964 μετεὸάλου,
989 2915 1079 2953 ἀλλὰ

48 2970 222 3022 διέμεινας
229 2972 287 3010 τὸν
302 2977 431 3010 σαυτοῦ
443 2973 619 3026 διατηρῶν
632 2973 774 3026 τρόπον,
790 2975 850 3013 καὶ
862 2977 968 3014 πάλιν
983 2979 1004 3022 ἡ
1011 2984 1079 3026 μᾶς

47 3032 340 3077 ἐπιδουλεύοντας
357 3036 560 3087 εὐεργετῶν.
587 3035 713 3072 Πόσων
734 3037 796 3074 οὐκ
814 3036 854 3073 ἂν
876 3037 930 3084 εἴη
952 3037 1078 3089 στεφά-

47 3109 114 3132 νων
135 3094 227 3140 ἄξιος
243 3095 322 3134 καθ’
337 3095 483 3135 ἕκαστον
500 3099 570 3135 τῶν
585 3096 752 3150 ῥημάτων
764 3098 893 3136 τούτων
913 3102 930 3137 ὁ
948 3099 1078 3147 Δαυίδ,

46 3155 92 3194 Ei
111 3156 178 3208 γὰρ
199 3157 260 3196 καὶ
279 3156 318 3195 τὸ
338 3159 453 3209 στόμα
471 3158 557 3197 αὐτὰ
573 3158 757 3211 ἐφθέγγετο
774 3163 833 3197 τοῦ
850 3161 981 3209 Σαοὺλ,
999 3163 1077 3200 ἀλλ’

46 3220 69 3264 ἡ
89 3218 192 3271 σοφία
211 3219 271 3258 καὶ
290 3223 312 3266 ἡ
333 3220 439 3273 τέχνη
462 3223 522 3258 τοῦ
549 3220 660 3258 Δαυὶδ
679 3222 726 3263 εἷς
740 3220 803 3267 τὴν
823 3221 955 3260 ἐκείνου
974 3239 1076 3261 κατε-

47 3277 213 3330 φύτευσεν
233 3280 322 3319 αὐτὰ
340 3281 471 3334 ψυχήν.
504 3282 573 3320 Καὶ
595 3281 811 3332 ἀπήγγειλάς
829 3299 888 3333 μοι
905 3284 1074 3336 σήμερον,

46 3339 150 3390 φησὶν
164 3371 174 3388 ,
193 3341 215 3379 ἃ
241 3341 410 3389 ἐποίησάς
431 3358 490 3393 μοι
510 3342 643 3394 ἀγαθὰ,
663 3345 710 3386 ὡς
729 3343 918 3383 ἀπέκλεισέ
943 3361 986 3396 με
1007 3346 1075 3384 Κύ-

48 3414 118 3450 ριος
136 3401 288 3455 σήμερον
307 3405 355 3447 εἷς
373 3404 434 3448 τὰς
454 3405 574 3456 χεῖράς
599 3421 658 3443 σου
675 3435 684 3452 ,
715 3404 774 3443 καὶ
790 3407 851 3444 οὐκ
869 3406 1074 3449 ἀπέκτεινάς

1156 2180 1228 2210 tem
1253 2172 1440 2225 praedicat,
1464 2174 1638 2226 nulloque
1654 2186 1801 2229 cogente
1817 2177 1937 2230 ipsum
1961 2181 2118 2233 purgat?

1154 2233 1256 2272 Idem
1273 2244 1311 2272 tu
1329 2234 1448 2273 facito.
1477 2235 1570 2274 Cum
1597 2236 1710 2276 hostis
1729 2239 1917 2278 offenderit
1937 2241 1973 2279 in
1993 2257 2120 2281 manus

1157 2303 1246 2344 tuas,
1266 2296 1339 2333 noli
1360 2310 1526 2334 accusare
1544 2296 1670 2349 illum,
1693 2300 1755 2338 sed
1774 2301 1893 2354 ipsum
1915 2317 2053 2355 purga,
2082 2314 2121 2342 ut

1154 2354 1261 2393 illum
1280 2356 1459 2409 perpellas
1482 2357 1529 2395 ad
1557 2357 1613 2396 sui
1641 2359 1755 2412 ipsius
1775 2361 2118 2403 condemnationem.

1154 2416 1249 2454 Nam
1266 2416 1296 2455 si
1310 2431 1373 2455 nos
1392 2432 1612 2466 accusemus,
1630 2432 1863 2475 exasperatur
1880 2440 1887 2460 :
1907 2424 1962 2462 sin
1978 2440 2041 2464 nos
2054 2440 2119 2464 ex-

1155 2478 1398 2517 cusaverimus
1414 2509 1426 2529 ,
1448 2479 1510 2518 ille
1536 2481 1711 2521 reveritus
1736 2493 1893 2523 nostram
1914 2485 2118 2525 humanita-

1154 2549 1241 2591 tem,
1279 2555 1366 2579 mox
1405 2542 1561 2595 seipsum
1604 2543 1870 2584 condemnabit.
1906 2547 1983 2586 Hoc
2012 2558 2118 2601 pacto

1153 2602 1262 2640 simul
1282 2612 1316 2640 et
1334 2601 1541 2654 redargutio
1564 2604 1606 2642 fit
1622 2619 1744 2644 carens
1766 2607 1987 2660 suspicione,
2009 2619 2041 2648 et
2057 2610 2119 2648 illc

1153 2678 1295 2703 omnem
1310 2665 1412 2703 exuit
1426 2665 1616 2705 malitiam.
1636 2667 1744 2714 Quod
1758 2678 1791 2707 et
1810 2670 1870 2708 hic
1883 2672 2020 2710 evenit:
2035 2688 2117 2711 eum

1152 2726 1287 2765 tacetis
1313 2726 1376 2778 qui
1403 2727 1553 2766 aflectus
1579 2738 1653 2768 erat
1681 2730 1825 2782 injuria,
1846 2732 1875 2771 is
1894 2734 1958 2784 qui
1989 2735 2118 2773 fecerat

1151 2789 1264 2826 multa
1285 2802 1368 2827 cum
1386 2789 1611 2828 vehementia
1630 2791 1786 2844 seipsum
1808 2805 1964 2833 accusat.
1995 2797 2118 2847 Neque

1104 2863 1128 2893 B
1149 2849 1244 2887 enim
1274 2849 1487 2902 simpliciter
1505 2850 1612 2899 dixit,
1641 2852 1766 2890 Fecisti
1796 2854 1885 2892 mihi
1910 2856 2016 2902 bona,
2039 2857 2114 2903 sed,

1150 2912 1380 2949 Retribuisti
1398 2913 1495 2949 milti
1518 2914 1643 2949 bona:
1671 2912 1738 2951 hoc
1758 2924 1821 2962 est,
1852 2918 1921 2954 Pro
1953 2917 2110 2962 insidiis,

1151 2986 1218 3023 pro
1240 2971 1346 3021 cande,
1362 2987 1426 3024 pro
1450 2972 1554 3010 malis
1576 2973 1647 3011 illis
1661 2973 1857 3014 innumeris
1876 2992 2003 3029 magna
2023 2978 2111 3016 mihi

1150 3031 1343 3084 rependisti
1358 3033 1543 3071 beneficia.
1566 3037 1612 3072 At
1639 3049 1704 3086 ego
1719 3050 1761 3073 ne
1773 3036 1824 3075 sic
1841 3038 1985 3089 quidem
2001 3040 2112 3077 finctus

1153 3107 1233 3130 sum
1250 3093 1390 3142 melior,
1407 3094 1470 3132 sed
1484 3104 1564 3147 post
1584 3095 1644 3133 illa
1665 3105 1724 3134 tua
1745 3097 1924 3138 benefacta
1946 3116 2108 3153 perseve-

1149 3154 1226 3193 ravi
1244 3155 1277 3193 in
1294 3155 1430 3194 malitia
1446 3172 1454 3192 :
1477 3165 1515 3195 tu
1532 3171 1617 3196 vero
1634 3171 1675 3196 nc
1689 3158 1739 3197 sic
1759 3159 1905 3211 quidem
1922 3176 1958 3199 es
1977 3162 2106 3199 immu-

1150 3225 1244 3254 tatus
1261 3247 1269 3262 ,
1299 3216 1361 3254 sed
1389 3227 1590 3257 constanter
1614 3228 1714 3258 tuum
1750 3221 1935 3259 obtinuisti
1959 3237 2107 3271 morem,

1149 3292 1211 3316 nos
1233 3278 1361 3317 iterum
1380 3280 1444 3317 tibi
1462 3280 1667 3319 insidiantes
1681 3282 1861 3320 benefieiis
1879 3298 2105 3334 prosequens.

1148 3340 1188 3376 ln
1224 3339 1320 3378 hisce
1348 3340 1500 3392 singulis
1523 3342 1665 3390 verbis,
1694 3353 1779 3394 quot
1809 3343 1946 3381 coronis
1978 3343 2109 3395 dignus

1149 3407 1314 3460 apparuit
1341 3407 1489 3447 David?
1523 3410 1749 3459 Quamquam
1787 3408 1878 3447 enim
1919 3423 1957 3446 os
1991 3410 2108 3449 Saulis
