2516 3791
638 187 683 217 IN
721 188 824 218 CAP.
867 188 1012 218 xxvn.

92 272 193 325 μόνον
228 269 292 314 τὴν
325 273 395 308 τῶν
430 271 536 309 ἐθνῶν
573 270 751 323 ὑποταγὴν
788 273 882 324 αὐτῷ
915 270 1120 324 ἐπεύχεται,

89 332 178 373 ἀλλὰ
202 332 261 371 καὶ
280 335 350 370 τῶν
370 330 563 384 ἀρχόντων.
595 331 664 370 Καὶ
686 332 781 384 γίνου
806 332 921 385 κύριος
938 337 998 371 τοῦ
1020 334 1121 372 ἀδελ-

87 398 150 448 φοῦ
168 409 240 433 σου.
259 392 357 447 εὈρα
379 396 453 437 πῶς
478 396 701 446 ὑπηρετεῖται
718 393 777 432 καὶ
798 397 930 445 ἀγνοῶν
950 397 968 432 ὁ
987 394 1120 438 δίκαιος

84 459 127 509 τῇ
147 460 207 494 τοῦ
235 457 287 494 Θε
273 470 328 492 eoo
354 453 490 506 γνώμῃ.
522 455 592 492 Και
621 454 759 493 ἅπαντα
796 459 906 494 ταῦτα
936 455 993 494 διὰ
1019 458 1120 493 τοῦτο

83 517 312 591 ᾠκονομεῖτο,
337 515 394 553 ἵνα
420 520 517 559 οὕτος
544 519 562 554 ὃ
583 515 641 554 διὰ
655 532 718 563 την
740 516 866 569 ἀρετὴν
886 515 926 554 ἅ·
912 532 996 563 ιος,
1018 516 1118 559 αὐτὸς

82 578 315 632 καρπώσηται
365 577 428 625 τὴν
481 577 652 630 εὐλογίαν.
705 579 775 616 Καὶ
835 577 1118 631 προσκυνησουσί

81 655 136 679 σοι
167 642 198 678 οἱ
227 640 295 678 υἱοὶ
331 643 390 678 τοῦ
409 638 543 692 πατρός
572 655 644 678 σου.
669 638 774 683 Υἱοὺς
804 639 920 677 εἴωθεν
944 642 965 684 ἡ
990 638 1113 690 Γραφὴ

80 703 198 740 καλεῖν
214 706 353 740 ’“ττᾶσαν
371 700 433 748 τὴν
455 700 656 752 συγγένειαν
670 716 678 724 ·
698 703 744 743 ὡς
769 700 828 738 καὶ
855 703 1018 745 ἐνταῦθα,
1036 698 1114 743 τοὺς

78 762 169 807 υἱοὺς
188 765 248 801 τοῦ
275 762 406 815 πατρός
436 777 516 809 σου,
535 764 582 805 ὡς
608 761 648 799 ἂν
676 760 767 799 εἴποι
787 777 860 808 τις,
886 758 966 804 τοὺς
993 762 1033 799 ἐκ
1053 765 1114 798 τοῦ

79 823 281 877 σπέρματος
306 828 365 862 τοῦ
391 823 505 861 Ἡσαῦ
530 822 667 861 ἔσεσθαι
690 822 894 873 μέλλοντας.
925 821 1016 860 Οὐδὲ
1045 822 1113 875 γὰρ
1133 832 1157 861 C

77 885 192 939 ἕτερον
211 887 323 924 παῖδα
341 884 442 937 ἔσχεν
466 887 484 921 ὁ
510 883 632 922 Ἰσαὰκ
645 914 655 931 ,
679 885 757 922 ἀλλ’
777 882 799 929 ἢ
820 882 958 927 τούτους
976 883 1112 934 μόνους.

76 946 122 986 ‘O
139 945 385 1000 καταρώμενος
407 962 464 993 σε,
486 945 742 998 ἐπικατάρατος
758 961 765 968 ·
791 948 808 983 ὁ
835 945 870 983 δὲ
893 946 1040 997 εὐλογῶν
1059 961 1112 994 σε,

76 1008 314 1061 εὐλογημένος.
338 1006 426 1046 Ἰδου
456 1011 478 1054 ἡ
508 1007 652 1059 κορωνὶς
676 1010 739 1054 τῆς
766 1007 935 1059 ευλογίας,
966 1006 1036 1045 ἰδου
1072 1007 1111 1046 τὸ

75 1068 262 1123 κεφάλαιον
294 1071 362 1107 τῶν
406 1071 545 1120 ἀγαθῶν
590 1068 777 1116 ἁπάντων,
805 1069 845 1107 τὸ
877 1070 935 1106 ευλ
929 1067 1108 1120 ογημένον

75 1135 173 1171 εἶναι.
207 1125 307 1175 Εἶδες
337 1134 429 1171 Θεοῦ
462 1131 749 1184 φιλανθρωπίαν·
783 1130 828 1169 ‘O
861 1131 1023 1176 δεδοικυς
1057 1131 1106 1182 μὴ

73 1193 228 1246 κατάραν
253 1192 494 1239 ἐπισπάσηται
515 1192 592 1230 ἀντι
616 1191 794 1243 εὐλογίας,
828 1194 866 1230 οὐ
895 1191 998 1243 μόνον
1017 1192 1106 1243 μετὰ

71 1255 240 1302 τοσαύτης
262 1253 442 1307 δαψιλείας
463 1253 524 1297 τὰς
547 1254 703 1305 εὐλογίας
723 1254 904 1304 κομίζεται
928 1254 1025 1307 παρὰ
1044 1257 1104 1293 τοῦ

69 1317 223 1370 πατρὸς,
254 1316 344 1355 ἀλλὰ
366 1315 426 1354 καὶ
452 1315 594 1359 ἐκείνοις
623 1318 751 1369 ἀρᾶται
770 1321 840 1359 τοῖς
871 1318 1104 1369 ἐπιχειροῦσιν

72 1378 174 1416 αὗτὸν
189 1380 421 1430 καταρᾶσθαι.
443 1377 622 1415 Ἐντεῦθεν
640 1377 872 1427 μανθάνωμεν
890 1376 943 1414 ὅτι
963 1377 1102 1415 ἐπειδάν

70 1455 121 1483 τις
138 1439 229 1478 κατὰ
252 1438 297 1478 τὰ
320 1441 370 1492 τῷ
388 1440 470 1491 Θεῷ
491 1439 655 1476 δοκοῦντα
674 1437 718 1476 τὰ
737 1439 816 1476 καθ’
836 1438 957 1477 ἑαυτὸν
973 1441 1104 1477 οἰκονο-

72 1507 146 1553 μεῖν
169 1500 353 1553 βούληται,
376 1500 547 1547 τοσαύτης
563 1500 730 1539 ἀπολαύει
749 1504 811 1547 τῆς
831 1501 962 1538 ἄνωθεν
982 1517 1102 1554 συνερ-

69 1562 177 1614 γείας,
201 1564 248 1606 ὡς
262 1564 368 1609 αὐτῆς
383 1565 452 1600 τῶν
470 1561 689 1615 πραγμάτιον
716 1565 780 1608 τῆς
793 1561 916 1613 πείρας
942 1561 1102 1608 αἴσθησιν

68 1625 200 1662 λαὸεῖν.
223 1624 289 1668 Τίς
310 1624 377 1677 γὰρ
401 1627 464 1662 οὐκ
490 1623 529 1661 ἂν
550 1623 742 1676 ἐκπλαγείη
760 1623 820 1662 καὶ
837 1624 1027 1674 θαυμάσειε
1043 1627 1103 1662 τοῦ
1122 1631 1147 1661 D

67 1687 160 1724 Θεοῦ
175 1685 238 1733 τὴν
259 1685 390 1738 ἄφατον
406 1684 605 1736 οἰκονομίαν
619 1715 628 1732 ,
645 1684 697 1723 ὅτι
713 1688 750 1722 οὖ
767 1685 934 1737 πρότερον
956 1688 974 1723 ὁ
987 1685 1102 1725 Ἡσαῦ

68 1747 138 1786 ἀπὸ
154 1751 216 1794 τῆς
239 1747 348 1800 θήρας
373 1747 612 1801 παραγέγονε,
634 1747 757 1800 μέχρις
775 1747 834 1786 ὅτε
854 1747 962 1801 πέρας
978 1748 1102 1788 ἔλαὸεν

66 1812 87 1855 ἡ
122 1813 182 1847 τοῦ
212 1809 389 1862 δράματος
415 1809 596 1856 ὑπόθεσις,
628 1812 786 1853 κάκεῖνος
817 1809 999 1860 δεξάμενος
1040 1811 1102 1856 τὰς

65 1869 223 1922 ευλογίας
250 1870 346 1921 παρὰ
379 1875 439 1909 τοῦ
466 1871 598 1923 πατρὸς
630 1874 688 1911 ἀνε
675 1870 853 1924 χι’·)ρησε;
886 1873 1000 1910 Ἰοῦτο
1031 1872 1100 1927 γὰρ

178 1933 192 1944 κ
213 1933 227 1944 κ
242 1930 271 1944 t‘t

63 1935 159 1982 ἡμας
174 1932 309 1975 οιοοίςαι
322 1931 552 1983 βουλόμενος
539 1948 556 1970 ο
571 1932 746 1986 μακάριος
760 1934 943 1980 Μιοϋσῆς’
929 1949 1098 1986 επηγαγε

63 1993 170 2032 Καὶ’
156 1992 317 2044 εγενετο
311 1993 400 2032 μετα
422 1994 462 2031 τὸ
482 1993 683 2032 παύσασθαι
702 1994 759 2032 τὸν
777 1993 902 2033 Ἰσαακ
921 1997 1010 2033 ευλο
1000 1999 1099 2048 γοῦν·

121 2054 128 2067 τ
207 2053 297 2074 ιρι
364 2055 386 2070 ex
458 2056 534 2078 aaa·
611 2055 733 2080 x‚g‚
809 2057 819 2071 ‹
871 2055 922 2081 ’,ν-9·
1037 2057 1089 2072 ax

61 2070 105 2092 τα
134 2056 251 2093 Iam-20
265 2071 323 2094 τον
342 2071 413 2093 υιον
429 2071 472 2092 αυ
483 2071 546 2101 του,
564 2071 624 2093 και
641 2071 776 2107 εγενετο
801 2072 848 2100 ως
865 2058 1004 2103 εςηλθεν
1027 2074 1097 2096 απο

1053 188 1217 218 GENES.

1258 189 1416 220 ιιοιιιιι.
1459 190 1553 220 Lm.
2054 185 2145 249 599

1191 280 1290 310 catus
1311 271 1376 322 sit,
1401 272 1530 311 deinde
1550 273 1793 327 principatum
1811 278 1986 327 gentium,
2016 282 2147 332 prtedi-

1191 346 1272 371 cens
1287 343 1320 371 et
1336 334 1494 372 suturam
1513 335 1589 386 ejus
1605 336 1875 388 prosperitatem
1891 348 1924 376 et
1943 354 2064 378 eorum
2084 343 2145 393 qui

1189 393 1235 431 ab
1261 408 1300 432 co
1324 405 1517 434 naseuntur
1544 396 1813 436 incrementum.
1851 401 1903 437 Ec
1928 402 2089 439 adorent
2112 412 2148 440 te

1186 458 1392 507 principes.
1424 458 1502 495 Non
1537 458 1652 496 solum
1686 459 1715 496 ei
1743 470 1955 512 apprecatur
1988 463 2148 513 gentium

1187 516 1454 568 subjectionem,
1475 518 1535 556 sed
1562 520 1667 558 etiam
1699 521 1914 573 principum.
1939 524 1991 561 Et
2008 526 2060 562 sis
2080 525 2148 562 do-

1187 579 1467 630 minusfratris
1489 583 1557 618 tui.
1582 580 1677 620 Vide
1692 582 1870 632 quomodo
1890 585 2145 637 servitjustus,

1184 637 1291 674 etiam
1310 639 1491 690 ignoram,
1514 642 1576 678 Dei
1598 643 1788 682 voluntati.
1813 646 1942 683 Omnia
1961 647 2053 685 enim
2072 648 2147 686 liaec

1183 707 1327 750 propter
1342 700 1408 737 hoc
1422 699 1735 752 dispensal›.·1ntui·‚
1748 714 1783 741 ut
1800 705 1858 741 liic
1872 717 2016 758 propter
2035 709 2146 746 virtu·

1182 766 1253 796 tem
1273 758 1420 811 dignus,
1443 762 1589 814 recipiat
1609 763 1903 804 benedictionem.
1928 771 1981 806 Et
2002 771 2144 808 adora-

1182 821 1276 858 bunt
1303 822 1436 874 tefllii
1456 826 1582 875 patris
1607 827 1675 862 tui.
1702 825 1812 863 Filios
1839 831 2020 868 consuevit
2047 832 2143 870 Seri-

1177 890 1284 933 ptura
1303 896 1427 922 vocare
1441 899 1582 923 omnem
1598 887 1858 937 generationem
1877 905 1884 925 :
1903 890 1991 928 sieut
2011 901 2043 929 ct
2064 893 2142 941 hic,

1179 942 1273 982 filios
1301 945 1414 996 patris
1439 946 1514 983 tui:
1536 961 1576 984 ac
1604 947 1632 985 si
1653 948 1735 999 quis
1760 949 1892 988 diceret
1920 965 1978 988 eos
2005 954 2065 1004 qui
2096 969 2142 992 ex

1178 1004 1312 1043 semine
1351 1006 1448 1044 Esaii
1498 1008 1608 1047 futuri
1644 1019 1754 1047 erant.
1793 1012 1872 1048 Non
1915 1013 2009 1050 eniin
2051 1014 2142 1053 alios

1177 1064 1271 1104 filios
1292 1067 1416 1106 habuit
1446 1069 1570 1118 Isaac,
1593 1085 1701 1120 quam
1735 1071 1799 1109 hos
1818 1072 1910 1110 duos
1935 1074 2040 1112 solos.
2067 1079 2142 1126 Qui

1177 1128 1378 1166 maledicit
1407 1139 1444 1168 te
1458 1160 1469 1176 ‚
1490 1134 1540 1169 sit
1569 1133 1799 1171 maledictus
1819 1149 1831 1169 :
1852 1138 1919 1187 qui
1951 1138 2141 1175 benedicit

1176 1197 1226 1235 ta,
1248 1193 1299 1228 sit
1319 1193 1554 1230 benedictus.
1583 1193 1674 1231 Ecce
1694 1194 1896 1233 coronidem
1919 1196 2138 1235 bencdictio-

1175 1250 1242 1298 nis,
1258 1265 1338 1290 ecee
1358 1267 1533 1292 summam
1550 1256 1710 1294 omnium
1726 1256 1919 1299 bonorum,
1940 1273 2014 1297 esse
2033 1260 2139 1298 bene-

1171 1310 1321 1350 dictum.
1343 1314 1479 1354 Vidisti
1502 1316 1570 1354 Dei
1595 1317 1845 1355 clementiam?
1871 1319 1942 1366 Qui
1969 1320 2137 1359 timuerat

1172 1385 1215 1410 ne
1245 1374 1530 1414 maledictionem
1562 1377 1736 1430 acciperet
1772 1393 1837 1431 pro
1864 1380 2135 1429 benedictione,

1171 1448 1240 1472 non
1270 1436 1386 1474 solum
1406 1451 1488 1475 cum
1512 1447 1609 1477 tanta
1640 1439 1802 1491 largitate
1831 1441 2094 1481 benedictiones
2114 1457 2134 1481 a

1169 1505 1271 1548 patre
1287 1508 1445 1550 reportat
1465 1515 1472 1536 ι
1496 1500 1558 1538 sed
1580 1510 1613 1539 et
1635 1501 1687 1539 illi
1708 1501 1986 1551 maledicuntur,
2004 1504 2066 1555 qui
2081 1513 2135 1542 at-

1170 1566 1305 1596 tentant
1333 1574 1415 1598 eum
1439 1561 1664 1601 maledicere.
1697 1563 1789 1602 Hinc
1813 1563 2011 1613 discamus,
2037 1566 2135 1617 quod

1169 1618 1313 1668 quando
1352 1621 1433 1672 quis
1471 1623 1667 1661 secondum
1710 1624 1931 1663 voluntatem
1963 1626 2029 1663 Dei
2069 1640 2132 1664 sua

1169 1678 1377 1732 dispensare
1396 1683 1490 1731 vult,
1510 1693 1608 1722 tanto
1632 1700 1784 1737 superno
1801 1686 1962 1724 subsidio
1979 1687 2131 1739 adjuva-

1169 1748 1239 1789 tur,
1260 1751 1298 1779 ut
1324 1743 1394 1781 hoc
1422 1744 1526 1796 plane
1545 1746 1660 1798 reipsa
1682 1747 1896 1798 experiatur.
1919 1749 2012 1794 Quis
2035 1749 2130 1786 enim

1169 1815 1238 1840 nou
1267 1803 1466 1843 admiretur
1497 1815 1529 1844 et
1563 1807 1787 1859 obstupescat
1814 1809 1879 1846 Dei
1913 1809 2128 1849 ineffabilem

1166 1862 1465 1916 dispensationem
1479 1898 1489 1916 ,
1511 1867 1607 1919 quod
1629 1882 1697 1905 non
1721 1868 1824 1920 prius
1847 1869 1941 1907 Esau
1958 1870 2003 1908 de
2022 1885 2129 1910 vena-

1166 1924 1262 1963 tione
1288 1926 1493 1976 advenerit,
1522 1943 1629 1981 quam
1657 1929 1855 1967 solveretur
1875 1930 2006 1970 fabulae
2027 1933 2128 1972 illius

1164 1998 1429 2039 argumentum,
1447 1999 1480 2028 et
1493 1991 1636 2041 quando
1651 1991 1711 2030 ille
1722 2001 1865 2044 accepta
1881 1992 2127 2033 benedictione

1163 2063 1183 2087 a
1210 2059 1310 2101 patre
1330 2051 1518 2090 discessit?
1542 2053 1618 2091 Hoc
1641 2053 1736 2090 enim
1764 2067 1827 2091 nos
1854 2053 1980 2093 docere
2008 2057 2127 2095 volens

61 2115 250 2169 προσώπου
267 2115 391 2154 Ἰσαὰκ
415 2120 475 2154 τοῦ
491 2116 621 2169 πατρὸς
641 2119 744 2155 αὐτοῦ
757 2147 767 2164 ,
787 2117 846 2155 καὶ
863 2116 934 2156 ἰδοὺ
950 2117 1064 2158 Ἡσαῦ
1078 2122 1095 2157 ὃ
1116 2121 1139 2150 F.
1162 2109 1288 2147 beatus
1308 2113 1427 2150 Moses
1447 2112 1571 2164 adjicit
1588 2129 1595 2149 :
1613 2114 1677 2151 50.
1704 2115 1739 2151 E
1743 2123 1756 2151 t
1761 2115 1924 2166 factam
1949 2126 2005 2154 est
2022 2127 2127 2169 post-

61 2177 207 2230 ἀδελφὸς
226 2179 331 2216 αὑτοῦ
347 2172 450 2223 ἦλθεν
469 2177 539 2216 ἀπὸ
557 2181 620 2223 τῆς
642 2177 760 2230 θήρας.

1162 2184 1282 2222 quam
1301 2176 1466 2210 cessavit
1481 2176 1598 2212 Isaac
1615 2175 1838 2212 benedicere
1856 2176 1982 2214 Jacob
1988 2178 2127 2231 filium

1160 2245 1295 2270 suzim:
1323 2235 1532 2287 ecfactum
1549 2244 1605 2273 est
1625 2236 1784 2288 quando
1808 2239 1929 2275 exivit
1957 2239 2082 2277 Jacob
2101 2254 2127 2278 a

1148 2296 1264 2346 facie
1278 2297 1395 2333 Isaac
1413 2300 1540 2348 patris
1556 2300 1631 2344 sui,
1653 2312 1738 2336 ecce
1759 2299 1869 2336 Esaii
1878 2300 2017 2352 frater
2034 2315 2125 2340 saus

1159 2359 1269 2395 venit
1286 2359 1334 2395 de
1350 2362 1577 2397 venatione.

109 2413 207 2468 εὈρα
233 2417 307 2459 πῶς
336 2414 426 2466 μετὰ
445 2414 507 2461 τὴν
535 2413 658 2453 τούτου
680 2413 791 2459 ἔξοδον
817 2417 946 2461 ἐκεῖνος
967 2417 1093 2462 εὐθέως
1210 2420 1250 2457 4.
1284 2419 1379 2459 Vide
1406 2420 1586 2472 quomodo
1624 2431 1703 2474 post
1735 2423 1835 2462 illius
1867 2424 2005 2462 exitum
2034 2425 2123 2463 alter
2139 2434 2327 2464 Providentia

2137 2476 2248 2504 diviua.

56 2477 277 2531 παρεγένετο,
306 2479 372 2530 οὐχ
397 2478 518 2521 ἁπλῶς
539 2476 618 2515 οὐδὲ
650 2480 744 2529 εἰκῇ,
769 2480 846 2516 ἀλλ’
875 2478 933 2517 ἵνα
958 2481 1090 2531 ἀγνοῶν

55 2540 262 2592 προσαγάγῃ
293 2540 353 2577 καὶ
382 2539 482 2583 αὐτὸς
516 2538 560 2577 τὰ
593 2538 782 2590 ἐδέσματα,
809 2539 869 2577 καὶ
900 2539 998 2593 παρὰ
1030 2544 1091 2579 τοῦ

55 2600 187 2654 πατρὸς
208 2600 302 2653 μάθῃ
329 2600 471 2638 ἅπασαν
498 2604 558 2639 τοῦ
584 2600 793 2654 πράγματος
818 2600 882 2647 τὴν
912 2601 1088 2642 ὑπόθεσιν.

55 2661 100 2699 Εἰ
117 2661 186 2714 γὰρ
211 2661 296 2714 ἔφθη
316 2662 529 2700 καταλαὸεῖν
552 2661 610 2700 τὸν
636 2663 795 2714 ἀδελφὸν,
816 2662 901 2706 ἴσως
926 2661 966 2700 ἂν
986 2663 1089 2702 αὐτὸν

54 2722 114 2760 καὶ
143 2722 375 2777 διεχειρίσατο
404 2722 605 2774 ἡττώμενος
636 2724 703 2762 ὑπὸ
733 2728 792 2763 τοῦ
817 2728 948 2776 θυμοῦ·
976 2727 994 2762 ὁ
1021 2724 1089 2779 γὰρ

54 2783 145 2834 μετὰ
164 2787 275 2821 ταῦτα
293 2788 393 2822 τοῦτο
422 2785 712 2835 βουλευσάμενος,
741 2787 861 2838 πολλῷ
891 2787 1022 2837 μᾶλλον
1052 2787 1087 2825 ἐν

53 2849 152 2898 ἀκμῃ
169 2850 229 2884 τοῦ
244 2861 316 2897 πρα
318 2861 451 2896 γματος
469 2849 569 2884 τοῦτο
590 2846 629 2884 ἂν
651 2848 848 2900 εἷργασατο.
869 2848 960 2887 Ἀλλ’
979 2852 1000 2895 ἡ
1027 2852 1088 2887 τοῦ

51 2908 196 2958 Θεοῦ·
175 2906 254 2959 χεὶρ
279 2910 321 2952 ἠν
342 2909 364 2952 ἡ
391 2906 449 2944 τὸν
478 2908 588 2944 παῖδα
614 2908 851 2956 διασώζουσα,
879 2909 939 2947 καὶ
967 2913 1086 2948 τοῦτον

53 2967 114 3019 μὲν
147 2968 240 3012 ἄξιον
277 2983 341 3014 της
369 2967 527 3019 ευλογίας
563 2970 856 3020 ἀπεργασαμένη,
889 2973 1018 3009 ἐκεῖνον
1051 2969 1085 3009 δὲ

1157 2483 1279 2522 statim
1298 2485 1455 2523 advenit.
1475 2487 1552 2523 Non
1573 2486 1640 2524 hoc
1659 2487 1793 2538 absque
1814 2502 1918 2526 causa
1939 2489 1995 2526 vel
2017 2499 2122 2527 teme-

1157 2559 1194 2582 re
1209 2546 1356 2594 factum,
1373 2547 1433 2585 sed
1456 2557 1495 2585 ut
1514 2548 1681 2599 ignorans
1702 2550 1845 2587 afferret
1870 2560 1903 2588 et
1934 2551 2006 2602 ipse
2031 2551 2120 2589 edu-

1156 2606 1217 2655 lia,
1237 2617 1270 2645 et
1291 2623 1310 2646 a
1331 2618 1431 2660 patre
1450 2608 1647 2649 addisceret
1666 2625 1739 2649 rem
1756 2621 1865 2649 totam
1884 2621 1922 2649 nt
1938 2622 2015 2650 acta
2035 2623 2120 2651 erat.

1157 2669 1250 2706 Nam
1270 2669 1298 2707 si
1327 2672 1362 2707 in
1386 2671 1529 2708 fratrem
1556 2671 1748 2717 incidisset,
1766 2673 1910 2711 forsitan
1941 2682 1974 2710 et
2003 2674 2120 2726 ipsum

1157 2730 1412 2781 interemisset,
1442 2732 1559 2769 victus
1586 2733 1664 2770 ira:
1689 2733 1749 2784 qui
1780 2734 1874 2771 enim
1907 2734 1973 2771 hoe
2002 2745 2121 2787 postea

1155 2788 1384 2838 deliberavit,
1395 2790 1508 2827 multo
1520 2791 1633 2842 magis
1646 2791 1733 2829 dum
1749 2801 1913 2843 ageretur
1925 2796 2119 2845 negotium,

1155 2851 1194 2889 id
1208 2851 1507 2890 attentasset.Scd
1521 2866 1648 2889 manus
1671 2853 1736 2890 Dei
1757 2863 1844 2897 erat,
1869 2869 1947 2905 quae
1967 2870 2119 2908 puerum

1155 2927 1234 2950 serv
1236 2913 1344 2950 abat:
1372 2921 1405 2949 et
1425 2913 1520 2950 hunc
1539 2913 1684 2964 quidem
1704 2914 1855 2966 (lignum
1873 2915 2120 2956 benedictione

1155 2974 1292 3021 effecit,
1319 2973 1423 3011 illum
1443 2984 1562 3011 autem
1582 2984 1615 3012 et
1635 2975 1881 3014 benedictione
1910 2978 2065 3029 prixavit
2085 2989 2118 3017 et

52 3028 323 3083 dnocreprjeaea
351 3029 411 3066 καὶ
441 3031 502 3074 Τῆς
532 3030 692 3080 εὖΛΟγίας
717 3046 777 3068 και
804 3047 872 3069 των
906 3047 1144 3106 ’ττρωτῡτθ-519
1156 3048 1449 3092 primogenitum
1469 3041 1531 3077 51.
1556 3042 1606 3078 Lt
1632 3050 1762 3078 autem
1783 3043 1955 3089 α(Ιιειιι“,ῑ
1984 3044 2113 3095 inquit,

50 3089 148 3128 Χίων·
169 3089 457 3143 Παραίῑνῡμῑνθς
486 3107 542 3138 ΟΞ,
563 3105 686 3142 ῨΤΓΝ
718 3091 862 3138 ἕπῡίησέ
891 3109 952 3130 xm
986 3093 1086 3137 αὐτος
1109 3108 1132 3134 A
1150 3103 1247 3153 fecit
1272 3110 1308 3139 et
1334 3104 1414 3152 ipse
1433 3101 1592 3145 edulia,
1620 3109 1657 3138 et
1676 3102 1811 3140 attulit
1831 3106 1938 3154 patri
1961 3119 2043 3149 s,110
2078 3115 2114 3143 ‹t

49 3150 238 3201 ἐδέσματα,
256 3167 315 3189 και
336 3152 553 3205 προσήνεγκε
572 3168 621 3189 τω
642 3152 750 3204 πατρὶ
765 3155 879 3200 αυτοῦ,
895 3153 955 3191 καὶ
972 3157 1084 3192 εἶπεν·

49 3211 237 3256 ἄναστῆτω
256 3215 274 3250 ὃ
291 3228 410 3265 πατηρ
440 3230 526 3264 μου,
557 3229 616 3252 και
647 3212 788 3267 φαγέτω
808 3216 871 3259 τῆς
900 3214 1008 3266 θήρας
1023 3219 1083 3254 τοῦ

48 3283 121 3319 υἱοῦ
141 3283 244 3318 αὐτοῦ
256 3312 266 3329 ,
285 3281 380 3326 ὅπως
399 3283 570 3335 εὖλογῆση
594 3299 636 3333 με
655 3285 678 3329 ἡ
697 3283 792 3335 ψυχή
811 3298 885 3322 σου.
907 3282 1004 3336 ςὈρα
1021 3300 1080 3335 μοι

91 3407 103 3422 ⁸
121 3397 184 3430 Sex
207 3399 284 3430 MSS.
302 3407 398 3434 πᾶσαν
414 3405 467 3437 τὴν
483 3405 583 3442 γενεὰν

1154 3163 1286 3199 dcl-'wc
1314 3162 1453 3213 Surgat
1486 3170 1600 3213 pater
1629 3176 1759 3209 meus,
1791 3172 1828 3201 et
1858 3167 2034 3203 comulat
2067 3168 2115 3203 (lc

1153 3223 1460 3274 venationesilii
1481 3224 1542 3259 sui
1560 3252 1571 3268 ,
1597 3231 1638 3260 ut
1661 3225 1861 3262 benedicat
1893 3240 1953 3263 me
1978 3229 2112 3263 anima

1152 3293 1234 3322 tua.
1260 3283 1376 3328 Vide,
1398 3283 1559 3332 obsecro,
1576 3283 1704 3322 iterum
1725 3284 1864 3337 justum
1886 3287 2086 3338 perturbari
2104 3317 2113 3329 ,
