2566 3791
131 1242 222 1270 llebr.
232 1251 241 1271 1
252 1252 260 1271 t
271 1255 312 1284 .7.

345 228 435 289 278
780 244 818 273 S.

341 325 637 378 comprehendere
654 339 793 376 eorum,
810 339 886 377 quae
902 340 922 363 a
938 327 1014 364 Deo
1033 325 1173 364 condita
1192 333 1289 375 sunt,

339 395 524 424 rationem.

391 574 427 611 5.
445 572 598 611 Proinde
618 586 684 623 par
702 579 768 621 est,
790 585 853 609 nos
871 570 1054 609 audientes
1072 570 1171 622 quod
1189 572 1287 609 Deus

335 633 582 686 imperaverit,
608 631 752 669 obedire
771 641 804 669 et
823 632 965 670 credere
990 632 1033 670 iis
1062 646 1139 683 quae
1160 633 1206 670 ab
1225 633 1288 671 illo

333 694 516 732 dicuntur.
534 693 627 730 Nam
640 706 722 730 cum
742 691 914 731 Conditor
935 693 981 730 sit
998 701 1145 741 naturae,
1169 693 1288 731 omnia

333 761 548 791 transmutat
571 761 605 790 et
639 753 868 791 transformat
895 763 1002 806 prout
1023 753 1094 792 sibi
1125 754 1284 792 videtur.

333 815 387 852 Et
405 814 547 852 clausit
573 815 765 852 Dominus
790 815 898 852 Deus
927 815 1073 867 deforis
1093 815 1200 853 illius
1218 829 1286 853 ar-

330 888 431 913 cam.
449 876 583 926 Magna
601 874 711 926 hujus
727 874 817 926 justi
837 875 954 913 virtus
972 875 1056 925 fuit,
1074 884 1107 913 et
1120 875 1206 913 fidei
1225 890 1287 914 ex-

329 935 504 974 cellentia.
525 936 595 973 Illa
614 935 690 987 ipsa
709 935 819 984 enim,
839 945 881 972 nt
903 949 983 973 arca
1003 945 1284 987 construeretur,

329 996 458 1045 effecit,
468 1005 508 1034 ut
522 996 629 1033 talem
643 995 901 1033 habitationem
913 1010 1015 1046 aequo
1028 996 1146 1033 animo
1159 997 1288 1035 ferrent

331 1057 684 1107 coarctationemque,
697 1065 731 1093 et
742 1056 855 1094 vitam
871 1070 954 1094 cum
967 1056 1051 1094 seris
1068 1056 1287 1107 reliquisque

328 1116 448 1155 brutis
458 1116 674 1155 animalibus
690 1116 914 1154 sustinerent.
931 1116 1024 1155 Hinc
1039 1126 1090 1154 est
1102 1116 1197 1168 quod
1208 1117 1287 1155 bea·
1306 1124 1330 1154 E

331 1186 386 1215 tus
404 1178 537 1216 Paulus
552 1178 628 1229 ejus
647 1176 825 1215 mentione
841 1177 932 1215 sacta
951 1177 1149 1229 praedicans
1164 1178 1284 1228 illum,

330 1238 506 1276 clamabat
521 1238 642 1276 dicens
656 1239 774 1275 :Fide
791 1239 950 1275 oraculo
965 1239 1189 1276 admonitus
1202 1240 1287 1277 ZVo'e'

329 1300 376 1336 de
385 1302 432 1337 iis
444 1313 530 1351 quae
544 1300 714 1336 nondum
727 1300 977 1349 videbantur,
988 1308 1162 1338 metuens
1175 1308 1286 1351 apta-

332 1362 384 1398 vit
402 1373 536 1398 arcam
555 1361 608 1397 ad
625 1360 791 1397 salutem
811 1360 948 1397 domus
970 1373 1070 1405 suae,·
1081 1374 1150 1411 per
1166 1374 1284 1413 quam

328 1422 601 1458 condemnavit
615 1421 814 1468 mundum,
829 1429 864 1458 et
878 1423 962 1473 ejus
975 1434 1060 1473 quoe
1074 1422 1284 1459 secundum

316 1481 444 1534 fidem
457 1490 512 1519 est
518 1483 683 1534 justiiiae
684 1481 826 1533 sactus
840 1490 895 1519 est
907 1483 1028 1519 heres.
1044 1481 1181 1521 Vidisti
1197 1497 1283 1532 quo-

326 1542 434 1580 modo
461 1541 549 1580 fides
568 1541 604 1579 in
622 1543 740 1579 Deum
768 1541 869 1592 quasi
891 1556 1013 1580 secura
1035 1542 1200 1593 quaedam
1219 1557 1284 1581 an-

326 1603 447 1651 chora,
470 1602 567 1651 secit,
593 1610 633 1639 ut
659 1616 779 1639 arcam
799 1602 958 1640 construi
977 1611 1130 1652 curaret,
1154 1612 1187 1641 et
1206 1604 1283 1655 ejus

324 1662 582 1700 habitationem
599 1660 813 1698 sustineret?
829 1662 921 1699 Nam
940 1661 1017 1699 haec
1033 1661 1087 1700 illi
1106 1672 1139 1700 et
1158 1663 1283 1702 salutis

324 1722 392 1760 fuit
414 1721 564 1770 occasio,
587 1723 666 1759 Per
684 1734 816 1772 quam,
841 1721 974 1771 inquit,
1007 1723 1283 1761 condemnavit

325 1783 524 1831 mundum,
539 1791 576 1819 et
590 1784 673 1834 ejus
689 1795 774 1833 quae
792 1782 1137 1834 secundumfidem
1153 1792 1209 1821 est
1215 1785 1283 1836 ju-

855 242 1039 274 JOANNIS
1066 243 1306 274 CHRYSOST.
1345 243 1551 274 ARCHIEP.
1592 243 1949 276 CONSTANTINOP.

1361 327 1444 377 παρ’
1463 326 1568 363 αὐτοῦ
1581 326 1762 377 γινόμενα·
1782 326 1984 378 ὓπερὸαίνει
1997 325 2064 378 γὰρ
2079 325 2143 373 τὴν
2164 326 2295 366 ἔννοιαν
2317 326 2380 374 τὴν

1311 395 1337 424 D
1359 386 1550 438 ἡμετέραν,
1564 387 1622 424 καὶ
1637 388 1700 425 οὐκ
1712 388 1752 425 ἄν
1763 403 1847 426 ποτε
1861 387 2021 434 δυνηθείη
2037 387 2266 439 ἀνθρωπίνη
2247 387 2382 426 διάνοια

1360 447 1538 498 ἐφικέσθαι
1565 448 1624 485 καὶ
1649 448 1862 486 καταλαὸεῖν
1884 447 1942 485 τὸν
1967 448 2069 499 λόγον
2098 450 2167 486 τῶν
2186 450 2243 511 ὑπ’
2276 451 2382 487 αὐτοῦ

1358 505 1376 526 b
1386 508 1413 544 δ·
1388 523 1512 557 ημιου
1518 507 1723 560 ργηθέντων.

1411 568 1476 605 Διὸ
1493 569 1662 620 προσ-ἥκει
1695 569 1882 613 ἀκούοντας
1911 572 2005 620 ἡμᾶς
2033 569 2087 606 ὅτι
2114 569 2239 612 ὁΘεὸς
2266 585 2377 621 προσ-

1358 628 1472 677 έταξε,
1491 630 1672 668 πείθεσθαι
1702 631 1762 669 καὶ
1785 629 1888 669 εἴκειν
1906 636 1978 673 τοῖς
1997 632 2081 682 παρ’
2103 631 2208 668 αὐτοῦ
2229 630 2381 681 λεγομέ-

1357 705 1438 734 νοις.
1460 691 1677 743 Δημιουργὸς
1695 690 1764 743 γὰρ
1786 690 1833 729 ὢν
1858 694 1921 738 τῆς
1940 690 2074 743 φύσεως
2101 690 2191 729 κατὰ
2218 691 2259 729 τὸ
2287 693 2381 743 αὐτῷ

1357 752 1476 790 δοκοῦν
1494 752 1632 790 ἅπαντα
1659 752 1930 805 μεταῤῥυθμίζει
1951 751 2011 789 καὶ
2033 751 2284 802 μεταπλάττει.
2311 752 2382 790 Καὶ

1355 812 1489 852 ἔκλεισε
1508 814 1634 865 Κύριος
1661 817 1679 852 ὅ
1711 814 1801 857 Θεὸς
1823 813 1949 857 ἔξωθεν
1983 814 2089 851 αὐτοῦ
2119 811 2184 858 τὴν
2216 811 2380 851 κιὸωτόν.

1355 874 1476 921 Πολλὴ
1497 880 1556 913 τοῦ
1572 875 1707 913 δικαίου
1726 875 1846 913 τούτου
1865 878 1888 922 ἡ
1916 874 2042 927 ἀρετὴ,
2058 874 2119 912 καὶ
2142 877 2205 920 τῆς
2227 873 2380 917 πίστεως

1354 939 1375 981 ἠ
1404 935 1593 988 ὑπερὲολή.
1606 934 1624 957 ἐ
1637 936 1734 982 Αὕτη
1763 935 1830 987 γὰρ
1844 965 1854 982 ,
1875 934 1964 982 αὕτη
1983 935 2045 973 καὶ
2060 935 2292 982 τεκτήνασθαι
2315 933 2378 981 τὴν

1355 997 1503 1034 κιὸωτὸν
1526 997 1788 1049 παρεσκεύασε,
1808 997 1869 1035 καὶ
1889 996 1953 1043 τὴν
1986 996 2120 1043 οἴκησιν
2139 996 2261 1048 πράως
2284 998 2379 1046 ἐνεγ-

1355 1062 1440 1104 κεῖν,
1460 1057 1520 1096 καὶ
1544 1061 1605 1103 τῆς
1635 1057 1867 1111 στενοχωρίας
1889 1057 2103 1109 ἀνασχέσθαι
2121 1057 2180 1095 καὶ
2202 1059 2266 1102 τ’ἧς
2287 1055 2380 1107 μετὰ

1354 1120 1422 1155 τῶν
1438 1117 1566 1170 θηρίων
1586 1119 1761 1170 διαγωγῆς
1780 1118 1841 1156 καὶ
1868 1122 1937 1156 τῶν
1957 1118 2092 1168 ἀλόγων
2112 1117 2289 1156 ἁπάντων.
2311 1116 2380 1155 Διὰ

1354 1183 1454 1217 τοῦτο
1490 1178 1551 1217 καὶ
1585 1182 1603 1216 ὃ
1641 1178 1810 1230 μακάριος
1839 1180 1978 1221 Παῦλος
2012 1180 2060 1222 εἷς
2102 1179 2243 1229 μνήμην
2275 1180 2380 1216 αὐτοῦ

1353 1239 1474 1288 ἐλθὼν,
1494 1241 1553 1278 καὶ
1571 1239 1819 1292 ἀνακηρύττων
1848 1240 1970 1287 αὐτὸν,
1990 1239 2074 1278 {eda
2092 1239 2202 1291 λέγων
2216 1255 2224 1262 ·
2251 1239 2380 1277 Πίστει

1352 1302 1607 1353 χρηματισθεὶς
1637 1304 1718 1340 Νῶε
1746 1301 1828 1353 περὶ
1863 1303 1931 1339 τῶν
1968 1300 2114 1350 μηδέπω
2139 1299 2379 1351 βλεπομένων,

1353 1362 1553 1408 εὐλαέηθεὶς
1581 1361 1818 1400 κατεσκεύασε
1850 1362 2001 1400 κιέωτὸν
2029 1363 2077 1405 εἷς
2110 1362 2285 1413 σωτηρίαν
2319 1364 2381 1399 τοῦ

1351 1421 1444 1461 οἴκου
1474 1424 1600 1470 αὐτοῦ,
1625 1423 1666 1460 δι’
1695 1418 1736 1468 ἧς
1763 1423 1948 1474 κατέκρινε
1978 1422 2034 1459 τὸν
2062 1421 2206 1473 κόσμον,
2225 1422 2286 1460 καὶ
2313 1427 2376 1470 τῆς

1351 1483 1444 1522 κατὰ
1470 1484 1588 1522 πίστιν
1619 1483 1840 1530 δικαιοσύνης
1871 1483 2008 1534 ἐγένετο
2029 1480 2254 1535 κληρονόμος.
2275 1478 2379 1528 Εἶδες

1351 1547 1425 1589 πῶς
1445 1548 1468 1592 ἡ
1489 1545 1606 1590 πίστις
1639 1550 1661 1593 ἡ
1694 1547 1741 1589 εἷς
1770 1546 1827 1584 τὸν
1849 1546 1939 1584 Θεὸν
1967 1545 2128 1597 καθάπερ
2160 1545 2297 1598 ἄγκυρά
2326 1562 2379 1590 τις

1351 1605 1510 1658 ἀσφαλὴς
1533 1606 1794 1659 παρεσκεύασεν
1825 1605 1941 1653 αὐτὸν,
1962 1605 2023 1643 καὶ
2049 1609 2112 1652 τῆς
2140 1606 2293 1644 κιὸωτοῧ
2312 1607 2377 1654 τὴν

1349 1666 1569 1713 κατασκευὴν
1582 1666 1875 1714 ποιήσασθαι,καὶ
1888 1670 1951 1713 τῆς
1963 1666 2132 1712 οἰκήσεως
2143 1667 2376 1719 ἀνασχέσθαη

1349 1727 1447 1773 Αὕτη
1464 1728 1532 1781 γὰρ
1549 1729 1643 1779 αὐτῷ
1661 1727 1721 1765 καὶ
1731 1731 1793 1774 τῆς
1805 1727 1980 1779 σωτηρίας
1998 1727 2160 1771 ὑπόθεσις
2175 1727 2306 1780 γέγονε,
2320 1731 2375 1767 Δι’

1347 1783 1406 1835 ἧς,
1424 1789 1526 1840 φησὶ,
1544 1789 1730 1840 κατέκρινε
1750 1789 1808 1827 τὸν
1828 1788 1976 1837 κόσμον,
1993 1789 2053 1826 καὶ
2071 1792 2134 1835 τῆς
2152 1789 2243 1827 κατὰ
2257 1790 2376 1828 πίστιν

324 1847 439 1882 stitioe
452 1844 593 1895 factus
623 1850 680 1880 est
707 1843 815 1880 heres
832 1857 843 1877 :
861 1856 929 1880 non
955 1842 1051 1893 quod
1081 1843 1156 1895 ipse
1176 1844 1338 1902 fuerit238
1352 1849 1574 1897 δικαιοσύνης
1609 1850 1744 1900 ἐγένετο
1769 1849 2003 1902 κληρονόμος·
2039 1851 2101 1888 οὐχ
2129 1849 2249 1897 ἐπειδὴ
2277 1851 2377 1894 αὐτὸς

322 1903 450 1955 judex,
471 1903 535 1941 scd
555 1903 639 1953 quia
659 1917 704 1939 ex
722 1902 984 1954 comparatione
1007 1903 1279 1943 condemnatio·
1301 1915 1326 1944 Α

325 1978 406 2002 nem
421 1964 596 2002 Dominus
612 1963 750 2001 inducit
766 1979 774 2000 :
789 1978 867 2002 cum
888 1964 982 2002 enim
1003 1964 1124 2003 eadem
1144 1965 1279 2004 habue-

325 2026 397 2063 rint
409 2039 486 2076 quae
498 2026 628 2077 justus,
641 2039 708 2062 non
724 2034 836 2063 tamen
851 2025 1010 2063 eamdem
1027 2027 1168 2066 virtutis
1179 2028 1279 2067 viam

326 2086 473 2136 ingressi
490 2094 571 2123 sunt
585 2100 662 2137 :per
681 2085 790 2123 fidem
811 2101 880 2136 qua
898 2087 1071 2138 praeditus
1090 2088 1169 2136 suit,
1190 2103 1275 2127 con-

326 2146 508 2184 demnavit
521 2160 578 2183 eos
590 2146 652 2196 qui
667 2155 771 2183 tantae
791 2147 935 2185 fuerunt
951 2147 1221 2198 incredulitatis,
1237 2159 1277 2187 ut

328 2206 548 2259 praedictioni
567 2221 634 2243 non
655 2206 846 2244 crederent.
868 2207 946 2258 Ego
965 2217 1083 2246 autem
1103 2223 1182 2247 cum
1197 2210 1278 2247 aliis

328 2267 494 2305 omnibus
511 2267 684 2305 virtutem
703 2266 809 2304 etiam
823 2267 911 2318 justi
929 2267 1100 2316 admiror,
1116 2270 1280 2307 Domini-

328 2343 396 2381 que
422 2328 617 2366 bonitatem
651 2336 685 2365 et
715 2327 935 2366 ineffabilem
981 2329 1277 2378 misericordiam,

330 2388 471 2440 quando
497 2388 681 2426 considero
712 2389 891 2438 quomodo
914 2390 1072 2441 potuerit
1090 2392 1226 2429 versari
1245 2392 1281 2430 in

330 2450 446 2488 medio
463 2450 672 2497 bestiarum,
692 2449 837 2486 leonum
866 2450 962 2500 dico,
986 2451 1198 2503 pardorum,
1217 2468 1283 2491 ur—

330 2525 461 2558 sorum,
478 2519 511 2548 et
527 2510 679 2547 aliarum
692 2509 887 2548 immitium
901 2511 1068 2551 serarum.
1085 2513 1283 2552 Recordare
1303 2531 1326 2560 B

329 2571 400 2618 hic,
414 2571 554 2619 dilecte,
565 2570 723 2618 obsecro,
741 2580 880 2621 quantae
894 2571 1080 2623 dignitatis
1089 2573 1193 2612 fuerit
1208 2576 1282 2627 pri-

329 2646 410 2670 mus
423 2632 529 2670 homo
545 2640 625 2670 ante
645 2631 942 2670 inobedientiam:
959 2642 991 2671 et
1007 2634 1073 2671 Dei
1088 2634 1283 2674 bonitatem

331 2693 448 2731 animo
468 2693 630 2731 observa.
654 2693 887 2744 Posteaquam
906 2694 1001 2732 enim
1019 2695 1117 2734 illius
1135 2711 1280 2748 praeva-

332 2753 455 2792 ricatio
468 2755 559 2792 hanc
570 2763 777 2806 potestatem
794 2755 895 2792 nobis
907 2754 1027 2794 datam
1043 2757 1282 2825 imminuerat,

132 2828 194 2856 Noe
235 2832 318 2858 resti
335 2814 466 2852 invenit
485 2825 601 2852 autem
621 2816 736 2853 bonus
752 2816 928 2854 Dominus
947 2817 1058 2855 alium
1076 2819 1207 2868 tirum,
1220 2822 1281 2871 qui

134 2873 190 2898 ¹¹¹¹!
241 2876 318 2910 quod

133 2911 224 2939 Adam
253 2916 319 2943 abs-

135 2957 253 2985 tulerat.

335 2876 450 2927 potuit
468 2889 632 2927 reparire
651 2876 840 2927 imaginem
865 2877 1066 2929 pristinam,
1089 2888 1122 2917 et
1143 2894 1283 2919 ser'vate

335 2936 476 2973 virtutis
507 2935 739 2985 «barm-ures,
773 2951 1008 2989 magnamque
1038 2939 1075 2978 in
1106 2941 1282 2981 mandatis

333 2997 399 3034 Dei
431 2995 666 3034 obedientiam
699 3012 770 3049 [ute
796 3013 832 3036 se
863 2999 960 3048 tulit;
979 3000 1107 3039 iterum
1126 3001 1172 3040 ad
1199 3003 1278 3055 pri-

332 3071 430 3094 mum
455 3058 626 3095 honorem
656 3073 736 3096 eum
757 3059 908 3106 reducit,
939 3062 1039 3112 quasi
1068 3063 1198 3101 docens
1216 3078 1278 3103 nos

329 3117 509 3168 operibus,
542 3129 711 3167 quantam
733 3131 938 3173 potestatem
964 3122 1079 3161 Adam
1098 3134 1178 3163 ante
1196 3125 1277 3164 ino—

327 3177 544 3216 bedientiam
579 3177 754 3219 habuerit.
794 3183 924 3221 Virtus
955 3184 1073 3237 itaque
1099 3184 1189 3235 justi
1217 3184 1274 3223 di-
1297 3196 1321 3225 C

368 3300 385 3323 Ι»
410 3298 502 3330 Aiii'⁴
489 3306 776 3343 οημιουργουμένων.

364 3362 375 3375 c
401 3352 478 3393 [Sic
500 3349 652 3382 dedimus
679 3362 753 3382 cum
780 3352 894 3385 Morel.
917 3362 949 3387 et
965 3354 1065 3389 Saxil.
1086 3357 1126 3389 In
1146 3355 1265 3390 Montf.
1283 3357 1325 3389 ie—

318 3401 455 3445 gebatur
473 3406 523 3436 αὖ.
523 3419 548 3440 ἠ
566 3409 621 3445 γὰρ
633 3430 640 3443 ,
662 3411 745 3440 aurai-
756 3405 765 3437 Ῑ

1349 1911 1494 1964 ἔκρινεν,
1511 1912 1587 1949 ἀλλ’
1601 1911 1721 1957 ἐπειδὴ
1734 1914 1751 1949 ὃ
1762 1909 1944 1956 Δεσπότης
1956 1909 2168 1962 συγκρίσεως
2182 1910 2243 1958 τὴν
2257 1910 2375 1949 κατοί-

1349 1988 1462 2025 κρισιν
1483 1972 1625 2023 ἐπάγει·
1646 1975 1714 2010 τῶν
1734 1971 1802 2024 γὰρ
1823 1973 1935 2009 αὐτῶν
1963 1972 2224 2015 ἀπολαύσαντες
2254 1975 2304 2025 τῷ
2323 1972 2378 2010 δι-

1348 2032 1459 2084 καίῳ,
1479 2036 1516 2071 οὐ
1535 2032 1599 2078 τὴν
1620 2032 1726 2080 αὐτὴν
1745 2034 1840 2084 αὐτῷ
1860 2033 2029 2082 μετ-ἦλθον
2052 2034 2115 2077 τῆς
2133 2033 2259 2085 ἀρετῆς
2276 2033 2353 2072 ὁδόν
2368 2049 2376 2057 ·

1347 2092 1404 2131 διὰ
1421 2097 1483 2140 τῆς
1501 2093 1651 2136 πίστεως
1671 2092 1732 2143 μὲν
1749 2097 1762 2113 ³
1774 2087 1844 2139 οὖν,
1866 2094 1908 2139 ἣν
1928 2091 2145 2141 ἐπεδείξατο,
2167 2093 2374 2146 κατέκρινεν

1347 2155 1497 2197 ἐκείνους
1511 2153 1588 2197 τοὺς
1602 2154 1734 2200 πολλὴν
1747 2153 1809 2200 τὴν
1822 2153 1986 2191 ἀπιστίαν
2003 2153 2283 2204 ἐπιδειξαμένους
2293 2184 2302 2201 ,
2314 2155 2375 2193 καὶ

1349 2216 1397 2266 μὴ
1418 2215 1674 2258 πιστεύσαντας
1690 2218 1733 2265 τῇ
1752 2214 1956 2266 προρρήσει.
1975 2214 2070 2265 Ἐγὼ
2084 2214 2119 2252 δὲ
2134 2215 2223 2265 μετὰ
2234 2217 2377 2255 πάντων

1348 2278 1408 2315 καὶ
1438 2281 1498 2315 τοῦ
1533 2276 1666 2314 δικαίου
1697 2275 1943 2326 ἐκπλήττομαι
1975 2275 2039 2321 τὴν
2068 2275 2208 2327 ἀρετὴν,
2233 2277 2295 2314 καὶ
2315 2281 2375 2314 τοῦ

1351 2337 1528 2376 Δεσπότου
1550 2337 1612 2384 τὴν
1643 2336 1843 2384 ἀγαθότητα
1863 2336 1923 2374 καὶ
1949 2335 2012 2381 τὴν
2031 2336 2160 2388 ἄφατον
2183 2338 2377 2390 φιλανθρω-

1350 2398 1447 2445 πίαν,
1468 2399 1550 2436 ὅταν
1566 2397 1716 2444 ἕννοησω
1732 2400 1807 2440 πῶς
1833 2397 1987 2443 ἦδυνηῡη
2008 2396 2136 2447 μεταξύ
2151 2412 2221 2434 των
2248 2397 2377 2450 θηρίων

1351 2460 1494 2511 διαγειν,
1513 2462 1581 2496 τῶν
1600 2458 1699 2497 λεόντ
1702 2474 1749 2495 ων
1769 2457 1881 2508 λεγω,
1903 2475 1963 2496 και
1983 2461 2052 2496 τῶν
2077 2457 2297 2509 παρδάλεων,
2316 2459 2377 2497 καὶ

1351 2524 1418 2558 τῶν
1436 2520 1585 2573 ἄρκτων,
1606 2535 1665 2557 και
1681 2535 1748 2557 των
1768 2520 1899 2558 λοιπων
1913 2534 1981 2556 των
2001 2518 2131 2570 ἀγρίων
2153 2535 2212 2556 και
2233 2520 2376 2558 ἀτιθάσ-

1352 2596 1434 2619 σων.
1455 2580 1711 2630 Ἀναμνήσθητί
1735 2595 1793 2630 μοι
1814 2581 1980 2627 ἐνταῦθα,
1999 2579 2178 2631 ἀγαπητὲ,
2193 2582 2257 2626 τῆς
2279 2579 2377 2624 ἀξίας

1351 2636 1391 2687 ἧς
1413 2641 1591 2687 ἀπήλαυεν
1607 2644 1624 2679 ὃ
1641 2640 1918 2692 πρωτόπλαστος
1936 2640 2004 2693 πρὸ
2023 2643 2085 2686 τῆς
2100 2643 2298 2691 παρακοῆς,
2315 2641 2376 2679 καὶ

2074 2701 2221 2747 Ἐπειδὴ
2255 2701 2322 2755 γὰρ
2351 2705 2374 2748 ἡ

1351 2761 1550 2813 παράὸασις
1575 2762 1705 2800 ἐκείνου
1721 2761 1967 2815 ἠκρωτηρίασε
1986 2760 2049 2807 τὴν
2075 2761 2262 2811 δεδομένην
2282 2761 2376 2806 ἐξου-

1352 2822 1442 2869 σίαν,
1461 2817 1537 2874 εῧρε
1556 2823 1590 2861 δὲ
1613 2826 1631 2860 ὃ
1651 2821 1778 2873 ἀγαθὸς
1794 2822 1975 2867 Δεσπότης
1997 2821 2112 2873 ἕτερον
2132 2821 2241 2873 ἄνδρα
2267 2822 2374 2860 δυνά-

1351 2702 1486 2753 λογίζου
1516 2707 1575 2740 τοῦ
1607 2704 1699 2740 Θεοῦ
1732 2701 1793 2749 τὴν
1827 2702 2039 2753 ἀγαΟότητα.

1352 2899 1451 2933 μενον
1468 2883 1749 2922 ἀνακαλέσασθαι
1772 2882 1835 2929 τὴν
1852 2882 2001 2934 ἀρχαίαν
2026 2882 2161 2929 εἰκόνα,
2175 2883 2236 2920 καὶ
2251 2882 2376 2922 διασώ-

1351 2946 1450 2988 ζοντα
1467 2948 1528 2991 τῆς
1551 2946 1675 2995 ἀρετῆς
1693 2943 1769 2986 τοὺς
1791 2947 2040 2996 χαρακτῆρας,
2061 2944 2120 2981 καὶ
2139 2943 2271 2991 πολλὴν
2294 2944 2375 2996 περὶ

1349 3020 1410 3047 τας
1442 3004 1580 3048 ἐντολας
1599 3004 1662 3051 τὴν
1695 3004 1851 3050 ὑπακοην
1885 3004 2177 3054 ἐπιδεικνύμενον,
2198 3004 2302 3042 πάλιν
2328 3006 2375 3048 εἷς

1348 3065 1410 3112 τὴν
1430 3065 1609 3117 ἀργαίαν
1593 3065 1699 3115 τιμὴν
1715 3065 1817 3102 αὐτὸν
1839 3064 1984 3116 ἀναγει,
2002 3079 2184 3116 μονονουχι
2202 3064 2373 3102 διδάσκων

1348 3128 1441 3176 ἡμας
1472 3127 1515 3163 δι’
1550 3141 1660 3164 αυτων
1693 3141 1760 3163 των
1792 3125 2010 3176 πραγμάτων
2048 3141 2109 3171 της
2139 3124 2292 3168 ἐξουσίας
2315 3130 2374 3164 τοῦ

2324 3185 2370 3224 Ἡ

1348 3185 1457 3224 Αδαμ
1488 3202 1528 3224 το
1559 3186 1718 3237 μέγεθος,
1747 3186 1789 3232 ἣν
1810 3190 1882 3237 εἶχε
1919 3185 1987 3236 πρὸ
2014 3189 2075 3231 τῆς
2102 3187 2295 3236 παρακοῆς.

1407 3308 1452 3348 ·[
1470 3304 1667 3338 Addidimns
1684 3308 1732 3340 οὖν
1749 3317 1765 3337 e
1783 3305 1906 3338 Smilio
1922 3306 2028 3348 quiin
2049 3317 2151 3350 marg
2168 3318 2185 3338 e
2204 3319 2220 3339 ι
2225 3318 2274 3339 ar.
2291 3306 2372 3340 lect.

1363 3356 1463 3390 habet
1485 3363 1533 3392 δια
1551 3365 1618 3392 το3τ
1624 3373 1636 3392 ο
1653 3361 1700 3392 διὰ.
1716 3367 1766 3396 τῆς
1782 3364 1905 3395 πίστεως
1922 3375 1966 3390 ru.
1974 3359 1985 3399 ]
