2516 3791
726 199 770 229 ΙΝ
806 198 910 230 ΟΑΡ.
949 198 1029 231 XV.
1067 196 1228 229 GENES.
1267 195 1424 228 noMlL.
1463 196 1624 229 XXXVI.

147 278 351 330 ἀκούσωμεν
369 277 462 318 κατὰ
481 278 544 326 τὴν
566 279 704 332 ἡμέραν
723 280 860 328 ἐκείνην
879 297 886 305 ·
907 281 1043 331 Γυμνὸς
1061 281 1172 332 ἤμην,

146 338 206 379 καὶ
225 338 452 392 περιεὸάλετέ
481 353 536 390 με.
561 339 624 386 Μὴ
654 339 722 392 γὰρ
741 341 888 392 φορτικά
922 343 995 380 ἐστι
1021 341 1066 379 τὰ
1097 343 1173 380 ἐπι-

145 399 322 451 τάγματα,
341 399 390 450 μὴ
411 399 479 452 γὰρ
495 398 689 452 ὑπέρογκα;
709 400 768 440 Τὰ
796 401 1042 452 ἀπολλύμενα,
1072 401 1171 454 φησὶ,

144 460 189 499 τὰ
206 460 402 510 σηπόμενα,
421 460 465 498 τὰ
485 461 560 512 εἰκῇ
577 461 636 499 καὶ
653 461 768 512 μάτην
791 461 1040 513 δαπανώμενα,
1060 466 1170 501 ταῦτα

143 521 329 574 χρησίμως
347 521 599 571 διανεμηθῆναι
628 521 838 570 σπούδασον,
859 522 915 561 ἵνα
946 522 1006 560 καὶ
1035 522 1098 569 τὴν
1131 523 1170 560 ἐκ

144 585 207 627 τ’ἥς
236 581 363 632 ζημίας
394 581 530 633 βλάὸην
570 582 757 635 διαφύγῃς,
794 582 854 621 καὶ
882 582 922 621 τὸ
959 585 1020 621 ἀπ’
1056 583 1168 620 αὐτῶν

145 639 264 692 κέρδος
293 639 455 691 μέγιστον
475 642 588 692 ἑαυτῷ
608 641 838 693 προξενήσῃς.
861 642 1002 687 Πολλῆς
1023 639 1091 692 γὰρ
1110 642 1169 678 καὶ

144 700 431 752 ὑπερὸαλλούσης
464 702 715 754 ἀπανθρωπίας
749 701 837 752 μετὰ
871 701 1046 747 τοσαύτην
1080 701 1168 739 ἀπό-ν

143 762 266 798 λαυσιν
283 760 456 804 κιὸωτίοις
477 761 537 799 καὶ
551 762 681 814 τοίχοις
697 761 931 800 ἐναποκλείειν
948 761 992 799 τὰ
1007 762 1168 813 περιττὰ,

144 821 203 858 καὶ
224 821 272 872 μὴ
304 821 490 873 ἀνέχεσθαι
508 825 577 860 τῶν
603 825 778 873 ὁμογενῶν
801 822 864 869 τὴν
893 821 1026 860 ἔνδειαν
1056 838 1169 874 παρα-

144 885 344 931 μυθεῖσθαι,
367 881 446 920 ἀλλ’
468 885 639 935 αἱρεῖσθαι
663 884 795 933 μᾶλλον
816 883 883 920 ὑπὸ
902 885 954 920 ἰοῦ
973 882 1034 920 καὶ
1053 886 1169 930 σητῶν

143 942 420 994 διαφθείρεσθαι,
443 943 503 981 καὶ
527 948 603 986 ταῖς
631 945 699 981 τῶν
729 944 870 995 λῃστῶν
897 943 999 996 χερσὶ
1029 949 1170 996 προκεῖ-

142 1007 244 1050 σθαι,
265 1003 324 1040 καὶ
349 1003 411 1046 τὰς
429 1002 516 1056 ὑπὲρ
543 1002 675 1042 τούτων
705 1004 846 1047 εὐθύνας
865 1004 1015 1052 διδόναι,
1034 1004 1057 1050 ἢ
1077 1004 1172 1042 δεόν-

2101 191 2198 251 4ι9

1243 279 1472 330 ari-odiuntur,
1491 294 1570 331 quae
1598 279 1732 331 absquo
1750 293 1818 318 usu
1847 288 1881 319 et
1899 281 2031 320 frustra
2066 297 2195 323 consu-

1244 350 1403 390 muntur,
1422 341 1499 380 haec
1511 340 1648 380 utiliter
1659 339 1866 394 dispensare
1879 350 2014 394 satage,
2032 351 2071 380 ut
2087 352 2121 381 et
2133 343 2196 383 de-

1245 401 1399 441 trimenti
1429 402 1605 441 damnum
1623 401 1787 454 effugias,
1821 411 1855 441 et
1875 415 1921 440 ex
1949 402 2036 454 ipsis
2055 402 2197 442 lucrum

1244 463 1443 502 maximum
1470 463 1536 502 tibi
1567 477 1682 516 pares.
1703 463 1863 516 Ingentis
1890 463 1986 502 enim
2003 473 2036 502 et
2058 478 2198 516 magnae

1244 522 1514 562 inhumanitatis
1524 533 1574 562 est
1588 533 1667 576 post
1682 533 1733 562 tot
1747 523 1925 562 bonorum
1938 532 1972 562 et
1985 524 2198 563 facultatum

1243 597 1361 630 usum,
1380 584 1511 622 arculis
1538 594 1571 622 et
1600 585 1714 623 muris
1738 584 1921 623 includere
1949 585 2144 638 superflua,
2164 595 2199 623 et

1242 657 1312 681 non
1335 644 1408 681 illis
1439 645 1628 683 sublevare
1657 646 1907 697 proximorum
1934 645 2107 698 inopiam,
2137 645 2200 684 scd

1242 703 1356 742 sinere
1375 719 1394 742 a
1424 704 1591 755 rubigine
1616 714 1651 743 ct
1679 706 1770 744 tinea
1793 707 1911 759 potius
1940 706 2137 759 corrumpi,
2158 721 2200 745 ac

1241 763 1453 815 praedonum
1473 763 1641 802 manibus
1659 766 1821 816 exposita
1838 767 2050 817 relinquere,
2068 776 2101 804 et
2117 780 2200 819 pro-

1240 834 1320 878 pter
1339 825 1400 863 illa
1417 825 1606 878 suppliciis
1626 825 1747 877 potius
1764 826 1886 877 plecti,
1906 841 2014 877 quam
2029 828 2089 865 ubi
2107 837 2201 866 recte

1241 885 1521 939 dispensaveris,
1540 900 1607 938 pro
1622 885 1674 924 eis
1689 886 1880 938 praemium
1897 887 2068 939 accipere.
2090 889 2200 926 Obse-

1243 961 1317 995 cro,
1337 961 1380 986 ne
1391 961 1502 999 usque
1515 947 1604 986 adeo
1620 948 1771 986 salutem
1788 957 1946 986 nostram
1964 948 2201 1000 negligamus,

1244 1009 1307 1048 sed
1330 1009 1495 1062 expensis
1525 1008 1562 1047 in
1591 1022 1764 1062 pauperes
1795 1010 1999 1062 superfluis,
2035 1024 2202 1061 magnam

142 1079 210 1107 τως
228 1063 505 1114 οἰκονομήσαντα
523 1063 586 1110 τὴν
603 1064 692 1118 ὑπὲρ
712 1064 844 1103 τούτων
864 1065 1016 1116 ἀμοιὸὴν
1033 1065 1171 1116 κομίζε-
1184 1096 1232 1122 552
1243 1070 1347 1108 nobis
1363 1069 1533 1108 fiduciam
1547 1079 1647 1108 antea
1665 1083 1890 1122 reponamus,
1903 1079 1942 1107 ut
1957 1070 2203 1110 incf'f'abilibus

143 1128 235 1163 σθαι.
261 1123 323 1171 Μὴ
343 1125 400 1171 δὴ,
425 1127 636 1176 παρακαλῶ,
665 1125 773 1170 οὕτως
794 1128 934 1177 ἀμελῶς
955 1127 1168 1177 διατεθῶμεν
1196 1135 1222 1164 Α
1244 1131 1348 1170 bonis
1362 1131 1433 1169 frui
1448 1144 1662 1181 mercamur,
1679 1131 1794 1182 gratia
1813 1140 1846 1169 et
1865 1131 2111 1170 misericordia
2128 1134 2204 1172 Do-

142 1185 223 1237 περὶ
245 1185 308 1232 τὴν
337 1185 512 1239 σωτηρίαν
541 1189 611 1224 τῶν
636 1185 816 1238 ἡμετέρων
844 1188 977 1238 ψυχῶν,
1003 1185 1095 1225 ἀλλὰ
1126 1186 1170 1224 τὰ

143 1246 289 1296 περιττὰ
316 1245 529 1291 κενώσαντες
553 1252 623 1290 τοῖς
656 1246 851 1299 δεομένοις,
881 1246 1014 1294 πολλὴν
1035 1248 1170 1292 ἑαυτοῖς

141 1306 423 1357 προαποθώμεθα
446 1306 510 1354 τὴν
537 1307 750 1359 παῤῥησίαν,
779 1307 835 1346 ἵνα
861 1310 930 1345 τῶν
959 1308 1168 1360 ἀπορρήτων

142 1368 280 1417 ἀγαθῶν
297 1369 495 1406 ἀπολαῦσαι
513 1368 804 1419 καταξιωθῶμεν,
824 1368 945 1420 χάριτι
964 1368 1023 1406 καὶ
1042 1370 1167 1421 φιλαν-

141 1426 278 1479 θρωπίᾳ
306 1431 365 1465 τοῦ
392 1427 522 1481 Κυρίου
548 1431 649 1480 ἡμῶν
678 1430 794 1476 Ἰησοῦ
817 1431 992 1482 Χριστοῦ,
1021 1431 1097 1481 μεθ’
1126 1426 1166 1469 οῧ

140 1492 191 1538 τῷ
219 1488 348 1540 Πατρὶ,
380 1488 455 1540 ἅμα
484 1491 534 1542 τῷ
567 1489 656 1542 ἁγίῳ
677 1489 884 1543 Πνεύματι,
901 1491 1003 1540 δόξα,
1022 1491 1163 1544 κράτος,

140 1548 246 1598 τιμὴ,
264 1553 324 1587 νῦν
342 1549 403 1588 καὶ
421 1550 493 1600 ἀεὶ,
515 1550 574 1589 καὶ
601 1553 648 1596 εἷς
673 1551 751 1595 τοὺς
777 1554 904 1597 αἰῶνας
924 1554 994 1590 τῶν
1014 1551 1161 1591 αἰώνων.

139 1608 258 1659 Ἀμήν.

515 1739 692 1777 ΟΜῘΛῘΑ
722 1739 788 1783 λς’.

140 1860 243 1900 Μετὰ
259 1860 294 1900 δὲ
313 1860 357 1899 τὰ
377 1860 519 1913 ῥήματα
533 1863 645 1899 ταῦτα
660 1860 806 1912 ἐγενήθη
827 1863 921 1915 ῥῆμα
939 1861 1067 1914 Κυρίου
1082 1863 1167 1917 πρὸς

194 1921 334 1972 Ἄδραμ
359 1921 459 1972 λέγον
482 1924 516 1960 ἐν
536 1921 691 1973 ὁράματι
716 1924 778 1967 τῆς
809 1922 952 1966 νυκτός·
977 1922 1025 1974 μὴ
1046 1923 1166 1975 φοὸοῦ,

193 1982 344 2035 Ἄὸραμ,
365 1982 433 2034 ἐγὼ
454 1981 680 2034 ὑπερασπίζω
700 1997 780 2021 σου·
802 1985 820 2020 ὁ
840 1982 960 2033 μισθός
979 1999 1040 2022 σου
1060 1983 1166 2027 πολὺς

192 2043 292 2082 ἔσται
312 2043 456 2096 σφόδρα.

191 2169 368 2221 Θησαυρῷ
395 2184 463 2206 τινι
489 2167 690 2220 προσέοικεν
718 2171 740 2214 ἠ
773 2170 841 2206 τῶν
869 2167 1011 2206 δικαίων
1045 2166 1165 2220 ἀρετὴ,

138 2227 246 2266 πολὺν
266 2228 325 2266 καὶ
355 2228 487 2280 ἄφατον
513 2228 570 2266 τὸν
589 2231 738 2267 πλοῦτον
761 2228 888 2280 ἔχοντι.
910 2228 1078 2280 Καθάπερ
1096 2227 1164 2280 γὰρ

138 2290 265 2328 ἐκεῖθεν
283 2289 346 2328 κᾶν
368 2289 482 2342 βραχύ
501 2305 535 2328 τι
556 2290 659 2344 μέρος
687 2290 808 2328 λαὸεἷν
826 2305 880 2333 τις
906 2290 1055 2341 δυνηθῇ,
1075 2290 1164 2327 πολ-

137 2350 202 2398 λὴν
218 2353 331 2403 ἑαυτῷ
358 2350 422 2398 τὴν
442 2351 606 2405 εὐπορίαν
625 2351 902 2396 κατασκευάζει·
919 2350 1009 2389 οὕτω
1029 2349 1071 2396 δὴ
1102 2351 1163 2388 καὶ

137 2412 196 2450 ἐπὶ
215 2415 278 2459 τῆς
296 2414 422 2464 ἀρετῆς
435 2416 494 2451 τοῦ
513 2413 732 2466 πατριάρχου
746 2412 886 2466 εὑρήσει
900 2428 952 2455 τις
968 2412 1160 2464 γινόμενον.

138 2473 227 2512 Ἰδοὺ
245 2473 312 2525 γὰρ
337 2473 457 2525 σχεδὸν
481 2475 532 2526 ἐφ’
555 2473 705 2521 ἑκάστης
719 2473 854 2526 ἡμέρας
870 2476 908 2512 ἐκ
925 2477 988 2520 τῆς
1004 2474 1083 2511 κατ’
1103 2473 1163 2511 αὐ-

137 2535 194 2574 τὸν
225 2534 378 2587 ἱστορίας
404 2534 588 2587 προθέντες
619 2538 700 2585 ὑμῖν
729 2534 792 2582 τὴν
824 2534 1067 2582 διδασκαλίαν,
1102 2533 1163 2573 καὶ

139 2595 228 2646 μετὰ
251 2597 381 2641 πολλῆς
401 2599 462 2642 τῆς
480 2595 661 2647 δαψιλείας
679 2595 742 2643 τὴν
763 2595 917 2635 ἑστίασιν
942 2597 1024 2647 ὑμῖν
1051 2611 1162 2648 παρε-

136 2656 299 2708 χόμενοι,
329 2656 463 2694 οὐδέπω
483 2656 544 2694 καὶ
573 2661 630 2694 νῦν
652 2656 728 2695 οὐδὲ
750 2656 864 2709 βραχύ
895 2672 930 2694 τι
957 2655 1060 2709 μέρος
1091 2658 1161 2693 τῶν

136 2718 247 2770 τούτῳ
262 2717 547 2769 κατωρθωμένων
569 2717 712 2762 ἐξειπεῖν
741 2717 964 2768 ἠδυνήθημεν
981 2731 988 2740 ·
1008 2716 1161 2764 τοσαύτη

137 2780 230 2817 ἐστὶν
256 2780 360 2817 αὐτοῦ
379 2782 466 2825 ’Ἴτ’ῆς
491 2777 692 2831 περιουσίας
710 2782 733 2825 ἡ
765 2778 886 2832 ἀρετή.
908 2777 980 2816 Καὶ
1003 2778 1164 2831 καθάπερ

138 2840 208 2878 ἀπὸ
223 2843 338 2890 πηγῆς
357 2840 486 2891 δαψιλῆ
506 2839 722 2893 προχεούσης
739 2839 784 2878 τὰ
797 2840 953 2891 νάματα,
967 2839 1031 2878 κᾶν
1053 2840 1163 2878 ἅπαν-

137 2916 193 2943 τες
222 2899 417 2952 ἀρύωνται,
450 2902 488 2938 οὗ
519 2899 623 2951 μόνον
651 2901 713 2939 οὐκ
744 2902 926 2940 ἐλαττοῦσι
953 2900 998 2939 τὰ
1033 2902 1162 2939 ἐκεῖθεν

137 2962 303 3015 προϊόντα
322 2961 476 3012 νάματα,
496 2962 574 2999 ἀλλ’
591 2961 662 3014 ὅσῳ
681 2961 722 2999 ἂν
749 2961 888 3006 πλείους
906 2955 993 3000 ὦσιν
1010 2965 1042 3000 οἱ
1060 2961 1162 3006 ε’ξαν-

138 3025 317 3070 τλοῦντες,
348 3023 503 3073 τοσούτῳ
542 3023 674 3072 μᾶλλον
706 3022 892 3067 ἀναὸλύζει
925 3025 994 3061 τῶν
1027 3022 1163 3061 ὑδάτων

138 3087 160 3130 ἡ
187 3083 308 3136 φύσις·
325 3083 364 3121 τὸ
384 3083 466 3122 αὐτὸ
485 3083 526 3131 δὴ
554 3083 613 3122 καὶ
641 3083 700 3121 ἐπὶ
730 3089 790 3122 τοῦ
817 3083 1013 3136 θαυμασίου
1043 3084 1165 3123 τούτου

1192 1933 1214 1964 Β

1243 1191 1332 1229 mini
1356 1192 1466 1230 nostri
1485 1193 1570 1232 Jesu
1590 1191 1737 1240 Christi,
1759 1205 1840 1230 cum
1861 1207 1932 1244 quo
1957 1193 2054 1231 Patri
2070 1202 2102 1232 et
2124 1208 2203 1232 san-

1242 1261 1298 1290 cto
1329 1252 1483 1305 Spiritui
1506 1252 1633 1305 gloria,
1664 1252 1870 1305 imperium,
1890 1253 2020 1304 honor,
2050 1267 2144 1293 nunc
2166 1264 2200 1293 ct

1241 1327 1396 1367 semper,
1417 1323 1451 1353 ct
1475 1314 1510 1352 in
1533 1314 1663 1353 saecula
1683 1314 1908 1354 saeculorum.
1933 1316 2061 1354 Amen.

1511 1741 1726 1781 HOMILIA
1752 1741 1932 1782 XXXVI.

1243 1862 1328 1900 Post
1346 1862 1422 1901 haec
1444 1872 1562 1901 autem
1582 1863 1690 1902 verba
1710 1864 1824 1902 factus
1844 1871 1896 1903 est
1915 1878 2030 1904 sermo
2052 1866 2200 1904 Domini

1294 1922 1340 1960 ad
1356 1923 1488 1961 Abram
1508 1938 1572 1976 per
1585 1924 1760 1962 visionem
1772 1925 1900 1976 noctis,
1919 1925 2040 1965 dicens
2059 1943 2066 1964 :
2084 1929 2137 1966 Ne
2154 1927 2200 1966 ti-

1296 1996 1393 2022 meas
1406 1984 1552 2034 Abram,
1570 1998 1635 2037 cgo
1652 1995 1832 2038 protector
1846 1995 1931 2026 tuus
1945 2001 2026 2027 sum
2043 2003 2050 2025 :
2067 2002 2201 2028 merces

1295 2052 1356 2082 tua
1379 2044 1491 2082 multa
1512 2044 1579 2082 erit
1607 2045 1724 2083 valde.

1296 2168 1311 2204 1
1326 2198 1333 2205 .
1360 2166 1550 2205 Thesauro
1583 2166 1743 2219 cuipiam
1776 2167 1906 2206 similis
1937 2177 1989 2207 est
2019 2169 2198 2221 justorum

1239 2226 1370 2277 virtus,
1395 2227 1430 2266 in
1452 2242 1522 2279 quo
1539 2227 1705 2280 plurimae
1719 2237 1752 2267 et
1771 2229 1972 2268 ineffabiles
1991 2230 2129 2270 divitiae
2145 2246 2199 2271 re·

1239 2288 1454 2327 conduntur.
1482 2289 1574 2327 Nam
1594 2288 1687 2327 sicut
1715 2290 1779 2341 qui
1811 2304 1857 2329 ex
1878 2291 1942 2329 illo
1961 2292 2020 2330 vel
2047 2307 2197 2345 parvam

1237 2349 1430 2402 quamdam
1442 2359 1582 2402 partem
1597 2364 1723 2403 capere
1736 2360 1867 2404 potest,
1883 2352 2016 2390 multas
2032 2353 2100 2392 sibi
2112 2353 2197 2392 inde

1238 2420 1339 2464 parat
1352 2425 1436 2463 opes
1456 2426 1464 2447 :
1483 2410 1532 2448 ita
1554 2411 1695 2449 evenire
1716 2411 1752 2449 in
1769 2411 1967 2451 virtutihus
1982 2413 2195 2465 patriarchae

1237 2470 1502 2525 deprehendere
1519 2471 1602 2523 quis
1619 2481 1748 2524 potest.
1773 2471 1867 2511 Ecce
1882 2473 1955 2511 sere
1974 2473 2135 2524 quotidie
2149 2488 2195 2513 ex

1237 2534 1386 2573 historia
1407 2533 1483 2586 ejus
1501 2533 1606 2571 vobis
1625 2533 1826 2572 doctrinam
1841 2544 2091 2587 proponentes,
2110 2549 2192 2574 ma-

1237 2610 1306 2648 gna
1320 2595 1486 2647 largitate
1498 2594 1709 2632 convivium
1725 2595 1941 2647 praebemus,
1960 2604 1995 2633 et
2008 2595 2194 2647 hucusque

1236 2655 1396 2694 nondum
1412 2668 1563 2708 parvam
1580 2654 1757 2692 bonorum
1773 2654 1871 2693 illius
1887 2669 2037 2708 operum
2052 2666 2192 2708 partem

1234 2731 1398 2755 enarrare
1410 2716 1612 2768 potuimus:
1626 2714 1734 2753 tantis
1749 2715 1886 2754 scilicet
1900 2716 2060 2755 abundat
2074 2717 2190 2756 virtu-

1235 2778 1343 2816 tibus.
1365 2776 1413 2814 Et
1436 2776 1528 2814 sicut
1542 2789 1562 2813 a
1574 2776 1671 2814 fonte
1689 2775 1800 2827 largis
1819 2776 1950 2815 fluente
1967 2777 2068 2827 rivis,
2083 2779 2190 2818 etiam

1237 2839 1266 2877 si
1288 2852 1408 2877 omnes
1437 2836 1619 2884 hauriant,
1643 2850 1712 2874 non
1732 2836 1848 2875 solum
1878 2851 1950 2876 non
1971 2838 2191 2879 imminuun-

1235 2908 1295 2938 tur
1323 2899 1452 2938 fluenta
1473 2912 1492 2936 e
1509 2898 1605 2935 fonte
1624 2897 1818 2947 manantia,
1837 2897 1900 2936 sed
1915 2908 2048 2950 quanto
2069 2900 2190 2953 plures

1235 2970 1318 3000 sunt
1346 2961 1408 3012 qui
1433 2958 1516 2997 inde
1542 2959 1722 3007 hauriant,
1745 2967 1842 2997 tanto
1870 2961 1986 3013 major
2014 2976 2190 3012 aquarum

1235 3022 1291 3061 vis
1312 3020 1459 3059 scaturit
1480 3035 1487 3055 :
1507 3019 1554 3057 ita
1574 3019 1681 3057 ctiam
1700 3018 1736 3057 in
1756 3018 1967 3059 admirando
1986 3022 2188 3074 patriarcha

1237 3083 1315 3121 fieri
1342 3081 1516 3121 videmus.
1539 3079 1635 3127 Quot
1655 3079 1750 3118 enim
1777 3094 1823 3119 ex
1843 3081 1942 3120 illius
1958 3097 2036 3121 aevo
2054 3083 2101 3121 ad
2122 3084 2188 3121 hoc

138 3145 356 3196 πατριάρχου
379 3143 558 3196 γινόμενον
578 3143 747 3197 ὀψόμεθα.
769 3145 880 3183 Πόσοι
907 3145 974 3197 γὰρ
994 3145 1029 3190 ἐξ
1048 3139 1086 3183 οὗ
1106 3145 1167 3197 γέ-
1225 3157 1337 3195 usque
1357 3152 1495 3194 tempus
1523 3155 1569 3178 ex
1594 3141 1690 3179 sonte
1711 3140 1889 3180 bonorum
1914 3142 2014 3181 illius
2035 3158 2184 3196 operum

139 3221 216 3255 γονε
236 3205 341 3257 μέχρι
359 3209 419 3243 τοῦ
440 3205 608 3258 παρόντος
636 3208 674 3244 ἐκ
704 3207 766 3252 τῆς
794 3209 910 3257 πηγῆς
942 3208 1010 3244 τῶν
1043 3205 1165 3245 τούτου

1226 3205 1414 3255 hauriunt,
1440 3212 1472 3241 et
1490 3216 1557 3241 non
1579 3202 1694 3240 solum
1714 3202 1845 3242 fluenta
1861 3218 1930 3242 non
1946 3215 2182 3249 evacuarunt,

182 3318 195 3332 ¹
220 3317 275 3347 Τῆς
296 3314 462 3354 περιουσίας
486 3313 503 3347 ἡ
526 3314 633 3354 ἀρετή.
648 3308 751 3342 Saril.
769 3321 775 3340 :
796 3309 1008 3342 «Miseranda
1023 3309 1145 3354 liypnl-
1182 3308 1413 3344 festinantibus
1431 3306 1598 3346 excidere,
1619 3307 1824 3346 auctoribus,
1842 3309 1984 3342 librariis
2004 3325 2018 3339 n

140 3359 209 3403 lage
226 3372 286 3402 pro
303 3369 354 3398 τῆς
371 3366 478 3407 ἀρετῆς
501 3366 517 3399 ἠ
535 3367 698 3405 περιουσία.
715 3362 835 3394 Verum
852 3362 899 3395 sic
917 3361 1021 3395 solem
1043 3362 1145 3395 multa

1964 3407 2026 3444 28.

2219 1891 2360 1923 Gen.15.
2376 1900 2406 1922 Ι.
