2516 3791
657 210 701 239 IN
737 209 840 240 CAP.
882 209 963 240 vll.

54 294 114 334 καὶ
142 294 186 333 τὰ
218 293 390 344 ναυάγια,
417 293 476 331 καὶ
496 292 540 332 τὰ
559 291 662 345 θηρία
687 292 732 331 τὰ
762 291 854 331 κατὰ
883 292 1074 339 θάλασσαν,

54 355 113 394 καὶ
133 354 196 399 τὰς
215 357 283 393 τῶν
303 353 440 404 ἀνέμων
466 352 640 404 ἐμὸολὰς,
672 353 730 392 καὶ
756 353 834 397 τοὺς
853 354 1076 400 ἀπαλλήλους

53 418 246 469 χειμῶνας,
268 416 329 454 καὶ
348 414 540 467 ἀποτυχίας
559 414 756 467 (λογίζεται
776 415 890 465 μόνον,
912 415 1002 454 ἀλλὰ
1017 414 1077 453 καὶ

52 477 95 516 τὰ
112 477 200 528 μετὰ
214 476 254 515 τὸ
273 477 449 529 διαφυγεῖν
465 479 576 514 ταῦτα
595 476 852 528 προσγινόμενα
874 476 996 528 κέρδη,
1015 476 1073 514 καὶ

51 540 94 590 τῇ
114 538 230 577 ἐλπίδι
253 537 462 589 τρεφόμενος
483 537 622 575 ἅπαντα
645 539 722 587 μετ’
751 537 907 581 εὐκολίας
923 537 1074 575 καταδέ-

50 614 151 651 χεται
172 598 216 636 τὰ
236 598 457 651 προλαῧόντα
478 597 658 649 μοχθηρὰ,
676 597 732 635 ἵνα
752 597 895 637 πλείονα
922 597 1073 650 περιὸά-

52 662 156 707 ληται
184 660 369 712 χρήματα,
399 659 458 698 καὶ
480 658 587 702 οὕτως
606 658 723 697 οἴκαδε
751 659 936 710 ἐπανέλθῃ.
966 658 1038 696 Καὶ
1055 661 1074 696 ὁ

50 721 198 771 γηπόνος
220 721 256 760 δὲ
276 723 314 760 οὐ
342 719 420 763 τοὺς
446 719 537 758 κατὰ
554 719 618 767 τὴν
647 719 817 772 γεωργίαν
851 719 1000 770 μόχθους
1021 721 1072 757 ἐν·

49 789 118 820 νοεῖ
138 782 253 832 μόνον,
273 782 333 820 καὶ
350 781 412 824 τὰς
431 781 644 832 ἐπομὸρίας,
665 781 800 826 καὶτῆς
823 783 885 831 γῆς
901 779 962 826 τὴν
986 782 1072 818 ἀπο-

48 842 185 894 τυχίαν,
203 842 263 880 καὶ
286 845 347 888 τῆς
374 841 538 894 ἐρυσίόης
558 840 621 887 τὴν
644 840 776 892 ἔφοδον,
797 840 855 878 καὶ
880 843 949 878 τῶν
967 840 1072 893 ἀκρί-

49 904 116 941 δων
142 901 205 950 τὴν
229 903 355 954 λύμην,
380 902 470 940 ἀλλὰ
490 901 550 940 καὶ
570 901 632 947 τὴν
652 902 726 941 ἅλω
742 901 803 939 καὶ
818 900 862 939 τὰ
885 900 1071 952 δράγματα

48 964 256 1016 ὑπογράφων
276 970 346 1007 τοῖς
368 965 549 1014 λογισμοῖς
563 992 573 1010 ,
602 962 740 1000 ἅπαντα
760 962 855 1014 φέρει
880 962 1046 1014 γενναίως
1059 993 1069 1008 ,

46 1025 208 1076 οὐδεμίαν
227 1029 295 1063 τῶν
319 1024 432 1064 πόνων
456 1023 615 1070 αἴσθησιν
630 1024 822 1073 λαμὸάνων
840 1023 897 1061 διὰ
918 1023 981 1070 τὴν
1001 1025 1070 1061 τῶν

46 1088 209 1139 χρηστῶν
245 1085 455 1139 προσδοκίαν
469 1114 478 1131 ,
519 1084 632 1123 καίτοι
673 1085 801 1131 ἀδήλου
834 1087 897 1131 τῆς
931 1085 1070 1128 ἐλπίδος

46 1147 168 1195 οὔσης,
188 1149 264 1186 ἀλλ’
283 1147 376 1197 ὅμως
395 1153 470 1190 ταῖς
488 1145 739 1199 γ’ρηστοτέραις
759 1145 876 1184 ἐλπίσι
894 1146 1068 1198 τρεφόμε-

45 1224 117 1254 νος,
142 1211 203 1248 οὐκ
230 1209 440 1260 ἀπαγορεύει
468 1209 552 1262 πρὸς
570 1207 648 1251 τοὺς
667 1207 806 1256 πόνους,
835 1207 926 1246 ἀλλὰ
952 1209 1068 1248 πάντα

44 1271 89 1310 τὰ
103 1273 186 1323 παρ’
206 1273 328 1309 ἑαυτοῦ
344 1270 492 1324 εἰσφέρει
506 1300 516 1319 ,
537 1269 717 1320 ἀναμένων
734 1272 802 1307 τῶν
817 1269 930 1308 πόνων
947 1271 1066 1309 λαὸεῖν

44 1332 106 1376 τὰς
125 1332 286 1382 ἀμοιὸάς.
305 1331 374 1370 Καὶ
386 1335 404 1370 ὁ
419 1331 636 1383 στρατιώτης
657 1331 692 1369 δὲ
716 1330 822 1369 πάλιν
851 1331 942 1369 ὅπλα
970 1347 1068 1384 περι-

44 1392 198 1439 τίθεται,
228 1392 287 1430 καὶ
314 1393 359 1435 εἷς
386 1393 444 1430 τὸν
462 1392 614 1441 πόλεμον
634 1392 762 1436 ἔξεισι,
784 1391 844 1430 καὶ
872 1393 933 1430 οὐκ
960 1395 1068 1431 ἐννοεῖ

44 1455 145 1504 μόνον
165 1455 208 1493 τὰ
236 1454 421 1506 τραύματα
454 1454 514 1492 καὶ
538 1454 600 1497 τὰς
627 1454 780 1506 σφαγὰς,
811 1454 871 1492 καὶ
906 1454 967 1498 τὰς
996 1458 1064 1494 τῶν

42 1516 218 1566 πολεμίων
237 1515 377 1568 ἐφόδους
392 1545 402 1563 ,
418 1515 477 1553 καὶ
496 1515 558 1558 τὰς
571 1515 679 1559 ἄλλας
695 1515 933 1568 ταλαιπωρίας
945 1546 954 1564 ,
975 1517 1066 1557 ἀλλὰ

42 1575 105 1622 τὴν
126 1576 224 1623 νίκην
251 1576 310 1615 καὶ
333 1575 377 1614 τὰ
401 1576 554 1628 τρόπαια
583 1579 694 1628 ἑαυτῷ
725 1577 949 1630 ὑπογράφων,
975 1577 1066 1616 οὕτω

42 1636 105 1684 τὴν
124 1641 193 1676 τῶν
209 1638 324 1677 ὅπλων
340 1637 551 1689 παντευχίαν
570 1637 819 1689 περιὸάλλεται
832 1668 842 1686 ,
868 1639 928 1676 καὶ
954 1643 969 1660 ³
981 1641 1067 1687 ἀδη-

42 1697 119 1742 λίας
146 1701 279 1745 πολλῆς
308 1699 413 1745 οὔσης
442 1698 502 1737 καὶ
531 1698 742 1751 ἀποτυχίας,
769 1700 886 1738 πάντα
911 1704 1066 1740 τοιοῦτον

43 1760 273 1810 ἀπωσάμενος
299 1759 479 1812 λογισμὸν,
508 1759 568 1798 καὶ
596 1760 754 1812 χρηστὰς
784 1761 928 1805 ἐλπίδας
954 1764 1067 1815 ἑαυτῷ

44 1821 268 1873 ὑπογράφων,
294 1820 408 1858 πάντα
433 1821 531 1859 ὄκνον
557 1820 781 1867 ἀποτίθεται,
807 1821 866 1859 καὶ
884 1822 1003 1860 Mean
1022 1822 1067 1860 τὰ

42 1881 134 1920 ὅπλα
155 1881 240 1933 πρὸς
268 1881 330 1928 τὴν
357 1885 427 1919 τῶν
456 1881 634 1932 πολεμίων
661 1881 857 1933 παράταξιν
888 1885 994 1936 ὁρμᾷ.
1022 1885 1066 1922 Ei

40 1942 167 1988 τοίνυν,
203 1942 399 1993 ἀγαπητοὶ,
430 1943 490 1980 καὶ
521 1943 691 1994 ἔμπορος,
722 1943 782 1981 καὶ
809 1943 980 1996 γηπόνος,
1007 1945 1066 1983 καὶ

42 2002 276 2053 στρατιώτης,
296 2003 376 2041 ἔνθα
397 2003 457 2040 καὶ
478 2003 604 2050 ἄδηλος
620 2006 641 2049 ἡ
660 2004 775 2052 ἐλπὶς,
796 2004 855 2042 καὶ
874 2005 1063 2057 ἀποτυχίαι

40 2063 200 2110 πλείους,
230 2063 288 2101 καὶ
327 2063 371 2101 τὰ
412 2063 606 2115 κωλύματα
620 2092 630 2110 ,
667 2065 827 2116 καθάπερ
871 2066 1064 2114 ἠκούσατε,

40 2123 153 2161 πολλὰ
175 2125 233 2161 καὶ
255 2123 420 2176 διάφορα,
439 2124 499 2162 καὶ
521 2124 617 2175 ὅμως
637 2125 748 2169 οὐδεὶς
774 2124 903 2164 τούτων
923 2128 1062 2178 ἀπαγο-

40 2183 146 2234 ρεύων
169 2185 254 2237 πρὸς
276 2184 353 2229 τοὺς
378 2186 502 2229 πόνους
533 2186 723 2238 ἀφίσταται
740 2189 803 2232 τῆς
822 2187 1062 2240 χρηστοτέρας

39 2245 196 2292 ἐλπίδος,
218 2245 320 2290 ποίας
346 2246 385 2283 ἂν
405 2250 508 2297 ἡμεῖς
539 2246 747 2298 συγγνώμης
774 2246 939 2300 τύχοιμεν
972 2250 1063 2287 ἀπο-

38 2309 195 2350 κνοῦντες
210 2306 294 2359 πρὸς
310 2306 372 2353 τὴν
394 2307 532 2359 ἀρετὴν,
552 2307 612 2345 καὶ
630 2307 708 2359 οὐχὶ
733 2307 850 2346 πάντα
869 2308 973 2347 πόνον
999 2312 1063 2348 αὐ-

37 2367 197 2416 τομάτως
226 2367 518 2419 καταδεχόμενοι,
545 2367 654 2412 οὕτως
677 2371 854 2422 ἀσφαλοῦς
875 2369 980 2416 οὔσης
1001 2373 1063 2417 τῆς

39 2427 188 2473 ἐλπίδος,
202 2428 260 2465 καὶ
277 2427 450 2466 τισούτων
468 2429 707 2479 ἀποκειμένων
724 2434 809 2480 ιἡμῖν
822 2434 891 2469 τῶν
910 2433 1062 2482 ἀγαθῶν,

38 2487 98 2526 καὶ
118 2487 205 2539 μετὰ
222 2490 353 2534 πολλῆς
369 2492 431 2535 -τῆς
450 2489 650 2541 περιουσίας
665 2490 818 2538 νικώσης
835 2494 897 2538 τῆς
912 2494 1064 2544 ἀμοιὸἦς

37 2549 152 2587 πάντα
184 2549 227 2587 τὰ
255 2548 340 2601 παρ’
358 2552 460 2600 ἡμῶν
489 2550 673 2601 γινόμενα,
705 2551 829 2591 Ἄκουε
863 2554 974 2593 τοίνυν
1003 2561 1064 2595 τοῦ

39 2609 212 2663 μακαρίου
232 2610 374 2649 Παύλου
391 2610 550 2662 λέγοντος
574 2611 664 2662 μετὰ
687 2613 859 2658 τοσαύτας
880 2616 940 2654 καὶ
960 2619 1063 2665 τηλι-

38 2670 167 2714 καύτας
185 2671 315 2723 θλίψεις
326 2703 335 2719 ,
351 2672 411 2710 καὶ
429 2671 491 2715 τὰς
511 2673 703 2725 ἀπαγωγὰς
715 2704 724 2722 ,
740 2675 799 2713 καὶ
820 2675 864 2714 τὰ
884 2677 1060 2729 δεσμωτή·

41 2745 115 2782 ρια,
130 2732 189 2769 καὶ
209 2732 286 2775 τοὺς
305 2733 470 2777 θανάτους
495 2732 574 2777 τοὺς
593 2736 864 2789 καθημερινούς·
884 2740 962 2777 Οὐκ
983 2740 1063 2784 ἄξια

38 2790 82 2828 τὰ
101 2791 295 2842 παθήματα
322 2798 381 2831 τοῦ
407 2798 462 2832 ν’ὗν
498 2797 620 2846 καιροῦ
655 2797 741 2849 πρὸς
769 2798 833 2845 τὴν
866 2800 1062 2850 μέλλουσαν

39 2850 139 2895 δόξαν
172 2855 458 2906 ἀποκαλυφθῆναι
482 2855 529 2898 εἷς
552 2859 659 2906 ἡμᾶς.
685 2857 760 2896 Κᾶν
796 2862 873 2898 καθ’
909 2862 1061 2909 ἑκάστην

38 2911 186 2965 ἡμέραν,
219 2914 322 2965 φησὶ,
349 2914 507 2958 θανάτοις
540 2916 681 2962 ἑαυτοὺς
711 2920 881 2971 ἕκδῶμεν,
914 2921 1000 2974 ὅπερ
1039 2927 1060 2969 ἡ

38 2972 136 3024 φύσις
154 2975 192 3012 οὐ
216 2975 375 3027 δέχεται,
395 2977 425 3014 εἷ
447 2976 507 3014 καὶ
525 2979 547 3023 ἡ
564 2977 688 3030 γνώμη
714 2983 848 3020 νικῶσα
875 2982 940 3028 τὴν
959 2983 1062 3035 φύσιν

39 3032 95 3071 διὰ
125 3033 188 3081 τὴν
220 3041 279 3075 τοῦ
312 3038 491 3076 Δεσπότου
519 3040 780 3094 φιλανθρωπίαν
812 3049 1057 3096 στεφανοῦται,

38 3094 133 3132 οὐδὲν
155 3096 246 3140 ἄξιον
266 3098 485 3149 ὑπομένομεν
505 3101 574 3137 τῶν
595 3102 792 3151 μελλόντων
814 3108 930 3155 ἡμᾶς,
952 3107 1059 3158 φησὶ,

40 3156 257 3208 διαδέχεσθαι
274 3161 343 3197 τῶν
363 3162 514 3212 ἀγαθῶν,
537 3162 596 3200 καὶ
621 3166 684 3209 τῆς
704 3165 803 3212 δόξης
830 3169 892 3212 τῆς
913 3168 1060 3218 μελλού-

38 3231 101 3264 σης
122 3219 427 3259 ἀποκαλύπτεσθαι
442 3223 489 3264 εἷς
504 3225 610 3273 ἡμᾶς.
629 3223 727 3276 “Όρα
748 3225 853 3264 πόσον
874 3229 936 3273 τῆς
960 3229 1060 3276 δόξης

80 3336 92 3350 ·
114 3330 215 3366 Savil.
231 3340 265 3365 et
279 3343 335 3365 sex
351 3334 425 3367 Mss.
446 3339 608 3378 λογΙζιτ-αι-
626 3337 741 3370 Morel.
759 3343 980 3383 ἀναλογίζεται.

81 3392 95 3407 ³
119 3381 179 3415 Alii
196 3387 299 3424 ἀηδίας
317 3385 440 3428 [sax-il.
464 3386 496 3419 in
522 3399 626 3431 marg.
643 3400 660 3421 e
678 3401 747 3423 var.
765 3390 840 3424 tect.
860 3400 955 3429 ›cairo‹
981 3402 1039 3433 ἀη-

1002 208 1087 239 GEN
1097 207 1164 238 sss.

1085 508 1116 532 24

2009 199 2100 245 283

1147 305 1218 330 non
1237 291 1393 330 marinas
1411 290 1567 342 belluas,
1586 303 1656 331 non
1670 300 1859 331 ventorum
1875 292 2052 344 incursus,
2071 305 2103 333 et

1147 353 1333 392 continuas
1352 362 1592 402 tempestates,
1611 362 1645 392 et
1664 354 1776 391 multa
1794 353 1986 392 infortunia
2008 357 2104 407 cogi-

1148 423 1198 452 tat
1218 415 1354 463 solum,
1373 414 1435 453 sed
1456 414 1564 453 etiam
1582 414 1680 453 lucra
1700 414 1771 454 sibi
1789 415 2000 462 obventura,
2021 430 2103 454 cum

1118 507 1133 531 ²
1149 476 1208 514 illa
1234 477 1399 527 ess'ugerit
1430 492 1437 513 :
1469 491 1602 529 speque
1619 477 1751 528 fultus,
1773 492 1895 516 omnes
1915 477 2105 530 praedictas

1098 544 1121 572 Δ
1146 551 1320 575 aerumnas
1336 538 1439 575 i'acile
1452 538 1603 590 excipit,
1623 547 1660 575 ut
1675 539 1788 576 auctis
1803 538 1932 591 opibus
1946 539 2020 577 suis
2037 540 2104 578 do-

1146 611 1245 635 mum
1259 597 1390 636 redeat.
1407 598 1454 636 Et
1468 599 1621 649 agricola
1637 613 1705 636 non
1721 600 1948 650 agricultura}
1964 609 2104 640 tantum

1142 657 1281 695 labores
1303 658 1456 709 cogitat,
1475 668 1509 696 et
1527 659 1678 705 imbres,
1695 669 1729 696 et
1744 669 1846 698 terrae
1861 661 2100 712 sterilitatem,

1142 732 1182 756 ac
1201 719 1379 769 rubiginis
1400 719 1583 757 incursum
1599 749 1608 766 ‚
1637 720 1926 772 locustarumquc
1944 722 2074 761 damna
2091 754 2100 772 ,

1140 779 1201 817 sed
1220 789 1253 817 et
1270 793 1387 817 aream
1407 789 1440 818 et
1463 779 1664 832 manipulos
1685 780 1804 818 animo
1826 796 1945 819 seeum
1964 782 2101 822 ‹leseri-

1140 840 1238 889 bcns,
1259 841 1398 879 fortiter
1415 842 1483 879 fert
1498 841 1632 891 omnia,
1650 851 1683 879 et
1698 856 1772 894 prae
1787 843 1963 881 bonorum
1977 860 2100 897 exspe-

1140 901 1293 940 ctatione
1312 917 1425 953 neque
1452 903 1590 941 labores
1605 903 1710 941 sentit
1736 919 1759 945 :,
1772 904 1938 954 quamvis
1958 905 2100 945 incertae

1139 980 1218 1019 spes
1237 967 1329 1017 sint,
1353 977 1595 1006 verumtamen
1616 983 1678 1021 spe
1697 969 1835 1007 meliori
1850 970 2021 1022 pascitur,
2037 985 2101 1010 nec

1139 1029 1318 1067 renuntiat
1336 1029 1534 1079 laboribus,
1551 1030 1613 1068 sed
1632 1030 1750 1068 omnia
1769 1045 1849 1082 quae
1870 1031 1916 1070 ad
1934 1047 1972 1070 se
1987 1034 2100 1085 perti-

1139 1099 1222 1128 nent
1243 1091 1410 1140 asferens,
1430 1101 1611 1144 exspectat
1643 1101 1680 1130 ut
1709 1092 1903 1144 aliquando
1934 1094 2098 1133 laborum

1138 1152 1288 1205 accipiat
1309 1153 1499 1192 mercedes.
1521 1154 1569 1192 Et
1585 1154 1687 1192 miles
1704 1168 1846 1206 quoque
1868 1155 1928 1206 qui
1948 1156 2100 1194 assumit

1137 1226 1234 1250 arma
1247 1243 1256 1261 ,
1276 1222 1310 1251 et
1330 1214 1364 1251 in
1385 1214 1551 1266 praelium
1570 1214 1769 1266 egreditur,
1786 1229 1855 1253 non
1872 1216 2002 1268 cogitat
2017 1218 2099 1255 vul—

1137 1287 1219 1312 nera
1231 1283 1382 1320 tantum,
1393 1275 1520 1324 caedes,
1531 1285 1564 1314 et
1577 1276 1735 1314 hostium
1748 1276 1928 1327 incursus,
1937 1277 2098 1329 aliasque

1136 1348 1327 1385 aerumnas,
1345 1335 1407 1373 sed
1423 1336 1530 1375 etiam
1550 1337 1732 1385 victorias,
1754 1347 1788 1376 et
1803 1338 2005 1391 triumphos
2025 1339 2096 1377 sibi

1133 1396 1361 1449 praefingens,
1380 1398 1477 1436 omni
1492 1408 1673 1437 armatura
1690 1413 1725 1437 se
1741 1399 1875 1449 munit,
1892 1409 1925 1438 et
1941 1414 2024 1438 cum
2040 1400 2095 1439 in-

1133 1467 1249 1496 certus
1271 1458 1374 1497 valde
1385 1459 1430 1497 sit
1442 1459 1576 1509 exitus,
1593 1469 1626 1498 et
1640 1459 1769 1498 damna
1786 1460 1996 1499 immineant
2009 1491 2019 1510 ,
2036 1476 2094 1500 re·

1134 1517 1248 1569 pulsis
1270 1518 1314 1557 iis
1333 1520 1500 1558 omnibus
1522 1535 1568 1558 ex
1586 1520 1704 1559 animo
1717 1551 1728 1571 ,
1751 1535 1792 1559 ac
1809 1521 1903 1559 bona
1922 1535 1985 1574 spe
2004 1535 2093 1574 pro-

1133 1580 1246 1631 posita
1260 1610 1269 1629 ,
1284 1581 1386 1633 ponit
1400 1595 1541 1620 omnem
1555 1591 1754 1634 torporem,
1771 1591 1804 1620 et
1817 1583 1970 1635 acceptis
1984 1583 2094 1621 armis

1134 1649 1255 1678 contra
1266 1641 1424 1679 hostium
1443 1643 1555 1680 aciem
1570 1652 1750 1695 properat.
1768 1643 1899 1694 Igitur,
1915 1644 2050 1694 dilecti,
2063 1644 2094 1683 si

1134 1700 1346 1752 negotiator,
1354 1711 1387 1740 et
1397 1703 1512 1752 miles,
1522 1712 1556 1741 et
1566 1703 1733 1755 agricola,
1745 1703 1805 1741 ubi
1815 1713 1849 1741 et
1859 1704 1868 1741 i
1873 1714 1990 1743 ncerta
2001 1720 2094 1758 spes,

1135 1769 1167 1797 et
1183 1760 1304 1812 plures
1319 1762 1579 1812 frustrationes,
1594 1773 1702 1814 atque
1720 1763 1988 1816 impedimenta,
2002 1766 2095 1805 sicut

1134 1821 1298 1872 audistis,
1317 1823 1430 1861 multa
1446 1833 1478 1861 et
1492 1825 1606 1872 varia,
1621 1839 1690 1862 non
1706 1825 1753 1863 ita
1769 1826 1979 1865 reformidat
1993 1827 2094 1866 labo-

1133 1895 1200 1931 res,
1214 1891 1252 1919 ut
1265 1897 1284 1920 a
1301 1884 1441 1922 meliori
1456 1894 1641 1936 propterea
1656 1899 1717 1938 spe
1730 1885 1876 1924 desistat
1892 1903 1899 1923 ε
1918 1888 2015 1938 quali
2030 1903 2093 1927 nos

1087 1953 1110 1984 c
1133 1943 1234 1980 venia
1252 1943 1351 1995 digni
1373 1945 1505 1982 erimus
1524 1945 1572 1982 ita
1596 1945 1813 1996 negligentes
1835 1947 1881 1985 ad
1904 1962 2092 2001 capessen-

1131 2002 1214 2041 dam
1235 2005 1428 2053 virtutcm,
1455 2014 1489 2043 et
1515 2020 1584 2044 non
1615 2021 1757 2044 omnem
1782 2007 1941 2046 laborem
1969 2019 2094 2061 sponte

1131 2065 1340 2115 subcuntes,
1356 2080 1438 2104 cum
1452 2075 1523 2103 tam
1538 2081 1661 2104 secura
1674 2077 1794 2106 nostra
1811 2083 1890 2120 spes
1903 2070 1966 2118 sit,
1983 2079 2093 2109 tanta-

1131 2139 1199 2176 que
1214 2125 1306 2164 bona
1323 2126 1425 2164 nobis
1444 2127 1615 2178 reposita,
1635 2141 1677 2165 ac
1695 2128 1841 2180 praemia
1862 2138 1895 2167 et
1911 2130 2092 2169 mercedes

1129 2186 1247 2225 omnia
1261 2201 1338 2238 quae
1350 2202 1370 2225 a
1382 2187 1484 2225 nobis
1499 2196 1591 2225 recte
1605 2197 1776 2239 geruntur
1789 2189 1911 2227 multis
1926 2191 2092 2242 partibus

1128 2249 1317 2300 superent?>
1334 2248 1430 2287 Audi
1445 2249 1556 2301 igitur
1570 2248 1714 2287 beatum
1729 2251 1898 2301 Paulum,
1916 2261 1996 2304 post
2011 2262 2092 2291 tan-

1128 2317 1180 2347 tas
1192 2318 1225 2348 et
1237 2310 1324 2347 tales
1341 2309 1563 2357 afflictiones,
1579 2319 1613 2348 et
1627 2310 1673 2348 ad
1687 2312 1883 2350 tribunalia
1901 2313 2092 2353 abductio-

1129 2385 1204 2420 ncs,
1220 2380 1251 2409 et
1266 2385 1437 2425 carce1·eS‚
1457 2380 1490 2410 et
1505 2380 1635 2410 mortes
1650 2372 1877 2424 quotidianas
1893 2373 2088 2413 dicentem:

1203 207 1361 239 nomn„
1400 209 1490 239 XXV
1502 228 1511 238 .

1130 2434 1222 2473 Non
1238 2441 1328 2471 sunt
1343 2434 1545 2486 condignoe
1563 2437 1764 2485 passiones
1781 2438 1983 2485 praesentis
2000 2444 2091 2473 tem-
2104 2453 2192 2482 Rom.
2205 2451 2290 2482 3,,3,

1127 2498 1233 2546 poris
1241 2495 1476 2548 adfuturam
1483 2496 1651 2547 gloriam
1659 2497 1700 2532 in
1710 2497 1817 2533 nohis
1825 2496 2090 2535 revelandam.

1132 2555 1283 2594 Etiamsi
1316 2555 1496 2606 quotidie,
1524 2555 1659 2606 inquit,
1686 2555 1791 2593 morti
1813 2570 1876 2593 nos
1898 2569 2092 2608 exponere-

1131 2631 1226 2667 mus,
1249 2616 1286 2654 id
1302 2615 1399 2667 quod
1419 2625 1545 2653 natura
1569 2630 1637 2653 non
1658 2616 1774 2667 capit,
1798 2616 1882 2653 lieet
1901 2630 1998 2654 mens
2014 2617 2093 2655 vin-

1085 2687 1110 2717 D
1132 2693 1211 2717 cens
1226 2687 1390 2716 naturam
1402 2707 1412 2726 ,
1430 2692 1493 2729 per
1507 2676 1765 2727 benignitatem
1782 2677 1927 2715 Domini
1946 2691 2091 2717 corone-

1131 2749 1204 2788 tur,
1227 2739 1337 2785 nihil,
1357 2738 1486 2789 inquit,
1504 2738 1678 2775 ferremus
1698 2752 1762 2790 par
1790 2739 1908 2783 tantis,
1929 2753 2008 2789 quae
2027 2754 2090 2778 nos

1130 2809 1336 2853 accepturos
1356 2812 1555 2851 speramus,
1576 2798 1691 2845 bonis,
1720 2798 1913 2849 gloriaeque
1930 2800 1964 2837 in
1986 2800 2090 2838 nobis

1131 2860 1342 2900 revelandae.
1378 2859 1473 2899 Vide
1510 2868 1640 2909 quauta
1681 2859 1803 2910 gloriae
1843 2860 2090 2912 magnitudine

1130 2925 1296 2962 fruantur
1312 2921 1456 2959 virtutis
1470 2920 1608 2958 assecla:
1621 2951 1630 2965 ‚
1650 2921 1697 2958 ita
1718 2929 1757 2958 ut
1776 2921 1836 2959 illa
1855 2922 1967 2973 gloria
1983 2937 2087 2975 supe-

1129 2994 1182 3023 ret
1213 2984 1330 3023 omnia
1365 2996 1598 3033 quaecumque
1619 2981 1788 3020 exhibere
1817 2983 1896 3033 quis
1922 2984 2053 3036 poterit
2076 3000 2083 3021 ε

1129 3046 1267 3084 etiamsi
1287 3044 1381 3082 enim
1404 3043 1450 3081 ad
1473 3043 1611 3080 culmen
1635 3042 1804 3094 attingat,
1829 3052 1917 3083 ⁴tunc
1947 3060 2088 3097 quoque

1131 3107 1276 3145 inferior
1296 3106 1373 3143 crit.
1395 3104 1491 3151 Quid
1513 3103 1608 3141 enim
1628 3112 1765 3142 tantum
1786 3105 1956 3144 exhibere
1975 3117 2086 3159 potest

1132 3169 1260 3214 homo,
1293 3165 1387 3217 quod
1419 3173 1525 3203 certet
1559 3178 1639 3201 cum
1671 3165 1816 3203 Domini
1846 3167 2085 3206 liberalitate?

1130 3229 1235 3278 Quod
1256 3228 1284 3267 si
1300 3226 1431 3265 Paulus
1446 3225 1527 3263 talis
1542 3233 1575 3263 et
1589 3233 1709 3263 tantus
1722 3225 1878 3274 dicebat,
1894 3229 1983 3266 Non
1996 3238 2086 3266 sunt

1078 3344 1167 3386 3i2;.]
1187 3340 1278 3375 Infra
1294 3339 1408 3373 Morel.
1429 3345 1502 3383 πρὸς
1518 3345 1572 3378 τὴν
1585 3348 1642 3373 τῶν
1659 3344 1809 3383 πολεμίων
1825 3347 2004 3386 παράταξιν.
2023 3342 2086 3375 Sa-

1077 3395 1132 3427 vil.
1146 3402 1199 3434 τήν
1212 3403 1269 3428 τῶν
1284 3396 1433 3434 πολεμίων
1449 3393 1561 3436 Preiou-
1576 3390 1636 3424 Alii
1654 3398 1707 3430 τήν
1723 3400 1782 3426 τῶν
1794 3396 1944 3435 πολεμίων
1958 3396 2082 3431 πληθὺν.
