2516 3791
685 255 726 286 IN
767 256 867 287 (131¹.
909 258 1050 288 XLVII.

92 338 297 387 διακονίαις,
321 338 369 390 μὴ
400 338 463 385 τὴν
487 339 646 385 δαπάνην
674 339 934 391 “λογιζόμενοι,
962 340 1052 379 ἀλλὰ
1078 341 1118 379 τὸ

91 401 208 453 κέρδος
222 400 282 437 καὶ
301 399 364 446 τὴν
380 398 551 451 πρόσοδον
570 398 634 446 τὴν
652 401 807 438 ἐντεῦθεν
826 400 1049 451 τικτομένην.
1073 402 1118 440 Εἰ

88 461 154 513 γὰρ
170 460 342 513 ἀνθρώπῳ
360 459 426 498 τινὶ
445 461 515 497 τῶν
528 459 770 512 ὑπερεχόντων
789 462 824 498 ἐν
846 461 1021 512 ἀξιώμασι
1038 464 1118 513 βιω·

87 527 193 565 τικοίς
227 519 460 572 οἰκειούμενόν
495 536 574 558 τινα
599 520 832 571 θεασοίμεθα,
868 528 986 560 πᾶσαν
1017 526 1118 573 θερα-

83 582 184 622 πείαν
198 585 247 626 εἷς
267 583 370 620 αὐτὸν
389 582 649 620 ἐπιδείκνυσθαι
668 582 922 633 σπουδάζομεν,
957 585 1116 621 ἐννοοῦν-

86 659 141 688 τες
171 643 224 682 ὅτι
258 643 303 682 τὰ
334 646 382 686 εἷς
402 645 531 682 ἐκεῖνον
561 643 726 694 γινόμενα
758 645 806 686 εἷς
837 644 894 682 τὸν
915 643 1116 695 προστάτην

86 704 291 752 διαδήσεται
329 704 386 742 τὸν
421 705 525 743 αὐτοῦ
541 733 551 750 ,
589 704 649 742 καὶ
686 704 741 743 ὅτι
779 704 907 747 ἐκεῖνος
946 703 1117 756 γνωρίσας

85 765 229 818 ἐκείνῳ,
264 766 300 805 ὃν
329 765 530 818 προστάτην
563 764 814 818 ἐπιγράφεται,
848 763 1005 807 πλείονος
1032 768 1118 815 ἡμῖν
1143 775 1167 805 Β

84 827 284 864 ἀπολαῦσαι
313 826 577 880 παρασκευάσει
608 829 672 872 τῆς
704 828 788 877 παρ’
827 827 931 863 αὐτοῦ
965 824 1116 869 εὐνοίας·

83 889 204 940 πολλῷ
241 889 373 938 μᾶλλον
407 887 465 925 ἐπὶ
494 889 554 924 τοῦ
580 886 760 925 Δεσπότου
794 889 862 924 τῶν
894 885 984 924 ὅλων
1015 889 1117 925 τοῦτο

83 948 192 986 ἔσται.
226 951 269 987 Εἰ
300 948 366 1000 γὰρ
383 977 392 995 ,
421 947 480 985 καὶ
500 947 646 985 ἐπὶτῶν
679 947 857 999 τυχόντων
886 947 945 984 καὶ
974 946 1032 985 ἐπὶ
1052 950 1115 994 τῆς

81 1012 209 1061 ἀγορᾶς
226 1008 444 1062 ε’ῤῥιμμένων
462 1010 491 1046 εἰ
513 1007 713 1052 ἐπεδείξατό
729 1008 782 1052 τίς
800 1024 878 1046 τινα
899 1009 1112 1061 φιλοφροσύ-

81 1086 142 1116 νην
158 1069 218 1108 καὶ
246 1069 477 1120 συμπάθειαν,
494 1068 727 1119 οἰκειούμενος
752 1068 797 1106 τὰ
819 1068 990 1121 γενόμενα
1007 1073 1025 1108 ὑ
1044 1072 1114 1108 Δε-

82 1130 212 1178 σπότης
237 1129 491 1181 ε’παγνέλλεται
512 1131 560 1173 εἷς
577 1128 640 1176 τὴν
668 1129 849 1181 βασιλείαν
867 1129 1017 1181 εἰσάγειν
1036 1131 1113 1176 τοὺς

81 1192 208 1244 ἀγαθόν
223 1208 257 1230 τι
276 1194 323 1235 εἰς
340 1191 488 1235 ἐκείνους
503 1191 770 1243 εἰργασμένους,
790 1191 849 1229 καὶ
865 1192 972 1243 ἐρεῖν·
1001 1194 1111 1231 Δεῦτε

80 1255 111 1291 οἱ
134 1253 360 1305 εὐλογημένοι
391 1256 450 1290 τοῦ
482 1252 622 1304 Πατρός
649 1269 714 1303 μου
732 1283 741 1300 ,
763 1252 818 1290 ὅτι
844 1252 1033 1303 ἐπείνασα,
1053 1254 1113 1292 καὶ

80 1314 235 1354 ἐδώκατέ
269 1331 327 1366 μοι
361 1320 506 1367 φαγεῖν·
540 1316 661 1367 πολλῷ
696 1315 829 1365 μᾶλλον
855 1313 934 1359 τοὺς
965 1315 1023 1354 διὰ
1053 1316 1112 1354 τὸν

80 1377 172 1416 Θεὸν
193 1375 416 1427 θλιὸομένους
431 1406 442 1423 ,
459 1375 519 1414 καὶ
537 1374 710 1428 ἱερωσύνῃ
737 1375 991 1427 τετιμημένους
1011 1379 1042 1414 εἰ
1061 1380 1114 1415 θε-

82 1436 266 1489 ραπεύσειέ
290 1452 365 1484 τις,
400 1437 439 1474 οὐ
474 1439 537 1483 τῆς
573 1435 747 1482 τοσαύτης
781 1435 1020 1475 ἀπολαύσεται
1049 1441 1112 1485 τῆς

80 1497 256 1549 ἀμοιὸἧς,
288 1496 380 1535 ἀλλὰ
415 1497 719 1545 πολυπλασίονος,
757 1499 818 1534 τοῦ
865 1497 1112 1550 φιλανθρώπου

79 1560 171 1598 Θεοῦ
199 1560 238 1596 ἐκ
258 1560 388 1597 πολλοῦ
415 1561 475 1596 τοῦ
494 1557 672 1610 περιόντος
692 1560 858 1602 νικῶντος
883 1558 938 1596 ἀεὶ
957 1558 1002 1597 τὰ
1025 1562 1109 1612 παρ’

78 1622 178 1670 ἡμῶν
207 1620 385 1672 γινόμενα.
420 1620 482 1667 Μὴ
517 1620 632 1658 τοίνυν
663 1619 839 1672 γινώμεθα
871 1621 1008 1675 χείρους
1042 1625 1112 1661 τῶν

79 1680 249 1728 ἀπίστων,
263 1685 332 1720 τῶν
355 1682 411 1720 διὰ
428 1681 491 1729 τὴν
511 1682 591 1733 περὶ
610 1681 655 1720 τὰ
674 1682 801 1721 εἴδωλα
821 1683 958 1731 πλάνην
977 1684 1029 1722 ἔτι
1052 1685 1112 1722 καὶ

79 1742 249 1790 τοσαύτην
271 1743 457 1798 θεραπείαν
484 1743 775 1794 ἐπιδεικνυμένων
806 1745 886 1797 περὶ
916 1744 994 1789 τοὺς
1026 1746 1110 1784 τού-

80 1819 147 1842 των
181 1805 420 1857 θεραπευτάς·
454 1805 530 1842 ἀλλ’
556 1803 621 1850 ὅση
651 1807 673 1851 ἡ
706 1805 854 1858 διαφορὰ
881 1809 944 1853 τῆς
976 1807 1111 1855 πλάνης

78 1865 162 1917 πρὸς
181 1865 244 1913 τὴν
261 1866 441 1914 ἀλήθειαν,
460 1866 519 1903 καὶ
538 1867 606 1903 τῶν
624 1865 763 1904 ἐκείνων
780 1866 899 1918 ἱερέων
921 1867 1007 1920 πρὸς
1030 1868 1111 1912 τοὺς

77 1930 137 1966 τοῦ
156 1928 249 1966 Θεοῦ
269 1930 392 1979 ἱερεῖς,
414 1927 587 1973 τοσαύτην
608 1927 778 1981 διαφορὰν
796 1928 856 1965 καὶ
876 1928 957 1982 περὶ
977 1929 1039 1977 τὴν
1060 1946 1111 1968 τι·

77 1988 148 2038 μὴν
176 1987 447 2039 ἐπιδειξώμεθα,
481 1988 538 2026 ἵνα
564 1987 852 2033 ὶιπολυπλασίους
887 1989 949 2034 τὰς
979 1991 1109 2030 ἄνωθεν

77 2048 226 2100 dumea<
251 2049 464 2101 κομίσασθαι
494 2050 709 2100 δυνηθῶμεν.
745 2050 940 2103 Ιὶατῴκησε
962 2051 1016 2098 δὲ,
1044 2068 1110 2105 φη-

76 2111 142 2159 σὶν,
164 2109 295 2149 Ἰακὼὸ
314 2113 348 2148 ἐν
380 2110 570 2164 Αἰγύπτῳ,
601 2110 660 2148 καὶ
679 2110 880 2158 ηὐξήθησαν
911 2113 970 2151 καὶ
995 2115 1109 2161 ἐπλη-

76 2171 245 2219 θύνθησαν
266 2171 410 2224 σφόδρα.
431 2171 526 2219 Αὕτη
543 2172 611 2225 γὰρ
633 2167 674 2219 ἦν
693 2172 753 2210 καὶ
771 2179 831 2212 τοῦ
859 2176 952 2213 Θεοῦ
975 2178 997 2222 ἡ
1018 2175 1107 2214 ὑπό-

75 2249 195 2286 σχεσις
230 2233 316 2285 πρὸς
342 2234 444 2271 αὐτὸν
471 2232 710 2284 γεγενημένη,
739 2234 793 2272 ὃτι
824 2236 971 2283 Ποιήσω
999 2253 1037 2275 σε
1060 2239 1107 2281 εἷς

74 2294 165 2338 ἔθνος
185 2331 192 2345 ⁸
213 2294 287 2346 έγα.
314 2294 382 2332 Καὶ
403 2295 568 2342 ἐπέζησεν
585 2293 716 2332 Ἰακὼὸ
736 2295 911 2335 δεκαεπτὰ
928 2297 1005 2345 ἔτη.
1035 2299 1105 2337 Καὶ

74 2355 230 2407 ἐγένοντο
264 2356 300 2393 αἱ
339 2355 470 2407 ἡμέραι
504 2354 636 2394 Ἰακὼὸ
676 2357 799 2395 ἑκατὸν
840 2360 1106 2411 τεσσαράκοντα

75 2416 163 2456 ἑτι-τὰ
182 2417 256 2463 ἔτη.
274 2415 342 2454 Διὰ
361 2422 462 2456 τοῦτο
488 2419 551 2463 τῆς
580 2419 670 2464 ζωῆς
690 2419 785 2471 αὐτῷ
807 2420 865 2458 τὸν
881 2420 1005 2473 χρόνον
1025 2424 1105 2460 τοῦ-

73 2495 131 2518 τον
157 2478 394 2532 ἐπεμέτρησεν
414 2481 432 2516 ὁ
451 2479 558 2527 Θεὸς,
590 2479 647 2517 ἵνα
677 2482 740 2526 τῆς
768 2482 1030 2536 ταλαιπωρίας,
1062 2477 1104 2530 ἧς

75 2542 110 2578 ἐν
142 2540 248 2579 παντὶ
278 2543 328 2592 τῷ
347 2540 463 2593 χρόνῳ
490 2543 552 2587 τῆς
571 2542 662 2587 ζωῆς
698 2540 897 2592 ὑπέμεινεν,
929 2545 1102 2597 ἀρκοῦσαν

73 2601 295 2654 παραμυθίαν
316 2602 568 2652 κομισάμενος,
601 2602 691 2641 οὕτω
718 2603 776 2641 τὸν
799 2603 873 2655 βίον
899 2606 1100 2658 καταλύσῃ.

74 2661 166 2701 Ἀλλ’
188 2665 217 2702 εἰ
242 2662 427 2715 βούλεσθε,
446 2662 503 2700 ἵνα
523 2662 571 2713 μὴ
591 2666 641 2715 τῷ
667 2664 794 2711 πλήθει
811 2667 881 2703 τῶν
908 2666 1102 2718 εἰρημένων

74 2722 337 2775 καταχώσωμεν
368 2726 465 2775 ὑμῶν
494 2724 558 2771 τὴν
584 2725 740 2776 μνήμην,
768 2725 813 2763 τὰ
838 2726 1031 2778 λειπόμενα
1054 2731 1103 2773 εἷς

74 2781 138 2828 τὴν
162 2782 239 2829 ἑξῆς
264 2784 556 2836 ταμιευσάμενοι,
577 2787 727 2824 ἐνταῦθα
751 2788 1024 2840 καταπαύσομεν
1043 2789 1101 2828 τὸν

74 2842 187 2893 λόγον,
224 2846 334 2882 ἐκεῖνο
373 2846 680 2897 παρακαλέσαντες
711 2851 807 2900 ὑμῶν
844 2849 908 2897 τὴν
948 2851 1102 2903 ἀγάπην,
1143 2882 1152 2893 ,

74 2902 165 2941 ὥστε
190 2903 278 2954 μετὰ
305 2906 483 2956 ἀκριὸείας
506 2908 692 2960 προσέχειν
710 2916 780 2953 τοῖς
798 2910 1020 2963 λεγομένοις,
1040 2913 1100 2951 καὶ

72 2964 136 3010 τὴν
168 2965 310 3016 μνήμην
342 2967 484 3012 διηνεκῆ
505 2967 635 3006 τούτων
655 2973 871 3021 κεκτῆσθαι,
903 2973 962 3012 καὶ
991 2978 1104 3013 ταῦτα

74 3025 239 3072 διηνεκῶς
271 3027 430 3079 στρέφειν
453 3028 511 3066 ἐπὶ
531 3031 593 3074 τῆς
619 3031 787 3079 διανοίας,
817 3034 876 3071 καὶ
905 3035 1103 3087 λογίζεσθαι

73 3086 135 3134 τὴν
154 3088 346 3137 ὑπομονὴν,
367 3090 408 3135 ἣν
428 3090 459 3126 οἱ
478 3088 606 3127 δίκαιοι
622 3084 716 3129 οὑτοι
733 3092 918 3144 ὑπέμενον,
943 3096 1008 3143 τὴν
1029 3113 1103 3148 μα-

73 3147 275 3199 κροθυμίαν,
292 3148 355 3195 τὴν
378 3148 511 3197 πίστιν,
527 3150 569 3196 ἣν
599 3151 836 3192 ἐπεδείκνυντο
853 3156 935 3208 περὶ
955 3157 1017 3200 τὰς
1044 3163 1104 3198 τοῦ

72 3208 164 3246 Θεοῦ
186 3209 413 3261 ὑποσχέσεις,
441 3211 478 3248 οὐ
505 3211 829 3263 παρασαλευόμενοι
849 3214 906 3252 τὸν
935 3217 1103 3270 λογισμὸν

74 3266 132 3304 διὰ
148 3268 190 3305 τὰ
208 3269 296 3319 μετὰ
312 3270 375 3317 τὴν
405 3271 595 3323 ὑπόσχεσιν
618 3273 883 3323 συμπίπτοντα·
904 3276 994 3315 ἀλλὰ
1023 3282 1104 3332 θαῤ-

75 3328 210 3378 ροῦντες
254 3333 296 3381 τῇ
335 3334 395 3370 τοῦ
441 3333 741 3383 ἐπαγγειλαμένου
784 3334 950 3388 δυνάμει,
975 3337 1103 3386 ὀὕτως

119 3452 131 3465 ⁴¹
157 3441 272 3482 [sax-il.
291 3444 324 3477 in
341 3455 446 3489 marg.
465 3456 483 3477 e
504 3457 574 3479 var.
593 3447 668 3479 lect.
689 3452 888 3493 moneto-nec]

1091 258 1179 288 GEN
1191 279 1199 287 .
1233 259 1396 290 noant„

1440 259 1544 291 LXV.
2057 270 2142 314 727

1194 355 1274 379 rum
1293 342 1477 394 obsequia,
1495 358 1562 383 non
1583 344 1801 383 attendentes
1820 356 1991 395 sumtum,
2007 349 2069 387 sed
2091 351 2146 387 lu-

1193 415 1295 440 crum
1314 412 1350 441 et
1365 405 1614 455 accessionem,
1627 421 1708 458 qua!
1732 406 1814 444 inde
1835 418 2038 447 naseuntur.
2056 412 2148 449 Nam

1192 459 1222 498 si
1244 461 1407 501 videntes
1423 464 1494 502 viri
1513 465 1669 518 alicujus
1688 465 1848 504 saeculari
1865 465 2040 518 dignitate
2057 469 2148 507 insi—

1192 521 1272 572 gnis
1296 522 1536 573 familiarem,
1564 540 1708 578 operam
1736 527 1865 565 damus
1905 538 1943 566 ut
1978 539 2149 580 quantum

1192 582 1362 633 possibile
1371 593 1422 621 est
1433 584 1485 622 illi
1503 595 1709 637 praestenius
1721 588 1944 639 obsequium,
1956 589 2151 642 cogitantes

1191 642 1311 682 officia
1324 658 1404 695 qua:
1425 645 1477 683 illi
1493 647 1719 696 exhibentur,
1727 650 1803 701 ejus
1816 649 1961 689 domino
1972 652 2148 703 accedere,

1191 710 1225 739 et
1244 702 1350 741 illum
1366 704 1578 744 familiarem
1598 707 1659 744 ubi
1676 708 1888 760 significarit
1908 720 2054 762 patrono
2068 727 2147 759 suo,

1192 763 1363 815 majorem
1378 766 1481 804 nobis
1493 766 1592 819 apud
1604 782 1687 806 eum
1699 769 1858 807 savorem
1873 771 2148 811 conciliaturum

1191 838 1288 862 esse:
1305 826 1418 865 multo
1446 828 1561 880 magis
1589 829 1656 868 boc
1684 831 1751 868 crit
1772 831 1869 883 apud
1897 833 2146 872 universorum

1191 885 1402 926 Dominum.
1426 890 1519 927 Nam
1550 889 1592 940 si,
1608 891 1752 942 quando
1784 893 1863 943 quis
1897 893 1931 930 in
1961 894 2147 945 vulgarem

1188 946 1346 998 aliquem
1376 958 1411 987 et
1439 949 1475 988 in
1509 951 1585 989 soro
1619 953 1798 1005 abjectum
1828 954 2084 1005 benignitatem
2114 966 2147 994 et

1188 1009 1533 1050 commiserationem
1549 1012 1707 1064 aliquam
1727 1014 1948 1060 exhibuerit,
1971 1016 2146 1054 Dominus

1188 1084 1267 1120 qua:
1301 1070 1392 1110 fiunt
1415 1069 1484 1111 ‘sibi
1506 1075 1651 1127 propria
1672 1090 1746 1114 esse
1759 1075 1904 1126 ducens,
1919 1077 2096 1130 promittit
2109 1093 2147 1117 sc

1187 1130 1224 1168 in
1241 1145 1391 1184 regnum
1415 1133 1705 1174 introducturum
1734 1151 1792 1176 eos
1814 1138 1875 1189 qui
1899 1138 2037 1190 aliquid
2059 1139 2143 1177 boni

1187 1191 1240 1229 illi
1276 1193 1440 1245 fecerint,
1466 1205 1500 1234 ct
1533 1197 1717 1236 dicturum
1741 1215 1748 1235 :
1779 1202 1915 1237 Venite
1953 1201 2144 1238 benedicti

1187 1254 1322 1292 Patris
1352 1259 1439 1303 mei,
1474 1260 1567 1310 quia
1607 1262 1762 1306 esurivi,
1789 1269 1825 1298 et
1855 1261 2016 1298 dedistis
2049 1263 2146 1299 mihi

1187 1315 1426 1354 manducare
1438 1332 1449 1352 :
1460 1318 1576 1356 multo
1588 1320 1702 1371 magis
1715 1334 1788 1369 eos,
1799 1320 1859 1370 qui
1871 1330 2016 1373 propter
2028 1322 2145 1360 Deum

1185 1374 1410 1427 affliguntur,
1426 1387 1460 1415 et
1488 1379 1686 1418 sacerdotio
1716 1381 1878 1432 insigniti
1905 1391 2000 1431 sunt,
2016 1383 2045 1420 si
2065 1383 2146 1433 quis

1187 1435 1348 1486 coluerit,
1369 1451 1438 1475 non
1459 1439 1577 1478 solum
1599 1455 1722 1493 parem
1750 1452 1959 1493 assequetur
1993 1444 2146 1482 retribu-

1185 1493 1331 1543 tionem,
1343 1495 1406 1534 sed
1420 1497 1524 1535 multi
1528 1498 1672 1551 pliciter
1685 1501 1868 1553 majorem,
1880 1501 2052 1540 clemente
2069 1504 2146 1542 Deo

1185 1568 1232 1593 ex
1260 1556 1481 1596 abundantia
1506 1560 1760 1601 misericordia)
1787 1577 1926 1616 semper
1951 1578 1992 1602 ea
2023 1579 2101 1615 quae
2125 1579 2146 1603 a

1185 1617 1289 1656 nobis
1311 1619 1404 1657 fiunt
1422 1620 1597 1660 vincente.
1621 1625 1674 1661 Ne
1692 1624 1805 1676 igitur
1824 1626 1937 1663 simus
1956 1625 2146 1665 deteriores

1185 1678 1407 1731 infidelibus,
1419 1681 1481 1731 qui
1493 1691 1639 1734 propter
1655 1683 1835 1723 idolorum
1852 1700 2005 1724 errorem
2026 1686 2146 1725 adhue

1186 1748 1322 1778 tantum
1355 1742 1495 1780 cultum
1522 1744 1692 1783 exhibent
1726 1746 1870 1784 illorum
1893 1747 2037 1785 famulis
2056 1748 2144 1786 :sed

1184 1810 1358 1851 quantum
1382 1803 1574 1843 discrimen
1599 1816 1650 1845 est
1669 1821 1824 1846 errorem
1850 1808 1942 1847 inter
1959 1817 1994 1846 et
2014 1809 2144 1848 verita-

1184 1869 1266 1911 tem,
1274 1872 1379 1914 atque
1392 1865 1484 1902 inter
1494 1867 1695 1906 sacerdotes
1710 1869 1718 1906 i
1725 1869 1790 1907 llos
1802 1879 1835 1907 et
1846 1870 1911 1908 Dei
1923 1869 2141 1919 sacerdotcs;

1183 1932 1317 1962 tantam
1334 1925 1371 1964 in
1391 1925 1525 1966 honore
1537 1938 1643 1980 atque
1662 1931 1760 1969 cultu
1781 1931 2024 1970 differentiam
2041 1933 2143 1971 exhi-

1182 1986 1344 2038 beamus,
1363 1997 1402 2027 ut
1420 1990 1532 2029 multo
1548 1991 1670 2044 plures
1686 2007 1848 2046 supernae
1868 1994 1972 2032 nobis
1989 1995 2142 2034 retribu-

1183 2047 1296 2087 tiones
1314 2061 1532 2090 accrescant.
1556 2053 1619 2090 27.
1634 2056 1846 2094 Habizavic
1868 2065 2000 2094 autem
2015 2057 2141 2095 Jacob

1182 2109 1224 2144 in
1258 2109 1353 2160 [Ἐς]
1364 2118 1444 2160 pto,
1467 2119 1504 2148 et
1539 2115 1646 2149 aucti
1684 2121 1790 2160 sunt,
1823 2123 1861 2151 et
1891 2114 2142 2166 multiplicati

1181 2177 1272 2206 sunt
1294 2170 1427 2208 valde.
1444 2170 1532 2209 Erat
1554 2172 1649 2210 enim
1674 2173 1750 2211 haec
1778 2174 1966 2226 promissio
1983 2175 2051 2213 Dei
2071 2175 2141 2227 ipsi

1180 2231 1295 2280 facta,
1329 2233 1497 2270 Faciam
1526 2242 1563 2271 te
1591 2234 1674 2272 illic
1703 2237 1747 2272 in
1770 2244 1924 2287 gentem
1943 2250 2139 2289 magnam.

1179 2293 1244 2330 5³20.
1260 2293 1313 2330 Et
1331 2296 1543 2344 supervixit
1559 2295 1685 2332 Jacob
1700 2296 1831 2334 decem
1851 2305 1888 2334 et
1902 2305 2046 2349 septem
2067 2311 2138 2335 an—

1181 2355 1253 2391 m's.
1274 2354 1329 2391 Et
1338 2355 1451 2407 sacti
1479 2363 1569 2393 sunt
1597 2356 1678 2395 dies
1703 2358 1830 2395 Jacob
1861 2361 1958 2396 anni
1985 2367 2140 2397 centum

1178 2415 1443 2467 quadraginta
1461 2425 1618 2468 septem.
1636 2418 1826 2470 Propterea
1843 2420 1940 2458 Deus
1955 2419 2138 2459 dimensus

1177 2484 1228 2513 est
1247 2475 1276 2514 ei
1296 2476 1366 2514 hoc
1390 2485 1529 2530 tenipus
1551 2479 1650 2526 vitae,
1669 2488 1707 2517 ut
1726 2489 1805 2532 post
1827 2480 2008 2519 miseriam
2029 2496 2137 2533 quam

1176 2545 1251 2575 toto
1269 2537 1353 2576 vitae
1373 2546 1531 2591 tempore
1550 2539 1738 2589 sustinuit,
1757 2541 1994 2579 (onsolatione
2007 2556 2136 2593 magna

1176 2608 1320 2651 accepta
1333 2599 1417 2636 hinc
1431 2599 1614 2650 migraret.
1631 2601 1783 2645 Verum,
1795 2602 1824 2639 si
1840 2616 1860 2640 v
1869 2601 1965 2646 ultis,
1979 2616 2023 2639 ne
2040 2602 2134 2640 mul-

1176 2659 1330 2698 titudine
1342 2659 1523 2698 dictorum
1537 2662 1744 2699 memoriam
1754 2671 1909 2701 vestram
1925 2663 2132 2713 obruamus,

1176 2735 1255 2772 quae
1269 2722 1407 2772 reliqua
1426 2730 1509 2759 sunt
1524 2722 1798 2769 resonabimus,
1819 2732 1852 2761 et
1874 2723 1982 2762 finem
2002 2725 2133 2764 oratio—

1176 2782 1232 2820 nis
1259 2782 1452 2820 faciemus:
1467 2791 1621 2821 vestram
1639 2792 1759 2821 autem
1788 2785 1970 2823 caritatem
1990 2786 2058 2824 boc
2078 2802 2134 2826 ro-

1177 2844 1393 2896 gaverimus,
1408 2852 1447 2880 ut
1462 2843 1652 2895 diligenter
1672 2844 1716 2882 iis
1734 2859 1814 2896 quae
1833 2846 2004 2885 dicuntur
2013 2848 2133 2887 'inten-

1177 2904 1284 2951 datis,
1305 2913 1337 2941 et
1363 2904 1438 2955 ipsa
1459 2913 1639 2956 perpetum
1664 2907 1843 2944 memoriae
1862 2909 2132 2955 commendetis,

1177 2966 1345 3004 continuo
1365 2965 1400 3002 in
1424 2975 1539 3002 mente
1552 2975 1668 3004 vestra
1686 2977 1879 3016 versantes,
1893 2978 1926 3007 et
1939 2971 2133 3022 cogitantes

1176 3036 1345 3079 quantam
1366 3026 1574 3078 patientiam
1590 3027 1679 3078 justi
1695 3029 1939 3078 sustinuerint,
1952 3045 2132 3083 quamque

1175 3087 1482 3140 longanimitatem
1502 3097 1534 3125 et
1554 3087 1664 3125 fidem
1685 3088 1721 3126 in
1744 3091 2042 3142 promissionibus
2065 3094 2132 3131 Dei

1176 3148 1383 3197 habuerint,
1414 3162 1483 3186 non
1515 3148 1634 3186 animo
1667 3150 1875 3191 fluctuantes
1910 3163 2055 3206 propter
2092 3169 2131 3192 ea

1175 3225 1252 3262 quae
1272 3219 1350 3262 post
1379 3209 1629 3261 promissiones
1651 3211 1859 3251 eveniebant
1877 3229 1884 3250 :
1901 3214 1962 3252 sed
1982 3214 2131 3253 fidentes

1174 3273 1250 3324 ejus
1271 3270 1331 3321 qui
1351 3270 1561 3322 promiserat
1581 3271 1719 3321 virtuti,
1739 3274 1858 3312 omnia
1879 3290 1981 3326 aequo
2011 3276 2129 3313 animo

1175 3341 1344 3389 ferebant,
1364 3348 1397 3376 et
1423 3348 1608 3392 propterca
1637 3341 1790 3381 celebres
1822 3354 1854 3382 et
1878 3345 1964 3383 clari
1988 3345 2126 3383 suerint.

1167 3455 1182 3478 b
1207 3452 1268 3486 Alii
1282 3456 1481 3493 πολυπλόκους
1494 3460 1558 3492 τάς.

2159 1199 2271 1227 Manli.
2294 1198 2345 1228 25.

2157 1238 2208 1279 34.

2216 2624 2337 2652 Mon-alis

2148 2667 2307 2694 conclusio.
