2483 3791
709 197 753 227 IN
790 197 892 228 CAP.
934 197 965 226 1.

55 279 250 335 παῤῥησίας
281 284 483 332 μετασχεῖν.
511 280 661 318 οΤαῦτα
697 274 754 318 οὖν
785 279 980 332 ἀρκούντως
1009 280 1076 316 τῶν

55 341 328 394 ἀπολειφθέντων
345 340 459 379 ἕνεκεν
475 341 717 392 διελέχθημεν,
732 342 949 394 περιελόντες
965 341 1078 379 αὐτῶν

52 407 113 451 τῆς
131 403 301 456 αἰσχύνης
320 402 385 450 τὴν
407 402 601 456 πρόφασιν,
621 403 680 442 καὶ
697 403 879 451 δείξαντες,
897 403 952 443 ὅτι
970 405 1008 442 οὗ
1029 403 1079 440 δεῖ

53 464 109 504 ἐπὶ
129 464 240 516 τούτῳ
270 464 497 517 αἰσχύνεσθαι
515 481 523 489 ·
546 467 584 505 οὗ
604 465 672 519 γὰρ
694 466 734 504 τὸ
758 472 879 519 φαγεῖν
909 465 1079 518 αἰσχύνην

53 529 138 577 ἡμῖν
155 525 329 578 προξενεῖ,
351 526 442 565 ἀλλὰ
456 527 496 566 τὸ
514 527 622 566 κακόν
644 545 678 566 τι
699 527 968 580 διαπράξασθαι.
985 525 1077 564 ’Με-

51 587 141 640 γάλη
175 586 324 639 αἰσχύνη
345 590 367 633 ἡ
391 588 548 641 ἁμαρτία
565 604 573 611 ·
596 589 657 627 ἐὰν
684 589 814 635 ταύτην
839 586 1081 640 ἐργασώμεθα,
1099 613 1131 639 ⁷4

51 648 89 685 οὐ
108 645 212 698 μόνον
232 645 458 697 αἰσχύνεσθαι
476 647 672 699 ὀφείλομεν,
688 646 779 685 ἀλλὰ
792 645 851 685 καὶ
868 645 1079 697 ἐγκαλύπτε-

52 710 151 755 σθαι,
182 706 243 745 καὶ
270 706 429 759 καθάπερ
455 709 486 746 οἱ
504 707 840 760 προσκεκρουκότες,
863 705 971 749 οὕτως
993 708 1077 744 {otu-

51 766 128 812 τοὺς
155 766 351 811 ταλανίζειν
367 783 375 791 ·
407 770 540 819 μᾶλλον
570 767 606 807 δὲ
629 767 717 819 μηδὲ
744 767 823 806 τότε
848 765 1078 818 ἀπαγορεύειν

52 826 202 875 ἑαυτοὺς,
223 827 315 867 ἀλλὰ
330 828 416 881 πρὸς
435 828 681 880 ἐξομολόγησιν
699 827 898 877 ἐπείγεσθαι
914 827 973 865 καὶ
992 826 1079 879 πρὸς

51 887 327 940 εὐγνωμοσύνην.
353 890 521 927 Τοιοῦτον
549 888 618 942 γὰρ
638 888 765 941 ἔχομεν
784 885 966 934 Δεσπότην
978 917 990 936 ,
1017 889 1078 926 οὖ-

51 950 106 990 δὲν
136 949 251 1004 ἕτερον
284 952 367 1003 παρ’
396 954 498 1002 ἡμῶν
533 952 762 998 ἐπιζητοῦντα
794 948 884 1000 μετὰ
918 948 981 997 τὴν
1015 951 1078 995 τῆς

50 1011 223 1065 ἁμαρτίας
244 1011 390 1065 πρᾶξιν,
420 1012 452 1050 εἴ
483 1027 570 1051 ποτε
593 1011 650 1050 διὰ
679 1010 850 1065 ῥᾳθυμίαν
867 1012 1028 1062 ἁλῶμεν,
1054 1009 1076 1057 ἢ

49 1073 89 1112 τὸ
120 1075 337 1124 ὁμολογῆσαι
368 1072 413 1110 τὰ
451 1073 685 1124 ἐπταισμένα,
717 1072 776 1110 καὶ
812 1072 919 1126 μέχρι
956 1072 1078 1111 τούτου

49 1137 193 1183 στῆναι,
219 1134 279 1173 καὶ
306 1134 434 1185 μηκέτι
462 1140 533 1179 τοῖς
561 1136 676 1178 αὐτοῖς
698 1140 912 1185 περιπεσεῖν.
934 1133 1019 1172 Ἐὰν
1041 1134 1076 1172 δὲ

47 1198 175 1249 τροφῆς
191 1196 392 1248 συμμέτρου
416 1196 692 1247 μεταλάὸωμεν,
708 1195 884 1246 μηδέποτε
904 1195 1078 1246 αἰσχ-υνώ-

47 1260 160 1308 μεθα·
182 1256 322 1307 σώματι
347 1257 416 1311 γὰρ
443 1261 538 1308 ἡμᾶς
562 1256 708 1308 τοιούτῳ
737 1255 939 1300 συνέπλεξεν
968 1260 986 1294 ὃ
1011 1258 1076 1294 Δε-

47 1317 194 1365 σπότης,
214 1312 243 1371 ᾧ
263 1318 312 1369 μὴ
330 1319 473 1357 δυνατὸν
493 1318 618 1370 ἑτέρως
633 1316 852 1362 συνεστάναι,
871 1319 900 1355 εἷ
921 1316 969 1367 μὴ
990 1316 1077 1355 ταύ-

45 1395 108 1427 της
132 1379 344 1430 μεταλάὸοι,
367 1380 470 1431 μόνον
495 1379 538 1417 τὰ
556 1383 619 1426 τῆς
645 1379 814 1433 ἀμετρίας
832 1378 1075 1417 ἐκκοπτέσθω·

45 1444 146 1480 τοῦτο
162 1441 229 1493 γὰρ
246 1445 332 1493 ἡμῖν
355 1441 414 1480 καὶ
434 1441 519 1494 πρὸς
543 1441 606 1488 τὴν
629 1440 760 1494 ὑγίειαν
776 1440 898 1478 τούτου
924 1441 983 1479 καὶ
1002 1442 1076 1478 εὖε-

49 1501 122 1546 ξίαν
150 1502 195 1541 τὰ
224 1503 375 1554 μέγιστα
402 1502 658 1553 συμὸάλλεται.
690 1502 740 1540 Ἦ
774 1504 840 1554 οὐχ
867 1505 970 1555 ὁρᾶτε
998 1504 1075 1540 καθ’

47 1564 198 1611 ἑκάστην
214 1564 350 1616 ἡμέραν
367 1565 437 1602 ἀπὸ
453 1567 521 1602 τῶν
536 1565 736 1603 πολυτελῶν
750 1566 932 1615 τραπεζῶν
944 1563 1003 1601 καὶ
1015 1567 1077 1611 τῆς

46 1625 198 1680 ἀμέτρου
218 1625 416 1679 ἀδηφαγίας
435 1626 478 1664 τὰ
506 1625 614 1678 μυρία
641 1625 842 1676 ἐπαγόμενα
872 1625 1076 1676 νοσήματος

47 1687 159 1726 Πόθεν
186 1688 394 1740 ποδαλγίαι,
424 1687 528 1726 πόθεν
558 1686 791 1741 καρηέαρίαι,
823 1686 926 1725 πόθεν
959 1690 977 1724 ὁ
1008 1688 1075 1724 τῶν

44 1751 172 1800 χυμῶν
213 1752 283 1787 τῶν
331 1748 592 1801 διεφθαρμένων
625 1747 863 1798 πλεονασμός;
898 1746 1003 1785 πόθεν
1035 1746 1080 1785 τὰ

45 1810 137 1849 ἄλλα
159 1810 268 1863 μυρία
287 1809 492 1860 νοσήματα;
522 1811 599 1848 Οὐκ
628 1810 698 1848 ἀπὸ
726 1811 788 1855 τῆς
820 1808 988 1860 ἀμετρίας
1019 1807 1078 1846 καὶ

44 1875 105 1910 τοῦ
135 1873 240 1911 πλέον
262 1876 321 1910 τοῦ
349 1872 483 1914 δέοντος
502 1870 638 1922 ἐγχέειν
666 1873 800 1912 ἑαυτοῖς
819 1870 881 1908 ἔ’τὸ
909 1870 1078 1921 ἄκρατον,

46 1932 218 1986 Καθάπερ
236 1932 304 1985 γὰρ
321 1934 442 1970 πλοῖον
462 1931 677 1985 ὑπέραντλον
695 1930 835 1982 γεγονὸς
852 1931 987 1983 ταχέως
1011 1946 1079 1968 κα-

46 1993 322 2041 ταδαπτίζεται,
343 1993 402 2031 καὶ
423 1993 634 2046 ὑποὸρύχιον
667 1992 802 2044 γίνεται
818 2008 826 2016 ·
855 1991 943 2031 οὕτω
977 1992 1037 2030 καὶ
1062 1994 1080 2030 ὁ

47 2055 248 2106 ἄνθρωπος,
278 2054 361 2093 ὅταν
390 2058 433 2107 τῇ
459 2054 637 2109 ἀδηφαγία
669 2054 729 2092 καὶ
760 2057 803 2104 τῆ
833 2054 919 2105 μέθῃ
956 2053 1078 2092 ἑαυτὸν

47 2115 150 2168 ἐκδῷ,
167 2115 259 2154 κατὰ
278 2118 443 2168 κρημνῶν
464 2115 596 2163 ἄπεισι,
616 2114 675 2153 καὶ
694 2113 854 2167 ὑποὸρύχ
858 2130 905 2152 ιον
923 2113 1077 2166 ἀπεργά-

46 2177 145 2220 ζεται
160 2175 219 2214 τὸν
235 2176 415 2228 λογισμὸν,
432 2175 493 2213 καὶ
512 2181 625 2214 κεῖται
643 2175 763 2214 λοιπὸν
780 2174 939 2228 καθάπερ
957 2175 1077 2227 νεκρὸς

45 2235 219 2288 ἔμψυχος,
240 2238 327 2289 πρὸς
347 2237 410 2288 μὲν
430 2237 474 2275 τὰ
496 2236 590 2275 κακὰ
611 2235 782 2278 πολλάκις
801 2236 950 2287 ἐνεργεῖν
973 2235 1078 2274 δυνά-

44 2312 165 2348 μενος,
185 2298 271 2350 πρὸς
298 2297 334 2336 δὲ
364 2297 409 2336 τὰ
429 2297 543 2350 ἀγαθὰ
565 2297 705 2336 ἅπαντα
723 2296 822 2335 οὐδὲν
847 2296 989 2347 ἄμεινον
1007 2299 1076 2335 τῶν

43 2361 174 2411 νεκρῶν
193 2359 425 2410 διακείμενος.

98 2420 163 2459 Διὸ
180 2423 389 2474 παρακαλῶ,
417 2420 509 2459 κατὰ
527 2420 585 2459 τὸν
615 2418 789 2472 μακάριον
815 2420 978 2468 Παῦλον,
999 2420 1076 2466 Τῆς

42 2482 170 2535 σαρκὸς
202 2482 368 2534 πρόνοιαν
401 2481 450 2534 μὴ
482 2485 635 2520 ποιεῖσθε
664 2484 713 2526 εἰς
743 2481 948 2532 ἐπιθυμίας,
984 2481 1075 2521 ἀλλὰ

42 2544 127 2597 πρὸς
147 2543 187 2582 τὸ
205 2544 429 2592 συνεστάναι,
450 2543 510 2581 καὶ
529 2543 694 2582 δύνασθαι
712 2543 801 2594 μετὰ
819 2542 976 2587 πλείονος
989 2559 1075 2596 προ-

42 2605 167 2656 θυμίας
186 2606 221 2643 ἐν
250 2608 293 2657 τῇ
320 2607 390 2642 τῶν
409 2607 657 2662 πνευματικῶν
679 2603 825 2656 ἐργασίᾳ
854 2603 988 2652 πολλὴν
1009 2603 1072 2651 τὴν

42 2666 194 2714 σπουδὴν
208 2666 482 2706 ἐπιδείκνυσθαι.
499 2667 623 2705 Ταῦτα
640 2666 681 2713 δὴ
703 2666 820 2704 πάντα
833 2665 1073 2718 διαλεγόμενοι

42 2728 127 2782 πρὸς
154 2728 233 2773 τοὺς
260 2728 428 2781 ἀδελφοὺς
446 2727 527 2772 τοὺς
556 2728 760 2781 ὑμετέρους,
786 2727 922 2766 πείθετε
951 2727 1075 2772 αὐτοὺς

41 2791 105 2836 τῆς
131 2792 372 2841 πνευματικῆς
400 2789 529 2837 ταύτης
557 2791 688 2842 τροφῆς
719 2789 895 2840 μηδέποτε
933 2788 1075 2832 ἑαυτοὺς

1005 193 1167 226 ΟΒΝΕὸ.

1103 649 1128 678 Λ

41 2852 261 2903 ἀποστερεῖν,
285 2851 376 2889 ἀλλὰ
393 2850 458 2888 κᾶν
477 2850 706 2904 ἠριστηκότες
723 2853 828 2898 ὦσιν,
850 2850 1072 2904 ἐρχέσθωσαν
1096 2857 1121 2887 D

43 2912 131 2962 μετὰ
152 2912 269 2960 πάσης
288 2912 502 2965 προθυμίας,
527 2913 585 2951 ἵνα
617 2912 796 2964 δεξάμενοι
827 2913 891 2960 τὴν
918 2916 1072 2952 ἐντεῦθεν

41 2973 287 3021 διδασκαλίαν,
317 2972 485 3012 δύνωνται
514 2973 682 3026 γενναίως
712 2973 877 3012 ἵστασθαι
898 2974 984 3025 πρὸς
1009 2973 1072 3018 τὰς

42 3033 221 3084 μεθοδείας
246 3039 307 3073 τοῦ
331 3033 505 3074 διαὸόλου.
532 3033 658 3086 Ἡμεῖς
691 3034 728 3073 δὲ
753 3035 874 3074 λοιπὸν
899 3034 982 3088 φέρε
1005 3034 1069 3082 τὴν

42 3094 171 3143 συνήθη
191 3095 367 3148 τράπεζαν
383 3098 465 3147 ὑμῖν
483 3098 698 3148 παραθῶμεν
711 3127 720 3143 ,
743 3096 804 3134 καὶ
823 3099 886 3142 τῆς
915 3097 1070 3142 σπουδῆς

41 3157 102 3202 τῆς
131 3157 212 3208 περὶ
247 3156 310 3204 τὴν
345 3157 512 3209 ἀκρόασιν
541 3157 775 3210 ἀμειψώμεθα
803 3157 866 3205 τὴν
893 3157 1066 3211 ὑμετέραν

85 3287 99 3303 ²
113 3278 216 3311 Savil.
229 3284 311 3323 τάχα
325 3284 504 3326 ἀρκούντως,
514 3280 568 3313 alii
580 3286 678 3316 ταῦτα
690 3284 873 3326 ἀρκούντως,
886 3280 935 3314 vel
954 3285 1051 3316 ταῦτα

44 3337 89 3363 232
104 3338 173 3376 ἀρκ.

86 3384 99 3407 f
117 3382 177 3415 Alii
194 3387 312 3426 μεγάλη
329 3390 387 3429 γὰρ
407 3390 486 3427 αἰσχ.

1206 196 1359 228 uomit„
1400 201 1450 230 x.
2041 192 2103 253 89

1150 278 1329 329 obtentus,
1351 290 1384 319 ct
1413 282 1559 331 sciatur,
1583 296 1652 322 non
1681 293 1842 336 oportere
1866 296 2010 338 propter
2038 289 2106 326 hoc

1150 337 1289 390 pudore
1311 340 1497 379 suffundi:
1515 355 1628 392 neque
1651 342 1744 380 enim
1771 343 1963 381 comedisse
1987 345 2105 396 pudo-

1151 413 1224 436 rem
1241 400 1343 438 nobis
1361 401 1476 450 affert,
1491 401 1550 440 sed
1568 402 1653 440 mali
1670 401 1855 454 quidpiam
1877 403 1998 453 egisse.
2016 406 2106 443 Poe-

1152 469 1270 498 catum
1287 475 1415 513 magna
1435 461 1621 515 turpitudo
1636 471 1688 502 est
1709 479 1717 499 :
1738 463 1766 500 si
1789 463 1855 501 hoc
1871 463 2107 512 admittimus,

1152 535 1220 559 non
1249 523 1365 562 solum
1388 524 1593 563 erubescere
1613 524 1796 574 debemus,
1817 525 1879 563 sed
1907 534 1940 564 et
1970 540 2032 564 nos
2050 541 2108 565 oc-

1151 583 1300 632 cultare,
1321 594 1354 622 et
1370 585 1516 623 miseros
1538 585 1658 624 dicere
1676 600 1738 624 nos
1761 586 1855 639 ipsos
1879 600 1948 624 non
1972 587 2106 636 minus,

1150 657 1258 694 quam
1276 645 1337 694 qui
1366 645 1400 683 iu
1423 647 1611 698 scopulum
1632 647 1854 699 impegerunt
1877 663 1884 684 ε
1909 647 1980 685 ἰιηο
1996 662 2109 699 neque

1151 710 1235 739 tunc
1251 702 1473 755 despondere
1491 705 1665 754 animum,
1685 705 1745 742 sed
1770 705 1817 742 ad
1838 706 2106 755 consessionem,

1149 770 1184 800 et
1202 763 1480 815 resipiscentiam
1506 765 1670 803 festinare
1688 765 1870 804 debemus.
1892 767 2109 819 Hujusmodi

1149 823 1242 861 enim
1263 834 1314 863 est
1336 826 1514 864 Dominus
1530 835 1660 875 noster,
1677 827 1736 878 qui
1757 827 1849 865 nihil
1869 828 1967 866 aliud
1984 830 2106 880 requi-

1150 884 1195 924 rit
1216 885 1375 925 admisso
1389 895 1547 939 peccato,
1564 886 1593 924 si
1609 888 1751 938 quaudo
1774 901 1836 939 per
1852 888 2033 939 ignaviam
2045 890 2106 927 de-

1149 946 1332 998 liquimus,
1353 962 1461 999 quam
1477 956 1515 986 ut
1534 957 1649 986 errata
1671 948 1917 996 confiteamur,
1937 963 1998 987 nec
2014 951 2105 990 ultra

1149 1006 1436 1059 progrediamur,
1454 1007 1513 1046 vel
1541 1006 1577 1044 in
1606 1006 1731 1045 eadem
1754 1006 1966 1046 recidamus.
1990 1009 2106 1048 Czete-

1149 1082 1230 1106 rum
1249 1083 1331 1106 cum
1357 1068 1436 1106 cibo
1456 1078 1583 1106 nostrae
1606 1083 1780 1107 mensurae
1808 1070 2013 1119 congruenti
2036 1072 2106 1109 uti-

1149 1143 1246 1180 mur,
1259 1144 1457 1181 numquam
1472 1130 1720 1168 erubescamus
1735 1146 1742 1167 :
1756 1144 1840 1168 nam
1856 1131 2031 1169 Dominus
2044 1147 2105 1171 nos

1149 1191 1211 1229 tali
1236 1190 1377 1244 corpori
1400 1191 1606 1243 conjunctos
1636 1204 1710 1229 esse
1729 1190 1861 1241 voluit,
1882 1191 1981 1242 quod
2003 1193 2107 1232 aliter

1148 1252 1339 1291 consistere
1357 1252 1478 1303 nequit
1493 1252 1561 1290 nisi
1576 1251 1656 1304 cibo
1666 1261 1843 1304 pascatur,
1859 1252 1964 1290 modo
1983 1253 2105 1291 cibum

1147 1312 1301 1350 nimium
1333 1327 1376 1350 ne
1407 1326 1590 1350 sumamus
1611 1327 1618 1348 :
1642 1311 1680 1349 id
1699 1311 1798 1363 quod
1819 1311 1921 1350 nobis
1939 1312 1984 1350 ad
2010 1313 2103 1351 sani·
2126 1330 2306 1368 Temperan-

1148 1383 1255 1413 tatem
1271 1383 1304 1412 et
1327 1374 1485 1427 corporis
1499 1374 1630 1412 bonam
1641 1373 1891 1412 habitudinem
1906 1373 2103 1426 plurimum
2118 1374 2153 1399 ¹³³
2172 1375 2205 1400 ³2¹
2229 1376 2306 1400 ⁵³⁰³-

2078 1437 2084 1443 .
2119 1420 2206 1441 triu-:n
2234 1426 2302 1441 cun-

1149 1435 1328 1475 conducit.
1351 1437 1476 1474 Annon
1503 1434 1634 1474 videtis
1668 1434 1829 1486 quotidie
1849 1449 1894 1473 ex
1914 1445 2105 1475 sumtuosls
2119 1455 2211 1483 dum,

1148 1496 1279 1535 mensis
1297 1506 1330 1535 et
1345 1495 1537 1534 immodica
1553 1496 1714 1548 ingluvie
1733 1496 1872 1534 infinita
1898 1497 2106 1535 morborum

1149 1571 1274 1610 genera
1314 1558 1461 1596 induci?
1489 1557 1597 1596 Unde
1627 1557 1821 1609 podagrae?
1855 1556 1949 1595 unde
1980 1558 2107 1610 capitis

1151 1618 1318 1657 dolores?
1340 1618 1434 1657 unde
1473 1627 1724 1671 corruptorum
1763 1618 1957 1656 humorum
1993 1618 2106 1657 abun-

1150 1680 1296 1718 dantia?
1312 1679 1408 1718 unde
1436 1679 1615 1718 innumeri
1648 1679 1711 1717 alii
1741 1679 1886 1717 morbi?
1909 1680 2036 1718 Nonne
2061 1681 2107 1718 ab

1149 1741 1422 1793 intemperantia
1445 1749 1478 1778 et
1505 1740 1684 1792 largiore,
1714 1754 1823 1791 quam
1845 1754 1912 1792 par
1938 1740 2004 1789 sit,
2030 1741 2106 1779 vini

1150 1803 1262 1855 potu?
1279 1804 1372 1840 Nam
1388 1802 1479 1840 sicut
1495 1801 1611 1852 navis,
1633 1815 1712 1852 quae
1727 1801 1828 1852 aquis
1848 1801 1895 1838 ita
1919 1801 2103 1853 impletur,

1152 1873 1190 1901 ut
1207 1863 1390 1901 exhauriri
1412 1871 1574 1913 nequeat,
1584 1862 1702 1901 statim
1721 1862 1963 1913 submergitur
1981 1878 1988 1899 :
2005 1863 2053 1900 ita
2072 1873 2106 1901 ct

1151 1924 1259 1963 homo
1287 1924 1429 1976 quando
1456 1925 1610 1977 crapulae
1632 1933 1665 1962 et
1682 1924 1843 1962 ebrietati
1870 1925 2026 1977 seipsum
2044 1926 2105 1963 de-

1152 1985 1256 2035 didit,
1274 1986 1309 2023 in
1335 2000 1493 2038 praeceps
1521 1985 1634 2035 vadit,
1650 1994 1683 2023 et
1704 1985 1877 2023 rationem
1904 2000 2004 2024 suam
2021 1987 2105 2025 sub-

1151 2048 1292 2098 mergit,
1307 2047 1460 2098 denique
1478 2048 1573 2099 jacet
1597 2047 1699 2098 quasi
1729 2047 1852 2086 vivum
1872 2047 2038 2098 cadaver,
2059 2049 2106 2087 ad

1150 2108 1243 2146 mala
1269 2108 1417 2159 quidem
1444 2108 1623 2160 operanda
1646 2123 1737 2161 saepc
1759 2108 1912 2154 habilis,
1938 2109 1986 2147 ad
2014 2111 2105 2148 bona

1151 2179 1270 2207 autem
1296 2169 1415 2208 omnia
1437 2169 1553 2208 nihilo
1585 2183 1623 2208 se
1652 2170 1779 2208 melius
1815 2170 1968 2223 habens,
1998 2186 2107 2223 quam

1148 2239 1297 2269 mortui.

1201 2419 1239 2458 5.
1267 2419 1407 2458 Idcirco
1422 2419 1580 2469 obsecro,
1590 2429 1631 2458 ut
1643 2420 1837 2459 secundum
1852 2421 1998 2460 beatum
2014 2423 2104 2461 Pau-

1146 2481 1237 2533 lum,
1257 2483 1398 2520 Carnis
1414 2496 1549 2520 curam
1566 2497 1614 2520 ne
1628 2486 1756 2535 agatis
1769 2485 1824 2521 nd
1837 2487 2105 2536 concupiscen—
2118 2500 2209 2529 Rom.
2229 2500 2275 2529 13,

1147 2547 1237 2591 tias,
1251 2543 1315 2582 sed
1328 2553 1368 2581 ut
1380 2543 1523 2595 possitis
1536 2543 1741 2594 subsistere,
1756 2553 1789 2582 et
1804 2545 1931 2596 majori
1942 2545 2106 2583 alacrita-
2123 2541 2170 2581 ’4-

1145 2614 1180 2643 te
1197 2605 1302 2643 rebus
1327 2605 1575 2657 spiritualibus
1598 2618 1740 2657 operam
1761 2605 1858 2644 dare.
1876 2606 1959 2643 Haec
1986 2608 2105 2646 omnia

1145 2667 1317 2705 fratribus
1346 2665 1474 2704 vestris
1506 2665 1614 2703 dicite
1630 2695 1639 2709 ‚
1671 2675 1704 2703 et
1741 2665 1884 2704 suadete
1924 2667 1996 2705 illis
2013 2698 2023 2716 ,
2063 2682 2108 2706 ne

1145 2742 1316 2779 umquam
1331 2725 1507 2779 spirituali
1530 2726 1598 2763 hoc
1621 2726 1790 2763 alimento
1811 2740 1847 2763 sc
1866 2727 2026 2778 priven13
2042 2728 2106 2766 sed

1145 2789 1209 2827 etsi
1226 2787 1345 2841 pransi
1364 2788 1448 2835 sint,
1466 2786 1611 2825 veniant
1630 2786 1727 2824 omni
1749 2800 1829 2824 cum
1849 2787 2045 2837 alacritate,
2066 2798 2114 2826 ut-

1143 2860 1285 2904 accepta
1297 2851 1357 2888 hic
1369 2848 1547 2902 spirituali
1562 2848 1739 2895 doctrina,
1763 2848 1952 2889 diabolicis
1966 2850 2105 2889 insidiis

1144 2912 1282 2950 fortiter
1303 2911 1460 2949 resistere
1480 2910 1626 2961 possint.
1652 2910 1826 2948 Caeterum
1841 2911 1942 2949 vobis
1961 2927 2105 2951 consue-

1146 2983 1216 3012 tam
1237 2972 1458 3026 spiritualem
1488 2985 1645 3008 mensam
1672 2985 1735 3030 nqs
1759 2986 1995 3024 apponamus,
2013 2974 2103 3011 cari-

1143 3035 1227 3073 tatis
1247 3043 1372 3072 vestrae
1392 3032 1427 3069 in
1447 3031 1634 3069 audiendis
1649 3031 1784 3070 divinis
1804 3033 1964 3072 studium
1979 3035 2029 3072 sic
2048 3049 2101 3073 rc—

1143 3093 1377 3140 muneraturi,
1394 3102 1427 3130 et
1444 3092 1606 3130 debitum
1623 3092 1719 3143 quod
1742 3094 1973 3146 promisimus
1999 3110 2102 3134 exso-

1143 3155 1268 3194 luturi.
1283 3153 1390 3193 Scitis
1409 3152 1503 3190 enim
1521 3153 1677 3203 omnino,
1690 3162 1723 3191 et
1738 3152 1961 3207 meministis,
1979 3171 2042 3195 nos
2057 3157 2102 3194 de

1129 3291 1142 3305 a
1158 3277 1260 3312 Savil.
1280 3284 1314 3309 et
1331 3288 1385 3308 sex
1411 3277 1486 3310 Mss.
1508 3282 1557 3311 τὸν
1583 3283 1725 3322 ἄκρατον,
1744 3278 1888 3324 intellige
1906 3284 1990 3315 olla-2.
2009 3280 2098 3313 lusrn

1087 3329 1190 3364 Savil.
1207 3338 1239 3362 ct
1258 3340 1312 3361 scx
1329 3330 1406 3360 Mss.
1427 3331 1603 3373 ὐποδρύχιον
1619 3335 1792 3375 ἐργάζεται,

2153 899 2304 928 Conse-”iu

2171 950 2304 977 peccatv-

2133 992 2209 1009 rum.
