2516 3791
710 230 753 260 lN
790 229 892 260 CAP-

931 229 994 260 lx.
1032 228 1192 259 GENES.

1233 227 1385 259 uomit„
1420 229 1547 260 xxix.
2059 219 2148 264 325

108 313 349 359 ἀναλαὸόντες,
362 313 453 352 οὕτω
471 311 557 364 πρὸς
572 312 710 351 ἅπαντα
732 313 866 360 πολλὴν
887 311 951 360 τὴν
968 312 1128 365 ἀνδρείαν
1150 315 1175 346 D
1196 311 1378 351 alacritate
1395 311 1643 362 conciliemur,
1670 320 1705 350 et
1737 325 1783 350 ex
1812 313 2000 351 animabus
2021 317 2149 354 nostris

105 374 354 426 ἐπιδειξώμεθα
367 404 377 422 ,
409 374 469 413 καὶ
500 374 658 428 καθάπερ
688 373 770 426 χθὲς
804 374 1028 426 παρεκάλεσα
1063 373 1126 422 τὴν

104 435 272 489 ὑμετέραν
289 436 443 485 ἀγάπην,
462 435 525 480 τὰς
543 436 629 488 πρὸς
643 435 722 480 τοὺς
741 435 882 489 ἐχθροὺς
902 435 1127 488 καταλλαγὰς

103 496 192 548 μετὰ
210 499 342 544 πολλῆς
370 499 431 544 τῆς
447 498 599 545 σπουδῆς
619 496 866 548 ποιησώμεθα,
882 497 942 535 καὶ
962 497 1005 534 τὰ
1020 497 1125 536 λοιπὰ

100 561 163 606 τῆς
180 560 296 611 ψυχῆς
314 558 408 606 πάθη
432 558 641 611 ἐξορίσωμεν
661 562 722 605 τῆς
749 558 921 612 ἡμετέρας
937 574 945 582 ·
965 558 1029 597 κᾶν
1050 561 1125 597 ε’πι-

101 620 206 671 θυμία
252 620 378 663 ἄτοπος
420 622 566 672 ἐνοχλῇ,
597 619 727 667 ταύτην
761 618 1005 671 φυγαδεύωμεν
1023 634 1031 642 ·
1059 617 1124 656 κᾶν

101 682 206 733 θυμὸς
224 683 310 735 πρὸς
328 682 434 733 ὀργὴν
451 683 602 734 διεγείρῃ
616 711 626 728 ,
647 681 940 731 καταστέλλωμεν
958 680 1022 727 τὴν
1044 682 1125 732 φλε-

102 742 234 795 γμονὴν
254 745 298 794 τῇ
327 743 400 795 ᾠδῇ
420 746 489 782 τῶν
507 745 752 794 πνευματικῶν
775 739 1012 793 παραινέσεων
1025 770 1034 788 ,
1054 741 1123 778 δει-

102 803 240 848 κνύντες
270 808 329 842 τοῦ
346 804 475 847 πάθους
502 804 559 842 τὸν
587 804 738 856 ὄλεθρον.
770 802 873 853 Ἀνὴρ
903 801 990 854 γὰρ,
1020 802 1122 853 φησὶ,

101 864 263 915 θυμώδης
275 895 285 912 ,
305 867 367 903 οὐκ
387 864 574 918 εὐσχήμων
589 880 596 888 ·
617 865 676 902 καὶ
695 863 800 901 πάλιν
813 893 824 911 ,
843 863 888 901 ‘O
907 861 1126 914 ὀργιζόμενος

101 928 151 977 τῷ
169 926 307 978 ἀδελφῷ
326 928 429 964 αὐτοῦ
459 929 535 977 εἰκῇ
547 955 557 971 ,
584 925 700 977 ἔνοχος
726 923 824 963 ἔσται
844 925 891 967 εἷς
906 923 968 971 τὴν
984 923 1125 975 γέενναν

100 990 160 1025 τοῦ
182 987 299 1039 πυρός.
321 986 395 1025 Κᾶν
412 988 604 1040 χρημάτων
622 986 788 1037 ἐπιθυμία
807 985 967 1038 ταράσσῃ
985 985 1044 1024 τὸν
1067 987 1125 1025 λο-

1195 373 1425 412 affectionum
1437 373 1662 412 eliminemus
1674 373 1846 425 reliquias
1853 389 1864 424 ;
1875 382 1908 412 et
1919 374 1948 411 si
1968 389 2038 425 qua
2058 391 2146 414 con-

1194 434 1411 486 cupiscentia
1439 449 1551 487 prava
1580 435 1807 484 interturbet,
1832 449 1909 474 eam
1931 436 2146 487 csfugenius;

1194 504 1228 532 et
1246 495 1275 533 si
1296 496 1395 534 furor
1417 496 1464 535 ad
1495 496 1585 535 iram
1619 497 1845 547 exstimulet,
1867 497 2146 550 comprimamus

1195 554 1290 593 hunc
1314 566 1439 594 :estum
1467 566 1571 595 cantu
1589 557 1831 610 spiritualium
1847 557 2146 606 admonitionum,

1193 615 1415 654 ostendentes
1428 631 1536 668 quam
1549 618 1753 669 perniciosae
1763 619 1832 658 sint
1844 619 2061 658 affectiones.
2079 621 2148 658 Vir
2160 626 2247 656 Prov.
2280 636 2327 656 ιι.

1193 675 1308 724 enim,
1330 677 1467 727 inquit,
1489 680 1725 726 iracundus,
1750 695 1829 718 non
1861 683 2044 720 honestus
2066 690 2144 727 εσυ
2159 669 2209 697 ²5¹

1190 735 1382 784 etiterum,
1400 738 1476 788 Qui
1491 741 1811 792 irascitursratri
1824 755 1893 779 suo
1907 746 1990 781 sine
2003 757 2142 789 causa,
2160 752 2276 781 Mntm.
2295 752 2324 781 5.

1194 810 1284 835 reus
1303 800 1374 836 erit
1395 800 1582 850 gehennae
1600 802 1711 851 ignis.
1731 801 1778 839 Et
1793 803 1822 839 si
1837 804 2070 854 pecuniarum
2085 819 2146 842 cu·
2160 802 2210 823 ²²·

1193 857 1324 910 piditas
1344 858 1512 909 incessat,
1529 859 1657 898 demus
1681 875 1846 913 operam,
1865 872 1904 901 ut
1935 878 2034 902 mens
2059 865 2147 903 vitet

1195 925 1329 957 tantam
1357 920 1563 972 perniciem,
1596 931 1630 961 et
1659 922 1753 961 sicut
1782 922 1940 962 radicem
1968 926 2146 964 malorum

1194 981 1355 1019 omnium
1375 982 1640 1022 exscindamus.
1671 983 1731 1022 Sic
1752 984 1958 1023 studeamus
1989 986 2147 1037 singulas

99 1048 245 1100 για-μὸν,
268 1048 403 1101 φεύγειν
430 1048 682 1099 σπουδάζωμεν
701 1046 765 1094 τὴν
784 1046 969 1099 “ὀλεορίαν
994 1046 1123 1094 ταύτην
1146 1054 1171 1085 Ε
1194 1042 1398 1081 affectiones
1414 1044 1526 1082 malas
1542 1044 1730 1096 corrigere,
1750 1059 1820 1096 quo
1840 1055 1873 1084 et
1896 1046 2106 1086 abstinendo
2125 1062 2145 1084 a

98 1109 233 1160 λύμην,
253 1109 312 1148 καὶ
331 1110 488 1161 καθάπερ
506 1110 600 1162 ῥίζαν
624 1112 692 1147 τῶν
709 1111 825 1148 κακῶν
847 1109 1010 1148 ἁπάντων
1027 1107 1124 1146 ἐκτέ-

101 1186 252 1222 μνωμεν.
269 1170 338 1210 Καὶ
353 1171 499 1209 ἕκαστον
515 1170 550 1210 δὲ
566 1174 634 1209 τῶν
651 1170 883 1223 ἐνοχλούντων
898 1173 982 1220 ἡμῖν
1001 1172 1122 1208 παθῶν

101 1234 252 1284 διορθοῦν
273 1231 522 1283 σπουδάζωμεν
533 1262 545 1278 ,
574 1231 631 1270 ἵνα
658 1232 717 1270 καὶ
738 1233 806 1269 τῶν
827 1232 1009 1283 βλαὸερῶν
1040 1233 1123 1271 ἀπε-

99 1293 261 1345 χόμενοι,
294 1293 354 1331 καὶ
387 1292 450 1336 τὰς
485 1293 616 1346 ἀγαθὰς
652 1291 794 1346 πράξεις
830 1292 1121 1343 μεταδι(ι’)κοντες,

99 1355 299 1404 δυνηθῶμεν
331 1354 421 1393 κατὰ
453 1353 515 1401 τὴν
545 1353 680 1405 ἡμέραν
713 1352 847 1400 ἐκείνην
879 1353 943 1401 τὴν
971 1353 1120 1406 φοὸερὰν

99 1417 161 1461 τῆς
185 1414 281 1467 παρὰ
301 1419 359 1453 τοῦ
377 1417 468 1455 Θεοῦ
492 1415 752 1468 φιλανθρωπίας
773 1413 982 1463 ἀξιωθῆναι,
1000 1415 1121 1469 χάριτι

99 1475 158 1513 καὶ
184 1478 373 1530 οἷκτιρμοῑς
400 1479 460 1515 τοῦ
491 1479 693 1527 μονογενοῦς
720 1478 822 1514 αὐτοῦ
842 1476 946 1523 Υἱοῧ,
976 1477 1052 1526 μεθ’
1081 1470 1120 1515 οῧ

98 1539 148 1590 τῷ
170 1537 304 1590 Πατρὶ,
327 1538 401 1588 ἅμα
419 1540 468 1590 τῷ
490 1537 577 1590 ἁγίῳ
607 1536 814 1588 Πνεύματι,
846 1536 944 1585 δόξα,
976 1537 1117 1591 κράτος,

97 1597 202 1649 τιμὴ,
221 1602 278 1636 νῦν
297 1598 358 1639 καὶ
378 1599 448 1648 ἀεὶ,
478 1598 537 1637 καὶ
557 1601 604 1643 εἷς
623 1598 702 1643 τοὺς
727 1601 855 1643 αἰῶνας
878 1600 948 1637 τῶν
972 1597 1118 1638 αἰώνων.

98 1659 218 1712 Ἀμήν.

477 1790 655 1829 ΟΜΙΛῙΑ
675 1791 740 1829 κο’.

97 1912 166 1951 Καὶ
189 1911 319 1964 ἤρξατο
340 1913 420 1951 Νῶε
452 1913 632 1966 ἄνθρωπος
658 1912 809 1965 γεωργὸς
833 1915 915 1965 γῆς,
947 1912 1006 1951 καὶ
1035 1910 1119 1966 ἐφύ-

148 1990 266 2012 τευσεν
297 1977 508 2025 ἀμπελῶνα,
538 1974 598 2014 καὶ
627 1974 722 2013 ἔπιεν
753 1976 793 2012 ἐκ
819 1979 879 2014 τοῦ
910 1974 1026 2021 οἴνου,
1059 1974 1119 2013 καὶ

148 2035 334 2086 ἐμεθύσθη.

146 2162 240 2213 Πρὸς
258 2161 297 2200 τὸ
315 2160 412 2205 τέλος
430 2160 550 2198 λοιπὸν
573 2160 772 2213 ἐφθάσαμεν
790 2164 852 2208 τῆς
876 2161 968 2200 κατὰ
984 2161 1042 2200 τὸν
1062 2162 1116 2200 δί·

94 2239 189 2262 καιον
223 2222 416 2267 ὑποθέσεως
432 2239 440 2246 ·
473 2223 547 2271 διὸ,
573 2224 768 2276 παρακαλῶ
782 2253 792 2271 ,
827 2223 1026 2264 συντείνατέ
1056 2240 1116 2276 μοι

91 2284 155 2330 τὴν
188 2283 340 2322 διάνοιαν
353 2315 362 2332 ,
391 2284 450 2322 καὶ
489 2283 579 2335 μετὰ
612 2284 791 2336 ἅκριὸείας
818 2284 1008 2337 προσέχετε
1044 2292 1115 2330 τοῖς

88 2344 296 2397 λεγομένοις.
329 2344 421 2383 Οὐδὲ
439 2344 508 2399 γὰρ
541 2344 668 2399 μικρὰ,
687 2344 762 2383 οὐδὲ
792 2344 837 2383 τὰ
865 2346 1016 2399 τυχόντα
1038 2347 1112 2385 ε’στὶ

89 2405 342 2458 καρπώσασθαι
360 2406 419 2445 καὶ
437 2409 477 2444 ἐκ
495 2409 565 2444 τῶν
583 2406 734 2458 σήμερον
753 2407 1023 2458 ἀνεγνωσμένων
1037 2422 1046 2430 ·
1064 2407 1110 2447 τὰ

89 2468 156 2519 γὰρ
173 2473 244 2512 τοῖς
267 2469 427 2512 παλαιοῖς
444 2467 706 2519 συμὲεὸηκότα,
727 2473 741 2490 ⁸
757 2471 787 2506 εἶ
818 2469 1025 2520 βουλοίμεθα
1044 2471 1108 2518 νή-

87 2544 185 2580 φειν,
216 2528 382 2581 μεγίστης
408 2533 494 2580 ἡμῖν
525 2529 750 2573 διδασκαλίας
777 2530 936 2574 ὑπόθεσις
962 2530 1106 2584 γίνεται.
1132 2543 1156 2573 Β

88 2590 158 2628 Διὰ
180 2590 248 2644 γὰρ
265 2594 366 2629 τοῦτο
385 2591 423 2628 οὗ
443 2589 545 2641 μόνον
562 2589 608 2629 τὰ
636 2590 891 2644 κατορθώματα
909 2595 979 2630 τῶν
999 2593 1106 2645 ἁγίων

87 2651 303 2706 γέγραπται,
324 2652 415 2692 ἀλλὰ
442 2652 500 2691 καὶ
528 2651 573 2691 τὰ
601 2652 859 2705 ἁμαρτήματα,
886 2653 943 2693 ἵνα
974 2654 1019 2694 τὰ
1043 2656 1106 2707 μὲν

87 2713 266 2765 φεύγωμεν
280 2744 290 2762 ,
314 2713 359 2752 τὰ
378 2714 414 2752 δὲ
436 2714 648 2765 ζηλώσωμεν
664 2730 672 2738 ·
692 2713 752 2752 καὶ
782 2716 820 2753 οὓ
851 2717 954 2754 τοῦτο
982 2717 1105 2768 μόνον,

88 2774 177 2812 ἀλλὰ
196 2774 345 2814 δείκνυσί
359 2791 412 2814 σοι
429 2778 451 2822 ἡ
468 2775 543 2814 θεία
555 2777 584 2814 Γ
588 2774 677 2829 ραφὴ
693 2776 753 2814 καὶ
770 2775 922 2821 δικαίους
935 2778 1106 2824 πολλάκις

87 2835 297 2887 σφαλέντας,
316 2836 375 2874 καὶ
401 2835 628 2889 ἁμαρτωλοὺς
645 2836 777 2885 πολλὴν
806 2839 1006 2889 μεταὸολὴν
1030 2843 1107 2880 ἐπι-

87 2895 325 2946 δειξαμένους,
346 2896 402 2935 ἵνα
422 2897 633 2950 ἑκατέρωθεν
651 2901 822 2951 ἀρκοῦσαν
836 2898 1016 2950 δεξώμεθα
1042 2901 1105 2949 τὴν

86 2956 290 3008 ἀσφάλειαν,
305 2957 364 2996 καὶ
381 2957 469 3009 μήτε
483 2962 502 2997 ὁ
516 2957 624 3002 ἑστὼς
640 2961 751 3012 Οαῤῥῇ
766 2963 854 3014 ὁρῶν
871 2961 931 3000 καὶ
952 2962 1106 3007 δικαίους

85 3016 392 3067 ι’κοιταπεσόντοις,
415 3019 505 3070 μήτε
523 3023 541 3058 ὁ
561 3022 596 3058 ἐν
616 3021 866 3075 ἁμαρτήμασιν
889 3021 937 3060 ὧν
965 3026 1106 3075 ἀπαγο-

87 3079 168 3131 ρεύῃ
182 3108 191 3126 ,
211 3080 462 3134 ἷδᾶ)ν;πολλοὺς
477 3083 721 3135 ἀνενεγκόντας
739 3084 798 3123 καὶ
813 3085 900 3138 πρὸς
914 3085 1022 3133 αὐτὴν
1042 3085 1106 3133 τὴν

86 3140 195 3192 ἄκραν
224 3141 375 3194 κορυφὴν
403 3143 774 3196 φθάσαιζδυνηθέντας.
808 3145 941 3190 Μηδεὶς
971 3145 1084 3185 τοίνυν
1096 3176 1106 3193 ,

88 3203 302 3254 παρακαλῶ,
321 3204 385 3242 κᾶν
406 3205 520 3244 πολλὰ
538 3205 795 3258 κατορθώματα
814 3209 927 3260 ἑαυτῷ
946 3206 1107 3251 συνειδὼς

133 3326 146 3340 ⁸
170 3316 322 3357 Quatuor
339 3319 415 3352 Mss.
434 3326 488 3359 τὴν
504 3325 647 3365 ὀλέθριον.
665 3321 814 3365 Utraque
839 3321 947 3355 forma
972 3323 1006 3356 in
1036 3334 1094 3355 usu

90 3376 149 3400 est.

136 3431 147 3445 ὃ
174 3421 244 3453 Duo
261 3423 336 3455 Mss.
352 3427 375 3457 εἰ
390 3429 567 3467 βουλώμεθα.
584 3430 699 3466 μαθεῖν.

1194 1103 1310 1153 malis,
1328 1113 1362 1143 et
1379 1104 1546 1143 sectando
1575 1119 1682 1158 opera
1701 1106 1809 1156 hona,
1842 1107 2019 1159 possimus
2035 1108 2070 1146 in
2089 1108 2148 1147 die

1195 1164 1258 1204 illo
1281 1165 1579 1205 tremendoaDeo
1596 1166 1875 1205 misericordiam
1895 1169 2046 1219 assequi,
2064 1183 2146 1219 gra-

1193 1226 1243 1264 tia
1255 1235 1288 1264 et
1302 1227 1592 1266 miserationibus
1610 1228 1781 1281 unigeniti
1793 1229 1868 1281 ejus
1882 1229 2047 1280 Filii,cui
2062 1244 2145 1268 cum

1194 1288 1313 1339 Patre,
1335 1298 1371 1326 ct
1389 1289 1528 1342 Spiritu
1542 1298 1662 1328 sancto
1681 1289 1727 1328 sit
1747 1290 1874 1342 gloria,
1890 1291 2099 1344 imperium,
2113 1300 2147 1329 et

1191 1349 1316 1400 honor,
1331 1364 1424 1390 nunc
1445 1361 1479 1390 et
1497 1366 1650 1405 semper,
1667 1361 1701 1391 et
1721 1352 1758 1391 in
1777 1352 1904 1392 saecula
1923 1354 2146 1392 saeculorum.

1190 1413 1317 1450 Amen.

1131 1757 1180 1782 279

1445 1784 1657 1823 HOMILIA
1679 1785 1820 1824 XXIX.

1191 1913 1236 1951 Et
1256 1914 1361 1967 eoepit
1384 1915 1459 1954 Noe‘
1476 1915 1582 1954 homo
1603 1916 1760 1969 agricola
1776 1925 1890 1968 terrae,
1913 1927 1947 1957 et
1965 1918 2140 1971 plantavit
2158 1931 2231 1957 Gan.
2246 1939 2275 1970 9.
2292 1939 2340 1960 ιο.

1242 1975 1395 2028 vineam,
1419 1985 1453 2016 et
1474 1977 1566 2016 bibit
1584 1977 1630 2016 de
1661 1978 1746 2017 vino
1765 1994 1773 2015 :
1795 1987 1829 2017 et
1864 1979 2058 2019 inebriatus
2076 1989 2137 2021 est.
2155 1978 2203 1999 ²¹·

1240 2159 1276 2195 1.
1308 2156 1365 2194 Ad
1384 2156 1492 2195 finem
1523 2156 1665 2196 tandem
1696 2159 1898 2210 argumenti
1928 2159 1977 2199 ad
1999 2161 2138 2213 justum

1185 2217 1281 2255 hune
1293 2217 1488 2270 spectantis
1505 2218 1670 2257 venimus
1691 2234 1700 2255 ε
1731 2218 1812 2258 ideo
1840 2220 2001 2271 obsecro,
2021 2232 2138 2261 mente

1184 2281 1318 2320 intenta
1333 2281 1465 2329 adeste,
1477 2291 1510 2321 et
1520 2281 1710 2335 diligenter
1723 2298 1801 2334 quoe
1812 2283 1984 2324 dicuntur
1996 2287 2136 2325 auscul-

1184 2352 1266 2383 tate,
1285 2345 1378 2382 Nam
1391 2357 1437 2382 ex
1456 2343 1500 2382 iis
1519 2358 1598 2395 quae
1619 2343 1728 2383 hodie
1754 2345 1844 2383 lecta
1864 2355 1945 2384 sunt
1964 2360 2033 2385 non
2051 2362 2133 2400 par-

1181 2419 1284 2456 vum,
1305 2419 1420 2457 neque
1436 2407 1623 2458 vulgarem
1650 2406 1834 2459 percipere
1850 2407 1932 2446 licet
1944 2409 2129 2447 fructum:

1180 2467 1471 2520 quandoquidem
1489 2483 1568 2520 quae
1594 2468 1723 2521 priscis
1738 2478 1945 2520 evenerunt,
1964 2470 1993 2508 si
2011 2484 2133 2522 sapere

1179 2529 1415 2580 voluerimus,
1432 2529 1598 2567 maximae
1618 2529 1720 2567 nobis
1734 2529 1905 2568 doctrinae
1926 2539 2009 2568 sunt
2027 2545 2130 2569 occa—

1179 2591 1246 2630 sio.
1260 2591 1345 2630 ldeo
1364 2591 1460 2629 enim
1478 2604 1547 2629 non
1562 2590 1678 2628 solum
1691 2605 1798 2643 opera
1814 2600 2016 2629 sanctorum
2037 2593 2129 2631 bona
2161 2603 2226 2632 Non
2239 2605 2332 2633 sotum

1179 2652 1309 2706 scripta
1329 2661 1424 2700 sunt,
1444 2651 1508 2690 sed
1522 2651 1628 2690 etiam
1647 2662 1802 2704 peccata,
1830 2661 1871 2691 ut
1889 2653 1964 2691 haec
1983 2653 2128 2704 quidem
2142 2646 2333 2716 &sfe‘zpec‘gj

1177 2715 1372 2767 fugiamus,
1392 2713 1454 2751 illa
1473 2727 1556 2752 vero
1576 2712 1777 2751 imitemur:
1794 2727 1904 2765 neque
1917 2714 1984 2753 hoc
1999 2715 2126 2765 solum,
2142 2736 2202 2758 cata
2216 2698 2333 2756 „uicino-

1177 2775 1240 2814 sed
1259 2783 1429 2813 monstrat
1445 2774 1590 2826 insuper
1602 2772 1727 2812 divina
1752 2774 1938 2827 Scriptura
1965 2784 1999 2813 et
2012 2776 2127 2828 justos
2142 2780 2330 2840 ἓῖἳιιῑζζοΡο·

1177 2851 1270 2889 saepe
1289 2837 1420 2888 lapsos,
1442 2844 1475 2873 et
1502 2843 1701 2886 peccatores
1731 2848 1897 2886 magnam
1921 2835 2128 2876 exhibentes
2152 2852 2161 2857 ·
2259 2833 2264 2839 ’

1176 2898 1258 2938 vitae
1272 2896 1551 2945 conversionem,
1565 2909 1636 2947 quo
1655 2895 1822 2947 utrinque
1834 2897 2015 2936 sufficiens
2026 2899 2129 2937 nobis

1177 2969 1267 3000 esset
1287 2959 1437 3007 cautela,
1453 2967 1486 2996 et
1506 2971 1619 3008 neque
1634 2957 1694 3008 qui
1716 2967 1784 2996 stat
1807 2958 2042 2998 confidentior
2065 2960 2128 3007 sit,

1178 3022 1304 3061 videns
1324 3030 1357 3059 et
1375 3021 1490 3073 justos
1505 3017 1684 3067 cecidisse,
1700 3033 1813 3071 neque
1830 3020 1892 3071 qui
1913 3021 1947 3059 in
1978 3022 2130 3074 peccatis

1179 3093 1229 3123 cst
1244 3084 1422 3136 desperet,
1436 3081 1567 3119 multos
1582 3080 1801 3133 conspiciens
1813 3082 1874 3133 qui
1888 3082 2128 3135 resipuerunt,

1179 3155 1211 3184 et
1229 3144 1275 3183 ad
1290 3156 1470 3182 summum
1489 3140 1632 3179 virtutis
1648 3141 1785 3193 apicem
1802 3143 1986 3194 pervenire
2003 3153 2129 3195 potue-

1180 3215 1274 3245 runt.
1307 3205 1430 3255 Itaque
1449 3202 1584 3251 nullus,
1615 3216 1747 3254 quaeso,
1777 3197 1915 3242 tametsi
1936 3204 2132 3242 multm‘um

1174 3322 1189 3344 θ’
1214 3319 1368 3363 Quinque
1386 3317 1714 3356 mammam-2125,
1726 3323 1774 3352 καὶ
1792 3322 1806 3353 ὸ
1822 3323 1851 3352 ἐν
1868 3323 2084 3362 ἁμαρτήμασιν
2103 3326 2139 3352 erm

1132 3381 1223 3413 ἀτταγ-
