2516 3791
639 192 681 221 tx
721 192 821 221 mv.

88 281 181 326 ἄξιον
196 279 462 331 παραδραμεῖν,
482 274 571 314 ἀλλὰ
589 291 648 313 και
666 275 798 322 αὐτὴν,
815 277 862 318 ὡς
878 268 947 312 οἶόν
965 290 1025 320 τε,
1045 273 1113 311 διε-

93 339 386 394 ρευνησαμένους,
408 338 486 376 τότε
505 339 610 376 πάλιν
627 336 685 375 ἐπὶ
708 335 771 383 τὴν
794 335 885 373 κατὰ
903 335 960 373 τὸν
983 333 1113 386 Ἰωσὴφ

88 401 249 439 ὑπόθεσιν
272 402 415 438 “ἑλθεῖν.
447 398 512 444 Τίς
537 403 596 438 οὖν
623 400 717 437 ἐστιν
744 401 765 443 ἡ
797 399 831 435 ἐν
853 395 950 449 μέσῳ
969 395 1112 447 κειμένη

89 463 270 513 διηγησις·
263 492 272 509 ,
291 460 337 499 ll
354 460 445 500 κατὰ
464 462 522 500 τὸν
542 460 688 500 Ἰούδαν.
722 462 836 503 Οὗτος
855 458 922 510 γὰρ
943 457 1115 511 θυγατέρα

92 522 286 562 Χαναναίου
313 523 429 561 λαὸὼν
459 529 607 575 γυναῖκα
637 522 744 568 τὴν
721 520 858 567 ...αύαν,
876 519 935 558 καὶ
953 516 1115 572 ἐσχηκὼς

88 583 124 628 ἐξ
140 586 247 630 αὖτης
267 589 358 636 τρεῖς
377 585 526 631 παῖδας,
555 583 682 630 ἔλαὸε,
700 581 808 635 φησὶ,
830 583 880 618 τῶ
901 578 1115 632 πρωτοτόκῳ

90 643 129 664 *
134 647 189 698 Ηρ
206 644 269 692 τὴν
288 645 422 697 Θάμαρ
442 651 602 697 γυναῖκα.
621 643 768 690 Ἰῗπειδὴ
790 641 825 680 δὲ
842 640 991 692 πονηρὸς
1006 640 1113 694 ἐφάνη

88 707 240 746 ἐναντίον
266 706 416 760 Κυρίου,
438 707 638 746 ἀπέκτεινεν
659 705 762 744 αὐτὸν
781 708 799 744 ὁ
819 703 921 748 Θεός.
949 702 1018 742 Καὶ
1038 702 1116 741 ε’πέ-

88 770 193 822 τρεψε
215 771 265 820 τῷ
295 768 411 807 Αὐνὰν
442 768 585 806 λαὸόντι
609 766 673 814 τὴν
702 769 761 804 τοῦ
788 766 937 817 ἀδελφοῦ
965 769 1116 815 γυναῖκα

91 832 289 875 ἀναστῆσαι
314 829 455 882 σπέρμα
485 831 534 881 τῷ
557 829 708 880 ἀδελφῷ.
745 829 861 866 Τοῦτο
883 824 950 876 γὰρ
973 828 992 863 ὁ
1011 825 1116 876 νόμος

89 892 244 929 ἐκέλευεν
259 919 268 937 ,
295 890 438 930 ἀτέκνου
468 889 701 932 ἀποθανόντος
723 889 872 940 ἀδελφοῦ
890 886 948 925 τὸν
969 887 1117 938 ἀδελφὸν

88 951 241 990 λαὸόντα
266 951 329 999 τὴν
350 957 517 1002 γυναῖκα,
544 953 688 1004 ἀνιστᾷν
715 953 766 1003 τῷ
794 950 933 1002 ἀδελφῷ
963 948 1116 1001 σπέρμα.

91 1014 198 1053 Ἀλλὰ
241 1014 301 1052 καὶ
337 1017 458 1053 τοῦτον
492 1014 641 1065 πονηρὸν
672 1013 824 1065 φανέντα
853 1012 1068 1052 ἐθανάτωσεν
1100 1014 1118 1049 ὁ

88 1075 189 1120 Θεός.
217 1077 332 1115 Τοῦτο
363 1075 420 1113 τὸν
448 1074 582 1114 Ἰούδαν
604 1077 651 1118 εἷς
671 1074 776 1127 φόὸον
796 1074 992 1120 κατέστησε
1009 1104 1018 1122 ,
1049 1075 1118 1111 τῶν

90 1136 150 1175 δύο
173 1137 307 1176 παίδων
332 1138 396 1185 τὴν
417 1137 594 1190 ἀναίρεσιν
609 1135 700 1175 οὕτω
721 1142 865 1189 ταχεῖαν
884 1136 1096 1187 θεασάμενον
1111 1151 1118 1158 ·

90 1200 149 1238 καὶ
179 1200 384 1252 βουλόμενος
409 1199 471 1247 τὴν
497 1200 629 1251 Θάμαρ
657 1198 1004 1251 παραμυθήσασθαι,
1032 1197 1118 1236 ὑπέ-

90 1277 196 1314 σχιετο
211 1261 269 1300 καὶ
289 1262 347 1300 τὸν
367 1262 482 1313 ἕτερον
502 1261 574 1300 υἱὸν
595 1260 718 1299 δώσειν
737 1262 837 1312 αὐτῇ,
858 1259 917 1298 καὶ
932 1262 995 1299 οὐκ
1009 1260 1117 1307 ἐπλή-

92 1338 150 1375 ρου
175 1322 218 1360 τὰ
248 1322 525 1374 ἐπαγγελθέντα,
560 1321 680 1367 δεδιὼς
711 1322 760 1373 μὴ
792 1322 850 1360 καὶ
870 1322 972 1366 αὐτὸς
991 1321 1118 1372 ὁμοίως

88 1390 161 1427 τοῖς
191 1384 350 1436 ἀδελφοῖς
381 1384 445 1431 τὴν
474 1383 647 1436 τιμωρίαν
675 1383 826 1429 δέξηται.
875 1382 1031 1426 Ταύταις
1058 1376 1116 1421 οῧν

89 1451 165 1488 ταῖς
183 1445 396 1498 ὑποσχέσεσι
415 1444 610 1498 τρεφομένη
630 1449 652 1492 ἡ
678 1444 810 1497 Θάμαρ
832 1446 867 1484 ἐν
883 1447 934 1497 τῷ
951 1444 1035 1498 οἴκῳ
1054 1448 1114 1483 τοῦ

88 1505 221 1560 πατρὸς
241 1507 348 1554 αὐτῆς
362 1537 370 1551 ,
393 1506 512 1559 φησὶν,
535 1505 730 1553 ἐκαθέζετο,
751 1505 971 1557 ἀναμένουσα
992 1508 1038 1550 εἷς
1058 1506 1115 1559 ἔρ-

89 1582 148 1618 γον
175 1569 283 1605 ἐλθεῖν
310 1571 370 1606 τοῦ
395 1571 561 1620 πενθεροῦ
585 1567 648 1615 τὴν
677 1568 866 1620 ὑπόσχεσιν
881 1583 888 1591 ’
917 1567 976 1606 καὶ
1001 1570 1118 1622 ὁρῶσα

89 1629 147 1668 τὸν
163 1629 294 1668 Ἰούδαν
316 1633 354 1668 οὗ
378 1629 585 1681 βουλόμενον
603 1629 648 1667 τὰ
667 1629 924 1681 ε’παγγελθέντα
943 1631 1115 1682 πληροῦν,

90 1690 176 1734 τέως
204 1691 324 1744 πράως
342 1691 474 1743 ἔφερεν,
502 1693 564 1729 οὖκ
585 1691 780 1743 ἀνεχομένη
802 1690 864 1738 τὴν
893 1690 978 1743 πρὸς
999 1691 1116 1743 ἕτερον

90 1752 292 1800 συνουσίαν,
322 1752 411 1791 ἀλλὰ
430 1752 624 1806 στέργουσα
642 1752 706 1799 τὴν
725 1752 872 1805 χηρείαν
888 1783 898 1801 ,
919 1752 978 1790 καὶ
997 1753 1118 1805 καιρὸν

93 1813 291 1859 ἐπιτήδειον
314 1813 551 1864 ἀναμένουσα·
584 1814 728 1852 ἔσπευδε
762 1813 830 1866 γὰρ
859 1817 897 1853 ἐκ
916 1817 974 1852 τοῦ
994 1818 1118 1853 πενθε·

93 1878 152 1925 ροῧ
182 1876 441 1920 τεκνοποιῆσαι.
479 1874 578 1915 1’Καὶ
605 1875 726 1923 ἐπειδὴ
756 1869 826 1914 εἶδε
855 1875 918 1923 τὴν
951 1875 1119 1928 πενθερὰν

91 1936 352 1982 τελευτήσασαν
364 1965 373 1982 ,
400 1936 459 1975 καὶ
478 1937 535 1975 τὸν
557 1936 689 1976 Ἰούδαν
710 1939 756 1980 εἷς
775 1936 908 1989 Θάμνα
927 1936 1118 1990 παραγινό-

94 2013 194 2048 μενον
211 2025 220 2043 ,
253 1997 343 2036 ὥστε
375 2005 486 2052 κεῖραι
514 1998 557 2037 τὰ
584 1999 753 2050 ποίμνια,
777 1999 904 2052 κλέψαι
924 1998 1117 2052 βουλομέκη

93 2059 157 2106 τὴν
181 2059 365 2098 συνουσίαν
396 2065 455 2099 τοῦ
487 2064 676 2113 πενθεροῦ,
707 2060 803 2099 καὶ
788 2061 822 2106 εξ
848 2061 979 2100 ἐκείνου
996 2062 1116 2100 ἐπιθυ-

94 2125 206 2171 μοῦσα
239 2137 506 2170 τεκνοποιησαι,
535 2123 572 2161 οὐ
593 2123 636 2160 δι’
656 2123 865 2174 ἀσέλγειαν,
900 2123 948 2174 μὴ
969 2122 1116 2175 γένοιτο,

93 2181 184 2220 ἀλλὰ
211 2181 267 2220 διὰ
292 2182 331 2221 τὸ
361 2183 450 2233 μὴ
432 2184 526 2229 οόξαι
548 2183 727 2235 ἀνώνυμός
746 2200 798 2229 τις
817 2188 924 2223 εἶναι·
948 2185 1060 2228 ἄλλως
1082 2185 1118 2223 δὲ

92 2243 152 2282 καὶ
168 2245 322 2293 οἷκονομι
325 2261 346 2282 α
360 2248 402 2291 ἠν
418 2246 457 2284 τὸ
470 2246 665 2297 γινόμενον,
679 2245 755 2285 ὅθεν
773 2245 832 2284 καὶ
851 2248 898 2289 εἷς
913 2245 1012 2298 ἔργον
1028 2245 1117 2290 ἐξελ-

92 2308 162 2343 θεῖν
185 2304 229 2343 τὰ
251 2306 479 2356 βουλευθέντα
497 2309 584 2359 αὐτῇ
605 2307 752 2359 ἐγένετο.
781 2306 1020 2361 Περιελομένη
1037 2307 1118 2361 γὰρ,

93 2365 202 2417 φησὶ,
227 2365 270 2404 τὰ
299 2367 425 2417 ἱμάτια
452 2368 650 2422 χηρεύσεως
669 2370 795 2418 αὐτῆς,
824 2368 883 2407 καὶ
906 2368 1117 2421 περιὸαλλο-

95 2427 182 2477 μένη
208 2427 408 2480 θέριστρον,
434 2446 492 2468 και
522 2431 842 2482 καλὶωπισαμένη,
865 2430 1004 2470 ἐκάθισε
1031 2430 1118 2483 πρὸς

94 2495 170 2532 ταῖς
190 2489 296 2527 πύλαι
287 2506 326 2533 ς.
364 2485 501 2528 Etm⁰
477 2507 598 2554 ωσπερ
618 2493 883 2544 ἀπολογουμένη
903 2492 991 2547 ὑπὲρ
1011 2494 1118 2540 αὔτης

97 2552 118 2595 ἡ
139 2550 214 2588 θεία
235 2552 261 2589 l
266 2551 356 2603 ραφή
377 2566 503 2603 φησιν·
525 2546 608 2591 lites
625 2553 692 2606 γὰρ
710 2553 764 2591 ὅτι
782 2553 890 2606 μέγας
909 2553 1028 2605 γέγονε
1044 2555 1117 2602 Ση-

95 2612 196 2662 λώμ·
217 2611 319 2655 αὐτὸς
340 2611 375 2650 δὲ
401 2615 463 2651 οὐκ
486 2613 612 2652 ἔδωκεν
634 2614 740 2662 αὐτην
757 2616 851 2654 αὐτῶ
870 2621 1038 2667 γυιαῖκα·
1058 2631 1117 2654 και

95 2671 152 2710 διὰ
170 2675 272 2710 τοῦτο
290 2672 348 2710 ἐπὶ
369 2673 497 2721 ταύτην
513 2674 658 2726 ὥρμησε
672 2675 734 2722 τὴν
751 2675 889 2724 ἀπάτην
933 2674 978 2715 ‘O
998 2676 1117 2727 μέντοι

97 2733 227 2776 Ἰούδας
255 2733 399 2784 νομίσας
427 2735 534 2783 αὐτὴν
556 2736 689 2789 πόρνην
717 2730 804 2776 εἶναι
836 2737 1118 2790 (κατεκαλύψατο

95 2792 162 2845 γὰρ
190 2793 303 2841 ἐκείνη
331 2795 369 2833 τὸ
388 2796 574 2848 πρόσωπον
589 2827 599 2845 ,
628 2797 719 2837 ὥστε
740 2798 789 2850 μὴ
812 2800 1010 2847 κατάδηλος
1026 2799 1120 2850 γενέ-

97 2857 202 2900 σθαι),
224 2854 267 2893 ’E
271 2854 400 2898 ξέκλινε
420 2858 505 2910 πρὸς
519 2859 639 2906 αὐτην.
675 2859 758 2898 Ἡ
739 2861 775 2899 οὲ
795 2865 890 2899 εἰπε·
918 2859 952 2898 τί
973 2875 1032 2911 μοι
1054 2859 1117 2898 δώ·

97 2932 184 2961 σεις;
203 2915 247 2954 Ὁ
279 2915 314 2955 δὲ
342 2918 561 2970 ὑπέσχετο”
542 2935 656 2973 εριφον
677 2937 713 2959 αι
715 2938 785 2973 (ων
811 2921 1049 2961 ἀποστέλλειν.
1073 2921 1118 2960 ll

97 2977 133 3014 δὲ
150 2971 267 3014 εἶπεν·
288 2977 391 3016 ἐὰν
372 2981 438 3030 σῶς
459 2980 658 3032 ἀρραὸῶνα,
684 2982 748 3027 ἕως
768 2987 828 3022 τοῦ
848 2983 1055 3023 ἀποστεῖλαί
1068 2999 1117 3023 σε.

96 3038 203 3077 Καὶ*
185 3040 291 3077 εδωκε
311 3040 368 3078 τὸν
374 3041 594 3089 δακτύλιον,
613 3044 671 3082 καὶ
692 3043 750 3082 τὸν
774 3046 958 3098 ὁρμίσκον,
976 3045 1035 3084 καὶ
1055 3061 1119 3091 την

98 3099 243 3150 pamm,
263 3101 322 3138 καὶ
342 3103 480 3148 εἷσῆλθε
499 3103 583 3154 πρὸς
603 3104 711 3151 αὐτὴν
725 3135 734 3153 ,
753 3105 811 3144 καὶΙ
838 3108 872 3144 ἐν
893 3106 1018 3159 γαστρὶ
1039 3106 1119 3144 ἔλα-

98 3159 156 3197 ὅεν
176 3160 211 3204 ἐξ
230 3163 345 3201 αὐτοῦ.
382 3163 485 3202 Ἀλλὰ
506 3164 625 3214 μηδεὶς
641 3169 752 3204 ταῦτα
770 3166 904 3205 ἀκούων
924 3183 1117 3219 καταγινω-

143 3297 157 3308 ··
177 3285 278 3320 Savil.
294 3294 326 3319 et
341 3299 394 3320 sex
411 3289 488 3324 uss.
509 3294 644 3330 ἐξελθεῖν-

145 3338 158 3350 “
178 3337 238 3369 llic
257 3338 384 3373 uidetur
400 3341 660 3386 Clirysostoinus
678 3352 815 3385 peccato
842 3344 896 3376 t-:ri
920 3353 951 3376 et
977 3344 1102 3376 ,tun-mi

102 3389 275 3423 iden-ndo
300 3394 527 3436 supersedere,
547 3396 620 3439 qni.-
651 3403 822 3437 peceatum
850 3397 898 3429 *el
931 3397 1022 3430 ‹lictu
1053 3406 1103 3429 tur

861 191 1058 221 ᾸΧΧΨΙΙΙ.
1092 190 1254 219 Gumis.

2053 178 2146 225 035

1192 281 1309 311 texere
1328 273 1497 312 doctrina:
1514 288 1712 313 sermonem
1730 291 1736 312 :
1757 290 1878 314 verum
1896 277 1930 315 in
1948 277 2064 314 medio
2080 278 2146 315 alia

1189 335 1352 387 quaedam
1373 336 1530 375 narratio
1554 337 1749 389 interiacet,
1773 352 1880 389 quam
1908 352 1976 375 non
2009 353 2148 389 aquom

1191 405 1241 434 est
1257 411 1319 434 nos
1346 397 1617 450 pi·aete1·ire;sed
1636 412 1726 451 opus
1741 408 1792 436 est
1815 408 1852 437 ut
1871 408 2045 449 quantum
2063 414 2148 451 pos-

1188 458 1293 496 sibile
1314 468 1365 496 est
1391 469 1668 511 perscrutemur,
1693 469 1725 498 et
1745 459 1796 498 sic
1816 460 1945 499 iterum
1970 460 2015 498 acl
2039 475 2148 511 argu-

1189 529 1347 558 mentum
1369 521 1516 573 josephi
1540 521 1736 560 redeamus.
1756 524 1930 570 Quaenam
1959 522 2070 574 igitur
2090 523 2149 560 illa

1187 595 1268 633 quae
1283 581 1506 620 interseritur
1517 583 1672 621 narratio
1683 583 1701 620 Ξ)
1717 582 1784 621 llla
1796 582 1840 621 de
1853 582 1958 623 Juda.
1974 583 2041 622 llic
2056 583 2150 622 enim

1187 652 1330 695 accepta
1345 643 1380 680 in
1398 657 1547 681 uxorem
1569 643 1643 682 lilia
1659 644 1862 692 Chananaei,
1881 646 1974 684 Sava
1991 645 2148 689 nomine,

1189 705 1433 757 susceptisque
1452 719 1497 742 ex
1522 704 1584 742 illa
1610 704 1725 744 tribus
1751 705 1996 755 filiis‚duxit,
2019 706 2148 758 inquit,

1190 765 1426 819 primogenito
1437 780 1501 804 suo
1511 765 1562 804 Er
1578 780 1725 805 uxorem
1736 766 1908 805 Thamar.
1922 768 2017 815 Quia
2034 778 2150 806 autem

1189 826 1250 866 ille
1287 827 1402 865 malus
1435 836 1510 866 erat
1548 841 1667 866 coram
1699 828 1869 879 Domino⁷
1907 829 2035 867 occidit
2069 845 2150 868 enm

1190 889 1297 927 Deus.
1314 888 1362 927 Et
1376 889 1546 942 praecepit
1561 891 1704 940 Aunan,
1728 898 1767 927 ut
1781 889 1889 928 ducta
1906 905 2017 928 uxore
2032 892 2152 929 fratris

1190 950 1261 1002 sui,
1282 950 1454 989 excitaret
1473 964 1591 988 semen
1607 951 1709 988 fratri
1729 965 1803 989 suo.
1823 950 1863 989 ld
1883 951 1975 990 enim
1995 952 2051 990 lex
2071 953 2152 1005 jus—

1296 190 1448 220 nouit..
1490 191 1596 222 Lxlt.

1143 715 1167 745 l)

1189 1011 1248 1062 sit,
1270 1027 1350 1063 quae
1370 1011 1471 1063 dicit,
1489 1014 1635 1051 Mortuo
1662 1013 1771 1051 fratre
1792 1012 1866 1052 sine
1885 1013 2021 1064 liberis,
2047 1015 2152 1054 frater
2191 1025 2196 1030 “

1189 1072 1297 1113 ducta
1335 1088 1448 1112 uxore
1485 1074 1614 1113 excitet
1642 1088 1760 1113 semen
1799 1075 1911 1114 fratri.
1952 1077 2085 1114 verum
2120 1086 2153 1114 et

1189 1135 1300 1185 hunc,
1328 1135 1412 1187 quia
1446 1136 1561 1174 malus
1588 1144 1673 1186 crat,
1702 1135 1832 1174 occidit
1859 1137 2047 1175 Dominus.
2077 1137 2153 1174 lloo

1190 1199 1210 1237 J
1216 1197 1322 1236 udam
1341 1208 1472 1236 terrore
1486 1198 1649 1250 perculit,
1666 1198 1844 1237 videntem
1862 1197 1951 1236 duos
1969 1198 2062 1236 lilios
2082 1207 2154 1237 tam

1190 1259 1259 1297 cito
1275 1259 1447 1298 interiisse
1468 1275 1475 1296 :
1492 1268 1526 1299 et
1545 1259 1669 1299 volens
1691 1259 1853 1298 Thamar
1870 1259 2057 1310 consolari,
2072 1276 2153 1313 pro-

1191 1319 1288 1358 misit
1307 1334 1344 1359 se
1363 1320 1474 1359 alium
1501 1320 1618 1359 filium
1642 1319 1674 1359 ei
1698 1319 1868 1358 daturum
1888 1336 1894 1356 ι
1916 1319 1976 1359 sed
2000 1334 2067 1358 non
2089 1321 2154 1359 im-

1146 1399 1168 1430 ss
1190 1382 1311 1435 plebat
1339 1382 1528 1435 promissa,
1546 1381 1679 1421 veritus
1701 1396 1744 1420 ne
1760 1382 1886 1435 etipse
1899 1381 2059 1420 eamdem
2080 1397 2154 1435 pte-

1190 1458 1273 1482 nam
1288 1444 1404 1494 ferret,
1417 1457 1525 1495 quam
1540 1444 1678 1482 fratres.
1689 1443 1842 1482 Talibus
1855 1444 2151 1497 promissionibus

1189 1506 1402 1559 pascebatur
1416 1505 1592 1553 Thamar,
1607 1504 1712 1557 inque
1728 1504 1836 1543 domo
1851 1505 1961 1558 patris
1976 1505 2030 1544 sui
2052 1505 2150 1544 sede-

1191 1567 1263 1616 bat,
1278 1576 1486 1619 exspectans
1499 1566 1641 1618 quando
1656 1567 1767 1606 soceri
1782 1567 1970 1620 promissio
1985 1567 2032 1605 im
2036 1568 2148 1620 plere-

1190 1637 1250 1666 tur
1266 1629 1450 1668 :etvidens
1462 1628 1595 1668 Judam
1610 1642 1680 1667 non
1695 1629 1787 1667 velle
1802 1629 1950 1681 implere
1964 1630 2151 1682 promissa,

1191 1690 1333 1728 interim
1361 1699 1544 1729 mansuete
1572 1689 1672 1740 tulit,
1692 1703 1763 1728 non
1797 1689 1972 1729 sustinens
2000 1690 2152 1728 aliorum

1192 1751 1370 1803 conjugia,
1403 1750 1466 1789 sed
1493 1750 1659 1803 amplexa
1691 1750 1920 1802 viduitatem,
1951 1760 1984 1790 et
2013 1761 2153 1804 tempus

1193 1825 1391 1864 congruum
1416 1820 1622 1864 exspectans
1642 1827 1649 1848 z
1667 1811 1855 1852 festinabat
1887 1812 1981 1852 enim
2002 1821 2040 1850 ut
2060 1813 2152 1851 filios

1193 1882 1392 1926 procrearet
1404 1887 1449 1912 ex
1468 1887 1599 1912 socero.
1617 1873 1665 1912 Et
1683 1873 1766 1925 quia
1785 1873 1877 1912 vidit
1899 1889 2039 1913 socrum
2059 1889 2153 1913 mor-

1195 1943 1305 1985 tuam,
1320 1943 1352 1974 et
1371 1935 1502 1974 Judam
1514 1950 1538 1974 x
1541 1935 1636 1974 enire
1654 1935 1690 1973 in
1709 1934 1874 1974 Thamna
1894 1935 1939 1974 ad
1959 1936 2123 1975 tondend.¹
2127 1952 2154 1975 us

1135 1978 1182 2044 Ὺ
1194 2010 1288 2046 oves,
1303 1996 1416 2034 furaii
1443 1996 1558 2035 voluit
1581 1996 1691 2036 soceri
1713 1997 1955 2048 concubitum,
1975 2007 2008 2037 et
2027 2012 2072 2037 cx
2091 1998 2154 2037 illo

1197 2057 1291 2096 filios
1312 2072 1512 2110 procreare,
1535 2071 1604 2096 non
1620 2057 1809 2096 libidinem
1822 2059 1965 2111 explete
1979 2061 2152 2113 concupi-

1193 2133 1302 2169 scenS,
1315 2120 1408 2158 absit
1418 2120 1497 2170 hoc,
1506 2118 1567 2157 sed
1580 2133 1623 2158 ne
1636 2118 1816 2158 videretur
1824 2134 1898 2158 esse
1908 2120 1982 2159 sine
1993 2121 2151 2159 nomine:

1192 2181 1350 2233 alioquin
1365 2189 1398 2219 et
1413 2179 1630 2233 dispensatio
1655 2189 1729 2219 erat
1750 2180 1788 2218 id
1804 2180 1903 2233 quod
1921 2181 2041 2231 fiebat,
2059 2181 2154 2220 unde

1192 2251 1225 2282 et
1247 2256 1350 2294 opere
1376 2241 1550 2294 completa
1577 2248 1659 2280 sunt
1678 2254 1718 2280 ea
1736 2255 1814 2293 quae
1841 2241 1904 2279 illa
1929 2241 2151 2282 deliberavit.

1193 2302 1257 2342 14.
1278 2305 1474 2357 Depositis
1493 2304 1611 2350 enim,
1631 2301 1762 2353 inquit,
1783 2305 1958 2342 vestibus
1978 2304 2150 2342 viduita-

1192 2368 1242 2406 tis
1263 2379 1358 2413 suoe,
1381 2373 1418 2404 et
1439 2365 1579 2403 induta
1605 2365 1800 2412 theristro,
1828 2373 1865 2403 et
1885 2374 2027 2403 ornata
2055 2367 2152 2404 sedit

1192 2428 1300 2480 apud
1316 2435 1463 2479 portas,
1491 2426 1630 2465 Deinde
1649 2425 1751 2478 quasi
1770 2440 1942 2465 excusans
1961 2441 2038 2465 eam
2058 2428 2151 2466 Scri-

1189 2498 1310 2542 ptura,
1323 2488 1438 2527 dixit:
1457 2489 1563 2526 Vidit
1577 2491 1679 2527 enim
1703 2488 1809 2541 quod
1821 2497 1994 2526 creverat
2007 2489 2133 2527 Selom
2137 2506 2150 2533 ‚-

1190 2555 1270 2604 ipse
1296 2560 1427 2590 autem
1459 2564 1539 2588 non
1566 2551 1678 2588 daret
1711 2552 1835 2601 ipsam
1861 2552 1896 2588 ei
1921 2563 2092 2596 uxorem,
2117 2559 2149 2587 et

1189 2622 1376 2667 propterea
1391 2611 1436 2650 ad
1452 2610 1696 2663 deceptionem
1721 2609 1822 2647 illam
1847 2610 2065 2662 properavit.
2086 2613 2149 2650 Ju-

1190 2675 1254 2714 das
1273 2674 1367 2713 enim
1386 2686 1468 2711 cum
1500 2680 1640 2724 putaret
1660 2684 1738 2709 eam
1760 2684 1832 2710 csse
1851 2680 2007 2709 scortum
2035 2672 2148 2719 (vela-

1190 2745 1289 2775 verat
1304 2734 1398 2773 enim
1412 2733 1473 2770 illa
1487 2731 1626 2782 faciem,
1644 2744 1687 2769 ne
1699 2736 1982 2783 agnosceretur),
2001 2733 2061 2770 16.
2081 2733 2149 2770 Di-

1195 2799 1305 2835 vertit
1329 2796 1383 2833 ad
1402 2808 1501 2832 eam.
1525 2793 1606 2831 Illa
1630 2801 1759 2830 autem
1783 2793 1883 2830 dixit
1900 2808 1910 2828 .·
1932 2794 2035 2844 Quid
2054 2795 2150 2831 mihi

1191 2860 1332 2896 dabis?
1351 2857 1428 2894 Ille
1457 2862 1586 2892 autem
1610 2854 1808 2905 pollicitus
1838 2862 1893 2892 est
1920 2855 2071 2892 koedum
2101 2870 2120 2892 ι
2121 2871 2147 2892 1.

1189 2920 1368 2973 gregibus
1387 2931 1428 2956 se
1447 2918 1663 2954 missurum.
1687 2915 1747 2952 17.
1770 2914 1829 2954 At
1849 2916 1930 2953 haec
1961 2917 2089 2953 delrit:
2107 2917 2147 2954 Si

1191 2982 1341 3019 dederis
1377 2979 1651 3024 arrhabonem,
1681 2977 1803 3016 donec
1834 2979 1979 3016 minas.
2007 2978 2066 3015 18.
2096 2979 2145 3015 Ec

1189 3044 1294 3081 dedit
1309 3041 1500 3079 annulum
1520 3048 1556 3077 ec
1581 3038 1795 3087 armillam,
1826 3048 1861 3077 et
1889 3040 2083 3084 baculum,
2111 3049 2145 3077 cl

1189 3106 1349 3142 intravit
1373 3103 1427 3139 ad
1442 3115 1543 3148 eam,
1568 3108 1604 3138 et
1623 3100 1790 3152 gravida
1803 3101 1926 3153 sacta
1951 3109 2005 3138 est
2026 3115 2072 3138 er
2089 3116 2142 3139 eo.

1189 3165 1318 3204 Nullus
1336 3163 1410 3201 liaec
1430 3161 1578 3200 audiens
1604 3159 1811 3199 condemnet
1840 3160 1999 3198 Thamar
2021 3177 2028 3196 :
2047 3175 2141 3202 nam,

1138 3292 1308 3333 plsximum
1323 3297 1405 3320 erut.

1185 3346 1199 3366 ¹·
1226 3341 1426 3383 Inwersccta
1445 3341 1580 3373 omuino
1599 3340 1659 3372 erit
1673 3341 1847 3372 sententia.
1869 3339 1928 3372 uisi
1944 3337 2082 3372 ῑοΗειῑυτ
2100 3343 2148 3369 ms

1140 3404 1215 3428 aute
1232 3397 1328 3431 {rr-:Q

2167 963 2254 990 Dent.
2282 962 2329 989 2'1.

2171 2319 2246 2357 Cap.

2280 2319 2330 2349 38.
