2516 3791
674 171 716 200 IN
754 173 857 202 CAP.

897 172 976 202 xu.
1013 171 1174 202 cnuns‘.
1214 171 1371 203 nonu..
1413 174 1555 204 xxxu.
2048 168 2136 213 583

85 255 262 307 ποιώμεθα
285 254 416 305 μᾶλλον
436 253 562 305 δεῖγμα
595 255 658 300 τῆς
688 254 770 307 περὶ
799 257 893 306 ἡμᾶς
920 258 980 293 τοῦ
1018 256 1110 294 Θεοῦ
1184 262 1344 300 serantur
1364 278 1372 300 :
1389 262 1452 301 sed
1468 263 1536 302 hoc
1550 263 1751 303 maximum
1772 266 2134 322 sitnubisindicium,

83 314 298 362 κηδεμονίας.
314 313 372 351 Ἄν
399 329 436 351 τε
458 312 524 365 γὰρ
543 313 809 365 ἁμαρτημάτων
830 316 965 368 ἔχωμεν
978 315 1110 354 ἐπικεί-
1183 321 1279 372 quod
1300 323 1396 360 Deus
1410 323 1525 361 nostri
1543 338 1665 362 curam
1683 334 1791 376 gerat.
1811 327 1904 364 Nam
1922 330 1986 366 etsi
2007 330 2133 369 habea-
2164 340 2287 368 Anum„
2301 345 2340 369 ιι-

82 351 175 425 μενοιι
189 378 274 426 ἡμῖν
294 372 436 426 φορτία,
463 373 701 424 δυνησόμεθα,
722 375 856 423 πολλὴν
884 376 945 423 τὴν
975 378 1111 427 {moll-0-
1185 396 1264 421 mus
1287 393 1514 435 peccatorum
1534 385 1689 424 sarcinas
1709 401 1786 437 quae
1804 402 1868 426 nos
1883 400 2056 441 premant,
2075 407 2135 444 po-
2150 392 2342 451 fss'Jfi'ssnltf'd‘J

82 435 144 482 νὴν
177 434 236 473 καὶ
263 434 325 482 τὴν
359 435 585 487 εὐχαριστίαν
615 434 896 487 ἐπιδειξάμενοι,
918 436 1110 488 κουφότερα

79 500 186 534 ταῦτα
215 495 450 548 ἐργάσασθαι·
479 496 520 534 ἄν
540 511 576 533 τε
596 495 646 546 μὴ
665 496 780 535 πολλὰ
801 495 938 548 ἔχωμεν
956 496 1112 550 ἁμαρτή-
1135 505 1159 535 Ε

79 571 196 607 ματα,
228 556 335 595 πάλιν
363 556 422 594 καὶ
451 555 543 594 οὕτω
577 555 735 600 πλείονος
765 557 1011 607 ἀπολαύσομεν
1048 560 1111 604 τῆς

79 615 207 654 ἄνωθεν
223 616 374 663 εὐνοίας,
396 619 425 654 εἰ
444 617 658 668 εὐχαρίστως
679 617 891 669 ἐνέγκοιμεν.
915 617 1111 667 Φιλότιμος

79 675 147 727 γὰρ
173 676 221 715 ὢν
247 681 265 715 ὁ
290 676 471 724 Δεσπότης
500 681 518 716 ὁ
547 677 734 729 ἡμέτερος,
755 678 814 716 καὶ
846 681 908 724 τῆς
936 676 1111 730 ἡμετέρας

79 737 268 787 κηδόμενος
304 738 498 790 σωτηρίας,
519 738 576 776 διὰ
597 742 697 776 τοῦτο
730 737 888 789 καθάπερ
915 737 1109 789 γυμνάσιόν

79 813 112 836 τι
128 799 187 836 καὶ
203 802 338 851 ἀγῶνας
353 799 556 851 προτίθησιν
577 802 661 850 ἡμῖν
689 799 765 837 ἀντὶ
784 799 1005 849 σκαμμάτων
1024 799 1110 836 πολ-

78 859 178 903 λάκις
198 860 262 905 τὴν
293 863 360 898 τῶν
391 862 596 911 πειρασμῶν
629 859 836 912 ἐπαγωγὴν,
872 858 929 896 ἵνα
957 858 1001 897 τὰ
1024 862 1108 911 παρ’

77 923 210 959 ἑαυτῶν
229 921 288 958 καὶ
305 924 405 971 ἡμεῖς
423 920 700 971 ἐπιδειξάμενοι,
721 921 885 972 δαψιλοῦς
901 920 1109 959 ἀπολαύσω-

77 997 140 1028 μεν
159 985 221 1028 τ’ἧς
239 985 323 1034 παρ’
343 983 447 1019 αὐτοῦ
463 981 636 1033 προνοίας.
662 980 778 1033 ’Όπερ
809 981 936 1026 εἰδότες
958 981 1007 1033 μὴ
1027 998 1108 1035 ναρ-

75 1045 191 1094 κῶμεν
209 1045 243 1081 ἐν
266 1047 336 1085 τοῖς
367 1048 599 1095 πειρασμοῖς,
634 1041 721 1093 μηδὲ
756 1043 1039 1095 δυσχεραίνωμεν
1070 1045 1105 1081 ἐν

1184 444 1333 482 terimus
1347 459 1513 497 magnam
1534 447 1741 498 patientiam
1764 458 1797 487 et
1811 450 2007 501 gratiarum
2027 453 2136 491 actio-
2153 466 2235 491 mm.

1185 517 1264 542 uem
1294 505 1508 545 declarando
1541 507 1692 547 leviores
1723 524 1780 549 eas
1807 512 1995 551 facere:et
2016 514 2045 551 si
2068 529 2138 552 non

1183 564 1295 602 multa
1314 566 1507 605 habeamus
1523 578 1677 620 peccata,
1692 570 1821 609 iterum
1834 573 1961 625 majori
1978 575 2139 614 fruemur

1184 625 1312 674 gratia,
1344 626 1373 663 si
1407 636 1507 677 grato
1537 629 1656 667 animo
1688 631 1886 671 tulerimus.
1916 634 2012 683 Quia
2043 637 2138 674 enim

1184 684 1280 721 Deus
1297 695 1413 723 noster
1429 687 1588 725 liberalis
1600 699 1663 737 cst,
1677 700 1710 727 ct
1730 701 1856 730 nostrae
1870 694 1996 733 salutis
2011 710 2135 734 curam

1183 744 1296 794 gerit:
1315 758 1350 783 ca
1366 744 1411 783 de
1427 760 1531 784 causa
1545 749 1645 798 quasi
1665 749 1799 788 luctam
1810 761 1843 789 et
1857 756 2045 794 exercendi
2064 771 2137 794 ma-

1184 803 1308 842 teriam
1320 805 1422 844 nobis
1438 809 1621 860 proponit,
1640 824 1703 861 pro
1720 812 1834 849 stadio
1854 823 1885 851 et
1898 830 2001 853 arena
2024 826 2136 856 tenta-

1184 864 1295 903 tiones
1329 866 1480 905 inserens
1504 883 1512 904 ε
1533 878 1574 906 ut
1599 870 1629 906 si
1656 870 1754 921 quod
1791 882 1952 912 nostrum
1973 886 2023 913 est
2046 893 2139 929 prze—

1181 934 1326 976 stcmus,
1344 927 1498 979 largiore
1523 929 1694 981 dignetur
1721 946 1784 970 nos
1801 947 1863 971 sua
1893 936 2133 987 providentia.

1182 986 1293 1033 Quod
1311 1002 1392 1026 cum
1413 989 1582 1041 sciamus,
1601 1005 1645 1029 ne
1662 992 1778 1031 tristes
1791 994 1902 1033 simus
1924 996 1959 1034 in
1978 998 2137 1036 tentatio-

1180 1047 1298 1097 nibus,
1318 1063 1430 1101 neque
1440 1051 1652 1090 afflictiones
1672 1055 1850 1105 gravatim
1870 1057 2025 1096 seramus
2043 1075 2050 1095 ε
2074 1060 2137 1098 εριί

74 1110 150 1148 ταῖς
175 1103 347 1155 θλίψεσιν,
376 1103 466 1142 ἀλλὰ
498 1103 556 1140 καὶ
589 1102 770 1156 χαίρωμεν
790 1103 881 1142 κατὰ
912 1103 968 1141 τὸν
989 1104 1103 1155 μακά·
1116 1127 1163 1153 3³0
1179 1117 1211 1145 et
1222 1109 1454 1160 gaudeamus,
1467 1113 1666 1152 secundum
1676 1115 1820 1153 beatum
1833 1117 2135 1159 Paulumzijw
2154 1134 2218 1163 Cal.
2243 1144 2266 1163 ι.
2287 1135 2337 1174 24.

70 1173 147 1216 ’ριον
167 1166 323 1203 Παῦλον·
346 1166 418 1202 Νῦν
434 1163 522 1215 γὰρ,
538 1165 643 1216 φησὶ,
664 1164 778 1216 χαίρω
806 1166 840 1202 ἐν
867 1169 944 1208 ταῖς
967 1164 1105 1216 θλίψεσί
1128 1166 1153 1195 Λ
1177 1173 1294 1218 enim,
1315 1171 1445 1223 inquit,
1466 1176 1618 1226 gaudeo
1640 1178 1683 1213 in
1709 1178 2005 1229 afflictionibus
2028 1185 2133 1220 meis.

75 1240 152 1276 μου.
177 1220 275 1270 Εἶδες
302 1225 418 1278 ψυχὴν
447 1224 664 1277 εὐγνώμονα,
686 1226 728 1263 Ei
755 1224 824 1277 γὰρ
854 1226 888 1263 ἐν
916 1231 992 1268 ταῖς
1024 1224 1103 1263 θλί-

73 1288 173 1338 ψεσιν
190 1287 328 1340 ἔγαιρε,
346 1287 431 1325 πότε
449 1286 598 1333 ἠδύνατο
621 1284 730 1329 οὕτως
749 1287 785 1323 ἐν
806 1285 900 1336 λύπῃ
922 1286 1102 1337 γενέσθαι;

73 1348 118 1385 Ei
138 1346 181 1385 τὰ
214 1332 270 1386 ἐπὶ
300 1350 369 1386 τῶν
398 1348 513 1386 ἄλλων
542 1349 715 1385 λυποῦντα
740 1346 860 1399 ἐκείνῳ
892 1346 1103 1399 εὐφροσύνης

75 1408 235 1447 ὑπόθεσιν
261 1408 407 1457 ἔτικτεν,
430 1407 536 1446 ἐννόει
573 1423 632 1458 μοι
666 1409 728 1453 τῆς
756 1409 872 1460 ψυχῆς
906 1409 1011 1445 αὐτοῦ
1038 1406 1101 1454 τὴν

73 1469 301 1507 κατάστασιν.
333 1469 402 1507 Καὶ
428 1468 482 1506 ἵνα
506 1468 619 1520 μάθῃς
645 1467 699 1507 δ’τι
724 1470 788 1521 οὐχ
817 1463 886 1506 οἶόν
905 1484 944 1506 τε
976 1468 1102 1520 ἑτέρως

70 1531 140 1566 τῶν
161 1529 430 1582 ἐπηγγελμένων
449 1533 532 1579 ἡμῖν
559 1531 697 1580 ἀγαθῶν
730 1531 926 1581 ἐπιτυχεῖν,
950 1528 1010 1566 καὶ
1038 1531 1101 1575 τῆς

69 1593 138 1628 τῶν
164 1593 316 1643 οὐρανῶν
339 1591 518 1642 βασιλείας
546 1589 760 1638 ἀξιωθῆναι,
793 1592 824 1628 εἷ
863 1589 912 1641 μὴ
942 1590 999 1629 διὰ
1025 1589 1102 1628 θλί-

69 1652 160 1703 ψεως
187 1651 389 1702 ὁδεύσαιμεν
409 1652 465 1690 τὸν
492 1651 650 1703 παρόντα
672 1651 764 1702 βίον,
785 1651 889 1690 ἄκουε
918 1654 988 1690 τῶν
1013 1654 1099 1690 ἀπο-

68 1711 200 1750 στόλων
231 1713 402 1764 λεγόντων
429 1713 515 1764 πρὸς
544 1712 623 1756 τοὺς
662 1713 742 1766 ἄρτι
769 1716 813 1765 τῇ
845 1712 961 1752 πίστει
984 1728 1098 1766 προσ-

69 1772 202 1816 ιόντας·
227 1774 297 1812 Καὶ
326 1773 605 1824 μαθητεύσαντες
623 1801 632 1819 ,
664 1773 787 1826 φησὶν,
820 1773 980 1819 ἱκανοὺς,
1011 1773 1099 1812 ὑπέ-
1123 1780 1146 1809 Β

67 1836 219 1886 στρεψαν
240 1836 287 1877 εἷς
306 1834 466 1887 Λύστραν
485 1865 492 1881 ,
510 1834 570 1872 καὶ
592 1834 759 1882 Ἰκόνιον,
790 1835 850 1873 καὶ
872 1833 1097 1887 Ἀντιόχειαν,

67 1895 343 1948 ἐπιστηρίζοντες
371 1895 433 1938 τὰς
457 1895 572 1947 ψυχὰς
587 1897 655 1933 τῶν
677 1898 860 1946 μαθητῶν,
886 1895 945 1934 καὶ
975 1911 1093 1948 παρα-

67 1957 252 1999 καλοῦντες
274 1955 434 2006 ἐμμένειν
455 1959 497 2007 τῇ
520 1956 658 2003 πίστει,
687 1956 747 1995 καὶ
777 1955 832 1995 ὅτι
863 1955 920 1994 διὰ
955 1958 1094 1994 πολλῶν

66 2016 214 2068 θλίψεων
242 2019 291 2055 δεῖ
320 2020 414 2066 ἡμᾶς
441 2018 606 2056 εἰσελθεῖν
632 2019 679 2060 εἰς
712 2017 774 2064 τὴν
812 2016 992 2068 βασιλείαν
1024 2020 1094 2055 τῶν

65 2079 231 2129 οὐρανῶν.
249 2077 341 2115 Ποία
360 2070 418 2114 οὖν
439 2077 609 2129 ἀπολογία
629 2077 727 2115 ἔσται
753 2081 858 2128 ἡμῖν,
882 2077 931 2128 μὴ
968 2079 1094 2129 βουλο-

65 2137 179 2187 μένοις
198 2137 362 2190 γενναίως
390 2138 448 2176 καὶ
468 2138 632 2190 ἀνδρείως
651 2138 710 2176 καὶ
735 2139 951 2192 εὐχαρίστως
977 2139 1093 2178 πάντα

64 2198 178 2251 φέρειν
199 2198 242 2237 τὰ
260 2199 460 2251 ἐπαγόμενοι
467 2230 476 2247 ,
495 2199 578 2238 ὅταν
597 2199 747 2250 ἴδωμεν,
763 2199 815 2238 ὅτι
842 2199 920 2238 οὐδὲ
948 2200 1091 2239 δυνατὸν

64 2259 191 2311 ἑτέρως
223 2263 317 2310 ἡμᾶς
352 2263 413 2306 τῆς
440 2259 615 2312 σωτηρίας
645 2262 858 2313 ἐπιτυχεῖν,
880 2260 929 2311 μὴ
960 2260 1093 2308 ταύτην

60 2320 259 2364 ὁδεύσαντες
286 2321 349 2368 τὴν
368 2321 462 2370 ὁδόν,
483 2321 568 2360 εΌτι
599 2321 667 2375 γὰρ
695 2321 792 2360 οὐδὲν
808 2321 898 2366 ξένον
915 2321 975 2360 καὶ
1005 2337 1090 2360 και-

61 2381 117 2420 νὸν
144 2381 251 2425 οὐδεὶς
283 2385 353 2420 τῶν
385 2382 528 2420 δικαίων
560 2383 724 2434 ὑπέμεινε
758 2382 816 2421 διὰ
847 2383 995 2436 θλίψεως
1025 2383 1090 2432 τὴν

55 2445 234 2493 παροῦσαν
254 2443 398 2487 ὁδεύσας
416 2442 523 2491 ζωὴν,
540 2443 644 2482 ἄκουε
659 2447 718 2482 τοῦ
741 2445 894 2496 Χριστοῦ
909 2444 1087 2497 λέγοντος·
1112 2451 1137 2484 C

54 2502 115 2540 Ἐν
146 2505 198 2555 τῷ
228 2503 350 2555 κόσμῳ
382 2503 498 2556 θλίψιν
529 2503 639 2553 ἕξετε,
675 2504 765 2543 ἀλλὰ
803 2509 976 2559 θαρσεῖτε.
1009 2505 1087 2546 Ἵνα

56 2563 124 2615 γὰρ
158 2564 206 2614 μὴ
239 2565 467 2604 καταπέσωσι
499 2570 600 2604 τοῦτο
625 2565 861 2615 ἀκούσαντες,
900 2566 1024 2612 εὐθέως
1049 2569 1090 2608 τὸ

58 2624 182 2676 θάρσος
219 2626 334 2669 αὐτοῖς
365 2625 526 2674 ἐνέθηκε,
549 2627 608 2664 καὶ
639 2626 704 2673 τὴν
726 2631 810 2680 παρ’
831 2630 954 2666 ἑαυτοῦ
977 2627 1087 2680 ῥοπὴν

57 2685 240 2738 ὑπέσᾈετο.
259 2686 364 2725 Ἀλλὰ
384 2691 541 2740 θαρσεῖτε
556 2703 564 2711 ·
594 2687 663 2740 ἐγὼ
676 2719 685 2736 ,
706 2689 791 2741 φησὶ
804 2719 814 2736 ,
843 2690 1008 2737 νενίκηκα
1027 2688 1085 2727 τὸν

57 2745 199 2796 κόσμον.
216 2745 360 2800 Ἔχεις,
379 2748 481 2800 φησὶ,
497 2749 554 2786 τὸν
572 2748 617 2786 τὰ
635 2750 775 2803 λυπηρὰ
796 2750 1062 2803 ἐπικουφίζοντα
1075 2781 1085 2799 ,

56 2806 114 2844 τὸν
135 2810 198 2845 οὐκ
224 2808 368 2860 ἀφιέντα
397 2825 435 2848 σε
461 2809 791 2859 καταδαπτισθῆναι
822 2812 889 2851 ὑπὸ
921 2815 984 2859 τῆς
1016 2815 1086 2851 τῶν

54 2872 258 2920 πειρασμῶν
277 2872 483 2922 ἐπαγωγῆς,
501 2871 558 2909 τὸν
577 2871 636 2910 σὺν
652 2875 702 2925 τῷ
724 2877 913 2926 πειρασμῷ
940 2874 1000 2912 καὶ
1021 2874 1084 2922 τὴν

53 2928 196 2967 ἔκὸασιν
217 2930 415 2983 παρέχοντα
431 2961 440 2979 ,
473 2931 533 2970 καὶ
561 2934 598 2970 οὗ
626 2937 875 2986 συ·[,(ο)ροῦντα
902 2934 989 2987 ὑπὲρ
1021 2935 1084 2982 τὴν

54 2988 227 3042 ἡμετέραν
242 2989 341 3042 {crs-bv
359 2992 557 3044 ἐπαχθῆναι
572 2993 616 3032 τὰ
634 2994 788 3046 χαλεπά.
803 2997 835 3034 Τ
840 2994 850 3032 ί
868 2997 1080 3048 ἀσχάλλεις

55 3050 91 3087 τί
106 3050 250 3098 ἀλύεις;
271 3050 305 3089 τί
333 3052 621 3105 δυσανασχετεῖς,
640 3054 675 3092 τί
696 3056 924 3108 μικροψύχως
947 3056 1085 3096 διάκει-

51 3127 128 3159 σαι;
151 3111 211 3159 Μὴ
231 3112 317 3164 γὰρ,
338 3113 396 3151 ἐὰν
420 3113 464 3152 τὰ
484 3117 532 3158 εἷς
560 3114 706 3167 δύναμιν
730 3116 794 3164 τὴν
815 3118 990 3170 ἡμετέραν
1014 3121 1088 3157 εἷσ-
1111 3130 1136 3159 D

53 3171 268 3223 ενέγκωμεν,
285 3174 348 3221 τὴν
370 3173 548 3227 ὑπομονὴν
568 3177 680 3229 λέγω,
712 3178 770 3216 καὶ
790 3177 853 3225 τὴν
878 3181 1084 3233 καρτερίαν,

53 3232 113 3270 καὶ
139 3232 202 3279 τὴν
232 3235 438 3287 εὐχάριστον
461 3236 621 3288 γνώμην,
657 3245 833 3291 συγχωρεῖ
853 3243 1084 3294 περιοφθῆναι

55 3297 151 3343 ἡμᾶς
182 3309 288 3342 ποτε,
314 3296 373 3344 Μὴ
410 3296 490 3351 γὰρ,
522 3298 587 3337 κᾶν
619 3301 666 3343 εἰς
698 3300 895 3352 ἀπόγνωσιν
922 3302 1006 3354 ἔλθῃ
1040 3302 1084 3341 τὰ

57 3354 268 3406 πράγματα,
290 3363 370 3409 νικᾷ
389 3358 451 3405 τὴν
479 3359 601 3411 σοφίαν
617 3364 675 3399 τοῦ
692 3361 863 3415 ἡμετέρου
885 3364 1084 3414 Δεσπότου,

1178 1230 1316 1270 Vidisti
1333 1233 1490 1272 animam
1502 1245 1642 1286 gratam
1657 1237 1674 1275 i‘
1686 1238 1775 1275 Nam
1787 1238 1817 1276 si
1831 1239 1867 1277 in
1881 1241 2136 1281 afflictionibus

1177 1292 1368 1343 gaudebat,
1390 1296 1570 1346 quomodo
1594 1298 1713 1350 potuit
1731 1314 1904 1351 umquam
1925 1302 1960 1340 in
1992 1304 2137 1343 tristitia

1175 1353 1273 1391 esse?
1293 1354 1322 1391 si
1345 1368 1424 1405 quae
1440 1356 1529 1395 alios
1550 1358 1716 1397 afficiunt
1736 1360 1881 1399 tristitia
1901 1361 1971 1415 ipsi
1991 1365 2136 1416 pariant

1173 1409 1306 1449 laetitiae
1327 1413 1563 1465 occasionem,
1587 1417 1720 1468 cogita,
1740 1433 1814 1468 oro,
1828 1422 1864 1458 in
1887 1435 1959 1472 quo
1974 1431 2066 1460 statu
2088 1425 2134 1461 il-

1174 1471 1244 1509 lius
1264 1482 1339 1511 erat
1356 1474 1486 1513 anima.
1503 1475 1550 1514 Et
1563 1487 1601 1515 ut
1613 1477 1730 1518 discas
1748 1495 1817 1518 non
1835 1496 1937 1534 posse
1953 1483 2058 1522 aliter
2070 1499 2133 1524 nos

1172 1533 1349 1585 promissa
1365 1534 1458 1574 hona
1472 1538 1627 1589 assequi,
1643 1549 1676 1577 ct
1695 1555 1805 1593 regno
1821 1544 1990 1581 caelorum
2005 1544 2135 1597 dignos

1172 1592 1266 1641 fieri,
1278 1593 1345 1631 nisi
1357 1609 1420 1647 per
1433 1596 1662 1636 afflictionem
1673 1599 1787 1638 vitam
1799 1612 2007 1654 praesentem
2019 1614 2134 1644 trans-

1173 1665 1310 1703 eamus,
1333 1653 1420 1692 audi
1442 1657 1620 1708 apostolos
1639 1657 1795 1698 dicentes
1811 1661 1861 1699 eis
1879 1664 1941 1714 qui
1962 1665 2132 1717 nuperad

1173 1712 1280 1751 fidem
1291 1716 1450 1754 conversi
1460 1726 1560 1755 erant
1575 1720 1740 1757 :Etcum
1749 1722 1989 1771 docuissent,
2001 1725 2130 1776 inquit,
2146 1738 2216 1767 Aa.
2229 1738 2329 1779 1421.

1173 1775 1328 1821 multos,
1359 1780 1506 1815 reversi
1525 1788 1616 1816 sunt
1641 1781 1841 1831 Lystram,
1870 1793 1907 1821 et
1935 1787 2128 1838 Iconium,
2145 1789 2195 1809 ²²·

1171 1843 1207 1872 et
1223 1835 1496 1886 Antiochiam,
1523 1840 1647 1878 denuo
1666 1843 1945 1895 confirmantes
1971 1850 2128 1887 animas

1171 1896 1471 1949 discipulorum,
1494 1901 1822 1956 exhortantesque
1838 1914 1879 1942 ut
1896 1921 2126 1958 persevera-

1170 1965 1256 1994 rent
1277 1960 1318 1994 in
1333 1958 1427 2009 fide,
1452 1968 1489 1997 et
1511 1963 1618 2013 quod
1632 1977 1703 2014 per
1722 1965 1867 2003 multas
1883 1968 2128 2019 ttsflictiones

1171 2027 1319 2069 oportet
1337 2033 1405 2057 nos
1421 2023 1569 2059 intrare
1581 2025 1622 2059 in
1637 2038 1798 2076 regnum
1813 2028 2010 2067 coelorum.
2027 2030 2127 2077 Qua-

1140 2089 1146 2093 ·
1168 2077 1214 2116 lis
1235 2079 1346 2131 igitur
1364 2081 1514 2133 posthac
1532 2083 1599 2120 erit
1620 2085 1722 2123 nobis
1741 2088 1938 2137 excusatio,
1959 2090 1988 2128 si
2005 2092 2126 2130 nolue-

1167 2139 1281 2178 rimus
1302 2154 1470 2192 generose
1489 2157 1529 2180 ac
1547 2144 1686 2182 fortiter
1700 2147 1819 2185 omnia
1836 2148 1928 2187 ferre
1944 2165 2021 2201 quae
2035 2152 2124 2190 infe-

1166 2209 1296 2238 runtur
1313 2216 1320 2237 :
1339 2203 1541 2253 praesertim
1562 2205 1712 2244 scientes
1725 2221 1794 2246 non
1814 2223 1917 2260 posse
1935 2211 2038 2251 aliter
2061 2228 2126 2253 nos

1165 2260 1316 2299 salutem
1330 2263 1481 2314 assequi,
1493 2264 1560 2302 nisi
1574 2265 1642 2304 hac
1655 2266 1902 2309 incesserimus
1913 2272 1998 2311 via?
2016 2274 2123 2321 Quod

1164 2321 1260 2359 enim
1276 2322 1370 2361 nihil
1388 2324 1542 2363 insolens
1560 2336 1623 2364 aut
1644 2342 1777 2367 novum
1797 2330 1842 2368 sit
1863 2347 1991 2384 passus
2005 2336 2123 2388 justo-

1163 2397 1244 2420 rum
1273 2383 1381 2431 ullus,
1407 2385 1468 2436 qui
1493 2401 1557 2439 per
1589 2388 1802 2429 afflictiones
1831 2395 2002 2446 transegit
2030 2396 2122 2436 hanc

1161 2443 1576 2494 vitam‚audiChristum
1586 2448 1761 2489 dicentem
1778 2468 1785 2488 :
1800 2455 1848 2491 In
1863 2458 2006 2494 mundo
2016 2459 2121 2512 affli-
2136 2470 2229 2498 Jaan,
2256 2471 2301 2500 16.

1162 2508 1329 2544 ctionem
1349 2508 1551 2559 habebitis,
1568 2512 1638 2548 sed
1657 2514 1854 2566 confidite.
1870 2518 1961 2554 Nam
1988 2533 2031 2556 ne
2056 2534 2120 2557 au-
2136 2510 2152 2538 3
2165 2510 2186 2538 ⁵'

1159 2565 1235 2605 dita
1252 2567 1410 2620 tristitia,
1422 2584 1483 2621 spe
1493 2570 1670 2620 excidant,
1686 2574 1805 2612 statim
1821 2575 1990 2616 fiduciam
2005 2579 2054 2617 eis
2067 2581 2119 2617 af-

1159 2628 1239 2678 fert,
1260 2638 1294 2667 et
1314 2644 1417 2669 suam
1434 2630 1624 2682 pollicetur
1643 2633 1805 2683 gratiam.
1828 2637 1904 2674 Sed
1920 2640 2117 2690 confidite,

1160 2689 1277 2741 inquit
1295 2706 1305 2739 ;
1325 2705 1393 2743 ego
1413 2693 1495 2729 vici
1513 2693 1711 2732 mundum.
1735 2694 1862 2744 Habes,
1880 2697 2008 2749 inquit,
2036 2714 2119 2738 eum

1159 2751 1219 2802 qui
1236 2752 1349 2803 gratia
1361 2752 1544 2802 allevabit,
1556 2753 1616 2804 qui
1635 2768 1703 2792 non
1718 2757 1897 2807 permittet
1911 2768 1942 2797 te
1953 2760 2116 2800 submer-
2143 2809 2151 2814 ἢ

1160 2812 1195 2864 gi
1209 2812 1255 2849 ab
1271 2812 1380 2850 illatis
1395 2813 1663 2863 tentationibus,
1687 2817 1747 2866 qui
1768 2831 1849 2855 cum
1872 2822 2061 2860 tentatione
2080 2833 2113 2861 et

1159 2873 1295 2912 exitum
1314 2875 1501 2927 praebebit,
1516 2885 1548 2914 et
1565 2891 1632 2913 non
1653 2878 1834 2929 permittet
1851 2895 1959 2935 supra
1977 2894 2114 2924 nostras
2136 2903 2159 2922 ι,
2181 2897 2241 2926 (²07
2269 2908 2315 2929 ω,

1159 2934 1254 2974 vires
1266 2935 1387 2973 inferri
1405 2936 1541 2988 gravia.
1559 2936 1659 2983 Quid
1674 2938 1851 2979 tristaris?
1864 2943 1951 2993 quid
1965 2948 2114 2985 moeres?
2135 2936 2179 2966 ¹3·

1159 2995 1248 3048 quid
1268 2996 1456 3050 impatiens
1467 2999 1532 3036 es?
1550 3013 1658 3049 quare
1674 3008 1744 3038 tam
1762 3002 1900 3055 abjecto
1919 3006 2038 3046 animo
2051 3023 2086 3047 es
2097 3010 2113 3046 Ξ)

1161 3058 1256 3095 Num
1273 3058 1302 3095 si
1321 3072 1399 3109 quae
1414 3068 1534 3096 nostra
1555 3069 1636 3097 sunt
1651 3062 1890 3114 attulerimus,
1906 3068 2113 3118 patientiam

1159 3118 1256 3170 dieo,
1267 3128 1299 3156 et
1308 3119 1566 3167 fortitudinem,
1575 3129 1606 3158 et
1617 3131 1758 3172 gratum
1766 3125 1941 3178 animum,
1952 3143 2014 3168 nos
2023 3131 2113 3169 sinet

1157 3179 1289 3232 despici
1301 3180 1318 3217 ἶ)
1330 3181 1425 3218 Num
1433 3180 1496 3217 etsi
1509 3180 1701 3233 desperata:
1713 3195 1794 3223 sunt
1806 3201 1872 3236 res,
1884 3189 2025 3228 vincere
2032 3207 2112 3244 pos-

1157 3250 1238 3279 sunt
1253 3241 1462 3293 sapientiam
1485 3242 1630 3280 Domini
1648 3246 1788 3284 nostri?
1806 3249 1878 3286 Nos
1894 3265 1972 3301 quan
1994 3263 2110 3292 nostra

1157 3311 1238 3341 sunt
1260 3302 1509 3352 exhibeamus,
1532 3313 1564 3341 et
1584 3304 1756 3345 sinceram
1773 3307 1966 3350 habeamus
1984 3313 2107 3360 tidem,

1157 3364 1304 3403 scientes
1318 3364 1495 3403 solertiam
1514 3366 1659 3405 Tutoris
1675 3369 1873 3409 animarum
1889 3383 2103 3413 nostrarum.
