2516 3791
384 176 473 223 860
824 190 862 220 s.

381 283 524 328 propter
543 288 651 326 regna
673 274 856 322 caelorum,
873 271 934 309 sed
959 270 1041 320 quia
1068 261 1141 306 r'em
1163 268 1330 305 caelorum

382 337 469 388 Regi
488 345 625 388 gratam
643 335 800 373 fecimus.
818 332 889 378 Qui
904 330 998 368 enim
1012 343 1103 367 sanae
1116 327 1243 365 mentis
1262 337 1328 379 est,

902 187 1088 219 JOANMS
1126 184 1370 215 CHRYSOST.

1408 185 1613 215 ARCfflEP.
1650 185 1734 216 CON
1744 186 2009 216 STANTINOP.

1404 266 1497 311 σίους
1509 283 1516 290 ·
1533 267 1598 305 κᾶν
1612 267 1754 312 ἄκοντες
1772 268 1893 313 αὐτοὺς
1906 270 2078 320 διαθῶμέν
2096 286 2129 308 τι
2149 270 2268 315 κακὸν,
2285 272 2424 316 ἑαυτοὺς
2474 315 2475 318 ¹

1403 327 1650 380 τιμωρούμεθα
1669 329 1728 368 καὶ
1747 330 1938 380 κολάζομεν
1951 347 1958 355 ·
1976 331 2034 369 καὶ
2055 331 2111 369 ἐπὶ
2137 331 2246 383 φίλων
2270 331 2305 370 δὲ
2323 336 2425 370 τοῦτο
2474 369 2475 372 ,

381 397 550 435 offensam
570 396 636 434 Dei
656 394 768 445 magis
793 393 910 440 timet,
932 404 1042 441 quam
1066 388 1179 426 ullam
1198 387 1330 439 gehen-
1354 398 1378 428 E
1403 393 1581 440 ποιοῦμεν.
1604 391 1648 428 Εἰ
1669 389 1704 429 δὲ
1722 389 1779 428 ἐπὶ
1799 390 1907 443 φίλων
1937 392 1996 429 καὶ
2012 394 2094 430 υἱῶν
2121 396 2180 429 τοῦ
2212 393 2425 438 κολασθῆναι
2474 413 2475 418 =

382 473 478 508 nam,
489 467 522 496 et
535 458 672 509 placere
688 457 764 493 Deo
782 452 897 506 pluris
910 451 1072 498 aestimat,
1089 464 1196 500 quam
1214 448 1330 486 ullum

381 533 540 571 regnum.
549 519 622 555 Nec
629 515 765 554 mireris
776 514 804 552 si
813 514 1016 565 ergaDeum
1025 525 1098 549 esse
1107 510 1156 549 sic
1163 511 1330 548 affectum

381 588 528 632 oportet,
548 592 630 616 cum
649 591 732 629 erga
750 575 912 614 homines
927 573 1031 612 multi
1050 572 1100 611 sic
1115 572 1233 610 affecti
1245 572 1327 610 sint.

379 641 480 692 Szrpe
499 638 594 677 enim
617 638 678 689 qui
706 650 890 689 germanos
920 635 1052 673 liberos
1086 633 1277 681 babemus,
1297 632 1327 671 si

378 701 434 739 vel
448 700 552 738 inviti
569 714 627 738 eos
651 699 860 749 laeserimus,
878 713 898 736 a
917 695 1119 748 nobisipsis
1133 709 1253 748 poenas
1272 709 1327 733 re-

377 761 554 812 poscimus
574 777 582 798 :
603 770 637 799 et
657 774 739 812 erga
759 759 890 797 amicos
910 757 1005 796 idem
1023 758 1137 795 facere
1159 756 1326 794 solemus.

376 822 483 869 Quod
505 822 534 861 si
561 821 692 860 amicos
709 830 770 859 aut
785 820 880 858 filios
903 818 1081 857 offendere
1109 818 1222 855 multo
1246 832 1327 869 gra-

375 884 457 922 vius
474 893 642 937 putamus
665 897 774 934 quam
798 896 919 934 poenas
937 881 1034 919 luere
1041 910 1052 931 ,
1073 880 1187 918 multo
1213 879 1327 931 magis

373 960 455 997 erga
482 947 599 983 Deum
628 944 678 983 sic
703 944 799 981 affici
832 943 954 991 decet,
983 951 1015 980 et
1046 941 1142 980 omni
1168 941 1326 993 gehenna

1402 450 1441 488 τὸ
1456 452 1612 497 λυπῆσαι
1632 451 1780 495 ἐκείνους
1806 454 1925 505 πολλῷ
1945 451 2190 506 χαλεπώτερον
2220 447 2307 491 εἶναι
2330 452 2427 503 νομί-

1402 514 1516 563 ζομεν,
1540 513 1660 564 πολλῷ
1680 513 1811 563 μᾶλλον
1837 513 1895 551 ἐπὶ
1922 519 1981 552 τοῦ
2005 515 2097 552 Θεοῦ
2123 513 2213 551 οὕτω
2231 515 2426 552 διακεῖσθαι
2474 543 2475 565 3

2473 480 2475 497 A

2473 517 2475 538 l

1401 573 1493 625 χρὴ,
1509 573 1568 611 καὶ
1587 573 1726 624 γεέννης
1751 573 1890 621 ἁπάσης
1903 573 2148 626 χαλεπώτερον
2166 568 2254 612 εἶναι
2274 573 2423 624 νομίζειν

1400 634 1440 672 τὸ
1454 635 1600 681 ποιῆσαί
1620 652 1654 673 τι
1671 638 1739 673 τῶν
1760 635 1808 686 μὴ
1831 635 2019 673 δοκούντων
2037 638 2142 688 αὐτῷ.
2163 638 2327 679 Τοιοῦτος
2345 630 2386 682 ἦν
2407 639 2425 674 ὁ
2474 667 2475 680 ³

1402 696 1572 748 μακάριος
1600 698 1761 739 Παῦλος·
1792 695 1848 734 διὰ
1867 699 1969 735 τοῦτο
1999 695 2116 747 ἔλεγε·
2137 696 2342 747 Πέπεισμαι
2371 696 2423 735 ὅτι
2472 702 2475 733 ,’

1399 756 1475 794 οὕτε
1497 758 1657 809 ἄγγελοι,
1687 757 1765 796 οὔτε
1793 756 1920 810 ἀρχαὶ,
1949 757 2026 796 οὔτε
2049 757 2226 809 δυνάμεις,
2250 757 2328 795 οὔτε
2353 761 2422 796 ἕνε-
2472 772 2474 774 ’

1399 820 1528 866 στῶτα,
1545 818 1622 856 οὔτε
1644 818 1829 869 μέλλοντα,
1849 817 1928 856 οὔτε
1947 817 2089 870 ὕψωμα,
2111 819 2188 857 οὔτε
2209 819 2323 870 βάθος,
2345 819 2422 857 οὔτε

1398 893 1450 921 τις
1477 878 1587 923 κτίσις
1619 879 1721 932 ἑτέρα
1747 879 1932 926 δυνήσεται
1963 883 2056 930 ἡμᾶς
2084 879 2236 933 χωρίσαι
2269 880 2338 918 ἀπὸ
2360 883 2422 926 τῆς

1399 939 1540 990 ἀγάπης
1556 946 1616 979 τοῦ
1638 943 1747 989 Θεοῦ,
1767 943 1830 987 τῆς
1857 943 1891 979 ἐν
1913 942 2058 993 Χριστῷ
2085 940 2202 987 Ἰησοῦ
2225 944 2275 993 τῷ
2303 941 2422 995 Κυρίῳ
2471 954 2473 972 -’

373 1007 521 1057 gravius
542 1006 745 1059 putandum
762 1014 834 1054 est,
854 1003 993 1055 aliquid
1010 1003 1134 1041 fecisse
1155 1002 1251 1054 quod
1271 1002 1323 1040 illi
1338 1027 1385 1053 745
1399 1003 1511 1052 ἡμῶν.
1537 1001 1607 1040 Καὶ
1626 1006 1727 1052 ἡμεῖς
1751 1001 1786 1039 δὲ
1807 1001 1886 1045 τοὺς
1908 1002 2024 1053 ἁγίους
2052 1002 2229 1055 μάρτυρας
2248 1002 2330 1040 ὅταν
2354 1017 2422 1052 μα-

371 1067 566 1120 displiceat.
588 1066 688 1104 Talis
707 1074 783 1104 erat
811 1066 936 1103 beatus
954 1064 1088 1102 Paulus
1111 1080 1118 1100 :
1139 1073 1324 1116 propterea
1349 1065 1375 1094 Α
1397 1062 1608 1114 καρίζωμεν,
1637 1063 1706 1101 ἀπὸ
1730 1065 1799 1101 τῶν
1828 1062 2039 1115 τραυμάτων
2063 1062 2230 1116 πρότερον
2263 1061 2420 1115 μακαρί-

172 1133 354 1173 1{‹›m.8.39.
371 1128 524 1178 dicebat,
541 1130 676 1167 Certus
690 1142 775 1166 sum
788 1128 894 1180 quod
904 1140 1026 1179 neque
1038 1126 1185 1178 angeli,
1203 1140 1325 1178 neque

170 1174 220 1214 40'
368 1193 624 1243 principatus,
645 1204 767 1243 neque
778 1197 1001 1241 potestates,
1023 1202 1145 1241 neque
1157 1201 1323 1239 proesen-

371 1254 440 1298 tia,
460 1266 581 1305 neque
589 1253 742 1306 futura,
761 1265 883 1303 neque
896 1251 1079 1300 altitudo,
1100 1264 1221 1302 neque
1232 1262 1322 1301 pro-

356 1315 626 1366 fundmn,nec
640 1315 724 1351 alia
737 1321 916 1352 creatura
926 1315 1066 1365 poterit
1081 1325 1149 1349 nos
1165 1325 1321 1363 separa-

369 1378 611 1413 reacaritato
621 1376 698 1412 Dei
698 1388 801 1426 ,quoe
811 1382 865 1412 est
875 1375 1074 1412 inCliristo
1081 1374 1111 1411 J
1111 1386 1175 1411 esu
1186 1374 1321 1409 Domi·

370 1450 418 1474 no
435 1445 574 1475 nostro.
593 1436 690 1483 Quin
704 1445 738 1473 et
753 1444 892 1473 sanctos
910 1444 1082 1488 martyres
1103 1448 1184 1472 cum
1199 1434 1319 1472 beatos

368 1512 556 1547 vocamus,
573 1498 619 1535 ob
631 1497 780 1536 vulnera
795 1496 955 1549 primum
968 1495 1218 1548 praedicamus,
1233 1509 1317 1533 mox

367 1559 412 1597 ob
430 1558 575 1611 p1·aemia
586 1574 598 1610 3
622 1559 722 1611 prius
741 1558 787 1596 ob
805 1558 942 1610 plagas,
963 1566 996 1595 et
1010 1566 1088 1594 tum
1112 1556 1258 1594 demum
1273 1556 1319 1594 ob

367 1635 513 1659 coronas
527 1619 712 1672 repositas.
731 1618 883 1657 Praemia
898 1617 993 1656 enim
1007 1626 1152 1670 propter
1169 1618 1317 1655 vulnera

366 1681 586 1733 contingunt,
600 1689 633 1718 et
647 1694 717 1718 non
733 1680 878 1720 vulnera
898 1688 1045 1732 propter
1063 1678 1222 1731 praemia.

418 1745 454 1781 5.
482 1745 537 1781 Ita
554 1742 680 1780 beatus
711 1755 850 1792 quoque
879 1741 1012 1778 Paulus
1032 1754 1103 1779 non
1122 1749 1196 1779 tam
1217 1755 1318 1794 repo-

363 1804 440 1842 sitis
467 1803 537 1842 sibi
563 1804 685 1853 honis,
711 1817 818 1854 quam
846 1801 1016 1840 molestiis
1040 1811 1186 1854 propter
1212 1802 1318 1840 Chri-

363 1875 458 1904 stum
472 1864 691 1919 perferendis
707 1863 903 1916 gaudebat,
923 1862 1169 1914 clamabatque
1180 1862 1316 1913 dicens,

168 1942 234 1970 col.
255 1949 281 1969 ι.
299 1942 347 1979 24.
367 1928 529 1967 Gaudeo
543 1930 585 1966 in
601 1928 848 1980 passionibus
860 1939 931 1978 pro
950 1927 1061 1964 vobis
1083 1941 1092 1963 :
1118 1935 1151 1964 et
1166 1925 1314 1977 iterum,

162 2009 250 2038 Rom.
267 2007 297 2039 5,
318 2008 347 2038 3,
365 1991 456 2029 Non
479 1990 604 2029 solum
633 1997 776 2035 autem,
807 2000 944 2025 verum
974 1995 1011 2025 et
1033 1987 1251 2039 gloriamur
1274 1991 1315 2026 in

164 2065 300 2105 Philipp.
323 2053 680 2094 1.tribulati0nibus
704 2059 764 2088 :et
789 2063 954 2098 rursum,
981 2049 1174 2100 Quoniam
1205 2052 1314 2089 nobis

163 2114 214 2144 ²9·
365 2116 552 2153 donatum
576 2123 631 2153 est
659 2129 683 2153 a
710 2115 810 2164 Deo,
838 2121 880 2151 ut
909 2125 986 2149 non
1015 2112 1140 2149 solum
1165 2114 1208 2149 in
1229 2126 1315 2150 eum

366 2178 582 2223 credamus,
611 2177 680 2214 sed
707 2178 825 2213 etiam
850 2189 920 2227 pro
947 2189 990 2213 eo
1013 2177 1225 2227 patiamur.
1251 2174 1316 2213 Est

206 2249 353 2277 AEmmnae
367 2237 462 2276 enim
487 2237 601 2289 gratia
621 2251 703 2277 vere
717 2236 892 2285 maxima,
912 2236 1064 2288 dignum
1083 2235 1214 2273 censeri
1233 2250 1315 2288 pro-

162 2301 223 2361 {51⁴2
227 2291 353 2361 gamm
368 2310 447 2352 pter
460 2299 641 2338 Christum
661 2297 800 2349 aliquid
820 2297 912 2350 pati,
932 2306 966 2335 et
985 2311 1113 2335 corona
1134 2311 1216 2335 vere
1234 2311 1315 2349 per-

165 2381 233 2402 sunt
248 2353 350 2411 gnita,
367 2362 456 2400 secta
466 2391 477 2412 ,
493 2370 527 2399 ct
547 2374 678 2398 merces
697 2360 817 2397 futura
836 2358 1068 2396 retributione
1083 2372 1152 2395 non
1170 2357 1286 2396 minor
1307 2374 1313 2395 :

163 2426 287 2485 Ξζίἓέ,
367 2433 401 2461 et
419 2423 486 2462 hoc
500 2431 628 2461 norunt
641 2421 701 2473 qui
715 2420 872 2472 legitime
885 2434 925 2457 ac
942 2420 1116 2457 ferventer
1132 2419 1316 2458 Christum

281 2480 286 2485 ¹
365 2484 513 2537 diligere
534 2483 661 2522 sciunt.
679 2482 779 2520 Talis
798 2490 871 2519 erat
885 2489 919 2518 et
931 2480 1008 2518 haec
1027 2480 1174 2530 mulier,
1189 2479 1316 2519 arden-

365 2547 543 2585 tissimum
564 2546 698 2584 habens
718 2544 755 2582 in
773 2544 892 2581 Deum
916 2541 1153 2592 desiderium,
1173 2551 1206 2580 et
1226 2542 1317 2595 igni-

366 2618 443 2646 tum
461 2621 617 2646 amorem
640 2623 646 2642 :
672 2614 859 2658 propterea
876 2603 1039 2652 dicebat,
1061 2605 1213 2642 Laetata
1232 2618 1315 2642 sum

366 2674 407 2707 in
429 2670 595 2708 salutari
613 2677 688 2706 tuo.
713 2666 815 2705 Nihil
835 2666 929 2704 enim
948 2665 1017 2717 ipsi
1035 2664 1104 2703 fuit
1123 2679 1205 2703 cum
1222 2674 1315 2704 terra

368 2745 552 2769 commune
562 2760 572 2780 ,
589 2729 652 2768 scd
670 2742 773 2767 omne
788 2727 986 2766 humanum
1004 2726 1184 2764 auxilium
1202 2726 1315 2780 despi-

366 2793 495 2842 ciebat,
513 2801 547 2830 et
561 2800 636 2829 erat
653 2790 809 2843 Spiritus
824 2789 936 2841 gratia
953 2787 1136 2837 sublimis,
1153 2788 1188 2825 in
1202 2788 1315 2826 omni-

366 2855 500 2904 busque
518 2852 564 2891 ad
582 2853 699 2890 Deum
725 2850 950 2903 respiciebat,
973 2859 1007 2888 et
1035 2849 1080 2887 ab
1106 2850 1315 2902 urgentibus
1338 2858 1362 2888 C

365 2915 537 2954 molestiis
557 2914 656 2952 illinc
677 2913 820 2951 liberari
841 2911 999 2964 rogabat.
1023 2912 1179 2951 Noverat
1199 2913 1292 2950 enim
1305 2943 1313 2959 ,

365 2977 469 3028 plane
489 2984 650 3025 noverat,
669 2974 823 3011 humana
848 2972 1018 3024 quidem,
1039 2973 1313 3024 qualiacumque

363 3039 453 3088 sint,
473 3037 637 3075 dantium
655 3035 786 3074 imitari
800 3044 963 3073 naturam
981 3050 989 3071 :
1007 3034 1108 3073 nobis
1124 3044 1243 3073 autem
1258 3035 1314 3073 di-

363 3100 448 3139 vino
463 3113 601 3152 semper
614 3112 704 3149 opus
718 3111 791 3135 esse
806 3095 943 3134 auxilio
952 3126 963 3146 ,
981 3095 1010 3134 si
1030 3095 1181 3135 velimus
1203 3110 1311 3134 anco-

364 3177 439 3200 ram
456 3161 490 3199 in
505 3169 580 3198 tuto
603 3159 756 3197 firmare.
781 3160 1009 3210 Quapropter
1022 3157 1070 3195 ad
1086 3158 1202 3195 Deum
1220 3172 1312 3196 sem—

363 3239 424 3276 per
454 3221 702 3273 confugiebat,
721 3228 754 3257 et
783 3229 923 3271 accepta
947 3219 1078 3270 gratia,
1101 3219 1195 3271 quod
1216 3222 1311 3259 Deus

362 3286 436 3335 ojus
464 3292 588 3322 auctor
617 3290 727 3330 esset,
753 3280 865 3331 magis
890 3279 1087 3331 gaudebat,
1118 3289 1151 3318 et
1182 3282 1310 3332 gratias

405 3406 416 3418 2
443 3391 537 3424 Colh.
555 3400 585 3423 ct
603 3391 682 3433 ch.
703 3393 809 3433 ὅρμου.

1396 1125 1512 1173 ζομεν,
1527 1124 1586 1162 καὶ
1604 1123 1683 1162 τότε
1698 1124 1767 1162 ἀπὸ
1785 1125 1854 1161 τῶν
1878 1123 2050 1176 βραδείων
2065 1139 2072 1146 ·
2090 1123 2159 1161 ἀπὸ
2173 1127 2243 1161 τῶν
2262 1126 2420 1176 πληγῶν,

1395 1184 1454 1221 καὶ
1480 1184 1558 1223 τότε
1580 1184 1648 1222 ἀπὸ
1669 1188 1735 1224 τῶν
1757 1183 1995 1235 ἀποκειμένων
2023 1184 2211 1236 στεφάνων.
2237 1184 2322 1223 Ἀπὸ
2352 1183 2419 1236 γὰρ

1393 1248 1462 1283 τῶν
1487 1247 1696 1299 τραυμάτων
1719 1246 1763 1284 τὰ
1783 1246 1951 1298 βραὸεῖα,
1979 1247 2042 1284 οὐκ
2061 1245 2131 1283 ἀπὸ
2148 1247 2217 1282 τῶν
2247 1245 2418 1298 βραδείων

1394 1306 1437 1344 τὰ
1452 1307 1636 1359 τραύματα
1654 1307 1717 1354 τὴν
1745 1307 1858 1359 ἀρχὴν
1884 1306 2060 1356 λαμὲάνει
2086 1305 2146 1344 καὶ
2164 1305 2227 1352 τὴν
2244 1306 2416 1345 ὑπόθεσιν.
2470 1355 2471 1358 ¹

1441 1748 1547 1789 Οὕτω
1563 1749 1620 1787 καὶ
1635 1753 1651 1788 ὁ
1668 1748 1836 1803 μακάριος
1851 1752 1991 1794 Παῦλος
2010 1752 2078 1805 πρὸ
2093 1754 2160 1789 τῶν
2176 1750 2434 1803 ἀποκειμένων,

1389 1814 1527 1863 ἀγαθῶν
1549 1812 1606 1850 ἐπὶ
1626 1818 1696 1855 τοῖς
1713 1812 1961 1863 συμὸαίνουσιν
1985 1814 2081 1865 αὐτῷ
2107 1812 2163 1851 διὰ
2180 1813 2238 1851 τὸν
2261 1813 2413 1867 Χριστὸν

1387 1875 1553 1927 λυπηροῖς
1573 1873 1704 1927 ἔχαιρε,
1720 1874 1780 1912 καὶ
1805 1874 1888 1913 ἐὲόα
1911 1873 2036 1926 λέγων,
2058 1874 2180 1928 Χαίρω
2197 1877 2232 1913 ἓν
2251 1881 2322 1918 τοῖς
2343 1891 2414 1913 πα-

1388 1935 1540 1986 θήμασιν
1569 1935 1658 1988 ὑπὲρ
1677 1937 1775 1986 ὑμῶν
1789 1951 1796 1958 ·
1818 1935 1878 1973 καὶ
1897 1935 2016 1983 πάλιν,
2041 1937 2094 1973 Οὐ
2126 1935 2228 1986 μόνον
2250 1935 2304 1984 δὲ,
2326 1935 2413 1974 ἀλλὰ
2466 1954 2467 1958 ’

1388 1995 1447 2034 καὶ
1478 1995 1692 2048 καυχώμεθα
1725 1998 1758 2034 ἐν
1793 2002 1869 2040 ταῖς
1901 1995 2048 2048 θλίψεσι·
2090 1995 2149 2034 καὶ
2177 1997 2296 2045 πάλιν,
2330 1996 2413 2035 ‘'O-ct
2466 2031 2467 2034 ,

1387 2061 1471 2108 ἡμῖν
1492 2057 1659 2111 ἐχαρίσθη
1681 2058 1750 2096 ἀπὸ
1769 2062 1828 2095 τοῦ
1848 2059 1940 2096 Θεοῦ
1953 2088 1962 2106 ,
1983 2060 2020 2096 οὗ
2041 2057 2142 2109 μόνον
2170 2058 2209 2097 τὸ
2237 2059 2283 2101 εἷς
2312 2057 2414 2096 αὐτὸν

1388 2120 1575 2168 πιστεύειν,
1593 2119 1683 2158 ἀλλὰ
1702 2119 1761 2158 καὶ
1778 2120 1817 2158 τὸ
1835 2118 1923 2170 ὑπὲρ
1940 2121 2042 2158 αὐτοῦ
2065 2120 2227 2173 πάσχειν.
2250 2119 2320 2158 Καὶ
2346 2119 2414 2172 γὰρ

1388 2180 1493 2224 ὅντως
1510 2181 1614 2233 χάρις
1634 2181 1780 2233 μεγίστη
1797 2211 1806 2229 ,
1825 2180 1865 2219 τὸ
1889 2180 2149 2227 καταξιωθῆναι
2180 2181 2236 2220 διὰ
2262 2181 2413 2232 Χριστόν

1388 2258 1421 2279 τι
1437 2246 1572 2289 παθεῖν,
1593 2241 1652 2280 καὶ
1672 2241 1837 2294 στέφανος
1853 2241 1889 2280 δὲ
1906 2241 2164 2294 ἀπηρτισμένος
2176 2272 2185 2289 ,
2200 2241 2259 2279 καὶ
2281 2241 2412 2291 dume-h

1388 2306 1450 2349 τῆς
1477 2302 1669 2354 μελλούσης
1694 2302 1898 2347 ἀντιδόσεως
1930 2305 1991 2341 οὐκ
2019 2303 2193 2341 ἐλάττων·
2228 2303 2287 2340 καὶ
2315 2307 2414 2341 τοῦτο
2462 2313 2465 2338 2,

1389 2363 1503 2402 ἴσασιν
1542 2363 1614 2402 ὅσοι
1650 2363 1800 2416 γνησίως
1830 2363 1890 2402 καὶ
1925 2367 2059 2416 θερμῶς
2088 2365 2199 2415 φιλεῖν
2230 2363 2326 2402 ἴσασι
2356 2364 2413 2402 τὸν

1390 2423 1551 2476 Χριστόν.
1579 2424 1733 2472 Τοιαύτη
1762 2441 1814 2468 τις
1843 2419 1885 2471 ἦν
1916 2425 1975 2463 καὶ
1993 2427 2013 2470 ἡ
2035 2424 2118 2476 γυνὴ
2147 2424 2257 2472 αὕτη,
2289 2425 2412 2476 θερμὸν
2460 2445 2463 2451 ⁴

1389 2485 1518 2537 ἔχουσα
1541 2485 1622 2536 περὶ
1648 2485 1706 2524 τὸν
1732 2485 1821 2525 Θεὸν
1845 2484 1962 2533 πόθον,
1987 2485 2046 2523 καὶ
2074 2485 2217 2538 φίλτρον
2249 2484 2388 2529 διακαές
2403 2501 2410 2508 ·

1389 2547 1445 2585 διὰ
1463 2550 1564 2585 τοῦτο
1582 2548 1710 2599 ἔλεγεν,
1730 2547 1936 2601 Εὐφράνθην
1957 2550 1991 2586 ἐν
2020 2547 2178 2602 σωτηοιά
2209 2564 2280 2586 σου.
2301 2546 2411 2586 Οὐδὲν
2460 2569 2461 2575 1

1388 2610 1455 2664 γὰρ
1474 2610 1585 2648 κοινὸν
1620 2611 1704 2661 αὐτῇ
1735 2609 1820 2661 πρὸς
1850 2608 1912 2655 τὴν
1942 2611 2006 2660 γῆν
2038 2602 2093 2655 ἦν,
2124 2610 2200 2646 ἀλλ’
2232 2607 2412 2662 ὑπερεώρα

1389 2670 1606 2724 ἀνΟρωπίνης
1629 2668 1788 2721 βοηθείας
1807 2668 1966 2716 ἁπάσης,
1992 2668 2051 2707 καὶ
2079 2668 2254 2721 ἐπτέρωτο
2281 2672 2323 2720 τῆ
2352 2672 2410 2708 τοῦ

1388 2731 1594 2780 Πνεύματος
1616 2730 1754 2782 χάριτι,
1777 2730 1836 2767 καὶ
1856 2729 2042 2781 μετάρσιος
2070 2733 2124 2777 ἠν,
2156 2730 2215 2767 καὶ
2242 2730 2326 2783 πρὸς
2354 2729 2410 2768 τὸν
2458 2751 2459 2754 ¹

1387 2792 1477 2830 Θεὸν
1497 2794 1530 2830 ἐν
1555 2792 1683 2829 ἅπασιν
1704 2791 1848 2838 ἔὸλεπε,
1869 2790 1929 2828 καὶ
1949 2793 2016 2828 τῶν
2040 2791 2268 2842 ἐπικειμένων
2291 2792 2408 2829 δεινῶν
2457 2809 2459 2818 ·

1387 2853 1449 2900 τὴν
1469 2853 1564 2892 λύσιν
1585 2855 1711 2891 ἐκεῖθεν
1734 2852 1858 2898 ἐζήτει.
1878 2852 1981 2906 ’ᾘδει
1996 2852 2084 2905 γὰρ,
2102 2853 2178 2904 ᾔδει
2199 2854 2336 2905 σαφῶς,
2358 2851 2410 2891 δ’τι

1387 2915 1431 2952 τὰ
1456 2914 1518 2966 μὲν
1535 2913 1746 2967 ἀνθρώπινα,
1767 2908 1822 2952 οἷα
1842 2913 1880 2951 ἂν
1899 2909 1943 2965 ᾖ,
1966 2919 2127 2964 μιμεῖται
2144 2913 2207 2960 τὴν
2222 2913 2321 2966 φύσιν
2343 2915 2409 2952 τῶν

1388 2975 1603 3014 δεδωκότων·
1619 2976 1669 3013 δεῖ
1691 2974 1726 3014 δὲ
1745 2979 1927 3027 πανταχοῦ
1947 2977 2009 3020 τ’ἧς
2029 2974 2158 3013 ἄνωθεν
2185 2979 2269 3026 ἡμῖν
2292 2977 2408 3028 ῥοπῆς,
2456 2990 2457 2993 ’

1387 3037 1456 3089 εἴγε
1479 3036 1664 3088 μέλλοιμεν
1694 3039 1747 3075 ἐπ’
1780 3038 1952 3088 ἀσφαλοῦς
1981 3038 2123 3089 αὸρμεῖν
2154 3039 2216 3082 τῆς
2246 3035 2407 3089 ἀγκύρας.

1387 3098 1455 3136 Διὰ
1477 3102 1579 3137 τοῦτο
1604 3098 1662 3136 καὶ
1684 3097 1769 3149 πρὸς
1795 3097 1896 3136 αὐτὸν
1920 3098 1954 3134 ἐν
1979 3097 2089 3136 ἅπασι
2117 3097 2325 3149 κατέφευγε,
2351 3095 2408 3135 καὶ

1384 3161 1541 3199 λαὸοῦσα
1563 3159 1625 3206 τὴν
1649 3160 1766 3213 χάριν,
1793 3158 1849 3198 ἐπὶ
1867 3175 1916 3211 τῳ
1936 3158 2100 3196 δεδωκότι
2116 3160 2247 3210 μᾶλλον
2264 3157 2382 3212 ἔχαιρε
2396 3186 2405 3203 ,

1385 3221 1443 3260 καὶ
1462 3223 1715 3274 εὖχαριστοῦσα
1734 3219 1849 3271 ἔλεγεν
1866 3236 1872 3242 ·
1894 3221 1969 3259 Οὐκ
1999 3218 2090 3258 ἔστιν
2112 3219 2227 3271 ἅγιος,
2243 3221 2290 3263 ὡς
2302 3222 2320 3257 ὁ
2335 3217 2405 3257 Kti-

1387 3297 1474 3334 ριος,
1497 3281 1555 3318 καὶ
1576 3284 1636 3319 οὐκ
1662 3279 1735 3318 ἔστι
1758 3279 1908 3325 δίκαιος,
1929 3281 1974 3322 ὡς
1991 3281 2008 3316 ὁ
2029 3279 2117 3322 Θεὸς
2133 3281 2247 3328 ἡμῶν,
2268 3277 2325 3316 καὶ
2346 3278 2405 3315 οὐκ
2452 3290 2453 3297 ’
