2516 3791
89 2460 187 2498 Caput
222 2456 271 2486 50.

263 178 352 237 742

260 268 508 309 fortitudinem
525 265 701 317 designat,
722 274 756 302 et
770 264 806 301 in
822 274 1003 301 summum
1028 256 1212 307 fastigium

261 329 482 382 principatus
512 334 675 364 evectum
701 337 774 361 esse
822 321 882 358 hic
928 317 1097 355 insinuat.
1138 315 1212 351 Hae

267 393 383 438 enim,
397 387 528 438 inquit,
551 385 832 423 benedictiones
845 387 958 417 erunt
971 390 1084 429 super
1098 381 1214 426 caput

262 452 422 502 Joseph,
447 457 483 486 et
502 451 543 484 in
561 447 709 483 vertice
709 445 905 495 fratrum,
948 451 1112 491 quorum
1134 437 1214 473 dux

263 521 332 550 est.
353 511 416 548 Hae
432 508 580 556 scilicet,
596 504 727 555 inquit,
746 501 1009 540 benedictiones
1024 507 1129 537 erunt
1140 498 1215 535 {su-

264 586 327 624 per
355 578 463 622 caput
486 577 600 605 tuum.
620 567 685 603 27.
702 565 915 616 Benjamin
943 562 1056 613 lupus
1070 572 1212 611 rapax,

266 646 381 670 mane
411 629 596 674 comedet,
632 635 670 664 et
695 626 749 663 ad
781 636 984 676 vesperam
1015 622 1218 659 distribuet

268 706 406 731 escam.
423 689 472 727 Et
507 689 568 726 hic
599 686 792 740 praesignat
820 684 852 722 ei
883 682 983 734 quod
1010 682 1116 733 longo
1139 687 1218 732 post

268 763 424 805 tempore
435 751 599 788 futurum
626 757 715 797 erat,
738 756 770 785 et
785 745 881 797 quod
893 753 1115 797 grassaturus
1131 748 1220 779 esset

267 815 359 852 sicut
375 813 484 865 lupus
504 810 658 863 rapiens,
672 807 837 847 occidens
861 815 896 844 et
918 805 1105 843 innumera
1124 802 1219 840 mala

266 875 410 913 faciens.
427 871 609 919 Quoniam
623 879 741 908 autem
753 868 920 906 omnibus
951 865 1038 903 filiis
1067 877 1221 915 congru-
1243 873 1266 902 ι)

268 946 363 975 cutes
381 933 644 972 benedictiones
660 928 908 983 praesignavit,
929 926 995 966 28.
1023 928 1077 964 Et
1110 927 1221 961 bene-

269 999 383 1043 dixit,
409 995 541 1046 inquit,
575 993 740 1045 singulis
760 993 880 1043 juxta
916 988 1222 1026 benedictionem

269 1072 394 1104 suam,
418 1070 497 1109 qua
517 1054 769 1092 benedixerat
787 1053 841 1088 eis
864 1065 874 1085 :
896 1049 965 1086 hoc
980 1056 1046 1096 est,
1080 1043 1223 1082 unicui—

271 1133 338 1170 que
353 1116 572 1170 praedieebat
587 1128 665 1164 quae
675 1111 836 1158 decebat,
856 1118 888 1147 et
909 1122 988 1159 quae
1007 1106 1043 1144 in
1064 1118 1224 1155 unaqua—

270 1194 340 1231 que
358 1178 455 1216 tribu
471 1185 641 1215 eventura
660 1181 774 1211 essent
808 1169 994 1224 praedixit.
1029 1168 1225 1217 Postquam

270 1247 389 1275 autem
419 1234 602 1273 ordinavit
631 1247 669 1269 ea
700 1245 782 1281 quae
813 1244 834 1266 a
865 1227 1004 1280 Spiritu
1030 1225 1100 1277 ipsi
1125 1238 1223 1276 prae-

272 1298 411 1349 signata
430 1297 583 1341 fuerant,
602 1292 691 1330 dicit
724 1291 774 1328 eis
800 1305 807 1326 ε
835 1289 897 1327 29.
931 1289 1016 1339 Ego
1053 1298 1227 1337 appono]-

273 1359 327 1395 ad
339 1357 525 1409 populum
547 1367 688 1399 meum,
712 1360 747 1389 et
764 1350 953 1402 sepelietis
971 1362 1031 1385 me
1047 1360 1134 1384 cum
1155 1359 1225 1398 pa-

274 1420 396 1456 tribus
407 1420 514 1455 meis.

326 1479 365 1516 4.
389 1477 486 1518 Vide
506 1474 686 1527 quomodo
703 1488 765 1525 per
785 1471 996 1510 mandatum
1015 1469 1082 1507 hoe
1113 1467 1228 1505 maxi-

274 1554 372 1577 mam
396 1539 446 1576 eis
465 1536 742 1576 consolationem
773 1535 908 1571 afferat.
946 1529 1229 1569 considerabant

275 1601 384 1650 enim,
402 1601 542 1651 justum
557 1598 626 1635 hoc
643 1610 713 1634 non
730 1594 986 1632 mandaturum
1009 1591 1132 1640 fuisse,
1161 1589 1230 1626 nisi

275 1661 419 1700 omnino
441 1659 602 1697 scivisset
624 1656 781 1694 reditum
809 1655 969 1705 ipsorum
993 1652 1173 1699 futurum,
1197 1658 1231 1687 et

275 1721 478 1761 liberandos
499 1734 536 1758 se
563 1734 583 1756 a
603 1717 773 1757 servitute
792 1713 955 1767 AEgypti.
991 1714 1117 1750 Postea
1140 1723 1231 1761 quo-

277 1798 344 1835 que
359 1783 478 1820 locum
497 1779 656 1824 nominat
679 1794 686 1814 ε
706 1780 755 1815 In
772 1776 971 1828 spelunea,
995 1771 1125 1822 inquit,
1146 1785 1231 1824 quoe

278 1853 333 1882 est
359 1847 401 1881 in
424 1856 518 1895 agro
538 1842 703 1893 Ephron
724 1839 899 1877 Chettoei.
924 1837 988 1873 55.
1006 1836 1060 1871 Et
1086 1842 1127 1870 ut
1149 1834 1232 1870 hoec

278 1908 393 1956 dixit,
412 1906 576 1942 cessavit
591 1905 779 1953 imperare
787 1899 893 1951 filiis
910 1898 1000 1934 suis.
1023 1896 1075 1932 Et
1109 1893 1232 1931 suble-

282 1969 387 2004 vavit
403 1967 527 2003 Jacob
543 1964 658 2015 pedes
676 1975 764 2000 suos
779 1972 892 2011 super
922 1957 1078 2002 lectum,
1107 1962 1144 1991 et
1166 1954 1232 1991 de·
1253 1962 1278 1991 D

268 2030 386 2081 feeit,
411 2035 446 2064 et
459 2027 655 2078 appositus
669 2031 724 2060 est
734 2022 787 2059 ad
799 2018 983 2072 populum
998 2030 1124 2055 suum.
1137 2014 1234 2055 Vide

280 2098 430 2126 mortem
461 2086 549 2139 justi
577 2085 684 2124 etiam
716 2096 849 2134 magno
878 2079 1051 2118 miraculo
1078 2077 1232 2130 plenam.

282 2151 371 2188 Nam
388 2157 577 2200 postquam
594 2145 784 2198 imperavit
799 2143 921 2196 pueris
940 2140 1233 2192 suisLSubleva-

287 2213 339 2248 vit
363 2211 478 2261 pedes
509 2212 551 2246 in
581 2209 721 2244 lectum
754 2219 878 2252 suum,
910 2202 1011 2253 quasi
1031 2215 1113 2238 cun]
1131 2200 1235 2238 volu-

283 2279 381 2322 ptate
397 2283 470 2306 rem
482 2268 662 2319 reciperet.
680 2267 734 2303 Ita
749 2263 905 2316 impletis
918 2261 1098 2310 omnibus⁷
1113 2261 1236 2297 Pedes

284 2331 440 2368 sustulit
460 2345 470 2365 :
494 2329 562 2365 hoc
582 2337 647 2377 est,
665 2327 790 2378 planos
804 2334 837 2362 et
859 2333 970 2361 rectos
984 2321 1066 2359 fecit
1103 2329 1136 2357 et
1169 2334 1237 2357 ex·-

286 2391 400 2429 tendit
419 2407 426 2427 :
453 2391 624 2442 Defecit,
644 2388 710 2425 hoc
726 2395 792 2435 est,
812 2384 931 2424 finivit
947 2383 1075 2429 vitam,
1098 2383 1151 2418 Et
1171 2395 1238 2432 ap-

284 2455 431 2505 positus
445 2460 500 2489 est
514 2451 568 2487 ad
581 2448 766 2500 populum
795 2459 919 2484 suum.
957 2445 993 2481 1.
1019 2444 1072 2480 Et
1099 2442 1238 2480 recidit

287 2515 317 2552 J
317 2514 431 2565 oseplz
448 2512 715 2563 superjaciem
728 2510 852 2560 patris
866 2508 941 2551 sui,
955 2512 991 2542 et
995 2504 1106 2557 flevit
1127 2516 1241 2554 super

288 2589 388 2621 eum,
410 2582 446 2611 et
467 2572 664 2610 osculatus
683 2577 739 2607 est
769 2582 868 2606 eum.
894 2564 1030 2605 Vidisti
1056 2563 1126 2601 filii
1148 2562 1238 2601 dile-

289 2634 467 2674 ctionem?
493 2631 617 2672 vidisti
649 2629 799 2681 ignitam
839 2625 1047 2665 caritatem?
1081 2624 1128 2662 Et
1159 2632 1240 2676 post

288 2698 415 2736 animae
430 2708 606 2734 recessum
627 2692 780 2731 Recidit
800 2689 945 2740 Joseph
965 2686 1242 2739 super-faciem
1263 2686 1285 2715 E

291 2763 386 2812 ejus,
409 2767 443 2795 et
457 2757 652 2794 osculatus
673 2761 742 2799 est,
763 2751 925 2805 etflevit
957 2762 1070 2800 super
1089 2760 1144 2785 eo.
1178 2745 1243 2783 His

290 2820 391 2858 sactis
407 2818 538 2869 ,Ioseph
551 2831 628 2867 quae
644 2830 663 2852 a
683 2823 783 2866 patre
814 2811 980 2850 mandata
1012 2817 1112 2847 erant
1146 2820 1244 2845 exse-

293 2882 353 2933 qui
375 2879 527 2919 euravit.
545 2881 580 2915 2.
603 2878 656 2914 Et
675 2890 760 2913 mox
775 2874 979 2912 mandavit
1001 2871 1244 2923 pollinctori-

295 2945 377 2987 bus,
402 2951 441 2979 ut
462 2940 666 2991 sepelirent
694 2946 845 2989 patrem
878 2948 1003 2973 suum.
1028 2934 1066 2971 5.
1091 2933 1144 2970 Et
1165 2933 1245 2983 ipse

295 3004 449 3056 quidem
467 2999 885 3053 quadragintadiebus,
907 2997 1100 3047 AEgyptus
1117 3001 1246 3030 autem

295 3065 541 3116 septuaginta
558 3062 690 3097 (liebus
729 3072 814 3095 eum
851 3058 965 3094 luz-it.
986 3055 1034 3092 Et
1060 3062 1246 3106 postquam

293 3127 388 3178 justa
398 3123 514 3162 omnia
534 3121 712 3173 persoluta
727 3116 1045 3169 sunt,signisscavit
1057 3113 1247 3161 Pharaoni,

298 3196 332 3224 et
348 3186 391 3223 iis
411 3183 474 3235 qui
497 3197 577 3220 eum
599 3196 638 3219 co
651 3189 764 3227 erant,
778 3194 856 3230 qua:
869 3179 1035 3230 illipater
1052 3175 1173 3214 adhuc
1193 3173 1249 3213 vi-

299 3261 367 3285 vus
386 3243 632 3291 demandarat,
665 3250 698 3279 ct
727 3240 850 3278 dixit:
872 3241 907 3279 5.
937 3238 1153 3290 Adjuravit
1190 3249 1304 3288 me(m

678 184 715 214 S.
753 181 931 213 JOANMS
966 175 1208 209 CHRYSOST.
1249 170 1451 201 ARCHIEP.
1490 167 1843 197 CONSTANTINOP.

1285 268 1344 305 ρας
1369 249 1533 289 διαδώσει
1558 249 1700 301 τροφήν.
1731 249 1802 288 Καὶ
1824 251 1972 287 ἐνταῦθα
1989 247 2184 300 προμηνύει
2210 248 2303 299 αὐτῷ

1282 311 1327 351 τὰ
1361 310 1450 363 μετὰ
1479 310 1602 364 μικρὸν
1628 309 1777 361 ἐσόμενα
1801 309 1938 362 χρόνον,
1969 308 2029 346 καὶ
2053 308 2120 356 ὅτι,
2148 307 2306 359 καθάπερ

1283 373 1399 420 λύκος,
1419 366 1515 416 οῧτος
1531 370 1739 417 ἐπιδήσεται
1751 370 1927 424 ἁρπάζων,
1944 371 2109 421 ἀναιρῶν,
2124 368 2186 405 καὶ
2201 367 2307 420 μυρία

1285 434 1378 474 κακὰ
1397 432 1572 476 διατιθείς.
1604 431 1751 478 Ἐπειδὴ
1776 431 1812 470 δὲ
1831 438 1918 469 πᾶσι
1939 436 2009 472 τοῖς
2024 431 2109 472 υἱοῖς
2129 427 2307 474 καταλλή-

1285 500 1365 540 λους
1383 495 1446 539 τὰς
1460 493 1617 546 εὐλογίας
1635 494 1855 546 προεμήνυσε
1866 523 1875 541 ,
1898 492 1970 530 Καὶ
1986 490 2151 542 εὖλόγησε
2162 520 2171 537 ,
2188 489 2322 542 φησὶν,.

1287 558 1432 596 ἕκαστον
1468 554 1560 594 κατὰ
1600 555 1663 600 τὴν
1701 554 1856 606 εὐλογίαν
1890 555 1994 591 αὐτοῦ
2006 582 2015 599 ,
2050 551 2092 597 ἢν
2122 550 2306 602 εὐλόγησεν

1288 618 1427 662 αὐτούς·
1459 617 1536 656 ἀντὶ
1560 620 1638 664 τοῦ,
1667 615 1756 669 ἅπερ
1782 617 1887 667 ἐχρῆν
1916 614 2053 664 ἑκάστῳ
2076 611 2309 665 προεμήνυσε,

1289 680 1349 720 καὶ
1367 678 1411 718 τὰ
1428 678 1479 730 ἐφ’
1503 677 1660 723 ἑκάστης,
1671 678 1778 729 φυλῆς
1795 674 2046 727 συμῦησόμενα
2063 671 2310 726 προανεφώνη-

1290 758 1367 781 σεν·
1399 738 1517 786 ἐπειδὴ
1548 739 1728 783 διετάξατο
1751 738 1795 776 τὰ
1823 737 1891 775 ὑπὸ
1913 741 1972 774 τοῦ
1991 734 2195 785 Πνεύματος
2217 735 2311 786 αὐτῷ

1290 801 1556 857 προμηνυθέντα
1568 831 1577 848 ,
1600 800 1685 852 φησὶ
1703 799 1789 852 πρὸς
1805 798 1926 842 αὐτούς
1939 814 1946 821 ·
1968 796 2062 848 Ἐγὼ
2082 794 2312 848 προστίθεμαι

1291 865 1376 917 πρὸς
1389 864 1446 902 τὸν
1464 862 1546 914 ἐμὸν
1567 862 1662 910 λαὸν,
1683 861 1742 899 καὶ
1757 859 1885 912 θάψετέ
1899 874 1941 910 με
1959 857 2048 909 μετὰ
2061 859 2129 895 τῶν
2150 854 2310 907 πατέρων

1294 940 1359 976 μου
1365 954 1372 962 .

1352 1452 1446 1506 ἰὈρα
1472 1453 1545 1495 πῶς
1577 1451 1634 1489 διὰ
1655 1453 1716 1497 τῆς
1744 1448 1965 1501 ἐπισκήψεως
1995 1448 2123 1496 ταύτης
2150 1447 2317 1499 μεγίστην

1300 1518 1413 1557 αὐτοῖς
1428 1512 1652 1567 παραμυθίαν
1666 1511 1860 1565 χαρίζεται.
1892 1510 2069 1549 Ένενόουν
2084 1510 2165 1561 γὰρ,
2186 1509 2240 1548 ὅτι
2259 1511 2321 1548 οὔκ

1300 1576 1339 1614 ἂν
1355 1579 1373 1613 ὁ
1389 1575 1519 1618 δίκαιος
1535 1579 1634 1612 τοῦτο
1654 1574 1704 1610 διε
1730 1572 1881 1618 τείλατο,
1897 1573 1925 1609 εἷ
1943 1569 1991 1621 μὴ
2007 1569 2147 1613 πάντως
2161 1569 2237 1621 ᾔδει
2253 1568 2315 1614 τὴν

1299 1638 1418 1676 ἄνοδον
1445 1638 1556 1674 αὐτῶν
1577 1634 1744 1685 ἐσομένην
1758 1664 1768 1681 ,
1797 1633 1857 1670 καὶ
1871 1636 1932 1678 τῆς
1953 1631 2107 1674 δουλείας
2123 1635 2184 1677 τῆς
2201 1632 2234 1668 ἓν
2256 1630 2323 1667 Αἷ-

1299 1698 1420 1751 γόπτῳ
1434 1696 1496 1744 τὴν
1512 1695 1734 1747 ἀπαλλαγήν.
1750 1688 1841 1732 Εἶτα
1855 1693 1915 1731 καὶ
1930 1693 1987 1731 τὸν
2004 1692 2108 1731 τόπον
2123 1692 2228 1743 λέγει·
2259 1692 2321 1729 Ἐν

1299 1762 1349 1811 τῷ
1369 1757 1555 1810 σπηλαίῳ,
1577 1756 1703 1809 φησὶν,
1723 1755 1742 1794 ὅ
1757 1758 1849 1794 ἐστιν
1863 1758 1896 1793 ἐν
1914 1758 1964 1808 τῷ
1990 1757 2086 1807 ἀγρῷ
2105 1754 2246 1806 Ἐφρὼν
2266 1757 2325 1792 τοῦ

1300 1819 1484 1859 Χετταίου.
1521 1818 1592 1856 Καὶ
1611 1821 1722 1855 ταῦτα
1744 1815 1849 1854 εἰπὼν
1870 1816 2082 1863 κατέπαυσε,
2101 1815 2217 1867 φησὶν,
2243 1817 2324 1853 ἐπι-

1301 1882 1438 1921 τάσσων
1467 1886 1538 1923 τοῖς
1568 1881 1652 1922 υἱοῖς
1683 1881 1798 1916 αὐτοῦ.
1837 1878 1907 1916 Καὶ
1944 1877 2065 1929 ἐξάρας
2090 1875 2221 1915 Ἰακὼὸ
2247 1875 2325 1919 τοὺς

1301 1942 1410 1986 πόδας
1436 1943 1538 1979 αὐτοῦ
1561 1940 1618 1979 ἐπὶ
1633 1940 1696 1986 τὴν
1713 1939 1833 1986 κλίνην
1849 1968 1858 1985 ,
1876 1938 2032 1986 ἐξέλιπε,
2055 1937 2114 1975 καὶ
2133 1937 2323 1990 προσετέθη

1301 2001 1388 2054 πρὸς
1405 2003 1462 2040 τὸν
1483 2001 1566 2040 λαὸν
1589 2002 1704 2039 αὐτοῦ.
1737 1999 1832 2051 (Ὀρα
1852 1999 1911 2037 καὶ
1934 1998 1996 2045 τὴν
2017 1997 2180 2045 τελευτὴν
2197 2003 2257 2037 τοῦ
2273 1999 2327 2036 δι-

1303 2064 1402 2102 καίου
1424 2064 1552 2102 πολλοῦ
1575 2061 1748 2113 θαύματος
1767 2061 1954 2113 γέμουσαν.
1976 2059 2238 2111 Διαταξάμενος
2247 2059 2327 2113 γὰρ,

1303 2125 1400 2179 φησὶ,
1419 2129 1490 2167 τοῖς
1509 2123 1628 2162 παισὶν
1649 2124 1769 2170 αὐτοῦ,
1795 2122 1947 2174 Ἐξοίρας
1967 2119 2046 2165 τοὺς
2060 2121 2170 2165 πόδας
2186 2121 2244 2159 ἐπὶ
2263 2121 2326 2168 τὴν

1301 2186 1435 2233 κλίνην,
1452 2184 1570 2235 ὥσπερ
1589 2183 1664 2234 μεθ’
1679 2184 1805 2229 ἡδονῆς
1819 2183 1859 2221 τὸ
1873 2188 2021 2234 πρᾶγμα
2036 2181 2327 2233 καταδεχόμενος.

1303 2245 1409 2285 Οὕτω
1435 2244 1522 2296 μετὰ
1542 2245 1581 2283 τὸ
1606 2244 1723 2282 πάντα
1745 2242 1991 2289 διατάξασθαι,
2009 2242 2099 2286 Τοὺς
2119 2242 2227 2286 πόδας
2246 2243 2328 2287 ἐξά-

1307 2323 1383 2360 ρας,
1403 2306 1478 2344 ἀντὶ
1495 2309 1552 2343 τοῦ
1565 2335 1574 2352 ,
1592 2303 1820 2358 ἐφαπλώσας,
1841 2303 1863 2350 ἢ
1879 2304 2011 2352 τείνας,
2028 2307 2074 2348 ὡς
2094 2304 2133 2342 ἂν
2150 2304 2243 2343 εἴποι
2262 2321 2327 2351 τις,

1305 2367 1486 2412 Ἐξέλιπε,
1503 2366 1604 2405 τοῦτο’
1620 2369 1705 2412 ἐστι,
1732 2365 1902 2404 κατέλυσε
1915 2365 1978 2412 τὴν
2002 2366 2106 2412 ζωὴν,
2129 2367 2200 2404 Καὶ
2221 2382 2330 2420 προσ·

1308 2429 1405 2476 azio-13
1435 2428 1520 2481 πρὸς
1549 2428 1606 2465 τὸν
1634 2428 1718 2466 λαὸν
1744 2427 1860 2465 αὐτοῦ.
1893 2427 1964 2464 Καὶ
1981 2426 2156 2464 ἐπιπεσὼν
2174 2456 2183 2473 ,
2209 2427 2330 2479 φησὶν,

1307 2489 1437 2541 Ἰωσὴφ
1466 2489 1523 2527 ἐπὶ
1551 2488 1738 2542 πρόσωπον
1769 2492 1828 2526 τοῦ
1852 2488 1984 2540 πατρὸς
2015 2488 2140 2534 αὐτοῦ,
2164 2487 2329 2526 ἔκλαυσεν

1307 2550 1362 2589 ἐπ’
1383 2552 1490 2601 αὐτῷ,
1510 2549 1568 2587 καὶ
1588 2548 1818 2601 κατεφίλησεν
1839 2549 1953 2586 αὐτόν.
1971 2542 2072 2592 Εἶδες
2090 2549 2213 2593 παιδὸς
2236 2551 2331 2601 φιλο-

1309 2611 1469 2664 στοργίαν
1484 2627 1492 2657 3
1508 2605 1592 2653 εἶδες
1613 2609 1869 2663 πεπυρωμένην
1890 2609 2052 2660 ἀγάπην,
2073 2609 2142 2647 Καὶ
2161 2609 2250 2660 μετὰ
2268 2609 2331 2656 τὴν

1309 2674 1371 2718 τῆς
1398 2673 1511 2723 ψυχῆς
1534 2669 1757 2722 ἀναχ(ι’)ρησιν
1779 2669 1983 2707 Ἐπιπεσὼν
2006 2669 2063 2707 ἐπὶ
2078 2669 2118 2707 τὸ
2133 2668 2334 2721 πρόσωπον,

1311 2732 1370 2770 καὶ
1386 2731 1641 2784 καταφιλήσας,
1664 2730 1831 2768 ἔκλαυσεν
1850 2729 1907 2767 ἐπ’
1927 2731 2032 2783 αὐτῷ.
2051 2730 2119 2768 Καὶ
2135 2729 2254 2768 τούτου
2270 2745 2331 2781 γε-

1311 2793 1453 2844 νομένου
1481 2790 1612 2844 Ἰωσὴφ
1637 2790 1681 2829 τὰ
1701 2790 1797 2844 παρὰ
1819 2795 1878 2829 τοῦ
1900 2791 2030 2842 πατρὸς
2056 2791 2262 2829 ἐνταλθέντα
2287 2793 2334 2834 εἷς

1314 2853 1411 2906 ἔργον
1427 2853 1547 2891 λοιπὸν
1568 2852 1776 2896 ἐσπούδαζεν
1797 2855 1951 2904 ἀγαγεῖν.
1969 2852 2068 2894 Τέως
2084 2851 2118 2890 δὲ
2136 2851 2335 2905 Προσέταξε

1314 2922 1384 2959 τοῖς
1400 2918 1645 2966 ἐνταφιασταῖς
1665 2914 1869 2966 ἐνταφιάσαι
1887 2912 1944 2951 τὸν
1961 2913 2096 2965 πατέρα
2118 2916 2233 2952 αὐτοῦ.
2265 2914 2336 2952 Καὶ

1315 2976 1414 3020 αὐτὸς
1435 2975 1497 3027 μὲν
1513 2975 1776 3026 τεσσαράκοντα
1791 2974 1925 3026 ἡμέρας
1941 2973 2001 3017 τὰς
2026 2976 2090 3019 τῆς
2106 2978 2230 3026 ταφῆς,
2249 2978 2271 3021 ἡ
2300 2974 2335 3013 δὲ

1308 3038 1482 3089 Αἴγυπτος
1509 3036 1749 3087 ἑῧδομήκοντα
1777 3036 1910 3089 ἡμέρας
1937 3035 2038 3073 αὐτὸν
2060 3035 2237 3081 ἐπένθησε.
2267 3035 2336 3073 Καὶ

1316 3097 1435 3144 ἐπειδὴ
1468 3098 1511 3135 τὰ
1539 3097 1771 3148 νενομισμένα
1805 3097 1944 3134 ἅπαντα
1978 3095 2184 3147 γεγένηται,
2215 3096 2336 3135 λοιπὸν

1316 3159 1473 3212 γνωρίζει
1495 3161 1545 3211 τῷ
1565 3157 1703 3211 Φαραὼ
1731 3157 1790 3195 καὶ
1818 3163 1888 3200 τοῖς
1913 3158 1988 3207 μετ’
2011 3159 2114 3195 αὐτοῦ
2129 3156 2172 3194 τὰ
2192 3157 2258 3195 ὑπὸ
2278 3162 2338 3196 τοῦ

1316 3222 1445 3274 πατρὸς
1462 3220 1699 3268 κελευσθέντα,
1719 3218 1779 3257 καί
1794 3218 1913 3271 φησίν’
1934 3217 2100 3271 ζὨρκωσέ
2118 3234 2162 3269 με
2183 3222 2200 3256 ὁ
2219 3217 2338 3271 πατήρ

299 3317 410 3360 pater
424 3320 541 3352 meus,
574 3306 705 3342 dicens
722 3319 730 3339 :
747 3305 796 3339 In
815 3302 1002 3353 sepulcr-0,
1029 3300 1134 3353 quod
1153 3299 1249 3352 sodi
1271 3300 1295 3328 A
1319 3305 1396 3341 μου,
1415 3288 1544 3339 λέγων·
1567 3290 1600 3326 e'v
1626 3289 1674 3339 τῷ
1703 3285 1880 3338 μνημείῳ,
1904 3279 1932 3337 ᾧ
1948 3283 2064 3337 ὤρυξα
2082 3285 2224 3336 ἐμαυτῷ
2243 3287 2276 3324 ἐν
2292 3287 2336 3336 γῇ

303 3372 396 3408 mihi
407 3372 446 3406 in
463 3377 563 3406 terra
575 3367 782 3404 Chanaan.
794 3363 875 3401 illic
885 3376 943 3401 me
954 3362 1111 3413 sepelies
1138 3361 1250 3399 Nunc

1319 3356 1483 3403 Χαναὰν,
1505 3357 1575 3395 ἐκεῖ
1601 3371 1642 3405 με
1663 3355 1794 3406 Οάψεις.
1839 3354 1911 3392 Νῦν
1935 3346 1991 3390 οὖν
2021 3351 2214 3394 συναναὸὰς
2239 3351 2337 3403 Οάψιι)
