2433 3775
759 201 799 230 IN
839 199 1010 230 cxv-1.

127 292 326 342 σωματικοῦ
346 288 472 341 ἔφησεν
496 287 724 339 ἀπηλλάγθαι
746 285 784 323 τὸ
806 287 928 332 (ἱεῖον,
949 283 1039 323 ἀλλὰ
1062 281 1150 335 μηδὲ

125 352 313 402 ἐνθύμησιν
351 348 533 402 ἀνθρώπου
569 347 718 394 δυνατὴν
761 351 848 386 εἶναι
879 345 1081 384 ἀναπλάσαι
1117 359 1150 381 τι

126 416 289 451 τοιοῦτον.
312 412 434 449 Ἰαῦτα
456 410 540 462 πρὸς
561 408 684 452 αὐτους
711 424 866 460 συνεχως
894 405 1151 458 διαλεγόμενοι,

125 472 174 523 μὴ
191 471 371 519 παύσησθε
393 471 436 509 τὰ
464 472 547 523 παρ’
575 471 707 508 ἑαυτῶν
734 468 967 521 εἰσφέροντες,
984 466 999 487 ‘¹
1015 466 1054 504 ἂν
1084 465 1152 518 ἄρα

124 535 280 579 ἐνδῶσιν,
301 532 340 570 ἂν
366 533 433 586 ἄρα
461 533 660 583 βουληθῶσι
681 529 869 582 διαῧλέψαι
887 529 972 582 πρὸς
987 527 1051 575 τὴν
1066 525 1152 572 ἀλή-

124 598 230 634 θειαν.
245 593 314 632 Καὶ
329 594 472 635 ἐκείνοις
487 592 550 643 μὲν
568 591 656 643 μετὰ
671 593 802 637 πολλῆς
816 590 1004 633 ἐπιεικείας
1018 588 1076 626 καὶ
1092 590 1154 633 τ’ἧς

126 654 316 711 ἀσφαλείας
337 653 577 705 διαλεγόμενοι
598 653 647 704 μὴ
664 652 865 698 παύσησθε,
886 650 983 688 αὐτοὶ
1000 648 1036 687 δὲ
1050 678 1059 694 ,
1083 663 1150 685 πα-

127 719 288 769 ρακαλῶ,
305 715 395 767 μετὰ
415 715 594 768 ἁκριὸείας
613 715 656 751 τὰ
677 714 837 764 δόγματα
856 714 918 757 τῆς
937 711 1154 756 Ἐκκλησίας

126 778 314 830 κατέχετε,
338 777 387 827 μὴ
417 775 622 827 συγχέοντες
650 777 719 813 τῶν
751 773 942 825 εἰρημένων
972 769 1036 817 τὴν
1067 773 1155 808 οἰκο-

126 839 279 887 λουθίαν,
294 837 385 876 ἀλλὰ
415 836 500 889 πρὸς
528 834 592 909 μὲν
609 834 796 877 Ἰουδαίους
825 832 1057 880 καταλλήλως
1077 831 1156 868 δια-

126 899 322 952 λεγόμενοι,
340 898 400 937 καὶ
425 896 637 944 δεικνύντες,
656 896 709 934 ὅτι
731 897 768 934 οὗ
792 894 877 946 πρός
896 909 974 931 τινα
995 894 1064 930 τῶν
1085 892 1156 930 λει-

127 977 320 1035 τουργικων
345 960 523 1011 δυνάμεων
548 962 658 996 ταυτα
676 956 720 996 τὰ
749 955 938 1008 εἰρημένα,
961 953 1051 992 ἀλλὰ
1072 952 1158 1005 πρὸς

130 1022 231 1060 αὐτὸν
252 1021 309 1060 τὸν
333 1021 500 1071 μονογενῆ
524 1022 583 1058 τοῦ
608 1020 701 1056 Θεοῦ
721 1016 826 1055 Υἱόν·
846 1015 933 1068 πρὸς
952 1014 987 1053 δε
1013 1013 1091 1058 τους
1115 1013 1159 1052 τὰ

131 1082 261 1135 Ἀρείου
280 1086 487 1134 φρονοῦντας
507 1079 612 1118 πάλιν
633 1081 787 1118 ἐντεῦθεν
811 1076 874 1124 τὴν
892 1075 1080 1127 ὁμοτιμίαν
1099 1079 1160 1114 τοῦ

130 1146 215 1184 Υῖοῦ
242 1144 327 1196 πρὸς
353 1142 411 1181 τὸν
431 1141 577 1195 Πατέρα
600 1139 880 1183 ἀποδεικνύντες·
896 1138 956 1177 καὶ
977 1138 1063 1192 πρὸς
1082 1136 1160 1181 τους

133 1206 430 1260 ἀνθρωπόμορφον
460 1204 499 1243 τὸ
535 1205 639 1243 Θεῖον
679 1206 768 1240 εἰναι
796 1200 1084 1277 φανταζομένους
1116 1198 1161 1238 τὰ

131 1267 229 1320 παρὰ
249 1271 308 1305 τοῦ
329 1265 503 1319 μακαρίου
524 1264 666 1303 Παύλου
682 1262 848 1315 εἰρημένα
861 1264 909 1306 εἷς
924 1261 1028 1313 μέσον
1048 1277 1161 1315 παρα-

133 1328 320 1380 γαγόντες,
341 1327 554 1379 ἀνατρέπετε
575 1325 637 1378 μὲν
655 1325 699 1363 τὰ
715 1324 872 1370 ζιζανίων
893 1324 992 1370 δίκην
1014 1323 1160 1377 ἐπιφυό-

133 1405 220 1441 μενα
239 1388 378 1441 ὀλέθρια
396 1388 579 1439 νοσήματα
594 1392 665 1430 τοῖς
683 1388 745 1432 τῆς
764 1385 978 1432 Ἐκκλησίας
998 1384 1162 1437 δόγμασι,

132 1450 372 1494 Ωσπουδάζετε
405 1448 440 1486 δὲ
467 1447 647 1501 κρατύνειν
669 1448 704 1485 ἐν
732 1448 867 1490 ἑαυτοῖς
887 1446 931 1484 τὰ
952 1446 1078 1493 εὐσεὸἧ
1106 1446 1161 1484 δι-

134 1511 313 1562 δάγματα.
336 1509 514 1561 Βούλομαι
544 1508 612 1561 γὰρ
644 1507 704 1546 καὶ
731 1507 880 1560 εὔχομαι
911 1506 1045 1550 πάντας
1074 1510 1164 1557 ὑμᾶς

135 1570 355 1610 διδασκάλων
385 1570 476 1615 τάξιν
509 1568 668 1622 ἐπέχειν,
690 1568 750 1606 καὶ
778 1568 827 1619 μὴ
858 1567 961 1619 μόνον
990 1566 1165 1621 ἀκροατὰς

135 1626 300 1672 εἶναιτῶν
322 1635 406 1685 παρ’
423 1633 525 1682 ἡμῶν
541 1629 752 1682 λεγομένων,
762 1629 852 1668 ἀλλὰ
871 1629 931 1668 καὶ
947 1629 1076 1681 ἑτέροις
1091 1630 1164 1667 δια-

136 1693 366 1770 πορθμεύειν,
395 1693 454 1731 καὶ
489 1708 616 1744 σαγηεν
606 1692 693 1730 ύειν
726 1707 804 1735 τους
835 1690 888 1729 ἔτι
920 1690 1168 1742 πλανωμένους

137 1756 222 1809 πρὸς
253 1771 316 1802 την
340 1771 402 1802 της
433 1754 597 1801 ἀληθείας
625 1753 721 1792 ὁδόν·
752 1753 914 1806 καθάπερ
942 1752 1001 1790 καὶ
1028 1751 1168 1796 Παῦλός

138 1832 256 1868 φησιν,
272 1810 335 1860 Εἷς
354 1817 411 1855 τὸν
436 1815 497 1853 ε’να
513 1816 746 1865 οἰκοδομεῖτε,
762 1829 845 1860 και,
866 1813 967 1851 Μετὰ
983 1812 1090 1865 φόὸου
1108 1813 1168 1851 καὶ

139 1877 271 1929 τρόμου
302 1876 366 1924 τὴν
395 1878 527 1915 ἑαυτῶν
554 1874 734 1926 σωτηρίαν
760 1874 1024 1926 κατεργάζεσθε.
1046 1872 1169 1917 Οὕτως

141 1941 227 1988 ἡμῖν
243 1938 302 1975 καὶ
319 1942 340 1984 ἡ
363 1936 560 1983 Ἐκκλησία
581 1937 628 1979 εἰς
646 1937 778 1981 πλῆθος
797 1933 978 1982 ἐπιδώσει,
998 1933 1057 1972 καὶ
1072 1936 1169 1984 ὑμεῖς

140 1998 298 2042 πλείονος
315 1997 553 2036 ἀπολαύσεσθε
574 1999 635 2043 τῆς
651 1997 781 2035 ἄνωθεν
803 1997 929 2048 ῥοπῆς,
950 1994 1081 2043 πολλὴν
1101 1998 1167 2034 τῶν

140 2059 317 2112 ὑμετέρων
331 2061 444 2109 μελῶν
458 2058 519 2104 τὴν
535 2057 698 2108 πρόνοιαν
714 2056 926 2107 ποιούμενοι.

193 2121 284 2160 Οὐδὲ
304 2120 371 2174 γὰρ
391 2122 505 2174 ἑαυτῷ
527 2119 629 2170 μόνον
645 2120 764 2171 ἀρκεῖν
784 2121 802 2157 ὁ
821 2118 909 2162 Θεὸς
927 2117 1089 2170 βούλεται
1109 2119 1168 2158 τὸν

139 2182 361 2234 Χριστιανὸν,
378 2180 469 2220 ἀλλὰ
495 2181 554 2218 καὶ
584 2179 722 2232 ἑτέρους
743 2181 941 2230 οἰκοδομεῖν
967 2181 1004 2218 οὗ
1024 2179 1081 2218 διὰ
1105 2182 1168 2226 τῆς

137 2241 363 2285 διδασκαλίας
387 2241 508 2292 μόνον,
527 2241 617 2280 ἀλλὰ
651 2241 711 2279 καὶ
737 2240 796 2279 διὰ
823 2245 895 2282 τοῦ,
910 2240 1007 2296 βίου,
1023 2240 1083 2278 καὶ
1104 2242 1168 2287 τῆς

138 2306 379 2356 ἀναστροφῆς·
403 2302 501 2342 οὐδὲν
526 2302 593 2356 γὰρ
625 2302 732 2347 οὕτως
759 2302 876 2354 ἐνάγει
900 2302 986 2356 πρὸς
1017 2301 1080 2349 τὴν
1104 2304 1168 2348 τῆς

136 2365 301 2411 ἀληθείας
322 2365 420 2413 ὁδὸν,
439 2367 486 2408 ὡς
508 2364 687 2409 πολιτείας
709 2363 892 2418 ἀκρίὸεια·
914 2361 991 2402 οῦδὲ
1010 2364 1078 2414 γὰρ
1096 2369 1167 2408 τοῖς

135 2427 218 2477 παρ’
234 2428 336 2476 ἡμῶν
359 2426 559 2477 λεγομένοις
578 2425 668 2464 οὕτω
686 2425 932 2479 προσέχουσιν,
953 2426 1000 2468 ὡς
1019 2431 1089 2468 τοῖς
1108 2427 1164 2477 ὑφ’

134 2489 236 2536 ἡμῶν
256 2486 521 2538 πραττομένοις.
547 2486 616 2525 Καὶ
635 2485 692 2524 ἵνα
718 2486 845 2538 μάθῃς,
865 2485 918 2524 ὅτι
937 2489 1039 2525 τοῦτο
1059 2484 1168 2529 οὕτως

135 2546 208 2599 ἔχει
228 2546 307 2598 (κᾶν
325 2547 394 2600 γὰρ
418 2547 580 2600 μυριάκις
601 2549 842 2600 φιλοσοφῶμεν
870 2552 941 2592 τοῖς
961 2546 1088 2598 λόγοις,
1108 2547 1167 2586 καὶ

135 2608 216 2660 περὶ
243 2607 462 2653 ἀνεξικακίας
497 2607 758 2660 διαλεγώμεθα,
780 2612 903 2660 καιροῦ
932 2607 968 2647 δὲ
999 2624 1167 2660 παραπε-

135 2669 252 2713 σόντος
283 2668 332 2720 μὴ
362 2669 418 2707 διὰ
443 2671 512 2707 τῶν
542 2668 650 2722 ἔργων
677 2669 808 2717 ταύτην
834 2668 1109 2720 ἐπιδειξώμεθα,
1129 2672 1166 2709 οὗ

135 2735 295 2770 τοσοῦτον
313 2734 331 2770 ὁ
346 2730 447 2782 λόγος
466 2730 646 2784 ὠφέλησεν
663 2763 672 2780 ,
689 2731 769 2771 ὅσον
794 2735 816 2778 ἡ
845 2730 970 2784 πρᾶξις
995 2731 1145 2783 ἔὸλαψεν
1157 2748 1164 2755 ·

135 2792 175 2830 ἂν
195 2792 231 2831 δὲ
251 2792 309 2830 καὶ
331 2792 399 2844 πρὸ
423 2796 492 2831 τῶν
517 2791 630 2844 λόγων
661 2792 721 2831 καὶ
751 2791 842 2844 μετὰ
860 2791 938 2836 τοὺς
962 2792 1084 2844 λόγους
1102 2792 1164 2840 τὴν

135 2853 192 2892 διὰ
211 2855 279 2892 τῶν
299 2853 408 2906 ἔργων
426 2852 591 2897 ἐπίδειξιν
611 2853 813 2905 ποιώμεθα,
832 2852 848 2874 ¹³
862 2852 1058 2898 ἀξιόπιστοι
1082 2853 1165 2892 ἐσό-

137 2918 225 2963 μεθα
246 2917 360 2953 ἐκεῖνα
375 2918 642 2967 παραινοῦντες,
662 2915 684 2952 ἃ
699 2915 758 2953 καὶ
775 2914 832 2952 διὰ
854 2917 924 2953 τῶν
944 2914 1054 2968 ἔργων
1075 2916 1165 2961 πλη-

139 2978 276 3027 ροῦμεν,
289 2975 365 3013 ἐπεὶ
384 2975 476 3014 καὶὸ
495 2976 646 3028 Χριστὸς
666 2976 807 3019 τούτους
825 2975 1018 3028 ἐμακάρισε
1037 2975 1162 3027 λέγων,

137 3036 319 3089 Μακάριος
343 3039 361 3074 ὃ
374 3036 535 3084 ποιήσας,
567 3037 626 3074 καὶ
651 3036 824 3086 διδάξας)·
843 3036 966 3075 σκόπει
983 3039 1058 3080 πῶς
1076 3037 1166 3088 πρό-

135 3112 233 3150 τερον
255 3097 317 3144 τὴν
343 3096 483 3144 ποίησιν
508 3097 629 3145 ἔθηκεν
642 3128 652 3146 ,
673 3097 732 3136 καὶ
754 3097 830 3136 τότε
848 3097 911 3144 τὴν
927 3098 1165 3137 διδασκαλίαν.

137 3160 213 3204 Τῆς
237 3158 394 3210 πράξεως
420 3158 486 3210 γὰρ
509 3159 794 3211 προηγουμένης,
812 3159 875 3197 κᾶν
904 3160 952 3210 μὴ
987 3159 1114 3207 ἕπηται
1145 3165 1165 3207 ἡ

182 3291 194 3309 ¹¹
212 3291 306 3329 llaec,
323 3295 358 3324 im
374 3294 423 3335 ἐς,
442 3293 557 3332 ἐκδῶσι,
576 3288 697 3323 desunt
713 3291 745 3322 iu
763 3289 895 3323 duobus
914 3291 991 3324 Mss.

184 3353 196 3366 ³
214 3343 336 3375 Omnes
354 3346 515 3385 ςπουῖνῖςετ

140 3396 258 3428 emme.

1051 196 1217 228 GENES.
1257 196 1411 226 nomn„
1452 197 1547 227 vm.

1194 2012 1217 2043 C

2117 187 2174 249 75

1226 281 1335 334 gister
1367 281 1638 333 amputaverit?
1654 282 1733 321 Non
1762 283 1877 321 solum
1900 286 1991 323 euim
2012 302 2030 324 a
2051 301 2176 340 corpo-

1224 342 1292 380 rali
1308 351 1396 394 typo
1413 341 1570 380 alienum
1587 341 1677 380 dicit
1695 343 1852 394 Numen,
1874 343 1935 382 sed
1953 359 2064 396 neque
2091 346 2179 397 quid

1226 402 1343 441 simile
1375 417 1476 456 posse
1506 402 1663 440 humana
1694 403 1907 454 cogitatione
1929 405 2063 456 effingi.
2097 406 2180 443 Haec

1227 464 1380 503 subinde
1398 464 1470 502 illis
1496 463 1667 514 dicentes,
1692 464 1783 502 nihil
1804 464 1901 516 quod
1923 479 2029 517 penes
2057 480 2119 504 vos
2137 466 2182 503 sit

1227 527 1385 579 proferre
1404 525 1660 576 intermittatis,
1681 525 1709 564 si
1731 526 1819 564 sorte
1835 525 1971 574 cedant,
1991 526 2018 564 si
2036 527 2123 564 sorte
2137 526 2182 564 ad

1228 588 1416 626 veritatem
1430 586 1602 639 respicere
1619 586 1742 625 velint.
1762 587 1937 625 Caeterum
1956 596 1996 625 ut
2014 587 2060 625 ab
2077 587 2183 626 bene-

1229 649 1312 687 vola
1326 649 1471 686 illorum
1486 647 1717 685 instructione
1733 647 1838 687 vobis
1853 647 2096 686 desistendum
2116 662 2183 686 non

1229 718 1300 758 est,
1321 709 1369 747 ita
1390 722 1466 758 oro,
1491 717 1530 745 ut
1550 708 1716 758 dogmata
1737 709 1977 747 ecclesiastica
1998 709 2109 761 probe
2129 718 2183 747 tc-

1230 770 1353 819 neatis,
1363 783 1430 807 non
1441 767 1878 806 confundentesdictorum
1888 770 2185 821 consequentiam,

1231 829 1292 869 sed
1310 844 1392 868 cum
1411 829 1546 869 Judaeis
1565 838 1605 866 ut
1619 838 1756 881 oportet
1774 828 1968 882 disputate,
1985 846 2025 869 ac
2040 831 2186 871 demon-

1231 900 1359 940 strate,
1374 891 1452 928 haec
1471 904 1539 928 non
1561 904 1634 928 esse
1660 889 1756 928 dicta
1776 889 1941 941 cuiquam
1969 905 2014 929 ex
2030 892 2188 930 admini—

1231 953 1314 992 stris
1331 952 1542 1001 virtutihus,
1557 950 1620 989 sed
1634 951 1817 1002 unigenito
1832 951 1899 989 Dei
1914 951 2028 1002 Fili05
2048 953 2188 991 Arianis

1232 1029 1373 1067 quoque
1394 1014 1478 1052 hine
1497 1027 1617 1066 parem
1637 1012 1721 1051 Filii
1741 1027 1824 1050 cum
1846 1014 1951 1051 Patre
1977 1013 2189 1065 dignitatem

1234 1075 1411 1125 indicate3
1429 1074 1493 1114 sed
1505 1083 1539 1113 et
1553 1074 1595 1112 iis
1612 1073 1673 1125 qui
1688 1074 1880 1112 humanam
1894 1074 2047 1113 formam
2062 1076 2190 1114 Numi-

1233 1138 1290 1177 nis
1316 1137 1575 1189 imaginantur,
1604 1135 1722 1173 allatis
1747 1135 1783 1173 in
1814 1135 1972 1174 medium
2000 1137 2044 1174 iis
2070 1152 2148 1188 quae
2170 1152 2189 1175 a

1233 1200 1336 1238 beato
1365 1199 1479 1236 Paulo
1507 1206 1590 1236 sunt
1619 1197 1730 1245 dicta,
1761 1196 1902 1235 evellite
1930 1212 1993 1250 per
2020 1197 2189 1237 Ecclesia„¹

1234 1261 1402 1313 dogmata
1430 1261 1646 1314 perniciosos
1666 1259 1811 1299 morbos
1839 1261 1948 1299 instar
1975 1261 2190 1301 zizaniorum

1235 1323 1466 1377 pullulantes,
1497 1337 1712 1375 operamque
1730 1322 1812 1361 date
1832 1331 1869 1360 ut
1888 1323 1948 1375 pia
1975 1322 2136 1361 doctrina
2154 1324 2190 1362 in

1236 1384 1286 1423 eis
1306 1385 1488 1437 plantetur
1508 1393 1542 1422 et
1557 1384 1758 1422 roboretur.
1778 1384 1873 1424 Volo
1892 1383 2002 1434 enim,
2022 1393 2054 1421 et
2069 1397 2192 1436 precor

1237 1460 1358 1484 omnes
1378 1459 1443 1484 vos
1468 1444 1505 1483 in
1526 1445 1714 1483 doctorum
1730 1444 1855 1483 ordine
1876 1459 1973 1483 esse:
1989 1454 2022 1483 et
2044 1459 2114 1483 non
2133 1460 2191 1484 so-

1236 1507 1313 1545 lum
1333 1506 1512 1545 auditores
1533 1516 1735 1546 nostrorum
1753 1521 1829 1545 esse
1848 1521 2064 1557 sermonum,
2081 1507 2144 1545 sed
2161 1517 2195 1546 et

1237 1568 1319 1607 aliis
1337 1568 1538 1607 doctrinam
1568 1578 1726 1607 nostram
1753 1569 1893 1615 afferre,
1912 1568 2115 1621 piscarique
2133 1583 2193 1606 er-

1238 1639 1366 1680 rantes,
1381 1638 1422 1668 ut
1435 1630 1472 1668 in
1488 1630 1586 1668 viam
1600 1629 1746 1668 redeant
1761 1629 1934 1678 veritatis,
1949 1629 2041 1668 sicut
2055 1639 2089 1668 et
2103 1631 2194 1667 Pau-

1238 1691 1295 1730 lus
1314 1691 1457 1743 inquit.
1482 1693 1590 1730 Unus
1620 1692 1788 1730 alterum
1813 1692 2004 1745 aedtfcec
2025 1701 2071 1738 et‚
2097 1693 2394 1733 C111n1.less.5.

1241 1756 1379 1791 timore
1388 1761 1424 1790 et
1435 1761 1597 1791 tremore
1607 1753 1776 1791 salntem
1788 1761 1963 1790 vestram
1971 1766 2061 1804 oper
2061 1754 2221 1790 emini.¹

1241 1814 1301 1853 Sic
1319 1813 1481 1852 Ecclesia
1497 1814 1600 1852 nobis
1618 1813 2064 1866 multitudineaugebitur,
2082 1823 2115 1851 et
2132 1829 2195 1852 ωε
2214 1837 2260 1858 12

1242 1875 1388 1914 uberius
1409 1890 1563 1928 superna
1583 1875 1748 1914 fruemini
1765 1876 1891 1927 gratia,
1905 1889 2071 1927 magnam
2088 1890 2196 1914 mem—

1242 1936 1389 1976 brorum
1409 1946 1609 1977 vestrorum
1630 1950 1752 1975 curam
1777 1936 1961 1975 habentes.

1295 2121 1334 2159 5.
1356 2121 1478 2172 Neque
1499 2121 1594 2158 enim
1611 2120 1710 2158 Deus
1738 2119 1815 2158 vult
1834 2129 1873 2158 ut
1893 2119 2118 2158 Christianus
2140 2136 2197 2160 sc-

1240 2181 1318 2233 ipso
1336 2189 1477 2220 tantum
1493 2189 1678 2218 contentus
1697 2180 1757 2230 sit,
1780 2180 1842 2218 sed
1870 2190 1910 2218 ut
1937 2181 2026 2220 alios
2047 2182 2197 2220 {edificet

1242 2255 1311 2280 non
1330 2256 1395 2294 per
1412 2241 1614 2279 doctrinam
1634 2241 1765 2291 solum,
1786 2242 1848 2279 scd
1875 2251 1909 2280 et
1937 2257 2000 2295 per
2018 2243 2143 2287 vitam,
2164 2255 2195 2283 et

1241 2302 1408 2343 versandi
1434 2303 1621 2341 rationem.
1645 2302 1747 2340 Nihil
1769 2303 1862 2341 enim
1896 2304 1947 2342 sic
1975 2304 2011 2341 in
2038 2305 2198 2344 veritatis

1240 2364 1339 2404 viam
1369 2364 1536 2413 inducit,
1560 2373 1601 2402 ut
1631 2364 1816 2415 integritas
1850 2365 2050 2404 vitaeznam
2085 2381 2197 2418 neque

1240 2435 1313 2465 tam
1329 2440 1369 2464 ea
1383 2424 1607 2464 considerant
1627 2439 1706 2476 quae
1726 2440 1744 2463 a
1766 2426 1867 2464 nobis
1885 2425 2069 2476 dicuntur,
2088 2442 2196 2479 quam

1240 2501 1319 2539 quae
1337 2501 1357 2525 a
1373 2486 1476 2525 nobis
1491 2495 1661 2538 aguntur.
1681 2486 1727 2524 Et
1746 2496 1785 2525 ut
1804 2487 1896 2525 scias
1913 2502 1986 2526 rem
2009 2489 2057 2526 ita
2072 2504 2109 2527 se
2128 2490 2195 2528 lia-

1239 2549 1324 2587 bere
1336 2548 1438 2597 (licet
1456 2547 1651 2586 sexcenties
1670 2548 1786 2586 verbis
1805 2558 1943 2587 tantum
1961 2550 2193 2603 philosophe—

1240 2624 1336 2661 mur,
1357 2619 1390 2647 et
1408 2608 1454 2647 de
1472 2608 1687 2661 injuriarum
1705 2609 1887 2648 oblivione
1903 2609 2132 2662 disseramus,
2154 2628 2195 2651 ac

1240 2684 1324 2709 cum
1339 2680 1480 2723 tempus
1495 2668 1663 2719 adfuerit,
1680 2684 1758 2708 eam
1775 2671 1943 2723 operibus
1962 2686 2030 2710 non
2048 2672 2194 2712 demon-

1239 2740 1406 2782 stremus,
1430 2745 1501 2768 non
1533 2739 1672 2768 tantum
1702 2731 1898 2783 proderunt
1928 2733 2054 2782 verba,
2074 2748 2192 2785 quan-

1240 2802 1317 2831 tum
1351 2792 1527 2831 nocebunt
1556 2805 1685 2844 opera;
1717 2791 1771 2830 sin
1803 2801 1884 2831 ante
1913 2803 1947 2832 et
1977 2804 2056 2846 post
2084 2797 2193 2835 verba

1239 2869 1389 2907 operum
1408 2853 1584 2906 specimen
1612 2852 1901 2904 exhibuerimus,
1918 2855 1990 2894 fide
2007 2856 2108 2909 digni
2128 2858 2194 2895 ha-

1239 2915 1419 2965 bebimur,
1441 2929 1522 2952 cum
1551 2912 1823 2952 admonebimus
1852 2914 1942 2954 alios
1967 2916 2011 2954 de
2040 2917 2084 2956 iis
2115 2933 2192 2969 quse

1238 2991 1302 3030 per
1322 2990 1427 3029 opera
1460 2974 1721 3026 adimplemus,
1749 2975 1833 3026 quia
1855 2985 1889 3014 et
1920 2977 2084 3017 Christus
2124 2979 2190 3017 hu-

1234 3037 1393 3091 jusmodi
1413 3036 1573 3074 homines
1597 3035 1718 3074 beatos
1741 3036 1856 3086 dixit,
1877 3037 2041 3089 inquiens
2059 3056 2066 3076 τ
2084 3042 2188 3079 Bea-

1239 3107 1299 3137 tus
1329 3099 1396 3150 qui
1422 3098 1574 3147 fecerit,
1600 3103 1634 3132 el
1665 3095 1859 3145 docuerit)
1877 3113 1887 3133 .·
1907 3097 1990 3135 vide
2011 3099 2189 3149 quomodo
2211 3109 2253 3138 ¹¹.)-

1239 3173 1328 3212 opus
1351 3155 1596 3210 praeposuerit‚
1620 3165 1652 3194 et
1671 3165 1789 3208 postca
1809 3153 2021 3197 doctrinam.
2053 3161 2191 3199 Atenim

1228 3292 1244 3316 b
1263 3291 1356 3330 nme,
1378 3294 1540 3328 ἀξιόπιστοι
1566 3293 1713 3331 ἐσόμεθα,
1732 3288 1851 3322 desunt
1880 3291 1911 3322 in
1935 3290 2061 3333 Morcl,²
2080 3291 2136 3324 sed
2161 3292 2192 3324 in

522 3358 549 3384 ε,
569 3350 688 3386 practer
711 3342 839 3383 Morel.,
855 3342 910 3387 qui
934 3342 1035 3377 habet
1061 3359 1145 3379 στου-
1182 3342 1252 3376 aliis
1271 3341 1423 3375 omnibus
1446 3339 1621 3373 habentur.

2210 1755 2345 1826 Pllulipp.
2364 1796 2394 1815 2.

2207 3060 2358 3086 1114}
