2433 3775
792 180 833 210 ΙΝ
876 181 980 211 CAP.
1024 182 1053 209 Ι.

157 266 299 316 οὐρανὸν
326 266 384 302 καὶ
405 265 467 312 τὴν
491 268 568 315 γῆν,
589 265 647 302 καὶ
669 264 722 302 ὅτι
762 265 795 308 ἐξ
818 265 879 302 οὐκ
911 264 1016 302 ὄντων
1048 263 1183 315 ἐγένετο

155 331 167 345 ³
184 326 227 364 τὰ
246 326 328 364 ὄντα
341 356 349 372 ,
370 327 429 364 καὶ
444 326 555 377 λέγεις
575 325 630 365 ὅτι
655 328 880 378 προϋπῆρχεν
895 330 916 372 ἡ
938 325 1022 373 ὕλη;
1045 325 1115 363 Καὶ
1132 323 1182 367 τίς

158 387 345 440 ἀνάσχοιτο
360 388 531 435 τοσαύτης
549 386 730 440 παροινίας
748 390 816 425 τῶν
836 392 911 426 νοῦν
929 387 1101 439 ἐχόντων;
1120 385 1181 432 Μὴ

157 448 224 501 γὰρ
247 447 428 500 ἅνθρωπός
447 450 540 487 ἐστιν
564 451 582 486 ὃ
611 449 850 501 δημιουργῶν,
873 448 930 486 ἵνα
962 450 1067 498 δεηθῇ
1093 463 1183 490 τινος

157 510 406 560 ὑποκειμένου,
439 509 498 548 καὶ
526 509 616 548 οὕτω
642 509 687 548 τὰ
710 513 772 556 τῆς
797 510 923 562 τέχνης
951 509 1184 556 ἐπιδείξηται,

158 570 247 614 Θεός
263 574 376 620 ἐστιν,
399 565 428 624 ᾧ
456 572 571 610 πάντα
594 572 700 619 εἴκει,
729 571 822 622 λόγῳ
848 571 908 609 καὶ
933 570 1202 623 προστάγματι-

160 633 392 685 δημιουργῶν.
412 631 509 686 ΕὈρα
530 632 618 686 γὰρ,
648 627 723 671 εἶπε
742 632 858 683 μόνον,
878 631 937 669 καὶ
959 631 1126 682 παρήχθη
1145 630 1185 668 τὸ

160 697 254 746 φῶς,
280 694 339 732 καὶ
361 693 593 748 παρεχώρησε
614 694 653 732 τὸ
674 693 808 736 σκότος.
838 692 909 730 Καὶ
941 690 1144 743 διεχώρισεν
1167 693 1185 728 ὁ

162 755 250 797 Θεὸς
268 755 441 805 ἀναμέσον
462 759 521 793 τοῦ
535 753 667 806 φωτὸς,
687 754 747 791 καὶ
762 752 934 803 ἀναμέσον
955 755 1016 790 τοῦ
1031 752 1184 795 σκότους.

163 816 210 853 Τί
224 818 316 862 ἐστι,
333 815 546 869 Διεχώρισεν
557 832 566 863 ;
579 815 743 866 Ἑκάστῳ
756 814 844 852 ἰδίαν
861 813 980 867 χώραν
1001 814 1185 863 ἀπένειμε,

158 876 377 922 κατάλληλον
396 877 516 928 καιρὸν
537 875 701 928 ἀτριίιρισε.
740 875 809 914 Καὶ
842 875 962 922 ἐπειδὴ
998 877 1100 913 τοῦτο
1127 874 1186 926 γε’-

160 952 236 989 γονε
250 966 259 983 ,
288 936 365 974 τότε
394 937 514 976 λοιπὸν
534 937 671 989 ἑκάστῳ
690 936 752 984 τὴν
765 935 984 989 ἁρμόζουσαν
1012 951 1186 988 προσηγο-

163 999 237 1050 ρίαν
256 998 463 1045 ἐπιτίθησιν.
486 998 658 1037 Ἐκάλεσε
672 998 757 1051 γὰρ,
772 997 897 1050 φησὶν,
918 1001 936 1036 ὁ
955 997 1045 1042 Θεὸς
1059 998 1099 1036 τὸ
1114 1000 1186 1050 φῶς

160 1059 308 1112 ἡμέραν,
338 1058 448 1098 καὶτὸ
466 1059 587 1103 σκότος
602 1059 746 1098 ἐκάλεσε
761 1059 880 1098 νύκτα.
900 1052 997 1103 Εἶδες
1018 1058 1184 1111 διαίρεσιν

161 1120 320 1174 ἀρίστην,
350 1121 408 1159 καὶ
441 1119 699 1173 ι’δημιουργίαν
729 1121 949 1172 θαυμαστὴν,
981 1121 1041 1159 καὶ
1069 1122 1186 1160 πάντα

163 1184 261 1235 λόγον
280 1183 570 1235 ὓπερῧαίνουσαν,
586 1183 678 1235 λόγῳ
700 1183 794 1235 μόνῳ
818 1182 877 1222 καὶ
897 1183 1111 1236 ἐπιτάγματι
1128 1200 1186 1235 γι-

163 1244 327 1296 νομένην;
354 1239 450 1288 Εἶδες
484 1245 576 1296 πόσῃ
608 1249 652 1296 τῇ
681 1244 941 1296 συγκαταὸάσει
975 1249 992 1285 ὁ
1018 1245 1188 1297 μακάριος

163 1300 258 1350 οὗτος
273 1306 454 1358 προφήτης
481 1306 676 1358 ἐχρήσατο,
709 1308 841 1357 μᾶλλον
859 1307 895 1344 δὲ
911 1309 929 1344 ὃ
948 1306 1189 1359 φιλάνθρωπος

161 1367 250 1410 Θεὸς
269 1368 325 1405 διὰ
344 1370 407 1413 τῆς
424 1371 483 1405 τοῦ
502 1367 679 1419 προφήτου
694 1366 853 1419 γλώττης
873 1367 1045 1406 παιδεύων
1061 1368 1102 1406 τὸ
1119 1371 1187 1406 τῶν

162 1427 354 1482 ἀνθρώπων
372 1429 489 1480 γένος,
524 1427 651 1466 εἰδέναι
681 1432 750 1467 τῶν
773 1428 962 1481 γινομένων
983 1428 1048 1476 τὴν
1069 1428 1187 1477 τάξιν,

163 1489 222 1528 καὶ
247 1489 298 1534 τίς
318 1493 336 1528 ὁ
353 1494 413 1528 τοῦ
442 1489 570 1533 παντὸς
595 1491 823 1543 δημιουργὸς,
842 1490 902 1528 καὶ
929 1490 1024 1535 ὅπως
1042 1490 1188 1530 ἕκαστον

164 1551 354 1604 παρήχθη,
373 1551 521 1599 Ἐπειδὴ
552 1551 621 1605 γὰρ
657 1551 709 1590 ἔτι
737 1552 960 1605 ἀτελέα-τερον
984 1552 1130 1591 διέκειτο
1151 1553 1191 1593 τὸ

163 1616 232 1651 τῶν
253 1612 446 1666 ἀνθρώπων
461 1613 557 1665 γένος
568 1643 578 1661 ,
595 1614 656 1652 καὶ
671 1616 733 1652 οὐκ
751 1613 902 1660 ἠδύνατο
927 1618 996 1653 τῶν
1016 1615 1190 1654 τελειοτέ-

164 1690 232 1726 ρων
252 1674 406 1713 συνιέναι
424 1674 488 1722 τὴν
504 1674 728 1724 κατανόησιν,
744 1675 802 1714 διὰ
819 1679 921 1715 τοῦτο
939 1677 1025 1730 πρὸς
1042 1676 1105 1724 τὴν
1121 1679 1190 1715 τῶν

163 1735 356 1774 ἀκουόντων
385 1736 564 1775 ἀσθένειαν
590 1737 630 1775 τὸ
657 1738 806 1788 Πνεῦμα
836 1737 877 1776 τὸ
908 1737 1005 1790 ἅγιον
1033 1737 1096 1785 τὴν
1129 1741 1189 1776 τοῦ

161 1796 339 1849 προφήτου
358 1800 517 1849 γλῶτταν
536 1800 683 1844 κινῆσαν
709 1797 816 1843 οὕτως
837 1799 976 1837 ἅπαντα
1001 1803 1086 1850 ἡμῖν
1113 1800 1189 1837 δια-

162 1858 312 1911 λέγεται.
341 1859 411 1898 Kal
436 1859 494 1898 ἵνα
511 1860 622 1912 μάθῃς
645 1860 699 1899 ὅτι
718 1860 775 1898 διὰ
794 1861 834 1899 τὸ
852 1860 971 1905 ἀτελὲς
983 1864 1046 1907 τῆς
1060 1861 1191 1912 ἡμετέ-

167 1936 227 1971 ρας
251 1920 404 1964 διανοίας
433 1921 543 1973 ταύτῃ
566 1921 744 1974 ἐχρήσατο
765 1923 809 1972 τῇ
839 1921 1101 1973 συγκαταὸάσει
1129 1924 1192 1968 τῆς

164 1981 379 2033 διηγήσεως,
401 1981 464 2035 ὅρα
492 1982 549 2020 τὸν
573 1986 635 2029 τῆς
653 1984 800 2034 βροντῆς
820 1982 905 2031 υἱὸν,
931 1983 987 2021 ὅτε
1007 1982 1094 2035 πρὸς
1112 1986 1193 2035 ἀρε-

163 2041 226 2088 τὴν
243 2042 397 2080 ἐπέδωκε
424 2042 464 2080 τὸ
482 2046 550 2081 τῶν
572 2043 765 2095 ἀνθρώπων
788 2043 900 2095 γένος,
928 2045 1045 2083 οὐκέτι
1060 2043 1190 2091 ταύτην

164 2102 350 2155 ἐρχόμενον
369 2103 432 2151 τὴν
462 2104 559 2151 ὁδὸν,
593 2105 671 2141 ἀλλ’
709 2104 768 2142 ἐπὶ
793 2104 857 2151 τὴν
888 2105 1104 2158 ὑψηλοτέραν
1139 2106 1192 2142 δι-

163 2163 353 2202 δασκαλίαν
395 2164 524 2215 ἄγοντα
555 2163 634 2208 τοὺς
675 2164 931 2217 ἀκροωμένους.
952 2165 1074 2204 Εἰπὼν
1100 2165 1191 2218 γὰρ,

163 2223 225 2262 Ἐν
249 2227 342 2276 ἀρχῇ
362 2220 404 2272 ἦν
423 2229 441 2264 ὁ
457 2224 568 2277 Λόγος
579 2256 589 2274 ,
609 2226 669 2264 καὶ
683 2229 701 2264 ὃ
717 2226 826 2278 Λόγος
844 2220 886 2273 ἦν
900 2226 986 2280 πρὸς
1003 2226 1062 2265 τὸν
1084 2227 1175 2266 Θεὸν
1178 2258 1190 2275 ,

163 2285 222 2323 καὶ
237 2286 327 2330 Θεὸς
340 2280 382 2333 ἦν
405 2289 424 2325 ὁ
442 2286 555 2339 Λόγος
567 2316 577 2334 ,
593 2287 769 2339 ἐπήγαγεν
781 2303 789 2311 ·
809 2281 881 2326 ῗΗν
901 2288 940 2327 τὸ
956 2290 1027 2340 φῶς
1044 2289 1085 2327 τὸ
1104 2291 1190 2336 ἀλη-

163 2346 267 2394 θινὸν,
291 2347 310 2386 ὃ
328 2347 468 2400 φωτίζει
498 2349 614 2387 πάντα
648 2348 829 2401 ἄνθρωπον
850 2349 1038 2402 ἐρχόμενον
1058 2353 1105 2394 εἷς
1131 2351 1190 2390 τὸν

163 2406 309 2458 κόσμον.
330 2408 499 2462 Καθάπερ
515 2409 582 2462 γὰρ
602 2410 750 2447 ἐνταῦθα
761 2410 802 2449 τὸ
815 2412 886 2463 φῶς
899 2414 1001 2450 τοῦτο
1012 2412 1052 2450 τὸ
1067 2414 1191 2460 αἰσθη-

163 2469 242 2517 τὸν,
275 2473 324 2523 τῷ
352 2471 600 2523 προστάγματι
619 2476 679 2511 τοῦ
707 2472 885 2512 Δεσπότου
917 2474 1116 2526 παραχθὲν,
1151 2476 1191 2514 τὸ

163 2531 283 2575 σκότος
311 2536 412 2570 τοῦτο
433 2532 473 2570 τὸ
501 2531 675 2584 ὁρώμενον
697 2533 919 2586 ἀπέκρυψεν·
951 2527 1042 2573 οὕτω
1063 2535 1123 2574 καὶ
1151 2536 1190 2574 τὸ

165 2592 283 2639 νοητὸν
301 2595 373 2646 φῶς
386 2596 449 2641 τῆς
469 2593 604 2642 πλάνης
624 2593 664 2632 τὸ
683 2593 806 2638 σκότος
829 2595 1012 2645 ἀπήλασε,
1028 2595 1088 2635 καὶ
1105 2597 1191 2651 πρὸς

164 2652 227 2700 τὴν
248 2654 411 2702 ἀλήθειαν
430 2654 510 2700 τοὺς
531 2655 781 2707 πλανωμένους
809 2657 1081 2711 ἐχειραγώγησε.

217 2839 406 2892 Δεξώμεθα
428 2835 485 2880 οὖν
502 2841 591 2892 μετὰ
618 2844 750 2890 πολλῆς
773 2844 835 2889 τῆς
863 2843 1127 2895 εὐγνωμοσύνης
1148 2845 1193 2884 τὰ

166 2900 262 2953 παρὰ
276 2903 338 2947 τῆς
353 2901 446 2946 θείας
461 2904 604 2956 Γραφῆς
619 2903 816 2956 διδάγματα
826 2934 836 2952 ,
863 2909 877 2926 ⁰
888 2904 948 2942 καὶ
970 2904 1019 2957 μὴ
1036 2905 1193 2944 ἀντιὸλέ-

166 2976 288 3011 πωμεν
307 2966 350 3014 ἰ-’ᾔ
378 2963 546 3017 ἀληθείᾳ,
576 2963 664 3014 μηδὲ
688 2966 738 3016 τῷ
771 2964 888 3003 σκότει
912 2965 1192 3019 παραμένωμεν,

166 3021 256 3060 ἀλλὰ
272 3023 358 3075 πρὸς
383 3023 424 3062 τὸ
453 3027 526 3076 φῶς
543 3024 784 3076 ἐπειγώμεθα,
804 3025 865 3064 καὶ
893 3025 974 3071 ἄξια
995 3030 1056 3066 τοῦ
1078 3026 1192 3080 φωτὸς

211 3174 225 3189 ²
241 3163 379 3199 Coislin.
395 3171 434 3200 τὰ
448 3171 559 3200 πάντα.

215 3219 230 3243 ¹¹
246 3216 386 3251 Coislin.
413 3221 609 3263 δημιουργίαν
639 3224 802 3262 θαυμάτων
817 3245 826 3260 ,
850 3217 947 3252 male.
972 3218 1076 3253 Paulo
1104 3228 1180 3263 post.

170 3267 317 3303 Colbert.
338 3275 413 3314 λόγῳ
429 3279 519 3314 μόνον
538 3276 587 3304 καὶ
607 3276 803 3314 ἐπιτάγματι.

217 3331 230 3346 ⁶
256 3328 309 3356 Καὶ
322 3329 366 3364 μὴ
382 3327 606 3367 &memmae-2
621 3332 659 3368 τῇ
671 3328 809 3367 ἀληθείᾳ.
821 3324 880 3358 Sat
888 3323 936 3358 il.:
952 3337 969 3355 «
980 3323 1180 3364 Ᾰντιῧλὲπειν,

173 3379 208 3403 ut
232 3375 331 3405 etiam
361 3380 589 3421 ιῖντορθαὶμεῑυ,
609 3387 676 3409 non
693 3375 793 3410 semel
815 3375 905 3420 apud
931 3375 1107 3422 Polybium
1133 3385 1183 3410 est

1093 179 1255 209 Gumis.

1296 179 1455 208 timul„
1496 180 1559 209 tlt.
2148 182 2194 210 ’.Δί

1255 261 1322 300 liae
1352 263 1504 300 amentia
1536 264 1665 315 pejus?
1695 262 1804 300 Audi>
1829 265 1940 300 noum
1968 265 2001 301 in
2031 265 2205 315 principio

1254 323 1376 362 secisse
1402 324 1530 362 caelum
1549 333 1581 362 et
1601 333 1744 371 terrani,
1763 333 1795 361 et
1813 339 1857 362 ex
1876 324 1987 361 nihilo
2016 340 2093 374 qua·
2125 336 2203 362 sunt

1256 386 1348 424 fucta
1364 385 1486 437 fuisse,
1505 395 1538 424 ct
1559 385 1650 423 dicis
1678 386 1780 438 prius
1805 385 1982 423 exstitisse
2000 386 2205 423 man-risun?

1257 446 1350 493 Quis
1366 460 1488 485 eorum
1510 446 1570 498 qui
1594 455 1746 484 mentem
1779 446 1921 494 liabent,
1942 455 2073 483 lantani
2104 447 2208 484 senet

1258 508 1458 547 insaniam?
1478 507 1665 559 Numquid
1696 508 1803 546 honio
1831 517 1884 545 est
1905 507 2040 559 Opisex
2071 506 2144 555 ille,
2172 517 2209 544 ιιι

1257 585 1345 623 opus
1360 570 1489 608 babeat
1515 571 1674 622 subjecto
1698 570 1819 620 aliquo
1834 569 1882 607 ad
1899 568 2209 607 demonstr-nulum

1257 646 1358 670 suam
1387 632 1647 670 a1·tcm3‘Dcus
1672 641 1724 670 est
1757 632 1814 669 cui
1842 630 1960 668 omnia
1990 630 2210 681 cedunt,qui

1257 693 1365 732 verbo
1386 701 1420 732 et
1440 702 1614 745 praecepto
1644 708 1708 731 suo
1728 692 1845 731 omnia
1864 691 2038 730 condidit.
2063 691 2212 729 Attende

1258 755 1353 792 enim
1374 770 1381 790 :
1399 753 1486 791 dicit
1510 754 1640 798 solum,
1661 763 1694 792 et
1711 754 1882 806 producta
1910 763 1961 791 est
1981 753 2059 803 lux,
2081 762 2114 791 et
2129 754 2209 791 abs-

1258 823 1437 853 cesserunt
1464 815 1630 853 tenebras.
1653 816 1689 851 4.
1708 816 1760 852 Et
1780 816 1957 852 distinxit
1983 817 2089 853 Dens
2113 818 2215 853 inter·

1259 876 1383 915 lucem
1402 884 1437 914 et
1459 879 1560 913 inter
1579 877 1768 913 tenebras.
1786 875 1886 920 Quid
1907 885 1972 925 est,
1998 877 2186 914 Distinu't
2198 882 2213 912 ,³

1258 937 1585 988 Unicuiquelocum
1597 936 1989 989 propriumdistribuit,
2002 950 2214 988 congruens-

1257 1013 1326 1050 que
1350 1008 1489 1052 tempus
1514 998 1691 1036 delinivit.
1720 997 1766 1035 Et
1790 1007 1975 1050 postquam
1996 998 2068 1035 hoo
2083 999 2214 1036 sartum

1257 1070 1323 1109 est,
1340 1069 1423 1099 tunc
1439 1074 1545 1099 suum
1562 1059 1690 1111 cuique
1706 1059 1919 1099 vocabulum
1936 1058 2079 1096 indidit.
2096 1060 2129 1096 Γ).
2146 1062 2163 1096 Ι
2175 1061 2215 1096 'o-

1257 1125 1360 1162 cavit
1376 1122 1485 1169 enim,
1503 1122 1635 1173 inquit⁷
1656 1123 1760 1159 Deus
1777 1122 1901 1159 lucem
1915 1122 2015 1158 diem
2027 1138 2037 1157 :
2057 1131 2092 1159 et
2113 1130 2216 1159 tene-

1259 1186 1348 1223 bras
1369 1186 1529 1222 vocavit
1551 1193 1711 1222 noctem.
1732 1182 1869 1221 Vidisti
1888 1182 2060 1234 optimam
2082 1183 2214 1221 distin-

1259 1246 1423 1295 ctionem,
1444 1254 1478 1284 et
1496 1244 1712 1283 admirabile
1739 1244 1940 1296 opificium,
1962 1243 2059 1295 quod
2077 1258 2219 1282 omnem

1260 1307 1433 1346 rationem
1454 1306 1686 1357 transcendit,
1706 1320 1777 1344 uno
1799 1306 1909 1345 verbo
1924 1316 1956 1344 et
1970 1315 2145 1359 przecepto
2161 1307 2216 1342 sa-

1261 1369 1383 1408 ctum?
1398 1368 1533 1410 Vidisti
1545 1378 1719 1420 quantum
1731 1382 1766 1406 se
1778 1377 1979 1406 nostrorum
1995 1368 2217 1417 ingeniorum

1261 1431 1430 1483 parvitati
1443 1430 1731 1483 attemperaverit
1743 1430 1867 1468 beatus
1879 1430 1940 1468 ille
1952 1429 2136 1482 propbeta,
2148 1429 2219 1467 imo

1262 1492 1437 1544 benignus
1455 1493 1555 1530 Deus
1569 1506 1633 1544 per
1645 1491 1830 1544 propbeta:
1847 1490 2010 1542 linguam
2023 1490 2220 1528 erudiendo

1263 1568 1366 1594 omne
1381 1553 1570 1592 hominum
1588 1566 1711 1604 genus,
1728 1561 1766 1589 ut
1783 1552 1871 1590 sciat
1889 1566 2011 1590 eorum
2034 1566 2111 1601 quw
2130 1552 2218 1589 sacta

1263 1625 1346 1655 sunt
1370 1615 1546 1664 ordinem,
1571 1613 1651 1665 quis
1672 1613 1830 1652 universi
1850 1613 1896 1651 sit
1920 1613 2055 1665 opifex,
2073 1621 2105 1649 et
2126 1627 2217 1662 quo—

1264 1677 1371 1715 modo
1393 1674 1677 1726 unumquodque
1704 1673 1922 1727 productum
1949 1673 2018 1711 sit?
2041 1674 2219 1720 Quoniam

1264 1739 1359 1777 enim
1391 1737 1509 1776 adhuc
1540 1736 1756 1775 imbecillius
1777 1745 1851 1774 erat
1870 1735 2066 1774 humanum
2093 1749 2217 1785 geum,

1264 1816 1372 1853 quam
1387 1810 1425 1838 ut
1440 1800 1648 1853 perfectiora
1666 1814 1790 1852 capere
1806 1807 1922 1851 posset
1928 1815 1939 1848 3
1958 1808 2142 1851 propterea
2157 1812 2220 1850 pro

1265 1861 1469 1899 auditorum
1496 1860 1742 1898 imbecillitate
1759 1859 1942 1912 propheta:
1961 1859 2119 1910 linguam
2141 1874 2217 1898 mo-

1266 1937 1350 1961 vens
1379 1922 1538 1975 Spiritus
1568 1931 1709 1959 sanctus
1741 1921 1778 1959 in
1809 1921 1906 1958 hunc
1935 1920 2082 1958 modum
2119 1921 2220 1959 nobis

1265 1983 1383 2023 omnia
1407 1982 1632 2022 edisserebat.
1654 1981 1701 2020 Et
1717 1991 1756 2020 ut
1773 1981 1889 2020 discas
1905 1981 2006 2019 illum
2027 1982 2074 2020 ob
2094 1981 2221 2020 mentis

1265 2054 1395 2084 nostrae
1409 2044 1693 2083 imbecillitatem
1711 2043 1779 2082 hoc
1799 2043 2031 2081 enarrationis
2051 2052 2220 2096 tempera-

1266 2115 1384 2144 mento
1409 2105 1520 2144 fuisse
1548 2119 1668 2154 usum,
1687 2104 1770 2143 vide
1800 2103 1978 2156 quomodo
2006 2105 2152 2143 tonitrui
2173 2107 2217 2142 fi-

1265 2167 1350 2218 lius,
1374 2181 1457 2205 cum
1467 2167 1544 2219 jam
1557 2165 1746 2204 hominum
1762 2178 1872 2216 genus
1892 2164 1938 2203 ad
1954 2165 2125 2204 virtutem
2139 2181 2220 2218 pro-

1265 2228 1418 2279 fecisset,
1436 2241 1505 2266 non
1517 2227 1594 2280 jam
1613 2228 1679 2265 hac
1695 2227 1754 2266 via
1770 2226 2005 2278 ingrediatur,
2024 2227 2086 2265 sed
2106 2228 2141 2266 in
2162 2242 2220 2266 su-

1264 2287 1468 2328 blimiorem
1480 2288 1580 2327 erudi
1587 2288 1715 2327 tionem
1723 2287 1922 2326 auditorem
1932 2288 2119 2327 subducat.
2128 2290 2220 2328 Nam

1265 2360 1305 2390 ut
1325 2351 1421 2390 dixit
1442 2366 1449 2388 :
1468 2352 1518 2389 In
1542 2353 1734 2403 principio
1767 2359 1850 2388 erat
1882 2351 2060 2398 Verbum,
2078 2359 2114 2389 et
2134 2352 2220 2389 Ver·
2235 2365 2363 2392 Jomm.
2384 2373 2408 2391 ι.

1267 2416 1356 2452 bum
1376 2422 1461 2451 erat
1476 2413 1584 2464 apud
1601 2413 1742 2458 Deum,
1760 2420 1795 2450 et
1811 2412 1917 2450 Deus
1933 2421 2015 2450 erat
2038 2413 2200 2451 Verbum
2207 2429 2220 2457 ;

1265 2489 1352 2514 mox
1376 2473 1522 2526 subjicit
1543 2489 1551 2510 ε
1572 2475 1673 2512 Erat
1694 2474 1762 2511 lux
1785 2487 1896 2520 vera,
1917 2487 2000 2527 quoe
2022 2474 2219 2512 illuminat
2238 2482 2318 2514 laid.
2333 2492 2399 2519 »29

1266 2549 1418 2574 omnem
1430 2536 1625 2573 hominem
1637 2537 1857 2572 venientem
1865 2537 1906 2572 in
1917 2535 2116 2572 mundum.
2129 2536 2220 2573 Nam

1265 2593 1569 2648 quemadmodum
1592 2593 1661 2631 hoc
1676 2593 1754 2632 loco
1773 2593 1838 2631 lux
1853 2593 1918 2630 ista
1933 2593 2112 2632 sensibilis
2127 2609 2220 2646 prae-

1264 2667 1366 2711 cepto
1385 2655 1531 2696 Domini
1552 2654 1746 2708 producta,
1766 2654 1927 2692 tenebras
1948 2654 2030 2693 illas
2059 2655 2220 2694 visibiles

1263 2719 1449 2759 abscondit
1469 2733 1477 2754 :
1499 2717 1549 2756 sic
1568 2726 1601 2754 et
1621 2716 1687 2754 lux
1705 2715 1868 2754 mentalis
1884 2715 2046 2754 tenebras
2060 2730 2219 2756 errorum

1264 2780 1448 2833 effugavit,
1460 2788 1493 2817 et
1507 2777 1553 2816 ad
1563 2777 1746 2817 veritatem
1762 2776 1983 2816 errabundos
1991 2778 2219 2817 manuduxit.

1319 2843 1358 2880 5.
1390 2839 1635 2892 Suscipiamus
1652 2852 1736 2890 ergo
1755 2838 1958 2890 gratissimo
1976 2839 2095 2878 animo
2117 2840 2179 2878 illa
2201 2855 2219 2879 a

1217 2912 1240 2942 E
1265 2903 1402 2942 divinis
1416 2900 1613 2953 Scripturis
1633 2898 1860 2948 documenta,
1875 2908 1910 2938 et
1928 2914 1971 2938 ne
1991 2900 2220 2940 adversemur

1267 2963 1424 3013 veritati,
1453 2976 1564 3013 neque
1595 2962 1630 2999 in
1659 2961 1812 3000 tenebris
1836 2975 2065 3001 maneamus:
2086 2964 2148 3002 sed
2176 2963 2222 3002 ad

1267 3027 1382 3065 lucem
1404 3037 1647 3077 properemus,
1667 3036 1927 3076 open-emurque
1955 3024 2064 3077 digna
2095 3025 2174 3064 luce
2191 3036 2224 3064 ct

1213 3175 1398 3207 ἀντιστῆναι,
1412 3165 1636 3199 1·esisze1·e.Sic
1648 3166 1748 3198 etiam
1763 3164 1848 3199 infra
1863 3165 1985 3198 llomil.
2003 3167 2019 3196 2
2029 3168 2036 3196 Ι
2048 3192 2054 3205 ,
2065 3172 2142 3197 ante
2156 3176 2223 3196 me-

1214 3220 1341 3253 dium.»
1354 3220 1434 3260 Περι.
1452 3229 1534 3250 ιιηιιε
1550 3225 1583 3250 et
1600 3217 1695 3251 Colb.
1710 3231 1793 3252 unus
1807 3229 1849 3262 τῷ
1864 3227 1967 3261 σκότῳ.
1987 3217 2122 3252 coislin.
2135 3217 2224 3251 solus

1216 3283 1258 3318 τῷ
1285 3281 1378 3308 σκότει
1404 3273 1664 3315 παρκδράμωμεν.
1680 3271 1780 3304 ὃῑινίΙ.
1809 3279 1842 3304 et
1867 3271 1981 3304 Morel.
2002 3278 2036 3303 ιιι
2063 3272 2095 3303 in
2118 3279 2226 3304 textu.

1216 3323 1318 3357 Paulo
1333 3330 1407 3366 post
1425 3324 1456 3354 in
1475 3323 1554 3365 Reg.
1571 3333 1637 3356 uno
1655 3328 1727 3369 ἔργα
1745 3323 1847 3356 deest.
