2433 3775
96 454 211 482 Mam».

99 495 146 523 16.

301 169 361 214 02
697 184 735 215 s.
774 184 963 215 somms
999 184 1244 216 cnRYsosT.

1282 187 1488 216 ARCHIEP.
1527 188 1886 219 CONSTANTINOP.

298 279 366 315 que
382 265 438 305 vel
454 265 640 317 vulgarem
655 266 813 317 aliquem
829 276 1104 315 contemnamus,
1119 267 1250 318 frigida
1273 298 1302 322 ⁵1
1326 283 1404 317 μοι,
1430 269 1477 306 Τί
1508 283 1563 306 σοι
1594 269 1709 319 μέλει;
1731 271 1947 322 Προσέταξεν
1968 275 1986 310 ὁ
2006 273 2154 322 Χριστὸς
2173 273 2263 312 οὕτω
2284 289 2343 313 σου

297 325 373 363 haec
391 326 500 364 verba
530 326 686 365 dicentes
702 326 821 373 :Quid
843 341 918 365 mea
947 328 1066 375 refert,
1086 327 1116 364 si
1137 327 1249 364 offen-
1275 334 1300 363 Α
1323 328 1476 377 λάμπειν
1500 329 1558 367 τὸν
1586 329 1672 380 βίον,
1697 333 1744 374 ὡς
1763 331 1811 381 μὴ
1834 331 1937 381 μόνον
1957 347 1995 370 σε
2021 333 2254 383 θαυμάζεσθαι
2278 335 2345 372 ὑπὸ

298 386 406 425 datur
422 387 484 425 ille
504 387 609 425 talis?
628 387 729 435 Quid
746 387 852 434 dicis,
871 401 988 438 quaeso
1003 387 1062 424 te?
1078 386 1176 432 Quid
1190 395 1250 424 tua

231 454 260 483 5.
297 449 426 486 refert?
439 449 498 487 Sic
508 458 608 486 tuam
620 449 756 499 fulgere
767 449 881 485 vitam
894 447 1063 498 praecepit
1074 446 1250 492 Christus,

298 519 337 548 ut
355 523 425 548 non
444 511 562 548 solum
581 509 786 547 videntibus
806 518 840 546 te
861 508 909 545 sis
928 507 1170 558 admirationi,
1189 507 1252 546 sed

297 580 336 608 ut
355 571 531 608 Dominus
556 579 638 607 tuus
666 569 963 620 glorificetur:tu
993 583 1079 607 vero
1107 569 1251 608 omnino

296 631 515 669 contrarium
535 630 625 681 agis,
651 639 684 668 et
703 644 769 682 pro
791 629 903 681 gloria
925 629 992 667 Dei
1010 629 1250 682 blasphemias

297 690 478 729 introduci
522 705 642 741 curas,
673 700 707 729 et
740 691 810 729 hoc
841 690 1066 729 contemnis?
1096 691 1281 730 Hoccine‘

294 751 401 789 fuerit
421 752 549 790 animae
567 752 650 804 piae,
673 751 838 804 legesque
858 752 998 791 divinas
1018 760 1112 790 recte
1133 752 1250 791 scien-

296 811 340 849 tis
358 811 375 849 Ξ)

348 875 385 911 5.
407 874 583 912 Caeterum
605 873 634 911 si
653 873 732 924 quis
754 873 856 926 prius
878 873 955 911 haec
981 888 1027 912 ex
1047 875 1141 913 mala
1169 889 1252 913 con-

295 935 482 973 suetudine
511 935 630 973 dicere
662 935 788 973 solitus
810 935 938 985 fuerit,
966 945 1129 987 suscepta
1158 949 1253 974 nunc

295 994 538 1033 admonitione
552 1005 684 1041 nostra,
700 995 861 1045 desistat,
880 1010 955 1042 oro,
976 996 1022 1033 ab
1036 996 1170 1034 illicitis
1183 997 1251 1033 hu-

290 1056 492 1108 juscemodi
519 1057 756 1106 sermonibus,
778 1065 812 1094 et
837 1057 888 1094 sic
907 1057 1024 1094 omnia
1042 1058 1154 1094 facere
1175 1066 1251 1094 stu-

294 1117 389 1164 deat,
404 1127 445 1156 ut
462 1132 573 1169 neque
592 1119 638 1156 ab
657 1118 760 1156 oculo
779 1118 841 1156 illo
861 1118 924 1168 qui
944 1131 1141 1168 numquam
1156 1118 1251 1170 sopi-

294 1188 354 1216 tur
373 1179 431 1216 vel
459 1179 615 1229 caecutit,
637 1193 751 1229 neque
765 1193 785 1216 a
805 1178 1016 1216 conscientia
1036 1192 1098 1216 sua
1118 1178 1249 1216 conde-

295 1249 447 1289 mnetur,
467 1254 579 1291 neque
594 1254 666 1289 eos,
684 1241 746 1291 qui
761 1254 797 1278 se
811 1240 947 1289 vident,
964 1240 1000 1278 in
1012 1240 1250 1292 blasphemias
1275 1235 1296 1264 Β

293 1300 464 1339 adversus
482 1301 680 1338 Dominum
695 1300 852 1339 inducat.
869 1301 978 1349 Quod
994 1301 1024 1339 si
1039 1310 1132 1339 tanta
1146 1302 1250 1339 adhi-

294 1362 369 1399 bita
388 1362 550 1400 cautione
581 1362 829 1415 dispensemus
849 1376 888 1400 ea
911 1377 990 1413 quoe
1014 1372 1132 1400 nostra
1151 1373 1248 1410 sunt,

292 1423 407 1461 multa
426 1424 588 1462 fruemur
607 1424 754 1462 Domini
774 1424 974 1474 clementia,
990 1434 1024 1462 ct
1043 1423 1179 1462 diaboli
1199 1425 1250 1462 in-

293 1484 404 1522 sidias
424 1485 647 1536 effugiemus.
667 1485 760 1523 Cum
782 1484 915 1523 viderit
930 1485 1026 1523 enim
1047 1499 1110 1523 nos
1128 1485 1176 1522 ita
1195 1499 1250 1523 so-

292 1545 389 1587 brios
404 1555 437 1584 et
450 1545 592 1597 vigiles,
608 1555 641 1583 et
655 1545 864 1597 cogitaverit
877 1559 913 1584 se
931 1560 1075 1598 operam
1090 1546 1249 1599 perdere,

293 1607 458 1645 abscedet
472 1616 506 1644 et
521 1607 770 1646 occultabitur.
787 1606 857 1654 Sed
874 1616 927 1645 sat
942 1607 1047 1645 fuerit
1064 1608 1250 1660 prooemio-

293 1682 373 1705 rum
388 1682 472 1720 :age
492 1668 632 1706 caritati
650 1677 774 1707 vestrae
788 1668 981 1721 propositis
1001 1668 1045 1706 iis
1065 1683 1144 1720 quae
1160 1670 1250 1707 lecta

293 1738 389 1779 sunt,
411 1729 596 1781 spirituale
615 1729 822 1768 convivium
843 1739 1121 1781 apparemustet
1145 1730 1251 1768 hodie

292 1790 492 1836 videamus,
513 1790 603 1841 quid
619 1791 743 1828 beatus
765 1792 895 1838 Moses,
913 1789 986 1828 imo
1003 1790 1160 1842 Spiritus
1174 1805 1250 1829 san-

294 1860 370 1888 etus
389 1865 452 1903 per
483 1852 559 1902 ejus
587 1851 749 1902 linguam
779 1850 906 1889 docere
938 1865 1000 1888 nos
1030 1852 1129 1889 velit.
1152 1852 1252 1898 Quid

293 1913 412 1963 itaque
427 1912 504 1950 ait?
518 1914 582 1951 QO.
599 1914 654 1950 Et
672 1913 772 1950 dixit
791 1914 898 1950 Deus
915 1928 925 1948 :
939 1913 1127 1951 Edzccant
1139 1927 1252 1966 aquoe

294 1975 449 2025 reptilia
480 1977 702 2012 animarum
733 1977 964 2019 viventium,
998 1982 1034 2010 et
1066 1975 1252 2013 volatilia
1276 1971 1299 2001 C

294 2036 477 2073 volantia
493 2049 606 2087 super
626 2044 769 2073 terram
794 2035 1251 2086 secundumfirmamen-

297 2105 378 2133 tum
401 2097 500 2134 coeli.
522 2097 746 2147 Etsactam
773 2104 828 2133 est
849 2098 917 2132 ita.
938 2094 1033 2134 Vide
1051 2095 1250 2147 benignita-

294 2165 366 2194 tem
387 2157 549 2205 Domini,
569 2155 747 2207 quomodo
764 2154 889 2193 ordine
904 2154 1061 2205 quodam
1079 2165 1112 2193 et
1132 2170 1252 2194 conse-

295 2217 439 2268 quentia
459 2231 562 2255 omne
579 2215 765 2268 opificium
785 2230 890 2253 suum
915 2229 977 2253 nos
995 2215 1130 2254 doceat.
1147 2217 1251 2254 Prius

295 2277 417 2316 docuit
435 2292 509 2326 nos,
525 2276 703 2329 quomodo
716 2276 762 2314 ad
777 2277 959 2314 fructuum
981 2284 1172 2327 proventus
1189 2291 1252 2314 suo

295 2339 464 2377 mandato
485 2348 615 2376 terram
637 2337 845 2375 excitaverit
864 2353 871 2373 :
891 2346 1025 2388 postea,
1049 2336 1110 2374 ubi
1131 2336 1252 2375 docuit

293 2400 449 2438 duorum
470 2399 703 2438 luminarium
727 2399 991 2446 formationem,
1016 2398 1181 2450 apposuit
1220 2408 1252 2436 et

295 2462 481 2500 stellarum
504 2462 724 2510 varietatem,
741 2474 804 2513 per
819 2474 908 2510 quas
927 2460 1002 2497 caeli
1019 2460 1252 2512 pulchritudo

293 2522 386 2560 facta
419 2531 471 2560 est
504 2521 634 2560 clarior
654 2537 661 2558 t
680 2521 787 2559 hodie
819 2520 1037 2559 continenter
1068 2520 1113 2557 ad
1143 2535 1252 2572 aquas

294 2583 436 2632 transit,
454 2592 487 2621 et
519 2582 674 2621 ostendit
708 2582 824 2630 nobis,
846 2595 1004 2619 sermone
1023 2590 1057 2619 et
1075 2591 1252 2634 praecepto

295 2659 359 2683 suo
378 2659 423 2682 ex
443 2644 546 2695 aquis
575 2644 661 2696 ipsis
688 2643 848 2683 viventia
879 2642 1045 2680 animalia
1065 2642 1248 2694 prodiisse.

295 2708 479 2744 Educant
497 2706 615 2754 enim,
635 2706 699 2755 ait,
721 2719 832 2756 aqum
854 2705 1008 2756 reptilia
1029 2707 1249 2742 animarum
1276 2711 1298 2740 D

295 2770 526 2813 viventium,
541 2776 577 2805 et
588 2767 772 2804 volatilia
783 2767 965 2804 volantia
978 2779 1092 2817 super
1107 2774 1250 2804 terram

296 2830 507 2867 secundum
527 2829 826 2881 firmamentum
858 2828 957 2865 coeli.
995 2826 1086 2873 Quis
1118 2841 1246 2877 sermo,

295 2904 428 2941 quaeso,
444 2889 607 2927 miraculi
628 2890 837 2941 dignitatem
862 2897 974 2941 potest
992 2887 1156 2939 assequi?
1171 2902 1250 2939 quae

295 2951 418 3001 lingua
437 2950 481 2987 ad
495 2951 647 3002 opificis
668 2951 841 3003 praeconia
859 2948 1039 2988 sufficiet?
1054 2949 1158 2987 Dixit
1174 2958 1251 2986 tan-

294 3023 386 3062 tum,
410 3013 608 3051 Germinet
640 3021 741 3050 terra
755 3021 810 3050 :et
837 3011 958 3050 statim
983 3011 1081 3049 illam
1099 3009 1143 3048 ad
1164 3025 1247 3062 par—

294 3083 373 3112 tum
404 3073 576 3111 excitavit
605 3089 612 3109 :
638 3087 729 3111 nunc
756 3073 844 3111 dicit
867 3089 874 3109 :
900 3074 1082 3111 Educant
1120 3086 1243 3124 (τίμα-ι’.

295 3134 390 3175 Vide
411 3147 520 3185 quam
552 3143 743 3172 consonant
764 3143 937 3186 praecepta
954 3149 960 3170 :
980 3133 1073 3183 illic,
1097 3133 1246 3171 Germi-

340 3269 352 3283 ‘1
376 3257 476 3291 Savil.
494 3265 525 3290 et
543 3257 670 3299 aliquot
686 3258 760 3289 Mss.
782 3263 953 3302 &poe-mezo.
972 3256 1031 3288 Alii
1047 3260 1219 3301 ἐφθέγξατο.

341 3314 356 3337 b
379 3310 477 3342 savii.
493 3314 640 3348 ἀνηνυτ9’ς
652 3316 685 3343 ἂν
702 3315 779 3353 {mz-

340 3374 351 3388 c
376 3362 488 3396 Morcl.
511 3367 644 3403 ἑστίαφν,
672 3368 717 3395 καὶ
736 3366 841 3403 ἴδωμεν
868 3368 1014 3402 μαθόντε,-

1043 3369 1070 3395 τί
1093 3367 1140 3394 uzi
1167 3369 1304 3405 τήμερον.

1323 391 1392 426 τῶν
1410 388 1583 441 ὁρώντων,
1609 391 1699 428 ἀλλὰ
1728 392 1787 430 καὶ
1812 393 1869 431 τὸν
1890 394 2070 441 Δεσπότην
2090 394 2148 432 τὸν
2167 395 2225 433 σὸν
2244 394 2344 439 δοξο-

1320 450 1513 500 λογεῖσθαι,
1533 451 1593 488 καὶ
1621 451 1663 489 σὺ
1690 451 1730 489 τὸ
1757 453 1908 492 ἐναντίον
1935 455 2176 506 ἐργαζόμενος,
2197 455 2256 493 καὶ
2276 471 2344 494 πα·
2387 503 2394 508 ι

1323 511 1542 562 ρασκευάζων
1576 512 1652 549 ἀντὶ
1682 512 1876 565 δοξολογίας
1910 516 2134 568 βλασφημίας
2167 519 2215 560 εἰς
2244 516 2344 555 αὐτὸν

1321 571 1500 624 γίνεσθαι,
1520 572 1642 611 οὐδένα
1667 573 1768 625 λόγον
1793 579 1900 626 ποιῇ;
1920 577 1990 614 Καὶ
2015 580 2081 614 ποῦ
2102 582 2203 616 τοῦτο
2229 579 2345 629 ψυχῆς

1322 633 1511 682 εὖλαῧοῦς,
1539 633 1599 672 καὶ
1631 633 1710 677 τοὺς
1739 636 1832 674 Θεοῦ
1857 636 1982 687 νόμους
2012 638 2165 689 ἀκριὸῶς
2197 640 2343 677 ἐπιστα-

1323 694 1447 745 μένης
1495 713 1498 716 ·

1377 870 1469 908 Ἀλλ’
1487 873 1516 908 εἰ
1535 872 1594 909 καὶ
1613 872 1780 924 πρότερον
1797 873 1907 911 ταῦτά
1927 889 1977 916 τις
2002 874 2069 912 ὑπὸ
2088 877 2149 920 τῆς
2166 876 2347 922 συνηθείας

1324 931 1509 982 ἑλκόμενος
1526 933 1721 985 ἀδιαφόρως
1735 933 1963 985 ἃέφθέγξατο,
1979 938 2051 981 νῦν,
2068 937 2282 987 παρακαλῶ,
2298 937 2349 974 δε·

1324 991 1465 1042 ξάμενος
1485 992 1586 1043 ’ἡμῶν
1613 993 1676 1040 τὴν
1696 994 1885 1041 νουθεσίαν,
1908 994 2069 1033 παυέσθω
2097 999 2164 1033 τῶν
2193 996 2346 1048 ἀκαίρων

1323 1052 1452 1091 τούτων
1481 1054 1605 1106 λόγων,
1626 1055 1685 1092 καὶ
1704 1054 1810 1099 οὕτως
1838 1056 1976 1094 ἅπαντα
1994 1056 2160 1108 πράττειν
2190 1057 2346 1095 σπουδα-

1324 1112 1430 1161 ζέτω,
1445 1116 1492 1157 ὡς
1515 1115 1605 1164 μήτε
1627 1116 1695 1154 ὑπὸ
1716 1120 1776 1153 τοῦ
1797 1116 1988 1166 ἀκοιμήτου
2011 1117 2141 1155 ἐκείνου
2169 1119 2348 1170 ὀφθαλμοῦ

1323 1174 1610 1225 κατακρίνεσθαι,
1641 1175 1731 1225 μήτε
1750 1176 1818 1214 ὑπὸ
1844 1182 1904 1215 τοῦ
1930 1177 2121 1222 συνειδότος
2148 1178 2347 1230 καταγινώ-

1324 1238 1488 1283 σκεσθαι,
1517 1235 1608 1285 μήτε
1632 1236 1697 1274 ὑπὸ
1722 1239 1791 1275 τῶν
1820 1238 1867 1281 εἷς
1887 1238 1988 1276 αὐτὸν
2007 1237 2167 1290 ὁρώντων
2189 1242 2347 1292 βλασφη-

1323 1295 1404 1346 μίας
1424 1300 1592 1335 κινεῖσθαι
1622 1297 1714 1336 κατὰ
1744 1301 1803 1335 τοῦ
1832 1298 2022 1337 Δεσπότου.
2040 1299 2126 1337 Ἐὰν
2159 1302 2226 1352 γὰρ
2258 1299 2346 1350 μετὰ

1321 1357 1489 1404 τοσαύτης
1534 1359 1690 1410 φυλακῆς
1728 1358 1772 1395 τὰ
1803 1361 1880 1396 καθ’
1914 1359 2055 1402 ἑαυτοὺς
2084 1362 2346 1412 οἷκονομῶμεν,

1320 1420 1453 1464 πολλῆς
1480 1418 1748 1469 ἀπολαυσόμεθα
1778 1419 1917 1467 καὶτῆς
1945 1418 2047 1474 παρα
2073 1425 2132 1458 τοῦ
2166 1423 2346 1460 Δεσπότου

1321 1479 1600 1532 φιλανθρωπίας,
1626 1480 1686 1518 καὶ
1716 1480 1968 1532 διαφευξόμεθα
2001 1486 2060 1520 τοῦ
2092 1482 2255 1520 &tongerloo
2286 1482 2348 1526 τὰς

1322 1540 1494 1592 μηχανάς.

1321 1601 1576 1655 ἐγρηγορότας,
1616 1603 1738 1639 ἐννοῶν
1774 1604 1820 1645 ὡς

1521 1539 1635 1578 ‘'O-mv
1666 1541 1732 1592 γὰρ
1762 1540 1818 1592 ἴδῃ
1851 1544 1944 1591 ἡμᾶς
1972 1541 2063 1579 οὕτω
2090 1543 2260 1594 νήφοντας
2288 1544 2348 1582 καὶ

1851 1600 1867 1621 ¹³
1878 1602 2057 1649 ἀνονήτοις
2089 1602 2328 1655 ἐπιχειρήσειε
2339 1634 2348 1651 ,

1320 1663 1567 1739 καλυψάμενος
1587 1662 1836 1708 ἀποστήσεται.
1854 1662 1959 1702 Ἀλλὰ
1979 1666 2047 1701 τῶν
2071 1664 2132 1715 μὲν
2153 1664 2346 1716 προοιμίων

1322 1724 1418 1768 ἅλίς
1435 1723 1477 1775 φέ
1481 1739 1515 1775 ρε
1533 1724 1573 1771 δὴ
1598 1723 1691 1761 λοιπ
1683 1740 1718 1761 ον
1738 1723 1783 1761 τὰ
1805 1726 1869 1762 ἀνα
1872 1724 2069 1776 γνωσθεντα
2088 1725 2307 1777 προθεντες
2291 1725 2348 1762 επὶ

1321 1787 1384 1830 τ’ἦς
1401 1785 1570 1837 ὓμετερας
1601 1784 1762 1835 ἀγάπης,
1786 1784 1849 1831 τὴν
1868 1785 2108 1836 πνευματικὴν
2129 1787 2210 1836 υμῖν
2230 1802 2343 1838 παρα-

1323 1849 1467 1897 θωμέν
1454 1846 1621 1893 εστίασιν,
1637 1846 1724 1884 cnut
1743 1846 1870 1896 ἴδωμεν
1892 1846 2058 1897 μαθόντες
2074 1847 2108 1884 τί
2124 1863 2182 1885 και
2197 1847 2346 1899 σήμερον

1322 1910 1340 1946 ὁ
1364 1907 1534 1958 μακάριος
1553 1909 1726 1955 Μωϋσῆς,
1750 1908 1881 1957 μᾶλλον
1905 1906 1940 1945 δὲ
1963 1908 2003 1945 τὸ
2025 1909 2172 1958 Πνεῦμα
2190 1908 2230 1945 τὸ
2250 1907 2347 1959 ἅγιον

1325 1967 1382 2006 διὰ
1408 1971 1470 2014 τῆς
1499 1967 1620 2006 τούτου
1653 1967 1812 2019 γλώττης
1838 1970 1932 2018 ἡμᾶς
1960 1967 2093 2012 διδάξαι
2115 1967 2286 2019 βούλεται.
2302 1967 2350 2006 Τί

1325 2024 1382 2068 οὖν
1403 2047 1508 2083 φησι,
1547 2029 1617 2068 Καὶ
1645 2023 1738 2067 εἶπεν
1758 2033 1775 2067 ὃ
1800 2029 1909 2072 Θεός·
1945 2028 2140 2080 ε’ξαγαγέτω
2168 2028 2212 2066 τὰ
2239 2028 2348 2067 ὕδατα

1324 2091 1454 2143 ἑρπετὰ
1473 2093 1593 2142 ψυχῶν
1617 2092 1749 2138 ζωσῶν,
1773 2089 1831 2126 καὶ
1853 2089 1996 2127 πετεινὰ
2018 2089 2191 2138 πετόμενα
2212 2089 2268 2127 ἐπὶ
2287 2093 2349 2136 τῆς

1323 2156 1386 2203 γῆς
1409 2152 1499 2190 κατὰ
1522 2153 1561 2189 τὸ
1589 2150 1772 2203 στερέωμα
1791 2153 1850 2188 τοῦ
1871 2151 2027 2201 οὐρανοῦ.
2047 2151 2117 2188 Καὶ
2138 2150 2272 2201 ἐγένετο
2291 2151 2347 2189 οὕ-

1323 2229 1403 2255 τως.
1428 2212 1522 2263 ἰὈρα
1553 2210 1812 2264 φιλανθρωπίαν
1835 2213 2031 2259 Δεσπότου,
2061 2227 2134 2254 πως
2165 2211 2260 2255 τάξει
2282 2228 2348 2249 τινι

2185 2272 2257 2285 xx!

1323 2290 1381 2311 και
1399 2273 1584 2312 ἀκολουθία
1602 2288 1716 2311 πασαν
1737 2272 1799 2319 τὴν
1822 2272 2050 2324 δημιουργίαν
2070 2276 2164 2322 ἧμας
2181 2286 2347 2312 οιοασκει

1546 2314 1652 2347 *xllx*

1326 2334 1500 2406 Πρότερον
1540 2337 1688 2378 ἐοιεαςεν
1726 2338 1819 2384 ἦαας
1851 2349 1923 2376 πως
1943 2350 2005 2380 ττν
2025 2337 2088 2385 γῆν
2118 2337 2166 2376 εἷς
2197 2333 2260 2381 τὴν
2281 2338 2349 2373 τῶν

1325 2398 1469 2446 καρπων
1495 2395 1625 2447 γένεσιν
1660 2398 1709 2447 τῷ
1745 2396 1848 2433 αυτοῦ
1873 2394 2112 2445 “Ῑεπιτάγματι
2153 2395 2348 2448 διήγειρεν·

1325 2461 1399 2495 εἶτα
1432 2457 1494 2504 τὴν
1519 2457 1746 2509 δημιουργίαν
1777 2473 1844 2494 των
1877 2457 1934 2495 δύο
1969 2456 2162 2509 φωστήρων
2198 2456 2348 2505 διδάξας,

1323 2536 1433 2571 περοσ
1419 2519 1540 2565 έθηκεν
1569 2535 1628 2557 και
1660 2518 1722 2565 τὴν
1745 2535 1813 2557 των
1840 2518 1994 2569 ἀστέρων
2017 2517 2208 2566 ποικιλίαν,
2229 2519 2272 2556 δι’
2299 2535 2346 2556 ων

1322 2598 1381 2620 του
1399 2583 1543 2633 οὐρανοῦ
1565 2580 1786 2632 φαιδρότερον
1804 2595 1844 2618 το
1863 2579 1990 2622 κάλλος
2007 2578 2214 2632 εἰργάσατο·
2235 2579 2345 2627 σήμε-

1325 2657 1380 2694 ρον
1401 2641 1520 2680 λοιπὸν
1551 2640 1754 2691 μεταδαίνει
1783 2640 1840 2678 ἐπὶ
1860 2640 1903 2678 τὰ
1923 2640 2054 2686 ὕδατα,
2085 2639 2144 2677 καὶ
2175 2639 2345 2678 δείκνυσιν

1322 2707 1422 2753 ἡμῖν,
1443 2705 1492 2755 τῷ
1515 2702 1607 2754 λόγῳ
1628 2703 1729 2740 αὐτοῦ
1750 2701 1873 2753 καὶτῷ
1890 2701 2103 2751 ἐπιτάγματι
2118 2703 2189 2745 ζῶα
2205 2701 2346 2752 ἔμψυχα

1322 2764 1356 2808 ἐξ
1389 2766 1502 2802 αὐτῶν
1538 2762 1781 2813 ἀναδιδόμενα.
1803 2761 2028 2812 Ἰἰξαγαγέτω
2058 2761 2144 2814 γὰρ,
2176 2762 2283 2813 φησὶ,
2303 2762 2346 2799 τὰ

1322 2825 1431 2863 ὕδατα
1459 2823 1588 2875 ἑρπετὰ
1615 2826 1734 2875 ψυχῶν
1755 2825 1887 2869 ζωσῶν,
1910 2823 1968 2860 καὶ
1999 2823 2137 2861 πετεινὰ
2171 2823 2345 2873 πετόμενα

1321 2887 1379 2925 ἐπὶ
1404 2890 1466 2933 τῆς
1498 2890 1561 2936 γῆς
1589 2886 1679 2924 κατὰ
1699 2886 1738 2924 τὸ
1765 2885 1947 2937 στερέωμα
1966 2890 2025 2924 τοῦ
2056 2886 2214 2936 οὐρανοῦ.
2241 2886 2346 2928 Ποῐος

1322 2948 1440 2998 λόγος,
1463 2947 1537 2985 εἰπέ
1558 2964 1637 2998 μοι,
1665 2947 1844 2999 ἐφικέσθαι
1863 2946 2049 2993 δυνήσεται
2068 2950 2127 2984 τοῦ
2147 2945 2345 2996 οαύματος;

1322 3010 1406 3047 ποία
1423 3009 1563 3062 ἀρκέσει
1579 3012 1719 3060 γλῶττα
1736 3008 1821 3060 πρὸς
1849 3008 2020 3059 εὐφημίαν
2039 3011 2097 3046 τοῦ
2119 3009 2346 3058 δημιουργοῦ;

1328 3065 1414 3109 {iim
1441 3071 1555 3122 μόνον,
1579 3070 1819 3118 mummia.)
1834 3073 1855 3116 ἡ
1876 3072 1941 3120 γῆ,
1961 3070 2020 3106 καὶ
2040 3069 2162 3112 εὐθέως
2183 3068 2266 3119 πρὸς
2286 3068 2346 3110 τὰς

1323 3133 1446 3175 ὠδῖνας
1479 3132 1583 3179 αὐτὴν
1614 3132 1786 3183 διήγειρε·
1813 3134 1871 3168 νῦν
1903 3130 2019 3180 λέγει,
2052 3128 2276 3180 Ἐξαγαγέτω
2303 3127 2345 3166 τὰ

1337 3255 1416 3295 ch.
1438 3266 1518 3286 unus
1533 3263 1564 3285 ct
1587 3253 1724 3287 Coislin.
1745 3257 1870 3287 ἑστίασιν
1884 3279 1891 3287 ,

1339 3305 1439 3338 Siu'il.
1462 3309 1597 3339 ἑστίασιν.
1615 3311 1662 3338 ναὶ
1680 3308 1788 3347 ἴδωμεν
1806 3310 1832 3337 τί
1850 3311 1895 3338 καὶ
1916 3313 1985 3346 σήμ.

1388 3359 1401 3380 ¹¹
1425 3358 1558 3390 Cois-lui,
1580 3373 1651 3402 προσ

1924 3258 2069 3295 ,unffi-arx
2086 3260 2112 3286 *ri
2131 3257 2177 3285 mi
2204 3261 2341 3297 τήμερον.

1658 3363 1802 3399 τάγματα
