2433 3775
301 190 360 234 80

299 284 384 322 cetis
405 283 608 322 concredita
621 283 808 333 semina,et
821 283 959 322 faciatis
977 283 1146 330 fructum,
1162 282 1254 319 alius

297 344 446 395 quidem
471 344 702 382 centesimum
717 374 727 393 ,
749 343 840 382 alius
866 343 1142 394 sexagesimum,
1163 341 1254 378 alius

297 405 534 457 trigesimum.
558 404 719 442 Audistis
742 403 988 457 ‘superioribus
1012 402 1139 440 diebus
1168 401 1254 438 inef-

297 466 445 504 fabilem
464 466 672 519 sapientiam
688 466 765 517 ejus
784 465 845 516 qui
863 463 1024 502 visibilia
1039 462 1117 500 haec
1135 461 1255 500 omnia

297 526 474 577 condidit,
507 536 541 565 et
568 525 747 576 quomodo
776 525 885 563 verbo
920 523 1036 561 solum
1061 532 1094 560 et
1121 522 1254 575 placito

297 587 417 625 omnia
438 586 623 638 produxit.
646 584 750 622 Dixit
775 584 886 634 enim,
910 586 1005 621 Fiat
1023 599 1034 619 .-
1061 592 1095 621 et
1122 584 1255 621 factum

297 657 349 686 est
362 647 551 697 statimque
568 645 744 698 producta
761 654 844 683 sunt
867 644 986 683 omnia
1003 660 1010 681 :
1032 653 1066 682 et
1086 645 1172 682 satis
1187 645 1256 684 fuit

296 708 451 747 verbum
473 707 519 745 ad
533 722 570 745 ea
588 721 666 758 quae
680 707 773 745 facta
792 716 873 744 sunt
893 705 1135 744 constituenda
1151 721 1162 756 3
1185 720 1255 744 non

296 769 467 820 quoniam
486 768 695 820 simpliciter
711 777 786 806 erat
802 768 952 806 verbum
965 797 975 816 ,
992 766 1052 805 sed
1073 767 1157 818 quia
1176 781 1255 805 ver-

296 830 386 868 bum
401 829 481 868 Dei.
506 829 723 868 Meministis
743 842 866 866 eorum
895 842 973 879 qnae
1000 837 1086 865 tunc
1107 842 1127 865 a
1153 826 1255 865 nobis

297 891 532 931 movebantur
551 899 671 928 contra
701 904 758 928 eos
776 889 838 941 qui
858 903 903 928 ex
933 889 1090 941 subjecta
1109 889 1256 927 materia

297 966 353 990 res
364 952 474 990 factas
489 966 561 990 esse
575 951 808 1001 contendunt,
821 950 902 989 etin
917 950 1151 988 ecelesiastica
1168 950 1256 987 scita
1280 959 1304 989 C

299 1013 407 1051 etiam
437 1027 502 1051 sua
523 1011 650 1050 deliria
672 1012 799 1050 inferre
819 1025 889 1049 non
915 1020 1096 1050 verentur.
1118 1010 1257 1048 Didici-

299 1075 363 1113 stis
382 1075 483 1127 cujus
505 1074 618 1126 gratia
644 1073 771 1111 caelum
788 1073 936 1124 quidem
954 1072 1165 1125 perfeetum,
1182 1081 1254 1109 ter-

299 1150 376 1174 ram
390 1145 508 1173 autem
525 1135 714 1173 informem
728 1133 1054 1187 produxerit.Duas
1065 1132 1159 1170 enim
1173 1142 1257 1170 tunc

301 1210 423 1233 causas
440 1195 602 1233 diximus
617 1211 624 1232 ε
643 1210 766 1241 unam,
784 1204 823 1232 ut
842 1195 878 1232 in
894 1194 1066 1232 elemento
1085 1202 1257 1247 praestan—

300 1256 383 1294 tiori
402 1256 596 1309 potentiam
619 1256 764 1294 Domini
793 1264 1042 1307 agnoscentes,
1066 1269 1136 1293 non
1163 1255 1258 1293 ultra

301 1317 563 1369 ambigeremus
591 1326 768 1355 censentes
786 1325 932 1369 propter
949 1315 1195 1368 impotentiam
1214 1315 1257 1353 il-

301 1378 368 1416 lud
392 1379 526 1416 factum
551 1392 625 1416 esse
646 1394 653 1414 :
678 1378 841 1427 alteram,
863 1376 946 1428 quia
975 1386 1068 1414 terra
1091 1385 1202 1414 mater
1225 1385 1258 1414 et

304 1439 429 1477 nutrix
442 1448 560 1477 nostra
573 1439 663 1477 sacta
679 1448 742 1487 est,
753 1448 786 1476 et
799 1453 845 1476 ex
860 1438 938 1490 ipsa
950 1437 1145 1489 pascimur,
1161 1437 1257 1475 aliis-

304 1513 372 1549 que
399 1500 566 1537 omnibus
588 1499 757 1550 fruimur,
781 1508 814 1537 et
849 1499 895 1537 ad
923 1499 1037 1550 ipsam
1068 1498 1254 1536 redimus:

747 202 767 232 S
777 222 786 232 .
823 202 931 233 JOAN
941 201 1008 231 le
1043 200 1286 231 CHRYSOST.

121 1573 211 1601 Terra
235 1583 287 1600 no-
303 1559 381 1612 ipsa
405 1561 500 1598 enim
518 1561 620 1598 nobis
650 1570 701 1599 est
719 1569 752 1598 et
767 1560 896 1612 patria,
913 1568 946 1598 et
973 1560 1175 1612 sepulcrum
1197 1576 1204 1595 :
1223 1569 1257 1597 et

99 1614 144 1641 bis
156 1616 246 1652 patria
262 1620 291 1642 et

99 1656 267 1693 sepulcrum

99 1703 152 1724 est.

305 1635 348 1659 ne
361 1621 441 1672 quis
460 1621 570 1673 igitur
584 1622 630 1659 ob
646 1621 835 1659 utilitatem
850 1630 884 1659 et
902 1621 1143 1659 necessitatem
1159 1620 1257 1658 illius

304 1683 419 1735 majus
436 1682 574 1733 aliquid
586 1682 631 1721 de
649 1682 726 1735 ipsa
745 1682 885 1729 sentiat,
907 1682 1059 1720 ostendit
1077 1682 1190 1735 ipsam
1211 1682 1256 1720 ab
1280 1689 1305 1718 D

301 1743 405 1782 initio
436 1744 623 1782 informem
653 1743 834 1782 conditam
856 1759 863 1779 ε
897 1752 936 1780 ut
957 1743 1165 1782 erudiamur
1195 1758 1257 1796 per

299 1820 356 1844 res
385 1806 502 1858 ipsas,
529 1805 700 1858 praedicta
721 1805 839 1843 omnia
862 1819 931 1843 non
961 1814 1095 1843 naturae
1117 1805 1256 1843 telluris

297 1866 532 1904 adscribenda
548 1897 557 1914 ‚
584 1866 645 1904 sed
677 1865 880 1904 Conditoris
908 1866 1046 1904 virtuti.
1067 1865 1256 1904 Didicistis

296 1927 397 1977 item,
415 1927 593 1978 quomodo
622 1941 798 1978 aquarum
828 1926 1085 1979 separationem
1111 1926 1255 1976 fecerit,

299 1987 474 2040 producto
492 2002 555 2040 per
564 1987 758 2040 jussionem
778 2001 880 2025 suam
895 1987 1034 2026 visibili
1047 1987 1114 2025 hoc
1132 1988 1256 2026 firma-

300 2059 417 2088 mento
430 2065 441 2100 3
462 2049 606 2089 vidistis
625 2048 791 2087 animalia
810 2049 981 2098 viventia,
996 2058 1030 2087 et
1041 2058 1206 2099 exterra,
1222 2057 1256 2086 et

300 2125 346 2148 ex
366 2125 458 2161 aqua
477 2110 584 2148 edita.
603 2110 687 2147 Haee
707 2123 776 2147 non
795 2110 927 2160 absque
947 2124 1051 2147 causa
1071 2119 1105 2147 et
1124 2119 1255 2148 temere

301 2185 395 2209 nunc
413 2171 553 2208 caritati
578 2179 704 2208 vestrae
726 2184 832 2221 cogor
844 2178 1006 2221 ¹repetere
1024 2186 1031 2206 τ
1050 2171 1182 2222 partim
1216 2180 1256 2208 ut

300 2231 506 2269 auditorum
521 2230 650 2268 animis
672 2230 748 2268 haec
773 2230 887 2280 magis
907 2229 1105 2279 insideant,
1125 2231 1256 2283 partim

301 2301 341 2330 ut
360 2292 404 2330 iis
423 2292 484 2343 qui
505 2301 590 2329 tunc
609 2305 678 2329 non
698 2290 841 2329 adfuere
859 2290 983 2328 idonea
1003 2291 1164 2329 doctrina
1185 2301 1256 2329 tra-

301 2353 427 2403 datur,
458 2353 621 2404 nihilque
653 2351 775 2389 damni
805 2351 964 2389 absentia
993 2366 1056 2389 sua
1084 2352 1255 2390 attulerit.
1281 2359 1304 2388 E

303 2413 400 2462 Quia
430 2413 606 2465 benignus
625 2422 723 2465 pater
750 2412 856 2451 etiam
877 2412 1083 2450 absentibus
1101 2412 1185 2451 filiis
1205 2428 1257 2463 re-

303 2475 434 2526 liquias
454 2488 582 2512 mensae
601 2483 756 2512 reservat
772 2503 782 2523 ‚
805 2482 844 2511 ut
864 2487 945 2510 eum
963 2473 1195 2525 advenerint,
1215 2489 1259 2513 ex

303 2545 442 2574 servato
473 2534 613 2573 residuo
659 2549 759 2573 suam
793 2534 987 2572 absentiam
1022 2535 1256 2574 consolentur.

303 2596 411 2635 Unde
430 2606 464 2634 et
479 2610 542 2634 nos
558 2595 719 2634 omnium
738 2595 801 2646 qui
813 2595 884 2632 huc
901 2595 1084 2633 confluunt
1106 2610 1173 2634 non
1190 2597 1258 2634 mi—

305 2673 428 2696 norem
448 2672 555 2709 quam
573 2657 815 2695 membrorum
842 2665 1043 2694 nostrorum
1062 2671 1184 2695 curam
1201 2672 1258 2709 ge-

305 2729 430 2769 rentes,
443 2728 476 2756 et
492 2719 690 2771 profectum
705 2727 862 2757 vestrum
879 2726 1034 2755 nostram
1050 2717 1257 2757 existiman-

305 2789 357 2818 tes
369 2780 534 2831 gloriam,
551 2779 717 2831 cupimus
732 2792 852 2816 omnes
864 2779 1034 2830 perfectos
1047 2788 1080 2816 et
1097 2793 1258 2818 consum-

307 2850 421 2879 matos
436 2841 513 2878 fieri
534 2841 567 2877 in
590 2839 740 2891 gloriam
761 2840 825 2877 Dei
832 2869 842 2889 ,
860 2849 893 2877 et
911 2839 1054 2877 laudem
1075 2840 1256 2891 Ecclesiae,
1281 2873 1311 2896 ὃ,

307 2911 341 2940 et
371 2910 525 2939 nostram
549 2900 808 2950 gloriationem.
828 2901 878 2938 Ac
897 2900 966 2938 nisi
986 2901 1172 2939 molestum
1192 2912 1256 2952 est,
1284 2909 1308 2938 Α

309 2962 433 3015 paucis
459 2961 598 2999 caritati
629 2970 753 2999 vestrae
775 2960 937 2999 hesterna
964 2961 1071 2999 etiam
1097 2961 1191 3000 dicta
1223 2963 1257 3000 in

309 3023 517 3062 memoriam
551 3036 764 3060 revocemus.
784 3022 938 3061 Vidistis
959 3032 1089 3073 quanta
1107 3022 1259 3062 diversi-

310 3095 380 3124 tate
400 3085 506 3123 homo
526 3092 558 3121 et
579 3092 746 3121 creaturae
769 3084 848 3122 aliae
873 3083 1007 3122 conditi
1026 3094 1107 3123 sunt
1128 3101 1135 3122 ε
1156 3085 1260 3124 autli-

357 3220 370 3233 τι
385 3207 487 3241 Savil.
504 3212 592 3241 τοῦτο
613 3212 795 3248 γεγενῆτθκι.
815 3205 916 3238 Panlo
943 3213 1018 3248 post
1042 3204 1178 3238 Coislin.
1198 3210 1317 3240 πάντων

312 3272 370 3295 τῶν
392 3265 510 3303 ἀγαθῶ-ι
532 3262 661 3293 &mla-¹2.
680 3259 755 3290 Mox
771 3259 906 3290 Coislin.
927 3264 1102 3301 ἐπανίωμεμ,
1117 3257 1171 3289 atii
1195 3264 1317 3292 gna-,243-

312 3328 378 3355 μεν.
400 3313 478 3353 fleg.
495 3322 578 3343 unus
591 3308 832 3342 eiectum-12
850 3315 1019 3352 τίπανὶομεν.
1038 3308 1126 3343 savit
1151 3317 1181 3342 ei
1200 3308 1314 3342 Morel.

313 3370 462 3406 ἐπάνιμεν.

1325 201 1530 230 AnctnEP.
1568 200 1929 231 CONSTANTINOP-

1329 297 1392 331 μσς
1419 281 1731 328 πολυπλασιάσητε
1756 283 1800 320 τὰ
1821 283 2116 335 καταὲαλλόμενα
2131 316 2142 332 ,
2166 286 2226 324 καὶ
2255 287 2356 335 ποιή-

1328 357 1413 387 σητε
1439 345 1457 380 ὁ
1482 342 1544 392 μὲν
1565 343 1700 390 ἑκατὸν,
1729 347 1746 381 ὁ
1773 344 1808 382 δὲ
1843 344 2029 392 ἑξήκοντα,
2049 348 2068 383 ὃ
2092 345 2128 383 δὲ
2155 347 2355 399 τριάκοντα.

1328 401 1522 440 Ἠκούσατε
1542 405 1576 440 ἐν
1602 409 1676 447 ταῖς
1695 404 1956 456 προλαὲούσαις
1972 405 2121 457 ἡμέραις
2143 410 2206 454 τὴν
2224 408 2354 460 ἄφατον

1328 462 1450 514 σοφίαν
1483 466 1542 500 τοῦ
1571 463 1615 501 τὰ
1644 463 1804 515 ὁρώμενα
1835 465 1951 503 πάντα
1981 467 2263 517 τεκτηναμένου,
2296 470 2357 508 καὶ

1326 522 1421 567 ὅπως
1450 524 1583 576 ῥήματι
1606 524 1708 575 μόνον
1740 525 1799 563 καὶ
1826 526 1996 575 θελήματι
2024 527 2068 565 τὰ
2098 528 2214 567 πάντα
2241 530 2357 583 παρή-

1327 600 1443 637 γαγεν.
1475 579 1565 624 Eine
1597 584 1684 637 γὰρ,
1711 585 1898 633 Γενηθήτω
1913 616 1923 633 ,
1953 587 2014 625 καὶ
2042 588 2198 640 ἐγένετο,
2219 590 2280 628 καὶ
2301 593 2356 629 εὐ-

1327 644 1412 688 θέως
1439 646 1605 699 παρήχθη
1629 645 1768 684 ἅπαντα
1799 646 1842 684 τὰ
1864 651 2045 698 στοιχεῖα,
2075 651 2135 687 καὶ
2162 649 2290 703 ἤρκεσε
2316 651 2357 689 τὸ

1328 710 1424 759 ῥῆμα
1450 707 1536 760 πρὸς
1564 707 1627 754 τὴν
1649 710 1718 746 τῶν
1739 707 1933 760 γενομένων
1960 708 2142 758 σύστασιν,
2158 712 2219 749 οὐκ
2234 711 2357 759 ἐπειδὴ

1329 771 1425 820 ῥῆμα
1444 762 1486 814 ἦν
1510 769 1629 812 ἁπλῶς
1643 798 1652 815 ,
1677 770 1753 806 ἀλλ’
1774 767 1894 816 ἐπειδὴ
1923 772 2021 820 ῥῆμα
2039 771 2143 810 Θεοῦ.
2165 772 2358 823 Μέμνησθε

1327 832 1396 867 τῶν
1416 829 1491 867 τότε
1520 829 1728 876 κινηθέντων
1748 833 1834 880 ἡμῖν
1856 830 1944 881 πρὸς
1963 829 2040 874 τοὺς
2071 831 2105 876 ἐξ
2125 833 2358 883 ὑποκειμένης

1327 889 1411 937 ὕλης
1426 891 1589 943 λέγοντας
1602 890 1647 929 τὰ
1663 890 1745 928 ὄντα
1760 893 1985 942 γεγενῆσθαι,
2001 891 2061 929 καὶ
2072 891 2134 938 τὴν
2148 893 2278 931 οἰκείαν
2294 894 2358 939 λη-

1330 949 1454 1001 ρωδίαν
1475 950 1741 1002 ἐπεισφέροντας
1769 955 1840 993 τοῖς
1858 953 1920 996 τῆς
1936 949 2152 997 Ἔκκλησίας
2171 951 2357 1002 δόγμασιν.

1329 1009 1502 1060 Ἐμάθετε
1518 1010 1608 1053 τίνος
1626 1010 1740 1048 ἕνεκεν
1760 1010 1817 1048 τὸν
1844 1010 1904 1062 μὲν
1930 1011 2074 1064 οὐρανὸν
2098 1011 2357 1064 ἀπηρτισμένον

1329 1071 1534 1122 παρήγαγε,
1555 1071 1618 1117 τὴν
1645 1071 1680 1108 δὲ
1701 1074 1766 1122 γῆν
1787 1071 1995 1123 ἀμόρφωτον
2016 1071 2075 1109 καὶ
2098 1071 2356 1111 ἀδιατύπωτον.

1330 1131 1400 1170 Καὶ
1417 1132 1486 1182 γὰρ
1507 1131 1566 1170 δύο
1586 1131 1698 1174 αἰτίας
1725 1131 1804 1169 τότε
1821 1132 2024 1184 εἰρήκαμεν,
2044 1132 2127 1183 μίαν
2149 1133 2304 1184 μὲνγῗνα
2320 1136 2357 1172 ἐν

1329 1194 1379 1244 τῷ
1402 1192 1550 1243 βελτίονι
1569 1191 1732 1246 στοιχείῳ
1751 1192 2013 1242 καταμαθόντες
2043 1193 2108 1240 τὴν
2130 1194 2278 1245 δύναμιν
2297 1200 2358 1234 τοῦ

1330 1252 1524 1301 Δεσπότου,
1546 1252 1672 1304 μηκέτι
1689 1253 1967 1306 ἀμφιὸάλλωμεν
1982 1254 2176 1304 νομίζοντες
2197 1256 2240 1293 δι’
2258 1256 2359 1294 ἀσθέ-

1330 1329 1423 1351 νειαν
1445 1313 1622 1366 δυνάμεως
1649 1318 1773 1353 εἰτοῦτο
1797 1313 1978 1365 γενέσθαι·
2009 1315 2131 1367 ἑτέραν
2153 1315 2208 1363 δὲ,
2236 1317 2356 1364 ἐπειδὴ

1331 1374 1418 1422 αὕτη
1439 1375 1498 1413 καὶ
1528 1375 1645 1428 μήτηρ
1679 1375 1738 1413 καί
1765 1375 1890 1428 τροφὸς
1910 1379 1996 1426 ἡμῖν
2015 1375 2220 1427 γεγένηται,
2241 1378 2302 1415 καὶ
2323 1378 2358 1422 ἐξ

1331 1439 1437 1483 αὐτῆς
1454 1436 1514 1475 καὶ
1536 1436 1753 1489 τρεφόμεθα,
1774 1436 1834 1474 καίΙ
1860 1436 2001 1475 πάντων
2030 1440 2098 1475 τῶν
2130 1438 2245 1476 ἄλλων
2266 1440 2355 1477 ἀπο·

1329 1497 1496 1548 λαύομεν,
1524 1497 1583 1535 καὶ
1601 1498 1686 1551 πρὸς
1707 1497 1812 1544 αὐτὴν
1842 1498 1948 1536 πάλιν
1970 1497 2136 1549 ἐπάνιμεν
2154 1515 2161 1522 ·
2182 1499 2268 1546 αὕτη
2290 1500 2358 1552 γὰρ

1330 1561 1414 1608 ἡμῖν
1434 1559 1493 1597 καὶ
1510 1558 1633 1612 πατρὶς
1654 1559 1713 1597 καὶ
1729 1558 1834 1611 τάφος
1860 1558 1952 1597 ἐστίν
1967 1574 1974 1582 ·
1996 1558 2051 1598 ἵνα
2071 1563 2150 1611 γοῦν
2169 1559 2218 1610 μὴ
2238 1560 2278 1599 τὸ
2295 1563 2358 1606 τῆς

1330 1619 1451 1671 χρείας
1477 1622 1663 1671 ἀναγκαῖον
1682 1619 1934 1672 παρασκευάσῃ
1958 1620 2047 1671 με’γα
2065 1635 2098 1657 τι
2115 1620 2175 1658 καὶ
2193 1621 2275 1675 περὶ
2294 1622 2357 1659 αὖ-

1329 1682 1390 1726 τῆς
1406 1680 1657 1732 φαντάζεσθαι,
1675 1680 1845 1718 δείκνυσιν
1874 1680 1981 1728 αὐτὴν
2001 1680 2035 1725 ἐξ
2059 1684 2172 1733 ἀρχῆς
2191 1681 2356 1736 ἀμόρφω-

1328 1758 1385 1780 τον
1401 1757 1408 1764 ·
1423 1741 1481 1780 ἵνα
1500 1740 1746 1791 παιδευώμεθα
1765 1741 1826 1780 καὶ
1846 1741 1889 1779 δι’
1910 1743 2024 1780 αὐτῶν
2039 1745 2108 1780 τῶν
2124 1743 2357 1796 πραγμάτων,

1333 1802 1459 1852 μηκέτι
1479 1804 1522 1853 τῇ
1543 1802 1641 1853 φύσει
1669 1805 1731 1849 τῆς
1759 1805 1822 1853 γῆς
1841 1801 2038 1851 λογίζεσθαι
2057 1802 2101 1840 τὰ
2120 1804 2357 1857 προειρημένα

1330 1863 1468 1902 ἅπαντα
1481 1893 1490 1911 ,
1511 1863 1601 1901 ἀλλὰ
1619 1867 1661 1915 τῇ
1694 1863 1836 1914 δυνάμει
1854 1866 1914 1901 τοῦ
1945 1864 2221 1916 παραγαγόντος.
2238 1865 2353 1916 Ἐμά-

1331 1928 1406 1963 θετε
1426 1926 1531 1963 πάλιν
1550 1927 1624 1968 πῶς
1638 1925 1695 1963 τὸν
1714 1924 1894 1976 χωρισμὸν
1911 1926 1980 1962 τῶν
1997 1924 2132 1963 ὑδάτων
2150 1926 2356 1977 εἰργάσατο,

1328 1986 1368 2025 τὸ
1384 1985 1568 2039 στερέωμα
1587 1990 1687 2024 τοῦτο
1707 1985 1746 2023 τὸ
1765 1983 1938 2037 ὁρώμενον
1954 1988 2181 2038 παραχθῆναι
2201 1988 2357 2039 προστά-

1330 2047 1408 2093 ξας·
1433 2048 1539 2086 εἴδετε
1565 2047 1610 2086 τὰ
1629 2050 1701 2092 ζῶα
1719 2046 1763 2085 τὰ
1783 2046 1944 2098 ἔμψυχα,
1965 2047 2025 2085 καὶ
2055 2049 2094 2085 ἐκ
2119 2050 2187 2086 τῶν
2207 2048 2356 2097 ὑδάτων,

1328 2108 1387 2146 καὶ
1403 2111 1441 2147 ἐκ
1456 2112 1518 2154 τῆς
1537 2111 1601 2159 γῆς
1617 2107 1861 2157 ἀναδιδόμενα.
1882 2109 2008 2145 Ταῦτα
2027 2110 2090 2160 οὐχ
2115 2109 2234 2152 ἁπλῶς
2251 2108 2355 2149 ιὀὐδὲ

1331 2168 1445 2219 μάτην
1478 2172 1535 2205 νῦν
1556 2168 1798 2219 ἀναγκάζομαι
1818 2168 2127 2218 ἐπαναλαμῧάνειν
2159 2169 2218 2206 καὶ
2239 2171 2357 2208 δευτε-

1333 2233 1410 2282 ροῧν
1439 2228 1496 2267 ἐπὶ
1533 2231 1594 2274 τῆς
1625 2228 1797 2281 ὑμετέρας
1831 2228 1990 2279 ἀγάπης·
2015 2230 2091 2266 ἀλλ’
2123 2228 2181 2267 ἵνα
2202 2235 2273 2273 τοῖς
2293 2230 2355 2281 μὲν

1331 2289 1517 2337 ἀκηκοόσιν
1539 2289 1699 2332 ὑπόθεσις
1726 2288 1892 2340 γένηται,
1913 2288 1973 2326 καὶ
1994 2290 2249 2343 ἀσφαλέστερον
2269 2291 2357 2330 αὐτὰ

1331 2353 1567 2389 ἐναποθῶνται
1594 2353 1637 2402 τῇ
1659 2349 1812 2402 διανοίᾳ·
1835 2355 1906 2393 τοῖς
1938 2349 1973 2387 δὲ
1991 2349 2071 2388 τότε
2092 2350 2140 2400 μὴ
2161 2367 2357 2403 παραγενο-

1333 2413 1446 2464 μένοις
1475 2413 1626 2463 ἄρκοῧσα
1645 2411 1788 2462 γένηται
1806 2413 1827 2456 ἡ
1850 2410 2058 2448 διδασκαλία
2073 2439 2082 2457 ,
2103 2411 2163 2448 καὶ
2180 2412 2356 2463 μηδεμίαν

1332 2475 1394 2511 ςέκ
1424 2478 1483 2511 τοῦ
1510 2472 1557 2523 μὴ
1581 2478 1744 2524 παρεῖναι
1771 2470 1900 2521 ζημίαν
1920 2471 2153 2522 ὑπομένωσιν.
2176 2472 2278 2510 Ἐπεὶ
2297 2473 2356 2511 καὶ

1332 2533 1448 2582 πατὴρ
1469 2533 1694 2586 φιλόστοργος
1713 2538 1782 2575 τοῖς
1809 2534 2049 2584 ἀπολειφθεῖσι
2068 2532 2172 2571 παισὶ
2191 2536 2254 2580 τῆς
2277 2549 2359 2586 τρα-

1331 2596 1436 2642 πέζης
1471 2594 1513 2632 τὰ
1549 2594 1698 2646 λείψανα
1729 2593 1969 2645 διαφυλάττει,
1992 2592 2046 2631 ἵνα
2081 2594 2357 2647 παραγενόμενοι

1332 2656 1558 2709 παραμυθίαν
1587 2658 1647 2700 τῆς
1670 2654 1838 2698 ἀπουσίας
1854 2654 1982 2706 εὕρωσι
2010 2655 2074 2701 τὴν
2092 2655 2220 2693 τούτων
2242 2658 2356 2708 φυλα-

1332 2719 1409 2765 κήν.
1433 2717 1500 2756 Διὰ
1520 2717 1560 2763 δὴ
1581 2722 1680 2756 τοῦτο
1697 2717 1756 2754 καὶ
1775 2720 1877 2767 ἡμεῖς
1895 2716 2035 2753 πάντων
2056 2717 2200 2755 ἐνταῦθα
2219 2717 2355 2755 συνιόν-

1331 2797 1398 2818 των
1420 2783 1466 2823 ὡς
1492 2778 1626 2816 οἰκείων
1650 2779 1764 2829 μελῶν
1788 2776 1999 2827 κηδόμενοι,
2019 2776 2079 2815 καὶ
2098 2777 2160 2823 τὴν
2187 2777 2356 2830 ὑμετέραν

1330 2840 1509 2894 προκοπὴν
1539 2839 1668 2878 οἰκείαν
1690 2839 1912 2889 εὐδοκίμησιν
1945 2837 2137 2888 τιθέμενοι,
2167 2840 2358 2888 ἐπιθυμοῦ-

1331 2918 1392 2953 μεν
1417 2902 1571 2943 ἅπαντας
1588 2899 1737 2943 τελείους
1756 2899 1815 2937 καὶ
1838 2899 2118 2951 ἀπηρτισμένους
2143 2900 2356 2950 ἀποδειχθῆ-

1331 2980 1387 3001 ναι
1416 2965 1462 3005 εἰς
1479 2962 1577 3006 δόξαν
1600 2964 1711 3006 Θεοῦ,
1731 2961 1790 2999 καὶ
1808 2961 1854 3002 εἰς
1885 2960 2106 3011 εὐδοκίμησιν
2125 2963 2187 3006 τῆς
2204 2959 2359 3006 Ἐκκλη-

1332 3025 1428 3071 σίας,
1455 3023 1513 3061 καί
1538 3025 1584 3066 εἰς
1613 3022 1780 3073 καύχημα
1811 3020 1994 3073 ἡμέτερον.
2024 3021 2094 3059 Καὶ
2127 3023 2156 3059 εἰ
2187 3020 2235 3071 μὴ
2269 3021 2358 3058 δοκῶ

1332 3087 1570 3139 παρενοχλεῖν,
1592 3083 1670 3136 φέρε
1690 3085 1732 3120 δι’
1749 3082 1875 3132 ὀλίγων
1894 3082 1954 3120 καὶ
1974 3084 2041 3120 τῶν
2061 3081 2141 3134 χθὲς
2156 3085 2241 3132 ἡμῖν
2261 3083 2359 3132 εἰρη-

1397 3205 1411 3228 l·
1429 3205 1507 3245 Πομ.
1526 3215 1607 3235 unus
1626 3208 1690 3238 0522:
1707 3211 1769 3247 εἰκῇ
1792 3212 1849 3238 νῦν.

1395 3266 1407 3279 c
1427 3256 1540 3287 Mon-l.
1560 3262 1589 3289 ἐκ.
1608 3264 1659 3290 τοῦ
1675 3264 1719 3300 μὴ
1736 3267 1883 3302 παρεῖναι.
1897 3258 1996 3291 suxit.
2013 3265 2046 3291 ct
2064 3258 2159 3291 multi
2177 3260 2252 3293 Mss.
2265 3265 2294 3294 ἐι
2309 3269 2360 3299 τῆς

1352 3313 1503 3345 ἀπουσίας.
1521 3308 1614 3340 Unus
1631 3314 1660 3342 ἐκ
1675 3317 1728 3347 τῆς
1744 3315 1915 3355 παρουσίας.
