2516 3791
109 1161 140 1180 2.
159 1151 228 1180 Cor.
247 1159 294 1179 Η.

110 1194 264 1230 23.--27.

176 1792 299 1828 Compa-

114 1839 194 1860 ratur
235 1842 300 1859 cum

112 1874 202 1902 Jacob
225 1874 285 1901 Pau
292 1889 302 1894 -

114 1916 169 1943 lus.

119 2190 217 2216 Marc.
239 2197 282 2216 ¹2.

119 2231 170 2259 3ο.

132 3045 244 3074 fllrallli.
267 3052 316 3070 22.

131 3088 182 3125 ᾧ).

136 3154 234 3180 ,ΠΜ-Γ.
258 3160 302 3178 12.

134 3194 184 3222 30.
217 3193 265 3220 31.

304 184 398 232 618
724 202 762 231 S.

799 201 987 231 JOAxNle
1027 197 1271 229 CHRYSOST.
1310 197 1528 226 ARCHIEP.
1567 196 1937 228 CONSTANTINOP-

303 295 337 324 et
348 285 532 338 pericula?
547 299 633 322 num
648 284 814 336 gladius?
827 285 879 322 Ne
893 297 986 320 mors
1001 280 1144 332 quidem
1158 279 1250 331 ipsa,
1276 280 1299 311 C
1323 278 1530 331 θάμήχανον
1559 279 1629 331 γὰρ
1654 279 1714 317 καὶ
1740 280 1856 318 πάντα
1883 280 2062 319 ἀδύνατον.
2083 281 2207 325 Οὐδεὶς
2231 281 2348 334 ἕτερος

305 346 334 384 si
349 346 543 398 infligatur,
555 345 624 383 hoe
639 345 767 397 poterit
778 344 917 382 efficere
931 341 985 378 :id
998 340 1092 378 enim
1106 352 1252 392 prorsus

304 407 526 460 impossibile
542 416 604 445 est.
619 405 749 444 Nullus
765 405 855 442 alius
872 402 922 440 sic
943 401 1110 452 dignatus
1130 409 1181 438 est
1196 400 1252 437 di-

304 468 413 520 ligere
425 467 634 513 Dominum,
649 473 684 500 ut
702 464 802 501 beata
816 461 878 499 illa
889 461 1018 499 anima.
1035 460 1146 507 Quasi
1159 460 1254 499 enim

303 529 474 567 liberatus
494 543 512 565 a
530 540 688 578 corpore,
709 533 742 562 et
757 522 921 562 sublimis
940 523 1065 572 sactus,
1080 532 1120 560 ut
1136 521 1186 560 sic
1199 522 1255 560 di-

306 604 394 635 cam,
414 601 525 638 neque
538 601 642 638 super
658 595 787 623 terram
800 583 984 621 ambulare
999 597 1035 621 se
1049 592 1189 636 putans,
1206 583 1255 621 ita

304 648 472 700 loquitur.
486 649 596 684 Amor
611 645 754 684 enimin
770 646 886 683 Deum
904 653 937 682 et
952 658 1115 683 succensa
1128 644 1255 682 caritas

305 718 457 747 mentem
477 708 552 760 ejus
572 721 592 744 a
615 706 843 745 sensibilibus
858 705 902 744 ad
925 705 1125 758 spiritualia
1141 715 1255 743 trans-

306 769 405 817 tulit,
423 777 457 806 et
476 782 494 805 a
510 767 745 820 praesentibus
772 767 817 805 ad
835 767 954 805 futura
966 797 975 812 ,
996 775 1029 804 et
1057 781 1076 804 a
1095 766 1253 805 visibili-

305 831 371 868 bus
390 828 435 868 ad
454 843 524 868 non
542 830 715 869 visibilia.
736 829 839 867 Talis
857 829 952 867 enim
968 843 1022 866 res
1041 837 1093 867 est
1113 828 1203 866 fides
1223 838 1256 866 et

306 893 434 930 caritas
452 891 488 929 in
502 893 632 930 Deum.
649 891 697 929 Et
717 899 755 928 ut
771 890 888 928 discas
899 904 1072 942 magnum
1086 890 1162 942 ejus
1179 904 1257 928 cors

306 953 364 992 dis
383 953 563 1001 affectum,
583 952 665 990 vide
688 967 769 990 eum
791 951 853 1002 qui
882 951 933 989 sic
952 950 1149 989 Dominum
1167 950 1257 988 dile-

307 1015 375 1066 xit,
396 1024 430 1053 et
451 1015 488 1052 in
506 1015 582 1067 ejus
610 1014 791 1051 caritatem
812 1013 961 1062 exarsit,
982 1012 1118 1064 fugari,
1139 1026 1258 1064 perse-

307 1076 513 1128 quutionem
550 1076 623 1128 pati
637 1105 647 1124 ,
683 1075 856 1126 flagellari
869 1104 880 1124 ‚
913 1074 1098 1112 innumera
1135 1073 1260 1125 gravia

308 1139 410 1188 ferre,
425 1147 459 1176 et
477 1137 594 1175 dicere
613 1153 620 1173 ε
637 1138 687 1174 In
708 1137 904 1174 laboribus
920 1136 1199 1183 abundantius,
1220 1136 1261 1173 in

307 1201 435 1253 plagis
451 1213 566 1251 supra
575 1199 742 1245 modum,
752 1201 793 1235 in
805 1200 989 1235 mortibus
998 1199 1234 1250 frequenter
1247 1212 1258 1233 :

311 1276 336 1300 a
352 1262 502 1300 Judoeis
522 1262 728 1313 quinquies
746 1260 1019 1311 quadragenas
1036 1273 1116 1296 una
1133 1260 1260 1296 minus

311 1325 442 1374 accepi
455 1338 465 1357 .·
483 1331 540 1359 ter
560 1323 681 1374 virgis
700 1334 818 1359 eoesus
849 1333 948 1370 sum,
971 1319 1090 1358 semel
1109 1319 1261 1371 lapida-

312 1393 372 1422 tus
391 1399 488 1431 sum,
507 1393 564 1422 ter
586 1383 946 1436 naufragizcmseci,
969 1390 1077 1419 nocte
1091 1390 1128 1419 et
1143 1383 1206 1419 die
1221 1384 1262 1418 in

309 1446 504 1499 profundo
524 1447 642 1482 maris
650 1490 656 1496 ⁴
659 1445 735 1496 sui,
757 1446 797 1481 in
816 1445 1016 1481 itineribus
1033 1457 1146 1495 soepe,
1161 1444 1262 1494 peri-

312 1507 410 1544 culis
410 1506 640 1559 fluminum,
656 1506 837 1556 periculis
853 1505 1063 1551 latronum,
1080 1504 1262 1556 perieulis

311 1567 486 1619 infalsis
497 1568 710 1618 fratribus,
741 1568 784 1602 in
804 1566 936 1602 labore
952 1573 989 1602 et
1012 1578 1186 1602 aerumna
1202 1579 1213 1600 .·
1230 1573 1263 1601 et

311 1627 396 1665 talia
427 1627 576 1679 patienS,
607 1625 785 1677 gaudebat
811 1634 844 1663 et
877 1625 1090 1663 exsultabat.
1121 1624 1263 1662 Sciebat
1302 1625 1310 1634 '

311 1688 418 1738 enim,
437 1697 471 1725 ct
485 1687 703 1739 argumentis
731 1686 854 1724 multis
884 1696 1000 1724 certus
1017 1694 1106 1735 erat,
1124 1685 1264 1724 labores

313 1759 499 1803 praesentes
526 1749 683 1786 maxima
712 1747 781 1786 sibi
816 1747 963 1800 praemia
995 1746 1198 1797 conciliare7
1232 1754 1266 1784 et

312 1810 472 1864 pericula
497 1824 642 1848 coronas
660 1823 795 1862 parere.
820 1810 912 1847 Nam
933 1808 963 1846 si
990 1809 1102 1848 Jacob
1121 1817 1267 1861 propter

314 1886 470 1910 amorem
484 1872 522 1910 in
538 1871 729 1910 Rachelem
742 1870 843 1922 quasi
857 1870 1027 1923 pauculos
1038 1870 1115 1908 dies
1131 1879 1267 1922 septen-

314 1933 415 1972 nium
444 1934 607 1986 putabat,
627 1933 742 1971 multo
768 1931 882 1984 magis
909 1931 1034 1969 beatus
1062 1931 1124 1969 ille
1148 1930 1267 1969 omnia

314 1995 419 2032 nihili
434 1994 595 2044 faciebat,
612 2008 800 2032 succensus
817 1992 924 2031 semel
939 2006 1058 2030 amore
1077 1992 1113 2030 in
1133 1993 1265 2041 Deum,

315 2064 349 2094 et
363 2065 508 2108 propter
521 2055 705 2093 Christum
720 2053 892 2092 dilectum
911 2053 1029 2091 omnia
1043 2052 1168 2091 ferens.
1183 2053 1267 2091 Stu-

317 2117 464 2156 deamus
479 2117 603 2169 igitur,
617 2117 774 2165 obsecro,
788 2126 820 2154 et
832 2131 895 2154 nos
910 2115 1059 2167 diligere
1071 2115 1266 2154 Christum.

305 2178 420 2216 ‚Nihil
437 2178 532 2216 enim
553 2177 665 2225 aliud,
682 2177 810 2227 inquit,
827 2177 990 2214 Christus
1010 2176 1159 2227 requirit
1179 2190 1196 2213 a
1220 2185 1266 2223 te,

319 2253 428 2290 quam
455 2247 494 2276 ut
512 2238 631 2290 ipsum
658 2237 789 2288 diligas
814 2251 858 2274 ex
879 2246 950 2274 toto
970 2236 1089 2287 corde,
1112 2245 1144 2274 et
1162 2235 1270 2273 facias

321 2299 487 2339 mandata
516 2300 602 2351 ejus.
635 2298 707 2346 Qui
734 2298 827 2335 enim
857 2297 978 2349 diligit
1011 2299 1103 2335 sieut
1133 2305 1271 2349 oportet

321 2363 451 2410 Deum,
477 2361 703 2398 manifestum
725 2359 821 2410 quod
847 2368 881 2397 et
907 2358 1073 2396 mandata
1103 2359 1178 2410 ejus
1197 2357 1270 2395 iln-

321 2420 416 2472 plere
441 2419 588 2457 nitatur.
615 2417 768 2467 Quando
788 2417 882 2455 enim
902 2419 982 2468 quis
1003 2431 1084 2468 erga
1114 2416 1271 2467 aliquem

320 2481 472 2518 fraterne
492 2479 660 2529 afficitur,
687 2478 805 2517 omnia
836 2479 950 2516 faeere
974 2477 1104 2526 studet,
1123 2487 1162 2515 ut
1183 2477 1272 2515 dile-

321 2550 419 2579 ctum
439 2541 614 2579 attrahere
630 2539 741 2593 possit
764 2540 800 2578 iu
824 2554 982 2577 amorem
999 2554 1117 2577 suum.
1143 2539 1189 2577 Et
1209 2553 1272 2577 nos

322 2616 462 2653 quoque
486 2602 516 2640 si
533 2601 731 2640 Dominum
749 2600 884 2639 sincere
904 2600 1153 2648 dilexerimus,
1174 2614 1273 2637 man-

322 2662 405 2699 data
423 2662 500 2714 ejus
519 2661 679 2713 implere,
698 2660 858 2711 nihilque
877 2674 1012 2708 eorum,
1034 2673 1112 2711 quae
1131 2673 1273 2697 exacer-

322 2723 407 2760 bare
424 2731 587 2774 poterunt
607 2721 792 2770 dilectum,
813 2721 924 2759 facere
940 2721 1174 2759 studebimus.
1199 2721 1274 2759 Hoc

325 2783 431 2820 suerit
450 2797 598 2834 regnum
627 2783 807 2832 caelorum,
829 2782 896 2820 hoc
924 2782 1101 2820 bonorum
1128 2782 1250 2821 fruitio
1260 2799 1271 2834 3

326 2842 393 2880 hoc
412 2843 550 2880 infinita
567 2843 660 2881 bona
688 2843 862 2892 continet,
889 2843 919 2881 si
939 2857 1104 2895 germane
1124 2853 1156 2881 et
1185 2844 1276 2882 sicut

327 2913 464 2956 oportet
483 2918 564 2941 eum
581 2903 752 2942 dilexeris
768 2919 775 2940 :
797 2903 901 2941 illum
928 2913 1046 2942 autem
1066 2904 1201 2942 sincere
1219 2904 1276 2942 di-

328 2964 486 3016 ligimus,
513 2964 540 3001 si
566 2974 711 3017 propter
742 2965 921 3002 caritatem
955 2965 989 3002 iu
1015 2979 1111 3015 eum,
1134 2975 1167 3003 et
1193 2979 1274 3015 erga

332 3039 517 3063 conservos
542 3025 690 3062 inultam
714 3025 946 3063 exhibeamus
966 3025 1204 3064 dilectionem.
1226 3030 1275 3063 In

333 3088 392 3124 his
412 3089 512 3123 enim
542 3087 685 3124 duobus
713 3088 924 3133 mandalis,
948 3087 1075 3138 inquit,
1097 3091 1279 3126 universa

335 3148 397 3185 lex
429 3156 465 3184 et
493 3149 685 3198 proplzeloe
715 3149 910 3198 pendent:
930 3162 1054 3200 nempe
1082 3157 1120 3185 ut
1149 3148 1279 3200 diligas

336 3208 528 3247 Dominum
547 3210 661 3246 Deum
697 3218 797 3245 tuum
814 3223 858 3246 ex
877 3218 948 3247 toto
967 3209 1072 3247 corde
1090 3219 1162 3260 tuo,
1187 3219 1219 3249 et
1238 3225 1283 3248 ex

380 3316 395 3339 h
421 3313 540 3356 [Coisl.
560 3321 725 3357 ἀμήχανον,
744 3313 980 3360 omissis-70¹7...
995 3317 1172 3358 §.Eia-arom]

1324 341 1430 384 οὕτως
1452 343 1634 392 ἀγαπῆσαι
1653 340 1850 389 κατηξιώθη
1865 343 1922 381 τὸν
1948 343 2128 390 Δεσπότην
2141 373 2152 391 ,
2172 345 2218 386 ὣς
2232 346 2254 389 ἡ
2278 359 2348 393 μα-

1325 401 1432 453 καρία
1460 401 1547 449 αὕτη
1570 402 1677 454 ψυχή.
1695 403 1862 456 Καθάπερ
1880 403 1948 457 γὰρ
1970 404 2185 456 ἀπαλλαγεὶς
2205 407 2264 442 τοῦ
2281 402 2350 441 σώ-

1328 479 1453 513 ματος,
1475 462 1535 501 καὶ
1561 462 1763 516 μετάρσιος,
1788 466 1833 508 ὥς
1853 467 1973 512 εἰπεῖν,
1997 464 2165 516 γεγονὼς,
2189 464 2249 503 καὶ
2273 463 2350 502 οὐδὲ

1326 524 1382 562 ἐπὶ
1400 528 1462 572 τῆς
1485 528 1548 577 γῆς
1566 524 1714 576 βαδίζειν
1736 525 1884 576 νομίζων
1896 555 1905 572 ,
1927 525 2035 569 οὕτως
2050 525 2188 565 ἅπαντα
2207 525 2351 579 φθέγγε-

1325 601 1395 624 ται.
1421 585 1465 624 εΟ
1484 585 1552 638 γὰρ
1573 585 1653 637 περὶ
1669 585 1726 624 τὸν
1750 587 1840 625 Θεὸν
1861 586 1983 634 πόθος,
2003 587 2062 624 καὶ
2074 603 2096 633 r,
2115 585 2350 638 πεπυρωμένη

1326 646 1446 698 ἀγάπη
1478 646 1686 697 μετέστησεν
1714 649 1817 685 αὐτοῦ
1838 646 1895 684 τὸν
1924 647 2090 699 λογισμὸν
2120 648 2190 686 ἀπὸ
2209 652 2278 686 τῶν
2300 651 2353 686 αἷ-

1326 711 1461 754 σθητῶν
1487 707 1544 746 ἐπὶ
1562 707 1606 746 τὰ
1624 707 1750 755 νοητὰ,
1773 707 1832 746 καὶ
1853 707 1921 746 ἀπὸ
1943 710 2009 745 τῶν
2029 708 2210 762 παρόντων
2227 709 2284 747 ἐπὶ
2309 709 2354 747 τὰ

1328 768 1518 819 μέλλοντα,
1540 769 1599 806 καὶ
1619 769 1688 807 ἀπὸ
1708 771 1776 807 τῶν
1805 768 2028 820 βλεπομένων
2051 769 2107 807 ἐπὶ
2129 769 2173 807 τὰ
2197 769 2244 821 μὴ
2266 769 2353 823 ὃρώ-

1329 846 1428 881 μενα.
1450 832 1616 869 Τοιοῦτον
1638 830 1704 884 γὰρ
1732 835 1753 878 ἡ
1784 830 1922 877 πίστις,
1952 831 2011 868 καὶ
2035 834 2056 877 ἡ
2077 831 2158 884 περὶ
2182 832 2240 870 τὸν
2262 831 2352 870 Θεὸν

1328 891 1459 944 ἀγάπη.
1478 892 1548 930 Καὶ
1573 891 1628 929 ἵνα
1646 892 1758 944 μάθῃς
1778 896 1882 930 αὐτοῦ
1903 891 1965 939 τὴν
1988 892 2120 939 πολλὴν
2139 892 2355 944 εὐγνωμοσύ-

1327 968 1408 1000 νην,
1429 952 1493 1005 ὅρα
1510 953 1568 990 τὸν
1591 951 1699 996 οὕτως
1715 956 1907 1005 ἀγαπῶντα
1928 953 1985 991 τὸν
2005 953 2204 1001 Δεσπότην,
2221 954 2280 992 καὶ
2295 956 2354 992 ἐκ·

1329 1012 1512 1064 καιόμενον
1543 1016 1589 1069 εἷς
1624 1015 1681 1053 τὸν
1716 1015 1796 1067 περὶ
1825 1015 1926 1053 αὐτὸν
1954 1015 2079 1062 πόθον,
2114 1015 2355 1065 ἐλαυνόμενον,

1331 1073 1557 1125 διωκόμενον,
1580 1075 1849 1126 μαστιζόμενον,
1875 1076 1983 1128 μυρία
2003 1075 2098 1114 δεινὰ
2125 1076 2356 1127 ὑπομένοντα,

1331 1135 1390 1173 καὶ
1423 1135 1580 1188 λέγοντά
1613 1136 1675 1174 Ἔν
1698 1135 1817 1180 κόποις
1844 1137 2118 1189 περισσοτέρως,
2139 1139 2173 1175 ἐν
2205 1139 2357 1188 πληγαῖς

1331 1196 1637 1250 ὑπερὸαλλόντως,
1654 1199 1687 1235 ἓν
1706 1198 1865 1241 θανάτοις
1882 1197 2052 1242 πολλάκις
2067 1214 2073 1220 ’
2094 1198 2161 1236 ὑπὸ
2179 1197 2356 1236 Ἰουδαίων

1331 1255 1495 1300 πεντάκις
1511 1256 1772 1309 τεσσαράκοντα
1790 1255 1888 1308 παρὰ
1906 1256 1988 1307 μίαν
2006 1257 2129 1295 ἔλαὸον
2141 1272 2149 1280 ·
2165 1257 2238 1309 τρὶς
2257 1259 2358 1310 ἐῤῥα-

1333 1315 1494 1364 ὅδίσθην·
1518 1316 1610 1361 ἅπαξ
1633 1318 1839 1365 ἐλιθάσθην·
1867 1317 2085 1371 νυχθήμερον
2117 1321 2150 1357 ἐν
2180 1321 2229 1371 τῷ
2265 1320 2358 1370 βυθῷ

1332 1377 1529 1426 πεποίηκα,
1548 1378 1759 1432 ὁδοιπορίαις
1785 1379 1973 1427 πολλάκις,
1992 1379 2161 1424 κινδύνοις
2177 1383 2358 1431 ποταμῶν,

1333 1439 1502 1483 κινδύνοις
1523 1443 1556 1479 ἐν
1577 1441 1844 1493 ψευδαδέλφοις,
1869 1443 1902 1479 ἓν
1923 1441 2020 1493 κόπῳ
2044 1441 2103 1479 καὶ
2125 1441 2246 1494 μόχθῳ
2263 1457 2270 1464 ·
2300 1441 2360 1479 καὶ

1333 1505 1484 1539 τοσαῦτα
1509 1501 1656 1554 πάσχων
1685 1502 1803 1555 ἔχαιρε
1833 1503 1893 1539 καὶ
1921 1504 2126 1553 ἠγαλλιᾶτο.
2155 1501 2258 1558 ’ᾘδει
2291 1502 2360 1556 γὰρ

1334 1562 1393 1599 καὶ
1416 1561 1742 1615 ἐπεπληροφόρητο,
1761 1563 1814 1600 ὅτι
1835 1566 1866 1601 οἱ
1887 1562 1973 1615 πρὸς
1987 1562 2027 1600 τὸ
2045 1564 2157 1614 παρὸν
2174 1564 2272 1603 πόνοι
2292 1567 2360 1602 τῶν

1336 1622 1507 1675 μεγίστων
1538 1625 1631 1677 αὐτῷ
1663 1623 1834 1676 βραδείων
1867 1624 2022 1676 πρόξενοι
2052 1624 2224 1675 γίνονται,
2248 1626 2308 1664 καὶ
2331 1629 2362 1664 οἱ

1335 1684 1485 1723 κίνδυνοι
1503 1685 1690 1735 στεφάνους
1708 1687 1852 1723 ἔτικτον.
1870 1687 1916 1723 Εἰ
1935 1685 2002 1738 γὰρ
2022 1688 2040 1724 ὀ
2067 1685 2199 1723 'Imm
2228 1686 2285 1725 διὰ
2305 1687 2362 1724 τὸν

1335 1746 1416 1800 περὶ
1437 1746 1499 1793 τὴν
1520 1745 1662 1798 Ῥαχὴλ
1686 1746 1790 1785 πόθον
1818 1749 1864 1790 ὥς
1885 1745 2021 1798 ἡμέρας
2043 1747 2162 1798 ὀλίγας
2186 1751 2255 1786 τῶν
2275 1747 2365 1786 ἑπτὰ

1337 1810 1422 1846 ἐτῶν
1442 1807 1500 1846 τὸν
1520 1807 1665 1861 ἀριθμὸν
1686 1808 1842 1859 ἐνόμιζε,
1865 1809 1984 1861 πολλῷ
2004 1810 2134 1859 μᾶλλον
2150 1811 2168 1846 ὃ
2196 1809 2367 1862 μακάριος

1338 1864 1434 1912 οῧτος
1450 1868 1545 1908 οὐδὲν
1565 1869 1705 1907 ἅπαντα
1737 1873 1873 1920 ἡγεῖτο,
1902 1868 2073 1920 πυρωθεὶς
2103 1869 2194 1914 ἅπαξ
2218 1873 2268 1922 τῷ
2286 1869 2366 1923 περὶ

1338 1930 1395 1968 τὸν
1423 1930 1513 1969 Θεὸν
1541 1929 1656 1982 πόθῳ,
1689 1929 1749 1968 καὶ
1777 1929 1833 1968 διὰ
1864 1930 1922 1968 τὸν
1951 1929 2181 1982 ἀγαπώμενον
2216 1931 2366 1982 Χριστὸν

1340 1990 1478 2030 ἅπαντα
1498 1991 1692 2042 ὑπομένων.
1717 1990 1977 2041 Σπουδάσωμεν
1999 1991 2112 2030 τοίνυν
2126 2021 2136 2039 ,
2156 1993 2366 2044 παρακαλῶ,

1339 2052 1398 2090 καὶ
1421 2055 1522 2103 ἡμεῖς
1542 2054 1724 2103 ἀγαπῆσαι
1750 2051 1807 2089 τὸν
1835 2052 2000 2104 Χριστόν.
2021 2052 2133 2091 Οὐδὲν
2153 2052 2221 2105 γὰρ
2240 2051 2369 2104 ἕτερον,

1283 2147 1329 2171 535
1342 2113 1444 2166 φησὶν
1457 2142 1466 2160 ,
1483 2116 1500 2151 ὃ
1523 2113 1672 2165 Χριστὸς
1692 2115 1787 2160 ζητεῖ
1804 2113 1901 2166 παρὰ
1923 2117 2000 2161 σοῦ,
2017 2113 2039 2159 ἢ
2055 2114 2094 2152 τὸ
2110 2116 2249 2166 ἀγαπᾷν
2267 2114 2369 2152 αὐτὸν

1295 2184 1321 2212 Α
1342 2175 1376 2218 ἐξ
1396 2174 1478 2221 ὅλης
1500 2178 1563 2220 τῆς
1589 2174 1752 2227 καρδίας,
1772 2173 1831 2211 καὶ
1851 2180 1960 2212 ποιεῖν
1994 2174 2056 2218 τὰς
2083 2175 2223 2218 ἐντολὰς
2255 2177 2369 2213 αὐτοῦ.

1341 2235 1386 2274 ‘O
1406 2236 1473 2288 γὰρ
1504 2238 1648 2286 ἀγαπῶν
1675 2235 1776 2273 αὐτὸν
1805 2237 1882 2272 καθ’
1912 2235 1967 2276 ὃνῖ
1978 2237 2027 2273 δεῖ

2056 2235 2184 2287 τρόπον
2217 2239 2370 2289 ἀγαπᾷν,

1340 2297 1497 2344 δηλονότι
1532 2297 1590 2335 καὶ
1626 2296 1688 2340 τὰς
1720 2299 1823 2335 αὐτοῦ
1861 2298 2038 2350 ἐπείγεται
2072 2298 2214 2343 ἐντολὰς
2247 2305 2370 2337 ποιεῖν.

1341 2357 1452 2397 εΌταν
1470 2358 1537 2410 γάρ
1563 2374 1615 2402 τις
1634 2358 1714 2409 περί
1732 2375 1810 2396 τινα
1835 2359 2021 2412 γνησίωςξ1
2031 2359 2226 2408 διάκειται,
2255 2360 2372 2399 πάντα

1340 2420 1505 2472 πράττειν
1533 2420 1735 2467 σπουδάζει,
1761 2419 1784 2457 ἃ
1807 2421 1864 2458 τὸν
1900 2420 2130 2472 ἀγαπώμενον
2151 2421 2372 2474 ζέφέλκεσθαι

1341 2480 1484 2519 δύναται
1509 2483 1556 2524 εἷς
1584 2481 1642 2519 τὸν
1665 2481 1744 2533 περὶ
1764 2482 1866 2520 αὐτὸν
1888 2481 2005 2520 πόθον.
2036 2483 2104 2521 Καὶ
2123 2486 2225 2533 ἡμεῖς
2246 2483 2372 2531 τοίνυν,

1341 2541 1398 2579 ἐὰν
1416 2541 1654 2593 ἀγαπήσωμεν
1670 2541 1820 2593 γνησίως
1835 2543 1892 2580 τὸν
1912 2543 2107 2591 Δεσπότην,
2123 2544 2182 2582 καὶ
2200 2544 2262 2588 τὰς
2279 2547 2372 2583 ἐντο-

1341 2602 1404 2646 λὰς
1421 2605 1523 2640 αὐτοῦ
1542 2604 1728 2656 πληρῶσαι
1756 2603 1984 2654 δυνησόμεθα,
2000 2605 2059 2642 καὶ
2076 2605 2183 2656 μηδὲν
2205 2605 2371 2658 πράττειν

1343 2662 1480 2701 ἐκείνων
1516 2667 1584 2702 τῶν
1619 2665 1808 2717 παροξῦναι
1847 2664 2048 2715 δυναμένων
2080 2665 2137 2703 τὸν
2180 2665 2372 2718 ἀγαπώμε-

1343 2739 1411 2762 νον.
1443 2726 1556 2762 Τοῦτο
1577 2729 1599 2771 ἦ
1629 2726 1789 2777 βασιλεία
1815 2729 1882 2764 τῶν
1913 2729 2087 2779 οὐρανῶν,
2113 2730 2216 2765 τοῧτο
2240 2730 2262 2773 ἡ
2289 2726 2374 2765 ἀπό-

1344 2786 1464 2828 λαυσις
1481 2789 1548 2823 τῶν
1568 2788 1727 2838 ἀγαθῶν,
1746 2791 1846 2824 τοῦτο
1865 2786 1908 2825 τὰ
1930 2787 2036 2841 μυρία
2056 2787 2183 2839 ἀγαθὰ,
2205 2789 2244 2826 τὸ
2263 2804 2374 2826 κατα-

1347 2845 1508 2892 ξιωθῆναι
1529 2846 1679 2897 γνησίως
1698 2846 1757 2884 καὶ
1772 2849 1850 2885 καθ’
1867 2846 1902 2885 ὃν
1923 2848 1992 2901 χρὴ
2011 2847 2051 2894 δὴ
2070 2848 2194 2900 τρόπον
2215 2851 2372 2901 ἀγαπᾷν·

1349 2907 1574 2958 ἀγαπήσομεν
1595 2907 1631 2946 δὲ
1646 2908 1746 2946 αὐτὸν
1763 2908 1924 2960 γνησίως,
1946 2909 2004 2947 ἐὰν
2024 2909 2080 2947 διὰ
2096 2909 2159 2956 τὴν
2177 2910 2257 2962 περὶ
2273 2910 2374 2948 αὐτὸν

1349 2967 1500 3019 ἀγάπην,
1523 2968 1582 3006 καὶ
1603 2968 1683 3020 περὶ
1702 2968 1777 3012 τοὺς
1800 2969 2005 3020 ὁμοδούλους
2033 2969 2164 3017 πολλὴν
2193 2970 2375 3014 ἐπιδειξώ-

1351 3031 1436 3078 μεθα
1452 3028 1514 3075 τὴν
1535 3030 1688 3081 ἀγάπην.
1707 3029 1767 3068 Ἐν
1786 3030 1928 3075 ταύταις
1950 3031 2036 3083 γὰρ,
2058 3030 2160 3083 φησὶ,
2180 3037 2255 3075 ταῖς
2280 3032 2375 3070 δυσὶν

1350 3092 1501 3133 ἐντολαῖς
1528 3090 1604 3134 ὅλος
1636 3094 1652 3128 ὁ
1685 3091 1787 3142 νόμος
1819 3092 1877 3130 καὶ
1903 3096 1934 3131 οἱ
1959 3095 2134 3145 προφῆται
2165 3093 2374 3145 κρέμανται,

1353 3150 1414 3187 ’”ε’ν
1438 3154 1485 3203 τῷ
1515 3153 1696 3203 ἀγαπῆσαι
1725 3152 1851 3205 Κύριον
1884 3154 1939 3192 τὸν
1968 3153 2057 3191 Θεόν
2079 3169 2138 3191 σου
2159 3153 2192 3197 ἐξ
2213 3153 2295 3201 ὅλης
2314 3157 2376 3200 τῆς

1352 3211 1495 3264 καρδίας
1511 3228 1588 3260 σου,
1605 3213 1663 3250 καὶ
1682 3212 1714 3257 ἐξ
1735 3213 1817 3261 ὅλης
1842 3217 1904 3260 τῆς
1926 3213 2042 3266 ἰσχύος
2070 3230 2129 3253 σου
2145 3245 2154 3261 ,
2171 3215 2230 3253 καὶ
2250 3215 2283 3260 ἐξ
2298 3215 2380 3262 ὅλης

1418 3317 1433 3340 b
1456 3318 1463 3356 [
1481 3316 1580 3348 Coisl.
1600 3323 1629 3350 ἐν
1645 3326 1686 3360 τῷ
1714 3324 1894 3360 ἀγαπήσεις,
1919 3331 1989 3362 qum
2019 3319 2062 3352 ad
2082 3319 2210 3352 literam
2227 3331 2244 3352 e
2260 3319 2382 3353 Biblio-

380 3381 391 3391 ··
414 3367 539 3409 [Coisl.
554 3366 817 3403 ErussaearznVoluit
830 3368 970 3398 seribere
989 3366 1144 3400 librarius
1156 3367 1338 3412 διακέηται.]
1375 3380 1447 3400 rum
1467 3367 1488 3401 l.
1510 3367 1529 3400 Ι.
1548 3367 1699 3401 desumto
1719 3378 1806 3402 sunt.
1829 3371 1840 3411 ]
