2516 3791
728 198 928 230 SELECTA
963 199 1022 230 Ex

176 284 213 317 P.
235 285 268 317 9.
294 284 330 316 Β.
349 285 381 316 4.
402 287 420 322 ἦ
436 290 476 318 τὰ
491 289 560 320 κατ’
576 285 665 319 αὐτὸν
686 286 841 326 μέλλοντα
856 286 1056 326 συμὸἠσεσθαι
1072 287 1124 317 τὸν

131 340 235 379 καιρόν
249 345 257 364 :
275 345 322 366 sc.
341 341 394 372 τῆς
409 341 604 379 προφητείας.
617 334 648 368 Ι.
662 344 692 366 e.
710 332 782 365 Illo
796 333 868 376 Ipso
883 339 1040 376 tempore,
1057 342 1125 376 quo

128 382 365 427 prophetatur,
379 382 429 415 vel
445 385 559 416 statim
577 392 663 426 post.
684 381 862 419 Adrianus.
881 383 1020 425 Isagoge
1036 382 1069 413 in
1086 381 1120 414 S.

129 432 351 475 scripturam,
370 433 621 476 prophetiarum
638 435 658 467 8
676 443 793 474 genera
810 431 903 474 facit,
923 443 983 475 pro
1002 430 1125 474 triplici

130 485 290 525 temporis
315 482 520 516 discrimine.
538 480 836 525 Quemadmodum
852 483 940 514 enim
956 480 1022 514 tria
1041 489 1125 514 tem-

129 543 213 575 pora
229 541 320 573 sunt,
344 535 561 576 praeteritum,
582 544 736 577 praesens,
758 531 909 565 futurum
927 545 933 563 :
954 533 1001 564 sic
1023 532 1124 564 etiam

131 589 198 615 tres
213 583 415 627 prophetiae,
434 583 475 617 de
502 586 678 627 praeteritis
696 584 873 622 nimirum,
886 580 1102 627 praesentibus
1117 607 1125 620 ,

131 641 165 667 ct
180 632 313 666 futuris.
341 635 388 666 De
405 634 594 677 praeteritis,
611 642 648 666 ut
661 635 762 666 Mosis
778 633 966 676 prophetia,
985 637 1054 678 περὶ
1073 635 1127 665 τοῦ

129 690 242 722 παντὸς
255 690 431 723 συστάσεως.
449 685 548 723 Nam,
565 691 603 717 ut
618 685 727 728 inquit
739 690 858 716 auctor
873 683 1035 727 Synopsis
1049 691 1125 723 pro-

129 733 331 777 phetiarum,
350 739 382 769 οὐ
400 739 434 769 τὸ
454 741 494 769 τὰ
505 738 659 777 μέλλοντα
675 742 884 780 προγινώσκειν
898 740 1000 776 μόνον,
1014 738 1031 772 ἣ
1048 746 1126 779 προ-

131 787 232 827 λέγειν;
260 793 417 831 προφήτην
441 793 518 820 ποιεῖ
534 795 540 801 ·
560 789 642 819 ἀλλὰ
666 790 716 819 καὶ
742 794 800 819 τῶν
824 790 1048 830 προγεγονότων
1073 789 1127 822 την

129 843 232 876 γνῶσιν
251 839 282 868 ἐκ
306 842 382 869 Θεοῦ
398 850 442 873 τις
459 839 568 874 λαθὼν,
587 843 746 881 προφήτης
762 838 895 877 λέγεται.
913 835 959 865 De
985 843 1127 875 pl'aesen·

130 884 231 925 tibus,
249 884 370 932 quibus
392 888 494 918 etiam
513 893 774 918 annumerentur
790 884 890 928 paulo
909 893 985 928 post
1000 884 1124 925 futura,

130 943 167 968 ut
191 935 304 968 Etizaei
327 935 371 968 ad
392 935 540 974 Gelani,
560 939 593 970 4.
612 938 693 980 Rog.
719 938 750 970 5.
777 937 832 969 2⁶.
857 937 906 969 De
926 935 1060 979 futuris,
1088 943 1126 968 ut

129 984 333 1029 reliquorum
352 985 419 1018 fere
435 986 676 1029 prophetarum
693 987 856 1019 omnium.

173 1037 210 1069 P.
232 1038 285 1069 ll).
303 1038 343 1069 D.
370 1038 422 1071 Η.
444 1038 539 1069 Fort.
559 1043 612 1071 τοῦ
629 1041 953 1083 γαλακτοτρορεῖσθαι.
974 1034 1062 1068 lbid.
1084 1036 1123 1068 E.

131 1086 165 1119 2.
184 1085 342 1118 Deleatur
363 1085 600 1120 subdistinctio
627 1094 704 1129 post
721 1090 890 1122 διδάσκαλοι
906 1086 918 1130 [
932 1085 1024 1129 quod
1049 1085 1129 1118 seci-

129 1135 231 1181 mus],
245 1144 279 1168 et
301 1135 383 1169 nihil
402 1138 487 1176 erit,
503 1145 665 1180 quantum
683 1148 744 1180 ego
759 1136 894 1181 quidem
912 1135 1022 1175 video,
1039 1134 1129 1168 diffi-

129 1185 280 1219 cultatis.
297 1187 372 1220 Duo
389 1195 467 1220 sunt
483 1191 652 1223 διδάσκαλοι
669 1200 676 1219 t
696 1187 793 1230 primi
811 1196 845 1221 et
857 1186 1006 1220 secundi.
1025 1187 1128 1219 Primi

130 1238 304 1279 accipiunt
336 1249 455 1280 pueros
483 1250 501 1270 a
529 1237 724 1281 parentibus
749 1251 756 1270 ε
784 1238 922 1272 secundi
953 1250 972 1270 a
999 1239 1125 1281 primis,

130 1285 234 1320 Primi
251 1286 390 1320 tradunt
413 1287 578 1320 elementa
596 1301 602 1319 :
622 1287 763 1321 secundi
778 1287 1008 1321 fundamentis
1030 1289 1128 1331 jactis

129 1347 148 1369 a
165 1335 285 1379 primis
297 1337 498 1380 perfectiora
517 1337 581 1370 alia
601 1337 780 1372 aetlificant.
800 1339 920 1371 Primis
936 1338 1052 1372 similis
1065 1337 1129 1371 fuit

129 1387 236 1420 Moses
253 1403 258 1420 :
277 1387 430 1420 secundis
441 1387 768 1422 JoannesetPaulus.

174 1436 211 1469 P.
230 1437 282 1469 Η.
298 1437 339 1471 C.
359 1438 391 1470 6.
411 1439 506 1470 Inter
519 1444 562 1476 τίς
577 1445 611 1470 et
626 1441 682 1472 εἶδε
696 1437 879 1472 desiderari
889 1437 1021 1472 videtur
1031 1443 1127 1473 τοιοῦ-

132 1493 185 1522 τόν
196 1501 238 1522 τι.

486 1589 680 1623 HOMILIA
703 1589 773 1623 111.

174 1703 212 1736 P.
230 1703 282 1735 44.
302 1703 341 1737 C.
366 1704 398 1735 7.
419 1703 509 1747 Lego
527 1718 535 1737 z
560 1706 631 1738 ἀλλ’
648 1707 769 1744 αὔξεται
784 1708 825 1738 τὰ
839 1710 894 1742 τῆς
908 1706 1062 1751 ἐπιρροῆς,
1079 1709 1129 1738 καὶ

129 1757 264 1789 ἐπιδώσει
280 1760 320 1788 τὰ
337 1759 472 1796 νάματα.

173 1803 210 1836 Ρ.
231 1805 284 1836 45.
304 1805 341 1835 Α.
363 1804 381 1835 5
413 1811 473 1841 τοῖς
485 1805 654 1840 ἀκολούθως
670 1807 835 1848 εἰρημένοις
850 1814 856 1833 2
875 1813 923 1835 sc.
939 1811 981 1847 τῷ
997 1809 1126 1842 Μωϋοεῖ,

129 1854 197 1886 sive
210 1859 296 1900 παρὰ
311 1859 363 1888 τοῦ
381 1857 538 1890 Μωῡςὲως.
558 1853 635 1884 Non
657 1851 800 1884 multum
826 1851 958 1885 diverse
981 1851 1066 1885 infra
1086 1853 1126 1884 E.

134 1904 166 1937 5.
186 1908 218 1938 οὐ
235 1910 432 1950 προσέχοντες
448 1911 486 1948 τῇ
503 1907 664 1945 ἀκολουθία
680 1911 739 1936 τῶν
755 1907 929 1947 εἰρημένων.

172 1953 210 1986 Ρ.
230 1955 283 1987 17.
302 1954 340 1986 C.
369 1956 400 1985 9.
430 1961 490 1991 τοῖς
506 1959 686 1995 ἀγνωμονεῖν
711 1956 915 1996 βουλομένοις.
942 1953 1028 1985 Puto
1051 1964 1127 1985 cum

129 2005 167 2038 A.
190 2004 232 2038 D.
251 2011 296 2046 μὴ
319 2003 432 2036 deesse
455 2010 530 2036 ante
547 2007 750 2048 βουλομένοις,
770 2009 807 2034 ut
831 2013 944 2035 seusus
966 2004 1031 2035 sit:
1051 2004 1129 2035 Per-

127 2061 246 2097 petuas
260 2053 504 2086 vicissitudines
516 2052 645 2086 dierum
658 2065 698 2085 ac
710 2054 860 2086 noctium
876 2054 955 2085 satis
965 2063 1128 2096 superque

133 2101 256 2138 docere
272 2103 363 2146 quod
381 2102 585 2136 credendum
605 2102 650 2135 sit
664 2104 858 2145 Scripturis‚
880 2101 983 2135 modo
1002 2114 1068 2135 non
1085 2103 1129 2135 sit

128 2152 247 2196 aliquis
273 2152 358 2186 adeo
375 2153 570 2196 praefractus
590 2161 624 2185 et
639 2155 808 2196 pervicax,
821 2161 858 2185 ut
873 2152 987 2186 doceri
1003 2162 1037 2186 et
1052 2164 1128 2196 per-

133 2201 268 2236 suaderi
286 2211 428 2236 recuset.
451 2203 634 2247 Ᾱγνωμονεὶν
655 2204 743 2235 enim
760 2202 930 2243 dicuntur,
949 2204 1005 2246 qui
1031 2203 1129 2246 plane

129 2252 296 2296 praefracti
321 2261 419 2294 sunt,
435 2265 496 2286 nec
521 2252 586 2285 ulla
614 2264 648 2285 se
671 2254 802 2286 ratione
821 2254 910 2286 vinci
940 2255 1124 2296 patiuntur,

130 2301 188 2335 sed
205 2304 300 2346 quasi
322 2302 444 2335 clausis
462 2302 567 2335 oculis
590 2303 745 2335 tenebras
762 2303 823 2345 ipsi
839 2302 901 2335 sibi
917 2302 1066 2345 faciunt;
1085 2302 1128 2336 de

128 2351 250 2397 quibus
271 2351 410 2395 pulchre
435 2351 669 2385 Theodoretus
685 2358 754 2398 περὶ
772 2357 913 2398 προνοίας
925 2354 958 2393 6,
981 2352 1043 2385 sub
1064 2353 1128 2384 ini-

129 2403 217 2436 tium
232 2417 239 2435 :
259 2405 341 2436 ἀλλὰ
355 2405 423 2440 τοὺς
439 2409 613 2446 ἀγνώμονας
628 2406 697 2436 οὔτε
720 2407 839 2448 οὐρανοὶ
863 2408 993 2438 πείθουσι
1015 2405 1127 2446 διηγού-

130 2467 213 2495 μενοι
236 2459 290 2490 την
315 2455 402 2491 δοξαν
423 2458 476 2486 τοῦ
499 2459 587 2494 Θεοῦ,
605 2456 673 2486 οὔτε
698 2456 780 2492 ἥλιος
803 2457 1034 2499 ἐκπορευόμενος
1059 2460 1125 2486 etc.

135 2507 342 2546 Βουλομὲνοις,
368 2504 388 2535 i.
426 2514 454 2535 e.
485 2507 742 2549 προαιρουμένοις.
778 2504 916 2547 Regitur
945 2512 1057 2537 autem
1083 2504 1126 2537 ab

135 2560 251 2595 ἱκανόν,
264 2562 300 2585 ιιι
316 2564 383 2585 non
397 2554 440 2585 sit
456 2563 541 2595 opus
552 2551 704 2585 dativum
714 2555 907 2586 accusativo
920 2563 1123 2597 permutare.

134 2613 182 2648 Τῷ
198 2611 378 2647 ἀγνωμονεῖν
401 2608 576 2648 βουλομένῳ
592 2604 774 2647 opponitur
797 2609 812 2639 ὸ
838 2608 1008 2648 εὐγνώμονα
1032 2611 1126 2650 ψυχὴν

135 2658 222 2698 ἔχων,
243 2665 276 2696 p.
296 2655 350 2686 27.
375 2653 414 2686 C.
439 2655 472 2686 7.
501 2651 591 2686 Ibid.
607 2655 659 2686 Η.
685 2660 839 2697 ἐναγαγεῖν
867 2666 878 2686 .·
902 2653 976 2687 snb.
1003 2659 1124 2698 αὐτούς,

131 2702 260 2736 scilicet
274 2706 341 2741 τοὺς
356 2710 399 2745 μη
416 2706 626 2747 βουλομένους.
696 2704 737 2736 D.
752 2705 783 2735 7.
801 2708 875 2746 μίαν
890 2709 1040 2750 ἐμραίνων
1055 2710 1127 2740 ὠνό-

133 2767 241 2796 μασεν.
265 2753 483 2794 Partieipium
515 2758 664 2799 ἐμφαίνων
689 2751 888 2797 negligentia
910 2753 1126 2787 librariorum

135 2801 303 2844 irrepsisse
328 2801 408 2833 mihi
435 2801 613 2835 videturin
637 2802 748 2836 locum
770 2802 971 2837 substantivi
995 2810 1123 2851 ἡμέραν.

134 2851 255 2886 scribo
282 2854 394 2894 ltaque
422 2860 496 2895 μίαν
520 2859 638 2900 ἡμέραν
660 2860 823 2898 ὠνόμασεν.
885 2856 923 2887 Ε.
951 2857 984 2888 4.
1009 2860 1042 2890 οὐ
1067 2861 1126 2901 γὰρ

134 2909 242 2948 ἠπόρει
258 2910 324 2934 etc.
344 2902 432 2933 Hinc
457 2901 578 2946 colligo
592 2903 727 2936 beatum
747 2903 1026 2949 Chrysostomum
1043 2906 1127 2940 adeo

134 2950 310 2996 diligenter
324 2960 491 2984 versatum
510 2952 608 2985 fuisse
632 2955 666 2986 in
683 2953 770 2987 libro
783 2954 961 2997 Sapientiae
973 2984 982 2999 ‚
1001 2963 1039 2988 ut
1057 2957 1127 2999 ipsa

134 3002 237 3034 etiam
261 3000 362 3035 verba
388 3003 457 3045 ejus
477 3002 509 3035 in
540 3011 697 3046 promptu
719 3011 754 3037 et
774 3007 868 3048 quasi
894 3006 926 3039 in
953 3014 1127 3040 numerato

137 3051 286 3085 haberet.
305 3051 363 3085 Sic
381 3054 468 3085 enim
486 3052 624 3097 legimus
640 3053 719 3096 Sap.
736 3055 788 3086 Η.
810 3057 851 3087 44
869 3068 876 3087 ε
897 3061 930 3090 οὔ
945 3063 1004 3102 γὰρ
1022 3063 1127 3100 ἠπόρει

134 3107 153 3140 ἡ
168 3105 393 3145 παντοίὑναμός
411 3117 461 3138 σου
482 3109 563 3149 χεὶρ,
583 3107 632 3137 καὶ
648 3109 775 3137 κτίσασα
788 3109 838 3139 τὸν
855 3113 965 3150 κόσμον
981 3111 1014 3148 ἐξ
1027 3113 1127 3153 αμορ·

133 3165 188 3194 φου
204 3155 284 3190 ὕλης.

178 3201 216 3235 Ρ.
238 3203 292 3233 22.
311 3202 348 3233 Α.
374 3202 405 3233 6.
425 3207 598 3245 ἀνενεγκεῖν.
624 3201 673 3234 De
697 3202 810 3235 activo
833 3201 928 3247 hujus
950 3203 1043 3237 verbi
1068 3216 1126 3237 usu

91 3268 101 3277 ·
135 3256 246 3282 tecum
257 3251 326 3293 jam
349 3250 446 3293 plane
472 3253 590 3284 sentio.
609 3251 814 3294 Scripseram
844 3252 997 3296 quaedam
1020 3256 1054 3287 in
1080 3253 1128 3286 al-

135 3306 241 3332 teram
259 3309 402 3343 partem‚
417 3300 473 3333 sed
490 3300 665 3345 ejusmodi,
682 3309 718 3334 ut
730 3313 844 3334 eorum
855 3311 971 3345 postea
989 3316 1041 3337 me
1052 3315 1127 3347 poe·

136 3350 267 3382 niteret.
303 3351 410 3393 Igitur
433 3350 540 3384 delevi
563 3363 601 3384 ea
617 3378 625 3390 ,
651 3359 687 3383 ut
711 3351 813 3385 vides.
835 3353 923 3386 Nam
948 3365 1037 3387 nunc
1059 3355 1128 3386 scio

136 3398 226 3441 apud
240 3399 520 3445 Chrysostomum
539 3401 641 3434 multa
660 3401 732 3434 loca
749 3413 942 3446 occurrere,
958 3404 992 3437 in
1007 3402 1127 3448 quibus

1059 198 1194 230 NOTiS
1229 198 1418 230 JOANMS
1454 199 1604 230 Botsn.

2095 207 2190 254 909

1192 284 1258 320 hoe
1283 286 1421 320 verbum
1448 286 1510 320 nisi
1536 285 1644 320 active
1672 289 1810 320 omnino
1837 299 1904 322 non
1933 289 2036 332 possit
2067 294 2185 336 accipi.

1194 338 1288 370 Inter
1304 336 1368 370 alia
1379 336 1455 371 vide
1472 337 1555 370 infru
1573 336 1690 370 homil.
1708 340 1764 381 43,
1779 346 1855 382 post
1871 339 2030 373 medium.

1549 476 1742 509 uOMILIA
1767 477 1826 510 IV.

1237 584 1273 617 P.
1301 586 1355 617 23.
1372 585 1408 617 B.
1421 588 1452 619 6.
1466 586 1530 618 Pro
1546 595 1589 630 τῷ
1601 590 1708 622 πλάτει
1722 585 1805 630 quid
1822 588 1846 618 si
1858 595 1899 631 τῷ
1914 586 2184 630 βάθιιΡΕοιῙειῃ-

1195 644 1259 676 que
1292 633 1394 667 modo
1419 634 1491 668 aliis
1518 635 1611 675 locis,
1639 638 1795 668 nimirum
1817 636 1909 669 hom.
1929 640 1967 677 6;
2001 637 2075 671 vide
2103 640 2187 672 infra

1196 682 1287 716 hum.
1308 686 1361 719 45.
1379 685 1445 718 Sed
1464 694 1532 718 tam
1550 695 1709 719 constans
1724 695 1775 719 est
1793 687 1862 720 hoec
1878 687 1995 726 lectio,
2025 688 2188 734 totiesque

1197 736 1355 777 occurrit,
1373 744 1409 768 ut
1426 736 1507 769 nffiil
1535 745 1664 769 mutare
1693 739 1809 770 ausim.
1852 738 1891 769 D.
1925 740 1957 771 7.
1990 747 2054 771 etc.
2089 745 2189 787 ὥσπερ

1197 784 1246 818 οὖν
1271 789 1286 819 ὁ
1302 788 1464 828 ἀδάμαντα
1495 794 1590 822 παίων
1607 796 1673 820 etc.
1694 788 1787 820 Idem
1807 789 1895 821 llom
1927 792 1968 821 42
1987 790 2019 822 in
2037 790 2157 824 Mutth.
2180 805 2184 822 ;

1197 838 1247 867 καὶ
1264 839 1278 868 ὸ
1295 837 1455 879 ἀδάμαντα
1471 843 1565 873 παίων
1582 842 1678 883 ἑαυτῷ
1696 844 1854 884 ἐπηρεάζῃ
1870 864 1879 879 ,
1896 845 1944 874 καὶ
1961 844 1976 874 ὸ
1993 847 2066 885 προ,-
2080 849 2188 887 κέντρα

1198 887 1347 926 λακτίζων
1363 889 1468 921 ἑαυτὸν
1484 893 1644 928 αἱμάττει,
1664 894 1712 922 καὶ
1734 894 1749 923 ὸ
1771 895 1830 934 πῦρ
1847 899 1950 924 πατῶν
1972 893 2076 925 ἑαυτὸν
2092 907 2188 926 κατυ-

1198 940 1285 969 καίει.
1314 935 1491 981 chrysost.
1524 939 1623 972 Hom.
1643 940 1682 970 24
1714 940 1747 971 in
1775 938 1894 971 Mzitth.
1920 945 1991 973 :1:12
2019 948 2076 988 γάρ
2098 947 2113 976 ὁ
2139 948 2189 977 τὸν

1197 988 1359 1028 ἀδάμαντα
1382 994 1540 1030 πλήττων,
1566 993 1654 1028 αὐτός
1680 995 1756 1024 ἐστιν
1773 994 1787 1025 ὸ
1803 993 2010 1031 πληττομενος
2022 1016 2030 1030 ,
2048 998 2096 1026 καὶ
2118 996 2133 1026 ὁ
2149 1000 2189 1026 τὰ

1198 1042 1307 1081 κέντρα
1325 1040 1483 1080 λακτίζων,
1503 1044 1592 1077 αὑτός
1609 1044 1685 1074 ἐστιν
1703 1044 1717 1074 ὀ
1733 1042 1935 1082 κεντούμενος,
1952 1046 1998 1074 καὶ
2014 1047 2053 1074 τοὶ
2067 1046 2190 1085 χαλεπὰ

1198 1087 1354 1129 δεχόμενος
1370 1092 1548 1133 τραύματα.

1243 1147 1264 1177 p
1308 1137 1360 1170 21.
1393 1140 1429 1170 A.
1462 1139 1494 1172 3.
1512 1145 1611 1173 ἄπεισι
1636 1145 1694 1185 γὰρ
1710 1140 1779 1182 μεθ’
1803 1143 1888 1182 ἡμῶν
1907 1151 1913 1170 ;
1934 1138 2075 1172 Abeunt
2103 1142 2189 1172 enim

1198 1186 1384 1229 nobiseum,
1403 1199 1449 1220 sc.
1470 1187 1691 1229 migrantibus
1707 1200 1745 1221 ex
1762 1187 1825 1221 hac
1851 1189 1929 1221 vita.
1949 1188 2002 1221 lb.
2021 1188 2043 1222 l.
2068 1194 2099 1221 4.
2119 1195 2188 1232 ἐκεῖ,

1198 1237 1219 1268 i.
1240 1247 1269 1270 e.
1284 1238 1316 1269 in
1335 1237 1444 1279 patria
1462 1238 1595 1271 caelesti.

1242 1287 1277 1318 P.
1297 1288 1351 1321 25.
1369 1288 1407 1320 C.
1438 1290 1489 1323 10.
1508 1290 1602 1321 Inter
1621 1294 1638 1327 ἡ
1666 1296 1703 1330 γῆ
1728 1296 1761 1320 et
1783 1291 1839 1323 ὑπὸ
1861 1295 1913 1323 τοῦ
1937 1295 2054 1327 σκότους
2079 1288 2191 1323 deesse

1199 1335 1331 1368 videtur
1348 1341 1494 1376 δηλονότι.

1247 1388 1281 1420 Ρ.
1307 1388 1362 1421 26.
1386 1390 1424 1421 C.
1446 1391 1498 1424 40.
1518 1393 1733 1428 πληθυντικῶς,
1751 1387 1802 1419 vel
1830 1387 1940 1430 potius
1956 1391 2067 1427 ῧυικῶς.
2081 1389 2191 1423 Theo-

1198 1436 1335 1470 doretus
1358 1445 1471 1470 tamen
1498 1439 1624 1479 Quaest.
1655 1440 1689 1470 Η
1726 1439 1760 1470 in
1785 1435 1951 1471 Genesin:
1971 1442 2190 1483 πληθυντικῶς,

1198 1486 1326 1531 inquit,
1343 1493 1360 1527 ἡ
1373 1493 1437 1523 θεία
1453 1494 1557 1534 Γραφὴ
1583 1490 1650 1526 τοὺς
1669 1491 1807 1534 οὖρανούς
1826 1493 1966 1531 ὀνομάζει
1990 1492 2114 1532 λέγουσα
2131 1502 2137 1508 ·
2156 1496 2192 1526 ot

1199 1542 1319 1584 οὐρανοὶ
1343 1546 1402 1573 τῶν
1427 1542 1559 1583 οὐρανῶν
1575 1549 1582 1556 ”
1600 1541 1702 1577 ἐπειδὴ
1725 1547 1783 1572 τῶν
1798 1535 1934 1581 ἑθραίων
1951 1543 1968 1576 ἡ
1986 1543 2109 1582 γλῶττα
2124 1545 2193 1576 οὔτε

1199 1594 1250 1622 τὸν
1265 1592 1401 1633 οὐρανὸν,
1418 1593 1484 1623 οὔτε
1501 1595 1536 1623 τὸ
1553 1591 1630 1633 ὕδωρ
1648 1591 1723 1622 οἶδεν
1739 1592 1838 1625 ἑνικῶς
1850 1593 2098 1635 ὁνομάσαι.ῐίῧροι
2115 1593 2141 1624 δ’
2157 1598 2193 1625 οἶν

1199 1653 1241 1677 τις
1253 1643 1379 1673 τοιαῦτα
1392 1643 1492 1674 πολλὰ
1505 1644 1554 1673 καὶ
1564 1644 1650 1682 παρά
1660 1646 1699 1682 τῇ
1713 1635 1825 1672 mirsi&
1840 1646 1931 1682 φωνῇ.
1945 1637 1964 1671 A
1972 1643 2060 1677 θήναν
2071 1646 2193 1685 γάρτην

1198 1693 1284 1724 πόλιν
1297 1692 1387 1728 ουδεὶς
1404 1693 1501 1728 ἑνικῶς
1516 1695 1669 1731 ὀνομάζει,
1690 1692 1759 1722 αλλ’
1771 1688 1884 1727 Αθήνας
1899 1692 2110 1728 πληθυντικῶς,
2122 1697 2190 1724 etc.

1243 1739 1280 1771 P.
1300 1740 1353 1774 28.
1371 1746 1408 1773 A.
1427 1742 1460 1772 4.
1481 1739 1582 1772 Deleo
1599 1744 1648 1773 καί
1663 1747 1741 1771 ante
1758 1742 1951 1784 διαπορήοας.

1242 1789 1279 1823 Ρ.
1300 1789 1354 1823 29.
1374 1790 1412 1821 E.
1432 1791 1463 1821 2.
1483 1794 1532 1823 καὶ
1550 1795 1655 1823 κακίαν
1681 1794 1803 1828 §amm
1817 1795 1869 1823 τοῦ
1886 1792 2014 1833 ἀδελροῦ
2040 1793 2132 1824 αὐτοῦ
2145 1797 2192 1833 μὴ

1198 1845 1416 1882 μνησικακεέτω
1433 1844 1462 1873 ἐν
1479 1848 1542 1877 ταῖς
1560 1842 1694 1886 καρδίαις
1710 1842 1804 1881 ὑμῶν.
1822 1838 1878 1871 Sic
1892 1838 2008 1871 Graeca
2026 1837 2144 1871 Biblia.

1243 1891 1279 1922 P.
1300 1892 1354 1922 31.
1378 1891 1416 1921 Α.
1442 1890 1474 1921 5.
1500 1898 1538 1935 τῇ
1560 1898 1636 1934 τιμῇ·
1659 1893 1808 1928 ἀλλήλους
1830 1891 2066 1934 προηγούμενοι,
2089 1887 2193 1921 verba

1198 1947 1275 1972 sunt
1291 1939 1396 1980 Pauli,
1419 1939 1519 1972 Rom.
1547 1940 1598 1971 ⁴2.
1617 1940 1669 1971 lO.
1688 1938 1742 1972 lh.
1762 1942 1962 1984 ὑπερέχοντας
1988 1942 2102 1973 ἑαυτῶν
2124 1943 2193 1978 τοὺς

1199 1993 1292 2028 πέλας
1307 1995 1456 2032 ἡγεῖσθαι,
1474 1988 1576 2022 verba
1593 1990 1673 2021 item
1697 1997 1775 2021 sunt
1796 1988 1907 2029 Pauli,
1928 1988 2071 2031 Philipp.
2091 1990 2123 2022 2.
2143 1990 2190 2029 3.,

1197 2041 1261 2072 nisi
1283 2039 1375 2083 quod
1397 2039 1517 2072 Paulus
1533 2050 1595 2082 pro
1611 2042 1679 2078 τοὺς
1693 2043 1788 2078 πέλας
1809 2037 1933 2071 habeat
1948 2042 2106 2078 ἀλλήλους.
2122 2039 2190 2072 Re-

1198 2089 1382 2123 mittendus
1398 2098 1447 2123 est
1463 2091 1562 2131 igitur
1578 2087 1684 2121 lector
1694 2088 1739 2121 ad
1750 2089 1860 2121 locum
1876 2096 2065 2131 utrumque.
2080 2089 2191 2121 ’‘Ha-c

1199 2141 1373 2173 lectionem
1390 2139 1514 2175 Savilii
1531 2141 1725 2183 respiciunt.
1812 2141 1850 2172 B.
1871 2141 1902 2173 3.
1922 2143 2027 2174 ἔπειτα
2044 2142 2074 2173 δὲ
2090 2145 2192 2183 ἄγχειν

1197 2197 1248 2226 τὸν
1265 2194 1416 2234 λογισμὸν,
1433 2188 1635 2233 subintelllg·
1659 2192 1864 2233 παιδεύσωμεν
1889 2191 2019 2232 ἑαυτούς,
2038 2196 2075 2222 ut
2091 2200 2189 2233 supra

1197 2243 1334 2277 dicitur.

1559 2331 1749 2364 HOMILIA
1774 2329 1815 2361 V.

1242 2429 1277 2460 P.
1292 2428 1346 2462 32.
1362 2426 1402 2460 C.
1419 2427 1450 2458 5.
1469 2430 1638 2463 ἀνάλωτος;
1654 2426 1676 2457 i.
1693 2435 1724 2458 e.
1739 2430 1944 2470 ἀναφαίρετος.

1242 2472 1277 2505 Ρ.
1296 2472 1350 2504 35.
1369 2473 1411 2504 D.
1433 2472 1464 2503 5.
1483 2467 1669 2502 Delendum
1686 2476 1769 2511 puto
1786 2474 1837 2502 καί
1853 2476 1932 2500 ante
1948 2474 1966 2507 ἡ
1984 2476 2033 2510 γῆ.

1241 2524 1277 2556 Ρ.
1297 2523 1351 2555 39.
1372 2521 1411 2555 C.
1430 2521 1482 2554 40.
1498 2523 1669 2566 φιλοτιμίας
1688 2534 1694 2552 :
1715 2519 1776 2551 i.e.
1792 2526 1893 2561 τιμῆς,
1911 2521 2034 2562 δωρεᾶς,
2049 2520 2143 2559 δόξης.

1552 2647 1743 2681 HOMILIA
1769 2646 1829 2678 vt.

1242 2759 1278 2791 P.
1297 2757 1352 2789 39.
1366 2755 1409 2788 D.
1427 2755 1460 2785 4.
1471 2757 1580 2797 μικρὸν
1592 2754 1769 2787 πνεύσαντος
1784 2753 1837 2783 τοῦ
1848 2750 1996 2783 ὃιαὸόλου.
2014 2747 2069 2780 Sic
2086 2746 2186 2789 paulo

1197 2808 1332 2841 inferius
1352 2814 1428 2848 pag.
1452 2801 1617 2844 sequentis
1635 2800 1676 2835 C.
1699 2797 1758 2831 lin.
1774 2799 1806 2831 8.
1824 2801 1892 2832 οὔτε
1907 2800 2039 2839 ποταμοὶ
2055 2801 2187 2842 προσέρ-

1196 2863 1302 2904 ῥηξαν,
1317 2857 1386 2890 ἀλλ’
1400 2856 1502 2890 ἁπλῶς
1524 2855 1603 2897 αὖρα
1624 2864 1669 2889 τις
1690 2853 1789 2895 μικρὰ
1810 2850 1961 2886 διαὸολικὴ
1988 2851 2123 2888 ἔπνευσε,
2139 2855 2189 2884 καὶ

1196 2914 1311 2944 πάντας
1326 2908 1403 2948 ὑμᾶς
1419 2906 1600 2947 ἀνερρίπιοι.
1776 2945 1782 2951 .

1242 2958 1278 2988 P.
1297 2957 1352 2988 40.
1372 2955 1411 2985 D.
1429 2953 1480 2984 ⁴2.
1500 2949 1580 2982 Mihi
1597 2959 1665 2980 non
1685 2946 1886 2989 displiceret,
1905 2946 1931 2978 si
1948 2953 2023 2988 post
2040 2949 2186 2991 ἐφιέμενοι

1197 3001 1425 3047 interrogandi
1442 3007 1523 3033 nota
1544 3003 1734 3041 poneretur:
1749 2995 1846 3029 Num
1861 2996 1950 3028 enim
1966 2994 2039 3027 ideo
2053 2994 2187 3026 dicendi

1197 3056 1343 3087 laborem
1359 3052 1569 3095 suscipimus,
1587 3056 1623 3080 ut
1632 3059 1730 3079 aures
1748 3053 1873 3078 vestras
1889 3045 2086 3089 simpliciter
2095 3044 2185 3075 oble-

1197 3113 1340 3142 ctemus,
1359 3109 1419 3133 aut
1433 3099 1546 3132 laudis
1561 3097 1655 3141 apud
1669 3107 1731 3129 vos
1754 3096 1866 3128 nescio
1881 3093 1977 3138 cujus
1993 3094 2182 3132 adipiscen-

1196 3156 1251 3188 ἄιε
1267 3150 1457 3186 desiderio?
1473 3147 1739 3192 *Interrogandi
1753 3153 1867 3177 notam
1879 3146 2060 3188 posuimus.

1243 3205 1279 3237 P.
1298 3203 1354 3236 42.
1382 3202 1421 3233 C.
1450 3202 1482 3232 9.
1511 3199 1631 3230 Nescio
1656 3208 1708 3232 anv
1722 3194 1927 3229 desideretur
1955 3190 2080 3233 aliquid
2109 3200 2185 3233 post

1197 3255 1471 3298 διτιμαρτύραοθαι.
1496 3246 1562 3281 Sed
1587 3248 1698 3290 potius
1726 3243 1873 3277 arbitror
1899 3253 1965 3274 non
1988 3239 2182 3274 desiderari.

1198 3306 1283 3337 Nam
1312 3300 1392 3345 quid
1419 3298 1497 3331 velit
1531 3309 1588 3341 per
1609 3298 1890 3341 διαμαρτὺρςωθαι,
1909 3288 2114 3331 significatur
2136 3289 2185 3321 his

1199 3352 1307 3385 verbis
1323 3350 1421 3388 infra,
1438 3350 1478 3381 D.
1497 3351 1527 3381 l.
1545 3352 1724 3390 μαθέτω-ην
1740 3350 1834 3378 τοίνυν
1851 3346 1978 3378 ἅπαντες
1991 3347 2055 3372 etc.

1245 3403 1281 3435 1¹.
1306 3401 1360 3432 45.
1385 3399 1426 3431 D.
1453 3399 1504 3430 Η.
1534 3394 1726 3440 Legeudum
1751 3392 1899 3433 suspicor
1917 3395 1930 3422 ὁ
1958 3394 2004 3422 καὶ
2028 3393 2189 3422 καθολικῶὶ
