2433 3775
92 1022 258 1052 1.C01.1O

88 2612 164 2639 lsai.
180 2610 229 2640 52.
241 2611 272 2641 5.

290 187 350 232 60
689 203 728 234 s.

287 286 348 323 dio
357 285 565 338 inscriptam
576 286 680 325 vobis
693 286 840 326 desidiae
850 288 1026 325 maculam
1033 287 1235 339 abstergite,

287 347 427 386 devicta
458 348 704 400 intempestiva
729 349 787 386 illa
817 357 850 386 ct
874 349 1070 401 perniciosa
1091 362 1236 386 consue-

288 407 433 445 tudine:
449 417 482 447 et
501 409 663 459 cogitate,
684 422 751 446 non
780 409 847 446 hoc
874 409 988 446 solum
1018 422 1126 459 grave
1149 421 1235 454 esse,

288 469 384 520 quod
400 470 460 520 qui
484 469 545 507 illo
566 470 761 516 confluunt,
782 482 952 519 magnum
969 467 1039 505 sibi
1063 467 1236 505 damnum

288 530 477 578 asciscant,
504 530 566 567 sed
588 538 621 567 et
644 529 738 579 quod
758 528 880 566 multis
911 527 992 565 aliis
1019 527 1235 566 offendiculo

287 592 368 629 sint.
389 591 532 642 Quippe
556 590 702 640 gentiles
722 598 755 626 et
781 588 898 627 Judaei
916 587 1078 627 videntes
1095 603 1153 627 cos
1172 588 1235 639 qui

289 650 447 700 quotidie
485 651 521 687 in
562 649 706 686 ecclesia
748 658 956 699 versantur,
981 659 1030 688 et
1062 649 1235 701 frequenti

288 711 448 748 doctrina
467 710 807 757 imbuuntur‚simul
823 710 874 748 ihi
893 724 1108 763 comparere,
1120 720 1154 749 ct
1167 711 1233 750 sibi

287 772 530 820 commisceri,
547 770 725 822 quomodo
740 785 794 809 res
814 780 948 809 nostras
968 786 1035 824 pro
1058 771 1231 824 deceptio-

287 833 392 870 nibus
411 847 479 871 non
507 832 710 880 habebunt,
737 841 771 870 ct
798 846 867 870 non
887 832 981 870 idem
1005 832 1052 870 de
1069 833 1235 871 omnibus

286 894 390 932 nobis
408 893 708 946 suspicabuntur?
725 896 851 932 Annon
865 893 967 931 audis
981 893 1127 932 beatum
1143 895 1235 932 Pau-

286 956 362 993 lum
391 956 661 1004 admonentem,
689 964 723 993 et
751 955 988 992 consulentem
1007 956 1100 993 clara
1125 970 1233 995 voce:

286 1016 449 1069 Absque
470 1016 712 1069 offendiculo
731 1019 875 1053 estote?
896 1015 1047 1064 Deinde,
1073 1030 1116 1053 ne
1133 1025 1236 1068 putes

285 1077 330 1115 dc
350 1077 480 1115 nostris
510 1086 649 1115 tantum
668 1076 875 1122 admonere,
893 1075 1006 1125 deque
1038 1076 1084 1113 iis
1109 1077 1172 1126 qui
1198 1076 1233 1114 in

285 1139 407 1177 eodem
419 1138 543 1176 ordine
552 1137 658 1190 positi
676 1146 771 1187 sunt,
787 1136 950 1176 subdidit
968 1153 975 1173 :
998 1138 1052 1175 Et
1066 1138 1230 1187 Judoeis‚

286 1208 322 1237 et
337 1201 538 1252 genlib115‚·
560 1208 594 1236 et
613 1198 755 1236 tandem
779 1197 932 1249 adjecit:
954 1199 1008 1236 Et
1046 1199 1233 1237 Ecclesioe

287 1263 376 1299 Dei.
399 1260 500 1298 Nihil
518 1260 612 1298 enim
633 1261 682 1298 ita
701 1261 799 1299 obest
819 1269 852 1298 et
871 1268 972 1297 nocet
986 1259 1149 1311 religioni
1170 1275 1233 1299 no-

287 1332 379 1369 strat,
401 1331 439 1359 ut
460 1321 666 1359 offendiculi
692 1336 814 1360 ansam
833 1322 990 1374 praebcre
1008 1321 1229 1360 infidelibus.

287 1385 377 1421 Nam
392 1383 534 1434 quando
553 1382 676 1421 vident
690 1383 827 1434 aliquos
837 1383 994 1421 enostris
1009 1383 1142 1421 virtute
1152 1397 1234 1421 con-

287 1444 441 1496 spicuos,
461 1444 569 1496 hujus
589 1444 670 1483 vitae
700 1445 838 1495 negotia
874 1453 908 1482 et
927 1457 1030 1481 curas
1050 1458 1068 1481 c
1087 1444 1235 1482 sublimi

286 1515 524 1556 contemnere,
543 1520 589 1543 ex
611 1505 654 1543 iis
670 1505 731 1543 alii
753 1505 856 1556 quasi
888 1505 1139 1558 praefocantur‚
1172 1506 1234 1544 alii

284 1570 508 1608 admirantur
524 1580 558 1608 et
573 1571 840 1622 obstupescunt,
862 1569 960 1620 quod
978 1584 1060 1608 cum
1074 1569 1232 1622 ejusdem

284 1641 387 1683 atque
407 1632 460 1669 illi
478 1641 612 1669 naturae
632 1631 713 1681 sint,
729 1645 797 1669 non
818 1631 941 1669 eadem
961 1640 1075 1669 tamen
1091 1631 1159 1684 ipsi
1173 1646 1234 1683 ag-

284 1692 500 1743 grediantur.
530 1694 668 1730 Verum
706 1691 850 1743 quando
883 1692 940 1731 vel
969 1692 1233 1744 aliquantulum

287 1753 436 1791 desidiae
451 1762 484 1790 et
518 1752 741 1804 negligentiae
757 1752 892 1802 vident,
920 1753 1040 1791 statim
1071 1753 1234 1805 linguam

287 1823 463 1852 exacuunt
483 1814 591 1851 simul
610 1823 731 1852 contra
746 1828 809 1852 nos
825 1829 960 1866 omnes,
993 1824 1026 1853 et
1055 1829 1099 1853 cx
1129 1815 1236 1853 unius

285 1875 415 1913 delicto
434 1884 544 1912 totam
569 1875 855 1914 Christianorum
890 1885 1028 1928 gentem
1049 1877 1234 1917 aestimant.

286 1937 409 1987 Neque
419 1936 479 1974 hic
497 1935 648 1989 gradum
667 1937 811 1987 sistunt,
839 1937 900 1975 sed
922 1939 1042 1977 statim
1065 1940 1236 1981 adversus

286 2007 390 2050 caput
423 2012 529 2035 suum
548 1997 743 2048 loquentes,
779 1999 824 2036 ob
854 2013 1039 2038 servorum
1060 2000 1235 2042 desidiam

286 2059 391 2096 etiam
403 2073 626 2096 communem
634 2060 738 2096 Domi
744 2073 829 2097 num
837 2059 1084 2112 blasphemare
1090 2064 1235 2109 audent,

286 2129 319 2157 ct
334 2129 461 2171 putant
479 2120 674 2158 velamenta
693 2134 854 2159 errorum
869 2136 1014 2162 suorum
1047 2138 1120 2163 csse
1147 2125 1234 2164 alio-

286 2195 366 2219 rum
383 2181 556 2220 inertiam.

341 2422 376 2457 2.
397 2420 506 2467 Quod
526 2429 645 2458 autem
663 2421 731 2459 hoc
750 2421 906 2460 maxime
924 2423 1165 2475 periculosum
1189 2426 1233 2463 sit

288 2480 331 2518 iis
345 2482 405 2531 qui
423 2482 652 2534 blasphemiae
666 2483 885 2523 occasionem
906 2484 1080 2535 praebent,
1102 2486 1232 2525 audia-

287 2543 586 2594 musprophetam
604 2543 828 2593 clamantem,
855 2555 889 2584 et
919 2559 964 2584 ex
995 2559 1143 2598 persona
1167 2549 1233 2586 Dei

286 2602 460 2641 dicentem
478 2619 485 2640 :
504 2606 543 2642 V
537 2619 569 2641 ιε
590 2607 715 2652 vobis,
733 2610 826 2658 quia
842 2615 997 2659 propter
1011 2620 1083 2646 vos
1096 2622 1234 2647 nomen

287 2679 413 2703 meum
448 2666 738 2717 blasphematur
770 2670 812 2705 ιή
835 2670 1025 2720 gentibus.
1056 2669 1234 2708 Tcrribile

287 2728 353 2765 hoc
375 2727 525 2765 verbum
544 2737 607 2776 est,
633 2737 666 2765 et
685 2728 831 2767 horrore
849 2730 1007 2782 plenum.
1046 2732 1111 2768 Voe
1138 2732 1232 2771 enim

286 2787 377 2825 illud
395 2797 445 2826 est
465 2788 565 2838 quasi
582 2787 799 2840 deplorantis
819 2804 892 2838 eOS,
920 2790 985 2842 qui.
1011 2791 1232 2843 supplicium

286 2849 380 2888 illud
395 2849 600 2887 inevitabile
615 2851 769 2889 subituri
797 2860 891 2890 sunt.
913 2853 1022 2890 Porro
1054 2851 1145 2890 sicut
1176 2868 1233 2892 eos

287 2911 347 2962 qui
362 2925 423 2963 per
437 2925 537 2948 suam
554 2911 808 2964 negligentiam
831 2926 975 2951 causam
988 2912 1060 2953 illis
1074 2915 1233 2965 proebent

286 2971 556 3023 blasphemandi
572 2971 693 3023 ingens
711 2987 814 3025 poena
831 2983 948 3012 manet
966 2988 1008 3013 ac
1021 2975 1233 3014 condemna-

288 3032 336 3069 tio
353 3032 420 3070 :ita
441 3047 459 3069 e
472 3031 614 3069 diverso
630 3033 804 3072 virtutum
827 3034 997 3074 studiosis
1013 3035 1111 3075 mille
1130 3051 1229 3076 coro-

289 3107 413 3130 narum
443 3093 588 3130 materia
625 3104 781 3145 paratur.
812 3096 913 3134 Istud
958 3096 1075 3149 ipsum
1104 3097 1233 3136 docens

331 3220 347 3241 Ι·
372 3218 449 3258 Πομ.
471 3229 553 3249 unus
572 3218 704 3249 coislin.
725 3227 756 3251 ct
774 3220 875 3254 Satil.
894 3226 1025 3264 βλύπτιι
1043 3230 1079 3266 τῇ
1098 3227 1235 3267 θρησκεία
1254 3230 1290 3264 τῇ

290 3275 433 3313 ὶμετερα,
450 3274 486 3306 ὡς
504 3275 536 3302 το
552 3278 620 3307 τοῖς.
640 3269 750 3302 Mon—l.
767 3278 896 3314 βλάπτει
911 3280 963 3312 τὴν
980 3279 1134 3319 θρησκείαν
1153 3282 1205 3314 τὴν
1217 3281 1290 3318 ἠμε-

289 3329 389 3364 risa-a,
408 3327 443 3358 ὡς
464 3328 510 3355 ια’(
529 3331 597 3360 τοῖς.
622 3322 680 3354 ΑΙὶί
699 3327 828 3365 βλάπτει
844 3331 892 3360 καὶ
907 3331 1079 3369 λυμαίνεται
1098 3337 1134 3373 τῇ
1153 3333 1290 3374 θρησκεία

289 3383 322 3409 τὶ,
340 3378 481 3418 ημετὲρκ-

766 204 950 234 JOANle
985 204 1226 235 CHRYSOST.
1267 205 1474 235 Ancnmt‘.
1512 206 1865 239 CONSTANTlNot‘.

1308 287 1590 337 ἀποκλείσαντες,
1613 292 1655 342 τῇ
1685 291 1772 342 μετὰ
1799 296 1907 331 ταῦτα
1933 294 2063 345 σπουδῇ
2088 293 2152 339 τὴν
2173 294 2242 332 ἀπὸ
2262 295 2321 339 τῆς

1309 349 1477 400 ῥᾳθυμίας
1511 352 1778 402 προστριὸεῖσαν
1818 347 1898 404 ὑμῖν
1940 355 2068 399 κηλῖδα
2098 354 2325 405 ἀπονίψασθε,

1308 409 1568 461 περιγενόμενοι
1585 415 1648 459 τῆς
1670 413 1813 465 ἀκαίρου
1836 415 2015 462 συνηθείας
2031 416 2090 453 καὶ
2106 415 2325 462 ἐπιὸλαὸοῦς,
2378 450 2386 456 .

1309 470 1366 508 καὶ
1395 471 1640 523 λογισάμενοι,
1660 475 1707 518 ὡς
1737 477 1775 513 οὔ
1801 480 1903 514 τοῦτο
1933 476 2035 527 μόνον
2057 477 2130 514 ἐστὶ
2146 476 2184 514 τὸ
2207 476 2326 524 δεινὸν,

1309 530 1362 570 ὅτι
1383 533 1516 576 ἑαυτοῖς
1533 533 1664 581 πολλὴν
1685 534 1747 581 τὴν
1771 536 1905 586 βλάὸην
1925 536 2195 588 προστρίὸονται
2213 537 2245 573 οἱ
2267 536 2328 573 αὖ-

1309 592 1383 632 τόθι
1415 594 1716 646 παραγενόμενοι,
1753 597 1829 634 ἀλλ’
1859 597 1911 635 ὅτι
1942 597 2002 635 καὶ
2032 599 2174 641 πολλοῖς
2200 597 2328 648 ἑτέροις

1309 654 1502 692 σκανδάλου
1518 655 1680 699 ὑπόθεσις
1697 655 1863 707 γίνονται.
1883 656 1998 696 ”Οταν
2019 658 2086 711 γὰρ
2102 658 2219 696 ἴδωσιν
2237 657 2328 696 ζΈλ-

1308 717 1410 763 ληνες
1439 715 1499 754 καὶ
1524 716 1691 755 ’Ἰουδαῖοι
1716 717 1773 756 τὸν
1799 718 1853 770 ἐφ’
1872 718 2021 766 ἑκάστης
2041 718 2174 771 ἡμέρας
2196 721 2243 762 εἷς
2265 718 2328 765 τὴν

1309 777 1498 824 ἐκκλησίαν
1529 778 1797 830 διηιιερεύοντα,
1828 796 1886 817 και
1916 785 2079 833 συνεχοῦς
2108 780 2328 819 ἀπολαύοντα

1309 838 1547 886 διδασκαλίας,
1570 839 1729 891 ἀθρόον’
1714 845 1785 878 εκεῖ
1804 841 2023 893 φαινόμενον,
2042 857 2100 880 και
2117 857 2183 891 μετ
2214 843 2326 879 αὐτων

1309 899 1664 974 συμφυρόμενον,πιι)ς
1672 902 1710 939 οὗ
1718 901 1916 951 νομίσουσιν
1931 903 2069 949 ἀπάτην
2083 907 2171 940 εἶναι
2185 901 2229 939 τὰ
2242 900 2327 951 ηυέ-

1308 977 1404 1014 τερα,
1422 961 1481 999 καὶ
1497 961 1576 1013 περὶ
1592 961 1731 1000 πάντων
1746 978 1815 1000 των
1831 963 1916 1015 παρ’
1930 968 2014 1014 ημῖν
2031 964 2094 1010 τὴν
2114 962 2222 1008 αυτὴν
2241 960 2327 999 ὑπό-

1309 1024 1445 1073 ληψινε
1433 1022 1583 1066 ε’ξουσιν·
1576 1053 1584 1069 ,
1606 1021 1655 1060 'Il
1676 1025 1736 1061 οὐκ
1756 1025 1889 1068 ἀκούεις
1909 1040 1968 1063 του
1991 1023 2164 1077 μακαρίου
2184 1022 2327 1060 Παύλου

1309 1098 1556 1134 παραινουντος
1569 1113 1578 1130 ,
1597 1085 1745 1137 λαιιπρᾷ
1765 1089 1807 1136 τῇ
1825 1089 1935 1137 φωνῇ,
1951 1102 2010 1124 και
2024 1084 2329 1161 συμὲουλεύοντος,

1309 1143 1542 1196 Ἀπρόσκοποι
1561 1144 1720 1194 γίνεσθε;
1737 1139 1861 1183 Εἰτα’
1849 1162 1902 1183 ινα
1924 1146 1972 1197 μὴ
1997 1147 2141 1196 νομίσῃς
2162 1161 2242 1197 περι
2260 1161 2328 1182 των

1309 1203 1444 1242 οἰκείων
1471 1203 1574 1253 μόνον
1595 1203 1658 1251 τὴν
1678 1205 1916 1258 παραγγελίαν
1936 1205 2020 1257 παρ’
2037 1208 2139 1244 αὐτοῦ
2158 1205 2326 1257 γίνεσθαι,

1311 1264 1462 1302 καὶτῶν
1493 1263 1570 1315 μεθ’
1596 1269 1648 1315 ἠμ
1624 1281 1698 1302 ιιων
1728 1265 1966 1318 τεταγμένων,
1995 1267 2229 1320 προσέθηκεν,
2262 1266 2331 1304 Και

1312 1325 1491 1369 Ἰουδαίοις
1518 1325 1578 1363 καὶ
1601 1324 1773 1374 Ἕλλησι,
1808 1327 1866 1365 καὶ
1898 1328 1976 1366 τότε
1995 1328 2174 1379 ἐπήγαγε,
2198 1327 2267 1366 Καὶ
2286 1329 2329 1379 τῇ

1311 1386 1507 1438 Ἐκκλησία
1526 1391 1585 1425 τοῦ
1607 1388 1711 1425 Θεοῦ.
1733 1386 1843 1426 Οὐδὲν
1859 1388 1926 1440 γὰρ
1945 1389 2034 1427 οὕτω
2051 1388 2257 1439 λυμαίνεται
2271 1388 2330 1426 καὶ

1311 1446 1327 1468 b
1341 1448 1489 1498 βλάπτει
1513 1445 1576 1493 τὴν
1605 1447 1791 1499 θρησκείαν
1811 1448 1873 1495 τὴν
1896 1449 2071 1501 ἡμετέραν
2086 1480 2096 1497 ,
2116 1452 2161 1494 ὡς
2181 1450 2240 1487 καὶ
2260 1455 2330 1493 τοῖς

1311 1508 1469 1552 ἀπίστοις
1487 1509 1599 1555 λαὸήν
1616 1525 1694 1546 τινα
1711 1508 1894 1561 παρέχειν.
1916 1509 2028 1549 υΟταν
2045 1505 2102 1548 οὖν
2117 1510 2218 1548 ἴδωσί
2237 1526 2331 1554 τινας

1309 1571 1344 1607 ἐν
1366 1571 1470 1623 ἀρετῇ
1492 1569 1753 1620 διαλάμποντας
1781 1572 1864 1622 παρ’
1892 1575 1998 1622 ἡμῖν,
2027 1571 2086 1610 καὶ
2108 1571 2240 1617 πολλὴν
2260 1575 2328 1610 τῶν

1310 1633 1482 1682 βιωτικῶν
1512 1630 1702 1683 ὑπεροψίαν
1727 1632 1971 1682 ποιουμένους,
1994 1634 2025 1670 οἱ
2051 1632 2113 1684 μὲν
2137 1634 2249 1672 αὐτῶν
2271 1633 2330 1671 καὶ

1310 1691 1572 1743 ἀποπνίγονται,
1587 1693 1617 1729 οἱ
1638 1691 1673 1731 δὲ
1698 1693 1866 1737 πολλάκις
1882 1694 1940 1732 καὶ
1966 1696 2014 1738 εἷς
2033 1698 2149 1745 θαῦμα
2169 1694 2330 1747 ἔρχονται

1309 1754 1602 1804 ἐκπληττόμενοι,
1628 1755 1681 1792 ὅτι
1697 1757 1759 1800 τῆς
1779 1756 1886 1801 αὐτῆς
1904 1758 2018 1798 αὐτοῖς
2034 1756 2167 1808 φύσεως
2182 1757 2277 1799 ὄντες
2291 1758 2330 1795 οὐ

1309 1815 1353 1853 τὰ
1374 1815 1460 1854 αὐτὰ
1480 1817 1594 1858 αὐτοῖς
1616 1815 1792 1866 μετίασιν.
1819 1816 1954 1867 Ἀμέλει
1977 1817 2116 1856 ἐπειδὰν
2137 1818 2330 1856 θεάσωνταί

1309 1893 1386 1915 τινα
1410 1876 1562 1953 Ἶιικραν
1592 1877 1762 1931 ῥαθυμίαν
1786 1879 2084 1932 προσγενομένην,
2119 1879 2241 1923 εὐθέως
2267 1895 2329 1925 την

1309 1941 1424 2014 γλιιειττ
1427 1955 1467 1977 αν
1491 1941 1652 1977 οἰκονουσι
1679 1939 1770 1978 κατὰ
1793 1939 1933 1978 πάντων
1962 1941 2067 2012 ὃμουὲ,
2097 1941 2155 1979 καὶ
2179 1941 2249 1979 ἀπὸ
2268 1942 2329 1985 τῆς

1308 2003 1367 2036 τοῦ
1395 1999 1467 2043 ἑνὸς
1496 1999 1665 2051 ῥᾳθυμίας
1683 1999 1774 2038 κατὰ
1795 2001 1922 2045 παντὸς
1944 2017 2003 2040 του
2019 2004 2088 2039 τῶν
2108 2003 2328 2053 Χριστιανῶν

1309 2060 1422 2104 ἔθνους
1442 2060 1486 2098 τὰ
1514 2060 1602 2099 αὐτὰ
1623 2061 1844 2113 ψηφίζονται.
1883 2062 1952 2100 Καὶ
1974 2062 2051 2100 οὐδὲ
2072 2062 2179 2115 μέχρι
2205 2062 2327 2100 τούτου

1307 2121 1485 2170 ἵστανται,
1528 2122 1606 2160 ἀλλ’
1642 2122 1765 2166 εὐθέως
1800 2122 1890 2161 κατὰ
1918 2126 1980 2169 τ’ἧς
2011 2126 2143 2162 ἑαυτῶν
2176 2125 2330 2176 κεφαλῆς

1309 2182 1534 2234 φθεγγόμενοι
1552 2213 1560 2227 ‚
1584 2182 1641 2220 διὰ
1659 2182 1722 2229 τὴν
1743 2186 1811 2221 τῶν
1829 2184 1957 2222 δούλων
1976 2185 2145 2236 ῥαθυμίαν
2156 2216 2166 2233 ,
2189 2185 2248 2223 καὶ
2271 2187 2328 2225 τὸν

1309 2244 1421 2283 κοινὸν
1457 2244 1640 2290 Δεσπότην
1676 2247 1894 2296 βλασφημεῖν
1930 2247 2105 2295 τολμῶσι,
2141 2246 2202 2285 καὶ
2231 2247 2328 2297 νομί-

1310 2307 1405 2349 ζουσι
1425 2307 1486 2351 τῆς
1515 2305 1643 2349 οἰκείας
1666 2306 1801 2351 πλάνης
1819 2306 2084 2358 παραπέτασμα
2103 2309 2216 2351 αὐτοῖς
2234 2307 2327 2359 γίνε-

1311 2371 1390 2406 σθαι
1409 2366 1471 2414 τὴν
1494 2367 1618 2419 ἑτέρων
1641 2367 1821 2420 ῥαθυμίαν.

1361 2427 1448 2467 “On
1470 2427 1506 2466 δὲ
1526 2427 1685 2479 μέγιστον
1706 2429 1801 2480 φέρει
1821 2434 1920 2468 τοῦτο
1939 2429 2093 2468 κίνδυνον
2121 2436 2190 2473 τοῖς
2218 2434 2326 2483 ἀφορ-

1311 2489 1378 2539 μὴν
1403 2491 1517 2532 αὐτοῖς
1543 2491 1603 2535 τῆς
1627 2489 1852 2540 βλασφημίας
1867 2490 2102 2543 παρέχουσιν,
2122 2490 2326 2541 ἀκούσωμεν

1308 2554 1366 2589 τοῦ
1396 2551 1573 2602 προφήτου
1607 2553 1756 2602 βοῶντος
1773 2580 1782 2597 ,
1817 2551 1876 2589 καὶ
1903 2553 2062 2604 λέγοντος
2081 2554 2120 2591 ἐκ
2140 2552 2327 2605 προσώπου

1308 2615 1367 2650 τοῦ
1402 2614 1514 2650 Θεοῦ·
1546 2611 1637 2651 Οὐαὶ
1670 2614 1772 2663 ὑμῖν,
1802 2613 1855 2651 ὅτι
1883 2613 1928 2651 δι’
1961 2617 2050 2664 ὑμᾶς
2075 2614 2114 2652 τὸ
2133 2613 2242 2665 ὄνομά
2261 2630 2327 2664 μου

1310 2676 1570 2726 βλασφημεῖται
1589 2675 1623 2711 ἐν
1649 2680 1719 2718 τοῖς
1748 2675 1870 2713 ἔθνεσι.
1899 2675 2058 2726 Φοβερὸν
2081 2675 2120 2714 τὸ
2154 2677 2248 2729 ῥ’ἧμα
2269 2676 2328 2714 καὶ

1310 2734 1433 2786 φρίκης
1448 2735 1564 2786 γέμον.

1309 2797 1382 2833 ἐστι
1410 2795 1487 2839 τοὺς
1517 2796 1705 2847 μέλλοντας
1734 2796 1801 2834 ὑπὸ
1831 2796 1894 2843 τὴν
1927 2797 2163 2848 ἀπαραίτητον
2194 2797 2327 2844 ἐκείνην

1602 2734 1654 2773 Τὸ
1673 2734 1740 2787 γὰρ
1759 2736 1850 2774 Οὐαὶ
1868 2738 1970 2773 τοῦτο
1985 2736 2112 2774 ὡσανεὶ
2126 2735 2328 2788 θρηνοῦντός

1308 2857 1450 2896 κόλασιν
1483 2857 1649 2909 γίνεσθαι.
1683 2857 1823 2910 Ἵὶσπερ
1851 2852 1908 2896 οὖν
1939 2864 2009 2901 τοῖς
2037 2857 2093 2895 διὰ
2118 2859 2180 2903 τῆς
2199 2858 2327 2902 οἰκείας

1309 2918 1473 2967 ἀμελείας
1500 2918 1613 2956 αἰτίαν
1636 2917 1776 2961 ἐκείνοις
1801 2917 1993 2970 παρέχουσι
2020 2921 2083 2965 τῆς
2103 2919 2328 2971 βλασφημίας

1308 2978 1458 3025 τοσαύτη
1486 2985 1598 3017 κεῖται
1624 2978 1788 3030 τιμωρία,
1808 2978 1896 3017 οὕτω
1913 2979 2018 3017 πάλιν
2035 2985 2105 3022 τοῖς
2123 2981 2186 3025 τῆς
2202 2983 2328 3033 ἀρετῆς

1308 3040 1590 3090 ἐπιμελουμένοις
1623 3040 1756 3091 μυρίων
1787 3041 1965 3092 στεφάνων
1999 3041 2162 3085 ὑπόθεσις
2180 3041 2324 3091 γίνεται.

1307 3099 1359 3137 Τὸ
1379 3101 1460 3138 αὐτὸ
1491 3103 1592 3139 τοῦτο
1611 3100 1782 3138 διδάσκων
1802 3103 1819 3138 ὁ
1840 3101 1988 3153 Χριστὸς
2006 3100 2102 3152 ἔλεγε
2115 3117 2122 3124 ·
2139 3102 2325 3153 Λαμψᾶτω

1369 3233 1380 3247 ⁶
1395 3223 1529 3255 Coislin.
1544 3230 1655 3269 μικρὰν
1669 3229 1846 3268 προθυμίαν.
1864 3225 1940 3257 Mox
1957 3236 2071 3256 onmes
2084 3230 2227 3266 ἀχονοῦσι,
2242 3237 2326 3267 pra:-

1325 3282 1372 3306 ιρι
1398 3275 1512 3308 Mon-t.
1534 3277 1589 3318 qui
1607 3276 1708 3309 habet
1729 3283 1871 3313 οιιονωσι,
1899 3289 1972 3320 quae
1995 3276 2092 3309 lectio
2117 3277 2325 3310 admittenda

1324 3334 1418 3367 esset,
1439 3328 1500 3359 uisi
1523 3330 1632 3360 onmia
1662 3341 1741 3371 pene
1770 3328 1969 3372 exemplaria
1994 3329 2231 3363 reclamarent:
2249 3341 2324 3364 uam

1327 3388 1500 3423 utrumque
1516 3379 1648 3413 dicitur.
