2516 3791
166 721 257 750 Hebr.
284 730 331 751 11.

169 761 219 793 16.

164 970 244 999 Ibid.
259 981 288 998 v.
304 969 348 998 13.

161 2438 252 2466 llebr.
267 2445 275 2464 1
288 2446 313 2464 1.

164 2477 254 2518 ΜΓ-
264 2479 307 2507 16.

158 2752 275 2779 Ihid.v.
297 2761 342 2781 lo.

374 132 464 178 852
488 192 494 199 ,

372 229 483 281 illius,
504 230 562 269 vel
576 230 675 270 illius
696 231 798 270 ducis
817 242 850 271 et
868 234 1024 285 praefecti
1046 250 1054 270 :
1077 231 1180 272 nemo
1198 244 1317 274 autem

371 290 421 328 sic
442 291 614 342 loquitur,
635 292 702 330 Ille
725 293 782 331 vel
809 293 871 331 ille
902 294 1086 345 praefectus
1110 295 1208 333 illius
1236 310 1318 348 pro-

369 353 542 390 curatoris
564 362 627 390 aut
645 353 896 405 dispensatoris
917 370 924 390 :
944 355 1005 393 sed
1031 356 1185 394 minores
1203 371 1223 394 a
1242 371 1318 395 ma·
1343 365 1365 394 E

366 413 506 465 joribus
539 428 677 465 semper
708 414 936 452 denominare
970 417 1231 455 consuevimus.
1264 419 1319 456 De

370 475 445 512 Deo
461 484 579 512 autem
598 484 718 512 contra
737 475 800 512 fit:
814 489 883 513 non
898 477 1014 514 solum
1027 478 1120 515 enim
1134 479 1318 518 Abraham

369 535 435 571 Dei
469 549 556 581 esse,
582 534 641 572 sed
671 537 769 573 Deus
797 536 903 573 etiam
936 537 1134 576 Ahrahami
1167 539 1313 591 dicitur,

367 604 472 645 atque
486 595 534 632 ita
548 595 724 634 Dominus
738 611 758 634 a
772 611 875 635 servo
890 597 1106 638 nominatur.
1124 600 1201 639 Hoc
1219 601 1317 639 idem

366 657 478 708 igitur
508 666 542 694 et
573 657 707 696 Paulus
737 672 819 697 cum
852 659 1105 711 admiraretur,
1133 662 1274 701 dicebat
1307 679 1316 700 t

372 719 630 768 Quamobrem
642 733 720 756 non
733 722 919 758 erubescit
934 722 1042 760 Deus
1056 727 1195 761 vocari
1207 725 1316 762 Deus

366 782 545 831 ipsorum.
582 782 661 818 Non
694 781 883 831 erubescit,
922 782 1054 834 inquit,
1088 786 1264 824 Dominus
1295 801 1315 824 a

367 840 477 878 servis
509 842 782 893 appellationem
811 857 959 882 sumere.
981 844 1099 892 Quare
1132 860 1201 884 non
1233 861 1314 885 eru-

364 901 502 939 bescit?
523 901 583 942 dic
609 903 794 941 rationem.
821 903 1004 943 Nimirum
1031 915 1070 944 ut
1090 916 1123 945 et
1147 922 1210 946 nos
1233 922 1316 946 eum

787 150 825 181 S.
863 152 1042 182 JOANNIS
1076 152 1318 184 CHRYSOST.
1356 154 1560 186 ARCfflEP.

1597 157 1680 188 coN
1687 158 1794 189 STAN
1800 160 1931 191 TINOP
1939 181 1949 191 .

1395 238 1558 288 μειζόνων
1574 239 1628 278 ἀεὶ
1648 242 1767 280 καλεῖν
1787 241 1968 293 εἰώθαμεν.
1987 244 2072 284 Ἐπὶ
2090 246 2127 284 δὲ
2145 251 2205 285 τοῦ
2220 249 2311 287 Θεοῦ
2329 252 2410 287 τοῦ-

1393 298 1526 337 ναντίον
1548 300 1701 351 γέγονεν·
1719 303 1756 340 οὗ
1775 302 1844 356 γὰρ
1865 304 1966 355 μόνον
1986 305 2147 359 Ἀδραὰμ
2167 311 2226 345 τοῦ
2245 310 2336 346 Θεοῦ
2354 309 2412 347 λέ-

1393 375 1491 410 γεται
1504 389 1513 406 ,
1534 360 1624 399 ἀλλὰ
1651 361 1710 399 καὶ
1731 366 1749 400 ὃ
1770 365 1858 408 Θεὸς
1879 370 1939 404 τοῦ
1959 366 2139 419 Ἀδραὰμ,
2156 368 2216 406 καὶ
2234 372 2252 406 ὃ
2270 370 2411 408 Δεσπό-

1394 436 1455 466 της
1471 422 1539 460 ἀπὸ
1556 429 1615 463 τοῦ
1636 423 1754 462 δούλου
1778 427 1950 465 καλεῖται.
1979 429 2092 466 Τοῦτο
2110 433 2190 479 γοῦν
2212 430 2296 468 αὐτὸ
2316 429 2376 467 καὶ
2395 433 2413 468 ὁ

1392 484 1532 528 Παῦλος
1545 485 1821 535 ἐκπληττόμενος
1839 488 1934 538 ἔλεγε
1945 503 1952 510 ·
1970 490 2024 525 Δι’
2039 489 2080 535 ἣν
2102 488 2215 527 αἰτίαν
2236 492 2298 527 οὐκ
2315 492 2413 528 ἐπαι-

1391 544 1555 596 σχύνεται
1577 549 1595 583 ὁ
1616 546 1726 592 Θεὸς,
1747 547 1836 590 Θεὸς
1854 550 2033 586 καλεῖσθαι
2062 551 2186 587 αὐτῶν.
2210 552 2286 588 Οὐκ
2308 554 2413 590 ἐπαι-

1386 606 1569 658 σχύνεται,
1597 607 1712 659 φησὶν,
1727 611 1745 646 ὃ
1760 609 1939 656 Δεσπότης
1960 609 2029 648 ἀπὸ
2046 613 2114 648 τῶν
2141 610 2272 649 δούλων
2292 614 2412 651 καλεῖ-

1387 672 1478 706 σθαι.
1498 668 1567 708 Διὰ
1586 669 1620 708 τί
1639 673 1699 708 οὐκ
1718 664 1986 723 ἐπαισχύνεται,
2007 671 2081 710 εἰπὲ
2103 671 2166 719 τὴν
2187 672 2316 712 αἰτίαν.
2333 673 2412 713 Ἵνα

1387 729 1626 780 μιμησώμεθα
1645 724 1706 769 καὶ
1720 735 1833 782 ἡμεῖς.
1849 730 1967 769 *’Ἀλλ’
1989 735 2112 771 ἐκεῖνοι
2128 731 2215 776 ξένοι
2230 734 2288 772 καὶ
2303 750 2413 787 παρε-

1386 789 1534 841 πίδημοι
1553 786 1655 838 ἦσαν,
1684 792 1800 844 φησίν.
1825 792 1895 830 Καὶ
1921 792 1989 843 μὴν
2016 793 2076 831 καὶ
2101 793 2158 832 διὰ
2182 797 2282 832 τοῦτο
2313 797 2412 833 ἐπαι-

1387 850 1573 902 σχύνεσθαι
1596 853 1646 890 δεῖ
1659 869 1666 876 ·
1684 857 1701 891 ὃ
1719 853 1788 907 γὰρ
1808 854 1898 898 ξένος
1918 854 2057 902 εὐτελὴς
2073 854 2132 892 καὶ
2153 855 2412 908 εὐκαταφρόνη-

1385 927 1442 956 τος
1457 907 1543 950 εἶναι
1570 915 1674 953 δοκεῖ.
1692 914 1782 953 Ἀλλ’
1805 917 1928 954 ἐκεῖνοι
1955 917 1987 954 οἱ
2007 916 2099 967 ἅγιοι
2119 917 2156 954 οὗ
2184 921 2302 955 τοῦτον
2321 911 2410 963 ἦσαν

365 964 555 1002 imitemur.
577 966 677 1016 Quia
700 969 866 1020 hospites
887 979 1012 1016 erant,
1035 970 1166 1021 inquit,
1185 979 1223 1008 et
1238 972 1313 1008 ad-
1326 1004 1374 1027 736
1389 972 1475 1017 ξένοι
1501 974 1557 1012 τὸν
1588 975 1729 1028 τρόπον,
1759 977 1796 1015 ὃν
1827 979 1930 1028 ἡμεῖς
1959 978 2156 1028 νομίζομεν,
2185 979 2262 1016 ἀλλ’
2295 977 2412 1030 ἕτερόν

367 1040 485 1063 venre.
501 1026 609 1077 Atqui
630 1027 688 1065 vel
704 1028 750 1066 ob
765 1029 834 1067 hoc
847 1030 967 1082 ipsum
985 1032 1189 1078 erubescere
1208 1047 1314 1084 opor-
1340 1041 1364 1070 Α

363 1086 459 1124 tehat
482 1086 632 1139 :hospes
651 1089 746 1127 enim
771 1091 855 1128 vilis
883 1101 915 1129 et
940 1092 1214 1131 contemnendus
1242 1107 1315 1132 esse

364 1147 517 1186 videtur.
548 1151 591 1186 At
622 1150 677 1187 illi
707 1151 818 1190 saneti
849 1167 917 1191 non
949 1168 988 1191 eo
1021 1154 1127 1192 modo
1158 1154 1314 1207 hospites

365 1218 477 1259 erant,
493 1224 564 1260 quo
577 1224 639 1248 nos
656 1221 836 1263 putamus,
857 1213 917 1251 sed
939 1214 1009 1252 alio
1029 1214 1186 1266 quodam
1207 1215 1314 1253 mini-

365 1284 421 1307 me
436 1271 589 1322 vulgari.
607 1274 680 1310 Nos
697 1273 854 1326 hospites
873 1290 930 1313 cos
946 1277 1124 1328 appellare
1143 1277 1311 1326 solemus,

363 1332 424 1383 qui
447 1333 570 1372 relicta
587 1349 648 1372 sua
666 1337 781 1388 patria
800 1337 835 1374 in
853 1337 1003 1375 alienam
1025 1339 1202 1390 regionem
1232 1354 1312 1391 per-

361 1394 510 1431 veniunt
531 1411 540 1431 :
562 1395 617 1433 illi
647 1410 731 1434 vero
763 1398 898 1436 nonita
918 1409 1016 1437 erant
1046 1400 1216 1452 hospites,
1251 1401 1314 1439 sed

362 1455 457 1505 quod
481 1456 602 1494 orbem
627 1458 830 1496 universum
856 1459 1090 1512 despicerent,
1112 1471 1145 1499 ct
1164 1476 1313 1514 parvam

361 1525 525 1566 putarent
552 1532 625 1554 esse
647 1527 791 1569 terram,
809 1520 856 1557 ad
875 1521 1047 1559 caelestem
1066 1522 1167 1559 illam
1186 1523 1313 1561 civita-

360 1585 431 1613 tem
447 1577 694 1628 respiciebant,
720 1593 789 1616 non
809 1582 1025 1631 arrogantia,
1047 1582 1109 1620 sed
1129 1584 1312 1634 magnani-

360 1638 505 1687 mitate;
530 1654 598 1677 non
634 1640 834 1691 insolentia,
866 1643 927 1680 sed
957 1653 1103 1695 propter
1131 1645 1311 1697 sapientiae

359 1699 534 1738 studium.
558 1702 749 1752 Postquam
767 1703 861 1741 enim
887 1704 1113 1756 contemplati
1137 1716 1219 1744 sunt
1245 1715 1313 1744 ter-

360 1775 443 1798 rena
465 1761 644 1810 universa,
665 1773 698 1801 et
719 1763 1046 1804 animadverterunt
1070 1767 1168 1805 fluxa
1185 1782 1258 1805 esse
1279 1777 1312 1806 et

360 1819 537 1865 mortalia,
554 1835 617 1858 nee.
635 1821 832 1873 quidquam
848 1823 908 1861 hic
924 1824 1071 1863 firmum
1092 1835 1152 1864 aut
1168 1827 1309 1878 stabile,

359 1895 430 1918 non
449 1880 615 1931 divitias,
635 1897 704 1920 non
723 1885 932 1936 potentiam,
957 1900 1025 1924 non
1054 1887 1219 1938 gloriam,
1241 1903 1311 1927 non

358 1942 471 1981 vitam
492 1942 627 1995 ipsam,
650 1944 713 1982 sed
733 1945 873 1997 singula
905 1947 1012 1985 finem
1040 1948 1184 1997 habere,
1207 1959 1240 1988 et
1264 1950 1311 1988 ad

359 2018 462 2041 suum
495 2005 662 2055 quodque
698 2021 886 2059 properare
915 2008 1106 2047 terminum
1131 2025 1138 2046 ε
1161 2011 1311 2049 caelestia

358 2079 442 2103 vero
462 2080 529 2103 non
550 2067 652 2115 talia,
668 2067 728 2104 sed
745 2067 884 2106 infinita
913 2069 1214 2122 immortaliaque,
1234 2087 1310 2111 ma-

359 2126 501 2163 luerunt
531 2127 688 2179 hospites
715 2143 788 2166 esse
804 2129 838 2167 in
855 2131 959 2168 rebus
979 2131 1089 2170 fluxis
1112 2143 1145 2170 et
1163 2143 1310 2185 praeter-

358 2187 574 2237 labentibus,
592 2198 631 2226 ut
646 2201 886 2240 permanentes
907 2192 985 2230 illas
1000 2193 1138 2244 assequi
1152 2204 1306 2245 possent.

359 2248 524 2299 Hospites
551 2249 662 2299 igitur
695 2260 807 2298 erant,
844 2266 913 2290 non
944 2253 1040 2303 quod
1065 2255 1217 2305 patriam
1240 2270 1309 2293 non

360 2309 545 2359 habereut,
569 2310 626 2349 sed
647 2310 741 2361 quod
759 2313 1011 2364 sempiternam
1030 2314 1130 2352 illam
1157 2316 1310 2366 patriam

361 2367 615 2406 desiderarent.
635 2369 743 2417 Quod
762 2371 909 2420 quidem
929 2381 961 2409 ct
981 2372 1055 2424 ipse
1077 2373 1309 2424 significando

360 2429 520 2468 dicebat:
540 2432 614 2480 Qui
630 2441 759 2469 autem
780 2433 877 2469 talia
896 2433 1121 2485 loquuntur,
1140 2438 1311 2486 patriam

359 2507 399 2530 se
417 2495 610 2544 requirere
642 2494 859 2531 ostendunt.
879 2496 995 2540 Quam
1018 2495 1190 2547 patriam,
1210 2498 1311 2535 obse-

360 2555 444 2592 cro?
483 2568 567 2591 num
603 2555 755 2605 priorem
793 2555 892 2593 illam
925 2571 1032 2607 quam
1069 2557 1312 2608 reliquerunt?

360 2617 524 2662 Minime,
549 2615 665 2666 inquit
679 2631 687 2651 :
703 2616 743 2654 Si
757 2619 858 2654 enim
870 2618 977 2656 illius
991 2621 1307 2667 recordabantur,

363 2682 554 2729 integrum
580 2680 633 2714 eis
653 2685 737 2732 erat
764 2677 834 2714 illo
865 2680 991 2716 redire
1011 2695 1022 2715 :
1046 2694 1149 2718 nunc
1181 2690 1310 2719 atatem

360 2740 558 2777 meliorem
581 2740 815 2783 desiderant,
835 2740 906 2777 hoc
931 2749 985 2778 est
1013 2742 1216 2789 coelestem,
1245 2757 1310 2781 cu-

351 2805 420 2854 jus
440 2803 570 2853 opifer
585 2809 620 2837 et
638 2809 789 2837 creator
808 2802 914 2839 Deus
928 2811 995 2840 est.
1013 2805 1106 2841 Ideo
1127 2818 1205 2842 non
1225 2819 1309 2843 eru—

360 2865 461 2900 besci
465 2871 477 2899 t
491 2864 594 2899 Deus
608 2863 744 2898 vocari
761 2863 866 2899 Deus
883 2865 1066 2914 ipsorum.

411 2924 447 2961 5.
479 2923 550 2959 llos
582 2921 691 2971 igitur
710 2936 772 2959 uos
791 2936 930 2974 quoquc
960 2923 1160 2976 imitemur;
1185 2927 1306 2981 despi-

358 2984 493 3021 ciamus
523 2984 722 3036 przrscutia,
745 2985 1034 3036 concupiscamus
1058 2988 1177 3026 sutura
1199 3005 1207 3026 :
1229 2999 1305 3028 uta-

359 3060 440 3083 mur
458 3045 524 3083 hac
542 3047 689 3085 muliere
710 3049 890 3099 magistra,
907 3058 940 3086 et
959 3048 1006 3086 ad
1030 3051 1146 3087 Deum
1169 3065 1307 3104 semper

359 3108 617 3156 confugiamus,
633 3109 677 3145 al»
694 3110 824 3160 illoque
839 3111 956 3147 onmia
973 3110 1218 3163 deposcamus.
1242 3114 1307 3151 Ni-

358 3169 410 3205 hil
428 3170 521 3206 euim
542 3169 731 3221 precationi
762 3171 894 3221 a=quale
914 3187 922 3207 z
941 3185 980 3209 ea
1005 3172 1138 3224 quippe
1158 3183 1208 3211 est
1227 3188 1305 3224 qum

358 3243 401 3267 ex
422 3229 703 3281 impossibilibus
721 3232 902 3282 possibilia
918 3232 1014 3282 facit,
1031 3248 1075 3271 ex
1094 3233 1306 3273 difficilibus

403 3337 417 3357 ¹*
440 3332 495 3370 ὅτι
513 3340 584 3374 ξενος
602 3342 648 3370 καὶ
666 3339 868 3380 παρεπίδημοί
886 3344 937 3372 εἰσί
954 3355 1018 3384 ’,ηπ
1034 3339 1215 3373 Colbertini
1231 3348 1262 3372 ct
1280 3341 1358 3385 ch.

1386 1051 1463 1073 τινα
1485 1035 1544 1074 καὶ
1564 1036 1770 1088 παράδοξον.
1788 1037 1913 1088 (Ημεῖς
1941 1038 2002 1090 μὲν
2034 1038 2102 1090 γὰρ
2133 1039 2244 1083 ξένους
2264 1039 2412 1083 ἐκείνους

1386 1099 1560 1147 καλοῦμεν
1585 1097 1664 1142 τοὺς
1688 1097 1752 1144 τὴν
1781 1100 1894 1136 αὐτῶν
1914 1099 2067 1151 πατρίδα
2090 1099 2256 1151 ἀφέντας,
2276 1099 2339 1138 καὶ
2362 1102 2410 1144 εἷς

1387 1157 1506 1210 ἑτέραν
1529 1162 1594 1209 γῆν
1614 1159 1791 1203 ἐλθόντας·
1810 1163 1933 1198 ἐκεῖνοι
1953 1160 1987 1199 δὲ
2017 1163 2079 1213 οὐχ
2106 1161 2213 1205 οὕτως
2239 1155 2329 1208 ἦσαν
2362 1160 2411 1205 ξέ-

1386 1236 1457 1269 νοι,
1488 1221 1578 1259 ἀλλὰ
1607 1224 1671 1268 τ’ἧς
1699 1222 1901 1273 οἰκουμένης
1929 1223 2068 1270 ἁπάσης
2098 1221 2332 1275 ὑπεριδόντες,
2351 1223 2412 1261 καὶ

1387 1282 1516 1334 μικρὰν
1539 1276 1626 1321 εἶναι
1654 1282 1859 1334 νομίσαντες
1888 1283 1952 1331 τὴν
1977 1287 2054 1336 γῆν,
2087 1284 2174 1336 πρὸς
2200 1283 2264 1331 τὴν
2285 1287 2318 1323 ἐν
2338 1291 2410 1329 τοῖς

1385 1346 1540 1395 οὐρανοῖς
1568 1344 1669 1382 πόλιν
1690 1344 1847 1393 ἕὸλεπον,
1868 1349 1905 1383 οὐ
1935 1346 1978 1383 δι’
2000 1346 2213 1393 ἀλαζονείαν,
2242 1345 2332 1384 ἀλλὰ
2353 1345 2410 1384 διὰ

1386 1405 1659 1458 μεγαλοψυχίαν,
1679 1408 1717 1444 οὐ
1744 1406 1787 1443 δι’
1807 1405 1983 1454 ἀπόνοιαν,
2000 1406 2090 1444 ἀλλὰ
2113 1406 2170 1444 διὰ
2190 1405 2408 1458 φιλοσοφίαν.

1385 1464 1531 1512 Ἐπειδὴ
1557 1466 1624 1519 γὰρ
1642 1466 1832 1520 ἐσκέψαντο
1851 1467 1894 1505 τὰ
1910 1467 1967 1506 ἐπὶ
1986 1471 2048 1518 γῆς
2066 1466 2220 1514 ἅπαντα,
2240 1466 2299 1504 καὶ
2321 1461 2408 1504 εἶδον

1384 1528 1437 1565 ὅτι
1455 1530 1505 1579 ῥεῖ
1522 1529 1581 1566 καὶ
1598 1529 1813 1577 ἀπόλλυται,
1833 1528 1893 1567 καὶ
1911 1528 2004 1567 οὐδὲν
2022 1531 2167 1567 ἐνταῦθα
2190 1528 2330 1579 βέὸαιον
2350 1527 2410 1566 καὶ

1385 1587 1560 1636 ἀκίνητον,
1590 1592 1627 1627 οὐ
1660 1592 1826 1638 πλοῦτος,
1855 1593 1892 1627 οὐ
1911 1589 2115 1636 δυναστεία,
2148 1592 2185 1627 οὐ
2216 1588 2317 1637 δόξα,
2346 1589 2409 1626 οὐκ

1385 1648 1472 1696 αὐτὴ
1494 1654 1515 1696 ἡ
1543 1649 1633 1696 ζωὴ,
1656 1652 1732 1688 ἀλλ’
1765 1650 1910 1689 ἕκαστον
1934 1650 2006 1702 ἔχει
2024 1651 2138 1699 τέλος,
2165 1650 2224 1688 καὶ
2257 1650 2342 1702 πρὸς
2369 1649 2409 1688 τὸ

1384 1710 1508 1750 οἰκεῖον
1532 1711 1708 1762 ἐπείγεται
1735 1713 1864 1763 πέρας,
1894 1712 1939 1751 τὰ
1969 1713 2004 1750 δὲ
2037 1715 2071 1751 ἐν
2097 1718 2168 1756 τοῖς
2189 1714 2345 1764 οὐρανοῖς
2371 1713 2409 1750 οὗ

1384 1778 1545 1821 τοιαῦτα,
1575 1772 1666 1811 ἀλλὰ
1686 1773 1898 1820 ἀτελεύτητα
1916 1773 1975 1811 καὶ
2001 1774 2177 1820 ἀθάνατα,
2202 1774 2332 1812 εἵλοντο
2352 1772 2408 1817 ξέ-

1383 1850 1436 1872 νοι
1464 1838 1533 1872 τῶν
1559 1835 1704 1887 ῥεόντων
1742 1834 1801 1872 καὶ
1827 1835 2119 1888 παρατρεχόντων
2154 1835 2334 1887 γενέσθαι,
2363 1834 2407 1872 ἵν’

1385 1896 1524 1935 ἐκείνων
1555 1901 1625 1935 τῶν
1663 1897 1833 1947 μενόντων
1868 1898 2117 1936 ἐπιλάὲωνται.
2152 1897 2256 1936 Ξένοι
2294 1897 2406 1936 τοίνυν

1384 1952 1486 2006 ἦσαν,
1515 1960 1553 1996 οὐ
1583 1961 1633 2011 τῷ
1665 1958 1712 2008 μὴ
1743 1959 1835 2011 ἔχειν
1854 1959 2029 2010 πατρίδα,
2050 1958 2140 1997 ἀλλὰ
2159 1961 2208 2011 τῷ
2241 1958 2408 2011 πατρίδος

1385 2019 1540 2072 ἐφίεσθαι
1557 2023 1620 2066 τῆς
1645 2019 1700 2057 ἀεὶ
1720 2019 1898 2071 μενούσης.
1920 2020 2036 2073 υΟπερ
2061 2015 2118 2059 οῧν
2139 2020 2199 2059 καὶ
2218 2018 2318 2063 αὐτὸς
2338 2035 2406 2057 πα-

1381 2083 1543 2134 ραδηλῶν
1564 2081 1697 2134 ἔλεγεν·
1720 2083 1767 2120 Οἱ
1789 2081 1825 2119 δὲ
1855 2087 1964 2121 ταῦτα
1981 2081 2155 2133 λέγοντες,
2181 2080 2406 2144 ἐμφαίνουσιν

1383 2142 1435 2180 ὅτι
1455 2142 1604 2194 πατρίδα
1622 2145 1773 2188 ζητοῦσι.
1798 2143 1923 2190 Ποίαν,
1947 2142 2042 2191 εἰπὲ,
2064 2143 2236 2195 πατρίδα,
2255 2146 2322 2195 ἀρα
2342 2141 2404 2190 τὴν

1382 2204 1565 2257 προτέραν,
1585 2205 1626 2250 ἣν
1653 2203 1847 2252 ἀπέλιπον,
1867 2205 1972 2256 Οὐχὶ,
1998 2204 2098 2256 φησί·
2118 2206 2162 2243 Εἰ
2184 2204 2251 2254 γὰρ
2272 2203 2406 2250 ἐκείνης

1382 2264 1577 2315 ἐμέμνηντο
1591 2295 1600 2312 ,
1612 2258 1703 2316 εἶχον
1723 2264 1762 2302 ἂν
1779 2266 1898 2317 καιρὸν
1918 2266 2142 2317 ἀνακάμψαι·
2161 2269 2219 2303 νῧν
2241 2264 2276 2303 δὲ
2292 2264 2405 2316 κρείτ-

1381 2341 1476 2369 τονος
1495 2327 1693 2378 ὀρέγονται,
1719 2326 1908 2372 τουτέστιν,
1938 2327 2153 2380 ἐπουρανίου,
2177 2321 2217 2372 ἧς
2244 2326 2405 2378 τεχνίτης

1382 2386 1441 2424 καὶ
1466 2388 1672 2439 δημιουργὸς
1694 2391 1712 2425 ὁ
1730 2387 1830 2430 Θεός.
1856 2387 1924 2426 Διὰ
1948 2392 2048 2426 τοῦτο
2071 2391 2131 2427 οὐκ
2156 2387 2405 2440 ἐπαισχύνεται

1382 2451 1399 2486 ὁ
1420 2448 1507 2492 Θεὸς
1526 2450 1707 2487 καλεῖσθαι
1724 2451 1833 2487 αὐτῶν
1854 2448 1953 2494 Θεός.

1432 2929 1680 2980 Μιμησ(ι’)μεοα
1711 2931 1750 2977 δὴ
1777 2931 1836 2969 καὶ
1860 2933 1961 2981 ’ἡμεῖς
1986 2928 2145 2975 τούτους,
2177 2929 2369 2979 παρακαλῶ
2388 2942 2395 2950 ·

1376 2992 1591 3044 ὑπερίδωμεν
1614 2996 1681 3030 τῶν
1708 2993 1904 3046 παρόντων,
1934 2990 2203 3041 ἐπιθυμήσωμεν
2227 2992 2293 3027 τῶν
2314 2991 2396 3040 μελ-

1377 3053 1518 3100 λόντων,
1544 3054 1707 3104 ‘stiffi->gisia
1740 3054 1801 3101 τὴν
1841 3058 1989 3105 γυναῖκα
2016 3051 2144 3098 ταύτην
2177 3051 2397 3095 διδάσκαλον,

1377 3115 1436 3153 καὶ
1451 3116 1535 3168 πρὸς
1558 3116 1614 3153 τὸν
1636 3115 1724 3153 Θεὸν
1748 3115 1800 3153 ἀεὶ
1820 3113 2106 3166 καταφεύγωμεν,
2128 3111 2188 3150 καὶ
2206 3114 2289 3164 παρ’
2311 3109 2397 3150 ἐκεί-

1377 3191 1433 3214 νου
1455 3175 1568 3214 ποίντα
1589 3179 1755 3227 αἰτῶμεν.
1776 3174 1886 3215 Οὐδὲν
1905 3175 1973 3228 γὰρ
2000 3176 2102 3226 εὐχῆς
2121 3173 2214 3212 ἴσον·
2244 3172 2302 3211 καὶ
2329 3171 2395 3224 γὰρ
2446 3197 2448 3200 >

1376 3236 1421 3275 τὰ
1440 3237 1590 3276 ἀδύνατα
1614 3238 1700 3285 αὕτη
1726 3243 1816 3276 ποιεῖ
1836 3235 1964 3275 δυνατὰ
1979 3266 1988 3283 ,
2017 3235 2076 3274 καὶ
2094 3235 2138 3274 τὰ
2163 3234 2313 3273 δύσκολα
2334 3232 2395 3285 ῥᾴ-

2461 3770 2493 3791 ΛΔ
