2516 3791
698 228 740 258 lN
779 229 881 258 Cau).
923 228 1038 258 xvut
1075 227 1238 257 (nimis.

119 315 236 364 νεκὴς,
261 313 445 359 ἀθάνατος,
468 312 578 351 ἅπασι
605 319 674 356 τοῖς
705 315 808 351 αἰωσι
837 310 1137 364 συμπαρεκτεινό-

120 393 231 453 μενος.
253 377 321 415 Καὶ
348 379 366 414 6
386 375 448 426 μὲν
475 375 577 418 πόνος
607 374 692 427 πρὸς
723 375 849 438 χρόνον
883 373 1035 426 βραχυν,
1061 377 1083 418 ἠ
1104 372 1139 410 δὲ

116 437 205 490 ὑπὲρ
223 441 292 475 niv
318 436 431 474 πόνων
451 437 582 488 ἀμοιὸὴ
609 435 706 479 τέλος
736 437 799 474 οὐκ
818 437 928 481 οἶδεν,
955 434 1030 473 οὐδὲ
1052 434 1138 471 εἴκει

117 498 319 551 τῶχρόνω,
349 498 426 536 οὐδὲ
455 497 672 551 μαραίνεται.
705 497 774 536 Καὶ
800 496 857 534 ἵνα
887 496 1042 547 μάθητε,
1066 492 1137 532 ἷδου

116 559 210 598 πόσα
229 560 290 605 ἔτη
310 561 358 597 διε
361 559 430 606 λη)
432 563 510 607 υθε,
531 575 589 597 και
616 558 721 597 πόσαι
741 557 878 610 γενεαὶ,
899 556 934 601 ἐξ
954 550 993 595 ου
1012 570 1139 608 πατρι-

115 636 229 673 αρχῆς
252 616 348 664 ουτος
373 637 414 672 ·Ξ(
400 620 514 672 ζγονε·
537 638 595 660 και
611 623 657 664 ὡς
672 621 752 672 χθὲς
771 619 829 657 καὶ
856 617 1027 669 σήμερον,
1048 615 1138 653 οὕτω

117 682 371 733 διαλάμπουσιν
390 685 493 721 αὐτοῦ
511 685 542 722 οἱ
561 682 648 734 ὑπὲρ
666 684 728 728 τῆς
743 683 869 733 ἅρετῆς
887 679 1062 731 στέφανοι,
1079 677 1137 716 καὶ

116 743 222 795 μέχρι
249 746 311 790 τῆς
340 743 535 788 συντελείας
568 745 673 790 αὗῆς
693 749 781 780 πᾶσι
809 747 881 784 τοῖς
911 734 947 778 εὖ
974 742 1136 792 φρονοῦσι

115 805 339 848 διδασκαλίας
357 806 517 848 ὒπόθεσις
533 804 679 856 γίνεται.

169 864 270 903 Ἐπεὶ
291 859 349 904 οῧν
369 865 512 912 τοιαύτη
532 869 592 903 τοῦ
613 863 745 904 δικαίου
765 863 886 901 τούτου
903 865 925 909 ἡ
943 861 1071 914 ἀρετὴ,
1088 864 1136 905 εἰς

115 927 216 971 ζῆλον
232 926 354 964 τούτου
379 927 621 978 διεγερθῶμεν,
640 925 700 964 καὶ
715 924 776 978 ὀψὲ
802 928 882 976 γοῦν
899 939 982 962 ποτε
1002 923 1065 971 τὴν
1084 926 1136 962 οἷ-

113 986 209 1024 κείαν
226 986 421 1038 ἐπιγνόντες
435 986 623 1038 εὐγένειαν,
643 987 700 1025 τὸν
718 984 942 1038 πατριάρχην
969 985 1137 1036 μιμησώ-

114 1051 217 1099 μεθα,
243 1048 301 1086 καὶ
320 1048 450 1087 ἔννοιάν
479 1065 555 1087 τινα
583 1048 749 1099 λάὸωμεν
778 1050 841 1094 τῆς
871 1046 1046 1099 σωτηρίας
1075 1049 1137 1094 τῆς

111 1111 302 1162 ἡμετέρας,
322 1109 381 1148 καὶ
408 1109 542 1157 πολλὴν
576 1109 779 1161 ἐπιμέλειαν
807 1108 988 1160 ποιώμεθα
1005 1139 1013 1155 ,
1046 1108 1136 1146 ὥστε

112 1170 162 1220 μὴ
194 1171 234 1209 τὸ
266 1174 369 1222 σῶμα
405 1171 506 1223 μόνον
537 1171 722 1222 ὑγιαίνειν,
758 1171 848 1209 ἀλλὰ
886 1170 944 1208 καὶ
976 1173 1038 1217 τῆς
1068 1172 1135 1222 ψυ-

111 1234 178 1284 χῆς
196 1231 239 1270 τὰ
258 1233 404 1285 διάφορα
427 1237 609 1284 νοσήματα
638 1232 822 1285 ἰατρεύειν.
846 1232 932 1270 Ἐὰν
958 1231 1027 1284 γὰρ
1056 1234 1136 1283 βου-

111 1293 253 1343 λώμεθα
277 1293 398 1345 νήφειν
425 1293 484 1332 καὶ
515 1293 758 1346 ἐγρηγορέναι,
787 1295 856 1331 τῶν
883 1297 944 1331 τοῦ
976 1293 1137 1344 σώματος

109 1357 231 1392 παθῶν
244 1355 475 1405 εὐκολώτερον
490 1355 534 1392 τὰ
547 1357 610 1400 τῆς
623 1357 739 1407 ψυχῆς
755 1354 924 1405 ἰασόμεθα
938 1354 1134 1405 νοσήματα.

108 1410 194 1453 O't'ov
210 1418 278 1467 γὰρ
293 1415 335 1454 ἂν
354 1417 479 1468 ἐνοχλῇ
495 1419 579 1466 ἡμῖν
594 1416 713 1462 πάθος,
733 1414 791 1454 ἐὰν
811 1415 982 1467 ἐθέλωμεν
1001 1416 1137 1454 εὖσεὸεῖ

107 1476 266 1528 λογισμῷ
285 1477 322 1514 ἐν
338 1479 387 1529 νῷ
408 1476 595 1515 ἀναλαὸεῖν
623 1477 663 1515 τὸ
688 1477 864 1529 κριτήριον
893 1480 956 1524 τῆς
988 1478 1139 1531 φοίῗερᾶς

106 1538 240 1584 ἐκείνης
253 1539 410 1591 ἡμέρας,
431 1539 491 1577 καὶ
517 1539 566 1590 μὴ
585 1538 672 1592 πρὸς
698 1540 739 1578 τὸ
762 1541 873 1593 παρὸν
892 1539 958 1587 ἡδὺ
976 1542 1113 1579 ἀπιδεῖν
1128 1569 1137 1587 ,

105 1599 196 1638 ἀλλὰ
229 1600 293 1647 τὴν
335 1600 423 1652 μετὰ
466 1605 579 1639 ταῦτα
612 1601 736 1648 ὀδύνην
769 1601 995 1655 ἐγγινομένην
1030 1606 1135 1655 ἡμῖν,

104 1665 118 1681 ²
131 1664 351 1713 παραχρῆμα
375 1662 619 1709 ἀποπτῆσεται
640 1663 700 1701 καὶ
720 1664 943 1711 ἀποτιηδήσει
960 1667 1025 1710 τῆς
1047 1668 1136 1716 ἡμε-

104 1722 206 1774 τέρας
222 1725 349 1776 ψυχῆς.
370 1723 431 1771 Μὴ
448 1723 561 1762 τοίνυν
591 1727 814 1776 ῥᾳθυμῶμεν,
837 1727 915 1764 ἀλλ’
937 1727 1066 1771 εἰδότες
1083 1727 1136 1767 ὅτι

105 1783 198 1834 ἀγών
227 1785 301 1821 ἐστι
328 1784 386 1822 καὶ
416 1784 665 1836 παλαίσματα,
694 1786 753 1824 καὶ
785 1788 836 1824 δεῖ
866 1789 1135 1840 παρατετάχθαι

104 1844 188 1896 πρὸς
209 1845 270 1892 τὴν
296 1845 428 1898 μάχην,
453 1847 529 1883 καθ
547 1846 697 1894 ἑκάστην
724 1850 793 1898 ημε
780 1848 859 1900 ’ραν
877 1851 978 1899 ἡμῶν
998 1849 1056 1887 τὸν
1074 1850 1133 1888 λο-

103 1907 229 1956 γισμὸν
247 1907 448 1957 ἀκμάζοντα
463 1923 522 1945 και
541 1908 663 1960 νεαρὸν
679 1907 829 1961 ἔχωμεν,
846 1909 904 1947 ἵνα
920 1926 984 1956 της
1003 1910 1131 1949 ἄνωθεν
1143 1941 1192 1967 425

102 1967 307 2020 συμμαγίας
328 1968 561 2012 ἀπολαύοντες
573 1999 582 2016 ,
600 1973 660 2007 τοῦ
675 1973 829 2022 πονηροῦ
849 1969 971 2009 τούτου
991 1971 1130 2024 θηρίου,

101 2031 161 2065 τοῦ
189 2028 373 2067 §memnon
400 2029 450 2067 λ;’·
439 2046 492 2081 γω
507 2046 570 2076 της
588 2031 760 2083 σωτηρίας
773 2047 835 2077 της
853 2031 1045 2083 ἡμετέρας,
1065 2033 1123 2081 τὴι

101 2088 255 2140 κεφαλὴν
283 2093 468 2142 συντρῖψαι
488 2092 700 2142 δυνηθῶμεν.
717 2091 829 2136 Αὐτὸς
842 2092 910 2144 γὰρ
926 2095 1011 2143 ἡμῖν
1028 2097 1046 2132 ὁ
1061 2097 1130 2133 Δε-

99 2150 231 2197 σπότης
258 2151 470 2203 ἐπήγγελται
489 2152 600 2203 λέγων
616 2168 624 2176 ·
646 2152 735 2191 Ἰδοὺ
764 2152 900 2191 δέδωκα
926 2156 1007 2203 ὑμῖν
1031 2155 1130 2199 ἐξου-

99 2211 176 2248 σίαν
208 2217 330 2249 πατεῖν
368 2212 485 2250 ἐπάνω
513 2213 624 2265 ὄφεων
653 2213 712 2251 καὶ
744 2213 921 2266 σκορπίων
936 2245 946 2261 ,
978 2215 1036 2253 καὶ
1069 2217 1128 2254 ε’πὶ

97 2278 213 2310 πᾶσαν
243 2272 307 2319 τὴν
340 2273 484 2325 δύναμιν
516 2278 576 2312 τοῦ
609 2277 746 2327 ἐχθροῦ.
777 2275 955 2327 Νήφωμεν
992 2276 1106 2316 τοίνυν
1119 2309 1128 2327 ‚

98 2335 312 2385 παρακαλῶ,
342 2334 400 2372 ἵνα
430 2337 508 2373 κατ’
539 2335 632 2388 ἴχνος
661 2339 723 2374 τοῦ
753 2336 974 2390 πατριάρχου
1006 2338 1128 2379 τούτου

98 2394 161 2441 τὴν
184 2395 310 2447 ἀρετὴν
343 2396 541 2446 μετιόντες,
559 2401 628 2436 τῶν
655 2399 768 2436 αὐτῶν
797 2397 918 2451 ἐκείνῳ
947 2399 1124 2452 στεφάνων

99 2454 286 2501 ἀξιωθῆναι
300 2458 514 2508 δυνηθῶμεν,
535 2458 594 2496 καὶ
610 2461 658 2502 εἷς
673 2458 752 2503 τοὺς
769 2458 892 2498 τούτου
906 2465 1123 2509 καταντῆσαι

99 2517 266 2564 κόλπους,
296 2518 355 2556 καὶ
386 2519 564 2570 διαφυγεῖν
583 2519 647 2566 τὴν
675 2521 710 2558 ἐν
736 2523 780 2572 τῇ
808 2521 927 2573 γεέννῃ
957 2521 1122 2572 κόλασιν,

98 2577 156 2615 καὶ
174 2581 244 2616 τῶν
264 2579 470 2631 ἀπορρήτων
490 2580 628 2619 ἐκείνων
647 2583 784 2633 ἀγαθῶν
811 2581 1011 2629 ἀξιωθῆναι.
1029 2583 1110 2623 Ἀλλ

99 2654 153 2676 ινα
168 2640 310 2678 πλείονα
332 2641 466 2687 ζηλον’
451 2657 485 2679 εν
506 2644 585 2692 ὑμῖν
607 2643 857 2695 ἐργαζώμεθα,
874 2660 934 2682 και
952 2644 1037 2697 πρὸς
1056 2646 1121 2694 τὴν

97 2703 156 2738 τοῦ
177 2701 309 2740 δικαίου
328 2702 450 2741 τούτου
480 2702 627 2754 μίμησιν
659 2706 748 2756 ὑμας
777 2705 1017 2758 διεγείρωμεν,
1039 2707 1121 2782 φέρε

97 2760 234 2798 πάλιν’
220 2777 260 2800 εκ
278 2779 338 2809 της
357 2766 434 2802 κατ’
462 2764 564 2802 αὐτὸν
594 2764 747 2817 ἱστορίας
776 2767 1014 2819 διαλεχθῶμεν
1032 2769 1119 2822 πρὸς

98 2820 192 2866 τ·>ν
180 2822 349 2874 υαετέραν
377 2824 529 2874 ἀγάπην,
546 2826 746 2870 ἐπελθόντες
765 2843 833 2866 των
850 2828 927 2875 ἑξης
947 2828 1050 2876 τὴν’
1031 2847 1120 2870 ακο-

98 2882 248 2920 λουθίαν.
270 2883 370 2921 Μετὰ
386 2884 452 2936 γαρ
470 2901 531 2932 την
549 2887 676 2939 δαψιλῆ
693 2888 925 2941 φιλοξενίαν’
909 2890 1059 2939 εκείνην,
1082 2893 1121 2930 οὐ

98 2945 140 2994 τῇ
160 2943 320 2990 ποιότητι
345 2944 367 2990 ἢ
387 2946 555 2993 ποσότητι
579 2950 649 2986 τῶν
670 2949 870 3000 ἐδεσμάτων
894 2951 1122 3003 κρινομένην,

98 3004 188 3042 ἀλλὰ
208 3008 249 3055 τῇ
269 3006 465 3058 προθυμία,
483 3007 523 3045 τὸ
539 3008 678 3061 δαψιλὲς
703 3013 765 3058 τῆς
780 3011 923 3063 γνώμης
939 3013 1123 3065 δεξάμενος

97 3069 317 3118 παραχρῆμα
344 3083 406 3113 της
434 3067 625 3120 φιλοξενίας
650 3069 713 3114 τὰς
739 3071 888 3121 ἀμοιὸὰς
916 3074 1120 3126 ἐχαρίσατο.

100 3125 168 3162 Καὶ
198 3126 316 3176 μαθων
344 3128 396 3172 τίς
425 3144 461 3167 τε
483 3129 536 3176 εἴη
562 3132 580 3167 6
607 3131 872 3182 παραγεγονὼς,
898 3134 958 3171 καὶ
987 3134 1079 3182 πόση
1100 3138 1122 3181 ἡ

99 3200 133 3221 τ
125 3185 220 3224 ύτου
240 3188 404 3239 δύναμις,
431 3191 616 3242 μέλλουσιν
635 3193 764 3231 ἐκεῖθεν
786 3193 844 3231 ἐπὶ
870 3194 934 3241 τὴν
954 3194 1122 3247 Σοδόμων

99 3249 342 3301 καταστροφὴν
360 3253 470 3303 ὁρμᾷν
493 3252 727 3299 ’ἠκολούθησεν
745 3257 764 3292 6
784 3256 1006 3308 πατριάρχης
1026 3273 1120 3308 συμ-

100 3308 337 3360 προπέμπων,
365 3312 482 3364 φησίν.
507 3313 604 3366 ζὈρα
634 3315 813 3355 Δεσπότου
840 3318 1120 3371 φιλανθρωπίαν,

1281 225 1436 255 uotum.
1476 225 1587 255 xLu.
2072 217 2154 274 [¹9¹

1214 309 1375 346 laborum
1398 309 1504 346 linem
1524 321 1592 346 non
1615 307 1730 355 habet,
1751 320 1864 358 neque
1889 307 1981 345 cedit
1996 310 2164 360 tempori,

1213 384 1325 421 neque
1344 369 1539 407 marcescit.
1559 368 1604 406 Et
1627 377 1665 406 ut
1689 367 1853 418 discatis,
1879 382 1957 406 ecce
1977 378 2061 419 quot
2081 369 2164 407 anni

1212 430 1472 482 prattcrierunt,
1495 438 1581 481 quot
1601 430 1857 481 generationes,
1877 444 1897 468 a
1916 444 1986 481 quo
2010 430 2164 482 patriar-

1163 504 1187 532 1)
1212 488 1278 526 clia
1299 488 1356 526 hic
1376 489 1410 526 in
1431 488 1524 528 vivis
1543 489 1610 526 suit
1628 505 1635 526 ε
1656 498 1689 527 et
1711 489 1803 527 sicut
1821 489 1898 527 beri
1920 498 1954 527 et
1973 488 2094 538 hodie,
2115 489 2163 526 ita

1212 549 1347 599 fulgent
1361 551 1436 601 ejus
1452 564 1516 602 pro
1532 551 1664 589 virtute
1677 565 1829 601 coronae,
1841 561 1874 589 et
1892 565 2001 603 usque
2017 550 2063 589 ad
2081 565 2162 589 con-

1211 611 1482 648 summationem
1503 612 1624 649 smculi
1645 612 1811 651 omnibus
1829 613 1890 664 qui
1911 622 2003 652 recte
2020 613 2164 666 sapiunt

1210 679 1460 722 argumentum
1478 680 1511 709 et
1529 672 1701 711 sermonis
1716 682 1749 711 et
1767 673 1948 712 doctrina».

1265 860 1301 895 5³2.
1316 856 1469 895 Proinde
1484 858 1568 908 qnia
1584 857 1665 896 talis
1681 867 1732 897 cst
1748 859 1978 913 virtusjusti,
1994 862 2037 900 ad
2054 877 2162 902 aemu-

1211 917 1360 956 landum
1371 919 1475 956 illum
1489 919 1791 971 expergiscamur,
1811 931 1845 959 et
1860 922 1914 960 vet
1934 925 2163 963 serotandem

1211 988 1369 1019 nostram
1398 990 1625 1032 agnoscentes
1655 981 1898 1031 nobilitatem,
1923 985 2163 1036 patriarcham

1211 1040 1408 1090 imitemur,
1434 1051 1468 1080 et
1486 1041 1530 1080 de
1549 1042 1660 1081 salute
1680 1052 1797 1081 nostra
1817 1044 2027 1096 cogitemus,
2051 1049 2162 1086 multa

1211 1102 1372 1140 adhibita
1389 1102 1586 1155 diligentia,
1606 1112 1646 1141 ut
1664 1117 1732 1141 non
1752 1104 1868 1142 solum
1891 1119 2018 1159 corpus
2038 1122 2163 1146 sanum

1211 1164 1272 1214 sit,
1309 1164 1369 1202 sed
1394 1174 1427 1203 et
1452 1175 1491 1203 ut
1522 1165 1656 1204 diversi
1687 1166 1813 1204 animae
1841 1168 1957 1206 morbi
1985 1180 2162 1208 curentur.

1162 1244 1186 1274 Ε
1211 1228 1303 1264 Nam
1320 1227 1347 1264 si
1375 1227 1595 1266 voluerimus
1623 1227 1733 1265 sobrii
1763 1243 1837 1267 esse
1857 1244 1898 1267 ac
1921 1230 2059 1282 vigiles,
2081 1233 2166 1270 faci-

1211 1287 1281 1325 lius
1293 1288 1435 1327 morbos
1448 1289 1576 1326 animae
1590 1303 1698 1340 quam
1713 1291 1870 1342 corporis
1883 1292 2162 1333 emendabimus.

1211 1349 1304 1386 Nam
1323 1350 1461 1401 quoties
1479 1364 1542 1387 nos
1561 1350 1700 1389 affectio
1718 1352 1896 1404 quaepiam
1915 1354 2114 1406 perturbat,
2135 1357 2164 1394 si

1211 1409 1429 1449 voluerimus
1445 1411 1504 1463 pia
1519 1411 1755 1463 religiosaque
1773 1422 1889 1452 mente
1903 1415 2165 1469 cogitaiejudi-
2213 1412 2366 1438 ⁰¹⁰¹¹⁰¹¹¹⁸¹

1210 1470 1307 1509 cium
1326 1471 1398 1509 dici
1417 1472 1516 1510 illius
1532 1472 1714 1522 terribilis,
1740 1482 1773 1511 et
1802 1488 1871 1512 non
1891 1475 1938 1513 ad
1956 1487 2163 1529 praesentem
2177 1463 2365 1542 quwpnffi-

1211 1532 1430 1586 voluptatem
1447 1543 1618 1587 spectare,
1637 1533 1698 1572 scd
1715 1534 1763 1573 ad
1781 1537 1959 1576 cruciatus
1975 1554 2064 1590 quos
2079 1555 2162 1593 pro·
2176 1546 2256 1604 {1⁰⁰⁵

1208 1603 1286 1646 pter
1301 1595 1398 1634 illam
1412 1595 1577 1645 feremus,
1597 1595 1718 1633 statim
1738 1596 1784 1633 ab
1802 1597 1920 1636 anima
1940 1609 2057 1638 nostra
2077 1602 2164 1640 resi·
2184 1587 2231 1605 ἰς’

1207 1655 1268 1694 liet
1287 1666 1320 1695 et
1334 1657 1505 1696 avolabit.
1528 1656 1781 1710 Eapropterne
1802 1658 1914 1697 simus
1936 1661 2162 1714 negligentes,

1208 1717 1270 1756 sed
1297 1718 1446 1757 scientes
1473 1731 1623 1770 agonem
1649 1732 1722 1756 esse
1756 1728 1789 1757 et
1823 1729 2011 1773 certamen,
2050 1733 2088 1761 ut
2124 1725 2160 1762 in

1206 1780 1331 1832 praelio
1340 1780 1503 1819 hostibus
1523 1794 1584 1819 nos
1595 1780 1806 1833 objiciamus
1825 1792 1976 1835 oportet,
1997 1786 2157 1836 quotidie

1207 1851 1407 1892 renovetur,
1424 1856 1466 1880 ac
1480 1855 1583 1893 v1g01
1585 1856 1717 1894 emJux
1719 1842 1845 1881 enilem
1860 1845 2007 1897 leeipiat
2019 1846 2162 1886 animus

1178 1912 1337 1954 noster,
1350 1912 1390 1942 ut
1415 1917 1568 1956 superno
1599 1903 1679 1941 freti
1709 1903 1893 1956 praesidio,
1920 1907 2022 1945 malae
2050 1908 2160 1961 hujus

1155 1979 1180 2008 A
1204 1963 1336 2015 bestiae,
1373 1964 1590 2004 insidiatoris
1611 1964 1697 2002 dico
1726 1965 1851 2004 salutis
1881 1976 2021 2035 nostrae,
2053 1980 2159 2023 caput

1210 2025 1330 2063 statim
1348 2035 1526 2064 conterere
1554 2026 1748 2064 valeamus.
1768 2027 1849 2079 Ipse
1865 2028 1960 2066 enim
1982 2030 2158 2070 Dominus

1204 2086 1306 2124 nobis
1326 2087 1501 2139 promisit,
1522 2086 1664 2125 dicens:
1681 2088 1786 2125 Ecce
1801 2090 1890 2127 dedi
1913 2092 2025 2128 vobis
2046 2101 2154 2142 pote-
2172 2100 2287 2130 Lumo
2310 2111 2355 2140 ¹9·

1202 2157 1342 2186 statem
1369 2148 1552 2186 calcandi
1578 2161 1694 2199 super
1706 2158 1899 2200 serpentes
1924 2158 1960 2189 et
1986 2156 2156 2204 scorpio-

1203 2223 1282 2259 nes,
1302 2217 1339 2248 et
1353 2223 1465 2261 super·
1478 2223 1628 2247 omnem
1642 2212 1830 2249 virtutem
1844 2213 2003 2250 ἰηίηιῐεὶ.
2021 2214 2158 2266 Vigile-

1202 2284 1281 2308 mus
1294 2270 1304 2308 i
1309 2271 1426 2323 gitur,
1436 2270 1596 2319 obsecro,
1607 2279 1645 2308 ut
1661 2270 1810 2322 vestigia
1827 2271 1935 2325 hujus
1941 2275 2154 2326 patriarchae

1200 2341 1382 2382 sequentes
1394 2331 1441 2370 ad
1453 2332 1622 2371 virtutem
1635 2331 1881 2383 exercendam,
1895 2335 2038 2374 easdam
2058 2351 2154 2376 coro-

1199 2406 1262 2431 nas
1281 2394 1407 2432 mereri
1428 2393 1617 2447 possimus,
1631 2402 1665 2431 et
1683 2392 1729 2431 ad
1744 2395 1820 2446 ejus
1842 2395 1940 2434 sinus
1956 2399 2153 2448 pervenire,

1198 2464 1233 2494 et
1256 2456 1411 2508 effugere
1437 2456 1603 2507 gehennae
1637 2469 1791 2508 poenam,
1823 2465 1856 2494 et
1892 2458 2030 2509 assequi
2059 2459 2150 2498 bona

1197 2517 1260 2555 illa
1288 2517 1496 2556 ineffabilia.
1527 2518 1666 2556 Verum
1697 2525 1736 2554 ut
1761 2517 1915 2569 amplior
1943 2518 2005 2556 fiat
2033 2530 2149 2558 vestra

2240 1369 2367 1398 Facilius

2287 1547 2365 1564 mut-

1113 2588 1120 2601 ’
1148 2590 1171 2620 B
1197 2579 1387 2628 aemulatio,
1404 2589 1436 2617 et
1460 2578 1575 2630 magis
1592 2577 1639 2615 ad
1654 2577 1868 2616 imitandum
1888 2578 1985 2617 hunc
2009 2580 2149 2632 justum

1195 2654 1258 2680 vos
1276 2654 1510 2693 provocemus
1533 2655 1541 2676 τ
1566 2652 1630 2690 age
1655 2638 1784 2676 iterum
1802 2653 1846 2677 ex
1873 2639 2020 2678 historia
2050 2642 2149 2681 illius

1194 2716 1277 2740 cum
1313 2709 1431 2740 vestra
1483 2700 1628 2738 caritate
1667 2699 1934 2751 colloquentes,
1969 2704 2147 2754 sequentia

1192 2763 1455 2816 aggrediamur.
1491 2761 1607 2813 Igitur
1642 2770 1721 2813 post
1750 2761 1888 2812 largam
1925 2762 2026 2802 illam
2074 2765 2146 2804 ho-

1192 2825 1443 2878 spitalitatem,
1470 2836 1577 2873 quam
1611 2822 1789 2869 exercuit,
1821 2835 1889 2861 non
1915 2823 2054 2863 lautitia
2091 2826 2147 2865 vel

1194 2886 1460 2938 multiplicitate
1485 2884 1714 2931 serculorum,
1737 2883 1800 2921 sed
1825 2884 2007 2924 alacritate
2035 2896 2067 2943 et
2099 2888 2144 2925 li-

1193 2947 1380 2986 beralitate
1405 2945 1532 2984 mentis
1561 2944 1784 2993 aestimatam,
1810 2945 1930 2984 statim
1958 2946 2143 3000 hospitali-

1193 3009 1277 3047 tatis
1315 3006 1511 3046 mercedem
1546 3005 1730 3043 obtinuit:
1757 3014 1790 3043 et
1821 3005 1950 3045 didicit
1981 3012 2145 3059 quisnam

1194 3085 1348 3126 praesens
1375 3069 1435 3107 ille
1463 3076 1565 3115 esset,
1594 3076 1627 3105 et
1645 3076 1774 3118 quanta
1803 3068 1880 3119 ejus
1905 3069 2032 3108 virtus.
2056 3071 2144 3109 Abi—

1195 3144 1292 3173 turos
1317 3131 1417 3170 illinc
1452 3128 1498 3167 ad
1529 3127 1766 3166 subvertenda
1793 3129 1949 3168 Sodoma
1987 3132 2145 3182 sequitur

1194 3193 1410 3249 patriarcba,
1434 3200 1467 3229 et
1491 3189 1636 3228 honoris
1664 3203 1768 3228 causa
1790 3191 1991 3240 comitatur,
2017 3193 2141 3244 inquit.

1145 3258 1169 3287 C
1195 3256 1290 3296 Vide
1308 3252 1452 3292 Domini
1477 3251 1699 3290 clementiam
1719 3260 1752 3295 et
1776 3262 1907 3303 quanta
1928 3253 2145 3305 benignitate

1194 3314 1485 3368 indulgentiaque
1498 3326 1596 3363 usus,
1607 3311 1816 3365 simuljusto
1831 3313 1997 3351 honorem
2011 3315 2018 3351 i
2025 3329 2143 3366 mpen-

156 3442 169 3457 ὃ
195 3432 294 3466 Savil.
313 3442 344 3467 et
363 3434 488 3480 aliquot
514 3438 589 3472 ὶῐεε.
613 3453 736 3486 ‘⁷5²1
741 3447 804 3483 ἥμχ
828 3447 877 3487 ἀρ
875 3447 992 3477 'n-u-uc
1007 3446 1055 3477 ,φὶ
1072 3443 1190 3480 stom?
1184 3449 1223 3475 5.
1240 3439 1336 3482 [nox
1355 3442 1403 3472 καί
1419 3443 1496 3471 aute
1519 3438 1560 3471 δεῖ
1582 3434 1804 3479 supplevimus
1821 3447 1837 3469 e
1853 3435 1952 3469 Saxil
1976 3444 2006 3468 et
2028 3437 2126 3470 Cois-l
2133 3440 2145 3481 J

1896 3482 1956 3520 55-
