2483 3791
200 771 318 800 Moralis

129 814 270 852 epilogus.

151 1629 324 1657 Liberalitas

134 1671 192 1698 Dei
219 1672 247 1698 iu
272 1671 324 1697 ho-

135 1721 240 1739 mines.
258 1723 263 1729 ·

149 2911 234 2939 Psal.
260 2910 311 2942 36.

145 2960 195 2988 27.

335 186 422 243 144

327 294 433 333 super
451 289 583 318 terram
611 279 714 318 illum
741 279 872 319 versari
900 278 1032 318 voluit:
1061 291 1144 316 cum
1165 275 1278 327 igitur

326 343 402 380 haec
428 341 547 379 omnia
567 355 707 379 mecum
729 350 870 392 reputo,
904 340 1113 392 obstupesco
1136 346 1170 375 et
1197 338 1276 374 Do-

329 403 418 441 mini
440 401 663 440 elementiam
678 402 714 439 in
733 401 931 438 humanum
940 411 1064 450 genus,
1080 407 1113 434 et
1121 394 1277 434 hominis

329 460 518 511 desidiam,
538 469 571 497 et
593 458 730 497 diaboli
749 457 1001 495 invidentiam:
1025 468 1097 492 11011
1112 454 1207 491 0111111
1229 453 1279 490 fe-

329 522 428 561 rebat
453 521 567 558 malus
591 520 652 557 ille
676 519 815 556 daemon
839 516 960 555 videre
980 516 1016 553 in
1040 528 1186 568 corpore
1212 513 1278 552 ho-

329 583 461 621 minem
479 581 675 632 angelicam
695 579 806 618 vitam
823 586 998 630 agentem.

748 197 786 228 S.
823 196 1011 228 JOANNIS

383 765 420 802 5.
437 764 613 801 Caeterum
633 776 676 800 ne
702 761 813 800 nimia
837 759 1062 812 longitudine
1085 773 1282 798 sermonem
1303 767 1326 798 C

331 824 580 874 extendamus,
603 824 631 862 si
651 824 779 876 placet,
805 823 864 860 hic
889 823 997 860 finem
1026 820 1196 872 loquendi
1222 821 1282 858 fa-

331 888 472 936 cientes,
492 899 704 938 reponemus
725 884 761 922 in
777 893 959 936 posterum
977 897 1018 920 ea
1038 896 1118 933 quae
1144 882 1188 920 de
1200 881 1283 919 dja-

330 948 405 986 boli
419 946 567 997 *insidiis
585 954 794 997 sequuntur,
819 954 974 983 vestram
995 952 1134 982 orantes
1152 943 1284 980 carita-

331 1017 417 1057 tem,
437 1016 478 1045 ut
505 1006 693 1058 diligenter
718 1020 757 1043 ea
777 1019 854 1056 quae
874 1005 970 1043 dicta
992 1012 1075 1042 sunt
1105 1003 1284 1041 memoriae

332 1067 598 1116 commendetis,
614 1075 647 1104 et
662 1066 850 1104 vobiscum
868 1064 1078 1117 expendatis
1090 1078 1131 1101 ea
1149 1064 1282 1111 omnia,

332 1138 373 1166 ut
386 1126 599 1180 profundius
611 1126 646 1164 in
658 1125 933 1177 cogitationibus
946 1124 1074 1163 vestris
1084 1124 1282 1162 considant.

331 1190 425 1227 Nam
446 1189 476 1226 si
492 1188 659 1226 continuo
674 1186 930 1225 beneficiorum
954 1186 1036 1236 Dei,
1058 1199 1136 1237 quae
1155 1185 1192 1223 in
1224 1198 1283 1223 no-

333 1258 446 1287 strum
466 1263 576 1300 genus
592 1248 756 1294 contulit,
777 1247 1017 1297 recordemur,
1047 1255 1081 1284 et
1099 1246 1168 1299 ipsi
1193 1245 1285 1298 grati

333 1310 481 1360 erimus,
497 1319 530 1348 et
544 1309 589 1347 ad
602 1309 746 1347 virtutis
762 1309 860 1347 viam
879 1322 1007 1360 magna
1028 1307 1068 1346 id
1084 1308 1150 1345 erit
1169 1307 1285 1345 exsti-

333 1371 493 1408 mulatio.
512 1371 656 1423 Quippe
668 1370 895 1407 manifestum
908 1378 971 1417 est,
986 1383 1068 1406 eum
1084 1368 1145 1419 qui
1155 1368 1288 1405 benefi-

335 1431 388 1469 cia
407 1431 472 1469 Dei
486 1445 605 1469 secum
622 1430 805 1482 recogitat,
823 1444 967 1482 operam
977 1428 1146 1467 daturum
1159 1443 1202 1466 ne
1214 1428 1288 1466 illis

337 1491 506 1542 indignus
525 1491 704 1537 videatur,
725 1490 786 1528 sed
805 1490 892 1528 tanti
912 1490 1024 1528 studii
1042 1499 1076 1528 et
1101 1499 1173 1527 tam
1194 1489 1286 1541 grati
1308 1505 1333 1534 D

337 1553 447 1590 animi
460 1553 636 1602 futurum,
654 1560 694 1589 ut
714 1561 747 1589 et
775 1552 844 1590 alia
868 1560 1119 1602 consequenter
1153 1565 1286 1589 merea—

338 1623 407 1652 tur.
439 1613 613 1651 Liberalis
634 1613 767 1666 quippe
795 1622 846 1651 est
875 1613 1051 1651 Dominus
1088 1621 1217 1661 noster,
1254 1621 1288 1649 et

338 1675 482 1727 quando
501 1675 597 1713 videt
621 1689 683 1711 nos
694 1683 794 1725 grato
814 1673 933 1712 animo
950 1688 1022 1711 esse
1042 1674 1134 1711 circa
1154 1687 1192 1711 ea
1209 1687 1288 1724 quae

333 1739 410 1789 jam
442 1737 543 1774 nobis
574 1735 756 1783 concessit,
789 1735 880 1772 ultra
919 1749 981 1772 nos
1013 1735 1144 1786 potiori
1175 1733 1288 1784 gratia

337 1798 603 1850 majoribusque
634 1796 840 1833 muneribus
868 1796 1170 1847 impletttantum
1186 1794 1288 1832 nobis

337 1869 455 1897 nostra
471 1858 566 1895 salus
580 1871 671 1894 curae
694 1856 752 1906 sit,
769 1870 813 1893 ne
832 1856 879 1892 ita
897 1855 1130 1906 incogitanter
1149 1864 1288 1906 tempus

337 1920 591 1970 transigamus,
612 1931 726 1967 neque
753 1917 820 1954 hoc
848 1915 1086 1963 attendamus,
1117 1916 1145 1953 si
1174 1915 1287 1952 dimi-

337 1980 440 2018 dium
469 1977 761 2029 Quadragesimae
789 1976 982 2025 transierit,
1011 1975 1072 2013 sed
1095 1975 1123 2014 si
1158 1990 1228 2026 qua
1252 1976 1289 2013 in

340 2042 406 2079 hoe
425 2051 582 2093 tempore
597 2054 616 2076 a
632 2038 734 2076 nobis
753 2039 843 2076 bene
864 2047 958 2089 gesta
979 2046 1074 2087 sunt,
1097 2046 1131 2075 et
1143 2037 1172 2075 si
1202 2051 1290 2088 quas

338 2101 540 2138 affectiones
572 2114 650 2150 quae
681 2113 745 2136 nos
770 2100 980 2150 perturbant
1020 2098 1290 2136 correxerimus.

339 2163 432 2199 Nam
445 2161 473 2198 si
493 2160 652 2211 quotidie
671 2158 849 2211 spirituali
867 2158 1028 2196 doctrina
1044 2159 1180 2206 refecti,
1201 2172 1291 2195 sem-

343 2237 406 2274 per
417 2222 525 2259 iidem
545 2220 792 2269 manserimus,
813 2233 926 2269 neque
944 2219 979 2256 111
999 2218 1193 2258 virtutibus
1213 2232 1291 2255 cre-

344 2283 512 2331 verimus,
530 2296 642 2332 neque
660 2290 882 2333 peccatorum
902 2294 1026 2331 genera
1051 2294 1068 2317 e
1091 2279 1294 2332 pectoribus

346 2345 475 2382 nostris
504 2341 795 2393 effugaverimus,
837 2354 906 2377 non
940 2340 1055 2377 solum
1092 2339 1174 2376 iude
1203 2339 1295 2377 nihil

347 2405 412 2443 erit
427 2403 604 2446 utilitatis,
621 2402 727 2440 sedet
738 2401 935 2453 plurimum
950 2400 1168 2438 nocumenti:
1183 2414 1295 2450 quan-

347 2465 542 2516 doquidem
562 2463 621 2513 qui
644 2471 740 2500 tanta
759 2476 842 2500 cura
861 2461 1004 2499 habitus
1027 2461 1119 2498 nihil
1134 2460 1223 2498 lueri
1245 2461 1294 2497 fa-

349 2526 406 2575 cit,
427 2540 538 2576 neque
554 2524 710 2577 proficit,
734 2524 905 2574 majorem
936 2522 1005 2559 sibi
1031 2531 1213 2560 coacervat
1236 2535 1297 2573 ge-

348 2588 471 2625 liennae
486 2588 619 2638 ignem.
647 2585 731 2623 Ideo
752 2599 825 2633 oro,
847 2593 887 2621 ut
909 2584 1033 2622 saltem
1056 2582 1232 2634 reliquum
1244 2585 1298 2636 je-

343 2649 437 2701 junii
463 2658 601 2699 tempus
631 2655 667 2684 ut
698 2647 797 2684 decet
824 2646 1054 2694 insumamus,
1084 2654 1122 2682 ut
1146 2645 1297 2696 singulis

345 2708 591 2756 hebdomadis,
614 2708 686 2746 imo
704 2706 855 2758 singulis
873 2706 1000 2744 diebus
1017 2720 1078 2743 nos
1098 2705 1191 2758 ipsos
1213 2720 1295 2743 eon-

346 2771 554 2817 sidcremus,
575 2779 607 2808 01
624 2769 711 2807 vitia
725 2769 771 2806 ab
785 2767 972 2805 animabus
986 2759 1120 2805 ⁴nostris
1139 2767 1296 2819 expella-

347 2846 440 2880 mus,
463 2846 502 2868 ac
520 2831 695 2868 bonorum
713 2842 860 2881 operum
877 2827 1129 2880 possessionem
1150 2827 1297 2877 conqui-

347 2907 478 2939 ramus,
506 2892 595 2929 sicut
626 2890 797 2943 propheta
826 2898 942 2927 noster
963 2888 1160 2937 admonuit,
1181 2888 1294 2926 deeli-

348 2968 472 2991 nemus
491 2968 510 2989 a
527 2953 645 3002 malis,
669 2961 702 2989 et
721 2951 767 2989 ad
788 2951 957 2990 virtutem
973 2959 1211 2988 transeamus:
1228 2950 1295 2988 hoe

347 3014 476 3051 etenim
493 3028 616 3051 verum
637 3022 688 3049 051
701 3012 891 3064 jejunium.
923 3010 1120 3049 Iracundus
1143 3011 1294 3049 ferocem

347 3074 645 3127 perturbationem
662 3074 717 3125 pia
735 3072 948 3123 cogitatione
963 3072 1008 3110 ab
1027 3071 1143 3110 anima
1173 3072 1293 3109 elimi-

345 3145 413 3184 1101,
434 3134 741 3172 mansuetudinem
752 3143 870 3171 autem
885 3143 917 3171 et
928 3133 1105 3171 lenitatem
1116 3133 1294 3185 amplexe-

344 3207 412 3233 tur.
432 3198 539 3234 Dcscs
555 3204 588 3231 et
602 3195 852 3246 intemperans,
873 3203 904 3232 01
925 3194 1158 3233 formosorum
1176 3207 1295 3246 corpo-

388 3314 403 3336 ¹'
419 3310 556 3344 Coist‘in.
577 3312 833 3343 καταπαύσασθαι.

391 3376 402 3389 ²
420 3363 556 3396 Coislin.
576 3365 837 3407 παραῦράμωμευ.

1307 2678 1353 2704 122

1319 2718 1343 2746 Α
1366 2706 1440 2744 δέον
1458 2704 1694 2758 χρησώμεθα,
1714 2703 1773 2741 καὶ
1790 2705 1867 2740 καθ’
1897 2703 2047 2749 ἑκάστην
2077 2702 2271 2752 ἑὸδομάδα,
2300 2704 2391 2752 μᾶλ·

1047 193 1302 226 CHRYSOST.
1339 191 1547 222 ARCHIEP.
1584 192 1946 222 CONSTANTINOP.

1347 272 1599 324 συγχωρήσας,
1620 273 1710 311 ἀλλὰ
1723 304 1732 322 ,
1749 274 1908 327 καθάπερ
1928 273 2033 325 ἔφθην
2053 272 2174 322 εἰπὼν,
2202 275 2248 316 ὡς
2275 272 2376 324 ἄγγε-

1347 335 1407 370 λον
1427 333 1590 384 ἐπίγειον,
1611 333 1718 377 οὕτως
1734 334 1835 372 αὐτὸν
1851 334 1910 371 ἐπὶ
1929 336 1990 380 τῆς
2009 336 2074 385 γῆς
2093 334 2226 386 διάγειν
2248 335 2377 385 βουλη-

1348 393 1435 437 θείς·
1451 392 1534 431 ὅταν
1566 393 1679 432 τοίνυν
1713 394 1829 433 πάντα
1848 399 1958 433 ταῦτα
1982 394 2201 446 λογίσωμαι,
2231 394 2292 432 καὶ
2318 398 2378 432 τοῦ

1347 453 1526 492 Δεσπότου
1543 453 1784 504 ἐκπλήττομαι
1802 454 1865 501 τὴν
1882 455 1962 508 περὶ
1980 456 2019 493 τὸ
2037 454 2132 502 γένος
2147 455 2187 493 τὸ
2208 454 2378 507 ἡμέτερον

1347 514 1622 567 φιλανθρωπίαν,
1643 515 1702 553 καὶ
1727 519 1787 553 τοῦ
1812 515 1993 568 ἀνθρώπου
2021 515 2085 562 τὴν
2109 514 2293 567 ῥᾳθυμίαν,
2312 514 2374 552 καὶ

1347 578 1408 613 τοῦ
1430 575 1591 625 &affirm
1612 575 1674 623 τὴν
1695 575 1888 627 βασκανίαν
1905 591 1912 599 ·
1945 578 1982 614 οὗ
2013 575 2080 626 γὰρ
2110 576 2252 627 ἤνεγκεν
2273 578 2291 614 ὃ
2310 591 2376 613 πο·

1349 636 1451 689 νηρὸς
1468 636 1602 687 δαίμων
1622 638 1711 689 ὁρῶν
1740 638 1773 674 ἐν
1794 634 1935 687 σώματι
1955 635 2164 687 ἀνθρωπίνῳ
2191 635 2379 687 ἀγγελικὴν

1352 696 1544 749 διαγωγήν.

1404 758 1495 797 Ἀλλ7
1529 756 1586 795 ἵνα
1621 756 1670 808 μὴ
1700 759 1747 800 εἷς
1775 755 1863 795 πολὺ
1886 760 1997 808 μῆκος
2015 755 2073 794 τὸν
2092 756 2194 807 λόγον
2219 754 2376 794 ἐκτείνω-

1353 835 1429 871 μεν,
1458 822 1487 857 εἷ
1517 820 1629 865 δοκεῖ,
1660 818 1705 856 τὰ
1738 818 1829 857 κατὰ
1856 818 1920 865 τὴν
1947 821 2006 856 τοῦ
2032 821 2184 871 πονηροῦ
2217 816 2379 868 δαίμονος

1351 879 1540 927 ἐπιδουλὴν
1557 882 1605 924 εἷς
1625 879 1689 926 τὴν
1710 879 1788 926 ἑξῆς
1803 879 2097 930 ταμιευσάμενοι,
2119 881 2266 917 ἐνταῦθα
2290 877 2380 916 ι’κα-

1351 940 1587 991 ταπαύσωμεν
1603 941 1660 979 τὸν
1681 940 1797 992 λόγον,
1812 942 1922 978 ἐκεῖνο
1944 939 2254 992 παρακαλέσαντες
2283 940 2380 989 ὑμῶν

1351 1000 1416 1048 τὴν
1450 1001 1604 1053 ἀγάπην,
1623 1004 1822 1052 μεμνῆσθαι
1852 1005 1922 1039 τῶν
1943 1000 2136 1053 εἰρημένων
2167 999 2257 1050 μετὰ
2276 1000 2380 1051 ἀκρι-

1354 1061 1473 1109 6είας,
1504 1062 1564 1100 καὶ
1581 1064 1657 1100 καθ’
1687 1061 1830 1106 ἑαυτοὺς
1853 1062 1992 1100 ἅπαντα
2019 1061 2300 1112 ἀναλογίζεσθαι,
2325 1059 2382 1098 ἵνα

1353 1122 1459 1175 ἔχητε
1473 1121 1562 1160 αὐτὰ
1584 1122 1786 1174 ἐνιδρυμένα
1801 1129 1877 1166 ταῖς
1896 1121 2063 1165 διανοίαις
2086 1127 2163 1165 ταῖς
2181 1121 2378 1173 ὑμετέραις.

1353 1183 1440 1222 Ἐὰν
1456 1183 1523 1235 γὰρ
1540 1185 1691 1235 συνεχῶς
1706 1182 2062 1234 ἀναμιμνησκώμεθα
2083 1185 2152 1220 τῶν
2178 1185 2382 1234 εὐεργεσιῶν

1353 1247 1413 1282 τοῦ
1432 1245 1546 1289 Θεοῦ,
1566 1238 1614 1281 ῶν
1635 1246 1682 1287 εἷς
1697 1242 1759 1291 τὴν
1777 1243 1953 1295 ἡμετέραν
1971 1243 2070 1294 φύσιν
2085 1242 2269 1290 κατέθετο,
2285 1241 2383 1280 αὐτοί

1354 1321 1392 1343 τε
1424 1305 1638 1357 εὐγνώμονες
1660 1304 1835 1355 ἐσόμεθα,
1866 1304 1927 1343 καὶ
1960 1306 2047 1357 πρὸς
2077 1303 2141 1351 τὴν
2169 1306 2231 1350 τῆς
2259 1304 2384 1356 ἀρετῆς
2403 1334 2409 1337 ,ι

1355 1366 1430 1405 ὁδὸν
1451 1365 1631 1420 προτροπὴ
1652 1370 1738 1417 ἡμῖν
1754 1365 1901 1417 μεγίστη
1921 1370 2022 1404 τοῦτο
2040 1365 2235 1417 γενήσεται.
2251 1363 2296 1403 ‘O
2311 1363 2382 1415 γὰρ

1355 1431 1422 1465 τῶν
1440 1430 1642 1481 εὐεργεσιῶν
1661 1425 1884 1477 μεμνημένος
1898 1432 1958 1465 τοῦ
1974 1428 2085 1474 Θεοῦ,
2099 1425 2258 1472 δηλονότι
2275 1441 2384 1463 σπου-

1357 1488 1454 1526 δάσει
1483 1488 1532 1539 μὴ
1559 1487 1695 1531 ἀνάξιον
1719 1487 1839 1525 ἑαυτὸν
1871 1489 2061 1539 ἀποφῆναι,
2089 1485 2181 1525 ἀλλὰ
2209 1485 2383 1532 τοσαύτην

1356 1549 1590 1593 ἐπιδείξασθαι
1609 1548 1671 1595 τὴν
1691 1547 1859 1596 σπουδὴν,
1878 1548 1938 1586 καὶ
1956 1547 2020 1593 τὴν
2042 1546 2323 1599 εὐγνωμοσύνην,
2337 1549 2385 1588 ὡς

1356 1610 1415 1649 καὶ
1434 1610 1560 1663 ἑτέρων
1579 1611 1685 1649 πάλιν
1717 1608 1921 1655 ἀξιωθῆναι.
1959 1609 2155 1659 Φιλότιμος
2181 1608 2249 1660 γὰρ
2277 1611 2295 1646 ὁ
2314 1609 2384 1646 Δε-

1358 1671 1488 1718 σπότης
1513 1674 1530 1708 ὁ
1551 1670 1742 1722 ἡμέτερος,
1774 1669 1833 1708 καὶ
1860 1669 1998 1708 ἐπειδὰν
2036 1669 2091 1721 ἴδῃ
2124 1669 2204 1722 περὶ
2236 1668 2281 1706 τὰ
2312 1668 2381 1714 ἤδη

1356 1736 1441 1783 ἡμῖν
1469 1731 1671 1784 ὑπάρξαντα
1692 1730 1778 1784 παρ’
1802 1732 1906 1769 αὐτοῦ
1925 1729 2145 1782 εὐγνώμονας
2161 1729 2384 1781 γενομένους,

1357 1793 1489 1839 πολλὴν
1510 1792 1793 1844 ἐπιδαψιλεύεται
1812 1792 1875 1838 τὴν
1894 1792 2012 1844 χάριν,
2029 1791 2099 1839 καὶ,
2106 1790 2271 1841 μειζόνων
2291 1794 2386 1840 ἡμᾶς

1357 1854 1462 1892 πάλιν
1480 1853 1568 1897 ἀξιοῖ
1581 1857 1649 1891 τῶν
1671 1854 1808 1904 δωρεῶν
1823 1868 1830 1875 ·
1849 1851 1952 1902 μόνον
1973 1852 2032 1890 ἐὰν
2051 1855 2152 1902 ἡμεῖς
2168 1854 2230 1897 τῆς
2250 1853 2383 1888 ἑαυτῶν

1360 1915 1535 1967 σωτηρίας
1551 1914 1787 1967 φροντίζοντες
1806 1912 1854 1964 μὴ
1876 1914 1996 1956 ἁπλῶς
2024 1914 2081 1951 τὸν
2107 1913 2230 1965 χρόνον
2249 1916 2386 1965 οπαρα-

1359 1977 1553 2029 τρέχωμεν,
1570 1976 1659 2028 μηδὲ
1692 1978 1794 2014 τοῦτο
1821 1978 2021 2025 σκοπῶμεν,
2051 1976 2079 2012 εἰ
2113 1975 2153 2012 τὸ
2184 1973 2294 2025 ἥμισυ
2323 1975 2387 2019 τῆς

1361 2038 1463 2090 ἁγίας
1488 2040 1775 2089 τεσσαρακοστῆς
1793 2035 2033 2089 παρέδραμεν,
2053 2037 2130 2074 ἀλλ’
2156 2035 2187 2073 εἴ
2207 2051 2286 2072 τινα
2301 2037 2386 2084 ἡμῖν

1362 2098 1593 2149 κατώρθωται
1612 2100 1645 2135 ἐν
1666 2097 1776 2148 τούτῳ
1806 2099 1856 2148 τῷ
1876 2096 1992 2148 χρόνῳ
2005 2127 2014 2144 ,
2035 2096 2095 2134 καὶ
2112 2096 2144 2134 εἴ
2165 2112 2200 2133 τι
2223 2097 2292 2132 τῶν
2313 2097 2388 2133 ἕνο-

1315 2171 1339 2200 E
1362 2159 1538 2210 χλούντων
1566 2161 1650 2208 ἡμῖν
1670 2159 1790 2195 παθῶν
1812 2155 2073 2209 διωρθώσαμεν.
2098 2159 2142 2195 Εἰ
2164 2156 2230 2208 γὰρ
2251 2155 2388 2207 μέλλοι-

1365 2235 1426 2270 μεν
1447 2220 1523 2257 καθ’
1544 2218 1694 2263 ἑκάστην
1718 2217 1853 2268 ἡμέραν
1872 2220 1934 2262 τῆς
1954 2221 2194 2267 πνευματικῆς
2219 2218 2387 2254 διδασκα-

1363 2280 1440 2323 λίας
1466 2279 1695 2321 ἀπολαύοντες
1712 2280 1743 2316 οἵ
1773 2277 1868 2315 αὐτοὶ
1902 2277 2090 2327 διαμένειν,
2110 2277 2170 2315 καὶ
2198 2277 2246 2327 μὴ
2280 2279 2389 2315 ἐπιδι-

1366 2341 1461 2378 δόναι
1479 2339 1564 2392 πρὸς
1580 2339 1719 2392 ἀρετὴν,
1738 2338 1826 2389 μηδὲ
1844 2337 1888 2375 τὰ
1903 2342 1965 2384 τῆς
1986 2338 2111 2382 κακίας
2131 2338 2205 2383 εἴδη
2227 2337 2388 2390 ἐξορίζειν

1366 2405 1427 2448 τῆς
1445 2402 1576 2438 ἑαυτῶν
1589 2402 1722 2451 ψυχῆς,
1739 2401 1776 2437 οὐ
1799 2398 1900 2449 μόνον
1916 2403 2001 2448 ἡμῖν
2018 2398 2114 2436 οὐδὲν
2129 2399 2249 2450 ὄφελος
2269 2398 2366 2436 ἔσται
2378 2429 2388 2446 ,

1358 2461 1457 2500 ’ἀλλὰ
1476 2461 1535 2499 καὶ
1553 2460 1681 2499 πλείων
1700 2463 1720 2506 ἡ
1740 2459 1867 2510 βλάὸη.
1882 2458 1998 2497 ζὈταν
2021 2460 2088 2512 γάρ
2118 2476 2170 2502 τις
2190 2459 2250 2497 καὶ
2266 2461 2388 2510 ἐπιμε-

1367 2523 1462 2566 λείας
1498 2521 1666 2568 τοσαύτης
1702 2519 1886 2558 ἀπολαύων
1915 2520 2023 2570 μηέὲν
2053 2520 2240 2573 κερδαίνῃ,
2273 2522 2387 2571 μεῖζον

1367 2587 1478 2636 ἑαυτῷ
1499 2582 1704 2634 ἐπισωρεύει
1740 2584 1779 2619 τὸ
1810 2584 1871 2627 τῆς
1899 2581 2039 2632 γεέννης
2066 2581 2255 2633 πῦρκΔιὸ,
2276 2596 2389 2633 παρα-

1367 2647 1483 2691 καλῶ,
1504 2645 1567 2683 κᾶν
1588 2647 1637 2696 τῷ
1655 2643 1919 2693 ὑπολειπομένῳ
1937 2641 2052 2694 χρόνῳ
2076 2644 2139 2687 τῆς
2154 2642 2316 2687 νηστείας
2344 2643 2392 2684 εἷς

1364 2776 1423 2812 λον
1443 2767 1477 2804 δὲ
1497 2769 1573 2804 καθ’
1591 2765 1742 2810 ἑκάστην
1768 2763 1903 2816 ἡμέραν
1931 2762 2070 2807 ἑαυτοὺς
2098 2765 2386 2815 περισκοπῶμεν,

1365 2828 1424 2865 καὶ
1444 2827 1486 2865 τὰ
1507 2826 1568 2877 μὲν
1585 2824 1818 2874 ἐλαττώματα
1836 2825 1936 2873 ἡμῶν
1957 2822 2162 2874 ἐξορίζωμεν
2178 2826 2240 2868 τῆς
2259 2825 2390 2860 ἑαυτῶν

1366 2889 1503 2941 ψυχῆς,
1532 2886 1814 2937 κατορθωμάτων
1845 2883 1880 2922 δὲ
1909 2887 2032 2930 κτῆσιν
2052 2883 2392 2935 προσλαμὸάνωμεν,

1367 2949 1523 3000 καθάπερ
1540 2951 1557 2986 ὃ
1577 2947 1758 2999 προφήτης
1785 2945 1996 2996 παρῄνεσεν,
2017 2945 2076 2983 καὶ
2096 2945 2308 2996 ἐκκλίνωμεν
2326 2947 2395 2988 ἀπὸ

1364 3013 1432 3048 τῶν
1452 3011 1583 3057 κακῶν,
1603 3008 1661 3046 καὶ
1681 3008 1903 3058 μετέλθωμεν
1926 3011 1940 3027 ³

1956 3006 2013 3044 ἐπὶ
2043 3006 2106 3052 τὴν
2128 3005 2277 3058 ἀρετήν·
2307 3005 2394 3051 αὕτη

1363 3071 1429 3123 γὰρ
1448 3074 1470 3117 ἡ
1488 3070 1619 3117 ἀληθὴς
1635 3068 1790 3115 νηστεία.
1813 3067 1858 3106 ‘O
1887 3066 2049 3118 θυμώδης
2074 3068 2114 3106 τὸ
2133 3068 2196 3117 μὲν
2223 3066 2333 3110 πάθος
2357 3067 2396 3105 τὸ

1364 3134 1525 3184 ἐνοχλοῦν
1569 3130 1703 3169 εὐσεῧεῖ
1742 3131 1900 3180 λογισμῷ
1944 3127 2124 3179 ἐξοριζέτω
2166 3129 2227 3173 τῆς
2260 3129 2395 3179 ψυχῆς,

1363 3192 1547 3245 πραότητα
1565 3191 1600 3229 δὲ
1634 3191 1692 3228 καὶ
1720 3189 1910 3228 ἐπιείκειαν
1929 3187 2148 3232 ἀσπαζέσθω.
2171 3186 2215 3226 Ὁ
2245 3186 2395 3239 ῥάθυμος

1434 3317 1444 3330 -1
1462 3307 1518 3339 San
1530 3305 1601 3337 ilius
1619 3311 1713 3347 putat
1736 3308 1782 3337 ἐπὶ
1800 3300 1996 3334 redundare.
