2516 3791
704 175 741 204 S.

283 161 378 222 294

282 253 422 302 1llius,
446 264 482 294 et
501 269 640 294 uxores
648 255 832 308 filiorum
848 256 956 293 illius
978 268 1066 292 cum
1084 267 1127 291 eo
1137 270 1153 299 ,·
1176 253 1237 290 19.

781 174 964 204 mixtus
1001 172 1244 202 CHRYSOST.
1286 170 1493 202 anonim).
1533 170 1890 201 CONSTANTINOP.

1310 257 1390 298 τοῦ,
1416 252 1476 289 καὶ
1504 255 1536 290 οἱ
1566 252 1633 290 υἱοὶ
1661 255 1784 300 αὐτοῦ,
1809 252 1869 290 καὶ
1896 252 1932 289 αἱ
1959 256 2117 303 γυναῖκες
2143 253 2214 289 τῶν
2249 251 2332 287 υἱῶν

289 325 327 355 et
346 330 477 354 omnes
497 318 649 362 bestia»,
672 324 707 353 ei
736 318 868 353 omnia
881 328 1023 365 pecora
1034 343 1046 362 ,
1069 321 1104 350 et
1127 325 1240 349 omne
1261 324 1286 352 D
1311 314 1414 351 αὐτοῦ
1435 315 1511 363 μετ’
1532 316 1654 351 αὐτοῦ·
1671 313 1731 351 καὶ
1746 312 1917 351 πάντατὰ
1933 311 2056 364 θηρία,
2072 311 2132 349 καὶ
2146 312 2262 350 πάντα
2287 310 2332 348 τὰ

285 378 468 424 volatile,
491 386 526 414 et
538 390 651 414 omne
663 376 801 427 repsile
814 375 917 426 quod
934 382 1111 410 movetur
1125 385 1240 424 super

286 448 431 477 terram
443 440 564 490 juxta
590 449 710 488 genus
729 448 840 473 suum
867 437 1044 472 exierunt
1063 448 1110 472 ex
1131 446 1238 471 arca.

289 500 483 549 Postquam
501 496 636 547 accepit
649 493 858 532 mandatum
871 509 892 532 a
908 494 1063 532 Domino
1082 503 1116 532 et
1133 494 1241 532 bene-

286 559 482 597 dictionem
513 556 709 604 dicentem,
740 557 909 595 Crescite
935 565 972 595 ει
999 556 1239 608 multiplica-

285 622 395 665 mini,
416 618 505 656 exiit
520 631 565 656 ex
576 631 658 655 arca
677 631 761 655 cum
780 617 861 656 aliis
876 617 1057 656 omnibus.
1075 617 1125 655 Et
1143 626 1240 669 post-

286 680 353 717 hac
373 679 409 717 in
431 687 504 716 tota
530 687 624 716 terra
651 678 747 716 solus
772 678 921 717 vivebat
936 679 1054 731 justus
1075 678 1137 716 ille
1156 692 1239 716 cum

285 753 413 788 uxore,
429 748 463 777 et
477 739 584 789 filiis,
602 748 636 776 et
650 738 827 777 uxoribus
837 739 997 777 illorum.
1015 741 1108 778 Mox
1120 748 1239 777 autem

285 810 325 838 ut
352 814 513 852 egressus
533 808 606 849 est,
638 814 743 838 suum
770 800 955 839 declarans
985 809 1128 852 gratum
1155 800 1238 838 ani-

285 875 387 909 num,
411 870 485 898 tam
503 875 569 913 pro
588 860 631 898 iis
651 875 730 912 quae
749 861 1136 913 praeterieranssquam
1161 875 1240 912 quae

284 921 407 959 futura
424 930 523 959 erant
534 951 546 971 ,
563 921 696 972 gratias
711 921 865 959 Domino
887 921 1027 973 agebat.
1047 923 1189 960 Verum
1208 922 1238 959 si

284 982 413 1034 placet,
434 996 478 1020 ne
491 996 606 1020 sermo
619 982 664 1019 sit
677 982 830 1033 longior,
850 995 1071 1019 reservemus
1088 981 1123 1018 in
1137 980 1234 1019 diem

284 1051 468 1095 posterum
497 1057 576 1094 quae
595 1041 639 1080 ad
659 1051 800 1093 gratum
814 1041 903 1094 justi
931 1042 1093 1079 animum
1118 1042 1232 1094 perti-

284 1102 383 1152 n'ent,
401 1104 552 1142 missum
570 1103 631 1142 hic
649 1103 815 1141 facientes
833 1117 1031 1141 sermonem
1055 1118 1063 1140 :
1086 1112 1119 1141 et
1136 1103 1238 1142 obse-

285 1174 423 1202 crantes
439 1173 595 1203 vestram
621 1163 815 1212 caritatem,
838 1173 878 1202 ut
902 1164 1072 1203 continuo
1092 1165 1238 1203 beatum

286 1223 397 1262 istum
419 1224 638 1263 inmemoria
653 1234 771 1264 vestra
784 1225 935 1277 geratis,
952 1235 986 1264 et
1005 1226 1104 1265 illius
1120 1227 1237 1266 virtu-

285 1283 332 1323 tis
354 1285 659 1337 pulchritudinem
676 1286 766 1323 bene
784 1286 950 1336 discatis,
970 1301 1041 1338 quo
1057 1302 1139 1326 eum
1155 1288 1237 1326 imi-

285 1346 424 1384 temini.
455 1346 714 1385 Animadverte
745 1347 858 1396 enim,
890 1347 1055 1399 obsecro,
1085 1359 1236 1400 quantus

285 1406 431 1446 virtutis
454 1407 552 1446 illius
571 1408 780 1459 thesaurus,
803 1409 885 1460 quia
904 1424 986 1448 cum
1005 1425 1069 1463 per
1089 1420 1140 1449 tot
1159 1411 1236 1451 dies

286 1466 332 1505 de
349 1467 413 1505 illo
435 1466 732 1519 disseruerimus,
754 1470 914 1508 nondum
929 1471 1036 1510 finem
1055 1471 1237 1525 imponere

285 1527 482 1566 narrationi
506 1529 690 1581 potuimus
711 1544 833 1569 eorum
857 1547 935 1583 quoe
954 1533 1001 1571 ad
1023 1533 1127 1571 illum
1149 1535 1234 1572 atti-

284 1596 380 1626 nent.
393 1588 494 1636 Quid
511 1589 592 1627 dico
607 1590 715 1628 finem
730 1591 938 1643 imponere?
951 1602 1236 1645 quantacumque

284 1648 496 1696 dixerimus,
510 1663 580 1688 non
592 1651 788 1702 poterimus
801 1652 847 1690 ad
858 1653 1000 1690 culmen
1015 1654 1233 1705 pertingere:

285 1710 346 1748 sed
364 1711 529 1762 quamvis
551 1720 584 1748 et
602 1725 665 1749 nos
684 1720 718 1750 et
729 1713 883 1764 posteri,
903 1714 1015 1751 multa
1034 1713 1079 1752 de
1098 1715 1160 1752 illo
1179 1715 1234 1753 di-

283 1782 362 1808 cere
383 1772 589 1819 valeamus,
612 1785 682 1810 non
702 1781 820 1810 tamen
851 1773 898 1811 ad
918 1774 1026 1811 finem
1048 1776 1235 1827 pervenire

283 1831 479 1883 poterimus
501 1847 509 1868 t
532 1840 628 1870 tanta
648 1846 703 1870 res
717 1841 769 1870 est
782 1832 909 1871 virtus.
929 1834 967 1872 Si
988 1834 1081 1872 enim
1104 1836 1232 1874 volue-

283 1891 419 1941 rimus,
440 1892 571 1944 poterit
589 1892 650 1930 hic
670 1892 875 1931 universam
893 1903 1051 1933 nostram
1069 1906 1234 1935 naturam

284 1951 468 1995 instituere
480 1983 490 2002 ,
524 1962 558 1990 et
576 1953 624 1991 ad
639 1953 786 1992 virtutis
804 1953 1038 1993 imitationem
1054 1956 1233 1997 inducere.

283 2014 378 2051 Nam
403 2013 433 2051 si
455 2014 516 2051 ille
538 2014 631 2052 inter
654 2023 707 2052 tot
734 2014 917 2066 improbos
935 2030 1098 2067 versanS,
1122 2033 1235 2071 neque

284 2072 419 2111 habens
440 2073 654 2112 familiarem
673 2074 829 2125 aliquem
842 2104 853 2124 ,
873 2075 909 2113 in
932 2085 1071 2115 tantum
1090 2079 1234 2118 virtutis

284 2133 467 2185 fastigium
492 2135 695 2186 pervenisse
721 2135 887 2174 inventus
908 2146 958 2175 est
979 2153 986 2174 :
1007 2153 1085 2189 quae
1116 2151 1236 2180 nostra

285 2193 353 2231 erit
376 2195 574 2244 excusatio,
598 2209 680 2232 cum
700 2209 762 2233 nec
792 2196 877 2234 talia
897 2198 1001 2236 nobis
1027 2199 1098 2238 sint
1121 2201 1234 2255 impc-

284 2254 460 2303 dimenta,
490 2265 524 2294 et
553 2265 670 2294 tamen
692 2257 909 2308 negligentes
937 2259 1048 2299 simus
1070 2262 1116 2300 ad
1142 2263 1233 2302 bona

285 2316 417 2368 opera?
440 2316 532 2355 Nolo
558 2316 650 2354 enim
663 2317 761 2356 dicas
780 2318 870 2355 mihi
887 2319 997 2358 solam
1018 2321 1117 2360 illam
1130 2325 1234 2374 quin-

286 2387 473 2428 gentorum
485 2391 661 2416 annorum
678 2378 792 2416 vitam
802 2409 814 2428 ,
837 2380 978 2430 quando
993 2383 1235 2424 subsannaba-

286 2447 346 2476 tur
360 2447 393 2476 et
408 2437 639 2487 irridebatur,
660 2439 937 2491 versabaturque
948 2441 983 2480 in
999 2443 1115 2482 medio
1131 2446 1234 2499 flagi—

286 2497 457 2536 tiosorum
477 2514 485 2535 :
507 2498 571 2537 sed
589 2508 623 2537 et
641 2513 774 2538 annum
793 2501 916 2549 illum,
937 2517 1041 2553 quem
1062 2514 1174 2545 totum
1196 2508 1233 2546 in

285 2572 365 2597 arca
382 2559 570 2611 transegit,
588 2560 651 2611 qui
670 2575 754 2599 sane
771 2563 1002 2603 conferendus
1022 2566 1111 2604 mihi
1132 2568 1232 2607 vide-

285 2628 344 2657 tur
361 2620 424 2658 toti
444 2621 592 2672 tempori
610 2622 785 2673 superiori
811 2639 819 2659 ε
841 2632 977 2663 tantam
993 2626 1043 2664 ibi
1063 2627 1229 2668 afflictio-

284 2693 364 2716 nem
376 2680 466 2718 ferre
481 2681 803 2733 cogebaturjustus
820 2683 890 2732 ille,
912 2685 946 2722 in
965 2687 1070 2725 tantis
1087 2702 1231 2729 versans

284 2741 474 2790 angustiis,
504 2755 618 2792 neque
656 2742 832 2794 respirare
857 2745 993 2797 valens,
1019 2758 1052 2786 et
1075 2750 1231 2790 ferarum

284 2801 543 2852 brutorumque
558 2803 763 2840 convictum
780 2805 893 2844 ferens
911 2822 918 2843 τ
933 2808 993 2858 qui
1014 2818 1047 2847 et
1067 2810 1101 2848 in
1117 2813 1232 2850 omni-

282 2861 350 2900 bus
363 2871 516 2900 mentem
530 2877 631 2900 suam
650 2864 801 2902 solidam
815 2866 1034 2917 declarabat,
1052 2880 1085 2909 et
1104 2874 1231 2912 volun-

284 2932 390 2961 tatem
411 2923 502 2962 flecti
526 2925 701 2971 nesciam,
724 2935 757 2963 et
776 2926 884 2965 fidem
909 2943 990 2981 erga
1012 2933 1145 2981 Deum,
1169 2950 1231 2987 per

282 2998 390 3034 quam
420 2984 523 3022 facile
543 2994 577 3022 et
602 2986 729 3024 leviter
751 2987 869 3026 omnia
890 2991 1096 3031 sustinebat.
1118 2997 1231 3046 Atque

283 3043 432 3091 idcirco,
450 3045 618 3095 quoniam
630 3061 708 3097 qua:
725 3063 785 3086 sua
796 3059 892 3088 erant
905 3052 1022 3090 omnia
1037 3055 1205 3094 afferebat
1216 3088 1226 3107 ,

282 3118 403 3142 eorum
428 3105 534 3142 etiam
553 3120 631 3156 qucc
652 3121 672 3145 a
696 3109 769 3146 Dco
799 3120 910 3159 erant,
935 3113 1076 3152 abunde
1094 3117 1228 3168 potitus

281 3174 343 3201 est.
367 3166 541 3210 Quamvis
569 3167 662 3205 enim
688 3169 837 3208 multam
870 3173 974 3211 ferret
1006 3175 1039 3212 in
1061 3191 1141 3215 arra
1161 3193 1225 3216 an-

281 3225 432 3274 gustiam
448 3256 458 3274 ,
495 3236 646 3265 attamen
681 3230 874 3270 terribilem
915 3243 1157 3288 tempestatem
1191 3250 1224 3278 et

321 3342 331 3354 ι·
359 3330 500 3364 Saxil.et
515 3332 626 3365 Mosei.
646 3334 726 3373 οὗτος
744 3339 895 3373 naizin(
913 3343 1075 3379 ὖυνήπετκι.
1093 3344 1187 3377 Multi
1205 3346 1267 3378 Mo>
1302 3352 1375 3382 οἷτε,
1396 3363 1416 3383 π
1453 3352 1455 3355 ⁴

1258 1055 1283 1085 E

1244 1629 1290 1654 252

1258 1667 1281 1695 Α

1257 2333 1279 2362 Β

1253 3069 1277 3099 C

1310 373 1420 420 κτήνη
1432 403 1443 421 ,
1455 373 1515 411 καὶ
1543 379 1611 410 πᾶν
1639 373 1807 419 πετεινὸν,
1827 372 1886 410 καὶ
1905 379 1974 410 πᾶν
1995 372 2137 425 ἑρπετὸν
2169 371 2331 422 κινούμε-

1309 449 1366 472 νον
1393 433 1451 471 ἐπὶ
1479 436 1541 479 τῆς
1565 437 1629 485 γῆς
1660 433 1750 472 κατὰ
1777 433 1872 485 γένος
1901 435 2015 471 αὐτῶν
2042 432 2181 478 ἐξῆλθον
2202 435 2243 471 ἐκ
2269 434 2332 478 τ’ἧς

1311 494 1473 533 κιὸωτοῦ.
1494 493 1595 532 Κατὰ
1622 494 1740 532 τὸτοῦ
1768 493 1966 539 Δεσπότσυ,
1988 493 2092 545 φησὶ,
2120 492 2333 545 πρόσταγμα

1310 554 1492 606 δεξάμενος
1506 554 1570 601 τὴν
1595 554 1750 606 εὐλογίαν
1771 553 1835 600 τὴν
1863 553 2044 604 λέγουσαν,
2065 552 2256 597 Αὗξάνεσθε
2273 552 2332 590 καὶ

1306 616 1542 663 πληθύνεσθε,
1563 615 1704 662 ἐξῆλθεν
1725 618 1764 655 ἐκ
1788 619 1850 662 τῆς
1878 615 2028 667 κιῧωτοῧ
2058 613 2147 665 μετὰ
2171 617 2240 651 τῶν
2270 613 2332 651 ἄλ-

1306 679 1378 715 λων
1391 676 1567 725 ἁπάντων.
1591 678 1660 716 Καὶ
1676 671 1718 724 ἦν
1737 675 1856 714 λοιπὸν
1877 677 1912 713 ἐν
1931 675 2028 727 πάσῃ
2043 678 2085 726 τῇ
2101 677 2145 726 γῇ
2163 677 2181 712 ὃ
2200 673 2333 716 δίκαιος

1309 738 1410 790 μόνος
1435 738 1563 789 διάγων
1587 739 1676 789 μετὰ
1704 740 1769 783 τῆς
1788 736 1949 789 γυναικὸς
1963 766 1972 783 ,
1993 735 2053 774 καὶ
2078 737 2146 773 τῶν
2169 735 2331 781 παιδίων,

1306 799 1367 837 καὶ
1384 801 1454 837 τῶν
1483 799 1614 838 τούτων
1635 801 1821 851 γυναικῶν.
1851 797 1921 836 Καὶ
1949 796 2073 839 εὐθέως
2094 795 2237 840 ἐξελθὼν
2267 795 2331 842 τὴν

1308 860 1437 898 οἰκείαν
1459 860 1725 911 εὗγνιε)μοσύνην
1746 859 2000 905 ἐπιδείκνυται,
2020 857 2079 895 καὶ
2100 856 2188 908 ὑπέρ
2207 871 2245 894 τε
2262 859 2333 894 τῶν

1306 921 1610 972 παρεληλυθότων,
1639 921 1727 973 ὑπέρ
1753 936 1792 958 τε
1815 923 1884 958 τῶν
1919 919 2115 970 μελλόντων
2141 919 2203 963 τὰς
2232 920 2332 971 εὐχα-

1309 981 1442 1034 ριστίας
1461 982 1624 1034 ἀναφέρει
1648 984 1699 1032 τῷ
1716 984 1837 1019 ἑαυτοῦ
1858 981 2034 1031 Δεσπότῃ.
2055 980 2147 1017 Ἀλλ’
2164 982 2193 1017 εἷ
2219 982 2329 1026 δοκεῖ,

1306 1042 1362 1080 ἵνα
1379 1043 1428 1093 μὴ
1450 1043 1582 1094 μακρὸν
1611 1046 1766 1092 ποιῶμεν
1785 1043 1843 1080 τὸν
1870 1042 1985 1094 λόγον,
2013 1043 2061 1085 εἷς
2079 1041 2142 1088 τὴν
2165 1041 2244 1088 ἑξῆς
2262 1058 2329 1079 τα-

1308 1102 1532 1154 μιευσώμεθα
1547 1103 1592 1142 τὰ
1606 1103 1696 1141 κατὰ
1714 1102 1778 1148 τὴν
1807 1103 2070 1154 εὐγνωμοσύνην
2095 1107 2156 1141 τοῦ
2175 1103 2308 1140 δικαίου
2320 1134 2330 1150 ,

1307 1164 1412 1217 μέχρι
1440 1163 1562 1203 τούτου
1592 1164 1781 1211 στήσαντες
1806 1164 1863 1202 τὸν
1895 1163 2010 1214 λόγον,
2040 1163 2101 1201 καὶ
2129 1164 2332 1216 παρακαλέ-

1307 1241 1428 1270 σαντες
1446 1228 1543 1276 ὑμῶν
1562 1225 1624 1272 τὴν
1649 1225 1789 1276 ἀγάπην
1811 1226 1977 1271 διηνεκῶς
1997 1229 2116 1263 τοῦτον
2136 1225 2194 1263 τὸν
2213 1225 2331 1275 μακά-

1308 1303 1376 1340 ριον
1397 1290 1430 1325 ἐν
1451 1286 1585 1340 διανοίᾳ
1610 1285 1868 1339 περιστρέφειν,
1887 1286 1947 1324 καὶ
1975 1288 2038 1332 τῆς
2071 1287 2196 1338 ἀρετῆς
2227 1289 2333 1325 αὐτοῦ

1306 1348 1395 1398 μετὰ
1430 1348 1608 1400 ἀκριὸείας
1634 1347 1698 1395 τὴν
1727 1347 1916 1400 εὐμορφίαν
1945 1349 2237 1399 καταμανθάνειν,
2269 1348 2329 1386 καὶ

1304 1409 1460 1456 ζηλωτὰς
1480 1411 1584 1447 αὐτοῦ
1605 1408 1772 1459 γίνεσθαι.
1789 1407 1923 1447 Σκόπει
1937 1408 2003 1459 γάρ
2029 1425 2087 1459 μοι
2103 1408 2210 1452 πόσος
2225 1411 2329 1447 αὐτοῦ

1304 1474 1367 1517 τῆς
1383 1473 1509 1523 ἀρετ-ῆς
1527 1474 1544 1509 ὁ
1562 1472 1728 1516 πλοῦτος,
1742 1469 1796 1508 ὅτι
1817 1469 1970 1521 σήμερον
1992 1472 2026 1508 ἐν
2047 1469 2230 1514 τοσαύταις
2245 1470 2330 1521 ἡμέ-

1307 1547 1381 1583 ραις
1400 1530 1444 1569 τὰ
1463 1534 1541 1569 κατ’
1560 1532 1659 1570 αὐτὸν
1678 1530 1913 1583 διηγούμενοι,
1928 1530 2065 1569 οὐδέπω
2083 1531 2143 1569 καὶ
2159 1537 2215 1570 νῦν
2232 1531 2329 1575 τέλος

1305 1594 1474 1631 ἐπιθεῖναι
1494 1592 1688 1645 ἰσχύσαμεν
1707 1595 1749 1644 τῇ
1777 1591 1856 1630 κατ’
1883 1593 1983 1631 αὐτὸν
2007 1592 2179 1631 ὑποθέσει.
2197 1593 2267 1631 Καὶ
2294 1594 2329 1631 τί

1305 1654 1396 1704 λέγω
1423 1653 1521 1697 τέλος
1549 1656 1734 1700 ἐπιθεῖναι,
1759 1653 1856 1691 εΌσα
1887 1653 1927 1690 ἂν
1957 1653 2124 1704 εἴπωμεν,
2156 1656 2193 1692 οὐ
2225 1653 2327 1692 δυνά·

1307 1717 1396 1763 μεθα
1415 1714 1614 1766 ἐφικέσθαι·
1635 1714 1724 1752 ἀλλὰ
1757 1714 1819 1752 κᾶν
1849 1719 1952 1764 ἡμεῖς
1984 1714 2097 1752 πολλὰ
2127 1715 2326 1765 δυνηθῶμεν

1306 1776 1429 1822 εἰπεῖν,
1450 1774 1513 1814 κᾶν
1533 1777 1564 1813 οἳ
1591 1777 1667 1825 μεθ’
1685 1779 1798 1825 ἡμᾶς,
1822 1776 1899 1814 οῦδὲ
1932 1775 2022 1813 οὕτω
2046 1775 2133 1828 πρὸς
2161 1776 2202 1814 τὸ
2231 1776 2327 1819 τέλος

1305 1837 1436 1888 φθάσαι
1459 1835 1694 1886 δυνησόμεθα·
1714 1836 1874 1875 τοσοῦτόν
1898 1837 1991 1874 ἐστιν
2020 1835 2140 1889 ἀρετή.
2156 1835 2241 1874 Ἐὰν
2260 1836 2328 1889 γὰρ

1307 1898 1543 1948 βουληθῶμεν,
1563 1897 1702 1935 ἅπασαν
1718 1899 1818 1948 ἡμῶν
1847 1896 1910 1944 τὴν
1932 1896 2030 1949 φύσιν
2046 1891 2169 1940 ὓοῧτος
2187 1898 2328 1936 παιδεῦ-

1305 1974 1364 1996 σαι
1383 1958 1585 2005 δυνήσεται,
1606 1958 1665 1996 καὶ
1685 1958 1768 2010 πρὸς
1785 1958 1842 1997 τὸν
1861 1960 1924 2004 τῆς
1944 1960 2069 2009 ἀρετ-ῆς
2089 1959 2191 2004 ζῆλον
2209 1961 2329 2010 ἕναγα-

1305 2024 1389 2071 γεῖν.
1405 2018 1519 2057 εΌτοιν
1543 2019 1610 2070 γὰρ
1629 2019 1689 2056 καὶ
1718 2018 1846 2069 μεταξὺ
1864 2019 2036 2057 τοσούτων
2053 2021 2214 2071 πονηρῶν
2243 2021 2326 2057 ἀνα-

1306 2079 1533 2132 στρεφόμενος
1547 2074 1643 2122 οῧτος
1662 2083 1679 2117 ὃ
1698 2078 1849 2127 δίκαιος,
1869 2079 1928 2116 καὶ
1949 2078 2082 2129 μηδένα
2107 2079 2198 2131 ἔχων
2219 2083 2326 2132 εὑρεῖν

1306 2138 1499 2191 ὃμότροπον
1510 2168 1519 2185 ,
1538 2140 1622 2193 πρὸς
1637 2143 1799 2178 τοσοῦτον
1816 2139 1941 2192 μέτρον
1965 2139 2086 2191 εὑρέθη
2110 2140 2251 2192 φθάνων
2265 2145 2328 2188 τῆς

1306 2202 1450 2252 ἀρετῆς,
1467 2200 1518 2243 τίς
1538 2205 1623 2251 ἡμῖν
1639 2200 1737 2239 ἔσται
1758 2200 1928 2251 ἀπολογία
1953 2207 2025 2243 τοῖς
2055 2201 2144 2251 μηδὲ
2172 2206 2325 2240 τοσαῦτα

1305 2261 1496 2312 κωλύματα
1516 2261 1655 2314 ἔχουσι,
1681 2261 1740 2300 καὶ
1773 2264 1964 2314 ῥᾳθυμοῦσι
1996 2262 2080 2313 πρὸς
2112 2261 2176 2308 τὴν
2198 2263 2327 2311 ταύτης

1305 2323 1540 2376 κατόρθωσιν,
1557 2324 1617 2370 Μὴ
1645 2322 1712 2375 γάρ
1740 2339 1797 2373 μοι
1827 2323 1891 2369 τὴν
1925 2324 1958 2360 ἐν
1986 2329 2057 2367 τοῖς
2088 2323 2326 2369 πεντακοσίοις

1304 2386 1396 2424 ἔτεσι
1423 2386 1597 2437 διαγωγὴν
1629 2385 1709 2435 λέγε
1740 2384 1855 2434 μόνον,
1883 2384 1937 2423 ὅτι
1960 2384 2236 2436 κωμῳδούμενος
2267 2386 2327 2424 καὶ

1303 2447 1554 2499 χλευαζόμενος
1575 2446 1715 2485 διετέλει
1732 2446 1799 2484 ὑπὸ
1812 2449 1881 2484 τῶν
1898 2445 1961 2493 τὴν
1977 2446 2103 2484 κακίαν
2125 2447 2326 2497 μετιόντων,

1305 2508 1394 2547 ἀλλὰ
1413 2508 1471 2547 καὶ
1487 2508 1549 2556 τὴν
1570 2510 1605 2546 ἐν
1627 2511 1669 2559 τῇ
1687 2507 1826 2559 κιῧωτῷ
1847 2507 2040 2561 διατριὸήν.
2063 2507 2108 2546 ‘O
2127 2507 2195 2561 γὰρ
2213 2511 2325 2548 ε’νιαυ-

1302 2569 1359 2612 τὸς
1390 2571 1518 2612 ἐκεῖνος
1549 2568 1752 2622 ἀντίρροπος
1772 2563 1858 2606 εἷναί
1891 2583 1950 2619 μοι
1984 2569 2076 2606 δοκεῖ
2108 2573 2168 2607 τοῦ
2197 2571 2326 2614 παντὸς

1302 2631 1442 2682 χρόνου·
1464 2630 1633 2676 τοσαύτην
1651 2632 1722 2668 ἐκεῖ
1740 2629 1803 2676 τὴν
1819 2629 1932 2681 θλίψιν
1955 2629 2137 2680 ὑπομένειν
2153 2633 2171 2668 ὁ
2195 2631 2325 2675 δίκαιος

1302 2692 1537 2743 ἠναγκάζετο,
1556 2694 1590 2730 ἐν
1620 2690 1836 2744 στενοχωρία
1868 2689 2007 2742 τοιαύτῃ
2040 2691 2234 2742 τυγχάνων,
2264 2693 2324 2731 καὶ

1305 2753 1392 2803 μηδὲ
1415 2755 1577 2791 ἀναπνεῖν
1603 2753 1811 2804 δυνάμενος,
1830 2752 1890 2790 καὶ
1914 2755 1976 2798 τῆς
1999 2751 2088 2802 μετὰ
2105 2755 2172 2790 τῶν
2195 2753 2323 2805 θηρίων

1303 2815 1361 2852 καὶ
1381 2817 1449 2852 τῶν
1471 2814 1602 2866 ἀλόγων
1621 2815 1793 2865 διαγωγῆς
1823 2813 2029 2866 ἀνεχόμενος
2045 2843 2053 2859 ,
2076 2813 2135 2851 καὶ
2159 2814 2216 2853 διὰ
2235 2815 2324 2854 πάν-

1303 2892 1372 2913 των
1399 2875 1531 2918 δεικνὺς
1564 2877 1666 2914 αὐτοῦ
1697 2877 1758 2919 τῆς
1784 2873 1926 2926 γνώμης
1945 2873 1984 2911 τὸ
2016 2874 2170 2927 στερρὸν,
2197 2877 2256 2913 καὶ
2283 2877 2324 2914 τὸ

1304 2936 1440 2979 ἀκλινὲς
1459 2940 1520 2982 τῆς
1536 2935 1788 2988 προαιρέσεως,
1809 2935 1868 2972 καὶ
1887 2934 1950 2982 τὴν
1970 2934 2086 2973 πίστιν
2105 2935 2147 2981 ἣν
2167 2936 2245 2988 περὶ
2264 2937 2323 2975 τὸν

1303 2998 1392 3036 Θεὸν
1427 2998 1661 3043 ἐπεδείκνυτο,
1678 2998 1720 3034 δι’
1749 2996 1790 3042 ἣν
1819 2997 1934 3035 πάντα
1961 2996 2081 3049 πράως
2102 2997 2160 3034 καὶ
2188 2997 2322 3050 κούφως

1302 3059 1412 3111 ἔφερε.
1441 3059 1508 3096 Διά
1535 3075 1588 3097 τοι
1613 3063 1736 3106 τοῦτο,
1758 3057 1877 3105 ἐπειδὴ
1911 3058 1955 3096 τὰ
1976 3061 2058 3110 παρ’
2084 3059 2188 3096 αὐτοῦ
2205 3059 2321 3097 πάντα

1302 3121 1498 3171 εἰσήνεγκε,
1519 3120 1664 3158 καὶτῶν
1688 3119 1785 3171 παρὰ
1818 3124 1879 3157 τοῦ
1906 3122 1998 3158 Θεοῦ
2025 3118 2113 3169 μετὰ
2141 3119 2321 3171 δαψιλείας

1299 3181 1511 3226 ἀπηλαυσεν.
1534 3183 1573 3219 lii
1602 3180 1668 3231 γὰρ
1697 3180 1755 3218 καὶ
1777 3180 2009 3232 στενοχιι)ρίαν
2030 3179 2162 3226 πολλὴν
2192 3180 2321 3230 ὑπέμε-

1444 3244 1504 3255 mx

1299 3258 1350 3279 νεν
1373 3245 1405 3279 ἐν
1422 3259 1463 3292 τῇ
1487 3246 1640 3293 ctu-sors}
1659 3244 1721 3287 τῆς
1740 3241 1890 3279 κιῧωτοῧ
1905 3272 1913 3290 ,
1930 3242 2007 3279 ἀλλ’
2026 3240 2118 3291 ὅμως
2132 3242 2170 3280 τὸ
2190 3241 2320 3280 κλυδώ-

1421 3364 1455 3381 24·
1472 3365 1547 3382 -..εαι
1564 3351 1758 3391 ἰανητίμεῦκ.
