2516 3791
718 214 758 244 lx
800 213 900 243 CAP.

119 297 235 337 πάντα
251 297 384 350 κούφως
410 298 524 350 φέρει,
548 299 631 349 πρὸς
660 298 694 334 ’ἐν
719 300 808 350 ὁρῶν
829 298 929 347 μόνον
943 323 952 340 ,
975 294 1065 332 ὥστε
1088 292 1145 329 τὸν

118 362 243 398 οἰκεῖον
275 360 532 412 ἀποπληρῶσαι
564 358 681 397 πόθον.
712 358 908 408 Ἀκούωμεν
939 356 970 395 οἱ
999 354 1146 406 ῥᾴθυμθῑ

118 420 178 458 καὶ
211 420 515 466 ἀναπεπτωκότες,
535 423 565 459 οἱ
593 419 726 467 πολλὴν
761 419 841 471 περὶ
871 417 928 456 τὸν
962 416 1145 477 Δεσπότην

119 481 366 533 ἀγνωμοσύνην
393 481 679 533 ἐπιδεικνύμενοι.
707 483 748 519 Ι““,ἰ
767 480 834 532 γὰρ
854 483 871 517 ὃ
899 478 1030 520 δίκαιος
1049 481 1146 517 οὖτος

119 542 176 581 διὰ
195 543 254 582 τὸν
272 546 334 590 τῆς
351 543 456 596 κόρης
469 543 573 582 πόθον
591 543 680 582 ἑπτὰ
695 544 782 580 ἐτῶν
798 540 944 594 ἀριθμὸν
964 540 1146 577 δουλεῦσαι

118 604 344 654 κατεδέξατο,
363 606 422 644 καὶ
447 605 510 653 τὴν
542 605 612 644 ἀπὸ
639 608 701 652 τῆς
724 606 931 654 ποιμενικῆς
958 601 1142 638 ταλαιπω-

121 666 196 719 ρίαν
215 670 420 718 ὑπομεὶναι,
440 668 500 706 καὶ
519 667 596 706 οὐδὲ
617 666 778 711 αἴσθησιν
805 662 999 714 ἑλοίμὸανεν
1019 663 1056 699 οὐ
1077 663 1147 697 τῶν

118 728 246 776 πόνων,
266 730 304 766 οὐ
326 733 385 768 τοῦ
405 729 537 779 μήκους
564 731 624 766 τοῦ
652 726 778 780 χρόνου
791 756 800 773 ,
821 723 912 762 ἀλλὰ
937 722 1051 760 πάντα
1082 723 1147 758 αὖ-

119 805 170 840 τῳ
190 795 299 828 κοῧοα
321 790 380 828 καὶ
400 789 502 842 ῥοίδια
525 789 702 841 ἐφαίνετο,
718 803 776 826 και
796 789 839 838 τῇ
867 783 1060 838 προσδοκία
1085 786 1147 829 τῖς

120 850 343 894 ἀπολαύσεως
372 850 599 904 τρεφόμενος,
624 866 671 893 ως
687 848 820 900 ἡμερας
847 845 964 898 ὀλίγας
992 860 1050 882 τον
1079 859 1143 882 πο-

119 910 178 949 λὺν
211 912 340 949 ἐκεῖνον
369 915 456 950 εἰναι
478 911 604 986 χρόνον
637 910 796 961 ἐνόμιζε·
817 908 920 947 ποίαν
949 911 1051 958 ἡμεῖς
1076 904 1148 950 ἕξο-

121 988 183 1023 μεν
210 972 400 1024 ἀπολογίαν
422 972 511 1023 μηδὲ
537 972 596 1011 τὸν
615 971 733 1010 ὅμοιον
762 970 866 1009 πόθον
891 969 972 1022 περὶ
1003 969 1060 1007 τὸν
1080 971 1146 1006 Δε-

119 1033 251 1080 σπότην
280 1033 338 1071 τὸν
358 1034 546 1086 ἡμέτερον,
572 1034 630 1072 τὸν
651 1033 835 1086 εὐεργέτην
849 1063 858 1079 ,
875 1032 932 1070 τὸν
952 1029 1146 1081 κηδεμόνα,

117 1096 176 1133 τὸν
197 1095 313 1133 πάντα
340 1098 424 1145 ἡμῖν
456 1095 636 1146 γινόμενον
665 1093 961 1144 ἐπιδεικνύμενοι5
982 1093 1074 1130 Ἀλλ’
1106 1091 1146 1129 ἂν

120 1156 182 1206 μὲν
210 1157 372 1207 βιωτικὸν
400 1157 519 1208 κέρδος
550 1156 780 1208 1*πρόκειταῃ
810 1155 926 1194 πάντα
958 1155 1145 1206 προθύμως

119 1217 304 1267 ὑπομένειν
335 1217 524 1270 αἱρούμεθα
538 1248 547 1266 ,
571 1218 635 1256 κᾶν
658 1218 816 1268 κάματον
847 1218 932 1269 ἔχῃ,
952 1215 1016 1254 κᾶν
1037 1215 1146 1260 ἄλλην

119 1279 198 1318 τινὰ
217 1279 470 1332 ταλαιπωρίαν,
490 1279 554 1317 κᾶν
577 1279 745 1332 αἰσχύνην
757 1310 768 1326 ,
787 1279 851 1318 κᾶν
869 1278 1012 1317 κόλασιν
1031 1277 1094 1324 τὴν
1112 1278 1146 1314 ἐν

119 1343 170 1392 τῷ
190 1340 359 1393 παρόντι,
385 1340 448 1388 τὴν
465 1342 499 1379 ἐν
519 1343 568 1393 τῷ
590 1341 773 1392 μέλλοντι·
796 1340 854 1379 διὰ
873 1339 908 1378 δὲ
936 1339 1000 1387 τὴν
1020 1338 1147 1390 ἡμετέ-

119 1418 182 1454 ραν
203 1402 391 1454 σωτηρίαν,
406 1402 465 1441 καὶ
481 1403 569 1455 ὑπὲρ
588 1408 648 1442 τοῦ
661 1403 724 1450 τὴν
739 1403 868 1441 ἄνωθεν
884 1400 1148 1440 ἐπισπάσασθαι

118 1462 249 1516 ῥοπὴν,
272 1467 395 1516 χαῦνοι
421 1464 480 1502 καὶ
510 1464 802 1507 ἀναπεπτωκότες
829 1463 888 1502 καὶ
908 1461 1148 1513 διαλελυμένοι

117 1525 325 1579 φαινόμεθα.
353 1526 423 1565 Καὶ
453 1526 536 1565 ποία
559 1530 644 1578 ἡμῖν
672 1527 770 1566 ἔσται
796 1525 1008 1578 συγγνώμη,
1027 1525 1079 1568 τίς
1111 1524 1147 1562 δὲ

117 1587 290 1639 ἀπολογία
307 1587 398 1626 οὕτω
419 1589 616 1641 ῥαθύμως
598 1589 846 1639 οιακειμένοις,
877 1603 936 1626 και
962 1585 1039 1626 οὐδὲ
1069 1602 1146 1624 οσον

115 1651 135 1686 ὁ
163 1649 334 1700 μακάριος
363 1653 459 1693 οὗτος
480 1650 559 1702 περὶ
591 1650 696 1702 κόρην
716 1650 774 1689 τὸν
802 1649 907 1688 πόθον
929 1647 1145 1694 ἐπεδείξατο,

116 1710 290 1758 τοσαύτην
319 1711 459 1762 ἀγαπην
490 1712 569 1764 περὶ
603 1711 660 1750 τὸν
685 1712 775 1751 Θεον
800 1709 1036 1754 ἐπιδείξασθαι
1067 1712 1146 1762 βου-

115 1773 286 1824 λομένοις,
307 1773 367 1812 καὶ
388 1778 498 1812 ταῦτα
524 1773 694 1818 τοσαύτας
714 1774 851 1827 ἔχοντες
870 1775 1028 1825 ἀριθμεῖν
1049 1775 1145 1825 εὐερ-

112 1833 235 1886 γεσίας
249 1837 296 1879 εἷς
309 1839 404 1886 ἡμᾶς
419 1835 665 1887 γεγενημένας,
679 1836 737 1874 καὶ
754 1837 830 1874 καθ’
845 1834 994 1881 ἑκάστην
1010 1833 1144 1885 ἡμέραν

113 1895 318 1946 γινομένας,
341 1895 435 1934 Ἀλλ’
454 1899 485 1934 εἰ
502 1896 561 1935 καὶ
579 1900 681 1948 ἡμεῖς
700 1896 808 1941 οὕτως
827 1895 1044 1947 ἀγνώμονες,
1066 1896 1142 1934 ἀλλ’

112 1959 180 2009 οὐχ
198 1960 216 1995 ὁ
237 1959 377 2002 Παῦλος
396 1958 521 2006 οὕτως,
545 1962 562 1997 ὁ
581 1963 743 1996 τοσοῦτον
764 1957 848 2002 ζέων
867 1960 918 2009 τῷ
945 1957 1141 2008 πνεύματι,

112 2018 172 2056 καὶ
199 2019 449 2071 πεπυρωμένος
468 2022 516 2063 εἷς
545 2021 604 2059 τὸν
627 2021 707 2073 περὶ
740 2020 798 2058 τὸν
832 2018 922 2057 Θεὸν
950 2018 1072 2067 πόθον,
1097 2021 1144 2062 ὡς

113 2081 229 2117 ἐκεῖνα
248 2080 292 2119 τὰ
310 2083 371 2126 τῆς
395 2082 510 2133 ψυχῆς
536 2083 640 2119 αὐτοῦ
667 2080 747 2125 ἄξια
774 2080 982 2134 φθέγξασθαι
1002 2080 1142 2132 ῥήματα

109 2140 172 2178 καὶ
202 2141 416 2190 ἀναὸοῆσαι,
443 2142 503 2180 καὶ
530 2145 638 2180 εἰπεῖν
656 2159 664 2166 ·
688 2142 752 2185 Τίς
784 2145 878 2193 ἡμᾶς
907 2141 1053 2194 χωρίσει
1074 2141 1143 2180 ἀπὸ

109 2205 173 2249 τῆς
190 2203 328 2253 ἀγάπης
347 2207 407 2241 τοῦ
427 2204 602 2255 Χριστοῦ,
618 2203 715 2255 υΟρα
740 2203 864 2248 λέξεως
883 2202 1032 2255 ἔμφασιν
1046 2219 1053 2226 ·
1077 2202 1141 2255 ὅρα

108 2262 216 2302 πόθου
235 2270 440 2316 τυραννικοῦ
460 2266 605 2316 μανίαν·
626 2265 690 2317 ὅρα
709 2265 850 2316 ἀγάπην
871 2263 1138 2318 πεπυρωμένην.

108 2324 174 2369 Τίς
193 2329 288 2377 ἡμᾶς
313 2326 474 2379 χωρίσει5
502 2327 568 2373 Τί,
589 2327 714 2380 φησὶν,
740 2325 888 2376 ἐστὶν,ὂ
913 2326 1056 2365 δύναται
1078 2329 1140 2372 τῆς

106 2387 250 2437 ἀγάπης
276 2392 371 2438 ἡμᾶς
399 2390 640 2441 ἀποστερῆσαι
666 2392 728 2436 τῆς
754 2390 842 2442 πρὸς
871 2388 928 2428 τὸν
963 2388 1074 2436 Θεόν5
1104 2388 1139 2426 τί

105 2450 196 2486 1””ιί’ἱ’)ν
212 2449 396 2502 ὁρωμένων
411 2479 421 2496 ,
435 2449 470 2488 τί
489 2452 558 2488 τῶν
577 2450 626 2502 μὴ
643 2451 850 2503 ὁρωμένων;

159 2503 251 2548 Εἶτα
272 2511 480 2562 βουλόμενος
500 2511 559 2549 καὶ
573 2514 652 2550 κατ’
673 2507 762 2556 εἶδος
780 2513 918 2551 ἅπαντα
936 2515 1138 2568 ἀπαριθμή-

106 2575 253 2619 σασθαι,
275 2572 334 2610 καὶ
362 2580 468 2612 πᾶσιν
494 2577 579 2624 ἡμῖν
606 2573 803 2621 κατάδηλον
833 2576 1047 2623 ποιήσασθαι
1078 2577 1136 2615 τὸν

104 2632 210 2672 πόθον
223 2634 282 2672 τὸν
298 2634 503 2682 ἀκάθεκτον,
521 2636 557 2674 ὃν
575 2636 656 2687 περὶ
676 2635 733 2673 τὸν
754 2636 937 2683 Δεσπότην
956 2637 1134 2686 ἐκέκτητο,

105 2693 262 2746 ἐπήγαγε
289 2695 420 2747 λέγων·
441 2696 590 2749 Θλίψις,
612 2697 634 2743 ἢ
660 2698 892 2750 στενοχωρία,
923 2698 946 2745 ἢ
965 2699 1129 2750 λιμὸς,
1110 2717 1132 2748 η

105 2755 268 2806 διωγμὸς,
296 2756 319 2803 ἢ
353 2758 540 2809 γυμνότης,
572 2758 594 2805 ἢ
627 2759 782 2803 κίνδυνος
768 2789 797 2808 ς,
829 2759 851 2806 ἢ
881 2761 1058 2813 μάχαιρα5
1083 2760 1132 2800 Ὢ

104 2818 220 2868 ψυχης
249 2818 460 2868 μαινομένης
492 2820 619 2871 μανίαν
641 2821 864 2874 σωφροσύνης
895 2822 1042 2874 μητέρα.
1073 2824 1131 2872 Τί,

104 2877 203 2929 φησὶ,
223 2880 292 2916 τῶν
311 2879 536 2930 ἐπαγομένων
556 2886 641 2932 ἡμῖν
657 2883 843 2930 δυνήσεται
862 2887 955 2934 ἡμᾶς
973 2886 1130 2932 ἀποστ-ῆ-

103 2954 164 2977 σαι
178 2941 241 2985 τῆς
258 2939 344 2992 πρὸς
358 2940 416 2978 τὸν
438 2942 529 2980 Θεὸν
552 2942 711 2992 ἀγάπης5
732 2946 778 2983 Αἱ
794 2944 928 2997 θλίψεις
955 2947 991 2983 αἱ
1019 2950 1129 2993 καθη-

103 2999 242 3051 μεριναί
252 3001 460 3051 5Οὐδαμῶς.
475 3001 565 3041 Ἀλλ’
583 3005 619 3041 αἱ
633 3005 880 3057 στενοχωρίαι5
902 3005 994 3045 Οὐδὲ
1010 3001 1126 3046 αἷται.

101 3061 194 3099 Ἀλλ’
221 3064 252 3099 οἱ
272 3062 438 3113 διωγμοί,
457 3064 542 3101 Οὐδ’
567 3063 667 3108 ὅλως.
694 3065 799 3104 Ἀλλὰ
818 3066 870 3116 τί5
893 3067 1016 3119 λιμός5
1036 3067 1129 3107 Οὐδὲ

101 3123 214 3160 τοῦτο.
232 3122 338 3161 Ἀλλὰ
358 3124 529 3172 κίνδυνοι,
550 3125 620 3164 Και
635 3125 670 3163 τί
688 3126 780 3176 λέγω
797 3128 899 3178 λιμὸν
922 3129 982 3167 καὶ
997 3131 1128 3180 γυμνό-

101 3197 191 3227 τητα
217 3183 276 3220 καὶ
291 3185 486 3235 κινδύνους5
507 3155 597 3225 ἀλλὰ
617 3187 799 3241 μάχαιρα5
820 3190 944 3238 Ata-og,
967 3191 1130 3243 φησὶν,ὂ

102 3242 247 3287 θανατος
285 3246 498 3298 ἐπαγόμενος
529 3252 631 3287 τοῦτο
664 3252 806 3302 ἰσχῦσαι
843 3252 880 3288 οὗ
921 3253 1127 3300 δυνησεται·

943 210 1067 240 xxix.
1109 206 1271 237 GFAES.

1315 207 1469 237 uouu„
1515 207 1584 236 [x.
2077 195 2167 257 «317

1221 290 1384 335 miseria,
1406 290 1532 328 leviter
1550 291 1615 328 sert
1631 320 1640 338 ,
1662 290 1706 327 ad
1729 289 1792 326 luu-
1819 304 1927 327 uuum
1958 293 2059 342 rvspu
2075 292 2169 332 ivus,

1219 351 1397 402 quomodo
1427 366 1492 389 suo
1522 350 1679 404 potiatur
1708 360 1789 389 vot«,
1821 360 1853 388 ct
1883 350 2070 388 desiderio.
2099 356 2169 388 Au-

1219 411 1361 450 diamus
1393 426 1454 450 uos
1488 412 1606 464 ignavi
1637 421 1670 450 et
1702 411 1820 464 supini
1838 441 1847 459 ,
1881 412 2058 463 ingratum
2089 426 2169 461 erg:-

1221 474 1335 510 Deum
1365 474 1525 511 animum
1559 473 1780 511 exhibentes.
1815 474 1906 511 Nam
1928 474 1956 511 si
1976 474 2095 525 justus
2115 473 2174 510 ill(-

1219 543 1363 586 propter
1399 535 1524 586 puellm
1569 550 1724 573 amorem
1761 535 1980 588 septennium
2021 535 2152 573 servire
2165 566 2173 582 ,

1220 595 1380 645 ferreque
1400 596 1630 647 pastoralium
1653 597 1814 633 laborum
1843 611 2018 634 {erumnas
2048 595 2171 634 docre-

1221 655 1291 705 vit,
1320 665 1353 693 ‹·t
1389 671 1457 694 non
1492 657 1597 694 seusit
1633 659 1687 695 vel
1725 659 1878 706 labores,
1911 659 1965 696 wl
2008 658 2174 711 temporis

1221 716 1496 768 longitudinem,
1523 718 1585 756 sed
1614 719 1733 756 omnia
1764 720 1792 756 εἰ
1815 719 1903 756 lom
1929 730 1959 756 vt
1981 720 2098 757 facilia
2120 720 2174 758 vi-

1176 787 1197 817 Ε
1220 778 1409 829 (lc-bantur,
1424 780 1754 832 exspect-‘itiom-‹pxe
1767 790 1797 817 ct
1816 796 1876 831 spe
1892 782 2032 819 l'ruvurli
2049 783 2172 830 fultus,

1222 840 1270 878 ita
1291 850 1329 878 ut
1348 840 1424 879 dies
1441 856 1572 894 paucos
1588 842 1733 893 longum
1751 842 1842 880 illud
1863 853 1999 895 tempus
2015 853 2171 896 putaret:

1222 903 1364 953 qualem
1394 917 1457 941 nos
1487 903 1697 942 habebimus
1717 903 2003 952 excusationem,
2023 906 2084 956 qui
2106 920 2175 943 uon

1220 964 1299 1017 pari
1323 964 1440 1003 studio
1460 979 1541 1017 erga
1571 965 1768 1003 Dominum
1798 975 1956 1003 nostrum
1977 976 2008 1003 et.
2029 967 2173 1004 bonefa—

1221 1035 1352 1064 ctorem
1379 1035 1413 1064 et
1442 1036 1654 1077 curatorem,
1681 1037 1714 1065 et
1743 1028 1805 1078 qui
1839 1027 1938 1065 uobis·
1969 1029 2014 1065 sit
2036 1029 2174 1074 omnia,

1218 1087 1423 1126 afficimur?
1433 1087 1504 1126 Sed
1518 1088 1579 1125 ubi
1594 1089 1803 1141 proponitur
1818 1089 1958 1126 lucrum
1973 1090 2176 1142 temporale,

1218 1149 1335 1187 omnia
1353 1149 1518 1188 alacriter
1538 1149 1712 1188 sustinere
1732 1151 1911 1200 volumus,
1929 1151 2067 1188 etiamsi
2087 1150 2175 1201 quid

1217 1210 1437 1248 laboriosum
1457 1211 1516 1261 sit,
1541 1221 1575 1249 et
1605 1212 1712 1251 valde
1741 1226 1981 1250 :erumnosum
2002 1221 2035 1249 et
2062 1211 2175 1250 sordi-

1217 1269 1323 1319 dum,
1353 1279 1386 1309 et
1420 1285 1563 1324 poenam
1593 1272 1629 1310 in
1655 1272 1819 1325 praesenti
1841 1281 1873 1310 et
1894 1273 2015 1310 futuro
2048 1272 2176 1310 szeculo

1218 1332 1378 1385 praebens
1399 1348 1406 1369 ε
1426 1343 1572 1386 propter
1592 1342 1749 1372 nostram
1768 1342 1889 1372 autem
1908 1333 2071 1383 salutern,
2088 1343 2120 1371 et
2139 1344 2176 1371 ut

1218 1409 1413 1448 supernum
1431 1395 1534 1433 nobis
1553 1396 1711 1434 favorem
1729 1396 1970 1445 conciliemus,
1990 1396 2127 1434 remissi
2144 1406 2177 1434 et.

1217 1455 1335 1508 supini
1355 1465 1389 1494 et
1409 1456 1577 1495 dissoluti
1596 1456 1774 1496 videmur.
1793 1457 1839 1495 Et
1858 1458 1976 1509 qualis
1993 1458 2094 1495 nobis
2110 1458 2177 1495 erit

1218 1517 1334 1566 venia,
1351 1518 1513 1569 qualisve
1531 1519 1712 1557 excusatio
1728 1519 1779 1557 sic
1793 1519 2016 1571 negIIgcntiae
2032 1518 2176 1562 deditis,

1217 1579 1279 1630 qui
1310 1594 1422 1632 neque
1449 1590 1624 1632 quantum
1652 1581 1776 1619 beatus
1800 1581 1858 1619 illc
1876 1581 1912 1619 in
1933 1582 2091 1633 puellam
2112 1581 2175 1619 de-

1218 1640 1366 1680 claravit
1385 1655 1554 1692 amorem,
1574 1652 1709 1680 tantam
1731 1643 1767 1680 in
1789 1644 1904 1680 Deum
1921 1643 2103 1680 caritatem
2117 1643 2175 1680 ba-

1217 1701 1343 1740 bemus
1361 1718 1368 1738 :
1388 1702 1497 1754 idque
1531 1717 1612 1741 cum
1647 1713 1743 1742 tanta
1777 1704 1955 1757 possimus
1992 1718 2175 1742 numerare

1159 1799 1206 1823 534
1217 1763 1388 1801 beneficia
1404 1764 1440 1802 in
1461 1778 1523 1803 nos
1543 1765 1727 1815 collocata,
1746 1774 1778 1803 et
1797 1780 1874 1817 quse
1891 1764 2050 1816 quotidie
2067 1765 2174 1803 eollo-

1170 1837 1195 1865 Α
1218 1826 1371 1863 cantur?
1387 1825 1458 1864 Sed
1478 1827 1543 1865 etsi
1567 1841 1629 1865 nos
1644 1836 1715 1864 tam
1736 1826 1867 1878 ingrati
1888 1839 2023 1876 sumus,
2040 1839 2108 1863 non
2125 1826 2172 1864 ita

1215 1895 1308 1924 certe
1326 1887 1452 1926 beatus
1470 1888 1618 1938 Paulus,
1637 1888 1698 1940 qui
1719 1897 1791 1926 tam
1812 1887 1970 1927 fervebat
1989 1896 2023 1925 et
2039 1887 2174 1939 ignitus

1214 1957 1288 1986 erat
1306 1949 1452 1987 caritate
1471 1950 1507 1988 in
1530 1951 1659 1998 Deum,
1676 1959 1715 1987 ut
1728 1949 1835 1988 verba
1857 1949 1919 1987 illa
1938 1958 2033 1987 tanto
2052 1949 2172 1987 animo

1214 2009 1323 2061 digna
1345 2010 1548 2062 loqueretur
1567 2020 1600 2049 et
1619 2011 1800 2059 clamaret,
1820 2010 1964 2048 dicens:
1987 2011 2080 2061 Quis
2102 2024 2170 2048 nos

1214 2074 1410 2123 separabit
1435 2087 1459 2110 a
1485 2075 1651 2110 caritate
1684 2073 1830 2110 Christi
1843 2075 1859 2107 Ρ
1878 2071 1976 2110 Vide
2002 2070 2170 2110 dictionis

1213 2131 1426 2183 emphasim,
1441 2141 1474 2170 et
1490 2132 1658 2170 latentem
1673 2132 1744 2170 vim
1761 2132 1862 2171 :vide
1876 2132 2007 2169 amoris
2021 2132 2170 2170 violenti

1211 2193 1402 2243 servorem,
1421 2193 1502 2232 vide
1515 2194 1697 2232 caritatem
1712 2194 1902 2232 incensam.
1919 2195 2014 2245 Quis
2027 2208 2097 2233 nos
2113 2209 2168 2233 se-
2181 2199 2269 2229 Rom.
2280 2200 2365 2232 8313.

1207 2256 1397 2306 parabit?
1417 2254 1540 2304 Quid,
1575 2255 1707 2306 inquit,
1737 2264 1803 2303 est,
1839 2254 1935 2306 quod
1965 2256 2078 2308 possit
2104 2270 2166 2295 nos

1209 2330 1229 2353 a
1253 2315 1398 2354 caritate
1431 2316 1499 2354 Dei
1527 2317 1714 2368 separare?
1743 2317 1830 2368 quid
1860 2317 1951 2355 inter
1982 2317 2164 2367 visibilia,

1210 2376 1298 2428 quid
1318 2376 1410 2416 inter
1425 2377 1652 2416 invisibilia?

1262 2506 1300 2543 5.
1325 2504 1463 2543 Deinde
1480 2505 1603 2544 volens
1629 2514 1662 2543 et
1683 2505 1924 2558 particulatim
1944 2506 2062 2543 omnia
2077 2519 2162 2543 enu-

1162 2584 1185 2614 B
1207 2579 1357 2616 merare,
1389 2576 1423 2604 et
1454 2566 1619 2604 omnibus
1652 2566 1753 2604 nobis
1791 2566 2017 2604 manifestum
2049 2566 2162 2604 facere

1205 2626 1445 2679 insuperabile
1473 2626 1691 2665 desiderium
1723 2626 1819 2677 quod
1850 2640 1932 2677 erga
1964 2626 2159 2664 Dominum

1204 2688 1423 2741 possidebat,
1456 2688 1619 2726 subdidit
1651 2687 1772 2726 diceus
1794 2703 1800 2723 :
1826 2689 1858 2724 T
1857 2688 2072 2725 ribulatio?
2106 2702 2160 2726 an

1204 2753 1416 2803 angustia?
1445 2764 1498 2787 an
1519 2750 1655 2802 sames
1674 2753 1690 2786 Ρ
1718 2764 1771 2786 an
1802 2752 2074 2800 persequutio?
2106 2764 2160 2787 an

1206 2812 1364 2849 nuditas
1382 2815 1398 2847 P
1417 2825 1472 2848 an
1490 2810 1706 2862 periculmn
1723 2813 1738 2846 Ρ
1759 2824 1812 2847 an
1832 2811 1987 2861 gladius
2000 2814 2017 2846 Ρ
2032 2809 2067 2849 Ο
2082 2810 2159 2848 ani-

1204 2886 1311 2920 mam,
1329 2871 1476 2919 insania,
1493 2885 1571 2921 quae
1588 2870 1811 2910 continentia:
1829 2879 1941 2908 mater
1958 2880 2022 2914 est,
2039 2871 2158 2909 suren—

1203 2933 1292 2973 tem!
1312 2933 1425 2983 Quid,
1442 2932 1569 2984 inquit,
1589 2931 1693 2970 exiis
1713 2946 1792 2983 quae
1814 2932 1916 2970 nobis
1936 2924 2057 2970 inferri
2075 2948 2140 2986 pos

1201 3004 1301 3043 sunt,
1322 3008 1384 3032 nos
1414 3007 1562 3032 avocare
1590 3007 1610 3030 a
1640 2992 1784 3030 caritate
1802 3007 1880 3044 quae
1903 3003 1955 3032 est
1978 2993 2012 3031 in
2040 2995 2157 3032 Deum

1199 3056 1355 3109 poterit?
1381 3054 1599 3093 Afflictiones
1632 3053 1875 3104 quotidianae?
1896 3054 2059 3093 Minime.
2087 3058 2157 3093 An-

1200 3117 1351 3170 gustiae?
1364 3119 1486 3167 Neque
1499 3115 1578 3152 illm.
1595 3116 1692 3152 Num
1707 3115 2022 3167 persequutiones?
2038 3118 2156 3166 Neque

1199 3179 1280 3216 illae.
1302 3178 1373 3216 Sed
1391 3176 1508 3228 quid'z'
1525 3190 1610 3213 num
1626 3175 1761 3214 sames?
1777 3191 1863 3214 num
1883 3176 2049 3215 nuditas?
2070 3191 2154 3215 num

1203 3239 1385 3292 pericula?
1398 3240 1534 3277 X'erum
1550 3235 1639 3288 quid
1651 3235 1732 3286 dieo
1746 3237 1888 3287 famem,
1899 3247 1931 3275 et
1946 3236 2154 3286 nuditatem,

147 3334 164 3351 ³⁸
189 3332 345 3377 [Savil.
337 3346 371 3367 m
384 3347 489 3380 marg.
509 3338 595 3381 conj.
614 3345 789 3382 προκέηται.
804 3338 907 3372 Coisl.
925 3342 1110 3385 riphaea-21]
1146 3339 1253 3373 Editis
1271 3339 1340 3371 haec
1356 3366 1363 3377 ,
1384 3344 1413 3372 τί
1428 3347 1485 3372 τῶν
1504 3341 1670 3382 ὁρωμένων.
1688 3335 1910 3379 deficiebant;
1935 3334 1993 3368 sed
2009 3347 2044 3368 ea
2059 3337 2154 3368 series

153 3400 167 3414 ι
196 3389 251 3422 Sic
267 3385 335 3420 duo
364 3388 440 3421 Mae.
463 3397 565 3432 atquc
592 3391 636 3422 ita
660 3390 738 3434 legit
760 3398 853 3424 vetus
869 3393 1051 3436 Interpres.
1072 3395 1111 3427 In
1148 3389 1349 3436 postulabat.

315 3457 408 3482 TOM.
443 3458 496 3482 lv.

1946 3440 1988 3489 ‚Ji

2188 343 2300 370 χ1111.Ιὶῐὶ

2184 395 2272 418 tog-1⁴.

2313 356 2372 380 ..1
