2516 3791
857 191 915 222 1)ss
951 191 1074 221 ANNA
1111 188 1258 220 SERMO
1295 189 1358 219 tv.

85 277 137 317 ὅτι
156 275 242 330 γυνὴ
258 269 344 315 οῦσα
366 275 616 328 ἐφιλοσόφησε,
631 274 737 327 γυνὴ,
759 267 802 320 ἧς
829 273 953 312 πολλοὶ
974 272 1106 312 πολλά-

83 354 135 382 κις
161 336 418 389 κατηγόρησαν.
451 336 534 374 Ἀπὸ
566 335 634 389 γὰρ
661 335 835 385 γυναικὸς,
868 334 985 388 φησὶν,
1012 331 1106 386 ἀρχὴ

83 399 274 452 ἁμαρτίας,
295 398 355 437 καὶ
382 399 425 436 δι’
447 397 555 445 αὐτὴν
583 397 850 448 ἀποθνήσκομεν
878 396 1026 439 πάντες·
1046 394 1106 433 καὶ

81 461 198 499 πάλιν·
221 462 253 498 Μ
262 459 341 512 ικρὰ
360 466 457 498 πᾶσα
474 458 581 497 κακία
598 459 682 511 πρὸς
696 458 822 497 κακίαν
841 456 1001 510 γυναικός
1018 471 1026 480 ·
1046 455 1106 494 καὶ

81 525 100 561 ὁ
118 522 258 565 Παῦλος
270 537 278 544 ·
296 520 407 571 Ἀδὰμ
426 520 494 573 γὰρ
518 522 580 559 οὐκ
595 519 762 567 ἠπατήθη
775 549 785 566 ,
804 523 826 566 ἡ
843 518 879 557 δὲ
898 517 984 570 γυνὴ
1007 518 1103 555 ἀπα·
1128 525 1152 556 Β

81 586 226 629 τηθεῑσα
258 584 293 621 ἐν
329 582 530 634 παραὸάσει
560 581 690 634 γέγονε.
714 582 782 620 Διὰ
811 584 915 620 τοῦτο
949 578 1106 631 μάλιστα

81 644 188 691 αὐτὴν
221 644 412 695 θαυμάζω,
438 642 493 682 ὅτι
520 642 565 681 τὰ
593 643 801 694 ἐγκλήματα
815 646 928 680 ταῦτα
947 639 1106 692 διεκρού-

81 719 188 751 σατο,
208 704 261 743 ὅτι
282 705 345 747 τὴν
367 705 581 758 κατηγορίαν
604 703 750 743 ἀπέθετο
765 733 774 749 ,
806 702 860 741 ὅτι
877 705 937 740 τοῦ
960 700 1106 741 &affix-

79 767 226 817 λομένου
246 766 364 819 γένους
391 760 476 805 οῦσα
496 766 555 804 καὶ
580 763 905 817 κατηγορουμένου,
920 762 965 801 τὰ
990 762 1104 810 ὀνείδη

78 826 192 866 πάντα
224 828 463 880 ἀπετρίψατο,
483 826 541 865 διὰ
566 829 635 865 τῶν
661 825 772 878 ἔργων
792 823 1006 864 παιδεύουσα
1020 854 1029 870 ,
1052 823 1106 862 ὅτι

78 890 237 927 κάκεῖναι
256 890 295 926 οὐ
317 888 415 941 παρὰ
427 888 491 934 τὴν
508 887 610 941 φύσιν
626 891 786 926 τοιαῦται
801 885 996 938 γεγόνασιν,
1014 885 1105 924 ἀλλὰ

77 948 174 1000 παρὰ
191 949 254 996 τὴν
276 949 479 1001 προαίρεσιν
504 949 564 988 καὶ
582 950 646 995 τὴν
667 947 798 987 οἰκείαν
823 946 1024 1000 ὀλιγωρίαν,
1043 947 1104 985 καὶ

76 1009 130 1048 ὅτι
151 1011 188 1049 ἐν
207 1013 258 1062 τῷ
280 1010 372 1061 γένει
390 1010 503 1062 τούτῳ
521 1009 664 1048 δυνατὸν
694 1009 804 1061 ἄκρας
834 1010 961 1061 ἀρετῆς
981 1010 1103 1047 ε’πιλα-

76 1069 209 1110 θέσθαι.
229 1072 436 1110 Φιλόνεικον
451 1071 519 1123 γάρ
541 1074 615 1110 ἐστι
635 1070 676 1108 τὸ
696 1073 780 1114 ζῶον
797 1074 900 1109 τοῦτο
925 1069 985 1108 καὶ
1005 1069 1103 1108 εὔτο-

75 1147 144 1180 νον,
165 1132 230 1170 κᾶν
257 1135 303 1177 εἷς
330 1132 499 1186 πονηρίαν
529 1132 724 1184 ἀποκλίνῃ,
754 1132 891 1184 μεγάλα
918 1131 1100 1185 ἐργάζεται

74 1193 167 1231 κακοί
181 1209 189 1216 ·
207 1193 272 1232 κᾶν
293 1199 307 1215 ³
320 1197 446 1246 ἀρετῆς
474 1194 687 1241 ἐπιλάὲηται
699 1223 708 1240 ,
726 1192 790 1240 τὴν
809 1192 928 1245 ψυχὴν
950 1193 1102 1245 προήσε-
1124 1203 1148 1233 C

72 1269 130 1292 ται
161 1254 382 1308 πρότερον,ἢ
408 1259 470 1302 τῆς
500 1254 695 1309 προθέσεως
726 1253 978 1300 ἀποστήσεται.
996 1253 1102 1292 Οὕτω

71 1319 152 1367 γοῦν
178 1317 238 1355 καὶ
258 1316 344 1364 αὕτη
369 1316 433 1364 τὴν
464 1316 566 1370 φύσιν
590 1316 749 1363 ἐνίκησε,
779 1315 838 1354 καὶ
863 1315 927 1363 τὴν
944 1315 1100 1368 ἀνάγκην

72 1375 259 1423 ε’ὅιάσατο,
280 1377 339 1416 καὶ
368 1380 411 1430 τῇ
433 1377 624 1431 προσεδρίᾳ
638 1381 701 1424 τῆς
728 1378 836 1429 εὐχῆς
866 1377 936 1414 ἀπὸ
964 1376 1101 1429 μήτρας

71 1439 329 1491 πεπηρωμένης
356 1440 474 1478 τέκνον
503 1441 702 1491 βλαστῆσαι
739 1437 998 1491 παρεσκεύασε.
1031 1437 1100 1476 Διὰ

70 1505 170 1540 τοῦτο
196 1500 301 1539 πάλιν
324 1501 381 1539 ἐπὶ
405 1500 468 1549 τὴν
486 1501 592 1553 εὐχὴν
609 1499 841 1553 καταφεύγει,
862 1499 921 1538 καὶ
943 1499 1034 1551 μετὰ
1061 1499 1101 1539 τὸ

69 1562 191 1600 λαὸεῖν
221 1561 310 1600 οὕτω
341 1562 511 1615 λέγουσα·
529 1561 750 1616 Ἐστερεώθη
768 1566 789 1609 ἡ
820 1560 947 1614 καρδία
979 1577 1044 1612 μου
1065 1564 1099 1600 ἐν

70 1624 208 1677 Κυρίῳ,
225 1624 345 1676 ὑψώθη
365 1624 470 1678 κέρας
491 1640 556 1675 μου
576 1626 609 1662 ἐν
630 1627 713 1677 Θεῷ
734 1640 813 1675 μου.
834 1623 921 1661 εὈτι
947 1622 1010 1672 μὲν
1027 1616 1098 1670 οῦν,

68 1686 103 1724 τί
118 1688 224 1734 ἐστιν,
241 1685 461 1737 Ἐστερεώθη
476 1689 497 1732 ἡ
511 1685 638 1740 καρδία
654 1701 719 1736 μου
733 1688 772 1724 ἐκ
786 1684 905 1738 Κυρίῳ
916 1715 925 1733 ,
944 1686 962 1705 *
975 1684 1098 1737 πρῴην

70 1741 165 1786 εἷπον
186 1748 270 1800 πρὸς
287 1747 350 1794 τὴν
371 1747 541 1799 ὑμετέραν
567 1747 720 1797 ἀγάπην,
737 1749 841 1794 δῆλον
855 1749 936 1798 ὑμῖν
948 1762 956 1770 ·
973 1747 1045 1785 νυνὶ
1063 1746 1098 1785 δὲ

68 1811 256 1860 ἀναγκαῖον
272 1809 336 1856 τὴν
356 1807 433 1855 ἑξῆς
453 1812 666 1862 ἑρμηνεῦσαι
690 1811 802 1862 ῥῆσιν.
829 1810 989 1847 Εἱποῦσα
1011 1807 1097 1860 γὰρ,

69 1870 287 1923 Ἐστερεώθη
322 1874 345 1918 ἡ
377 1873 506 1925 καρδία
549 1888 613 1922 μου
661 1873 696 1909 ἐν
736 1871 875 1924 Κυρίῳ,
909 1871 1097 1924 ἐπήγαγεν,
1121 1879 1147 1909 D

68 1932 214 1986 Ὑψώθη
230 1933 332 1986 κέρας
349 1949 415 1985 μου
436 1935 470 1971 ἐν
488 1936 571 1986 Θεῷ
592 1949 673 1985 μου.
693 1932 740 1972 Τί
768 1936 861 1981 ἐστι,
879 1933 992 1986 Κέρας
1008 1949 1095 1984 μου;

67 1994 139 2033 Καὶ
161 1994 228 2047 γὰρ
244 1998 395 2047 συνεχῶς
410 1995 520 2046 ταύτῃ
541 1995 712 2048 κέχρηται
729 1997 772 2046 τῇ
801 1993 892 2038 λέξει
907 1998 929 2042 ἡ
948 1994 1071 2049 Γραφὴ
1085 2025 1095 2043 ,

67 2058 114 2099 ὡς
133 2055 214 2093 ὅταν
241 2056 325 2108 λέγῃ,
343 2085 354 2104 ,
371 2056 517 2108 Ὑψώθη
549 2057 652 2109 κέρας
681 2058 809 2104 αὐτοῦ,
839 2057 920 2103 καὶ,
949 2056 1094 2110 Ὑψώθη

67 2116 171 2171 κέρας
185 2121 330 2170 χριστοῦ
364 2119 482 2157 αὐτοῦ.
506 2117 554 2156 Τί
577 2120 654 2156 ποτ’
673 2111 732 2156 οῦν
752 2117 848 2168 λέγει
875 2118 1000 2171 κέρας;
1019 2119 1094 2167 Τὴν

67 2178 229 2230 δύναμιν,
247 2179 310 2226 τὴν
343 2179 456 2228 δόξαν,
476 2179 539 2226 τὴν
564 2179 804 2232 περιφάνειαν,
833 2180 903 2218 ἀπὸ
935 2196 1093 2233 μεταφο-

69 2245 128 2293 ρᾶς
147 2243 214 2278 τῶν
234 2240 369 2292 ἀλόγων
394 2240 489 2285 ζώων
511 2241 596 2278 αὐτὸ
615 2239 630 2260 b
644 2240 767 2283 τιθείς·
788 2241 848 2279 καὶ
866 2240 935 2293 γὰρ
951 2241 1096 2286 ἐκείνοις

68 2301 146 2340 ἀντὶ
166 2301 264 2351 δόξης
277 2302 336 2340 καὶ
348 2301 457 2341 ὅπλου
474 2303 514 2341 τὸ
532 2301 636 2353 κέρας
653 2302 757 2352 μόνον
773 2302 932 2349 ἐνέθηκεν
949 2305 967 2341 ὁ
982 2303 1072 2347 Θεὸς
1083 2334 1092 2349 ,

67 2362 131 2400 κᾶν
154 2363 360 2402 ἀποὸάλωσι
374 2367 495 2411 τοῦτο,
510 2364 550 2402 τὸ
571 2363 677 2402 πλέον
697 2363 874 2402 ἀπέέαλον
894 2366 958 2410 τῆς
988 2365 1091 2404 δυνά-

68 2439 176 2474 μεως·
209 2423 268 2462 καὶ
294 2424 453 2476 καθάπερ
483 2425 612 2467 ἄοπλος
647 2423 866 2477 στρατιώτης
879 2455 889 2474 ,
919 2425 1009 2464 οὕτω
1033 2426 1094 2465 καὶ

67 2490 190 2536 ταῦρος
208 2485 317 2539 χωρὶς
343 2486 499 2538 κεράτων
528 2485 652 2539 ῥαδίως
678 2486 872 2526 ἁλίσκεται.
899 2488 1011 2527 Οὐδὲν
1037 2484 1094 2527 οῦν
1117 2495 1141 2525 E

67 2545 124 2584 διὰ
146 2546 267 2584 τούτου
287 2547 372 2584 ἄλλο
388 2546 491 2599 φησὶν
511 2551 534 2593 ἡ
549 2547 659 2598 γυνὴ,
677 2549 754 2586 ἀλλ’
777 2547 822 2595 ἢ,
849 2547 902 2586 ὅτι
921 2549 1042 2601 ὑψώθη
1070 2553 1092 2597 ἡ

67 2606 147 2651 δόξα
163 2622 243 2658 μου.
268 2613 281 2628 ⁰
297 2608 365 2646 Καὶ
386 2610 460 2652 πῶς
478 2607 617 2660 bapt-30⁷5
632 2607 694 2647 'liv
708 2611 790 2662 Θεῷ
808 2626 894 2660 μου,
912 2609 1010 2663 φησί.
1025 2611 1095 2650 Διὰ

64 2669 236 2707 τοῦτοκαὶ
248 2669 400 2722 ἀσφαλὲς
414 2670 454 2708 τὸ
465 2669 549 2722 ὕψος
570 2670 658 2718 ἐστὶ,
685 2670 830 2722 βεὸαίαν
849 2672 908 2710 καὶ
931 2671 1094 2720 ἀκίνητον

65 2729 144 2780 ἔχον
164 2729 227 2776 τὴν
242 2730 350 2781 ῥίζαν.
365 2730 409 2769 Ἥ
427 2730 489 2782 μὲν
506 2730 575 2784 γὰρ
596 2732 695 2784 παρὰ
707 2734 776 2770 τῶν
793 2732 984 2786 ἀνθρώπων
998 2733 1093 2781 δόξα,

63 2791 130 2827 τῶν
164 2790 370 2834 δοξαζόντων
405 2798 564 2842 μιμεῖται
596 2793 660 2840 τὴν
694 2794 883 2840 εὐτέλειαν,
920 2796 995 2834 ὅθεν
1032 2795 1093 2834 καὶΙ

66 2850 278 2902 μεταπίπτει
302 2851 426 2903 ῥαδίως
442 2868 449 2876 ·
469 2857 491 2900 ἡ
513 2853 554 2892 δὲ
568 2857 627 2892 τοῦ
648 2857 741 2896 Θεοῦ
768 2857 835 2908 οὐχ
853 2855 981 2904 οὕτως,
1002 2856 1092 2896 ἀλλὰ

64 2911 225 2958 ἀκίνητος
237 2912 331 2962 μένει
345 2912 401 2950 διὰ
421 2914 560 2958 παντός,
579 2915 648 2954 Καὶ
662 2921 771 2955 ταῦτα
784 2917 965 2972 ἀμφότερα
976 2918 1090 2965 δηλῶν

63 2976 81 3011 ὁ
102 2973 300 3024 προφήτης,
320 2974 484 3020 κάκείνης
502 2974 542 3013 τὸ
573 2977 853 3027 εὐμετάπτωτον,
874 2979 935 3018 καὶ
958 2979 1090 3027 ταύτης

2041 180 2134 242 849

1180 271 1598 323 est3mulier‚inquam‚
1629 286 1709 324 quae
1731 273 1887 312 multum
1908 284 1942 313 et
1966 291 1985 314 a
2011 278 2134 315 multis

1180 333 1274 371 male
1285 333 1453 372 audit.A
1466 335 1640 382 muliere,
1656 335 1789 386 inquit,
1803 338 1957 374 initium
1967 343 2129 389 peccati,
2147 331 2242 399 ἔξω
2261 334 2311 365 2⁵·

1176 409 1348 446 peream
1371 409 1500 433 omnes
1520 399 1636 433 morti
1656 398 1815 434 obnoxii
1835 411 1966 436 sumus
1988 414 1999 435 .-
2015 408 2048 436 et
2070 399 2134 437 itc-

1176 470 1260 493 rum
1282 471 1290 492 z
1317 458 1453 494 Ραννα
1472 466 1527 495 est
1542 458 1724 510 qnoelibet
1737 459 1912 506 malitia,
1935 463 1968 497 si
1985 461 2039 497 ad
2052 475 2134 498 ιιιιι-
2150 467 2228 496 loia.
2243 481 2269 500 v.
2282 471 2334 503 26.

1178 517 1284 555 lieris
1312 518 1507 556 malitiam
1534 523 1776 572 conseratur.
1808 519 1854 557 Et
1869 521 2001 559 Paulus
2021 521 2134 570 dicit,

1176 579 1314 617 Adam
1332 581 1437 617 enim
1455 593 1534 618 non
1553 590 1607 618 est
1628 582 1825 633 deceptus,
1846 583 1988 620 mulier
2006 593 2135 621 autem
2153 598 2178 619 ι.
2209 595 2287 626 Tim.
2303 606 2332 627 2.

1177 641 1337 693 decepta
1352 644 1565 680 constituta
1580 651 1634 681 est
1656 645 1697 680 in
1707 646 2041 695 praevaricatione.
2059 645 2136 683 lloc
2154 635 2199 675 ¹4·

1175 709 1228 739 est
1247 715 1312 739 cur
1335 702 1435 740 illam
1456 705 1615 741 maxime
1633 703 1809 752 admirer,
1826 704 1924 755 quod
1952 706 2044 743 lianc
2067 706 2136 745 cri-

1177 762 1409 801 minationem
1435 763 1603 813 dilucrit,
1636 764 1733 815 quod
1763 765 1855 804 lianc
1877 767 2138 806 accusationem

1177 825 1353 876 rejecerit,
1379 825 1477 876 quod
1496 841 1578 864 cum
1598 836 1686 864 esset
1708 841 1753 864 ex
1775 826 1935 865 incusato
1956 843 2061 878 sexu,
2075 844 2139 882 op-

1176 885 1323 938 probi-ia
1347 885 1413 924 ista
1446 887 1565 925 omnia
1584 887 1815 935 discusserit,
1847 903 1955 939 reque
1980 889 2053 941 ipsa
2074 890 2138 928 do-

1176 946 1290 984 cuerit
1304 978 1313 991 ,
1336 947 1417 985 illas
1437 962 1506 985 non
1527 948 1614 987 tales
1632 958 1759 986 natura
1778 950 1904 998 fuisse,
1928 950 1988 988 sed
2015 952 2138 990 volun·

1175 1016 1246 1045 tate
1268 1009 1488 1061 propriaque
1507 1010 1676 1061 segnitie⁷
1697 1019 1730 1048 et
1754 1010 1841 1048 huic
1867 1026 2009 1062 quoque
2033 1013 2136 1051 sexui

1174 1069 1220 1107 ad
1241 1069 1390 1108 virtutis
1418 1071 1603 1122 fastigium
1619 1071 1726 1110 licere
1741 1072 1955 1125 pertingere.
1985 1074 2137 1113 Conten-

1174 1131 1307 1170 tiosum
1324 1133 1419 1171 enim
1435 1143 1487 1171 est
1511 1134 1577 1171 hoc
1593 1135 1727 1172 animal
1747 1145 1779 1173 et
1802 1145 2028 1188 protervum,
2049 1146 2088 1175 et
2106 1137 2135 1174 si

1177 1195 1224 1233 ad
1242 1196 1416 1234 malitiam
1435 1195 1612 1245 declinet,
1628 1211 1756 1249 magna
1778 1199 1870 1236 mala
1888 1207 2024 1250 patrat3
2042 1198 2071 1235 si
2088 1199 2134 1237 ad

1172 1256 1346 1296 virtutem
1361 1272 1396 1295 se
1411 1258 1586 1310 applicet,
1603 1258 1723 1296 anima
1739 1259 1844 1298 citius
1857 1273 1934 1297 eam
1947 1259 2132 1310 destituat,

1173 1332 1281 1369 quam
1300 1319 1527 1372 propositum
1549 1329 1672 1358 mutet.
1696 1322 1748 1358 lta
1766 1319 1878 1371 igitur
1894 1320 1970 1358 haec
1993 1335 2136 1372 quoque

1173 1388 1338 1417 naturam
1356 1393 1457 1417 suam
1477 1380 1683 1433 superavit,
1699 1381 1946 1419 necessitatem
1962 1383 2133 1434 pervicit,

1173 1449 1206 1477 et
1227 1440 1439 1479 assiduitate
1462 1441 1629 1494 precandi
1647 1442 1767 1481 vulvae
1790 1442 1902 1480 sterili
1925 1443 2043 1481 filium
2068 1444 2135 1482 im-

1171 1502 1338 1554 petravit.
1354 1502 1584 1556 Quapropter
1599 1518 1741 1542 rursum
1755 1504 1802 1542 ad
1815 1519 1935 1557 preces
1949 1505 2132 1557 confugit,

1171 1563 1281 1601 etiam
1298 1573 1377 1616 post
1397 1564 1625 1617 impetratam
1639 1565 1792 1617 gratiam
1811 1565 1856 1603 ad
1873 1566 1968 1603 hunc
1983 1566 2132 1604 modum

1171 1625 1319 1676 loquens
1337 1642 1344 1662 :
1360 1628 1647 1679 Corfirtnatztnz
1674 1636 1730 1665 est
1755 1641 1822 1665 cor·
1846 1642 1971 1665 meum
1993 1631 2034 1665 in
2056 1629 2132 1665 Do·
2170 1645 2337 1684 Exponam

1173 1690 1293 1733 mino,
1304 1689 1525 1725 multatum
1537 1697 1595 1726 est
1607 1702 1728 1727 cornu
1744 1703 1868 1726 meum
1883 1691 1924 1726 in
1938 1690 2022 1726 Deo
2035 1703 2128 1727 meo.
2147 1687 2235 1734 ΛΡΜ
2266 1698 2334 1716 ⁰¹³·

1173 1747 1274 1794 Quid
1301 1748 1502 1799 significent
1515 1748 1593 1787 liaec
1615 1749 1743 1797 verba,
1774 1751 2059 1803 Confirmatum
2076 1759 2130 1788 est
2147 1735 2265 1805 ¹:233...
2281 1778 2312 1799 2,

1173 1822 1240 1847 cor
1255 1823 1382 1847 meum
1405 1812 1446 1847 in
1465 1811 1661 1860 Domino,
1678 1825 1792 1863 nuper
1813 1825 1870 1849 me
1888 1810 1987 1864 apud
2002 1811 2134 1849 carita·
2153 1819 2178 1840 ¹·

1171 1880 1243 1909 tem
1271 1881 1429 1910 vestram
1461 1871 1672 1910 disseruisse
1701 1872 1800 1911 scitis
1820 1888 1828 1910 :
1848 1881 2009 1925 superest
2038 1887 2133 1912 nunc

1171 1942 1212 1970 ut
1241 1948 1280 1971 ea
1311 1948 1389 1985 quae
1411 1933 1576 1986 deinceps
1601 1943 1815 1985 sequuntur,
1840 1935 2129 1987 interpretemur.

1170 1994 1262 2033 Cum
1299 1995 1395 2034 enim
1439 1994 1613 2044 dixisset,
1649 1996 1934 2048 Confirmatum
1976 2005 2032 2035 est
2066 2011 2133 2035 cor

1169 2070 1297 2094 meum
1329 2060 1371 2094 in
1391 2058 1587 2104 Domino,
1620 2071 1705 2095 mox
1726 2057 1915 2109 subjunxit
1935 2073 1942 2093 ε
1960 2058 2131 2096 Exulta-

1169 2126 1250 2155 tztm
1270 2127 1327 2157 est
1347 2132 1469 2157 cornu
1486 2133 1612 2156 meum
1633 2121 1675 2155 in
1694 2120 1780 2156 Deo
1808 2133 1906 2156 meo.
1933 2119 2033 2166 Quid
2055 2128 2126 2169 est,

1169 2180 1300 2217 Cornu
1324 2184 1476 2218 meum?
1505 2179 1648 2217 Etenim
1672 2180 1859 2232 Scriptura
1880 2181 1947 2219 hac
1972 2180 2129 2219 dictione

1166 2254 1259 2293 saepe
1282 2241 1335 2279 uti
1359 2241 1448 2279 solet
1457 2256 1468 2290 ;
1492 2240 1583 2279 sicut
1607 2241 1749 2298 quando
1773 2241 1876 2290 dicit,
1891 2243 2128 2280 Eoealtatum
2145 2266 2233 2294 Psal.

1167 2311 1223 2341 est
1247 2305 1471 2355 cornuejus,
1482 2303 1780 2340 etzExaltatum
1794 2312 1849 2342 est
1863 2317 1983 2342 cornu
1994 2305 2128 2342 christi
2148 2315 2155 2334 ¹
2170 2316 2210 2363 ¹⁴,

1165 2366 1259 2418 ejus.
1281 2363 1380 2410 Quid
1406 2363 1519 2416 igitur
1546 2363 1691 2402 tandem
1718 2379 1826 2403 cornu
1844 2365 2035 2403 nominat?
2059 2366 2126 2404 Po·
2147 2348 2248 2419 :bf-eg

1165 2425 1328 2474 tentiam,
1344 2425 1509 2478 gloriam,
1531 2426 1742 2474 claritatem,
1761 2441 1782 2464 a
1804 2427 1920 2465 brutis
1936 2427 2127 2465 animanti-

1167 2488 1236 2526 bus
1271 2488 1364 2526 hanc
1390 2487 1636 2540 metaphoram
1663 2497 1848 2526 mutuatus
1882 2505 1889 2524 :
1918 2503 1999 2526 nam
2029 2490 2127 2526 Deus

1166 2549 1364 2587 ornamenti
1386 2563 1427 2587 ac
1442 2549 1503 2587 teli
1523 2549 1602 2587 vice
1622 2562 1753 2586 cornua
1777 2549 1850 2586 illis
1866 2549 2028 2594 addidit,
2046 2550 2127 2601 qui-

1166 2610 1235 2648 hus
1247 2609 1387 2648 amissis
1402 2610 1620 2662 praeeipuam
1635 2609 1770 2647 virium
1780 2619 1917 2662 partem
1931 2611 2101 2650 amittunt
2116 2628 2124 2648 :

1167 2680 1201 2709 et
1216 2671 1307 2708 sicut
1320 2671 1466 2708 inermis
1486 2670 1607 2719 miles,
1627 2671 1675 2708 ita
1689 2680 1721 2708 et
1741 2679 1864 2708 taurus
1887 2672 2022 2722 absque
2050 2687 2126 2710 cor-

1167 2733 1274 2773 nibus
1291 2732 1459 2785 perfacile
1477 2733 1630 2785 capitur.
1654 2731 1756 2770 Nihil
1777 2732 1887 2783 igitur
1912 2734 2013 2772 aliud
2036 2735 2126 2773 dicit

1166 2795 1243 2833 haec
1271 2795 1424 2844 mulier,
1449 2809 1582 2846 quam,
1608 2795 1776 2834 Exaltata
1804 2806 1854 2835 est
1887 2798 1999 2850 gloria
2031 2813 2122 2837 mea.

1166 2855 1214 2894 Et
1233 2856 1414 2906 quomodo
1430 2856 1610 2894 exaltata?
1622 2859 1671 2894 In
1685 2858 1771 2895 Deo
1785 2872 1880 2905 meo,
1899 2859 2025 2910 inqui‘t.
2042 2860 2126 2899 ldeo

1164 2917 1200 2955 in
1222 2926 1298 2955 tuto
1313 2927 1365 2955 est
1385 2917 1460 2955 haec
1488 2917 1679 2965 celsitudo,
1700 2928 1738 2956 ut
1752 2934 1831 2970 quat
1854 2920 1996 2959 sirmam
2019 2931 2126 2972 atque

1163 2978 1386 3016 immobilem
1414 2978 1571 3017 radicem
1597 2979 1738 3017 habt-at.
1763 2981 1889 3019 Gloria
1921 2982 2015 3020 enim
2044 2998 2121 3033 qum

2259 2265 2309 2308 :4-

2256 2371 2261 2377 .
2280 2357 2308 2377 2.

62 3035 102 3073 τὸ
130 3034 289 3084 μόνιμον,
317 3035 425 3078 οὕτως
453 3035 548 3088 ἔλεγε
566 3053 574 3060 ·
606 3039 712 3075 Πᾶσα
734 3038 820 3091 σὰρξ
852 3040 995 3093 χόρτος,
1027 3041 1147 3096 mlvsz.
1162 3049 1213 3078 est
1229 3040 1274 3077 ab
1287 3039 1514 3088 hominibus5
1538 3040 1819 3091 glorificantium
1838 3042 2017 3081 vilitatem
2045 3044 2124 3081 imi-

62 3100 160 3133 πᾶσα
181 3095 262 3139 δόξα
280 3095 462 3148 ἀνθρ(·’)που
481 3099 528 3141 ὡς
550 3098 649 3141 ἄνθος
680 3098 820 3150 χόρτου.
842 3100 1039 3154 Ἐξηράνθη
1068 3105 1086 3140 ὁ
1111 3107 1136 3135 Λ
1163 3111 1274 3147 tatur,
1307 3100 1402 3138 unde
1433 3101 1475 3138 sit
1502 3110 1541 3138 ut
1574 3101 1678 3139 facilc
1700 3102 1957 3150 subvertatur3
1989 3113 2024 3141 at
2054 3119 2121 3141 non

62 3153 204 3207 χόρτος,
224 3156 338 3196 καὶτὸ
355 3157 453 3201 ἄνθος
481 3158 633 3209 ἐξέπεσε.
653 3160 740 3212 Περὶ
762 3161 798 3200 δὲ
815 3164 878 3208 τῆς
905 3167 966 3202 τοῦ
992 3166 1085 3203 Θεοῦ

107 3287 122 3303 ⁸
143 3276 239 3313 (ΞΟΠ).
255 3287 287 3311 el.
301 3280 382 3324 Reg.
398 3287 521 3326 ἀρετήν.

109 3330 124 3345 ⁸
149 3339 255 3376 Πρῴην
271 3338 368 3367 εἰπών.
382 3333 500 3366 Sermo
517 3333 570 3366 ine
588 3335 620 3367 in
632 3346 698 3379 quo
715 3335 784 3370 haec
802 3337 1067 3381 explicabantur,

61 3383 116 3425 qui
134 3391 269 3426 quartus
285 3392 368 3427 erat,
386 3384 566 3419 intercidit.

1159 3162 1211 3201 sic
1231 3162 1298 3200 Dei
1317 3161 1430 3214 gloria
1443 3192 1452 3209 ‚
1483 3161 1547 3200 sed
1567 3161 1764 3201 immobilis
1785 3173 1901 3202 manet
1933 3165 1967 3202 in
1999 3178 2122 3216 perpe-

1150 3287 1167 3311 Β
1192 3284 1290 3319 Culb.
1308 3284 1377 3318 duo
1391 3293 1425 3318 et
1440 3285 1522 3328 Reg.
1540 3291 1724 3329 μετατιθείς.

1147 3346 1159 3359 ‘
1180 3340 1237 3372 Sic
1254 3336 1350 3373 Cotb.
1370 3336 1439 3371 duo
1455 3346 1488 3371 ct.
1503 3339 1584 3381 neg.
1604 3340 1681 3371 llsec
1704 3339 1818 3371 vitiata
1842 3344 1934 3370 erant
1954 3335 1986 3369 in
2002 3336 2115 3370 Edito.
