2483 3791
139 657 294 694 'Epilogus

105 700 243 727 homitiae.

109 2380 134 2399 ι.
153 2370 224 2400 Cor.
242 2380 270 2400 2.

314 186 399 250 176
709 201 747 231 s.
785 200 967 231 soi-imis
1003 199 1247 231 cunrsosr.

304 287 410 339 longo
426 295 584 339 tempore
603 285 824 336 duraverint,
841 285 1075 324 nihilominus
1091 285 1259 323 sententia

304 349 438 387 mortui
457 357 568 386 erant.
585 348 668 387 Scio
679 362 736 386 me
748 347 943 401 copiosiore
958 361 1116 385 sermone
1135 355 1168 384 et
1184 346 1262 383 lon-

1289 200 1401 230 ⁴&RCH
1410 200 1496 229 tEP.
1537 199 1816 229 CONSTANTIN
1824 201 1879 229 ΟΡ
1888 220 1897 229 .

1333 283 1518 335 διήρκεσαν
1549 283 1672 335 χρόνον
1687 313 1698 332 ,
1735 283 1824 322 ἀλλὰ
1851 287 1894 336 τῇ
1927 284 2100 336 ἀποφάσει
2134 283 2351 330 τεθνήκασιν.

1332 338 1424 382 Οἶδα
1446 344 1498 381 ὅτι
1513 343 1626 382 πολλὰ
1642 344 1685 382 τὰ
1701 344 1869 397 εἰρημένα
1887 345 1947 383 καὶ
1967 347 2014 389 εἰς
2029 344 2117 384 πολὺ
2141 348 2250 396 μῆκος
2267 349 2352 395 ἡμῖν

304 409 404 460 giore
419 409 697 460 doctrinassusum
715 425 722 445 :
742 409 821 447 ideo
841 408 923 459 quia
943 407 1167 459 pergratiam
1181 404 1262 453 Dei,
1284 409 1308 438 E
1333 403 1475 451 ἐξετάθη
1492 403 1536 442 τὰ
1557 408 1621 451 τ’ῆς
1638 405 1865 449 διδασκαλίας
1881 422 1888 430 ·
1909 405 1961 444 διὸ
1980 406 2099 454 ἐπειδὴ
2122 410 2164 458 τῇ
2185 411 2245 444 τοῦ
2264 407 2357 444 Θεοῦ

304 484 370 522 pro
389 471 519 509 nostris
551 470 692 508 viribus
722 469 843 508 omnia
876 469 912 505 in
939 467 1097 504 medium
1123 466 1263 518 prolata

305 540 403 582 sunt,
426 531 536 569 ethis
563 545 642 582 quae
671 531 758 568 lecta
781 537 864 566 sunt
882 528 991 565 finem
1010 527 1260 580 imposuimus,

307 606 402 630 nune
421 606 617 630 sermonem
637 589 898 628 contrahamus.

361 655 425 691 10.
446 655 590 690 Possem
610 651 756 702 quidem
791 659 823 687 et
851 649 922 686 alia
952 648 1117 701 proferri,
1139 657 1173 686 et
1198 648 1262 686 ite-

307 729 389 752 rum
408 712 597 750 monstrari
619 712 793 749 inflictam
804 710 890 748 hinc
901 724 1058 762 poenam,
1075 718 1108 747 et
1132 718 1264 747 morta-

303 774 441 812 litatem
453 773 488 810 in
505 787 568 811 nos
581 773 777 821 inductam,
790 771 942 809 multam
954 770 1125 822 abyssum
1134 770 1264 808 hahere

304 835 438 873 divinae
457 833 710 872 misericordiae
729 849 736 869 :
761 832 823 871 sed
842 847 885 870 ne
905 830 1136 869 multitudine
1149 831 1263 869 dicto-

1332 464 1452 516 χάριτι
1492 464 1582 502 κατὰ
1617 464 1760 516 δύναμιν
1798 466 1972 520 ἡμετέραν
1999 468 2139 505 ἅπαντα
2169 470 2217 511 εἷς
2250 466 2354 517 μέσον

1330 527 1412 575 ὑμῖν
1438 524 1620 576 προθέντες
1638 525 1736 570 τέλος
1758 527 1978 578 ἐπεθήκαμεν
1994 534 2064 572 τοῖς
2089 531 2354 580 ἀναγνωσθεῖσι,

1332 586 1567 637 συσῑείλωμεν
1589 589 1740 625 ἐνταῦθα
1757 588 1815 626 τὸν
1835 588 1949 639 λόγον.

1386 648 1494 694 Ἐνῆν
1526 648 1587 699 μὲν
1608 648 1675 700 γὰρ
1697 649 1758 686 καὶ
1776 649 1877 702 ἕτερα
1897 649 2108 701 προσθέντας
2127 650 2232 694 δεῖξαι
2249 649 2353 689 πάλιν

1331 708 1389 747 καὶ
1415 709 1542 757 ταύτην
1566 709 1671 757 αὐτὴν
1688 709 1751 757 τὴν
1765 709 1937 762 τιμωρίαν
1958 709 2020 757 τὴν
2045 712 2269 762 ἐπαχθεῖσαν,
2294 710 2355 748 καὶ

1332 769 1370 808 τὸ
1393 771 1534 818 θνητοὺς
1560 771 1718 823 γενέσθαι
1741 771 1874 818 πολλὴν
1898 771 2046 823 ἔχουσαν
2065 772 2216 809 άδυσσον
2233 773 2354 823 φιλαν·

1332 832 1487 884 θρωπίας
1503 849 1510 856 ·
1534 833 1624 871 ἀλλὰ
1643 833 1700 871 ἰ’να
1722 832 1770 884 μὴ
1791 836 1840 884 τῷ
1855 835 1974 885 πολλῷ
1994 833 2121 879 πλήθει
2137 832 2353 885 καταχώσω-

303 910 386 933 rum
400 904 553 933 mentem
563 904 717 933 vestram
730 894 1025 944 obruamus,age‚
1039 892 1320 948 obsecremusffl)
1333 909 1394 943 μεν
1416 896 1512 944 ὑμῶν
1534 893 1603 941 ’τὴν
1629 894 1793 940 διάνοιαν,
1822 893 1919 945 φέρε,
1939 892 2242 946 παρακαλέσωμεν
2263 895 2354 945 ὑμᾶς

303 971 382 1003 vos,
408 966 447 994 ut
478 970 561 994 cum
583 956 666 994 hine
688 955 846 993 abieritis
864 984 875 1003 ,
897 968 939 991 ne
959 953 993 990 in
1017 953 1262 991 conventicula
1286 961 1310 989 A
1331 957 1483 992 ἐντεῦθεν
1521 954 1720 998 ἐξελθόντας
1752 954 1800 1005 μὴ

303 1018 550 1070 insipientium
570 1031 631 1055 vos
654 1015 854 1062 conferatis,
872 1028 985 1064 neque
1005 1014 1262 1066 intempestivae

304 1079 502 1130 nugacitati
530 1079 675 1127 vacetis,
708 1077 769 1115 sed
791 1075 888 1128 apud
919 1089 982 1114 vos
1013 1075 1201 1126 intelligite
1230 1084 1264 1112 et

304 1154 387 1178 cum
414 1139 494 1177 aliis
511 1139 668 1190 colligite
687 1153 764 1189 quae
785 1137 879 1174 dicta
897 1145 993 1182 sunt,
1015 1145 1049 1173 et
1068 1135 1104 1173 in
1128 1150 1261 1174 memo—

303 1200 395 1238 riam
418 1201 555 1249 referte,
578 1200 751 1251 quidnam
769 1198 885 1251 judex
915 1195 1151 1249 responderit,
1172 1196 1262 1247 quid

304 1261 354 1299 rei
372 1276 438 1314 pro
458 1275 494 1299 se
512 1261 685 1309 dixerint,
718 1269 750 1298 et
769 1257 947 1310 quomodo
971 1257 1087 1296 Adam
1117 1258 1261 1310 culpam

304 1321 339 1359 in
351 1336 499 1359 uxorem
512 1321 816 1369 transtulerit,illa
833 1320 869 1357 in
885 1328 1097 1371 serpentem,
1112 1333 1259 1370 quomo-

302 1381 350 1420 do
369 1383 452 1420 item
470 1384 567 1421 Deus
581 1383 688 1420 etiam
702 1383 798 1420 hunc
813 1381 983 1434 punierit,
999 1389 1033 1418 et
1052 1395 1191 1433 poenam
1204 1380 1260 1418 illi

304 1452 378 1481 toto
397 1444 525 1481 saeculo
544 1443 756 1481 duraturam
777 1441 969 1491 inflixerit,
992 1455 1206 1493 gravemque
1223 1442 1259 1479 in

304 1504 409 1543 illum
432 1505 712 1556 indignationem
742 1503 988 1552 declaraverit,
1007 1512 1113 1554 atquc
1131 1517 1175 1541 ex
1193 1504 1261 1541 hoc

305 1566 500 1604 ostenderit
515 1580 617 1604 suam
629 1579 711 1617 erga
721 1565 885 1617 deceptos
899 1579 1032 1602 curam.
1042 1565 1102 1602 Ex
1114 1579 1153 1603 eo
1167 1566 1260 1603 enim

1838 959 1851 974 ²¹
1864 956 1911 997 εἰς
1944 955 2130 1001 ἀνονήτους
2169 955 2354 1006 συλλόγους

1331 1014 1472 1058 ἑαυτοὺς
1486 1015 1670 1062 ἐκδιδόναι,
1695 1015 1783 1066 μηδὲ
1806 1017 1852 1058 εἰς
1872 1014 2041 1067 φλυαρίας
2055 1014 2243 1067 ἀκαίρους,
2264 1015 2354 1054 ἀλλὰ

1331 1078 1407 1114 καθ’
1437 1075 1578 1120 ἑαυτοὺς
1608 1076 1785 1119 συνιέντας
1819 1076 1895 1127 μετ’
1926 1076 2088 1122 ἀλλήλων
2115 1076 2294 1127 συλλέγειν
2309 1074 2354 1113 τὰ

1331 1137 1498 1190 εἰρημένα
1513 1166 1522 1183 ,
1551 1137 1609 1174 καὶ
1629 1139 1677 1179 εἰς
1695 1137 1889 1188 ὑπόμνησιν
1909 1137 2050 1182 ἑαυτοὺς
2065 1138 2160 1190 ἄγειν
2173 1169 2182 1186 ,
2202 1138 2236 1175 τί
2257 1137 2318 1188 μὲν
2336 1140 2354 1175 ὁ

1332 1197 1497 1245 δικαστὴς
1529 1198 1753 1251 ἀπεκρίνατο,
1779 1198 1813 1235 τί
1843 1198 1879 1237 δὲ
1899 1201 1930 1236 οἱ
1963 1199 2143 1238 ὑπεύθυνοι
2172 1199 2352 1250 ἀπελογή-

1331 1275 1454 1307 σαντο,
1470 1259 1529 1296 καὶ
1544 1262 1618 1302 πῶς
1634 1257 1650 1279 ¹³
1661 1261 1679 1296 ὃ
1693 1259 1754 1309 μὲν
1772 1260 1825 1297 ἐπ’
1843 1259 1976 1306 ἐκείνην
1990 1259 2054 1306 τὴν
2070 1259 2183 1297 αἰτίαν
2200 1259 2354 1311 μετήγα·

1329 1337 1400 1373 γεν,
1433 1320 1547 1366 ἐκείνη
1575 1319 1610 1358 δὲ
1639 1320 1696 1358 ἐπὶ
1729 1320 1786 1358 τὸν
1818 1320 1906 1373 ὄφιν,
1941 1320 1999 1358 καὶ
2037 1324 2112 1365 πῶς
2143 1320 2203 1358 καὶ
2235 1324 2354 1360 τοῦτον

1329 1381 1599 1436 ἐτιμωρήσατο,
1632 1381 1691 1419 καὶ
1713 1380 1767 1420 ὅτι
1787 1382 1928 1429 διηνεκῆ
1956 1382 2015 1420 καὶ
2042 1384 2091 1434 τῷ
2118 1382 2224 1420 παντὶ
2255 1383 2354 1420 αἰῶνι

1330 1443 1719 1496 συμπαρεκτεινομένην
1738 1446 1831 1496 αὐτῷ
1847 1443 1910 1491 τὴν
1927 1444 2098 1495 τιμωρίαν
2116 1443 2357 1495 ἐπήγαγε,καὶ

1329 1504 1480 1557 σφοδρὰν
1496 1504 1560 1551 τὴν
1580 1507 1657 1542 κατ’
1681 1506 1784 1542 αὐτοῦ
1803 1505 2041 1553 ἀγανάκτησιν
2062 1505 2273 1553 ἐποιήσατο,
2296 1505 2357 1543 καὶ

1330 1567 1386 1605 διὰ
1408 1566 1528 1604 τούτου
1549 1565 1680 1610 δεικνὺς
1705 1565 1769 1612 τὴν
1795 1566 1880 1618 πρὸς
1896 1565 1975 1610 τοὺς
1997 1566 2239 1613 ἀπατηθέντας
2253 1568 2356 1615 κηδε·

305 1628 406 1678 quod
423 1628 658 1680 decipientem
672 1627 723 1665 sic
738 1627 835 1664 ultus
852 1636 917 1675 est,
932 1626 1148 1678 intelligitur
1163 1627 1208 1664 ab
1222 1641 1262 1664 eo
1284 1634 1307 1663 B
1333 1629 1466 1680 μονίαν.
1488 1627 1544 1665 Δι’
1572 1621 1619 1664 ὧν
1648 1627 1718 1678 γὰρ
1738 1627 1795 1666 τὸν
1818 1628 2049 1675 ἀπατήσαντα
2065 1628 2172 1672 οὕτως
2187 1628 2357 1679 ἠμύνατο,

305 1688 471 1741 deceptos
490 1702 548 1726 eos
567 1689 686 1737 fuisse,
703 1688 765 1739 qui
781 1689 857 1725 Deo
875 1687 982 1726 valde
994 1687 1086 1739 grati
1106 1697 1216 1736 erant,
1231 1697 1263 1725 et

306 1765 371 1803 pro
388 1751 520 1801 quibus
542 1750 697 1788 multum
720 1750 892 1788 sollicitus
917 1750 1044 1787 fuerat.
1077 1750 1167 1787 Dein
1190 1764 1263 1787 me—

307 1820 460 1848 mentote
483 1810 652 1862 supplicii
670 1810 842 1859 mulieris,
854 1819 887 1847 et
900 1824 1012 1862 poenae
1031 1824 1110 1861 quae
1130 1810 1183 1847 illi
1202 1811 1261 1848 in-

306 1871 401 1909 flicta
421 1881 485 1921 est,
502 1871 574 1909 imo
589 1872 708 1924 potius
724 1871 989 1920 admonitionis,
1007 1880 1040 1909 et
1055 1871 1106 1909 sic
1124 1886 1265 1923 quoque

306 1931 542 1970 recordemini
560 1947 638 1983 quae
665 1932 736 1971 sint
755 1932 840 1970 Adae
859 1932 966 1981 dicta,
985 1932 1266 1983 sententiamque

305 1993 397 2031 lianc
422 1993 541 2032 animo
561 1994 721 2046 repetite,
760 1996 881 2032 Terra
915 2007 967 2040 es,
993 2002 1028 2031 et
1051 1996 1092 2031 in
1121 2002 1266 2032 terram

306 2056 442 2093 abibis.
462 2055 555 2094 Hinc
571 2055 810 2108 obstupescite
829 2055 1048 2092 ineffabilem
1066 2055 1134 2093 Dei
1156 2056 1262 2093 mise-

308 2115 516 2166 ricordiam,
538 2116 634 2167 quod
657 2131 734 2163 nos,
757 2116 819 2167 qui
843 2131 889 2154 ex
908 2125 1001 2153 terra
1020 2131 1157 2165 sumus,
1179 2116 1263 2154 etin

1332 1689 1434 1734 δῆλον
1463 1687 1516 1726 ὅτι
1544 1691 1591 1732 εἷς
1612 1688 1691 1732 τοὺς
1713 1689 1803 1726 πάνυ
1825 1690 1920 1740 αὐτῷ
1945 1690 2263 1741 περισπουδάστους
2292 1689 2355 1736 τὴν

1331 1750 1469 1796 ἀπάτην
1494 1749 1692 1801 εἰργάσατο.
1730 1744 1820 1788 Εἶτα
1844 1752 1996 1788 ἐντεῦθεν
2018 1750 2278 1800 μνημονεύσατε
2296 1754 2356 1789 τοῦ

1329 1811 1506 1862 ἐπιτιμίου
1525 1815 1587 1858 τῆς
1614 1812 1776 1863 γυναικὸς
1790 1842 1800 1859 ,
1820 1811 1880 1849 καὶ
1903 1814 1966 1857 τῆς
1991 1812 2165 1855 κολάσεως
2183 1814 2246 1858 τ’ἧς
2265 1815 2352 1851 ἐπα-

1328 1871 1470 1924 χθείσης
1491 1873 1602 1924 αὐτῇ,
1635 1874 1766 1922 μαλλον
1783 1871 1819 1910 δὲ
1837 1875 1899 1918 τῆς
1917 1872 2106 1918 νουθεσίας,
2124 1872 2184 1910 καὶ
2203 1872 2292 1911 οὕτω
2310 1873 2355 1912 τὰ

1329 1934 1414 1986 πρὸς
1439 1933 1497 1972 τὸν
1525 1933 1636 1984 Ἀδαμ
1665 1933 1832 1985 εἰρημένα
1857 1934 2185 1997 μνημονεύσαντες,
2208 1934 2268 1973 καὶ
2293 1938 2357 1982 τ’ἧς

1332 1995 1538 2048 ἀποφάσεως
1565 1997 1612 2038 εἷς
1640 1994 1772 2034 ἔννοιαν
1792 1995 1964 2042 ε)θόντες,
1987 1995 2070 2035 Οτι
2091 1998 2136 2047 γῆ
2154 1999 2204 2044 εἰ,
2228 2013 2288 2035 και
2308 1999 2356 2041 εἷς

1330 2059 1394 2108 γ’ἦν
1424 2058 1474 2094 ἀπ
1476 2055 1624 2107 ελεύσῃ,
1656 2058 1809 2094 ἐντεῦθεν
1843 2056 2025 2108 ἐκπλάγη
2029 2073 2043 2094 ε
2067 2058 2168 2105 τὴν
2146 2074 2277 2111 αφατον
2295 2063 2354 2097 τοῦ

1331 2119 1423 2156 Θεοῦ
1444 2117 1705 2169 φιλανθρωπίαν
1719 2147 1728 2164 ,
1749 2116 1802 2154 ὅτι
1821 2121 1916 2167 ἡμᾶς
1936 2117 2012 2161 τοὺς
2029 2120 2067 2156 ἐκ
2084 2121 2146 2165 τῆς
2161 2122 2226 2170 γ’ῆς
2239 2118 2356 2168 ὄντας,

311 2185 443 2214 terram
459 2177 712 2227 dissolvemur,
729 2177 757 2214 si
770 2177 990 2215 voluerimus
1008 2177 1178 2215 virtutem
1194 2191 1264 2214 am·
1284 2188 1308 2219 C
1331 2179 1390 2217 καὶ
1415 2182 1462 2222 εἷς
1494 2182 1558 2230 γῆν
1586 2178 1853 2228 διαλυομένους,
1887 2181 1916 2215 εἰ
1948 2179 2200 2230 βουληθείημεν
2228 2180 2354 2232 ἀρετὴν

306 2237 458 2289 plexari‚
471 2247 504 2276 et
523 2238 613 2277 vitia
629 2238 765 2289 fugere,
779 2238 914 2288 assequi
933 2238 1128 2289 poterimus
1142 2238 1264 2275 ineffa-

305 2298 394 2336 bilia
413 2299 476 2336 illa
490 2299 599 2349 bona,
617 2313 696 2349 quae
719 2299 860 2351 paravit
880 2307 914 2335 et
928 2298 1091 2350 promisit
1110 2298 1262 2349 diligen-

306 2359 402 2398 tibus
419 2375 470 2410 se,
483 2375 560 2411 quae
577 2360 702 2398 oculus
718 2374 785 2397 non
798 2359 904 2409 vidit,
918 2373 980 2396 nee
995 2359 1091 2397 auris
1105 2360 1258 2407 audivit,

308 2421 423 2459 necin
460 2435 520 2458 cor
546 2421 702 2459 hominis
734 2420 1135 2458 ascenderunt.Gratias
1153 2421 1263 2471 igitur

306 2483 438 2521 multas
457 2482 613 2520 Domino
633 2491 752 2520 nostro
769 2482 939 2519 debemus
958 2496 1022 2534 pro
1042 2491 1092 2520 tot
1110 2483 1261 2521 talibus-

304 2558 373 2595 que
392 2543 574 2581 beneficiis
596 2559 604 2579 ε
627 2552 660 2581 et
691 2558 730 2581 ea
756 2557 979 2594 nequaquam
1013 2556 1059 2580 ex
1093 2545 1261 2582 memoria

302 2604 533 2651 dimittendo,
556 2619 618 2657 per
637 2605 730 2642 bona
747 2619 878 2657 opera,
894 2613 929 2641 et
955 2603 1118 2656 diligenti
1147 2605 1262 2643 malo—

304 2681 386 2704 rum
400 2667 485 2717 fuga
506 2666 625 2718 ipsum
646 2665 866 2716 mitigemus,
887 2679 930 2702 ac
946 2664 1142 2717 propitium
1159 2666 1261 2704 nohis

305 2727 512 2765 reddamus.
543 2726 736 2775 Quomodo
765 2727 859 2764 enim
879 2740 948 2764 non
968 2725 1098 2777 ingrati
1120 2741 1262 2779 prorsus

307 2788 419 2826 animi
438 2789 582 2839 signum
603 2788 729 2833 fuerit,
747 2787 776 2826 si
797 2787 871 2840 ipse
885 2787 1044 2839 quidem,
1065 2801 1145 2825 cum
1165 2789 1263 2826 Deus

303 2850 348 2887 sit
362 2858 395 2886 et
413 2849 627 2887 immortalis
649 2859 798 2898 naturae,
819 2863 888 2887 non
907 2848 1061 2900 refugiat
1087 2863 1264 2887 assumere.

306 2911 494 2949 mortalem
512 2921 544 2948 et
562 2921 762 2950 terrestrem
782 2921 940 2949 nostram
960 2911 1211 2961 substantiam,
1224 2921 1262 2949 ut

303 2981 336 3010 et
355 2972 553 3021 abantiqua
569 2982 682 3011 morte
699 2987 762 3011 nos
778 2973 918 3022 liberet,
933 2985 1039 3024 supra
1059 2971 1161 3009 caelos
1177 2986 1260 3009 eve-

305 3033 380 3082 hat,
400 3041 547 3085 paterno
567 3047 730 3071 consessu
749 3033 908 3082 honoret,
928 3041 962 3070 et
977 3032 1023 3070 ab
1039 3032 1134 3069 omni
1163 3033 1262 3070 caele·

305 3099 349 3137 sti
374 3099 532 3137 exercitu
554 3099 695 3137 adorari
717 3110 817 3139 curet
835 3117 842 3137 :
867 3115 928 3139 nos
948 3109 1067 3138 autem
1088 3101 1264 3139 contraria

348 3236 361 3251 ι
378 3225 480 3260 Savil,
498 3234 529 3257 et
546 3225 674 3269 aliquot
696 3228 774 3259 Mss.
795 3233 831 3261 sti
848 3234 1021 3270 ἀνονήτους,
1040 3223 1141 3259 More!
1176 3231 1212 3263 εἷς
1229 3231 1314 3262 ἀνθή-

307 3293 384 3316 τους.
405 3279 495 3319 [Mox
518 3277 620 3311 Savil.
641 3281 815 3322 συνάπας]

350 3332 365 3355 b
383 3329 486 3363 Savil.
507 3335 521 3365 ὁ
537 3335 576 3374 a}
581 3348 592 3363 ν
611 3329 647 3364 Ᾱῗ
640 3337 695 3374 ,ἀι
713 3347 766 3370 την
790 3337 887 3366 αίτῗαν
906 3337 950 3367 ἐπὶ
969 3339 1022 3371 τὴν
1040 3340 1158 3375 [υναὶικ
1178 3348 1214 3373 υ·
1209 3346 1247 3364 ’.τ

1332 2242 1518 2291 μετελθεῖν,
1545 2239 1603 2277 καὶ
1623 2239 1748 2277 κακίαν
1769 2245 1904 2291 φυγεῖν,
1935 2243 2004 2277 τῶν
2033 2240 2239 2292 ἀπορρήτων
2259 2241 2353 2279 ἐκεί-

1330 2317 1396 2339 νων
1425 2304 1561 2352 ἀγαθῶν
1589 2301 1629 2345 ἀξ
1635 2317 1702 2339 ιουν
1730 2302 1961 2354 ἐπηγγείλατο
1988 2318 2057 2339 των
2083 2303 2353 2355 ἡτοιμασαένιι)ν

1329 2368 1399 2406 τοῖς
1430 2362 1650 2414 ηγαπηκόσιν
1676 2363 1800 2410 αὐτὸν,
1821 2363 1870 2400 ςᾶ
1898 2364 2074 2415 ὀφθαλμὸς
2095 2366 2156 2402 οὐκ
2184 2359 2268 2413 εἶδε,
2295 2381 2355 2403 και

1329 2428 1383 2466 οὓς
1413 2426 1474 2462 οὐκ
1507 2424 1633 2470 ἤκουσε
1646 2452 1654 2468 ,
1700 2439 1759 2461 και
1796 2423 1853 2461 επὶ
1896 2424 2040 2476 καρδίαν
2075 2424 2257 2478 ἀνθρώπου
2293 2428 2355 2464 οὐκ

1329 2485 1448 2532 ἀνέοη.
1492 2486 1603 2537 Χάριν
1626 2484 1737 2522 τοίνυν
1759 2484 1893 2531 πολλὴν
1913 2486 2129 2538 ὀοείλομεν(
2112 2488 2212 2537 ημῶν
2235 2488 2356 2535 ὁμολο-

1328 2552 1400 2597 γεῖν
1426 2549 1474 2599 τῷ
1503 2546 1665 2595 Δεσπότῃ
1694 2545 1780 2597 ὑπὲρ
1806 2550 1874 2585 τῶν
1902 2524 2117 2594 τηλικούτων
2137 2550 2354 2601 εὐεργεσιῶν,

1329 2608 1388 2645 καὶ
1406 2608 1580 2658 μηδέποτε
1593 2609 1682 2660 λήθη
1699 2612 1809 2646 ταῦτα
1827 2609 2094 2661 παραπέμπειν,
2110 2610 2199 2648 ἀλλὰ
2216 2609 2273 2648 διὰ
2285 2613 2353 2648 τῶν

1331 2671 1468 2721 ἀγαθῶν
1491 2669 1606 2723 ἔργων
1619 2669 1678 2707 καὶ
1696 2671 1756 2714 τῆς
1770 2671 1902 2715 πολλῆς
1919 2674 1986 2708 τῶν
2004 2670 2143 2721 φαύλων
2159 2673 2353 2722 ἀποφυγῆς,

1331 2736 1450 2769 τοῦτον
1466 2730 1729 2781 ἐξιλειι)σι·’)μεθα
1745 2731 1803 2768 καὶ
1819 2733 1945 2782 εὐμενῆ
1963 2735 2047 2782 ἡμῖν
2062 2732 2355 2782 καταστήσωμεν.

1333 2795 1414 2837 Πῶς
1441 2793 1506 2844 γὰρ
1529 2795 1566 2831 οὐ
1597 2792 1712 2839 πάσης
1740 2798 1839 2831 τοῦτο
1868 2792 2116 2844 ἀγνωμοσύνης
2143 2794 2288 2844 δεῖγμα,
2324 2796 2354 2832 εἷ

1334 2855 1434 2897 αὐτὸς
1454 2855 1528 2904 μὲν,
1556 2854 1645 2897 Θεὸς
1667 2852 1715 2891 ὢν
1734 2853 1793 2891 καὶ
1815 2853 1982 2896 ἀθάνατος
1997 2884 2006 2901 ,
2026 2853 2090 2900 τὴν
2107 2854 2205 2906 φύσιν
2226 2857 2355 2893 ἀναλα-

1333 2916 1453 2954 Cio-om
1472 2915 1535 2962 τὴν
1557 2914 1684 2962 θνητὴν
1705 2918 1804 2964 ἡμῶν
1827 2915 1886 2952 καὶ
1905 2915 2022 2967 γήϊνον
2044 2915 2160 2954 οὐσίαν
2181 2918 2218 2955 οὐ
2233 2932 2354 2970 παρῃ-

1332 2977 1484 3023 τῆσατο,
1503 2976 1562 3014 καὶ
1581 2978 1642 3022 τῆς
1663 2975 1813 3028 ἀρχαίας
1836 2975 2038 3028 νεκρώσεως
2055 2977 2275 3024 ἀπαλλάξαι,
2295 2977 2355 3016 καὶ

1333 3039 1395 3078 υπὲ
1403 3055 1418 3091 ρ
1439 3055 1495 3077 τον
1514 3038 1656 3089 οὐρανὸν
1673 3037 1800 3082 ταύτην
1822 3037 2048 3085 ἀναδιδάσαι,
2065 3038 2123 3076 καὶ
2142 3041 2184 3090 τῇ
2200 3042 2354 3091 πατρικῇ

1357 3099 1494 3152 υνεδρία
1513 3101 1680 3150 τιμῆσαι,
1697 3098 1757 3136 καὶ
1776 3099 1842 3137 ὑπὸ
1861 3099 1976 3145 πάσης
1996 3102 2056 3145 τῆς
2076 3099 2233 3150 οὐρανίας
2250 3116 2356 3151 στρα-

1351 3229 1501 3269 ᾑεοχὶμῂς
1517 3230 1566 3259 ορχ
1584 3229 1657 3268 εἶδε,
1674 3226 1832 3269 usquead
1849 3226 1935 3267 lime,
1957 3226 2062 3259 tribus
2079 3235 2154 3259 aute
2172 3226 2268 3260 linem
2286 3228 2354 3259 110-

1351 3276 1447 3308 milia·
1469 3289 1549 3309 rei-s
1545 3277 1615 3309 bus
1635 3281 1697 3317 ,ὧν
1723 3293 1753 3320 γε
1758 3293 1816 3312 mr
1820 3294 1833 3312 o
1856 3285 1968 3316 πάν-ας
1997 3285 2091 3321 ἡμᾶς
2111 3278 2351 3311 disiderantur.

1352 3328 1438 3360 lbid.
1450 3329 1614 3372 sequimur
1631 3304 1663 3362 S¹
1666 3343 1694 3362 ιι
1700 3330 1788 3362 ilium
1804 3339 1833 3362 et
1847 3330 1929 3363 duos
1940 3331 2022 3364 le
2028 3345 2044 3362 ‹
2049 3344 2079 3362 ι
2077 3334 2160 3382 :qui
2175 3331 2237 3364 linc
2253 3331 2353 3364 modo

346 3392 359 3407 e
379 3383 420 3416 In
445 3390 524 3414 octo
549 3384 624 3415 Mss
650 3390 683 3416 ct
711 3395 775 3415 uno
801 3383 915 3418 Sat-ilii
945 3384 1012 3416 liaec
1040 3383 1120 3416 beut-
1151 3395 1203 3415 m:-
1199 3382 1272 3421 -lta,
1300 3387 1317 3415 9
1351 3380 1528 3418 claudunt
1545 3390 1573 3413 et
1595 3382 1638 3414 itu
1659 3382 1706 3426 leg
1701 3384 1732 3415 ἰι
1751 3384 1926 3425 lutei-pres.
