2516 3791
156 272 271 312 Philip.
293 281 324 303 Η

158 2034 230 2059 Gen.
247 2041 273 2060 2.
288 2033 336 2069 24.

175 3256 246 3296 C‹=uj
255 3259 341 3295 ugslus

155 3302 313 3328 «tumn-disc

156 3341 262 3368 Imaum

356 161 448 207 530
790 179 827 209 s.
865 178 1050 208 JOANMS

355 260 411 298 lus
426 260 573 310 clamat,
592 259 738 299 dicens:
772 246 1007 299 Dissolvi-et
1031 272 1119 296 cum
1149 258 1302 296 Christo

356 335 437 359 esse
464 322 585 359 multo
606 322 753 359 melius.
775 322 913 359 Verum
938 319 1014 356 haec.
1041 318 1185 368 quidem
1207 331 1303 355 nuno

355 393 434 436 post
473 382 605 420 Christi
639 381 830 418 adventum
844 409 854 428 ,
892 388 1080 431 postquam
1119 379 1303 416 confraetae

322 477 327 479 .
355 453 437 482 sunt
462 451 570 494 portae
592 440 719 478 inferni
736 453 848 486 aereae,
868 448 1055 491 postquam
1079 439 1131 477 sol
1153 438 1302 491 justitiae

355 504 485 554 ubique
515 512 688 539 terrarum
713 500 862 538 affulsit.
898 501 1004 538 Tunc
1027 509 1144 538 autem
1164 500 1301 539 terribi-

354 564 423 601 lem
439 563 555 600 adhuc
569 562 722 599 hahebat
734 561 872 610 faciem,
891 561 1182 613 concutiebatque
1188 577 1202 615 J
1209 571 1304 600 usto-

355 639 434 662 rum
448 623 634 661 hominum
660 622 805 660 illorum
830 632 983 661 mentem
1001 639 1010 661 :
1028 623 1106 662 ideo
1128 633 1160 662 et
1185 623 1303 662 omnia

355 685 422 722 alia
437 683 562 721 leviter
574 683 745 733 ferebant,
764 684 870 721 etiam
885 698 962 734 quae
981 684 1217 722 intolerabilia
1231 699 1304 723 esse

354 745 576 783 videbantur.
599 744 692 782 Hinc
719 754 770 783 est
790 744 886 796 quod
909 754 942 782 et
958 745 1077 797 justus
1098 745 1158 783 ifle
1177 745 1303 784 timens

353 819 475 843 eorum
486 836 498 856 ,
516 806 578 857 qui
605 806 641 843 in
660 806 806 844 Geraris
828 806 1049 855 habitabant,
1065 806 1226 855 insidias,
1241 805 1303 844 do-

354 867 530 904 micilium
554 867 604 904 ibi
622 867 810 917 habuerit,
837 881 907 905 non
923 876 963 904 ut
982 880 1151 915 uxorem,
1176 866 1237 904 sed
1265 875 1304 904 ut

353 942 507 965 sororem
522 942 641 966 secum
657 928 791 966 habens
802 943 813 977 ;
835 928 883 966 ita
909 941 1002 965 nunc
1018 928 1054 964 in
1072 927 1140 964 hae
1162 927 1305 979 regione

352 988 560 1041 peregrinus
591 988 701 1040 degit.
729 988 776 1027 Et
805 988 896 1027 sicut
927 1002 1009 1026 cum
1037 987 1072 1025 in
1102 988 1304 1040 AEgyptum

353 1064 433 1088 eum
452 1050 662 1088 descendere
691 1049 854 1102 permisit
881 1051 996 1099 Deus,
1025 1049 1148 1089 volens
1170 1050 1304 1103 impro-

352 1110 417 1148 bos
437 1110 518 1148 illos
537 1120 570 1148 et
597 1111 757 1149 socordes
776 1111 911 1149 discere
928 1111 1017 1163 justi
1041 1111 1209 1150 virtutem
1227 1127 1234 1147 :
1255 1111 1304 1149 ita

355 1181 388 1209 et
405 1172 466 1209 hic
486 1172 707 1210 tolerantiam
731 1187 832 1210 suam
861 1172 1005 1210 exhibet
1034 1173 1230 1222 Dominus,
1264 1182 1303 1210 ut

350 1233 438 1284 justi
453 1232 622 1284 patientia
637 1233 673 1270 in
693 1233 859 1271 omnibus
879 1233 1026 1282 eluceat,
1040 1233 1171 1284 fiatque
1184 1233 1251 1271 Dei
1266 1233 1303 1272 in

355 1294 473 1346 ipsum
509 1294 754 1332 benevolentia
784 1294 970 1332 manifesta
993 1294 1170 1332 omnibus.
1194 1296 1305 1333 Misit

356 1364 485 1394 antem
521 1355 750 1394 Abimeleclz
781 1369 848 1392 rex
876 1355 1131 1402 Gerar-orum,
1169 1363 1211 1392 ut
1239 1369 1305 1393 ac-

355 1421 522 1470 ciperent
556 1418 726 1455 Sarrum.
748 1415 872 1467 Cogita
904 1415 964 1453 hic
977 1445 988 1465 ,
1008 1429 1124 1466 quaeso
1140 1445 1150 1465 ,
1169 1424 1302 1468 tempe-

354 1489 479 1517 statem
516 1478 770 1529 cogitationum
806 1491 914 1528 quam
955 1477 1039 1514 tulit
1082 1477 1200 1529 justus
1240 1477 1300 1516 vi—

353 1540 440 1577 dens
459 1554 606 1577 uxorem
621 1553 723 1577 suam
737 1537 867 1575 abduci
881 1568 890 1585 ‚
920 1547 954 1575 et
968 1552 1003 1575 se
1019 1537 1110 1575 nihil
1128 1552 1229 1590 posse
1245 1539 1302 1591 ju-

353 1615 435 1638 vare
461 1614 549 1638 eam.
580 1599 730 1637 Silenter
751 1599 844 1636 enim
868 1598 1002 1635 ferebat
1029 1598 1168 1647 omnia,
1189 1599 1302 1637 sciens

350 1661 425 1698 fore
440 1670 479 1698 ut
494 1675 530 1698 se
548 1674 618 1698 non
632 1660 826 1712 despiceret
844 1659 1035 1707 Dominus,
1057 1658 1116 1696 sed
1131 1659 1302 1697 accelera-

353 1732 429 1760 tum
456 1721 640 1759 adhiberet
661 1720 873 1759 subsidium.
900 1719 1132 1758 Admirabilis
1161 1735 1302 1772 quoque

352 1783 466 1821 Sarrae
482 1797 580 1820 amor
596 1792 660 1832 est,
680 1796 757 1833 quae
773 1780 929 1833 periculo
943 1780 1068 1818 mortis
1081 1781 1221 1832 justum
1235 1782 1301 1820 eri-

350 1859 431 1896 pere
445 1844 569 1883 voluit.
587 1845 727 1882 Poterat
739 1843 833 1881 enim
852 1843 929 1896 ipsa
945 1841 1139 1894 detegendo
1154 1844 1299 1893 factum,

351 1914 482 1942 certam
526 1905 774 1942 contumeliam
817 1904 971 1955 effugere
1003 1919 1011 1939 :
1051 1903 1112 1941 sed
1154 1904 1302 1957 pertulit

352 1966 470 2004 omnia
496 1966 644 2014 fortiter,
664 1975 703 2003 ut
721 1965 799 2003 viro
823 1965 968 2003 salutem
994 1974 1145 2017 pararet.
1167 1965 1215 2003 Et
1231 1965 1300 2004 im-
1323 1990 1348 2019 D

353 2027 488 2078 pletum
522 2035 573 2064 est
606 2026 697 2064 illud
728 2025 884 2074 dictum,
905 2027 1035 2064 Erunt
1060 2027 1135 2063 dno
1156 2028 1197 2064 in
1218 2040 1300 2064 car-

357 2103 442 2126 nem
458 2103 588 2126 unam.
610 2089 812 2138 Tamquam
826 2087 920 2124 enim
934 2100 1002 2124 una
1022 2096 1134 2125 essent
1151 2088 1299 2136 caro,ita

354 2158 485 2186 mutua)
502 2148 626 2186 salutis
639 2162 760 2186 curam
774 2148 932 2186 vicissim
942 2148 1104 2199 agebant,
1119 2157 1152 2185 et
1166 2156 1301 2185 tantam

352 2210 582 2248 declarabant
600 2209 836 2257 concordiam,
853 2209 954 2259 quasi
967 2222 1079 2246 unum
1097 2217 1208 2245 essent
1225 2221 1299 2245 cor—

353 2286 420 2323 pus
442 2280 475 2308 et
494 2285 563 2308 una
582 2271 710 2308 anima.
727 2270 883 2308 Audiant
900 2271 976 2308 haee
992 2271 1079 2319 viri,
1100 2267 1246 2308 audiant
1269 2279 1302 2308 et

355 2332 521 2369 mulieres
543 2348 549 2368 ε
581 2340 613 2369 et
646 2331 720 2369 istae
752 2331 908 2382 quidem,
943 2340 981 2369 ut
1018 2330 1181 2369 eumdem
1220 2345 1302 2382 erga

355 2407 436 2430 suos
453 2393 550 2431 viros
567 2402 722 2430 amorem
742 2391 939 2441 declarent,
959 2392 1120 2442 nihilque
1139 2391 1237 2429 aliud
1254 2392 1302 2428 il-

354 2455 469 2492 lorum
503 2454 689 2506 praeferant
716 2453 820 2491 saluti
843 2469 850 2489 ε
884 2453 954 2491 viri
984 2462 1100 2491 autem
1116 2484 1126 2503 ,
1155 2462 1194 2490 ut
1220 2466 1303 2504 erga

355 2529 481 2553 uxores
508 2515 659 2552 habeant
680 2514 983 2563 benevolentiam,
1012 2523 1044 2551 et
1065 2514 1164 2565 quasi
1194 2528 1300 2551 unam

352 2576 507 2614 animam
525 2576 694 2614 haberent
712 2585 744 2614 et
760 2590 872 2614 unum
889 2589 1017 2628 corpus
1037 2585 1168 2624 essent,
1183 2575 1300 2613 omnia

353 2638 492 2676 faciant.

407 3009 441 3045 5.
469 3007 544 3043 lloc
572 3006 663 3043 enim
684 3020 808 3043 verum
827 3015 878 3044 est
903 3005 1130 3058 conjugium,
1160 3002 1300 3055 quando

354 3078 448 3106 tanta
476 3068 565 3105 inter
589 3082 645 3105 eos
674 3075 724 3105 est
756 3067 962 3117 concordia,
996 3065 1138 3118 quando
1158 3065 1300 3103 vinculo

355 3129 510 3167 caritatis
530 3128 574 3167 ita
600 3137 680 3165 sunt
700 3128 927 3166 concatenati.
948 3128 1049 3166 Sicut
1063 3126 1156 3164 enim
1175 3140 1302 3178 corpus

355 3204 549 3241 numquam
565 3204 583 3225 a
596 3189 782 3241 semetipso
797 3189 963 3237 dissidet,
983 3203 1094 3240 neque
1109 3188 1225 3225 anima
1239 3187 1302 3226 ad-

356 3266 478 3289 versus
495 3250 645 3302 seipsam
663 3265 669 3285 :
689 3250 736 3286 ita
750 3249 866 3287 virum
882 3259 914 3287 et
930 3250 1116 3287 mulierem
1136 3263 1204 3287 non
1220 3262 1302 3287 eon·

359 3313 452 3349 venit
471 3311 662 3357 dissidere,
677 3310 737 3347 sed
755 3311 871 3348 unitos
884 3325 966 3347 esse.
985 3311 1089 3348 Tunc
1104 3309 1196 3348 enim
1211 3310 1300 3347 bona

307 3378 310 3381 ’
358 3374 495 3411 infinita
513 3373 598 3424 ipsis
617 3372 758 3410 affluere
773 3381 949 3423 poterunt.
967 3373 1058 3410 Nam
1079 3371 1140 3409 ubi
1162 3385 1302 3409 concor-

1085 176 1326 207 CHRYSOST.

1365 176 1571 206 ARCHIEP.
1610 176 1952 210 CONSTANTINOP
1962 199 1971 210 0

1373 256 1437 303 τὴν
1457 257 1558 309 ἰσχὺν
1574 260 1679 297 αὐτοῦ
1700 263 1840 300 καθεῖλε
1857 276 1864 284 ·
1891 262 1951 300 καὶ
1969 262 2026 301 τὸν
2054 263 2199 315 φοὸερὸν
2223 264 2290 315 πρὸ
2317 265 2394 304 τού-

1373 333 1433 356 του
1462 318 1522 356 καὶ
1548 319 1763 368 ἀμείλικτον,
1795 325 1915 360 τοῦτον
1953 322 2060 366 οὕτως
2094 325 2394 376 εὐκαταφρόνητον

1375 377 1575 431 εἰργάσατο,
1601 383 1649 423 ὡς
1675 381 1734 418 καὶ
1764 383 1939 434 ἐπιπηδᾷν
1972 399 2068 427 τινας
2101 384 2160 422 καὶ
2194 384 2394 436 ἐπείγεσθαι

1374 440 1459 492 πρὸς
1474 440 1538 486 τὴν
1554 443 1709 480 ἐντεῦθεν
1731 442 1957 493 μετάστασιν.
1980 445 2048 482 Διὰ
2063 449 2165 483 τοῦτο
2180 447 2238 484 καὶ
2254 448 2395 490 Παῦλος

1376 505 1440 553 βοᾷ
1455 502 1578 553 λέγων,
1592 503 1644 541 Τὸ
1659 505 1828 542 ἀναλῦσαι
1855 504 1914 542 καὶ
1927 504 1986 543 σὺν
2007 507 2148 558 Χριστῷ
2171 500 2259 544 εἶναι
2276 509 2395 559 πολλῷ

1376 564 1509 613 μᾶλλον
1541 569 1714 616 κρεῖσσον.
1741 563 1846 602 Ἀλλὰ
1878 569 1989 602 ταῦτα
2024 565 2086 616 μὲν
2115 570 2174 603 νῦν
2208 566 2296 618 μετὰ
2331 567 2394 615 τὴν

1373 628 1432 662 τοῦ
1454 626 1608 678 Χριστοῦ
1637 625 1842 677 παρουσίαν,
1873 626 1962 676 μετὰ
1981 627 2019 664 τὸ
2040 628 2302 678 συγκλασθῆναι
2332 629 2394 673 τὰς

1373 685 1486 730 πύλας
1504 686 1565 730 τὰς
1585 689 1742 739 χαλκᾶς,
1778 687 1866 738 μετὰ
1892 688 1932 726 τὸ
1949 693 2130 740 πανταχοῦ
2149 692 2211 736 τῆς
2235 690 2397 741 οἰκουμέ-

1373 763 1434 793 νης
1461 747 1518 785 τὸν
1547 748 1644 795 ἥλιον
1677 752 1740 795 τ’ἧς
1768 748 1984 795 δικαιοσύνης
2011 749 2202 802 ἐκλάμψαι.
2237 751 2329 789 Τότε
2359 751 2396 790 δὲ

1373 808 1424 845 ἔτι
1443 808 1591 861 φοὸερὰν
1612 802 1684 861 εἶχε
1701 808 1764 856 τὴν
1785 809 1968 862 πρόσοψιν,
1993 810 2052 848 καὶ
2076 809 2234 848 κατέσειε
2256 814 2323 849 τῶν
2343 813 2397 850 δι-

1373 869 1481 908 καίων
1506 870 1645 909 ἐκείνων
1678 872 1811 923 ἀνδρῶν
1838 871 1901 918 τὴν
1934 871 2084 910 διάνοιαν
2100 888 2107 895 ·
2132 871 2183 910 διὸ
2203 873 2262 910 καὶ
2281 873 2396 911 πάντα

1373 931 1417 968 τὰ
1453 930 1542 968 ἄλλα
1579 932 1714 984 κούφως
1745 933 1878 984 ἔφερον,
1912 932 1976 970 κᾶν
2015 933 2175 985 ἀφόρητα
2209 933 2397 986 ἐτύγχανεν

1373 991 1467 1029 ὄντα.
1489 993 1556 1030 Διὰ
1587 995 1689 1030 τοῦτο
1711 993 1770 1030 καὶ
1789 996 1806 1030 6
1824 993 1955 1037 δίκαιος
1974 988 2072 1036 οἶτος
2101 993 2311 1045 φοὸούμενος
2328 998 2398 1033 τῶν

1374 1054 1408 1091 ἐν
1436 1055 1464 1091 Γ
1466 1053 1602 1105 εράροις
1632 1053 1816 1091 οἰκούντων
1845 1055 1908 1100 τὴν
1938 1053 2140 1102 ἐπιδουλὴν,
2171 1057 2237 1106 οὐχ
2269 1058 2315 1098 ὡς
2340 1072 2400 1108 γυω

1373 1119 1493 1159 ναῖκα,
1519 1115 1596 1152 ἀλλ’
1631 1117 1678 1157 ὡς
1710 1114 1863 1166 ἀδελφὴν
1891 1113 2122 1165 ἐπαγόμενος,
2148 1114 2239 1152 οὕτω
2257 1115 2321 1162 τὴν
2341 1118 2397 1154 ἐν·-

1374 1177 1482 1212 ταῦθα
1521 1174 1730 1226 παροίκησιν
1764 1180 1928 1212 ποιεῖται.
1960 1175 2030 1213 Καὶ
2064 1175 2222 1227 καθάπερ
2257 1178 2304 1220 εἰς
2334 1176 2398 1224 τὴν

1374 1234 1554 1285 Αἴγυπτον
1598 1237 1776 1274 κατελθεῖν
1815 1235 1917 1273 αὐτὸν
1953 1241 2194 1288 συνεχώρησεν
2229 1239 2247 1274 6
2285 1237 2398 1287 Θεὸς,

1375 1296 1581 1348 βουλόμενος
1604 1297 1663 1335 καὶ
1691 1296 1768 1341 τοὺς
1794 1296 1997 1348 ἀγνώμονας
2027 1297 2176 1340 ἐκείνους
2207 1297 2266 1335 καὶ
2302 1300 2400 1336 ἀναι-

1374 1357 1521 1404 σθήτους
1537 1362 1595 1397 τοῦ
1614 1357 1748 1396 δικαίου
1767 1361 1888 1409 μαθεῖν
1907 1357 1970 1403 τὴν
1990 1358 2117 1410 ἀρετήν
2133 1374 2140 1382 ·
2161 1358 2251 1396 οὕτω
2267 1359 2326 1396 καὶ
2346 1361 2401 1397 ἐν-

1374 1422 1484 1457 ταῦθα
1511 1419 1574 1466 τὴν
1603 1420 1732 1457 οἰκείαν
1758 1418 1999 1471 μακροθυμίαν
2029 1418 2265 1457 ἐπιδείκνυται
2282 1422 2300 1457 ὁ
2330 1421 2397 1457 Δε-

1375 1479 1525 1528 σπότης,
1545 1479 1601 1518 ἵνα
1627 1479 1763 1518 καὶτοῦ
1789 1479 1922 1518 δικαίου
1948 1483 1969 1526 ἡ
1993 1479 2151 1530 ὑπομονὴ
2178 1480 2235 1518 διὰ
2260 1479 2399 1518 πάντων

1373 1541 1555 1593 ἐκλάμψῃ,
1589 1540 1647 1578 καὶ
1665 1545 1686 1587 ἡ
1710 1545 1769 1578 τοῦ
1803 1542 1896 1579 Θεοῦ
1928 1540 2010 1591 περὶ
2040 1540 2142 1578 αὐτὸν
2171 1539 2285 1578 εὔνοια
2311 1547 2400 1578 πᾶσι

1373 1601 1568 1649 κατάδηλος
1583 1600 1741 1653 γένηται.
1764 1601 1963 1639 Ἀπέστειλε
1986 1601 2022 1639 δὲ
2047 1600 2238 1652 Ἀδιμέλεχ
2256 1603 2274 1638 6
2296 1604 2399 1651 βασι-

1372 1663 1450 1706 λεὺς
1479 1663 1655 1715 Γεράρων,
1688 1663 1808 1700 λαὸεῖν
1839 1662 1902 1708 τὴν
1934 1661 2088 1714 Σάρραν.
2122 1661 2310 1708 Ἐννόησόν
2341 1679 2400 1713 μοι

1372 1723 1430 1762 τὸν
1448 1726 1605 1775 χειμῶνα
1633 1725 1701 1760 τῶν
1722 1724 1913 1774 λογισμῶν,
1950 1716 1997 1759 ὦν
2031 1721 2212 1772 ὑπέμεινεν
2233 1725 2250 1760 6
2270 1722 2401 1766 δίκαιος

1372 1787 1460 1837 ὁρῶν
1480 1787 1584 1822 αὐτοῦ
1608 1784 1672 1832 τὴν
1698 1789 1846 1836 γυναῖκα
1877 1783 2116 1834 ἀπαγομένην,
2137 1782 2196 1821 καὶ
2222 1783 2318 1822 οὐδὲν
2337 1784 2400 1822 δυ-

1370 1845 1517 1896 νάμενος
1544 1847 1731 1896 ἐπαμῦναι.
1763 1846 1853 1895 Σιγῇ
1885 1843 1953 1895 γὰρ
1983 1844 2122 1882 ἅπαντα
2142 1843 2274 1896 ἔφερεν,
2300 1844 2400 1888 εἰδὼς

1370 1906 1422 1946 ὅτι
1455 1909 1492 1945 οὐ
1525 1906 1729 1959 περιόψεται
1752 1904 1854 1943 αὐτὸν
1871 1907 1889 1942 ὃ
1905 1903 2107 1951 Δεσπότης,
2138 1904 2230 1942 ἀλλὰ
2251 1910 2397 1956 ταχεῖαν

1370 1967 1512 2019 παρέξει
1526 1967 1589 2015 τὴν
1608 1966 1825 2019 συμμαχίαν.
1846 1965 1914 2003 Καὶ
1933 1968 1994 2012 τῆς
2014 1965 2153 2017 Σάῤῥας
2168 1965 2204 2003 δὲ
2219 1966 2399 2016 θαυμάσαι

1372 2029 1445 2067 ἐστὶ
1482 2028 1545 2074 τὴν
1574 2027 1707 2074 πολλὴν
1738 2026 1997 2079 φιλοστοργίαν,
2032 2027 2106 2068 πῶς
2142 2029 2203 2063 τοῦ
2240 2026 2398 2064 κινδύνου
2444 2056 2447 2058 »

1369 2094 1429 2127 τοῦ
1453 2089 1597 2128 θανάτου
1618 2089 1676 2127 τὸν
1707 2088 1838 2127 δίκαιον
1870 2086 2064 2139 ἐξαρπάσαι
2085 2086 2298 2138 βουλομένη·
2318 2086 2398 2135 ἐξῆν

1370 2151 1437 2202 γὰρ
1472 2150 1579 2197 αὐτὴν
1614 2149 1862 2202 ἐκκαλύψασαν
1890 2150 1929 2187 τὸ
1959 2150 2096 2201 δρᾶμα,
2133 2150 2310 2201 διαφυγεῖν
2334 2149 2398 2196 τὴν

1370 2211 1649 2263 ὁμολογουμένην
1676 2211 1798 2262 ὕὸριν·
1827 2212 1904 2248 ἀλλ’
1928 2209 2111 2260 ὑπέμεινεν
2138 2209 2277 2248 ἅπαντα
2316 2225 2397 2261 γεν-

1370 2272 1485 2317 ναίως,
1504 2272 1560 2310 ἵνα
1576 2275 1626 2324 τῷ
1647 2271 1770 2324 δικαίῳ
1790 2271 1853 2318 τὴν
1874 2269 2050 2322 σωτηρίαν
2066 2269 2396 2322 πραγματεύσηται.

1371 2333 1441 2371 Καὶ
1463 2334 1657 2384 ἐπληροῦτο
1683 2335 1794 2371 ἐκεῖνο
1820 2332 1860 2370 τὸ
1881 2330 2075 2384 εἰρημένον,
2106 2329 2160 2369 ὅτι
2181 2330 2349 2369 Ἔσονται
2368 2332 2399 2370 οἱ

1372 2393 1431 2432 δύο
1461 2396 1509 2437 εἷς
1541 2393 1655 2445 σάρκα
1685 2394 1782 2445 μίαν.
1804 2392 1942 2445 ΩὨσπερ
1973 2391 2040 2443 γὰρ
2076 2391 2139 2441 μία
2173 2390 2260 2443 σὰρξ
2289 2392 2396 2438 ὄντες,

1371 2454 1461 2492 οὕτω
1476 2457 1539 2500 τῆς
1559 2454 1721 2500 ἀλλήλων
1749 2453 1922 2506 σωτηρίας
1943 2453 2121 2499 ἐκήδοντο,
2146 2452 2205 2489 καὶ
2225 2451 2396 2498 τοσαύτην

1371 2517 1610 2556 ἐπεδείκνυντο
1628 2516 1690 2564 τὴν
1716 2516 1889 2567 ὁμόνοιαν,
1915 2519 1960 2558 ὡς
1987 2515 2022 2552 ἓν
2050 2516 2152 2564 σῶμα
2168 2513 2397 2565 τυγχάνοντες

1372 2578 1430 2616 καὶ
1452 2577 1515 2629 μία
1533 2577 1642 2629 ψυχή.
1662 2579 1785 2615 Ταῦτα
1808 2575 2030 2613 ἀκουέτωσαν
2049 2574 2170 2625 ἄνδρες
2185 2603 2195 2621 ,
2220 2573 2396 2611 ἀκουέτω-

1335 2664 1340 2673 .
1373 2655 1435 2676 σαν
1455 2644 1633 2690 γυναῖκες’
1653 2644 1833 2689 γυναῖκες,
1861 2635 1918 2673 ἵνα
1946 2635 2116 2681 τοσαύτην
2137 2634 2217 2686 περὶ
2238 2633 2317 2677 τοὺς
2336 2634 2396 2671 ἅν-

1373 2702 1454 2751 δρας
1478 2699 1539 2747 τὴν
1560 2698 1804 2750 φιλοστοργίαν
1822 2696 2066 2735 ἐπιδεικνύωσι
2080 2726 2088 2742 ,
2108 2696 2167 2734 καὶ
2197 2694 2305 2746 μηδὲν
2325 2694 2398 2732 ἕτε-

1374 2775 1430 2811 ρον
1458 2761 1656 2811 προτιμῶσι
1688 2762 1751 2805 τ’ἧς
1778 2758 1918 2797 ἐκείνων
1950 2757 2146 2808 σωτηρίας·
2175 2755 2235 2794 καὶ
2260 2754 2397 2806 ἄνδρες,

1372 2819 1415 2857 ἵν’
1441 2819 1531 2857 οὕτω
1549 2819 1683 2866 πολλὴν
1709 2819 1771 2866 τὴν
1797 2819 1877 2870 περὶ
1898 2818 2004 2861 αὐτὰς
2023 2816 2157 2854 εὔνοιαν
2186 2815 2314 2868 guum,
2339 2815 2398 2853 καὶ

1372 2883 1418 2924 ὡς
1435 2881 1516 2931 μίαν
1537 2880 1653 2933 ψυχὴν
1672 2881 1880 2930 κεκτημένοι
1898 2880 1956 2918 καὶ
1985 2879 2020 2916 ἓν
2049 2881 2154 2929 σῶμα
2170 2877 2285 2922 ὄντες,
2306 2876 2397 2914 οὕτω

1373 2941 1486 2979 πάντα
1509 2941 1803 2993 διαπράττωνται.

1425 3006 1539 3041 Τοῦτο
1571 3003 1639 3055 γὰρ
1668 3002 1793 3049 ἀληθὲς
1818 3000 2043 3045 συνοικέσιον,
2073 3000 2154 3037 ὅταν
2182 2997 2334 3044 τοσαύτη
2362 2999 2398 3035 ἐν

1374 3065 1489 3107 αὐτοῖς
1518 3064 1746 3111 πολιτεύηται
1777 3061 1984 3115 συμφωνία,
2022 3061 2104 3099 ὅταν
2133 3063 2294 3102 τοσοῦτος
2326 3053 2349 3111 ᾗ
2380 3062 2398 3097 6

1375 3127 1563 3176 σύνδεσμος
1575 3157 1584 3173 ,
1603 3126 1683 3164 ὅταν
1699 3125 1806 3168 οὕτως
1825 3117 1894 3162 ὦσι
1909 3125 1952 3174 τῇ
1976 3121 2095 3173 ἀγάπῃ
2115 3120 2394 3173 συνεσφιγμένοι.

1376 3187 1542 3239 Καθάπερ
1559 3187 1626 3240 γὰρ
1641 3190 1743 3239 σῶμα
1759 3186 1842 3238 πρὸς
1857 3184 1960 3223 ἑαυτὸ
1970 3185 2033 3222 οὐκ
2050 3183 2089 3221 ἄν
2100 3198 2184 3220 ποτε
2199 3180 2400 3220 διαστασιά-

1376 3264 1478 3295 σειεν,
1504 3248 1581 3286 οὐδὲ
1604 3248 1699 3300 ψυχὴ
1721 3247 1806 3299 πρὸς
1826 3245 1974 3292 ἑαυτήν·
2003 3243 2110 3286 οὕτως
2134 3243 2241 3295 ἄνδρα
2261 3242 2320 3281 καὶ
2338 3258 2399 3292 γυ·

1377 3315 1479 3347 ναῖκα
1503 3311 1540 3348 οὐ
1566 3308 1835 3355 διαστασιάζειν,
1854 3308 1928 3344 ἀλλ’
1947 3308 2101 3352 ἡνῶσθαι
2119 3305 2200 3356 χρή.
2218 3304 2308 3342 Τότε
2330 3302 2398 3353 γὰρ

1377 3371 1435 3407 καὶ
1469 3369 1510 3407 τὰ
1537 3369 1642 3420 μυρία
1673 3371 1786 3411 αὐτοῖς
1821 3367 1932 3419 ἀγαθὰ
1966 3366 2166 3417 ἐπιῤῥεῦσαι
2199 3364 2395 3411 δυνήσεται.

2480 953 2484 1106 ἰ

2482 1154 2485 1190 Ι
