2516 3791
746 251 785 279 tx
824 249 926 278 (IAP.
971 247 1031 276 xl.

139 335 175 381 ἐξ
195 334 316 387 ἐράνου
336 333 424 376 τινος
447 332 506 371 καὶ
536 338 761 384 συνεισφορᾶς
782 331 825 369 τὰ
850 330 1048 377 καθήκοντα
1068 329 1163 373 πλη-

142 395 260 448 ρώσει.
297 393 367 432 Καὶ
393 392 491 445 πόσῳ
522 392 656 443 βέλτιον
685 392 786 430 αὐτὸν
805 392 862 430 τὸν
891 389 1022 443 βραχὺν
1042 387 1165 441 χρόνον

139 457 196 495 τὸν
230 453 504 505 ὑπολειπόμενον
524 456 608 503 ἡμῖν
648 455 694 495 εἰς
727 452 832 499 ζωὴν,
863 450 1092 501 καθεζόμενον
1113 451 1165 487 ἐν·

140 520 250 555 ταῧθα
270 514 464 554 καταλῦσαί
487 530 529 566 με
548 515 606 552 τὸν
633 514 719 565 βίον,
739 513 760 560 ἢ
783 513 870 565 μετὰ
886 516 995 565 γῆρας
1011 506 1077 548 ὧδε
1100 511 1164 547 κά-

141 584 234 616 κεῖσε
263 575 527 629 περιέλκεσθαι,
548 575 607 613 καὶ
634 575 678 613 τὰ
707 574 803 626 παρὰ
822 574 963 612 πάντων
981 571 1166 621 ὑπομένειν

140 638 362 688 σκώμματα,
387 640 434 680 ὡς
453 636 530 674 οὐδὲ
551 637 585 673 ἐν
609 635 729 688 ἡλικία
754 634 896 686 τοιαύτῃ
920 631 1110 678 δυνηθέντα
1130 632 1164 668 ἐν

140 699 270 751 ἠσυχίᾳ
290 697 433 749 διάγειν,
453 697 543 735 ἀλλὰ
570 697 693 740 τόπους
715 699 753 735 ἐκ
774 695 889 733 τόπων
910 692 1079 744 ἀμείὸειν,
1106 691 1166 728 καὶ

142 761 307 810 μηδαμοῦ
338 758 520 803 ἵστασθαις
545 757 649 796 Ἀλλὰ
676 757 808 796 τούτων
829 755 936 805 μηδὲν
957 752 1166 803 ὑπολογισά-

142 836 243 871 μενος
263 823 281 858 ὁ
309 819 440 862 δίκαιος
469 813 566 861 οὗτος
596 817 781 857 ὑπακούειν
809 815 953 854 ἔσπευδε
972 816 1022 865 τῷ
1042 811 1166 850 ἐπιτά-

141 896 262 933 γματι.
297 880 387 919 Ἀλλ’
416 879 498 922 ἴσως
529 878 619 917 εἴποι
641 894 693 921 τις
715 877 768 925 ἂν,
788 876 841 915 ὅτι
868 874 985 914 ἰκανὸν
1012 868 1053 920 ἦν
1074 875 1168 925 αὐτῷ

141 944 189 986 εἷς
208 940 410 994 προτροπὴν
437 940 477 978 τὸ
503 939 635 991 λέγειν·
663 941 775 990 Δεῦρο
802 939 848 981 εἷς
871 936 934 983 τὴν
956 939 1035 987 γῆν,
1063 935 1105 982 ἣν
1127 934 1167 972 ἄν

142 1018 196 1041 σοι
216 1002 331 1047 δείξω·
357 1001 415 1040 καὶ
444 1001 582 1047 ποιήσω
609 1015 646 1039 σε
677 1003 724 1043 εἰς
742 1000 835 1043 ἔθνος
861 997 972 1050 μέγα,
994 997 1054 1036 καὶ
1075 998 1168 1035 εὐλο-

142 1064 243 1115 γήσω
265 1080 314 1102 σε.
331 1064 446 1101 Τοῦτο
462 1061 575 1100 τοίνυν
596 1060 679 1100 αὐτὸ
695 1061 851 1111 μάλιστα
864 1090 873 1107 ,
894 1061 922 1097 εἰ
943 1058 992 1109 μὴ
1016 1058 1171 1111 φιλόθεος

142 1120 197 1173 ἦν,
219 1125 320 1177 ἤρκει
348 1123 575 1175 ὀκνηρότερον
609 1122 710 1160 αὐτὸν
738 1121 818 1175 περὶ
845 1120 909 1167 τὴν
930 1119 1088 1167 ὑπακοὴν
1110 1121 1170 1171 ἔρ-

143 1186 328 1238 γάσασθαι.
350 1183 522 1223 ’Eadm-co
550 1183 618 1236 γὰρ
647 1185 768 1231 εἰπεῖν,
797 1185 826 1220 εἷ
855 1186 924 1220 τῶν
955 1183 1094 1220 πολλῶν
1122 1175 1170 1225 εἷς

143 1243 198 1294 ἦν,
219 1247 272 1285 ὅτι
290 1248 380 1291 τίνος
398 1246 513 1284 ἕνεκεν
534 1249 582 1289 εἷς
599 1246 663 1292 τὴν
687 1245 783 1292 ξένην
799 1261 841 1296 με
855 1244 1019 1296 ἀπάγεις,
1032 1243 1090 1282 καὶ
1106 1243 1170 1291 τὴν

143 1308 328 1361 ἀλλοτρίαν
359 1323 401 1359 με
437 1307 646 1345 καταλαὸεἷν
668 1306 840 1352 κελεύεις;
871 1305 939 1343 Διὰ
972 1304 1006 1342 τί
1030 1305 1099 1358 γάρ
1126 1321 1169 1356 με

144 1371 312 1416 ἐνταῦθα,
334 1370 404 1420 εἴγε
438 1367 554 1420 βούλει
583 1367 691 1419 μέγαν
711 1370 878 1413 ποιῆσαι,
897 1368 935 1404 οὐ
961 1371 1090 1413 ποιεῖς,
1112 1366 1168 1404 διὰ

144 1430 177 1469 τί
193 1431 251 1469 ἐπὶ
269 1433 330 1477 τῆς
344 1430 454 1473 οἰκίας
467 1432 528 1476 τῆς
544 1428 709 1482 πατρῴας
726 1429 890 1480 διάγοντα
905 1429 966 1465 οὐκ
982 1426 1087 1471 ἀξιοῖς
1106 1431 1168 1475 τῆς

145 1495 208 1539 σῆς
227 1492 402 1543 εὐλογίας;
423 1491 484 1535 Ὡς
500 1493 530 1528 εἰ
559 1490 716 1541 συμὸαίη
747 1506 810 1541 με,
831 1490 911 1542 πρὶν
930 1489 952 1536 ἢ
969 1489 1099 1542 φθάσαι
1120 1492 1168 1534 εἷς

142 1554 200 1592 τὸν
215 1553 318 1592 τόπον
339 1554 418 1593 ἔνθα
437 1552 604 1599 κελεύεις,
617 1551 899 1604 κατεργασθέντα
913 1551 981 1590 ὑπὸ
995 1553 1064 1590 τῶν
1077 1552 1168 1590 κατὰ

144 1613 207 1660 τὴν
233 1614 430 1665 ὁδοιπορίαν
459 1613 627 1664 καμάτων
656 1613 716 1651 καὶ
741 1614 995 1666 διαφθαρῆναι,
1023 1614 1083 1652 καὶ
1109 1614 1168 1653 τὸν

147 1675 220 1726 βίον
239 1678 452 1722 καταλῦσαι,
469 1675 503 1713 τί
520 1691 579 1726 μοι
595 1675 634 1713 τὸ
650 1676 772 1727 ὄφελος
785 1679 854 1713 τῶν
873 1675 1166 1726 ἐπηγγελμένων;

145 1737 234 1775 Ἀλλ’
267 1737 363 1775 οὐδὲν
385 1736 512 1775 τούτων
533 1737 611 1775 οὐδὲ
633 1738 679 1779 εἷς
705 1736 835 1774 ἔννοιαν
868 1736 989 1774 λαὸεῖν
1020 1737 1166 1775 κατεδέ-

148 1797 248 1846 ξατο,
268 1797 376 1846 ἀλλὰ,
396 1797 554 1850 καθάπερ
575 1797 762 1850 εὐγνώμων
787 1798 944 1846 οἰκέτης,
968 1801 1018 1850 τῷ
1047 1799 1167 1838 ἐπιτά-

145 1875 254 1911 γματι
288 1859 390 1910 μόνον
421 1859 607 1906 ὑπήκουεν,
640 1861 677 1897 οὐ
721 1859 1054 1911 περιεργαζόμενος,
1090 1860 1167 1899 οὐδὲ

145 1921 460 1972 πολυπραγμονῶν,
480 1921 558 1957 ἀλλ’
581 1919 732 1958 ἐπείθετο
745 1950 754 1967 ,
775 1919 835 1958 καὶ
852 1921 968 1967 πεπλη
976 1921 1169 1973 ροφορημέ-

146 1997 200 2024 νος
228 1981 428 2032 ἐτύγχανεν,
456 1979 510 2018 ὅτι
530 1981 688 2032 ἀψευδεῖς
707 1975 797 2027 ἦσαν
817 1982 851 2018 αἱ
871 1983 930 2018 τοῦ
951 1982 1043 2019 Θεοῦ
1060 1983 1168 2033 ἐπαγ-

147 2042 281 2093 γελίαι·
304 2041 373 2079 Καὶ
389 2041 526 2088 ποιήσω
542 2057 582 2079 σε
600 2043 649 2085 εἷς
668 2041 760 2085 ἔθνος
778 2041 889 2092 μέγα,
913 2041 972 2079 καὶ
992 2043 1169 2093 εὐλογήσω

144 2121 200 2152 σε,
221 2104 280 2141 καὶ
297 2104 480 2154 μεγαλυνῶ
497 2104 537 2142 τὸ
556 2103 664 2154 ὄνομά
680 2119 752 2151 σου,
769 2104 829 2141 καὶ
849 2103 910 2155 ἔσῃ
927 2105 1168 2156 εὐλογημένος.

147 2165 268 2217 Μέγας
296 2168 358 2211 τῆς
379 2164 599 2217 ὑποσχέσεως
622 2168 639 2202 ὁ
658 2165 769 2216 ὄγκος.
796 2164 945 2211 Ποιήσω
965 2181 1022 2212 σε,
1052 2166 1169 2218 φησὶν,

148 2228 196 2270 εἷς
222 2226 314 2268 ἔθνος
335 2225 445 2277 μέγα,
464 2225 524 2263 καὶ
554 2225 734 2275 εὐλογήσω
763 2241 819 2273 σε,
850 2225 909 2263 καὶ
930 2228 1112 2277 μεγαλυνῶ
1130 2227 1170 2265 τὸ

146 2286 255 2338 ὄνομά
274 2303 344 2325 σου.
369 2288 422 2325 Οὐ
441 2286 542 2336 μόνον
564 2285 652 2324 ἔθνει
673 2301 711 2324 σε
733 2287 877 2338 μεγάλῳ
893 2286 1093 2336 ἐπιστήσω,
1111 2289 1170 2326 καὶ

147 2348 186 2386 τὸ
204 2348 314 2398 ὄνομά
328 2363 388 2386 σου
408 2346 498 2399 μέγα
513 2346 776 2399 ἀπεργάσομαι,
794 2347 885 2385 ἀλλὰ
901 2347 961 2385 καὶ
980 2349 1170 2400 Εὐλογήσω

150 2424 204 2457 σε,
220 2409 279 2446 καὶ
294 2408 355 2459 ἔσῃ
373 2407 615 2461 εὐλογημένος.
632 2408 693 2455 Μὴ
710 2407 858 2460 νομίσῃς
869 2439 878 2456 ,
895 2409 1054 2459 ἀγαπητὲ
1067 2441 1076 2458 ,
1092 2427 1172 2449 ταυ-

150 2470 308 2520 τολογίαν
328 2463 414 2508 εἶναι
428 2469 467 2507 τὸ
483 2469 662 2522 εἰρημένον
678 2469 717 2506 τὸ
728 2500 738 2518 ,
756 2469 825 2508 Καὶ
841 2470 1020 2521 εὐλογήσω
1033 2487 1074 2516 Ισε
1085 2501 1094 2519 ,
1113 2472 1172 2511 καὶ

151 2531 212 2582 ἔσῃ
247 2531 484 2582 εὐλογημένος.
525 2530 709 2578 Τοσαύτης
745 2547 784 2570 σε
800 2561 809 2577 ,
851 2531 956 2583 φησὶν
971 2562 981 2579 ,
1016 2533 1172 2586 εὐλογίας

152 2592 303 2639 ἀξιώσω,
317 2595 363 2636 ὡς
373 2593 477 2631 παντὶ
491 2595 541 2646 τῷ
556 2594 656 2630 αἰῶνι
675 2593 1034 2646 συμπαρεκτείνεσθαι
1051 2596 1170 2643 αὐτήν.

152 2653 245 2706 Ἔσῃ
267 2655 335 2706 γὰρ
368 2653 618 2706 εὐλογημένος,
651 2656 698 2697 ὡς
727 2653 874 2692 ἕκαστον
903 2655 978 2692 ἀντὶ
1006 2656 1174 2709 μεγίστης

152 2718 256 2765 τιμῆς
276 2714 455 2761 ὴσπουδὴν
482 2717 657 2753 ποιεῖσθαι
685 2717 840 2753 εἰσωθεῖν
879 2716 1000 2755 ἑαυτὸν
1035 2719 1082 2761 εἷς
1108 2718 1173 2766 τὴν

154 2775 239 2829 πρὸς
254 2776 292 2814 σὲ
316 2776 524 2823 οἰκειότητα.
539 2775 638 2828 εὈρα
666 2779 739 2820 πῶς
763 2776 892 2815 ἄνωθεν
911 2777 971 2816 καὶ
990 2780 1030 2816 ἐκ
1049 2795 1174 2833 προοι-

155 2839 241 2888 μίων
259 2841 352 2891 αὐτῷ
381 2839 547 2891 προέλεγε
564 2837 627 2885 τὴν
642 2837 884 2891 περιφάνειαν,
903 2840 938 2877 ἐν
953 2833 978 2890 ἦ
996 2841 1173 2888 καταστή-

153 2915 223 2938 σειν
241 2899 341 2937 αὗτὸν
357 2898 490 2949 ἔμελλε.
511 2898 657 2945 Ποιῆσω
673 2914 729 2946 σε,
750 2900 866 2952 φησὶν,
882 2902 930 2944 εἷς
949 2899 1041 2944 ἔθνος
1058 2901 1149 2954 μέγα
1163 2934 1172 2950 ,

153 2960 212 2998 καὶ
228 2961 409 3010 μεγαλυνῶ
441 2959 480 2997 τὸ
506 2959 617 3009 ὄνομά
637 2975 720 3007 σου,
747 2960 807 2998 καὶ
833 2961 1013 3012 εὐλογήσω
1033 2977 1070 3000 σε
1083 2991 1092 3008 ,
1113 2964 1173 3001 καὶ

153 3023 215 3075 ἔσῃ
238 3021 478 3073 εὐλογημένος.
512 3021 580 3060 Διὰ
607 3027 707 3061 τοῦτο
734 3023 794 3060 καὶ
821 3026 852 3061 οἱ
885 3023 1048 3062 Ἰουδαῖοι
1083 3025 1173 3076 μέγα

154 3088 354 3137 φρονοῦντες
390 3083 447 3122 ἐπὶ
482 3086 532 3135 τῷ
578 3083 781 3137 πατριάρχῃ
818 3084 1000 3124 ἐὸούλοντο
1034 3089 1081 3131 εἷς
1111 3087 1173 3135 τὴν

155 3146 273 3184 τούτου
304 3145 504 3197 συγγένειαν
551 3145 691 3188 ἑαυτοὺς
737 3148 903 3195 εἷσωθεῖν,
941 3148 999 3185 καὶ
1033 3148 1148 3201 ἔλεγον
1165 3166 1172 3173 ·

156 3207 273 3245 Τέκνα
303 3209 362 3244 τοῦ
401 3205 561 3258 Ἀίῗραᾶμ
605 3207 723 3257 ἐσμεν.
760 3206 852 3244 Ἀλλ’
888 3206 946 3245 ἵνα
990 3209 1147 3258 μάθωσιν
1164 3242 1173 3257 ,

156 3269 207 3306 ὅτι
239 3266 308 3306 ἀπὸ
338 3270 400 3313 τῆς
437 3270 505 3305 τῶν
546 3268 684 3319 τρόπων
715 3268 840 3311 κακίας
877 3269 1008 3313 ἀνάξιοι
1044 3273 1175 3324 τυγχά-

157 3344 249 3366 νουσι
277 3330 338 3374 τῆς
359 3328 574 3379 συγγενείας,
594 3328 676 3379 φησὶ
707 3329 791 3378 πρὸς
823 3329 942 3372 αὐτοὺς
965 3334 981 3368 ὁ
1002 3332 1151 3382 Χριστὸς
1167 3363 1175 3377 ,

202 3436 216 3457 θ’
237 3433 334 3465 8.ιιἰ1.
356 3437 479 3473 erasti-,v
496 3441 636 3470 52:21702:
656 3442 821 3479 εἰς”χθὴναι
840 3441 925 3472 αᾶτόι
952 3444 988 3476 εἰς
1013 3453 1074 3476 την.
1096 3437 1184 3469 More

1069 243 1230 274 Gumis.

2108 227 2192 274 501

1240 322 1581 363 commiserationem
1602 322 1796 374 quamdam
1817 323 1852 361 in
1874 338 1929 361 ine
1940 324 2148 372 exhibeant,
2168 335 2201 363 et

1236 387 1331 439 justa
1349 399 1395 423 ex
1408 383 1578 423 collatitia
1598 383 1688 436 stipe
1704 383 1819 423 saciet.
1836 386 1983 432 Quanto
1998 384 2109 421 satius
2126 387 2200 423 sue-

1192 457 1213 486 13
1240 446 1299 493 rit,
1321 455 1359 483 ut
1381 446 1455 498 ipse
1473 444 1574 483 brevi
1589 443 1687 496 quod
1706 454 1870 497 superest
1892 454 2050 497 tempore
2071 444 2129 482 hic
2147 460 2200 483 re-

1239 507 1358 545 sidens
1383 507 1495 545 vitam
1521 506 1721 552 termiucm,
1743 520 1852 557 quam
1875 507 1903 544 si
1933 520 2041 544 senex
2062 506 2146 543 binc
2169 516 2201 544 et

1241 568 1322 606 inde
1339 582 1461 618 vager,
1489 577 1522 606 et
1545 567 1707 605 omnium
1729 568 1934 607 scommatis
1951 568 2116 617 incessar,
2138 568 2200 618 qui

1241 643 1351 680 neque
1368 629 1401 666 in
1420 638 1521 666 {etate
1541 628 1601 666 illa
1619 629 1760 678 quietus
1778 629 1914 678 vivam,
1933 628 1994 667 scd
2014 629 2089 667 loca
2112 629 2202 666 locis

1241 699 1396 736 mutans,
1416 689 1546 726 nullibi
1568 689 1790 727 subsistam?
1808 692 1982 728 Caeterum
1999 691 2117 742 justus
2139 689 2204 727 iste

1242 749 1330 787 nihil
1352 749 1481 786 borum
1507 749 1695 798 cogitavit,
1722 750 1785 787 sed
1812 751 2032 802 praecipienti
2055 749 2203 788 obedire

1239 809 1430 848 festinavit.
1453 808 1522 847 Sed
1539 810 1629 847 sorte
1649 809 1783 847 dixerit
1798 811 1976 862 quispiam
1999 827 2006 847 ε
2032 812 2086 848 Ad
2108 812 2197 849 iuci-

1242 880 1437 910 [amentum
1458 870 1545 908 satis
1567 870 1635 907 fuit
1658 870 1704 920 ei,
1731 873 1828 908 Veni
1853 873 1895 907 in
1922 880 2064 908 terram
2086 886 2202 923 quam

1241 935 1312 971 tibi
1327 940 1595 970 monstravero
1609 947 1621 974 ,·
1637 933 1838 984 etfaciam
1855 940 1891 969 te
1904 934 1944 968 in
1959 940 2110 983 gentem
2126 946 2203 969 ma—

1241 1008 1373 1046 gnam,
1403 1002 1439 1031 et
1461 994 1686 1030 benedicam
1714 1002 1762 1031 te.
1784 994 1920 1031 Verum
1948 992 2039 1030 istuc
2068 992 2200 1045 ipsum,

1245 1055 1311 1093 nisi
1335 1055 1418 1107 pius
1439 1055 1578 1103 suisset,
1603 1054 1687 1091 satis
1708 1063 1783 1091 erat
1806 1053 1854 1091 ad
1877 1053 2098 1091 reddendum
2122 1069 2203 1092 eum

1242 1115 1451 1168 segniorem,
1471 1124 1505 1153 et
1524 1114 1571 1153 ad
1590 1114 1829 1153 obedientiam
1844 1115 1960 1166 magis
1981 1116 2203 1153 cunctabun-

1243 1176 1343 1216 dum.
1358 1178 1447 1215 Nam
1464 1176 1491 1214 si
1510 1189 1603 1214 unus
1619 1175 1754 1227 aliquis
1767 1189 1786 1213 e
1805 1176 1915 1227 vulgo
1931 1175 2071 1225 suisset,
2086 1176 2204 1213 dicere

1241 1239 1412 1291 potuisset
1439 1253 1447 1274 :
1472 1240 1593 1285 Quare
1619 1251 1675 1274 me
1702 1251 1848 1289 peregre
1875 1237 2055 1290 proficisci
2083 1237 2202 1289 jubes,

1239 1309 1273 1338 et
1292 1300 1328 1338 in
1349 1299 1501 1337 alienam
1527 1308 1655 1337 terram
1675 1298 1826 1337 abducis
1842 1299 1859 1336 ἱ)
1873 1313 1981 1349 quare
2002 1299 2029 1336 si
2049 1313 2104 1336 mc
2126 1314 2203 1337 ma-

1239 1375 1349 1413 gnum
1366 1361 1481 1398 facere
1499 1360 1567 1408 vis,
1588 1374 1657 1398 non
1681 1359 1739 1397 hic
1762 1373 1931 1411 magnum
1954 1360 2072 1397 facis?
2094 1374 2205 1410 quare

1239 1424 1276 1461 in
1307 1422 1414 1460 domo
1445 1431 1592 1474 paterna
1623 1430 1836 1471 versantem,
1867 1430 1927 1459 tua
1959 1420 2206 1459 benedictione

1239 1498 1309 1523 non
1329 1483 1521 1535 dignaris?
1554 1482 1643 1521 huod
1659 1482 1687 1521 si
1703 1483 1886 1534 contingat
1899 1482 2109 1535 priusquam
2127 1497 2204 1535 per-

1239 1545 1380 1584 veniam
1407 1545 1443 1582 in
1466 1544 1584 1582 locum
1605 1559 1710 1596 quem
1741 1544 1858 1596 jubes,
1886 1544 2122 1595 defatigatum
2148 1559 2205 1582 me

1239 1606 1376 1645 itineris
1401 1606 1585 1644 laboribus
1612 1605 1740 1658 perire,
1772 1614 1806 1643 et
1832 1605 1945 1644 vitam
1978 1605 2094 1653 finire,
2123 1620 2204 1657 qua:

1241 1668 1331 1705 mibi
1353 1682 1398 1705 cx
1419 1667 1605 1719 promissis
1625 1667 1796 1704 utilitas?
1816 1669 1864 1704 At
1882 1667 1974 1704 nihil
1996 1667 2124 1704 horum
2145 1667 2203 1705 vet

1241 1729 1276 1766 in
1297 1737 1413 1766 mente
1427 1727 1695 1780 suscipiendum
1718 1727 1866 1776 censuit,
1883 1727 1960 1774 sed,
1977 1727 2066 1765 sicut
2084 1727 2202 1766 fidelis

1241 1804 1376 1837 servus,
1397 1789 1443 1827 ad
1471 1789 1587 1827 solum
1610 1788 1802 1841 imperium
1830 1787 2003 1834 obedivit,
2028 1789 2118 1826 nihil
2140 1803 2202 1827 cu-

1242 1850 1334 1889 riose
1353 1864 1525 1901 quaerens,
1549 1849 1759 1900 nullumque
1777 1848 1877 1886 aliud
1902 1849 2087 1900 negotium
2109 1865 2202 1902 prae-

1242 1922 1382 1962 texen53
1406 1911 1468 1950 sed
1486 1911 1760 1964 obtemperavit,
1776 1920 1912 1948 certum
1923 1911 2070 1960 habeus,
2088 1913 2203 1950 neuti-

1241 1988 1350 2026 quam
1368 1973 1553 2012 mendacia
1575 1987 1647 2012 esse
1666 1973 1733 2010 Dei
1754 1973 1927 2025 promissa
1951 1988 1958 2008 z
1979 1975 2015 2011 E
2020 1982 2046 2026 t,
2050 1975 2201 2025 faciam

1244 2045 1280 2073 te
1302 2038 1344 2073 in
1367 2044 1520 2087 gentem
1542 2048 1739 2086 magnam,
1760 2030 1892 2083 inquit,
1916 2042 1951 2070 ec
1975 2035 2202 2072 benedicam

1245 2106 1293 2144 te,
1312 2106 1348 2135 et
1364 2096 1626 2149 magnificabo
1641 2109 1781 2132 nomen
1798 2103 1920 2140 tuum,
1940 2103 1975 2131 et
1992 2097 2066 2131 eris
2083 2097 2203 2133 bene-

1244 2159 1383 2196 dictus.
1403 2158 1578 2208 Magnum
1598 2154 1846 2208 promissionis
1861 2153 2014 2206 pondus.
2036 2157 2202 2193 Faciam

1245 2228 1295 2269 te,
1313 2218 1445 2269 inquit,
1467 2221 1509 2254 in
1526 2225 1678 2269 gentem
1699 2229 1899 2267 magnam,
1923 2223 1959 2252 et
1979 2217 2203 2254 benedicam

1245 2289 1296 2327 te,
1318 2288 1355 2317 et
1383 2278 1645 2330 magnificabo
1674 2290 1814 2314 nomen
1837 2285 1958 2314 tuum.
1981 2277 2060 2314 Non
2087 2277 2204 2314 solum

1245 2341 1341 2393 genti
1365 2353 1503 2391 magnae
1528 2348 1560 2376 te
1585 2337 1793 2390 praesieiam‚
1812 2347 1845 2375 et
1865 2351 1990 2376 nomen
2013 2346 2114 2375 tuum
2133 2353 2202 2376 ex-

1245 2402 1388 2442 tollam:
1402 2400 1462 2439 sed
1472 2410 1503 2439 et
1516 2400 1754 2438 Benedicam
1767 2408 1815 2446 te,
1827 2408 1864 2437 et
1875 2402 1949 2437 eris
1963 2400 2201 2437 benedictus.

1246 2465 1299 2503 Ne
1323 2472 1440 2516 putes,
1466 2461 1606 2509 dilecte,
1632 2474 1765 2498 meram
1792 2460 2038 2512 repetitionem
2065 2475 2149 2509 esse,
2171 2471 2204 2499 et

1246 2524 1339 2563 idem
1356 2524 1410 2562 bis
1430 2522 1598 2576 proferri,
1621 2535 1703 2559 cum
1723 2521 1858 2559 dicitur
1876 2536 1883 2556 :
1900 2521 2137 2558 Benedicam
2153 2530 2202 2563 te,

1246 2595 1283 2625 et
1297 2589 1371 2625 eris
1389 2586 1620 2623 benedictus.
1641 2583 1758 2620 Tanta
1773 2581 1867 2620 enim
1883 2590 1928 2629 te,
1946 2581 2077 2631 inquit,
2096 2581 2201 2619 bene-

1245 2648 1401 2686 dictione
1422 2645 1612 2696 digmbor,
1634 2652 1674 2681 ut
1694 2643 1756 2680 illa
1781 2643 1816 2680 in
1837 2656 1940 2680 omne
1965 2642 2136 2679 saeculum
2157 2643 2202 2680 sit

1246 2710 1436 2748 duratura.
1460 2708 1553 2744 Eris
1575 2705 1668 2743 enim
1693 2705 1929 2753 benedictus,
1951 2703 1999 2740 ita
2021 2712 2058 2740 ut
2081 2719 2203 2742 omnes

1247 2769 1376 2809 summi
1400 2766 1546 2805 honoris
1569 2766 1645 2803 loco
1663 2764 1822 2802 habituri
1844 2763 1930 2813 sint,
1954 2764 1982 2801 si
2005 2763 2054 2801 eis
2083 2773 2200 2815 tecum

1247 2830 1471 2868 familiaritas
1493 2826 1685 2875 contingat.
1711 2824 1824 2863 Vides
1850 2823 2028 2875 quomodo
2048 2834 2147 2863 antea
2168 2836 2202 2863 et

1246 2893 1292 2930 ab
1312 2891 1414 2929 initio
1436 2889 1466 2927 ei
1488 2886 1649 2941 praedicit
1669 2885 1869 2923 claritatem
1887 2899 1996 2935 quam
2021 2885 2073 2922 illi
2093 2886 2203 2923 datu—

1247 2966 1306 2991 rus
1328 2960 1413 2989 erat.
1440 2950 1606 2987 Faciam
1638 2954 1687 2992 te,
1711 2945 1842 2995 inquit,
1872 2948 1915 2982 in
1940 2955 2091 2998 gentem
2113 2961 2200 2984 ma-

1244 3027 1377 3067 gnam,
1395 3021 1430 3049 et
1449 3009 1709 3061 magnificabo
1732 3021 1871 3044 nomen
1892 3016 2014 3055 tuum,
2037 3017 2072 3046 et
2091 3011 2203 3046 bene-

1187 3060 1231 3126 ’Ἆι
1248 3077 1373 3113 dicam
1391 3082 1438 3119 te,
1455 3080 1489 3108 et
1503 3073 1576 3108 eris
1589 3069 1822 3106 benedictus.
1836 3067 1975 3108 Idcirco
1987 3078 2019 3107 et
2033 3069 2146 3109 Jndaei
2158 3070 2204 3108 dc

1248 3135 1448 3188 patriarcha
1465 3129 1707 3183 superbientes
1723 3128 1888 3167 volebant
1905 3144 1942 3167 se
1956 3130 1990 3168 in
2008 3131 2084 3182 ejus
2098 3130 2204 3167 sami-

1248 3202 1333 3239 liam
1352 3196 1544 3244 intrudere,
1564 3204 1597 3232 ct
1612 3193 1778 3232 dicebant
1794 3210 1802 3230 t
1821 3196 1918 3233 Filii
1934 3195 2115 3233 Ala-anm
2135 3211 2200 3234 su-

1271 242 1428 272 nomi„-
1468 240 1594 271 ΧΧΧΙ.

1194 1131 1218 1162 C

1249 3282 1343 3306 mus.
1360 3265 1429 3304 Sed
1455 3274 1493 3301 ut
1512 3263 1651 3300 discant
1670 3276 1705 3299 se
1724 3271 1869 3314 propter
1890 3262 2000 3300 malos
2018 3277 2130 3301 mores
2152 3264 2200 3300 iu-

1249 3329 1375 3380 diguos
1390 3341 1462 3364 csse
1484 3324 1542 3361 illa
1561 3322 1695 3361 familia
1713 3332 1744 3360 ct
1768 3337 1906 3374 genere,
1928 3322 2016 3360 (licit
2033 3323 2081 3359 eis
2097 3324 2202 3360 Clui—

1189 3435 1209 3469 l.
1227 3439 1348 3470 εἱττυθῑιν
1369 3439 1402 3472 εἰ,
1421 3449 1482 3472 την.
1496 3432 1648 3473 Qnuuuor
1665 3430 1739 3462 MS<-
1760 3436 1897 3468 {castig-221
1916 3433 2001 3462 αᾷτζν
2020 3434 2055 3464 εἷς
2073 3435 2135 3463 τήν.
