2516 3791
336 203 428 250 922

337 284 447 317 milius
464 295 562 327 quam
579 290 601 327 β
614 290 647 315 et
661 300 686 326 μ
704 282 737 315 in
754 279 921 314 nonnullis
935 290 1037 311 manu
1050 278 1194 311 exaratis
1210 287 1323 308 exem-

336 334 484 377 plaribus
512 341 546 366 et
568 333 816 375 praepositiones
833 331 925 371 inq,
937 334 1034 370 κατὰ,
1049 332 1132 368 μετά
1145 352 1153 365 ,
1165 332 1251 370 παρὰ
1273 324 1324 357 fa-

337 383 458 416 cillime
475 386 562 416 inter
574 395 607 415 se
623 379 826 424 permutari,
843 379 890 411 ita
915 386 952 410 ut
973 378 1036 410 alia
1059 388 1121 419 pro
1145 375 1208 407 alia
1225 385 1324 417 saepe-

335 444 474 465 numero
488 431 682 473 accipiatur.
693 431 804 462 notius
819 436 869 461 est
883 439 984 471 quam
992 434 1028 458 ut
1038 424 1175 468 probari
1185 422 1319 457 debeat.

334 482 422 524 Jam,
436 490 473 514 ut
489 492 580 513 error
594 491 741 512 errorem
758 477 880 519 trahit,
893 484 1069 519 postquam
1085 481 1258 516 peccatum
1273 480 1324 505 est

333 533 366 564 in
383 531 495 574 priore
513 539 546 563 ct
562 530 686 573 majore
702 537 798 572 parte
814 528 990 564 dictionis,
1008 523 1098 557 nulla
1121 522 1235 565 religio
1260 522 1323 554 fuit

333 580 489 624 deinceps
502 607 510 619 ‚
530 592 590 623 pro
610 585 637 621 9,
652 585 668 613 λ
685 579 840 620 scribere,
859 585 958 619 atque
975 573 1040 616 sic,
1060 584 1120 615 pro
1137 578 1322 616 καταμάθω-

333 648 387 674 σιν,
408 635 639 678 παραξάὶ.ἱ.ο,σιυ
652 629 748 662 nobis
760 628 897 672 prodiit.
924 625 1036 659 Habes
1049 622 1192 656 debilem
1205 622 1322 665 apolo-

331 682 419 725 giam
437 692 498 724 pro
515 679 615 712 debili
635 681 839 723 conjectura.

373 731 410 762 P.
431 732 503 763 613.
521 733 559 760 Α.
587 730 618 760 3.
639 730 702 761 Pro
717 735 809 773 μέχρι
826 732 885 773 γὰρ
901 730 952 760 ὅτε
966 721 1142 767 legendum
1160 729 1242 765 puto
1257 726 1318 764 μέ-

327 796 378 825 χρι
395 786 452 823 γὰρ
469 785 548 814 ὅτου,
565 777 599 809 id
617 785 665 809 est
681 783 788 820 μέχρι,-
805 776 849 809 οὗ.

370 830 407 862 Ρ.
428 831 502 861 619.
519 829 558 860 E.
574 830 604 858 2.
616 829 734 859 Dccsse
750 824 884 858 videtur
899 830 946 858 νῦν
963 824 1049 855 inter
1062 826 1151 856 αὐτόν
1164 828 1197 853 et
1210 824 1320 860 κατεξ-

326 885 508 914 minacem.
536 875 559 911 ὸ
581 885 644 915 ναῦς
660 889 666 906 :
683 877 718 909 Si
739 883 901 919 praesente
927 870 1093 914 JosephO,
1112 882 1181 903 non
1205 872 1317 912 potuit

325 929 443 961 Ruben
459 928 523 960 sibi
547 935 733 969 temperare
746 952 754 966 ‚
778 926 859 969 quin
875 924 996 956 fratres
1015 932 1091 954 suos
1108 922 1295 962 increparet
1306 946 1314 960 ‚

324 978 431 1011 multo
456 979 559 1021 magis
584 989 692 1016 nunc,
707 975 845 1009 absente
863 972 1028 1016 Josepho,
1045 968 1221 1003 verisimile
1246 976 1318 1001 erat

323 1040 398 1061 eum
426 1027 509 1060 iram
534 1039 600 1060 non
624 1025 864 1059 cohibiturum.
883 1022 1074 1056 Videndum
1094 1028 1252 1063 praeterea
1273 1030 1317 1051 an

323 1089 390 1110 non
404 1085 453 1112 καί
463 1076 644 1110 delendum
659 1077 703 1109 sit
720 1083 798 1108 ante
815 1079 955 1114 ἐπιπάς,
973 1080 1007 1105 et
1026 1069 1221 1115 ponendum
1237 1076 1316 1102 ante

324 1132 434 1171 ἕλε-[ον.

654 1220 850 1254 HOMILIA
873 1217 975 1252 LXV.

366 1317 402 1349 P.
420 1316 494 1348 627.
515 1315 552 1345 A.
569 1316 602 1346 7.
620 1312 810 1345 Desiderari
828 1319 910 1354 puto
928 1317 976 1351 οἷν,
991 1309 1043 1343 vel
1068 1316 1140 1353 ἐάν,
1158 1318 1235 1344 ante
1262 1318 1314 1345 ἀν-

325 1372 444 1411 θρώπῳ.
466 1363 567 1405 Quod
584 1365 646 1395 nisi
664 1362 729 1395 tale
749 1361 873 1405 aliquid
893 1361 1052 1402 addatur,
1072 1361 1179 1405 legere
1199 1362 1314 1393 malim

321 1415 380 1449 liu.
399 1422 556 1457 sequente
575 1420 761 1456 θεασάμενοι,
778 1423 878 1455 quam
893 1417 1071 1454 θεασώμεθα
1088 1427 1093 1445 :
1114 1416 1149 1445 τὸ
1164 1417 1187 1445 εἰ
1203 1412 1291 1443 enim
1304 1436 1312 1450 ,

321 1473 359 1498 ut
374 1477 487 1498 sensus
504 1466 571 1507 ipse
585 1463 686 1496 docet
698 1489 706 1503 ‚
726 1475 801 1494 cum
822 1465 1044 1504 σπουδάζομεν,
1061 1472 1129 1492 non
1150 1472 1226 1492 cum
1246 1467 1316 1495 952-

322 1521 446 1558 σοὶμεθκ
459 1540 466 1554 ,
483 1514 749 1556 conjungendum
763 1519 824 1544 est.
841 1511 908 1543 Sed
924 1510 1021 1552 plane
1035 1509 1115 1541 mihi
1131 1510 1314 1551 persuadeo

320 1564 523 1607 particulam
540 1570 575 1596 ρξ’-,ι
593 1561 700 1604 prima
717 1560 845 1604 syllaba
864 1562 896 1592 in
914 1565 1061 1605 ἀνθρώπῳ
1077 1570 1135 1601 per
1150 1561 1315 1591 incuriam

320 1614 447 1645 librarii
475 1611 668 1653 absorptam
698 1610 807 1643 fuisse.
833 1609 889 1650 Si,
908 1610 1034 1651 inquit,
1052 1620 1138 1651 quos
1163 1607 1316 1641 videmus

321 1663 533 1707 magnatibus
559 1673 667 1703 caros,
698 1661 790 1692 omni
808 1659 998 1692 officiorum
1022 1670 1140 1703 genere
1167 1658 1315 1701 comple-

321 1715 454 1754 ctimur,
470 1719 641 1755 sperantes
665 1722 726 1742 nos
743 1709 809 1742 hoc
835 1708 938 1742 modo
962 1721 981 1741 a
1009 1710 1221 1753 magnatibus
1236 1710 1316 1751 ipsis

322 1765 464 1807 gratiam
481 1764 622 1794 inituros
641 1773 647 1791 :
663 1759 770 1792 multo
787 1767 878 1791 certe
894 1760 999 1799 magis
1015 1760 1103 1791 Deus
1116 1758 1226 1791 officia
1242 1770 1314 1791 ser-

323 1815 370 1845 vis
387 1815 452 1846 suis
470 1811 618 1844 exhibita
637 1822 706 1843 non
723 1809 876 1853 negl³get‚
896 1808 954 1841 sed
970 1807 1103 1840 abunde
1119 1819 1315 1850 compensa-

323 1861 386 1895 bit.
410 1863 445 1894 Si
467 1863 637 1904 sequimur
659 1861 805 1902 priorem
830 1857 1009 1891 lectionem
1026 1883 1034 1897 ,
1052 1859 1314 1899 comparationis

322 1911 511 1944 membrum
533 1911 696 1953 posterius
719 1907 816 1950 plane
848 1905 1062 1948 excludetur,
1082 1917 1143 1938 nec
1171 1903 1311 1938 habebit

322 1967 424 2007 πολλῷ
437 1966 555 2005 μᾶλλον
571 1962 610 1992 Β,
626 1959 683 1991 lin.
710 1960 742 1992 3.
759 1969 825 2001 quo
842 1956 1016 1989 referatur.
1034 1956 1080 1988 Ut
1102 1955 1202 1999 igitur
1218 1955 1314 1987 clau-

321 2012 392 2045 sula
417 2019 574 2054 sequente
604 2013 706 2053 πολλῷ
730 2012 851 2051 μᾶλλον
866 2009 904 2040 Β.
918 2009 951 2039 3.
978 2005 1118 2038 refertur
1148 2004 1192 2037 ad
1224 2012 1248 2039 εἰ
1273 2008 1310 2038 Α.

323 2066 354 2095 6.
370 2088 378 2103 ,
393 2063 439 2094 sic
452 2089 461 2104 ‚
478 2060 542 2093 hac
566 2058 712 2092 clausula
723 2084 731 2098 ‚
750 2069 881 2090 necesse
894 2065 944 2089 est
961 2065 997 2088 ut
1021 2060 1122 2100 πολλῷ
1143 2060 1261 2099 μᾶλλον
1274 2057 1310 2089 Β.

323 2115 353 2144 2.
374 2111 417 2144 ad
437 2117 460 2146 εἰ
477 2112 513 2144 Α.
533 2112 564 2143 6.
583 2116 771 2152 respectum
793 2115 827 2139 et
842 2105 1038 2139 relationem
1055 2105 1190 2138 habeat.

648 2230 842 2263 HOMILIA
866 2229 991 2263 LXVI.

366 2335 403 2366 P.
422 2333 498 2365 634.
516 2332 549 2362 A.
572 2330 624 2360 Η.
640 2333 853 2373 περιπείρωσι.
872 2331 1081 2372 Περιπείρουσι
1097 2336 1164 2357 non
1181 2325 1313 2358 videtur

324 2381 524 2416 mutandum
547 2380 580 2410 in
597 2377 689 2410 aliud
703 2377 843 2409 verbum
861 2392 867 2409 :
888 2375 999 2417 potius
1015 2373 1209 2407 addendum
1229 2383 1313 2417 puto

324 2431 450 2475 aliquid
463 2430 507 2462 ad
521 2426 741 2470 supplendum
761 2424 929 2457 defectum
955 2424 1020 2457 lioc
1043 2425 1163 2467 modo,
1182 2431 1221 2463 εἰς
1236 2440 1313 2471 προ-

325 2492 401 2530 ραν-ἧ
418 2485 544 2516 κίνδυνον
566 2481 687 2515 emurch„-
704 2479 885 2519 {stabilinum
901 2480 950 2509 καὶ
968 2484 1186 2521 περιπείρουσιν
1201 2479 1312 2514 ὀξύ-καις

324 2538 466 2571 adduas,
482 2537 533 2565 τὸν
548 2536 656 2574 popei-2
681 2534 745 2559 etc.
765 2527 825 2558 Est
841 2526 930 2557 enim
951 2523 1078 2567 aliquid
1096 2525 1254 2557 omissum
1279 2533 1312 2557 et

324 2592 401 2617 ante
418 2590 449 2614 et
464 2587 540 2623 post
555 2584 767 2623 niptffir'pwu.
786 2578 870 2608 Ante
884 2580 1086 2619 περιπείρουσι
1102 2573 1312 2607 desideratur

323 2633 462 2667 verbum
488 2627 625 2672 aliquod
649 2627 806 2659 idoneum
818 2653 825 2666 ‚
846 2623 939 2668 quod
955 2636 1032 2657 cum
1048 2623 1313 2667 praecedentibus

324 2691 401 2727 apte
417 2679 607 2719 conveniat,
618 2675 775 2710 nimirum
791 2679 983 2719 ἐμβάλλουσι,
1002 2682 1039 2706 ut
1051 2686 1150 2717 supra
1167 2680 1206 2713 εἰς
1221 2681 1312 2721 προῦ-

323 2749 396 2770 πτον
413 2736 506 2766 ἑαυτὰ
522 2733 646 2764 κίνδυνον
666 2731 810 2770 ἐμέάλλει
824 2738 830 2756 1
850 2733 882 2757 et
896 2723 1016 2757 deinde
1029 2723 1218 2767 copulativa
1232 2737 1312 2768 par—

324 2782 439 2824 ticula,
468 2792 540 2824 quae
561 2778 629 2810 duo
653 2776 754 2809 verba
778 2775 987 2818 conjungat3
1015 2781 1091 2816 post
1111 2781 1312 2821 περιπείρουςι

324 2832 531 2867 desideratur
557 2827 684 2871 aliquid
710 2825 800 2870 quod
829 2825 1006 2857 transitum
1033 2823 1125 2857 serbi
1149 2826 1310 2867 excipiat,

324 2883 481 2916 nimirum
498 2883 608 2917 &ib-2213
623 2882 748 2915 πολλκῐς
763 2887 802 2907 cx
834 2878 859 2907 Ι.
878 2873 967 2907 Tim.
986 2877 1016 2907 6.
1041 2886 1074 2909 v.
1095 2875 1136 2907 40
1152 2886 1158 2905 τ
1174 2880 1223 2909 καὶ
1239 2879 1310 2910 ἑαυ-

326 2937 391 2971 τοὺς
407 2937 598 2978 περιέπειραν
614 2931 726 2966 iliram,-
742 2931 877 2964 πολλαὶς-

632 3053 822 3086 IIOMILIA
846 3051 986 3084 LXVII.

368 3161 404 3191 P.
421 3159 496 3191 639.
516 3158 552 3187 A.
575 3155 605 3186 l.
625 3155 743 3186 Deesse
760 3151 890 3183 xidetur
908 3155 997 3185 αὐτοῦ
1011 3157 1087 3193 post
1104 3152 1236 3196 φαιδρὸν.
1252 3149 1309 3184 Sic

325 3210 407 3241 linea
425 3213 579 3250 sequente
596 3201 787 3235 addendum
804 3201 934 3233 videtur
951 3204 998 3235 διὰ
1008 3206 1064 3235 τοῦ
1079 3208 1156 3233 ante
1173 3205 1268 3235 λευκοὶ
1283 3206 1308 3235 οξ

323 3263 446 3296 &TA-arx.
467 3254 555 3288 :nhil
576 3263 685 3287 tamen
703 3251 804 3291 addo,
821 3253 895 3294 quia
907 3263 978 3294 quae
993 3249 1124 3293 desunt,
1144 3249 1251 3291 facile,
1271 3258 1308 3283 ut

321 3311 353 3341 in
371 3320 426 3340 ora
434 3309 521 3340 tione
536 3303 786 3348 compendiosa,
800 3300 944 3345 suppleri
962 3309 1110 3344 possunt.

664 200 862 230 SELECTA
892 197 953 228 Ex
987 196 1117 227 NOTlS
1149 192 1342 225 JOANNIS
1377 191 1512 222 BOISH
1547 191 1605 222 ET
1637 192 1822 223 HENRICI
1856 193 2037 224 SAVILII.

1660 379 1834 415 NOTAE
1858 379 2110 415 SAVILII

1636 469 1703 502 Ad
1720 470 1892 504 Sermones
1908 473 1943 502 in
1961 471 2128 503 Genesim.

1438 568 1517 600 Pio.
1532 570 1608 602 645.
1621 569 1716 601 Hanc
1727 569 1914 602 orationem
1927 567 2130 610 descriptam
2143 577 2182 599 ex
2198 567 2259 601 Ms.
2276 567 2379 610 Regio

1391 619 1532 650 Luteliae
1559 617 1809 650 emendavimus
1837 629 1875 649 ex
1901 617 2036 660 optimae
2063 624 2151 649 notae
2174 617 2376 660 Augustano.

1391 667 1517 700 Habita
1535 676 1585 700 est
1600 667 1795 708 Antiochiae⁷
1813 675 1984 710 praesente‚
2001 674 2037 698 ut
2050 673 2188 708 apparet
2208 664 2251 698 ad
2264 663 2376 707 finem,

1390 720 1547 761 episcopo
1562 718 1735 751 Flaviano.
1752 716 1889 750 Habent
1905 724 2017 748 autem
2037 716 2086 748 hae
2105 722 2184 748 octo
2209 715 2378 747 orationes

1389 768 1423 799 in
1439 769 1641 810 principium
1656 769 1820 801 Geneseos
1830 766 1936 798 multa
1951 774 2021 798 tam
2037 770 2176 811 ῥήματα,
2194 775 2294 807 quam
2308 772 2376 802 νοή-

1389 833 1475 859 ματα
1498 819 1688 850 communia
1715 829 1791 849 cum
1807 815 1960 849 Homiliis
1978 813 2123 859 ejusdem
2141 813 2248 857 patris
2261 815 2296 846 in
2311 813 2376 846 Ge-

1389 868 1495 900 nesin.
1518 870 1565 899 Ac
1593 878 1635 901 ne
1659 867 1757 910 longe
1779 866 1948 904 abeamus,
1977 864 2134 908 pleraque
2155 875 2228 906 quae
2250 863 2287 895 in
2312 862 2375 895 hac

1388 918 1495 959 prima
1518 916 1672 949 oratione
1693 917 1927 958 eontinentur,
1944 914 2062 947 iisdem
2084 914 2152 946 sere
2173 911 2282 945 verbis
2297 923 2374 955 per—

1387 967 1512 1008 scripta
1531 965 1740 1008 reperiuntur
1761 966 1795 997 in
1819 964 1966 996 secunda
1993 962 2139 995 Homilia
2165 964 2200 994 in
2217 962 2372 996 Genesin.

1388 1015 1502 1048 Tertia
1517 1015 1613 1059 hujus
1623 1016 1724 1047 Tomi
1735 1015 1844 1046 oratio
1857 1011 2013 1045 convenit
2029 1023 2104 1044 cum
2119 1023 2208 1043 nona
2224 1013 2258 1044 in
2273 1011 2378 1045 Gene-

1387 1067 1438 1098 sin
1454 1083 1460 1100 ;
1476 1073 1509 1098 et
1525 1067 1572 1098 sic
1587 1065 1692 1097 ferme
1704 1066 1738 1096 in
1754 1061 1894 1096 caeteris.
1912 1064 2031 1094 Exstat
2045 1062 2165 1094 Latine
2181 1062 2251 1094 haec
2266 1060 2375 1095 oratio

1387 1117 1487 1150 Tom.
1508 1118 1537 1158 ¹,
1549 1114 1613 1147 col.
1630 1117 1707 1155 439,
1726 1113 1819 1148 Edit.
1837 1112 1941 1146 Paris.
1961 1112 2068 1144 4588:
2086 1110 2249 1154 reperitur
2264 1119 2375 1151 autem

1386 1165 1458 1198 haec
1473 1167 1582 1198 oratio
1604 1166 1719 1199 Graece
1744 1176 1809 1197 una
1825 1175 1900 1196 cum
1918 1165 2064 1206 quinque
2084 1160 2298 1205 sequentibus
2312 1189 2321 1205 ,
2335 1174 2374 1195 eo

1388 1215 1506 1249 ordine
1519 1243 1527 1255 ‚
1541 1227 1608 1259 quo
1622 1227 1683 1248 nos
1699 1214 1754 1247 hic
1771 1213 1979 1258 digessimus,
1998 1214 2033 1245 iu
2048 1211 2173 1245 Codice
2189 1212 2250 1246 Ms.
2268 1212 2375 1245 Caesa-

1387 1278 1456 1308 reo,
1475 1278 1567 1298 num.
1587 1267 1643 1298 26.
2319 1289 2326 1293 .

1431 1317 1470 1350 E.
1490 1319 1522 1348 7.
1541 1319 1718 1361 προεδρίας.
1737 1315 1839 1357 Magis
1861 1324 1901 1346 ex
1927 1323 1988 1345 usu
2012 1314 2194 1358 προεδρίαις.
2212 1311 2229 1328 ’⁶‘
2247 1310 2374 1345 Omnia

1387 1366 1594 1410 exemplaria
1612 1369 1776 1411 προεδρίας
1792 1363 1932 1397 Ῐιαόεηῑ..
2297 1376 2311 1401 ·,

1430 1418 1466 1448 Ρ.
1486 1418 1542 1449 654
1554 1440 1562 1447 .
1578 1418 1615 1449 Β.
1634 1416 1667 1449 3.
1686 1416 1782 1446 Hanc
1794 1412 1981 1445 orationem
1995 1418 2028 1443 et
2041 1418 2106 1443 tres
2118 1418 2372 1453 sequentes-me-

1387 1464 1477 1497 lioris
1500 1472 1588 1497 notae
1610 1471 1644 1497 et
1669 1469 1788 1507 γνησίας
1813 1473 1939 1499 omnes,
1964 1460 2082 1492 damus
2101 1470 2141 1492 ex
2166 1457 2372 1493 Bibliotheca

1386 1515 1576 1556 Augustana
1593 1513 1778 1555 descriptas
1803 1520 1836 1544 et
1863 1523 1902 1544 ex
1921 1511 2070 1546 Caesarea
2086 1517 2243 1542 accurate
2258 1520 2372 1542 emen-

1386 1561 1496 1596 datas,

1431 1613 1468 1643 P.
1487 1612 1563 1644 655.
1583 1613 1615 1646 ⁴.
1633 1613 1713 1644 Haec
1729 1610 1850 1651 oratio,
1869 1608 1961 1652 quod
1976 1619 2075 1651 supra
2088 1607 2245 1651 diximus,
2257 1608 2372 1642 eadem

1385 1661 1454 1694 fere
1470 1669 1539 1694 tam
1554 1673 1649 1694 sensu
1666 1673 1768 1704 quam
1785 1658 1894 1693 verbis
1910 1671 1986 1692 cum
2004 1661 2022 1691 9
2038 1659 2072 1690 'm
2087 1658 2254 1691 Genesim.

1432 1712 1467 1745 P.
1487 1714 1566 1746 670.
1581 1713 1620 1746 C.
1637 1713 1669 1744 5.
1683 1710 1845 1744 Codicem
1862 1721 2022 1742 excusum
2032 1709 2174 1742 Lutetiae
2189 1720 2207 1740 a
2223 1707 2372 1741 Morellio

1385 1764 1527 1807 castigax
1537 1764 1620 1795 imus
1644 1774 1683 1795 ex
1699 1763 1759 1794 Ms.
1786 1762 1821 1793 in
1840 1758 2049 1793 Bibliotheca
2066 1759 2246 1792 Bavarica:
2265 1765 2373 1790 exstat

1387 1814 1487 1844 etiam
1503 1812 1575 1845 haec
1592 1814 1701 1845 oratio
1720 1814 1755 1844 in
1771 1809 1979 1844 Bibliotheca
1996 1810 2143 1841 Caesarea
2162 1819 2301 1842 numero
2316 1810 2371 1841 26.

1384 1862 1479 1894 Idem
1497 1871 1728 1906 argumentum
1740 1869 1906 1895 tractatur
1919 1859 2044 1892 Homil.
2058 1860 2099 1895 16
2115 1860 2149 1891 in
2160 1858 2316 1899 Genesin,
2337 1866 2374 1890 et

1385 1912 1500 1945 similis
1515 1912 1594 1945 huic
1607 1924 1646 1944 ac
1656 1912 1755 1954 plane
1765 1921 1931 1954 germanae
1938 1909 2161 1942 conclusionis
2169 1907 2246 1941 alibi
2259 1910 2294 1941 in
2307 1908 2372 1942 hoc

1385 1970 1502 1995 nostro
1518 1961 1634 1995 videor
1647 1961 1846 1994 meminisse.
1860 1966 1984 1998 Γνησίαυ
2000 1970 2068 1991 esse
2080 1970 2146 1991 non
2163 1957 2300 1993 dubito:
2313 1958 2372 1992 sed

1385 2020 1497 2044 utrum
1514 2012 1560 2044 ita
1578 2010 1620 2044 ab
1633 2013 1704 2055 ipso
1719 2019 1855 2044 auctore
1866 2009 2003 2053 scripta,
2018 2020 2061 2042 an
2077 2019 2115 2042 ex
2128 2007 2278 2051 pluribus
2293 2007 2371 2041 hinc

1384 2061 1462 2094 inde
1486 2061 1658 2104 particulis
1685 2063 1718 2094 in
1743 2072 1847 2094 unum
1871 2071 1992 2102 corpus
2018 2058 2061 2090 ab
2086 2058 2197 2102 aliquo
2214 2057 2371 2092 *studioso

1385 2119 1617 2155 coagmentata
1634 2111 1734 2144 fuerit
1747 2137 1755 2151 ,
1771 2109 1809 2142 id
1823 2121 1902 2143 vero
1918 2117 1979 2150 est,
1996 2108 2090 2152 quod
2103 2120 2269 2142 summam
2284 2107 2372 2143 diffi-

1385 2162 1544 2194 cultatem
1555 2163 1645 2205 parit
1655 2161 1689 2195 in
1702 2159 1930 2194 discernendis
1943 2159 2038 2203 hujus
2049 2159 2194 2192 auctoris
2205 2159 2370 2202 germanis

1385 2211 1552 2254 operibus.

1430 2265 1465 2298 P.
1480 2266 1520 2296 67
1524 2267 1556 2298 4.
1569 2264 1607 2296 A.
1625 2263 1835 2305 ⁴.Descripta
1848 2268 1897 2294 est
1912 2272 1952 2293 ex
1966 2262 2067 2305 Regia
2083 2259 2290 2294 Bibliotheca
2301 2261 2370 2294 Lu-

1384 2316 1485 2348 tetiae.
1501 2314 1579 2345 Non
1593 2321 1659 2355 est,
1679 2314 1811 2356 opinor,
1827 2323 1911 2354 opus
1926 2310 1961 2343 id
1979 2310 2088 2344 denuo
2106 2322 2259 2350 monere,
2277 2310 2367 2355 quod

1383 2374 1608 2406 saepenumero
1622 2370 1719 2394 antea
1732 2361 1880 2401 fecimus,
1893 2360 1997 2393 multa
2013 2362 2065 2393 liic
2081 2372 2149 2393 esse
2165 2373 2237 2404 quae
2253 2360 2368 2394 iisdem

1383 2425 1487 2456 prope
1502 2412 1612 2446 verbis
1627 2414 1836 2454 reperiuntur
1849 2413 1882 2443 in
1896 2410 2050 2444 Homiliis
2060 2410 2093 2443 in
2103 2411 2283 2445 Genesin-²*
2294 2411 2369 2445 Coe-

1385 2473 1464 2496 terte
1487 2474 1600 2495 onmes
1627 2461 1749 2496 Savilii
1769 2461 1895 2493 notulae
1918 2461 1993 2492 loca
2021 2461 2178 2504 quaedam
2198 2461 2368 2494 Editioms

1383 2513 1597 2558 Anglicanoe
1608 2513 1802 2555 respiciunt,
1818 2522 1895 2555 quoe
1909 2511 1969 2542 vel
1973 2509 2052 2554 jam
2067 2512 2102 2541 in
2117 2510 2277 2543 Editione
2290 2511 2367 2543 Pa-

1382 2565 1489 2597 risina
1511 2564 1664 2594 restituta
1673 2561 1833 2604 juerant,
1857 2560 1916 2592 vel
1936 2572 1958 2592 a
1980 2559 2076 2592 nobis
2091 2560 2140 2592 ad
2152 2560 2261 2604 fidem
2277 2561 2366 2595 Mss.

1384 2613 1559 2647 emendata
1575 2619 1661 2644 sunt.

1427 2666 1463 2696 P.
1487 2663 1561 2695 683.
1582 2663 1621 2694 C.
1639 2664 1672 2692 4.
1693 2661 1789 2694 Hanc
1811 2660 1997 2692 orationem
2013 2670 2053 2692 ex
2068 2658 2274 2693 Bibliotheca
2297 2661 2368 2694 Cae-

1381 2726 1473 2749 sarea
1490 2712 1693 2755 descriptam
1709 2708 1958 2743 emendavimus
1980 2719 2020 2741 ex
2031 2707 2250 2745 ‘Bibliotheca
2266 2711 2367 2755 Regia

1382 2763 1536 2799 Lutetiae.

1427 2816 1463 2848 P.
1483 2815 1559 2846 687.
1584 2813 1622 2843 A.
1646 2811 1742 2842 Hanc
1765 2809 1969 2851 orationem,
1988 2814 2107 2851 γνησίαν
2122 2809 2260 2843 omnino
2272 2835 2280 2851 ‚
2299 2817 2333 2843 et
2348 2822 2366 2842 a

1382 2863 1543 2906 Catalogo
1557 2862 1704 2905 agnitam
1718 2861 1924 2903 Augustano,
1940 2869 2031 2891 num.
2051 2858 2104 2898 54,
2122 2869 2277 2892 excusam
2290 2867 2368 2893 ante

1382 2925 1488 2947 annos
1514 2914 1554 2946 80
1581 2910 1735 2951 Basileae‚
1761 2909 1996 2953 castigavimus
2018 2918 2057 2940 ex
2080 2907 2166 2942 cod.
2184 2909 2247 2942 Ms.
2266 2908 2300 2942 in
2315 2910 2368 2942 Bi-

1382 2963 1550 2998 bliotheca
1565 2961 1736 2994 Bavarica.

1426 3015 1462 3047 P.
1482 3015 1557 3046 683.
1573 3012 1612 3045 C.
1633 3011 1663 3043 3.
1679 3013 1937 3055 διαμαρτύρομαι.
1955 3005 2019 3041 Alii
2042 3011 2306 3056 διαμαρτυροῦμαι
2330 3011 2362 3044 in

1381 3065 1506 3098 tuturo.
1524 3064 1622 3095 Rom.
1635 3059 1748 3093 Editio
1764 3069 1823 3095 τῶν
1837 3059 1883 3094 Ο’-
1899 3061 2164 3104 δικμαρτύρωμαι.

1640 3177 1820 3214 NOT.E
1854 3175 2107 3212 SAVILII.

1629 3277 1695 3310 Ad
1711 3276 1882 3312 Sermones
1899 3277 1933 3308 in
1950 3275 2102 3307 Annam.

1422 3380 1456 3411 P.
1467 3379 1527 3411 690
1536 3405 1539 3409 .
1549 3379 1583 3410 A.
1594 3376 1773 3411 nomiliam
1782 3375 1879 3417 hane,
1890 3387 1949 3409 nec
1957 3375 2070 3409 Graeee
2078 3373 2168 3417 quod
2176 3374 2290 3412 seiam,
2300 3384 2359 3406 nee
