2516 3791
831 164 873 194 ΙΝ
911 160 1109 192 GENESIM

84 253 220 293 ἅπαντα
247 250 310 302 μὲν
343 247 498 288 δουλείαν
525 247 662 296 τίκτει,
702 249 768 299 οὐχ
797 246 936 286 ἅπαντα
974 244 1010 284 δὲ
1048 245 1111 289 τῆς

83 314 188 360 αὔτ’ῆς
207 314 279 351 ἐστι
296 309 439 363 φύσεως.
461 308 647 363 ἽΙμαρτεν
668 312 690 355 ἡ
709 303 782 347 Ιίῧα
805 306 968 360 ἁψαμένη
984 309 1044 345 τοῦ
1060 304 1111 348 ξύ-

82 376 160 421 λου,
183 372 242 411 καὶ
270 369 458 422 κατεκρίθη
477 370 520 407 δι’
545 368 640 408 αὐτό.
664 369 732 407 Διὰ
750 374 850 408 τοῦτο
875 367 924 420 μὴ
949 364 1110 418 ἁμαρτή-

81 450 144 486 σῃς
161 433 202 472 σὺ
217 431 322 472 πάλιν
340 431 460 484 ἑτέραν
477 431 560 474 ἴσως
583 430 715 476 ἐκείνης
747 429 923 481 ἁμαρτίαν
945 428 1110 481 χαλεπω-

79 494 192 547 τέραν.
210 494 324 532 Τοῦτο
351 492 411 530 καὶ
443 492 500 531 ἐπὶ
527 494 596 530 τῶν
612 490 739 530 δούλων
760 490 852 536 ἄξιον
874 492 994 537 εἰπεῖν,
1009 491 1110 526 τοῦτο

78 556 137 595 καὶ
153 555 211 593 ἐπὶ
237 558 305 593 τῶν
327 552 544 608 ἀρχομένων,
558 552 612 592 ὅτι
634 552 819 605 εἰσήγαγον
842 550 905 603 μὲν
922 553 953 589 οἱ
975 551 1109 602 πρῶτοι

78 616 140 664 τὴν
161 616 348 670 ἁμαρτίαν,
368 619 400 655 οἱ
428 615 463 654 δὲ
485 617 560 667 μετ’
582 613 728 658 ἐκείνους
748 613 986 663 διαδεξάμενοι
1006 610 1108 649 κατέ-

78 695 162 731 σγον
188 682 249 725 τῆς
272 677 472 721 δεσποτείας
492 676 555 724 τὴν
575 677 720 727 δύναμιν
747 675 792 714 δι’
812 669 859 713 ὧν
880 672 1109 724 ἐπλημμέλη-

79 724 154 779 σαν.
179 739 280 793 Ἔχω
314 739 372 778 καὶ
403 739 528 792 ἑτέρως
559 737 867 790 ἀπολογήσασθαι·
899 735 953 775 ὅτι
986 735 1109 774 πολλοὶ

76 800 161 852 πρὸς
183 799 308 854 ἀρετὴν
338 799 599 846 ἐπανελθόντες,
623 797 877 849 ἀπηλλάγησαν
898 800 960 844 τῆς
982 797 1108 835 δεσπο-

76 861 183 905 τείας.
207 861 276 900 Καὶ
298 860 478 914 πρότερον,
496 863 526 900 εἰ
551 862 665 907 δοκεῖ,
688 860 746 898 ἐπὶ
765 862 832 898 τῶν
862 862 1034 912 γυναικῶν
1051 859 1108 898 τὸν

77 922 176 974 λόγον
192 921 438 974 γυμνάσωμεν,
457 921 500 960 ἵν’
520 921 597 974 ἴδῃς
627 923 702 965 πῶς
723 923 739 959 ὁ
761 920 931 974 μακάριος
951 922 1109 968 Παῦλος,

77 987 95 1022 ὁ
115 983 265 1035 περιθεὶς
285 986 405 1028 αὐταῖς
423 983 468 1022 τὰ
495 982 625 1034 δεσμὰ,
645 983 746 1026 αὐτὸς
764 982 850 1021 αὐτὰ
870 982 974 1020 πάλιν
991 983 1110 1028 ἀν’-ἧκε.

77 1042 126 1082 1·Ῑῖ
152 1061 204 1088 τις
235 1044 338 1097 γυνὴ,
369 1045 485 1097 φησὶν,
509 1045 618 1096 ἄνδρα
648 1043 721 1096 ἔχει
754 1043 911 1091 ἄπιστον,
932 1043 991 1081 καὶ
1012 1043 1112 1086 αὐτὸς

77 1107 274 1145 συνευδοκεῖ
302 1109 408 1145 οἰκεῖν
431 1110 505 1157 μετ’
528 1107 633 1153 αὐτῆς
647 1137 656 1153 ,
681 1105 728 1156 μὴ
750 1105 881 1158 ἀφιέτω
906 1105 1022 1144 αὐτόν.
1043 1105 1112 1144 Διὰ

78 1166 128 1213 τίς
149 1168 196 1206 Τί
225 1167 293 1221 γὰρ
315 1162 429 1215 οἶδας,
461 1167 578 1220 γύναι,
599 1168 628 1204 εἰ
653 1167 710 1205 τὸν
738 1167 846 1218 ἄνδρα
869 1165 1013 1213 σώσεις,
1041 1166 1111 1205 Καὶ

77 1231 171 1276 πῶς,
191 1228 296 1280 φησὶ,
318 1229 461 1267 δύναται
482 1231 594 1266 σῶσαι
617 1228 722 1280 γυνή;
741 1228 983 1275 Διδάσκουσα,
1003 1243 1113 1275 κατη-

78 1293 189 1341 ιχςοῦσα
202 1319 211 1337 ,
234 1289 404 1340 ἐνάγουσα
421 1290 506 1341 πρὸς
522 1289 580 1327 τὸν
594 1292 656 1335 τ’ἧς
682 1287 858 1332 εὐσεὸείας
878 1289 993 1340 λόγον.
1016 1289 1110 1327 Καί-

78 1366 131 1389 τοι
148 1350 248 1403 χθὲς,
271 1343 299 1389 ὦ
317 1351 472 1404 μακάριε
491 1353 632 1398 Παῦλε,
652 1351 786 1401 ἔλεγες,
815 1349 868 1388 ὅτι
889 1350 1035 1388 Γυναικὶ
1055 1351 1110 1388 δι-

75 1411 213 1450 δάσκειν
246 1415 307 1451 οὐκ
331 1413 525 1465 ἐπιτρέπω.
563 1414 646 1456 Πῶς
683 1407 740 1451 οῦν
766 1411 870 1451 πάλιν
902 1412 1111 1451 διδάσκαλον

76 1473 181 1521 αὐτὴν
210 1480 320 1518 ποιεῖς
347 1479 406 1514 τοῦ
442 1474 582 1527 ἀνδρός,
614 1475 707 1527 Οὐχὶ
740 1474 937 1527 μαχόμενος
969 1476 1110 1527 ἐμαυτῷ

74 1539 173 1574 τοῦτο
209 1537 298 1574 ποιῶ
314 1565 324 1582 ,
355 1535 447 1574 ἀλλὰ
486 1536 545 1574 καὶ
580 1536 712 1589 σφόδρα
746 1539 956 1588 συμφωνῶν.
988 1535 1110 1575 Ἄκουε

74 1601 153 1648 γοῦν
179 1597 238 1635 καὶ
258 1596 350 1642 τίνος
377 1596 490 1636 ἕνεκεν
515 1598 622 1646 αὐτὴν
641 1597 805 1643 ἐξέὸαλε,
836 1598 895 1636 καὶ
923 1597 1014 1641 τίνος
1039 1597 1110 1636 ἔνε-

76 1674 133 1697 κεν
155 1658 261 1706 αὐτὴν
289 1660 395 1697 πάλιν
424 1659 590 1712 ἐπανάγει
618 1660 703 1712 πρὸς
719 1660 778 1699 τὸν
794 1663 856 1706 τῆς
883 1659 1110 1705 διδασκαλίας

77 1718 208 1771 θρόνον,
224 1719 280 1758 ἵνα
298 1720 410 1772 μάθῃς
427 1720 490 1768 τὴν
502 1720 647 1760 Παύλου
667 1720 1030 1772 σοφίανΔιδασκέτω,
1042 1737 1110 1773 φη-

77 1780 143 1826 σὶν,
160 1783 178 1817 ὁ
199 1780 298 1833 ἀνήρ.
319 1781 387 1820 Διὰ
405 1781 462 1829 τί;
482 1784 560 1821 Οὔκ
579 1781 746 1829 ἠπατήθη
775 1781 855 1835 γάρ.
880 1781 993 1833 Ἀδὰμ
1021 1781 1109 1835 γὰρ,

76 1840 193 1892 φησὶν,
223 1843 285 1879 οὐκ
315 1842 495 1890 ἠπατήθη.
538 1842 775 1891 Μανθανέτω,
806 1843 929 1896 φησὶν,
953 1846 975 1890 ἡ
1009 1843 1109 1895 γυνή.

76 1901 143 1939 Διὰ
170 1901 220 1950 τί;
238 1902 426 1950 ἸΙπατῆθη
446 1904 526 1955 γάρ.
547 1903 592 1943 ἹΙ
614 1904 700 1957 γυνὴ
717 1904 806 1956 γὰρ,
832 1904 949 1957 φησὶν,
971 1906 1111 1952 ἀπατη-

76 1967 173 2000 θεῖσα
191 1965 225 2002 ἐν
247 1964 446 2015 παραὸάσει
468 1965 618 2017 γέγονεν.
637 1966 810 2004 Ἐνταῦθα
830 1964 866 2003 δὲ
887 1966 927 2004 τὸ
946 1966 1111 2005 ἐναντίον.

75 2022 188 2061 “Oa-av
214 2023 276 2075 μὲν
293 2024 360 2078 γὰρ
381 2021 564 2077 ἄπιστοςῆ
587 2031 604 2066 ὁ
623 2027 729 2080 ἀνὴρ,
754 2026 860 2074 πιστὴ
892 2026 927 2066 δὲ
960 2030 980 2073 ἡ
1005 2026 1111 2081 γυνὴ,

75 2085 266 2124 διδασκέτω
278 2117 287 2133 ,
298 2087 414 2139 φησὶν,
427 2091 448 2134 ἡ
465 2089 566 2140 γυνή,
585 2088 654 2127 Διὰ
669 2088 724 2137 τί,
738 2086 824 2127 εὈτι
838 2091 901 2128 οὐκ
917 2089 1110 2136 ἠπάτηται·

75 2146 184 2194 πιστὴ
202 2147 272 2200 γάρ
301 2150 387 2187 ἐστι.
419 2150 638 2189 Μανθανέτω
656 2150 770 2188 τοίνυν
788 2153 806 2188 ὃ
823 2149 928 2203 ἀνήρ·
944 2151 1110 2198 ἠπατήθη

73 2207 141 2261 γάρ
160 2223 167 2231 ·
189 2208 333 2254 ἄπιστος
347 2209 414 2262 γάρ
427 2211 536 2250 ἐστιν.
553 2211 787 2265 Ἀντεστράφη
796 2242 806 2259 ,
820 2211 918 2263 φησὶ,
931 2211 976 2249 τὰ
990 2214 1052 2257 τῆς
1063 2213 1113 2249 δι-

73 2269 262 2315 δασκαλίας
274 2286 281 2294 ·
293 2272 540 2325 ἀντεστράφθω
549 2273 670 2312 λοιπὸν
684 2273 745 2312 καὶ
757 2273 802 2312 τὰ
816 2276 878 2320 τῆς
891 2273 1109 2317 δεσποτείας.

73 2323 174 2374 Εἶδες
185 2333 258 2375 πῶς
273 2337 452 2385 πανταχοῦ
467 2336 505 2372 οὗ
518 2337 561 2386 τῇ
574 2333 692 2387 φύσει,
707 2333 797 2374 ἀλλὰ
809 2336 852 2386 τῇ
866 2335 984 2386 ἀπάτῃ
995 2335 1054 2373 καὶ
1065 2338 1107 2387 τῇ

75 2391 229 2443 ἁμαρτίᾳ
260 2393 412 2433 δείκνυσι
433 2395 496 2442 τὴν
517 2396 674 2435 δουλείαν
690 2397 965 2444 ἀκολουθοῦσαν,
995 2390 1109 2435 τΗλθε

74 2452 185 2491 τοίνυν
208 2454 292 2507 πρὸς
319 2454 383 2502 τὴν
403 2461 553 2506 γυναῖκα
571 2461 594 2504 ἡ
616 2458 735 2505 ἀπάτη
764 2457 862 2512 παρὰ
885 2457 948 2504 τὴν
973 2457 1107 2511 ἀρχὴν,

74 2513 287 2561 ἠκολούθησε
300 2518 342 2567 τῇ
360 2516 480 2568 ἀπάτῃ
496 2519 518 2563 ἡ
531 2518 690 2567 ὖποταγή
701 2534 708 2541 ·
730 2519 880 2570 μετέστη
897 2517 986 2570 μετὰ
999 2524 1108 2558 ταῦτα

74 2576 159 2627 πρὸς
185 2576 243 2614 τὸν
264 2576 371 2629 ἄνδρα
403 2580 425 2624 ἡ
454 2579 572 2627 ἀπάτη
588 2610 597 2627 ,
635 2580 785 2631 μετέστη
811 2580 871 2619 καὶ
890 2584 912 2627 ἡ
935 2581 1106 2634 ὑποταγή.

74 2636 144 2674 Καὶ
164 2637 324 2690 καθάπερ
349 2640 384 2677 ἐν
412 2641 505 2693 ἀρχῇ
538 2644 588 2694 τῷ
619 2642 719 2694 ἀνδρὶ
751 2641 814 2689 τὴν
846 2642 1022 2694 σωτηρίαν
1043 2645 1107 2687 τῆς

75 2698 240 2748 γυναικὸς
260 2700 511 2750 ἐνεπίστευσεν,
540 2702 661 2749 ἐπειδὴ
688 2705 749 2742 οὐκ
774 2703 954 2753 ἠπάτητο,
978 2705 1106 2744 οὑτωσὶ

74 2758 197 2810 λέγων,
212 2761 306 2811 Πρὸς
318 2761 375 2799 τὸν
396 2762 504 2817 ἄνδρα
525 2779 586 2803 σου
604 2768 625 2812 ἡ
650 2766 854 2819 ἀποστροφή
873 2781 953 2813 σου,
970 2766 1030 2805 καὶ
1046 2770 1106 2806 αὖ·

74 2819 132 2862 τός
151 2834 211 2858 σου
231 2821 404 2873 κυριεύσει
417 2838 424 2845 ·
450 2823 539 2862 οὕτω
563 2825 624 2864 καὶ
641 2828 789 2866 ἐνταῦθα
815 2827 872 2866 ἐπὶ
899 2829 962 2873 τῆς
978 2831 1105 2875 πιστῆς

74 2882 136 2926 τῆς
160 2881 218 2919 τὸν
249 2882 393 2922 ἄπιστον
425 2883 533 2937 ἄνδρα
554 2886 720 2938 ἐχούσης,
749 2888 811 2936 τὴν
842 2890 1019 2943 σωτηρίαν
1045 2895 1104 2929 τοῦ

75 2942 196 2996 ἀνδρὸς
213 2944 413 2993 ἐμπιστεύει
438 2949 481 2997 τῇ
509 2947 665 2998 γυναικὶ,
681 2948 809 3000 λέγων·
827 2951 874 2989 Τί
891 2950 959 3004 γὰρ
991 2945 1104 2998 οἶδας,

74 3002 191 3053 γύναι,
209 3005 238 3043 εἷ
263 3005 321 3043 τὸν
355 3006 465 3058 ἄνδρα
484 3007 627 3056 σώσεις;
645 3009 693 3048 Τί
710 3010 838 3059 ταύτης
864 3015 927 3058 τῆς
961 3013 1103 3052 ἀποδεί-

75 3062 158 3109 ξεως
187 3065 398 3120 σαφέστερον
425 3068 551 3119 γένοιτ’
580 3069 641 3118 ἂν,
667 3075 727 3110 τοῦ
761 3071 810 3123 μὴ
839 3076 883 3124 τῇ
913 3073 1012 3125 φύσει
1040 3075 1103 3122 τὴν

75 3124 243 3174 δουλείαν,
263 3128 353 3167 ἀλλὰ
381 3132 424 3182 τῇ
448 3130 606 3183 ἁμαρτίᾳ
635 3130 801 3180 ἕπεσθαι;
827 3135 940 3173 Τοῦτο
959 3136 1020 3174 καὶ
1047 3136 1104 3176 ἐπὶ

75 3187 143 3223 τῶν
171 3187 300 3226 δούλων
331 3191 435 3229 ἐστὶν
454 3193 574 3230 εἰπεῖν.
602 3194 729 3237 Δοῦλος
755 3194 922 3242 ἐκλήθης
953 3196 1015 3243 Μή
1051 3213 1105 3235 σοι

77 3246 222 3294 μελέτω.
244 3248 288 3288 Ὁ
313 3256 352 3303 ὀἱς
369 3255 444 3296 πῶς
472 3253 578 3291 πάλιν
600 3253 754 3292 δείκνυσι
782 3255 883 3308 ψιλὸν
903 3256 1015 3308 ὄνομα
1041 3258 1104 3305 τὴν

76 3307 231 3347 δουλείαν
260 3325 386 3361 ουσαν,
413 3313 495 3352 ὅταν
524 3314 630 3367 ἀρετ),
653 3317 750 3367 παρῇ
763 3332 772 3361 3
791 3315 882 3354 Ἀλλ’
897 3317 932 3355 εἴ
964 3319 1024 3357 καὶ
1046 3319 1105 3358 δό-

75 3383 178 3407 νασαι
214 3371 385 3425 ἐλεύθερος
407 3375 582 3426 γενέσθαι,
606 3377 737 3426 μᾶλλον
757 3380 889 3429 χρῆσαι
929 3380 1106 3430 τουτέστι,

1145 159 1296 190 sannio
1335 161 1380 190 v.
2048 168 2128 211 77¹

1139 245 1159 275 Β
1185 242 1345 295 ejusdem
1364 252 1444 281 sunt
1460 252 1595 282 naturae
1614 259 1621 279 :
1639 243 1689 282 sic
1704 252 1737 281 et
1756 244 1876 282 omnia
1892 246 2037 295 quidem
2059 263 2136 299 pee-

1185 313 1262 342 cata
1298 305 1441 357 pariunt
1483 305 1706 352 servitutem,
1727 320 1796 344 non
1831 316 1946 345 tamen
1981 308 2141 359 ejusdem

1185 375 1319 403 natura:
1345 376 1426 404 sunt
1449 367 1756 406 onuniml'cecavit
1778 367 1868 413 Eva,
1889 384 1971 407 cuin
2000 370 2139 417 liguum

1185 428 1358 477 gustavit,
1380 437 1411 465 et
1435 427 1566 466 idcirco
1586 429 1752 467 damnata
1776 438 1838 467 est.
1865 430 2053 482 Propterea
2072 431 2143 468 noli

1185 496 1223 525 tu
1238 502 1362 526 rursus
1377 488 1476 527 aliud
1511 489 1573 527 illo
1595 491 1741 528 sortasse
1774 490 1930 529 deterius
1958 501 2145 543 peceatum

1183 549 1417 587 committere.
1446 550 1522 588 Hoc
1560 560 1593 588 ct
1625 551 1671 589 de
1701 552 1815 590 servis
1850 552 1976 591 merito
2009 553 2144 594 dixeri-

1183 624 1276 659 mus,
1296 610 1364 648 hoc
1385 620 1418 648 et
1434 610 1480 649 de
1495 611 1568 649 illis
1593 612 1656 663 qui
1683 613 1952 664 magistratibus
1980 615 2144 665 subsunt,

1183 671 1318 724 primos
1331 672 1503 711 nimirum
1524 683 1708 726 peecatum
1725 674 1978 724 introduxisse,
1988 687 2145 728 posteros

1185 742 1302 771 autem
1319 727 1545 773 succedentes
1564 735 1768 775 dominatus
1785 737 1956 775 virtutem
1973 738 2047 776 suis
2067 741 2146 778 reti-

1183 795 1300 833 nuisse
1311 796 1464 835 delictis.
1478 798 1626 836 Possum
1636 798 1744 837 etalia
1753 799 1955 838 defensione
1967 801 2016 838 uti
2031 802 2146 853 :quod

1190 857 1295 895 multi
1323 873 1459 911 nempe,
1474 874 1555 898 cum
1575 861 1623 898 ad
1644 862 1812 899 virtutem
1835 863 1980 912 regressi
2006 873 2142 915 essent,

1185 932 1204 956 a
1221 918 1407 957 dominatu
1422 921 1755 960 suerintvindicati.
1776 925 1826 960 Ac
1839 924 1952 975 prius,
1967 924 1994 961 si
2012 925 2142 977 placet,

1185 980 1231 1018 dc
1250 981 1463 1020 mulieribus
1484 997 1682 1022 sermonem
1700 984 1940 1032 instituamus,
1964 995 2002 1023 ut
2025 986 2146 1024 videas

1186 1056 1257 1093 quo
1275 1053 1391 1095 pacto,
1407 1058 1488 1082 cum
1505 1044 1578 1082 illis
1598 1046 1740 1083 vincula
1758 1046 1882 1084 beatus
1902 1047 2035 1084 Paulus
2051 1047 2145 1085 indi-

1186 1102 1314 1153 disset,
1347 1105 1471 1143 cadem
1501 1121 1624 1144 rursus
1659 1106 1733 1159 ipse
1760 1107 1950 1145 laxaverit.
1988 1109 2028 1147 Si
2065 1123 2144 1161 (sua

1187 1166 1341 1213 mulier,
1368 1166 1497 1218 inquit,
1515 1171 1646 1206 ‘virum
1661 1170 1776 1206 habet
1792 1170 2004 1221 infidelem,
2024 1180 2058 1208 et
2081 1173 2144 1208 liic

1187 1231 1378 1266 consentit
1413 1231 1593 1267 habitare
1615 1244 1703 1267 cum
1737 1230 1833 1278 illa,
1859 1244 1936 1268 non
1971 1232 2143 1270 dimittat

1187 1289 1403 1337 illum.Qua
1421 1288 1466 1327 de
1488 1290 1618 1328 eausa?
1642 1291 1754 1328 Unde
1770 1293 1872 1328 enim
1891 1294 2140 1343 scisstnulier,

1187 1364 1240 1387 an
1257 1353 1388 1388 virum
1409 1360 1614 1389 servatura
1630 1354 1710 1390 sis?
1723 1351 1770 1390 Et
1787 1367 1857 1403 quo
1874 1363 1993 1405 pacto,
2015 1355 2144 1406 inquit,

1183 1411 1305 1449 virum
1341 1412 1474 1464 poterit
1498 1427 1641 1452 servare
1680 1414 1848 1453 mulier?
1879 1416 1916 1453 Si
1948 1416 2086 1466 doceat,
2114 1417 2144 1455 si

1185 1472 1350 1523 instruat,
1370 1473 1399 1511 si
1415 1473 1460 1512 de
1474 1475 1648 1527 religione
1659 1490 1858 1515 sermonem
1877 1477 2017 1516 inserat.
2034 1479 2143 1530 Atqui

1185 1533 1331 1572 dicebas
1350 1535 1444 1585 lieri,
1464 1536 1565 1574 beate
1585 1538 1709 1587 Paule,
1728 1539 1890 1576 ,Mulieri
1909 1540 2046 1578 docere
2065 1556 2143 1578 non

1182 1611 1286 1648 perm
1294 1597 1455 1644 ittaQui
1473 1589 1653 1649 fit‘igitur‚
1669 1609 1707 1637 ut
1727 1599 1826 1638 illam
1839 1601 1917 1639 viro
1933 1602 2142 1653 magistram

1134 1659 1159 1689 D
1184 1657 1383 1695 adhibeas?
1401 1659 1479 1696 Non
1500 1673 1640 1697 mecum
1655 1660 1731 1713 ipse
1745 1675 1909 1713 pugnans
1928 1663 1966 1700 id
1985 1677 2065 1715 ago,
2080 1665 2144 1704 sed

1185 1733 1327 1757 mecum
1339 1719 1446 1758 valde
1455 1721 1650 1759 consentio.
1664 1722 1773 1770 Audi,
1785 1737 1918 1773 quaeso,
1930 1734 2033 1762 etcur
2043 1725 2143 1764 illam

1184 1779 1370 1833 dejecerit,
1390 1791 1422 1820 ct
1439 1796 1503 1820 cur
1522 1797 1647 1821 rursus
1661 1783 1707 1821 ad
1724 1784 1919 1836 magisterii
1935 1787 2142 1826 cathedram

1185 1842 1285 1880 illam
1329 1843 1512 1893 evexerit,
1543 1853 1583 1882 ut
1619 1845 1723 1883 Pauli
1757 1847 1969 1898 sapientiam
2007 1849 2137 1888 discas.

1185 1904 1337 1942 Doceat
1364 1907 1442 1951 vir,
1474 1905 1604 1956 inquit.
1646 1906 1748 1953 Quid
1780 1907 1859 1946 ita?
1893 1910 2040 1962 Quippe
2073 1915 2142 1964 qui

1184 1966 1363 2004 seductus
1390 1980 1468 2003 non
1486 1970 1550 2004 sit.
1590 1967 1724 2006 Adam
1757 1972 1874 2017 enim,
1906 1971 2038 2022 inquit,
2063 1987 2141 2012 non

1184 2035 1240 2064 est
1259 2028 1451 2066 seductus.
1471 2029 1613 2066 Discat
1629 2031 1781 2079 mulier,
1808 2030 1936 2083 inquit.
1954 2034 2052 2080 Quid
2068 2035 2141 2073 ita?

1191 2088 1339 2140 Quippe
1359 2103 1444 2142 quoe
1458 2090 1619 2128 seducta
1637 2093 1701 2129 sit.
1726 2092 1862 2130 Mulier
1885 2093 1980 2132 enim
1997 2095 2142 2134 seducta

1184 2148 1221 2186 in
1232 2150 1526 2202 praevaricatione
1543 2151 1696 2190 fuit.Hic
1707 2167 1791 2192 vero
1809 2155 2027 2194 contrarium
2042 2157 2143 2196 vide-

1184 2223 1276 2247 mus.
1310 2211 1403 2248 Cum
1439 2211 1534 2250 enim
1564 2213 1622 2251 vir
1657 2214 1764 2252 suerit
1797 2215 1954 2255 infidelis
1969 2247 1978 2265 ,
2012 2219 2142 2258 mulier

1183 2281 1304 2310 autem
1331 2272 1474 2324 fidelis,
1497 2275 1654 2326 Doceat,
1676 2275 1815 2327 inquit,
1853 2278 1996 2318 mulier.
2039 2281 2141 2330 Quid

1184 2332 1265 2371 ita?
1297 2332 1392 2381 Quia
1425 2334 1570 2374 seducta
1595 2350 1666 2374 non
1698 2347 1774 2387 est,
1812 2353 1896 2377 cum
1929 2340 1975 2379 sit
2008 2342 2138 2381 fidelis.

1184 2394 1309 2434 Discat
1337 2395 1449 2448 igitur
1480 2397 1549 2447 vir,
1569 2398 1655 2450 quia
1686 2399 1853 2439 seductus
1878 2411 1941 2451 est,
1979 2418 2061 2442 cum
2095 2406 2141 2444 sit

1182 2455 1354 2496 infidelis.
1379 2458 1613 2497 Commutatae
1632 2470 1714 2499 sunt
1729 2461 1881 2500 docendi
1898 2463 1995 2502 vices
2013 2481 2020 2501 :
2042 2481 2138 2505 com-

1182 2527 1366 2558 mutentur
1400 2520 1507 2558 etiam
1552 2520 1720 2575 deinceps
1766 2525 1863 2562 vices
1914 2527 2135 2567 dominandi.

1182 2579 1308 2629 Vides,
1342 2595 1413 2631 quo
1446 2590 1550 2633 pacto
1588 2582 1721 2633 ubique
1744 2587 1900 2627 ostendit
1927 2591 2136 2629 ser-vitutem

1181 2654 1252 2679 non
1271 2651 1451 2690 naturam,
1470 2641 1531 2679 sed
1546 2641 1790 2696 deceptionem
1823 2658 1856 2687 et
1874 2661 2059 2702 peccatum
2083 2667 2137 2691 se-

1181 2702 1274 2753 qui?
1296 2703 1405 2742 Venit
1425 2702 1536 2754 igitur
1554 2703 1601 2741 ad
1627 2705 1814 2746 mulierem
1846 2710 1893 2748 ab
1915 2711 2017 2750 initio
2033 2713 2136 2752 dcce-

1180 2763 1268 2816 ptio,
1285 2772 1433 2814 sequuta
1461 2773 1513 2802 est
1546 2765 1721 2817 subjectio
1747 2767 2015 2823 deceptionem:
2038 2790 2135 2813 com-

1181 2824 1352 2876 migravit
1366 2825 1538 2863 advirum
1549 2826 1678 2865 deinde
1691 2828 1867 2884 deceptio,
1883 2837 2136 2888 commigravit

1179 2900 1321 2937 quoque
1343 2886 1527 2938 subjectio.
1549 2886 1701 2927 Etsicut
1722 2890 1757 2930 iu
1774 2893 1954 2948 principio
1974 2899 2135 2937 mulieris

1180 2947 1332 2985 salutem
1354 2947 1434 2985 viro
1463 2948 1628 2998 credidit,
1647 2952 1730 3001 quia
1755 2954 1922 2995 seductus
1951 2973 2019 2998 non
2047 2971 2131 3007 erat,

1180 3007 1231 3046 sic
1256 3008 1391 3053 dicem,
1411 3008 1483 3046 Ad
1501 3012 1631 3048 virum
1663 3019 1862 3055 conversio
1882 3027 1963 3067 tua,
1996 3031 2033 3060 et
2053 3026 2134 3075 ipse

1181 3071 1237 3106 tui
1253 3069 1519 3107 dominabitur
1535 3086 1545 3106 :
1563 3071 1614 3109 sic
1635 3072 1743 3112 etiam
1760 3076 1827 3115 hoc
1846 3078 1923 3118 loco
1944 3096 2024 3120 ettnl
2044 3094 2131 3122 essct

1180 3128 1308 3167 mulier
1339 3128 1469 3178 fidelis,
1493 3145 1572 3181 quie
1608 3132 1729 3173 virum
1763 3137 1907 3179 haberet
1936 3142 2129 3189 infidelem,

1179 3189 1329 3227 salutem
1345 3189 1414 3227 viri
1436 3191 1577 3229 mulieri
1602 3194 1757 3237 credidit
1777 3198 1834 3237 his
1865 3202 1985 3240 verbis
2009 3213 2131 3242 utens:

1186 3251 1296 3288 Unde
1314 3253 1415 3288 enim
1438 3255 1528 3300 scis,
1548 3255 1699 3304 mulier,
1715 3272 1769 3296 an
1784 3263 1914 3299 virum
1930 3274 2134 3305 servatura

1179 3314 1257 3349 sis?
1276 3310 1374 3358 Quid
1393 3312 1458 3350 hac
1478 3312 1554 3352 ficri
1589 3314 1889 3359 demonstratione.
1919 3324 2049 3363 clarius
2070 3342 2130 3379 po-

1182 3382 1517 3422 testatum-vitutem
1531 3395 1660 3425 constet
1678 3402 1746 3429 non
1763 3399 1927 3432 naturam
1948 3399 2131 3448 conserpu,

1134 2353 1158 2383 E

1118 2929 1165 2953 666

1130 2966 1154 2995 Λ

2163 1123 2320 1160 =.C0r.7.

2163 1165 2210 1194 13.

2159 1309 2237 1337 lln'd.
2254 1320 2279 1336 v.
2299 1308 2343 1338 16.

2163 1558 2186 1576 1.
2215 1550 2294 1578 Tim.
2313 1558 2343 1578 2.

2161 1599 2208 1619 12.

2160 1933 2184 1953 ι.
2206 1925 2283 1954 Tim.
2311 1935 2339 1954 2.

2152 3044 2331 3074 ‹;2·11.3.16.
