2566 3791
259 1453 322 1479 gra·

803 168 841 197 S.
879 168 1063 198 Joaxms
1099 168 1343 198 CHRYSOST.

354 171 368 198 ¹
381 155 442 215 {14

346 264 454 301 quam
482 263 586 288 causa
621 264 690 288 non
714 252 915 289 examinata
940 251 1148 289 sententiam
1177 261 1298 289 contra

344 313 470 350 fratres
491 321 628 352 nostros
651 327 725 352 esse
745 313 939 361 serendam,
959 322 992 350 et
1011 312 1047 350 in
1071 321 1225 350 mentem
1243 327 1298 350 re·

342 387 469 411 vocare
488 374 677 413 consilium
696 373 855 422 Domini,
874 373 937 425 qui
953 373 1049 410 hunc
1068 372 1167 410 illius
1190 386 1297 410 cona-

342 443 420 472 tum
443 434 652 487 reprimens,
678 443 711 472 et
726 434 886 472 conscius
905 433 1012 471 etiam
1031 442 1221 483 antequam
1240 447 1296 470 res

336 495 511 544 eveniret,
531 495 621 546 quid
655 495 716 532 ille
742 494 889 531 haberet
911 493 947 530 in
967 492 1101 543 animo,
1125 492 1296 531 remediis
1318 502 1342 532 C

341 557 387 594 ad
417 555 707 609 praeveniendum
738 568 823 592 usus
857 562 907 591 est
929 570 936 590 :
958 567 1038 591 cum
1068 554 1282 606 oportuisset

340 617 397 656 his
413 618 579 655 omnibus
595 616 771 669 cogitatis,
793 616 901 654 finem
918 615 1032 654 facere
1056 615 1213 665 insaniae,
1232 616 1294 654 di-

340 693 415 717 cere
434 678 523 729 quid
554 679 700 725 sactum,
733 677 916 716 ostendere
954 677 1094 716 medico
1121 677 1238 728 ulcus,
1261 686 1295 715 et

338 740 498 792 accipere
529 740 574 778 ab
607 740 670 778 illo
690 740 881 793 pharmaca
903 754 911 775 :
944 739 1005 777 ille
1028 739 1160 778 iterum
1187 748 1294 792 auget

337 801 482 851 vulnus,
497 810 531 839 et
549 801 648 839 ulcus
659 801 804 854 gravius
815 799 946 839 reddit.
965 801 1002 838 E
1006 809 1019 838 t
1033 802 1147 848 dixit,
1164 800 1290 852 inquit,

370 863 492 900 ''ese-io.
518 862 615 903 Vide
634 862 794 915 responsi
820 861 1095 914 impudentiam.
1113 863 1210 900 Num
1227 863 1292 901 ho-

335 924 425 963 mini
441 924 614 975 loqueris,
637 939 742 976 quem
763 925 852 962 sorte
867 924 1030 977 decipere
1047 938 1165 976 posses
1183 925 1200 962 Ξ)
1220 926 1291 963 Ne-

334 985 419 1035 scis,
445 985 571 1024 infelix
583 995 616 1023 et
636 985 754 1035 miser,
771 985 851 1036 quis
866 993 918 1023 est
936 986 998 1036 qui
1012 985 1079 1023 tibi
1099 985 1258 1035 loquitur
1273 986 1291 1023 ἒ)

334 1060 403 1084 non
426 1047 574 1098 cogitas,
599 1047 718 1099 ipsum
751 1046 797 1084 ob
826 1046 1023 1083 bonitatem
1050 1059 1217 1097 magnam
1236 1046 1290 1084 in-

334 1117 528 1159 terrogare,
538 1107 756 1146 occasionem
767 1106 962 1158 quamdam
976 1106 1134 1145 invenire
1147 1107 1291 1160 cupien-

334 1177 418 1219 tem,
440 1183 502 1221 per
519 1183 626 1220 quam
645 1184 746 1207 suam
760 1169 826 1206 tibi
840 1168 997 1208 declaret
1015 1168 1289 1219 humanitatem,

331 1239 364 1267 et
380 1240 420 1267 ut
433 1240 553 1282 postea
568 1231 710 1270 tentatis
724 1246 743 1269 a
757 1245 792 1269 se
809 1231 988 1279 omnibus,
1004 1231 1142 1269 nullam
1157 1231 1289 1270 habeas
1313 1240 1337 1270 D

333 1291 589 1343 defensionem,
598 1301 721 1345 utpote
731 1292 792 1343 qui
804 1306 916 1345 poenae
926 1292 1079 1344 teipsum
1092 1292 1290 1331 obnoxium

172 1359 322 1405 Arquaauo
334 1352 528 1391 constituas
546 1353 564 1391 ἶ)
597 1355 652 1392 Et
683 1354 799 1401 dixit,
824 1353 962 1404 inquit,
999 1355 1152 1392 Nescio.
1183 1356 1290 1393 Num

132 1411 163 1425 (Η
179 1411 215 1427 ;*C
231 1412 244 1427 1)
293 1413 298 1426 ,’

132 1413 225 1479 qulam!
249 1409 314 1428 nne

133 1494 141 1508 1
153 1493 186 1511 {S-

335 1423 461 1453 custos
477 1416 619 1467 fratris
649 1418 724 1453 mei
742 1429 826 1453 sum
857 1415 959 1467 ego?
980 1414 1106 1466 Cogita
1123 1415 1184 1454 hic
1199 1430 1288 1455 con-

333 1475 488 1515 scientiae
508 1477 769 1515 accusationem
790 1485 823 1514 et
841 1477 1021 1527 quomodo
1031 1477 1092 1528 qui
1112 1478 1290 1517 conscien-

333 1538 380 1575 tia
415 1538 680 1591 impellebatur,
704 1549 744 1577 ut
762 1539 812 1577 ita
837 1538 957 1576 dicam
975 1569 984 1587 ,
1005 1553 1069 1577 nec
1098 1549 1288 1592 postquam

331 1598 440 1649 dixit,
453 1601 608 1647 Nescio,
624 1600 733 1638 finem
751 1599 894 1638 dicendi
912 1600 1010 1647 fecit,
1027 1600 1089 1638 sed
1104 1601 1280 1640 subdidit:

330 1662 438 1698 Num
454 1670 582 1700 custos
589 1662 739 1715 fratris
753 1664 827 1698 mei
845 1675 932 1699 sum
947 1675 1016 1714 ego
1030 1666 1047 1699 P
1061 1671 1202 1700 tantum
1216 1678 1287 1702 non

330 1722 486 1774 seipsum
506 1722 733 1775 redarguens.
765 1722 907 1760 Atem'm
926 1723 955 1761 si
981 1737 1027 1761 ex
1058 1724 1287 1775 consequenti

331 1783 393 1820 abs
402 1792 435 1821 te
448 1792 622 1835 ageretur,
636 1783 834 1821 secundum
849 1792 984 1821 naturae
999 1784 1092 1836 leges
1104 1785 1288 1824 custodem

330 1845 490 1882 fraternae
531 1844 658 1882 salutis
688 1853 722 1882 te
757 1858 830 1882 esse
861 1845 1058 1897 oportebat.
1083 1846 1159 1884 Hoc
1192 1847 1286 1885 enim

329 1915 454 1944 natura
485 1905 658 1957 decrevit,
688 1915 722 1944 et
740 1915 878 1959 oportet
907 1921 965 1945 eos
1001 1907 1064 1959 qui
1093 1922 1138 1946 ex
1163 1909 1286 1948 eodem
1310 1919 1333 1949 E

329 1975 428 2004 utero
447 1966 520 2004 nati
551 1976 633 2004 sunt
664 1975 788 2003 mutuo
820 1979 894 2004 esse
914 1965 1089 2004 custodes.
1128 1968 1235 2014 Quod
1256 1968 1286 2007 si

327 2029 394 2066 hoc
408 2029 567 2076 nolebas,
585 2039 618 2067 et
632 2030 779 2068 noluisti
793 2038 910 2068 custos
925 2042 999 2066 esse
1013 2028 1133 2067 fratris
1151 2045 1158 2066 ε
1177 2044 1287 2081 quare

328 2103 412 2141 ergo
431 2090 530 2128 illius
550 2090 753 2129 interfector
772 2105 807 2129 es
837 2092 962 2138 factus,
990 2099 1024 2128 et
1053 2104 1134 2128 eum
1161 2092 1223 2142 qui
1251 2101 1286 2130 te

328 2151 429 2189 nulla
449 2151 568 2189 affecit
582 2152 714 2204 injuria
732 2151 908 2201 occidisti,
934 2161 968 2189 et
986 2152 1120 2203 putasti
1143 2152 1285 2191 nullum

327 2212 403 2249 sore
417 2211 478 2263 qui
496 2220 530 2249 te
547 2211 592 2249 de
612 2212 679 2250 hoc
708 2211 987 2264 reprehensurus
1007 2211 1121 2248 esset?
1136 2211 1207 2250 Sed
1222 2226 1284 2249 ex—

328 2281 465 2324 specta,
493 2281 527 2310 et
544 2272 686 2310 videbis
704 2281 944 2310 accusatorem
973 2281 1076 2310 tuum
1107 2272 1182 2309 fore
1203 2286 1284 2310 eum

329 2334 391 2384 qui
410 2334 616 2372 interfectus
628 2343 662 2371 et
680 2342 878 2385 prostratus
885 2334 991 2385 jacet,
1008 2342 1042 2371 et
1056 2342 1090 2370 te
1103 2333 1282 2372 viventem

329 2404 361 2432 et
381 2394 636 2442 ambulantem,
653 2394 747 2432 clara
767 2408 854 2432 voce
872 2394 1206 2432 accusaturumAO.
1228 2395 1340 2453 Et165

328 2459 423 2494 {licit
447 2458 579 2495 Deus:
603 2457 708 2507 Quid
714 2457 856 2509 fecisti
882 2456 984 2493 hoc?
1016 2457 1150 2505 Magna
1174 2455 1282 2508 hujus
1306 2467 1331 2495 Λ

330 2517 428 2555 verbi
450 2516 630 2555 recondita
649 2516 706 2555 vis
731 2525 793 2565 est,
818 2525 852 2554 et
869 2515 1060 2568 emphasis.
1079 2518 1211 2564 Quare,
1227 2516 1283 2554 in-

327 2580 419 2630 quit,
443 2579 511 2617 hoc
531 2588 696 2631 operatus
712 2578 776 2616 es?
793 2592 902 2629 quare
915 2577 1091 2616 admisisti
1106 2578 1281 2617 nefarium

331 2643 396 2680 laoc
414 2641 564 2687 facinus,
581 2640 824 2678 abominabile
841 2653 946 2693 opus,
968 2639 1101 2677 factum
1121 2639 1281 2692 inexpia-

328 2704 411 2755 bile,
432 2702 606 2740 insaniam
639 2701 912 2750 intolerabilem,
932 2700 1065 2740 caedem
1090 2715 1219 2740 novam
1249 2712 1282 2740 et

328 2764 638 2818 stupendam,jam
652 2764 810 2817 primum
827 2764 863 2802 in
882 2763 1070 2802 hominum
1088 2763 1201 2802 vitam
1220 2773 1280 2802 tua

325 2826 472 2865 dextera
492 2826 695 2866 invectam?
716 2840 779 2865 cur
793 2825 905 2864 fecisti
921 2826 989 2863 hoc
1006 2834 1079 2863 tam
1093 2839 1276 2877 magnum,

326 2897 397 2926 tam
419 2889 590 2938 terribile,
608 2902 678 2939 quo
698 2901 768 2926 non
794 2896 846 2926 est
862 2896 1049 2940 peccatum
1075 2885 1174 2925 aliud
1200 2901 1280 2940 gra-

327 2950 431 2987 vius?
448 2951 530 2988 Vox
549 2950 899 3001 sarzguinissr·atris
917 2951 974 2987 tui
986 2948 1134 2986 clamat
1148 2950 1203 2987 ad
1221 2963 1282 2988 me

327 3012 374 3048 da
393 3020 508 3050 terra.
525 3012 621 3050 Num
650 3011 758 3049 homo
783 3025 877 3060 sum,
910 3010 1041 3061 inquit,
1069 3009 1130 3061 qui
1166 3011 1279 3050 solam

326 3073 425 3110 illam
445 3086 567 3111 vocem
586 3072 744 3120 audiam,
766 3087 845 3123 quae
863 3086 928 3126 per
958 3072 1119 3124 linguam
1136 3073 1277 3125 proser-

327 3135 412 3172 tur?
433 3135 528 3172 Deus
559 3148 652 3178 sum,
672 3134 732 3185 qui
760 3148 906 3186 possum
934 3143 968 3172 ct
991 3149 1051 3187 per
1071 3134 1278 3187 sanguinem

325 3201 450 3241 audire
469 3201 706 3249 clamantem,
726 3210 758 3239 ct
785 3201 888 3239 humi
926 3210 1160 3253 prostratum.
1186 3201 1278 3240 Ecce
1303 3213 1324 3242 Β

367 3327 379 3341 ⁰
396 3313 513 3348 Morel.
533 3321 572 3349 τὰ
588 3318 762 3360 τραύματα.
786 3313 845 3346 Alii
863 3322 896 3349 τὸ
914 3323 1048 3360 τραῦμα,

367 3371 378 3387 ‘¹
397 3369 552 3411 Quinque.
567 3368 644 3400 llss.
660 3373 705 3400 καῖ
726 3370 832 3412 φονεὺς.
854 3368 929 3400 Mox
947 3380 1028 3401 [tuus
1046 3375 1094 3403 τὸν
1111 3373 1231 3413 ἔλεγχον
1249 3375 1334 3413 ἔχειν.

1386 168 1572 199 ΛΒΕΗῘΕΡ
1581 188 1590 197 .
1629 168 1989 199 CONSTANTINOP-

1371 255 1439 289 τῶν
1473 251 1674 301 ὁμολογίαν,
1708 250 1767 288 καὶ
1798 255 1892 302 ἡμᾶς
1919 251 2092 290 παιδεύων
2120 252 2293 303 μηδέποτε
2325 253 2395 306 πρὸ

1369 316 1432 358 τῆς
1460 311 1668 356 ἀποδείξεως
1703 313 2006 366 καταψηφίζεσθαι
2036 317 2104 352 τῶν
2134 315 2290 366 ἀδελφῶν
2323 318 2392 353 τῶν

1368 373 1571 426 ἡμετέρων,
1589 373 1649 411 καὶ
1675 376 1722 417 εἷς
1749 374 1880 413 ἔννοιαν
1903 377 2012 414 ἐλθεῖν
2039 379 2102 422 τῆς
2128 379 2190 414 τοῦ
2212 377 2393 415 Δεσπότου

1369 435 1581 486 συμὸουλῆς,
1610 434 1669 473 καὶ
1700 434 1754 474 ὅτι
1782 435 1908 484 τούτην
1942 438 2046 475 αὐτοῦ
2079 436 2142 485 τὴν
2176 438 2392 490 ἐπιχείρησιν

1369 497 1603 546 ἀναστέλλων,
1625 496 1685 536 καὶ
1709 497 1809 542 εἰδὼς
1827 498 1888 536 καὶ
1912 499 1981 552 πρὸ
1998 501 2060 546 τῆς
2079 500 2254 544 {neoto-amq
2273 501 2336 547 τὴν
2357 503 2392 539 ἐν

1367 560 1410 610 τῇ
1433 559 1569 612 διανοίᾳ
1589 561 1692 611 αὐτοῦ
1717 558 1874 607 κίνησιν,
1896 555 2190 613 προφυλακτικοῖς
2217 562 2392 614 ἐχρήσατο

1366 619 1561 671 φαρμάκοις
1574 635 1581 643 ·
1603 619 1676 659 δέον
1696 624 1807 658 ταῦτα
1825 619 1941 658 πάντα
1960 620 2169 667 ἐννοήσαντα
2188 621 2293 674 μέχρι
2309 622 2392 661 τού-

1365 697 1424 720 του
1444 685 1573 728 στῆσαι
1595 681 1640 721 τὰ
1660 685 1722 729 τῆς
1740 681 1885 733 μανίας,
1904 682 1964 720 καὶ
1981 684 2089 720 εἰπεῖν
2106 682 2147 720 τὸ
2163 683 2318 735 γεγονὸς,
2333 684 2393 721 καὶ

1364 743 1472 788 δεῖξαι
1492 746 1542 796 τῷ
1557 745 1668 796 ἰατρῷ
1683 744 1722 782 τὸ
1737 743 1851 791 ἑλκος,
1873 743 1932 781 καὶ
1948 742 2110 787 δέξασθαι
2122 743 2166 782 τὰ
2184 745 2266 796 παρ’
2288 745 2391 782 αὐτοῦ

1364 806 1557 858 φάρμακα·
1581 809 1598 844 ὁ
1618 806 1653 844 δὲ
1672 805 1777 844 πάλιν
1803 804 1965 844 ἐπιτείνει
1983 805 2045 843 ςτὸ
2071 809 2212 857 τραῦμα
2237 804 2297 843 καὶ
2327 805 2391 853 τὴν

1364 867 1473 919 νομὴν
1505 870 1574 906 τῶν
1608 869 1718 906 ἑλκῶν
1752 867 1946 921 βαρυτέραν
1976 866 2171 919 ἐργάζεται.
2204 867 2276 905 Καὶ
2303 860 2391 914 εἷπε,

1363 930 1467 982 φησὶν
1479 961 1489 978 ,
1509 931 1547 968 οὗ
1565 929 1739 981 γινώσκω.
1758 929 1858 982 υΟρα
1876 929 2093 982 ἀποκρίσεως
2112 928 2303 967 ἀναίδειαν.
2327 928 2390 976 Μὴ

1362 991 1431 1043 γὰρ
1457 990 1630 1043 ἀνθρώπῳ
1650 990 1808 1042 διαλέγῃ,
1828 989 1864 1028 ὃν
1892 990 1974 1034 ἴσως
2000 990 2060 1029 καὶ
2086 990 2391 1043 παραλογίσασθαι

1362 1052 1506 1090 δυνατὸν
1529 1047 1591 1099 ἦν,
1618 1054 1697 1090 Οὐκ
1729 1046 1837 1099 οἶδας,
1871 1052 1968 1090 ἄθλιε
1997 1051 2056 1090 καὶ
2085 1051 2311 1104 ταλαίπωρε,
2339 1052 2391 1095 τίς

1362 1114 1454 1151 ἐστιν
1486 1116 1505 1151 ὃ
1531 1112 1618 1165 πρὸς
1650 1112 1688 1152 σὲ
1720 1112 1982 1164 διαλεγόμενος,
2009 1114 2047 1151 οὗ
2075 1113 2215 1165 λογίζῃ,
2245 1113 2299 1152 ὅτι
2333 1112 2391 1150 διὰ

1362 1173 1494 1221 πολλὴν
1517 1172 1718 1225 ἀγαθότητα
1744 1173 1972 1221 πυνθάνεται,
1995 1174 2203 1225 βουλόμενος
2228 1175 2389 1226 ἀφορμήν

1361 1251 1438 1274 τινα
1457 1237 1580 1287 εὑρεῖν,
1602 1236 1644 1273 δι’
1667 1229 1708 1280 ἧς
1723 1233 1787 1282 τὴν
1806 1234 1935 1272 οἰκείαν
1956 1233 2171 1281 ἐπιδείξηται
2189 1236 2391 1286 φιλανθρω-

1361 1297 1464 1342 πίαν,
1482 1296 1541 1335 καὶ
1563 1296 1619 1334 ἵνα
1643 1296 1765 1335 λοιπὸν
1783 1295 1828 1334 τὰ
1845 1295 1932 1347 παρ’
1951 1297 2074 1334 ἑαυτοῦ
2093 1296 2232 1334 ἅπαντα
2254 1296 2389 1334 ἐπιδει-

1361 1358 1527 1409 ξαμένου,
1549 1356 1724 1409 μηδεμίαν
1753 1357 1838 1410 ἔχῃς
1857 1356 2046 1409 ἀπολογίαν
2066 1360 2109 1409 τῇ
2129 1357 2283 1410 τιμωρίᾳ
2305 1374 2390 1396 σαυ-

1359 1420 1418 1458 τὸν
1448 1419 1636 1458 ὑπεύθυνον
1670 1419 1916 1468 καταστήσας
1947 1418 2019 1457 Καὶ
2052 1412 2147 1465 εἷπε,
2182 1418 2307 1471 φησὶν,
2349 1422 2388 1458 οὐ

1359 1480 1534 1533 γινώσκω,
1555 1480 1616 1527 Μὴ
1638 1480 1749 1533 φύλαξ
1768 1485 1828 1519 τοῦ
1848 1482 1996 1533 ἀδελφοῦ
2017 1479 2083 1530 μού
2105 1482 2177 1531 εἶμι
2197 1479 2288 1532 ἐγώ,
2307 1483 2389 1520 Ἐν-

1360 1542 1429 1581 νόει
1451 1559 1510 1594 μοι
1530 1544 1676 1580 ἐνταῦθα
1694 1546 1755 1580 τοῦ
1785 1541 1977 1586 συνειδότος
1994 1541 2058 1588 τὴν
2078 1542 2307 1595 κατηγορίαν,
2328 1544 2389 1582 καὶ

1359 1604 1453 1648 ὅπως
1471 1603 1677 1655 ὠθούμενος,
1696 1606 1743 1648 ὡς
1760 1606 1889 1652 εἰπεῖν,
1906 1604 1973 1642 ὑπὸ
1993 1605 2056 1650 τῆς
2074 1605 2302 1651 συνειδήσεως
2327 1607 2389 1644 οὐκ

1358 1666 1441 1714 ἔστη
1463 1666 1569 1719 μέχρι
1588 1670 1648 1704 τοῦ
1676 1667 1806 1710 εἰπεῖν,
1825 1667 1879 1704 Οὐ
1908 1664 2069 1717 γινώσκω
2082 1696 2091 1713 ,
2121 1666 2198 1704 ἀλλ’
2220 1666 2388 1718 ἐπήγαγε,

1358 1727 1420 1774 Μὴ
1453 1727 1564 1779 φύλαξ
1596 1733 1656 1766 τοῦ
1688 1728 1837 1780 ἀδελφοῦ
1872 1727 1937 1778 μού
1971 1729 2042 1778 εἶμι
2078 1727 2168 1779 ἐγώ;
2203 1729 2388 1780 μονονουχὶ

1359 1789 1479 1827 ἑαυτὸν
1501 1788 1665 1840 ἐλέγχων.
1686 1788 1812 1827 Καίτοι
1829 1788 1860 1826 εἴ
1875 1804 1928 1827 σοι
1943 1789 2034 1827 κατὰ
2051 1790 2254 1828 ἀκολουθίαν
2272 1790 2386 1828 ἅπαν-

1357 1865 1401 1888 τα
1432 1848 1654 1901 ἐπέπρακτο,
1691 1849 1752 1888 καὶ
1789 1849 1881 1888 κατὰ
1915 1850 1973 1888 τὸν
2004 1855 2066 1898 τῆς
2095 1851 2230 1903 φύσεως
2260 1851 2387 1901 νόμον,

1358 1913 1464 1965 ἐχρῆν
1480 1927 1518 1950 σε
1535 1911 1595 1949 καὶ
1613 1910 1752 1963 φύλακα
1766 1905 1855 1949 εἶναι
1874 1913 1937 1957 τῆς
1949 1915 2010 1950 τοῦ
2029 1913 2177 1964 ἀδελφοῦ
2196 1911 2385 1964 σωτηρίας.

1358 1974 1472 2012 Τοῦτο
1490 1972 1557 2025 γὰρ
1575 1976 1596 2019 ἡ
1617 1972 1716 2026 φύσις
1737 1971 1920 2024 ἐπέτρεπε,
1940 1972 2000 2011 καὶ
2019 1972 2087 2012 ἔδει
2102 1972 2181 2016 τοὺς
2198 1972 2261 2017 τὰς
2280 1972 2388 2016 αὐτὰς

1356 2034 1529 2078 λύσαντας
1555 2035 1697 2080 ὠδῖνας,
1721 2034 1883 2080 ἀλλήλων
1903 2033 2060 2086 φύλακας
2079 2028 2179 2073 εἶναι.
2199 2035 2245 2073 Εἰ
2270 2034 2306 2073 δὲ
2337 2033 2387 2085 μὴ

1356 2101 1455 2134 τοῦτο
1475 2095 1636 2140 ἐῧούλου,
1660 2095 1749 2146 μηδὲ
1769 2095 1890 2140 ἤθελες
1910 2089 1997 2133 εἶναι
2017 2095 2129 2148 φύλαξ
2148 2099 2207 2134 τοῦ
2225 2096 2387 2148 ἀδελφοῦ,

1355 2156 1446 2200 τίνος
1465 2156 1579 2195 ἕνεκεν
1603 2156 1686 2194 dmi.
1705 2155 1856 2208 σφαγεὺς
1882 2157 2010 2207 ἐγένου,
2030 2157 2089 2195 καὶ
2108 2157 2167 2195 τὸν
2186 2157 2282 2195 οὐδὲν
2307 2159 2386 2204 ἠδι-

1356 2217 1489 2263 κηκότα
1512 2217 1710 2270 ἐφόνευσας,
1737 2217 1798 2255 καὶ
1818 2217 1981 2268 ἐνόμισας
2007 2219 2095 2269 μηδὲ
2115 2218 2172 2256 τὸν
2196 2217 2384 2270 ἐλέγχοντα

1355 2278 1469 2331 ἔχειν;
1491 2281 1581 2317 Ἀλλ’
1598 2279 1796 2329 ἀνάμεινον,
1815 2279 1875 2317 καὶ
1895 2280 1971 2332 ὄψει
1988 2279 2088 2318 αὐτόν
2110 2296 2169 2319 σου
2190 2279 2385 2332 κατήγορον

1354 2339 1532 2391 γινόμενον
1561 2340 1618 2378 τὸν
1645 2340 1882 2393 ἀνῃρημένον,
1907 2341 1967 2379 καὶ
1989 2342 2108 2394 νεκρὸν
2138 2340 2296 2392 κείμενόν
2324 2355 2385 2379 σου

1355 2407 1414 2440 τοῦ
1434 2404 1559 2446 ζῶντος
1573 2401 1632 2440 καὶ
1653 2402 1850 2453 βαδίζοντος
1868 2403 2018 2454 λαμπρᾷ
2032 2406 2075 2454 τῇ
2093 2405 2189 2455 φωνῇ
2206 2407 2384 2453 οκατηγο·

1358 2467 1491 2514 ροῧντα.
1510 2462 1580 2501 Καὶ
1602 2456 1696 2501 εἶπεν
1720 2466 1738 2501 ὁ
1755 2463 1863 2511 Θεὸς,
1878 2463 1912 2500 τί
1931 2464 2098 2510 ἐποίησας
2120 2467 2242 2512 τοῦτο,
2261 2462 2384 2511 Πολλὴ

1355 2524 1414 2561 καὶ
1444 2528 1503 2562 τοῦ
1540 2524 1694 2576 ῥήματος
1727 2528 1749 2571 ἡ
1783 2524 1942 2577 ἔμφασις.
1976 2524 2081 2569 Τίνος
2114 2525 2226 2563 ἕνεκεν
2241 2554 2252 2572 ,
2286 2525 2385 2578 φησὶ,

1354 2589 1454 2623 τοῦτο
1473 2586 1662 2639 διεπράξω;
1680 2585 1714 2624 τί
1733 2586 1902 2633 ἐποίησας
1917 2589 2019 2625 τοῦτο
2037 2586 2077 2624 τὸ
2097 2587 2232 2626 ἀνόσιον
2253 2587 2384 2637 τόλμη-

1354 2663 1424 2697 μα,
1445 2647 1485 2686 τὸ
1508 2647 1633 2701 μιαρὸν
1649 2647 1878 2700 ἐπιχείρημα,
1894 2647 1957 2694 τὴν
1978 2647 2102 2700 πρᾶξιν
2122 2647 2185 2694 τὴν
2206 2647 2382 2699 ἀσύγγνω-

1355 2723 1447 2753 στου,
1466 2709 1528 2756 τὴν
1551 2709 1678 2760 μανίαν
1699 2709 1762 2756 τὴν
1779 2708 1952 2762 ἀφόρητον
1966 2738 1975 2755 ,
1992 2709 2052 2747 τὸν
2068 2708 2168 2760 φόνον
2188 2708 2246 2746 τὸν
2263 2707 2383 2747 καινὸν

1353 2771 1412 2809 καὶ
1430 2770 1521 2815 ξένον
1535 2802 1544 2819 ,
1560 2772 1617 2809 καὶ
1636 2774 1774 2824 πρῶτον
1793 2773 1843 2823 τῷ
1861 2774 1928 2809 τῶν
1951 2769 2142 2822 ἀνθρώπων
2165 2770 2230 2821 βίῳ
2250 2771 2383 2808 εἰσενε-

1353 2833 1481 2884 χθέντα
1501 2832 1557 2870 διὰ
1575 2836 1637 2879 τῆς
1655 2837 1717 2880 σῆς
1737 2831 1866 2879 δεξιᾶςς
1884 2832 1920 2870 τί
1935 2832 2102 2878 ἐποίησας
2121 2837 2222 2870 τοῦτο
2235 2830 2275 2869 τὸ
2292 2831 2383 2883 μέγα

1354 2894 1413 2931 καὶ
1434 2893 1591 2947 φοξερὸν,
1611 2894 1650 2932 τὸ
1670 2893 1717 2944 μὴ
1741 2894 1822 2946 ἔχον
1841 2894 1962 2947 ἑτέραν
1990 2893 2187 2945 ὑπερὸολὴν
2216 2893 2383 2945 ὅιμαρτήἥ

1351 2971 1476 3007 ματος,
1494 2955 1605 3002 Φωνὴ
1627 2954 1774 3006 αἵματος
1794 2960 1854 2994 τοῦ
1877 2956 2026 3008 ἀδελφοῦ
2046 2970 2107 2994 σου
2134 2957 2199 3007 βοᾷ
2226 2955 2312 3008 πρὸς
2339 2954 2382 3005 μὲ

1348 3019 1388 3055 ἐκ
1407 3021 1469 3064 τῆς
1488 3021 1564 3068 γῆς.
1594 3016 1655 3064 Μὴ
1686 3016 1754 3069 γὰρ
1785 3016 1966 3068 ἄνθρωπός
1991 3018 2082 3067 εἶμι,
2104 3016 2229 3068 φησὶν,
2249 3015 2382 3061 ἐκείνης

1349 3079 1456 3129 μόνης
1488 3083 1551 3126 τῆς
1585 3081 1702 3131 φωνῆς
1741 3081 1805 3124 τῆς
1840 3077 1897 3116 διὰ
1929 3077 2088 3130 γλώττης
2120 3075 2382 3130 προφερομένης

1347 3141 1500 3188 ἀκούων;
1523 3141 1612 3184 Θεός
1636 3143 1708 3192 εἰμι
1737 3139 1922 3190 δυνάμενος
1943 3140 2003 3178 καὶ
2035 3141 2078 3178 δι’
2112 3138 2259 3189 αἵματος
2284 3140 2381 3176 ὑπα-

1348 3202 1459 3242 κούειν
1485 3205 1656 3254 βοῶντος,
1677 3202 1735 3240 καί
1752 3201 1869 3254 χαμαί
1889 3216 1956 3239 που
1982 3201 2079 3240 κάτω
2099 3199 2272 3251 κειμένου.
2290 3197 2380 3237 Ἰδοὺ

1417 3324 1427 3336 '
1443 3317 1544 3352 Savil.
1565 3326 1596 3350 et
1616 3327 1680 3351 tres
1696 3320 1772 3352 Mss.
1793 3322 1998 3353 >caruem-arx.
