2516 3791
323 195 415 241 356
770 214 806 243 s.

323 293 540 333 chinationes
556 295 665 347 ipsius
687 298 862 346 vicerunt,
881 297 964 334 facit
985 306 1022 333 ut
1035 296 1139 333 bonis
1155 296 1270 347 operi-

165 363 209 390 Ει
227 363 311 389 bonis
325 355 392 393 bus
408 355 590 407 inflentur,
614 366 647 394 et
665 357 709 395 ad
727 357 919 395 humanam
939 364 1094 408 spectent
1109 356 1272 406 gloriam,

124 404 313 481 ῗξξὲὼέἷίὼ
327 430 398 466 quo
417 417 549 454 scilicet
574 432 593 454 a
617 432 696 455 vera
718 432 775 455 eos
795 417 906 468 gloria
930 416 1104 453 deturbet.
1130 415 1272 453 Etenim

124 488 262 514 cavenda.
326 477 387 527 qui
419 477 601 528 spirituale
632 477 718 527 quid
754 477 885 513 faciens
909 476 1102 513 humanam
1129 475 1272 528 respicit

327 536 488 587 gloriam,
505 536 700 574 mercedem
714 550 814 573 suam
828 535 886 573 hic
900 535 1042 587 accipit,
1056 536 1169 588 etjam
1180 536 1274 574 ultra

327 598 441 633 Deum
458 610 525 633 non
545 595 650 633 habet
667 595 876 634 debitorem.
897 598 926 633 A
943 596 1073 646 quibus
1088 596 1182 634 enim
1196 596 1273 648 glo-

326 656 415 694 riam
434 656 576 706 quaerit,
595 657 641 694 ab
660 656 703 694 iis
723 656 846 695 laudes
863 666 987 695 nactus
1007 666 1070 707 est,
1091 667 1125 695 et
1144 671 1180 695 se
1195 658 1272 709 pri—

326 725 385 753 vat
405 716 476 753 illis
495 731 582 768 quas
601 717 776 755 Dominus
795 718 969 770 promisit,
989 727 1112 770 utpote
1128 718 1274 771 majoris

324 776 454 814 faciens
477 787 756 816 momentaneam
779 778 965 816 hominum
984 779 1140 828 laudem,
1164 794 1272 830 quam

325 837 393 874 Dei
421 838 581 876 omnium
604 838 798 876 conditoris
821 855 828 875 :
852 839 889 876 id
914 839 1011 890 quod
1037 840 1200 877 Christus
1228 839 1273 877 de
1294 848 1318 878 E

324 897 501 948 precibus,
520 899 763 951 eleemosynis,
789 909 822 936 et
843 899 990 951 jejuniis
1011 908 1109 937 antea
1139 899 1272 947 docuit,

128 967 237 995 marth.
258 967 287 995 6.
325 957 506 996 sicdicens
520 975 527 995 ε
543 961 708 1010 Quando
718 963 892 1012 jejunas,
907 974 1008 1012 unge
1019 969 1135 1012 caput
1147 969 1269 1006 tuum,

131 1017 176 1046 '7'
202 1010 247 1039 ¹8·
325 1027 359 1056 et
378 1019 629 1072 lat-asaciem
649 1028 770 1066 tuam,
790 1029 830 1058 ul
852 1035 899 1058 ne
914 1022 1087 1058 videaris
1107 1022 1273 1057 homini-

326 1081 394 1117 bus
415 1082 616 1131 jejunans,
642 1082 712 1118 sed
731 1083 848 1118 Patri
871 1090 936 1119 tuo
957 1084 1026 1132 qui
1054 1089 1109 1118 est
1142 1084 1183 1118 in
1212 1095 1273 1119 oc-

325 1141 457 1181 culto‚·
484 1150 519 1178 et
541 1150 654 1192 pater
680 1150 780 1187 tuus,
813 1144 880 1193 qui
905 1143 1013 1179 videt
1038 1143 1080 1178 in
1106 1142 1269 1188 occulto,

126 1209 204 1238 lma,
222 1221 247 1237 v.
268 1220 298 1237 2.
325 1202 455 1238 reddet
481 1204 560 1240 tibi.
584 1203 630 1240 Et
656 1202 786 1240 iterum
811 1218 821 1238 :
849 1203 1014 1254 Quando
1022 1204 1157 1255 facies
1176 1204 1272 1240 elee-

325 1275 544 1310 mosynam,
575 1277 622 1300 ne
652 1266 744 1301 tuba
773 1277 907 1310 canas,
941 1263 1070 1314 inquit,
1105 1272 1196 1301 ante
1219 1272 1268 1309 te,

324 1326 420 1360 sicut
439 1325 822 1376 hypocritoesaciunt
841 1327 882 1361 in
900 1327 1113 1376 synagogis
1133 1333 1169 1362 et
1186 1325 1272 1376 pla-

323 1386 406 1429 teis,
434 1393 475 1420 ut
504 1385 772 1437 glorificentur·
796 1387 845 1422 ab
873 1386 1107 1423 hominibus.
1140 1386 1273 1423 Amen

321 1445 407 1480 dico
428 1447 553 1491 vohis,
581 1454 810 1497 acceperunt
829 1447 1040 1483 mercedem
1060 1460 1182 1485 suam.
1204 1447 1272 1485 Vi-

321 1505 424 1543 distis
443 1506 632 1557 quomodo,
647 1507 708 1557 qui
721 1507 812 1544 hanc
828 1507 977 1558 gloriam
994 1507 1156 1558 inquirit,
1170 1507 1270 1545 illam
1281 1548 1311 1571 3⁰

845 213 1028 245 JOANNJS
1064 215 1302 245 CHRYSOST.
1345 215 1547 246 ARCfflEP.
1588 218 1943 250 CONSTANTINOP-

1342 300 1487 341 σοῧντας
1505 298 1567 345 τὴν
1588 300 1739 347 ἀδικίαν,
1761 302 1819 338 καὶ
1839 304 1900 347 τῆς
1917 304 2047 353 τρυφῆς
2074 303 2341 352 καταγελῶντας
2355 332 2363 348 ,

1342 357 1401 394 καὶ
1418 358 1592 404 νηστείαις
1622 360 1680 397 καὶ
1700 366 1912 412 προσευχαῖς
1940 360 2080 405 ἑαυτοὺς
2109 362 2363 408 ἐκδεδωκότας,

1344 416 1403 454 καὶ
1424 419 1504 466 περὶ
1522 418 1585 465 τὴν
1602 420 1835 470 ἐλεημοσύνην
1850 421 2107 465 ἐσπουδακότας
2123 437 2130 445 ·
2147 421 2226 459 τότε
2244 422 2365 459 λοιπὸν

1345 479 1519 528 μεθοδεύει
1534 479 1653 531 ἑτέραν
1676 481 1852 532 μηχανὴν,
1870 482 1912 518 δι’
1931 477 1972 527 ἧς
1988 485 2088 532 ἡμῶν
2111 484 2173 529 τὴν
2197 482 2365 534 εὐπορίαν

1344 539 1483 577 ἅπασαν
1509 540 1730 590 λυμήνασθαι
1747 541 1954 588 δυνήσεται,
1973 542 2033 579 καὶ
2059 546 2211 580 τοσαῦτα
2240 557 2364 594 κατορ-

1344 599 1490 650 θώματα
1520 601 1671 648 ἀνόνητα
1706 605 1790 650 ἡμῖν
1821 601 2011 650 ἀποδεῖξαι.
2048 601 2140 644 Τοὺς
2169 603 2236 654 γὰρ
2277 603 2364 653 μετὰ

1342 662 1472 699 πολλοῦ
1491 666 1559 709 τοῦἸ
1573 661 1673 700 τόνου
1696 662 1960 713 περιγεγονότας
1988 665 2090 700 αὐτοῦ
2111 666 2179 700 τῶν
2197 665 2366 714 μηχανῶν

1344 723 1601 773 παρασκευάζει
1631 722 1721 772 μέγα
1748 728 1881 774 φρονεῖν
1903 722 1959 760 ἐπὶ
1991 729 2061 766 τοῖς
2088 722 2367 774 κατορθώμασι,

1344 782 1403 820 καὶ
1428 783 1514 834 πρὸς
1543 782 1606 829 τὴν
1627 787 1694 821 τῶν
1716 782 1908 834 ἀνθρώπιον
1938 783 2150 821 ἀποέἵλέπειν
2180 783 2292 830 δόξαν,
2309 783 2366 821 ἵνα

1343 847 1405 889 τῆς
1427 846 1575 890 ἀληθοῦς
1595 844 1694 891 δόξης
1722 845 1881 882 ἐκπεσεῖν
1901 844 2043 895 ποιήσῃ.
2065 843 2110 882 eO
2140 844 2207 896 γὰρ
2238 844 2366 894 μετιών

1342 920 1377 942 τι
1395 906 1464 941 τῶν
1484 909 1742 955 πνευματικῶν,
1772 905 1832 943 καὶ
1862 905 1947 955 πρὸς
1980 905 2198 956 ἀνθρωπίνην
2229 907 2366 956 ἀφορῶν

1344 964 1456 1011 δόξαν,
1475 964 1597 1017 ἀπέχει
1612 966 1670 1004 τὸν
1691 965 1812 1016 μισθὸν
1830 969 1933 1004 αὐτοῦ
1947 969 2102 1004 ἐντεῦθεν
2123 966 2189 1012 ἤδη
2204 997 2213 1013 ,
2229 966 2288 1004 καὶ
2305 968 2366 1004 οὐκ

1343 1023 1394 1061 ἔτι
1414 1025 1533 1062 λοιπὸν
1559 1025 1737 1077 ὀφειλέτην
1765 1026 1837 1078 ἔχει
1869 1027 1926 1064 τὸν
1971 1027 2063 1065 -εόν,
2093 1028 2185 1077 Παρ’
2223 1021 2270 1064 ὧν
2299 1027 2367 1078 γὰρ

1343 1084 1535 1130 ἐπεζήτησε
1561 1085 1789 1133 δοξασθῆναι,
1813 1087 1995 1132 ἀπήλαυσε
2015 1089 2083 1124 τῶν
2113 1086 2276 1133 ἐπαίνων,
2297 1089 2365 1125 κά-

1342 1144 1462 1182 κείνων
1482 1147 1550 1182 τῶν
1574 1146 1841 1197 ἐπηγγελμένων
1862 1145 1958 1198 παρὰ
1977 1150 2037 1183 τοῦ
2072 1147 2253 1185 Δεσπότου
2281 1149 2363 1185 ἀπε-

1343 1205 1508 1258 στέρησεν
1529 1206 1662 1253 ἑαυτὸν,
1688 1206 1909 1258 προτιμήσας
1933 1206 1997 1253 τὴν
2017 1206 2229 1260 πρόσκαιρον
2261 1209 2365 1259 εὐφη-

1345 1266 1439 1317 μίαν,
1470 1267 1529 1305 καὶ
1551 1267 1612 1314 τὴν
1644 1267 1741 1320 παρὰ
1774 1271 1843 1306 τῶν
1876 1270 2050 1320 ὁμογενῶν
2086 1272 2148 1314 τῆς
2180 1268 2276 1320 παρὰ
2308 1273 2370 1307 ’τοῦ

1343 1328 1483 1366 πάντων
1503 1330 1727 1380 δημιουργοῦ.
1749 1328 1819 1366 Καὶ
1834 1332 1936 1366 τοῦτο
1954 1328 2140 1379 προλαὸὼν
2161 1329 2280 1375 αὐτὸς,
2308 1329 2367 1367 καὶ

1344 1389 1400 1427 ἐπὶ
1427 1393 1640 1442 προσευχῆς,
1677 1389 1736 1426 καὶ
1770 1389 1827 1428 ἐπὶ
1860 1389 2119 1438 ἐλεημοσύνης,
2141 1390 2200 1427 καὶ
2222 1390 2279 1428 ἐπὶ
2307 1406 2368 1436 νη-

1343 1450 1457 1494 στείας
1475 1450 1637 1496 ἐδίδαξεν,
1665 1449 1753 1488 οὕτω
1769 1449 1880 1501 λέγων
1896 1466 1904 1474 ·
1923 1449 2038 1488 αΟταν
2058 1451 2244 1502 νηστεύης,
2274 1451 2367 1489 ἄλει-

1314 1549 1328 1571 6
1342 1511 1407 1562 ψαί
1426 1528 1486 1550 σου
1517 1510 1579 1556 τὴν
1613 1511 1781 1562 κεφαλὴν,
1816 1511 1875 1548 καὶ
1904 1511 1943 1549 τὸ
1962 1510 2148 1562 πρόσωπόν
2169 1527 2228 1549 σου
2247 1510 2367 1562 νίψαι,

321 1567 487 1604 amitiit?
513 1567 585 1613 Qui
610 1577 729 1605 autem
753 1568 924 1607 virtutem
950 1569 996 1606 ita
1022 1578 1202 1620 operatur,
1231 1579 1270 1607 ut
1293 1585 1317 1613 A
1340 1572 1434 1615 ὅπως
1464 1572 1512 1623 μὴ
1544 1575 1654 1624 φανῇς
1685 1578 1756 1616 τοῖς
1788 1571 1982 1623 ἀνθρώποις
2001 1571 2189 1619 νηστεύων,
2211 1571 2300 1610 ἀλλὰ
2316 1575 2366 1623 τῷ

319 1627 426 1664 latere
447 1628 532 1665 velit
553 1628 724 1677 homines,
745 1628 781 1665 in
807 1628 866 1666 die
888 1629 948 1666 illo
973 1629 1123 1667 terribili
1151 1630 1270 1681 palam

116 1685 193 1713 ΠΨ*
210 1697 234 1714 v.
251 1685 279 1725 4·
315 1688 468 1740 ¹{ccipiet
494 1702 514 1725 a
541 1688 695 1726 Domino
723 1689 1005 1728 retributionem.
1030 1691 1121 1727 Nam
1149 1692 1272 1727 Pater

318 1757 420 1795 tuus,
444 1751 512 1800 qui
528 1750 636 1786 videt
652 1751 694 1786 in
713 1750 876 1797 occulto,
895 1750 1028 1787 reddet
1046 1752 1116 1787 tibi
1129 1753 1171 1787 in
1187 1765 1270 1788 ma-

318 1812 472 1862 nifesto.
497 1811 550 1847 Ne
569 1810 711 1861 cogites,
729 1810 860 1860 inquit,
879 1811 1022 1848 nullum
1036 1810 1217 1849 hominem
1237 1821 1270 1849 te

316 1870 482 1919 laudare,
499 1880 532 1908 et
548 1879 581 1908 te
595 1870 766 1909 virtutem
789 1871 879 1909 clam
902 1885 1063 1909 exercere
1089 1887 1096 1907 ε
1121 1871 1182 1909 sed
1202 1872 1270 1910 hoc

316 1932 445 1983 cogita,
461 1941 593 1970 tantam
605 1932 678 1970 fore
693 1932 801 1984 paulo
817 1942 896 1985 post
912 1932 1058 1970 Domini
1074 1933 1268 1971 liberalita-

316 2003 399 2041 tem,
421 2003 459 2031 ut
478 2008 547 2031 non
565 1994 656 2032 sinat
672 1994 740 2032 hoc
759 1994 849 2032 clam
869 1994 927 2033 vel
947 1995 983 2032 in
1003 1995 1141 2033 occulto
1160 2009 1234 2033 esse
1257 2012 1265 2032 z

317 2054 376 2092 sed
405 2065 576 2106 praesente
598 2055 695 2093 omni
718 2055 904 2094 hominum
925 2070 1059 2107 genere,
1084 2057 1129 2094 ab
1152 2057 1268 2095 Adam

317 2129 427 2165 usque
446 2115 492 2153 ad
508 2116 845 2154 consummationem
863 2117 984 2154 saeculi
1004 2126 1036 2154 te
1052 2117 1221 2169 praedicet
1234 2127 1267 2155 et

291 2168 299 2176 ’
318 2185 469 2225 coronet,
500 2187 815 2229 susceptorumque
843 2177 878 2214 in
909 2178 1105 2215 exercenda
1135 2179 1268 2217 virtute

318 2236 481 2274 laborum
496 2238 644 2289 prcemia
658 2237 802 2275 tribuat.
819 2240 900 2286 Qua
918 2238 1028 2289 igitur
1042 2239 1267 2277 excusatione
1291 2252 1312 2280 Β

319 2297 420 2348 digni
446 2298 576 2335 fuerint
600 2298 625 2335 ii
647 2298 708 2348 qui
735 2299 893 2336 laborem
914 2299 1056 2337 virtutis
1076 2300 1265 2350 sustinent,

321 2369 353 2396 et
380 2368 524 2411 propter
554 2368 834 2397 momentaneam
863 2369 895 2397 et
924 2360 1032 2397 vilem
1062 2360 1269 2411 futilemque

321 2419 506 2457 hominum
537 2420 701 2471 gloriam,
725 2429 852 2458 :eterna
876 2420 937 2458 illa
962 2421 1167 2473 semetipsos
1196 2421 1269 2473 pri-

323 2479 436 2521 Vaut?

375 3098 411 3133 9.
432 3094 587 3132 Obsecro
610 3094 780 3145 igitur‚ut
802 3109 864 3133 nos
883 3095 972 3134 bene
993 3095 1208 3145 muniamus,
1231 3107 1265 3135 et

321 3155 567 3206 quodcumque
591 3155 774 3207 spirituale
797 3171 887 3209 opus
909 3157 1168 3208 aggrediemur,
1201 3158 1266 3196 hoc

319 3217 524 3255 studeamus
538 3218 572 3253 in
590 3218 816 3268 promtuariis
825 3219 933 3256 animi
944 3219 1050 3257 nostri
1064 3220 1263 3269 recondere,

319 3287 357 3316 ut
372 3277 563 3315 laudetnos
578 3279 702 3315 oculus
719 3279 777 3316 ille
789 3279 847 3329 qui
861 3293 1052 3330 numquam
1070 3281 1260 3319 dormitat:

315 3353 358 3378 ne
385 3348 528 3390 propter
548 3338 731 3375 hominum
760 3339 896 3387 laudes,
918 3355 1008 3392 saepe
1032 3341 1078 3379 ad
1109 3342 1259 3392 gratiam

314 3400 525 3453 captandam
541 3399 654 3449 datas,
664 3399 799 3451 indigni
811 3401 1009 3439 efficiamur
1022 3402 1164 3442 Domini
1182 3404 1256 3442 lau-

1339 1633 1458 1687 Πατρί
1489 1650 1549 1672 σου
1568 1637 1618 1685 τῷ
1638 1636 1672 1672 ἐν
1702 1636 1751 1685 τῷ
1771 1636 1936 1686 κρυπτῷ·
1961 1633 2020 1670 καί
2040 1636 2057 1670 ὃ
2083 1634 2210 1684 Πατήρ
2240 1648 2300 1670 σου
2315 1663 2324 1680 ,
2348 1637 2367 1671 ὁ

1341 1694 1479 1745 βλέπων
1512 1696 1547 1732 ἐν
1580 1697 1630 1746 τῷ
1660 1697 1823 1746 κρυπτῷ,
1844 1693 2019 1732 ἀποδώσει
2044 1709 2112 1732 σοι.
2145 1694 2217 1731 Καὶ
2235 1695 2340 1732 πάλιν
2358 1711 2366 1717 ·

1337 1754 1452 1794 ζΌταν
1474 1755 1509 1792 δὲ
1537 1758 1639 1807 ποιῇς
1665 1754 1916 1805 ἐλεημοσύνην,
1949 1754 1997 1805 μὴ
2019 1754 2212 1805 σαλπίσῃς,
2245 1756 2366 1806 φησὶν,

1338 1816 1533 1868 ἔμπροσθέν
1552 1832 1624 1863 σου,
1649 1815 1768 1868 ὥσπερ
1793 1819 1824 1854 οἱ
1854 1815 2038 1868 ὑποκριταὶ
2058 1819 2214 1854 ποιοῦσιν
2236 1818 2270 1854 ἐν
2290 1823 2366 1859 ταῖς

1338 1883 1555 1928 συναγωγαῖς
1570 1877 1630 1915 καὶ
1651 1879 1684 1915 ἐν
1704 1883 1779 1919 ταῖς
1800 1876 1940 1928 ῥύμαις,
1957 1875 2049 1920 ὅπως
2070 1876 2279 1920 δοξασθῶσιν
2299 1878 2366 1915 ὑπὸ

1337 1940 1405 1976 τῶν
1429 1938 1632 1990 ἀνθρώπων.
1649 1937 1759 1988 Ἀμὴν
1787 1937 1877 1988 λέγω
1909 1941 2002 1988 ὑμῖν,
2022 1937 2193 1988 ἀπέχουσι
2212 1937 2268 1975 τὸν
2305 1955 2364 1988 μι-

1339 2000 1417 2039 &obv
1450 2002 1573 2037 αὐτῶν.
1596 1993 1698 2043 Εἶδες
1716 2001 1790 2042 πῶς
1809 2003 1826 2037 ὃ
1841 1999 1969 2044 ταύτην
1991 1998 2054 2046 τὴν
2074 1997 2173 2042 δόξαν
2193 2000 2367 2046 ἐπιζητῶν

1338 2058 1471 2107 ἐκείνης
1494 2060 1752 2111 ἀπεστέρηται,
1768 2063 1786 2098 ὁ
1806 2060 1840 2097 δὲ
1864 2059 1920 2096 διὰ
1939 2064 2039 2097 τοῦτο
2061 2059 2126 2105 τὴν
2157 2060 2284 2113 ἀρετὴν
2303 2077 2364 2111 με·

1336 2136 1372 2158 τε
1379 2121 1557 2174 ρχόμενος,
1572 2121 1632 2158 καὶ
1649 2121 1829 2159 λανθάνειν
1841 2121 2048 2172 βουλόμενος
2060 2119 2137 2164 τοὺς
2153 2121 2365 2172 ἀνθρώπους,

1336 2184 1413 2219 κατ’
1443 2181 1574 2228 ἐκείνην
1594 2180 1657 2228 τὴν
1676 2182 1812 2233 ἡμέραν
1835 2181 1896 2227 τὴν
1916 2181 2066 2233 φοέερὰν
2088 2183 2122 2219 ἐν
2149 2184 2198 2232 τῷ
2227 2185 2364 2234 φανερῷ

1335 2242 1485 2293 λήψεται
1520 2241 1616 2292 παρὰ
1649 2245 1708 2279 τοῧ
1731 2242 1909 2280 Δεσπότου
1941 2241 2002 2284 τὰς
2031 2242 2192 2291 ἀμοιὸοίς.
2217 2242 2261 2281 ‘O
2291 2243 2362 2294 γὰρ

1337 2302 1464 2354 Πατήρ
1479 2318 1559 2348 σου,
1580 2302 1696 2353 φησὶν,
1726 2305 1743 2340 ὃ
1771 2302 1908 2352 βλέπων
1941 2303 1977 2338 ἐν
2006 2305 2056 2353 τῷ
2077 2305 2220 2355 κρυπτῷ
2235 2334 2244 2346 ‚
2274 2306 2364 2342 ἀπο-

1340 2363 1443 2400 δώσει
1463 2378 1516 2401 σοι
1535 2364 1570 2400 ἐν
1590 2365 1639 2414 τῷ
1660 2366 1808 2414 φανερῷ.
1831 2362 1891 2408 Μὴ
1913 2367 2012 2401 τοῦτο
2029 2363 2152 2408 ἐννόει,
2174 2364 2290 2415 φησὶν,
2310 2365 2363 2403 ὅτι

1340 2425 1447 2467 οὐδεὶς
1465 2427 1532 2462 τῶν
1552 2424 1742 2475 ἀνθρώπων
1766 2423 1921 2475 ἐπῄνησέ
1943 2439 1983 2461 σε
1997 2453 2006 2470 ,
2025 2423 2085 2461 καὶ
2104 2423 2158 2462 ὅτι
2184 2425 2363 2463 λανθάνων

1342 2486 1495 2539 μετέρχῃ
1513 2485 1574 2532 τὴν
1596 2485 1739 2536 ἀρετήν·
1759 2486 1833 2522 ἀλλ’
1851 2486 1961 2522 ἐκεῖνο
1973 2484 2128 2535 λογίζου,
2143 2485 2196 2522 ὅτι
2211 2486 2362 2531 τοσαύτη

1342 2553 1401 2586 τοῦ
1422 2547 1599 2586 Δεσπότου
1622 2547 1720 2585 ἔσται
1740 2551 1761 2594 ἦ
1784 2546 1964 2598 φιλοτιμία
1986 2546 2062 2597 μετ’
2077 2549 2114 2584 οὐ
2129 2545 2234 2594 πολὺ,
2250 2550 2295 2590 ὡς
2313 2548 2361 2597 μὴ

1341 2608 1576 2651 λανθανόντως
1588 2639 1599 2655 ,
1629 2609 1710 2658 μηδ’
1733 2609 1768 2644 ἐν
1799 2607 2010 2658 ἀποκρύφῳ,
2031 2607 2118 2645 ἀλλὰ
2149 2607 2275 2650 παντὸς
2301 2611 2361 2645 τοῦ

1342 2674 1408 2708 τῶν
1427 2669 1616 2722 ἀνθρώπων
1632 2669 1749 2721 γένους
1766 2671 1825 2706 τοῦ
1847 2668 1916 2706 ἀπὸ
1937 2667 2047 2717 Ἀδὰμ
2077 2667 2182 2719 μέχρι
2201 2671 2263 2713 τῆς
2283 2684 2361 2706 συν-

1341 2731 1472 2773 τελείας
1488 2729 1658 2783 παρόντος
1677 2728 1883 2780 ἀνακηρύξει
1900 2743 1938 2766 σε
1965 2728 2023 2765 καὶ
2044 2726 2279 2779 στεφανώσει,
2302 2729 2360 2766 καὶ

1339 2794 1406 2830 τῶν
1428 2792 1540 2830 πόνων
1558 2794 1620 2837 τ’ἧς
1650 2793 1773 2843 ἀρετῆς
1791 2790 1852 2833 τὰς
1873 2789 2022 2840 ἀμοιὸὰς
2039 2789 2224 2827 ἀποδώσει.
2251 2790 2360 2833 Ποίας

1340 2848 1397 2892 οὖν
1419 2853 1458 2891 ἂν
1473 2847 1538 2891 εἶεν
1560 2852 1747 2903 ἀπολογίας
1764 2851 1852 2895 ἄξιοι
1870 2852 1898 2888 οἷ
1925 2850 1983 2888 καὶ
2005 2850 2061 2888 τὸν
2082 2850 2183 2888 πόνον
2200 2854 2262 2897 τ’ἧς
2281 2853 2359 2902 ἀρ,-

1339 2918 1400 2962 τῆς
1415 2915 1661 2965 ὑπομένοντες,
1680 2913 1739 2952 καὶ
1759 2912 1814 2952 διὰ
1828 2912 1891 2959 τὴν
1905 2913 2131 2964 πρόσκαιρον,
2149 2912 2208 2949 καὶ
2224 2914 2358 2959 εὐτελῆ,

1339 2977 1398 3015 καὶ
1418 2977 1568 3027 ματαίαν
1591 2974 1688 3019 δόξαν
1708 2974 1770 3022 τὴν
1791 2973 1888 3025 παρὰ
1911 2977 1979 3012 τῶν
1999 2975 2173 3024 ὁμογενῶν
2193 2973 2254 3018 τῆς
2272 2973 2359 3010 ἅνω-

1339 3041 1394 3075 θεν
1414 3041 1517 3088 τιμῆς
1538 3036 1677 3079 ἑαυτοὺς
1697 3039 1989 3087 ἀποστεροῦντες;

1393 3097 1678 3150 Ἀσφαλιζώμεθα
1713 3096 1838 3141 τοίνυν,
1871 3096 2085 3147 παρακαλῶ,
2112 3094 2171 3131 καὶ
2202 3093 2286 3146 ὅπερ
2316 3095 2356 3132 ἂν

1338 3160 1607 3210 καταξιωθῶμεν
1647 3159 1744 3209 ἔργον
1776 3157 2010 3206 πνευματικὸν
2047 3155 2221 3205 μετιέναι,
2257 3159 2358 3194 τοῦτο

1336 3220 1440 3258 παντὶ
1463 3219 1582 3272 τρόπῳ
1607 3218 1824 3270 πανταχόθεν
1847 3219 1880 3254 ἐν
1900 3222 1970 3259 τοῖς
1993 3216 2162 3266 ταμιείοις
2188 3219 2250 3262 τῆς
2279 3217 2356 3253 δια-

1334 3281 1429 3324 νοίας
1451 3285 1512 3326 τῆς
1534 3281 1706 3333 ἡμετέρας
1726 3279 1889 3331 κρύπτειν
1909 3277 2169 3327 σπουδάζωμεν,
2190 3276 2244 3314 ἵνα
2265 3278 2355 3314 ἐκεί-

1333 3358 1387 3380 νον
1406 3343 1463 3380 τὸν
1483 3341 1673 3391 ἀκοίμητον
1697 3341 1871 3392 ὀφθαλμὸν
1899 3339 2034 3390 ἔχωμεν
2069 3336 2265 3383 ἐπαινέτην,
2294 3337 2352 3374 καὶ

1330 3404 1377 3453 μὴ
1399 3404 1454 3441 διὰ
1482 3402 1543 3449 τὴν
1561 3405 1629 3439 τῶν
1656 3401 1845 3452 ἀνθρώπων
1878 3399 2062 3451 εὐφημίαν,
2093 3397 2150 3436 καὶ
2170 3397 2246 3441 τοὺς
2268 3398 2352 3448 πρὸς
