2516 3791
886 215 944 246 DF.
982 216 1100 246 ANNA

96 310 248 351 Ἔλκανὰ
267 310 329 357 τὴν
350 309 472 349 Ἅνναν
493 308 579 361 ὑπὲρ
607 309 668 356 τὴν
694 309 889 348 Φενάνναν.
912 303 999 348 Εἶτα
1029 307 1118 359 μετὰ

93 378 201 412 ταῦτα
233 371 314 410 ἰδὼν
341 371 448 419 αὐτὴν
478 373 540 411 οὐκ
565 370 768 418 ἐσθίουσαν,
796 371 886 410 ἀλλὰ
915 370 1118 418 κλαίουσαν,

93 433 253 487 φησί-Τι’
268 433 341 472 ἔστι
361 448 436 481 σοι,
455 433 509 473 ὅτι
525 433 675 481 κλαίεις;
691 433 750 472 καὶ
767 434 823 471 ἵνα
838 431 872 471 τί
889 435 952 471 οὐκ
974 431 1116 479 ἐσθίεις;

91 495 149 533 καὶ
167 494 222 533 ἵνα
240 494 274 533 τί
298 493 422 533 τύπτει
442 511 481 534 σε
498 498 521 542 ἡ
552 495 679 548 καρδία
704 511 784 544 σου;
801 496 863 533 οὐκ
888 493 1014 546 ἀγαθὸς
1045 493 1115 546 ἐγώ

91 572 144 596 σοι
171 556 258 609 ὑπὲρ
286 555 370 594 δέκα
402 555 530 604 τέκνα;
547 555 656 609 Ὁρᾷς
685 559 760 601 πῶς
788 558 895 603 αὐτῆς
923 554 1114 608 ἐξήρτητο,

88 617 147 656 καὶ
161 617 248 670 ὑπὲρ
264 617 396 664 ἐκείνης
409 617 510 669 ἤλγει
525 617 644 666 πλέον,
658 618 696 656 οὗ
716 616 773 656 διὰ
789 617 830 656 τὸ
845 615 895 667 μὴ
917 616 1010 669 ἔχειν
1031 632 1113 655 παι-

89 679 166 726 δία,
181 679 272 718 ἀλλὰ
297 679 354 718 διὰ
372 679 412 718 τὸ
434 682 518 732 ὁρᾷν
542 681 742 731 ἀθυμοῦσαν
773 678 882 725 αὐτὴν
910 677 969 716 καὶ
994 693 1113 730 περιο-

87 740 184 793 δυνίᾳ
220 740 482 793 κατεχομένην;
507 740 598 780 Ἀλλ’
625 743 720 793 ὅμως
745 741 807 778 οὐκ
835 739 971 778 ἔπεισεν
1003 739 1112 787 αὐτὴν

87 804 281 849 ἀποστῆναι
304 805 365 849 τῆς
394 802 555 854 ἀθυμίας.
574 804 629 842 Οὐ
655 801 722 855 γὰρ
749 802 793 840 δι’
810 801 912 840 αὐτὸν
932 801 1047 849 ἐζήτει
1072 802 1113 842 τὸ

86 863 236 911 παιδίον,
256 865 333 902 ἀλλ’
358 863 414 903 ἵνα
440 862 519 902 τινὰ
543 862 677 917 καρπὸν
697 862 913 911 ἐπιδείξηται
942 866 993 917 τῷ
1014 866 1110 918 Θεῷ.

84 925 154 964 Καὶ
181 924 330 973 ἀνέστη,
345 924 430 978 φησὶ
444 954 454 973 ,
473 925 561 976 μετὰ
587 925 628 964 τὸ
647 930 769 978 φαγεῖν
800 924 924 970 αὐτοὺς
951 927 985 965 ἐν
1009 928 1110 974 ιιΣη-·

83 985 164 1039 λὼμ
175 1017 185 1034 ,
199 987 259 1026 καὶ
276 986 364 1037 μετὰ
381 987 421 1025 τὸ
434 992 538 1035 πιεῖν,
552 987 612 1026 καὶ
626 987 779 1036 κατέστη
798 987 944 1027 ἐνώπιον
963 989 1107 1043 Κυρίου.

83 1050 163 1101 Οὐχ
185 1048 304 1092 ἁπλῶς
332 1047 408 1087 οὐδὲ
435 1053 538 1088 τοῦτο
564 1049 714 1103 εἴρηται,
730 1050 783 1089 ὅτι
802 1050 904 1089 Μετὰ
926 1051 966 1090 τὸ
989 1057 1110 1104 φαγεῖν

83 1110 142 1148 καὶ
161 1115 272 1148 πιεῖν·
292 1111 370 1149 ἀλλ’
385 1109 442 1148 ἵνα
465 1110 579 1163 μάθῃς
592 1141 602 1159 ,
618 1111 672 1150 ὅτι
688 1111 747 1150 τὸν
763 1112 945 1164 καιρὸν,ὃν
963 1113 1111 1157 ἀνέσεως

81 1171 193 1225 ἕτεροι
222 1171 280 1210 καὶ
306 1171 423 1216 ἀδείας
454 1177 652 1219 ποιοῦνται,
674 1176 795 1212 τοῦτον
828 1175 934 1226 εὐχῆς
960 1173 1020 1212 καὶ
1045 1174 1109 1212 δα-

82 1232 196 1285 κρύων
213 1234 363 1272 ἐποιεῖτο
380 1233 579 1286 καιρὸν,διὰ
594 1233 634 1272 τὸ
648 1234 781 1287 σφόδρα
796 1234 917 1288 νήφειν
930 1234 990 1273 καὶ
1005 1236 1112 1288 ἐγρη-

80 1294 233 1346 γορέναι.
261 1294 331 1333 Καὶ
354 1294 507 1342 κατέστη
535 1295 682 1335 ἐνώπιον
712 1296 861 1349 Κυρίου·
879 1297 939 1335 καὶ
968 1297 1069 1336 Ἠλεὶ
1091 1300 1110 1336 ὁ

80 1354 208 1408 ἱερεὺς,
228 1355 344 1407 φησὶν,
357 1356 509 1403 ἐκάθητο
527 1357 585 1395 ἐπὶ
610 1361 670 1396 τοῦ
694 1357 815 1410 δίφρου
829 1359 887 1397 ἐπὶ
908 1360 978 1397 τῶν
997 1361 1109 1412 φλιῶν

79 1420 161 1456 ναοῦ
183 1416 325 1470 Κυρίου.
341 1416 435 1456 Οὐδὲ
456 1421 557 1457 τοῦτο
576 1418 697 1462 ἁπλῶς
722 1418 878 1471 εἴρηται,
893 1419 946 1458 ὅτι
967 1423 986 1458 ὁ
1007 1419 1108 1458 Ἠλεὶ

78 1481 96 1517 δ
122 1477 232 1531 ἱερεὺς
263 1478 413 1525 ἐκάθητο
435 1478 492 1517 ἐπὶ
520 1481 590 1517 τῶν
615 1482 724 1532 φλιῶν
740 1484 824 1520 ναοῦ
857 1481 1008 1534 Κυρίου·
1027 1483 1106 1520 ἀλλ’

77 1539 165 1592 ὑπὲρ
184 1544 245 1579 τοῦ
261 1539 369 1584 δεῖξαι
392 1539 457 1587 τὴν
482 1540 681 1592 θερμότητα
699 1545 763 1588 τῆς
787 1542 965 1594 γυναικός.
982 1542 1105 1582 Καθά-

77 1617 143 1654 περ
161 1601 230 1654 γὰρ
245 1602 342 1655 χήρα
362 1602 530 1646 πολλάκις
543 1603 630 1654 γυνὴ
647 1604 927 1657 ἀπροστάτευτος
940 1599 1028 1644 οῧσα
1047 1606 1106 1644 καὶ

76 1663 226 1715 ἔρημος,
238 1663 502 1715 ἐπηρεαζομένη
515 1691 524 1708 ,
543 1664 659 1704 πολλὰ
678 1665 890 1717 ἀδικουμένη
903 1695 912 1712 ,
935 1666 1108 1717 βασιλέως

78 1723 286 1762 εἰσελαύνειν
303 1723 507 1774 μέλλοντος,
527 1725 736 1779 δορυφόρων,
761 1726 1029 1780 ἀσπιδηφόρων,
1045 1730 1105 1767 ἱπ-

75 1784 184 1832 πέων,
206 1784 325 1837 ἑτέρας
354 1785 487 1832 πολλῆς
517 1786 703 1838 θεραπείας
736 1787 1040 1840 προαπαντώσης,
1067 1791 1106 1828 οὐ

76 1847 378 1894 καταπλήττεται,
405 1847 482 1886 οὐδὲ
506 1848 704 1902 προστάτου
731 1851 862 1899 δεῖται,
892 1850 982 1889 ἀλλὰ
1014 1851 1106 1890 πάν-

74 1923 135 1951 τας
164 1908 287 1953 αὐτοὺς
308 1910 519 1960 διατεμοῦσα
551 1910 641 1962 μετὰ
667 1912 797 1959 πολλῆς
827 1911 1028 1965 ἐντυγχάνει
1054 1915 1105 1965 τῷ

75 1971 213 2021 βασιλεῖ
240 1970 456 2024 παρρησίας,
479 1972 542 2019 τὴν
565 1971 695 2011 οἰκείαν
717 1974 986 2027 ἐκτραγῳδοῦσα
1013 1991 1103 2027 συμ-

74 2031 202 2084 φορὰν,
217 2036 279 2080 τῆς
310 2033 465 2085 ἀνάγκης
493 2033 602 2081 αὐτὴν
629 2035 931 2087 χειραγωγούσης·
947 2036 1037 2075 οὕτω
1059 2037 1100 2086 δὴ

72 2093 132 2131 καὶ
158 2093 244 2141 αὕτη
275 2097 298 2140 ἠ
326 2094 411 2146 γυνὴ
440 2097 500 2134 οὐκ
522 2095 744 2149 ἠρυθρίασεν,
761 2098 824 2136 οὐκ
848 2096 1024 2150 ᾐσχύνθη,
1040 2102 1101 2137 τοῦ

71 2154 189 2207 ἱερέως
204 2155 418 2206 καθημένου,
439 2157 528 2203 αὐτὴ
548 2158 592 2194 δι’
615 2160 742 2204 ἑαυτῆς
769 2160 912 2204 αἷτῆσαι
933 2159 992 2197 καὶ
1012 2159 1101 2210 μετὰ

70 2217 202 2263 πολλῆς
220 2220 283 2264 τῆς
301 2218 499 2271 παρρησίας
524 2221 575 2271 τῷ
605 2220 742 2271 βασιλεῖ
771 2221 994 2273 προσελθεῖν·
1020 2223 1098 2261 ἀλλ’
1122 2231 1148 2262 D

72 2278 141 2316 ὑπὸ
169 2282 229 2318 τοῦ
259 2278 366 2318 πόθου
398 2284 639 2332 πτερωθεῖσα,
669 2280 729 2319 καὶ
755 2282 842 2334 πρὸς
869 2283 928 2321 τὸν
957 2283 1099 2335 οὐρανὸν

71 2340 231 2379 &vanescet
247 2344 288 2393 τῇ
311 2341 462 2395 διανοίᾳ,
478 2343 525 2386 ὡς
545 2342 647 2380 αὐτὸν
667 2344 785 2395 δρῶσα
805 2344 863 2383 τὸν
881 2343 992 2390 Θεὸν,
1009 2345 1100 2384 οὕτω

71 2401 160 2451 μετὰ
175 2401 291 2449 πάσης
312 2404 405 2455 αὐτῷ
426 2403 637 2457 θερμότητος
652 2404 837 2457 διελέγετο.
851 2405 922 2444 Καὶ
942 2406 977 2444 τί
994 2423 1097 2460 φησι;

72 2464 214 2501 Μᾶλλον
235 2462 271 2502 δὲ
297 2464 391 2502 οὐδὲν
411 2464 595 2516 φθέγγεται
614 2465 802 2518 πρότερον,
821 2469 898 2506 ἀλλ’
917 2469 978 2506 ἀπ’
999 2469 1099 2522 ὀδυρ-

70 2527 145 2573 μῶν
167 2530 317 2564 ποιεῖται
344 2525 387 2564 τὰ
417 2526 605 2579 προοίμια,
632 2527 690 2566 καὶ
720 2528 849 2581 θερμὰς
877 2529 1002 2583 ἀφίησι
1021 2547 1096 2579 πη·-

69 2584 131 2635 γὰς
160 2585 329 2639 δακρύων.
363 2586 433 2625 Και
463 2587 639 2640 καθάπερ,
675 2589 818 2644 ὄμὸρων
850 2593 1095 2645 καταφερομέ-

67 2663 153 2691 νων,
170 2663 230 2685 και
248 2651 270 2694 ἧ
291 2649 508 2701 σκληροτέρα
521 2652 566 2702 γῆ
585 2648 893 2704 1’καταὸρεχθεῖσα
912 2654 972 2692 καὶ
991 2671 1098 2693 κατα-

70 2709 308 2781 μαλαγθεῖσα,
339 2710 464 2785 ῥαδίως
492 2711 617 2760 ἑαυτὴν
648 2729 733 2766 προς
760 2714 822 2759 τὰς
850 2718 918 2754 τῶν
950 2732 1096 2771 καρπων

69 2769 229 2822 διεγείρει
252 2770 372 2820 γονὰς,
403 2772 494 2810 οὕτω
524 2773 583 2811 καὶ
611 2774 669 2812 ἐπὶ
691 2778 754 2822 τῆς
778 2777 939 2829 γυναικὸς
965 2777 1097 2826 ταύτης

68 2828 213 2879 ἐγένετο.
235 2831 380 2869 Καθάπε
367 2847 404 2883 ερ
428 2833 495 2885 γὰρ
526 2836 584 2873 ὑπ’
615 2835 757 2888 ὅμὸρων
790 2840 859 2875 τῶν
887 2839 1045 2892 δακρύων
1073 2844 1094 2887 ἡ

68 2890 187 2963 μήτρα
215 2893 483 2943 μαλαττομένη,
506 2911 564 2933 και
585 2896 641 2935 διὰ
661 2901 723 2945 τῆς
741 2898 862 2948 ὀδύνης
890 2901 1095 2953 διαθερμαι-

67 2952 212 3003 νομένη,
230 2969 316 3006 προς
341 2954 406 3000 τὴν
428 2955 581 3003 καλὴν’
566 2957 699 3006 εκείνην
724 2961 942 3013 τεκνογονίαν
966 2963 1096 3015 ἤρχετο

65 3013 208 3066 διεγείρε
213 3017 304 3052 σθαι.
320 3014 538 3068 Ἀκούσωμεν
555 3017 591 3056 δὲ
606 3034 665 3056 και
689 3021 802 3059 αὐτῶν
821 3025 891 3061 τῶν
912 3023 1094 3077 ῥημάτων,

66 3090 124 3113 και
143 3091 204 3122 της
229 3078 339 3123 καλῆς
364 3078 493 3126 ταύτης
514 3080 703 3134 ἱκετηρίας.
725 3083 905 3123 Κλαίουσα
923 3085 1092 3133 ἔκλαυσε,

66 3136 171 3187 φησὶ,
190 3137 248 3174 καὶ
270 3136 398 3184 ηὔξατο
426 3138 530 3192 eal->v
550 3157 600 3178 τι)
630 3142 764 3196 Κυρίῳ,
788 3144 955 3195 λέγουσα·
973 3149 1091 3186 ΑΔΩ-

68 3196 150 3234 Nss
190 3198 254 3235 ΚΥ
259 3200 338 3237 ΡΙΙ·
376 3200 492 3239 ΕΛΩῙ
532 3202 744 3242 2313me
776 3205 922 3259 Φοὸερὰ
951 3208 994 3246 τὰ
1026 3208 1090 3262 ῥή-

68 3273 179 3305 ιιατα,
207 3274 265 3297 και
294 3260 419 3313 φρίκης
446 3261 615 3315 γέμοντα
643 3281 701 3303 και
730 3267 845 3311 καλῶς
879 3268 1040 3317 ἐποίησεν
1072 3273 1090 3309 ὁ

67 3333 120 3356 συ·
118 3335 281 3373 κγραφευς
300 3322 348 3372 μὴ
371 3339 490 3374 μετενε
493 3325 587 3376 -ὶγκων
616 3326 706 3366 αὐτα
728 3329 812 3380 πρὸς
831 3345 894 3377 την
913 3331 1090 3384 ἡμετέραν

110 3436 120 3447 -=
140 3430 235 3467 §om
253 3428 332 3472 Reg.
352 3437 384 3462 et
402 3428 498 3463 colb.
520 3442 613 3464 unus.

1140 215 1286 245 sunno
1326 216 1355 243 ι.
2053 208 2147 269 819

1191 298 1260 337 hoc
1290 308 1420 339 temere
1453 301 1594 354 posuit,
1629 300 1691 340 sed
1720 309 1758 339 ut
1784 301 1944 340 mulieris
1977 303 2145 343 virtutem

1189 374 1370 411 agnoscas.
1407 362 1504 409 Quid
1540 377 1624 413 crgo
1667 361 1783 413 inquit
1817 363 1908 401 illc?
1945 366 2144 416 Diligebnt

1188 425 1293 462 enim
1327 425 1492 462 Annam
1527 426 1686 463 Elcana
1718 438 1832 477 super
1863 427 2140 466 I’lienannam.
2161 427 2189 442 '¹'

1189 486 1328 524 Deinde
1346 500 1453 539 porro
1474 500 1555 524 cum
1573 486 1675 524 illam
1695 486 1832 525 videret
1851 502 1920 525 non
1946 489 2143 539 comedere,

1188 548 1249 586 sed
1278 549 1432 602 plorare,
1458 547 1599 600 inquit:
1627 549 1730 599 Quid
1747 557 1803 586 est
1833 551 1915 595 tibi,
1935 552 2028 602 quia
2059 551 2142 603 plo-
2158 565 2236 598 laid.
2254 570 2321 599 v.8.

1187 615 1279 649 ras?
1296 619 1332 649 et
1351 625 1422 650 cur·
1447 625 1525 649 non
1547 612 1741 649 comedis?
1759 619 1796 649 et
1820 624 1890 649 cm·
1910 614 2089 651 ‘verberat
2107 622 2144 651 te

1185 686 1253 711 cor
1268 682 1377 711 tuum
1390 677 1407 711 P
1424 687 1554 711 nonne
1567 675 1689 711 bonus
1708 687 1776 725 ego
1793 675 1863 711 tibi
1879 687 1992 726 super
2011 675 2142 712 decem

1172 735 1315 788 filios?
1336 734 1449 775 Vides
1464 749 1572 786 quam
1594 734 1647 772 illi
1669 733 1856 773 devinctus
1875 735 1995 773 essct?
2014 745 2046 773 et
2065 736 2142 788 ejus

1184 811 1288 835 causa
1310 796 1428 850 potius
1445 796 1611 846 dolebat,
1630 810 1699 834 non
1722 796 1820 847 quod
1847 796 1970 835 liberis
1991 807 2140 847 careret,

1135 878 1158 909 Β
1183 857 1244 896 sed
1259 857 1357 909 quod
1376 858 1514 897 tristem
1532 858 1631 896 illam
1658 867 1691 896 et
1707 872 1858 896 moerore
1874 859 2066 898 consectam
2083 860 2141 900 vi-

1181 919 1306 959 deret?
1325 921 1403 960 Non
1425 929 1540 959 tamen
1559 919 1748 973 persuasit,
1769 920 1998 959 uttristitiam
2017 921 2140 961 discu-

1181 991 1281 1022 teret.
1302 985 1381 1023 Non
1403 983 1497 1022 enim
1514 992 1659 1036 propter
1678 982 1780 1020 illum
1800 982 1917 1020 {ilium
1937 984 2116 1033 ‹puerebat
2129 1015 2139 1033 ,

1180 1045 1242 1085 sed
1257 1055 1296 1085 ut
1316 1047 1473 1098 aliquem
1490 1048 1564 1084 Deo
1582 1047 1737 1084 fructum
1757 1045 1954 1083 exhiberet.
1974 1047 2027 1083 Et
2049 1061 2138 1085 sur·
2154 1050 2231 1079 lbid-
2250 1061 2274 1078 ν-
2287 1060 2318 1087 s)-

1180 1111 1295 1155 rexit,
1328 1108 1464 1160 inquit,
1482 1117 1691 1162 postquam
1720 1109 1794 1159 ipsi
1820 1108 2069 1146 comederant
2097 1112 2140 1147 in

1179 1169 1322 1217 Selom,
1345 1178 1382 1208 et
1407 1171 1598 1215 biberant,
1619 1177 1654 1207 et
1673 1171 1779 1207 stetit
1799 1182 1931 1206 coram
1948 1169 2134 1208 Domino.

1180 1231 1258 1270 Non
1280 1231 1357 1270 sine
1383 1245 1488 1270 causa
1512 1230 1651 1269 dictum
1675 1239 1727 1268 est
1748 1229 1817 1267 lioc
1839 1242 1979 1280 quoque
1993 1259 2003 1278 ,
2025 1231 2138 1269 Post-

1179 1307 1299 1346 quam
1326 1293 1588 1338 comederant,
1623 1299 1660 1330 et
1689 1292 1864 1328 biberant
1887 1305 1898 1326 .-
1919 1289 1983 1328 sed
2013 1299 2049 1328 ut
2084 1291 2140 1329 in-

1177 1353 1334 1406 telligas,
1357 1352 1453 1405 quod
1481 1352 1545 1391 alii
1563 1351 1809 1404 voluptatibus
1836 1360 1870 1389 et
1899 1351 1972 1389 otio
1998 1361 2139 1405 tempus

1178 1414 1406 1467 impendunt,
1438 1413 1531 1453 illud
1564 1427 1642 1452 eam
1678 1412 1846 1466 precibus
1885 1426 1926 1451 ae
1967 1412 2138 1466 lacrymis

1178 1475 1414 1530 impendisse,
1433 1475 1530 1528 quod
1551 1475 1669 1514 sobria
1688 1474 1887 1528 plurimum
1915 1489 1956 1513 ac
1983 1475 2138 1527 vigilans

1129 1549 1154 1580 C
1178 1547 1278 1576 esset.
1292 1540 1345 1577 Et
1358 1542 1463 1577 stetit
1477 1552 1610 1576 coram
1624 1539 1796 1576 Domino
1810 1553 1821 1573 .·
1836 1545 1872 1574 et
1888 1537 1984 1574 Heli
2011 1551 2136 1576 sacer-

1178 1600 1262 1647 dos,
1276 1600 1406 1651 inquit,
1421 1600 1579 1638 sedehat
1592 1612 1707 1651 super
1728 1598 1869 1636 sellam
1883 1600 1924 1635 in
1938 1598 2137 1638 liminibus

1178 1661 1311 1713 templi
1322 1662 1499 1699 Domini.
1511 1661 1564 1698 Ne
1577 1659 1645 1698 hoc
1660 1658 1808 1710 quidem
1824 1668 1955 1697 temere
1978 1659 2136 1712 positum

1176 1731 1239 1771 est,
1254 1723 1348 1760 Heli
1362 1723 1542 1761 sacerdos
1560 1722 1715 1760 sedebat
1732 1723 1774 1758 in
1791 1721 1991 1759 liminibus
2004 1723 2138 1774 templi

1176 1785 1340 1823 Domini
1352 1800 1367 1830 ,·
1402 1783 1465 1822 sed
1498 1792 1538 1821 ut
1569 1783 1689 1822 servor
1719 1782 1880 1821 mulieris
1915 1782 2133 1821 ostendatur.

1175 1847 1267 1885 Nam
1300 1854 1339 1884 ut
1370 1859 1463 1898 sa‘pe
1492 1844 1600 1885 vidua
1633 1844 1765 1884 mulier
1797 1844 1935 1883 auxilio
1966 1844 2135 1883 destituta

1175 1921 1216 1946 ac
1232 1907 1382 1958 deserta,
1396 1908 1622 1947 contumeliis
1637 1922 1679 1946 ac
1694 1906 1805 1946 variis
1821 1906 1964 1959 injuriis
1985 1907 2108 1945 affecta
2124 1937 2134 1955 ‚

1177 1983 1260 2008 cum
1281 1970 1371 2009 forte
1386 1970 1548 2009 imminet
1563 1969 1790 2022 Imperatoris
1803 1967 1990 2018 adventus,
2004 1969 2135 2007 satelli-

1175 2030 1286 2083 tibus,
1317 2032 1491 2086 clypeatis
1526 2031 1728 2081 militibus,
1758 2030 1960 2082 equitibus,
1993 2031 2136 2082 alioque

1174 2093 1289 2132 multo
1320 2094 1501 2132 famulitio
1523 2092 1759 2147 praecedente,
1781 2092 1930 2130 minime
1961 2101 2130 2138 terretur,

1174 2168 1286 2207 neque
1302 2165 1450 2209 patrono
1471 2155 1621 2207 indiget,
1641 2154 1705 2193 sed
1726 2167 1848 2192 omnes
1866 2153 1947 2192 illos
1968 2168 2135 2206 perrum-

1173 2230 1258 2270 pens
1277 2217 1391 2255 multa
1411 2231 1493 2255 cum
1513 2216 1648 2255 fiducia
1668 2217 1920 2268 imperatorem
1937 2214 2133 2267 alloquitur

1171 2292 1343 2330 suamque
1355 2277 1593 2316 calamitatem
1605 2276 1778 2329 deplorat,
1789 2276 1834 2314 ad
1846 2277 1923 2329 ejus
1933 2275 2131 2328 alloquium

1170 2339 1216 2377 ab
1232 2339 1308 2393 ipsa
1322 2338 1529 2378 necessitate
1545 2338 1698 2377 deducta
1716 2356 1724 2376 :
1744 2338 1794 2377 sic
1815 2338 1987 2376 nimirum
2001 2348 2034 2377 ct
2048 2353 2128 2377 mu-

1168 2401 1235 2439 lier
1248 2401 1314 2439 ista
1333 2415 1402 2439 non
1421 2401 1581 2450 erubuit,
1594 2415 1706 2452 neque
1726 2400 1825 2438 illam
1843 2400 1974 2452 puduit
1989 2400 2130 2439 sedente

1169 2463 1349 2502 sacerdote
1369 2477 1432 2516 per
1452 2462 1605 2515 seipsam
1623 2470 1755 2514 petere,
1779 2475 1820 2500 ac
1841 2462 1954 2499 multa
1977 2476 2058 2500 cum
2084 2463 2128 2499 fi-

1168 2524 1274 2564 ducia
1304 2524 1352 2563 ad
1382 2525 1637 2577 Imperatorem
1667 2522 1853 2571 accedere,
1880 2522 1941 2561 sed
1973 2523 2127 2576 impulsa

1167 2585 1356 2635 desiderio,
1371 2595 1478 2636 atque
1497 2585 1532 2622 in
1553 2584 1680 2622 caelum
1700 2593 1815 2621 mente
1834 2583 2019 2630 subvecta,
2036 2593 2127 2622 tam-

1169 2661 1276 2699 quam
1292 2647 1410 2699 ipsum
1427 2654 1653 2685 contueretur
1671 2645 1800 2692 Deum,
1816 2644 1863 2682 ita
1881 2659 1963 2683 cum
1984 2660 2126 2684 summo

1167 2709 1271 2747 illum
1290 2708 1428 2753 fervore
1447 2706 1694 2759 compellabat.
1716 2705 1814 2752 Quid
1842 2720 1927 2745 vero
1945 2706 2026 2744 ait?
2049 2708 2125 2745 Iino

1168 2784 1252 2810 vero
1268 2770 1410 2808 nullum
1426 2769 1579 2808 verbum
1598 2768 1698 2821 prius
1716 2767 1844 2805 emittit
1859 2798 1868 2816 ,
1886 2767 1946 2806 sed
1975 2769 2125 2807 fletuum

1168 2831 1351 2884 praemittit
1372 2829 1577 2875 exordium,
1597 2838 1631 2867 ct
1654 2827 1787 2867 calidos
1807 2828 2049 2882 lacrymarum
2077 2830 2125 2868 ri-

1168 2907 1232 2932 vos
1259 2892 1423 2931 effundit.
1444 2892 1492 2929 Et
1520 2891 1636 2939 sicut,
1665 2904 1748 2928 cum
1775 2890 1907 2929 imbres
1937 2891 2123 2941 decidunt,

1167 2953 1273 2991 tellus
1299 2953 1374 3006 ipsa
1404 2952 1529 2991 durior
1559 2951 1706 3003 irrigata
1734 2960 1768 2989 et
1793 2953 1949 2990 emollita
1972 2954 2124 3006 seipsam

1166 3015 1306 3054 facilius
1341 3013 1387 3053 ad
1427 3013 1676 3067 producendas
1715 3013 1835 3065 fruges
1875 3014 2005 3053 excitat
2024 3045 2034 3062 ‚
2075 3015 2125 3053 sic

1167 3076 1274 3116 etiam
1298 3076 1334 3114 in
1364 3075 1432 3113 hac
1452 3075 1604 3114 muliere
1630 3075 1779 3127 contigit
1800 3076 2002 3127 ‚Siquidem
2033 3085 2126 3114 tam-

1165 3152 1273 3190 quam
1291 3137 1337 3175 al)
1359 3136 1536 3175 imbribus
1551 3135 1768 3187 quibusdam
1782 3151 1800 3174 a
1821 3136 1991 3190 lacrymis
2015 3137 2127 3174 emol-

1163 3200 1226 3237 lita
1245 3199 1365 3247 vulva,
1394 3207 1427 3237 et
1447 3197 1571 3236 dolore
1589 3197 1761 3236 calefacta
1780 3199 1887 3250 coepit
1905 3197 1950 3235 ad
1980 3197 2126 3249 praecla-

1164 3276 1240 3300 ram
1272 3260 1364 3299 hanc
1403 3260 1598 3298 liberorum
1640 3260 1923 3313 procreationem
1963 3258 2124 3296 excitari.

1167 3328 1365 3368 Audiamus
1378 3336 1497 3365 autem
1514 3327 1587 3380 ipsa
1604 3327 1727 3369 verba,
1744 3326 2000 3379 pulchramque
2022 3325 2125 3363 istam

1120 2853 1143 2884 Ε

1153 3444 1168 3467 ¹·
1188 3445 1419 3486 RuraGpa-fflu
1432 3441 1513 3483 Rvg.
1531 3449 1562 3474 ct
1580 3441 1676 3474 Colb.
1699 3452 1791 3473 unus.

2167 374 2278 410 blica„-v
2301 385 2323 404 Ι.

2162 415 2176 430 Γ
