2516 3791
688 220 746 250 DE
785 217 956 250 navim-3
997 220 1052 249 m·
1088 219 1228 248 sture
1266 216 1452 247 nonum
1492 215 1554 245 ιιι.
2056 199 2146 261 ὃιβ

91 305 341 357 ὑπολειφθέντα
361 306 399 342 ἐκ
420 306 480 350 τῆς
500 304 669 356 προτέρας
689 304 882 346 ὑποθέσεως
898 307 978 353 ὑμῖν
1001 302 1016 324 ¹³
1031 304 1120 341 ἀποκ
1197 314 1365 352 umquam
1386 299 1504 337 dicere
1535 298 1688 335 cessabo.
1712 297 1771 333 Sit.-
1793 297 1920 334 etenim
1950 306 1982 333 et
2010 312 2067 333 eos
2089 298 2148 346 qui

91 366 261 417 δώσομεν,
282 365 339 403 ἐπὶ
358 364 416 403 τὸν
434 364 546 402 Δαυὶδ
559 363 806 407 ἐπανελθόντες
826 364 944 403 πάλιν.
969 364 1038 403 Καὶ
1054 364 1121 416 γὰρ
1196 362 1278 399 lmic
1298 361 1421 399 morbo
1441 359 1587 398 obnoxii
1614 368 1709 405 snut,
1731 357 2016 401 mlunonebimm,
2040 367 2071 394 et
2090 358 2149 407 qui

89 432 159 470 τοῖς
184 425 377 478 ζωγράφοις
403 424 498 472 ἔθος,
519 424 658 464 ἐπειδὰν
690 424 864 475 μέλλωσιν
885 426 1020 477 ἐμφερῆ
1043 440 1121 463 τινα
1194 423 1268 461 sani
1295 431 1391 470 sunt,
1416 420 1710 459 confirmabimus
1728 418 1912 468 :utrisque
1935 418 2028 455 enim
2048 418 2153 455 suerit

90 487 294 539 ἐργάζεσθαι
315 486 448 534 εἰκόνα,
466 485 525 524 καὶ
545 485 627 536 μίαν
643 486 703 524 καὶ
723 486 783 523 δύο
807 486 866 524 καὶ
882 492 973 539 τρεῖς
987 485 1121 539 ἡμέρας
1194 484 1294 522 utilis
1323 483 1399 521 haee
1428 482 1540 520 oratio
1560 498 1566 518 :
1587 481 1706 519 alteris
1733 480 1877 531 (pridem
1907 489 1945 516 ut
1964 479 2151 527 desistant,

89 548 167 592 τοὺς
195 547 388 601 γράφεσθαι
425 546 616 598 μέλλοντας
646 547 946 600 παρακαθίζουσιν
976 548 1092 590 αὐτοῖς
1111 578 1120 591 ,
1193 544 1316 582 alteris
1329 558 1414 582 vero
1429 542 1651 581 ncincidant.
1669 543 1844 579 (la-terum
1863 541 2030 592 quoniam
2048 555 2151 592 opor·
2211 548 2355 574 Hac-trum

89 609 146 648 ἵνα
167 613 209 662 τῇ
233 608 395 661 συνεχείᾳ
408 612 471 656 τῆς
487 608 632 661 θεωρίας
652 608 871 647 ἀδιάπτωτον
893 610 957 654 τῆς
987 611 1122 660 μορφῆς
1136 614 1242 665 ‚mtet
1262 605 1538 657 increpationem
1557 618 1631 641 esse
1651 602 1888 645 moderatam,
1908 602 1964 639 Ιιίιτ
1985 601 2149 639 admoni-
2167 591 2356 658 duff¹¹⁰¹⁰¹J¹JJJ

90 670 358 710 “διασώσωνται
376 669 440 717 τὴν
461 669 654 722 ἀκρίὸειαν.
672 669 774 708 Ἐπεὶ
790 663 847 708 οὖν
869 669 928 708 καὶ
943 672 1030 720 ἡμῖν
1050 671 1120 713 ζω-
1148 679 1173 708 Λ
1195 667 1282 705 tioni
1316 667 1423 704 tinem
1456 667 1692 718 imponemus,
1725 673 1759 702 et
1787 678 1866 714 quse
1894 662 1939 700 de
1973 663 2153 715 superiore
2168 660 2345 709 quum-ut.)

90 736 269 785 γραφῆσαι
288 731 474 783 πρόκειται
491 736 562 779 νῦν,
580 730 656 783 οὐχὶ
675 731 784 769 τύπον
805 733 940 783 μορφῆς
961 745 1122 781 σωματι-
1193 737 1327 766 restant
1354 736 1564 777 argumento
1595 726 1838 778 persolvemus
1851 754 1860 772 ‚
1894 723 2078 762 redeuutes
2109 724 2153 761 ad
2170 725 2244 741 ''¹¹¹''

91 797 175 841 κῆς,
202 793 292 832 ἀλλὰ
311 794 427 845 ψυχῆς
456 792 583 836 κάλλος
608 791 667 830 καὶ
687 791 815 839 νοητὴν
835 790 1039 845 εὐμορφίαν,
1065 791 1124 829 καὶ
1195 789 1384 827 Davidem.
1406 787 1594 839 Siquidem
1613 787 1671 824 hic
1686 786 1881 839 pictoribus
1897 801 1971 823 mos
1989 796 2053 828 est,
2071 802 2153 837 quo-

92 855 243 908 σήμερον
273 857 355 906 ὑμῖν
374 856 648 905 παρακαθῆσθαι
678 852 873 904 βουλόμεθα
903 853 961 892 τὸν
997 853 1125 901 Δαυὶδ,
1195 850 1260 888 ties
1280 850 1473 901 imaginem
1493 849 1650 899 aliquam
1667 847 1713 885 ad
1731 848 1855 887 vivum
1875 862 2075 899 expressam
2094 849 2157 885 ab-

91 916 147 954 ἵνα
176 917 262 970 πρὸς
289 916 390 954 αὐτὸν
407 915 534 958 πάντες
554 917 722 966 ὁρῶντες,
744 917 791 958 εἷς
811 913 873 957 τὰς
890 914 1019 958 οἰκείας
1038 914 1124 952 ἕκα-
1197 912 1333 950 solvere
1362 911 1524 964 eupiunt,
1553 925 1683 958 unum,
1708 909 1812 959 duos,
1842 909 1897 947 vel
1921 918 1988 946 tres
2008 909 2083 946 ‹tit-s
2103 926 2158 946 :is-

91 994 170 1022 στος
198 977 313 1030 ψυχὰς
333 976 562 1028 ἀπομάξησθε
587 976 651 1024 τὴν
680 976 869 1030 εὐμορφίαν
890 982 950 1016 τοῦ
970 977 1126 1024 δικαίου,
1197 973 1313 1012 sident
1337 973 1380 1011 iis
1407 987 1496 1024 quos
1518 972 1732 1024 depingunt,
1763 980 1802 1009 ut
1833 971 1974 1009 assidua
2007 981 2156 1009 coutem-

92 1039 151 1078 καὶ
173 1040 213 1078 τὸ
241 1047 353 1093 πρᾶον
375 1039 436 1077 καὶ
461 1038 605 1091 ἥμερον,
627 1038 688 1076 καὶ
717 1039 757 1077 τὸ
787 1038 1045 1091 μεγαλόψυχον,
1067 1038 1127 1076 καὶ
1198 1036 1352 1088 piatione
1379 1035 1466 1072 citra
1495 1048 1650 1072 errorem
1677 1042 1870 1084 exacteque
1889 1033 2077 1071 [orinatum
2097 1047 2157 1071 ex-

92 1101 154 1149 τὴν
190 1102 299 1149 ἄλλην
328 1101 470 1140 ἅπασαν
497 1103 601 1140 αὐτοῦ
633 1100 772 1153 ἀρετήν.
795 1102 839 1139 Εἰ
866 1101 934 1152 γὰρ
964 1099 1127 1150 σώματος
1197 1097 1355 1150 primant
1387 1095 1672 1134 similittulinem.
1715 1095 1811 1142 Quia
1846 1095 1956 1147 igitur
1989 1104 2022 1133 et
2059 1095 2160 1132 uobis

94 1163 219 1207 εἰκόνες
240 1163 382 1216 φέρουσί
410 1180 487 1201 τινα
506 1162 733 1216 παραμυθίαν
757 1168 829 1206 τοῖς
854 1166 980 1215 ὁρῶσι,
1007 1164 1128 1215 πολλῷ
1198 1159 1421 1212 propositum
1451 1167 1502 1196 cst
1537 1172 1606 1196 non
1645 1156 1839 1209 corporalis
1879 1157 2000 1194 surina:
2034 1156 2160 1207 imagi-

94 1227 226 1277 μᾶλλον
239 1227 275 1263 αἱ
293 1229 355 1272 τῆς
370 1227 484 1278 ψυχῆς
499 1225 639 1268 εἰκόνες.
660 1224 832 1268 Κάκείνας
850 1223 912 1275 μὲν
928 1225 966 1262 οὐ
983 1224 1128 1263 δυνατὸν
1199 1235 1292 1271 nem,
1317 1221 1376 1259 sed
1404 1220 1514 1258 animi
1536 1219 1862 1273 pulchritudinem,
1883 1233 1923 1256 ae
1940 1219 2160 1270 spiritualem

93 1292 273 1340 πανταχοῦ
293 1291 389 1341 ὁρᾷν,
413 1288 490 1325 ἀλλ’
512 1287 647 1339 ἀνάγκη
671 1288 839 1333 διηνεκῶς
859 1288 911 1338 ἐφ’
932 1287 1004 1330 ἑνὸς
1030 1286 1127 1338 ἵδρυ-
1198 1284 1361 1321 decorem
1381 1283 1484 1322 vobis
1503 1282 1610 1320 hodie
1625 1281 1831 1333 depingere,
1851 1279 1967 1332 ipsum
1984 1278 2160 1317 Davidem

94 1353 174 1388 σθαι
190 1350 296 1387 τόπου
311 1365 319 1372 ·
339 1348 469 1396 ταύτην
484 1348 519 1387 δὲ
539 1348 694 1401 ὅπουπερ
714 1349 753 1386 ἂν
771 1348 872 1400 θέλῃς
889 1353 1128 1400 περιαγαγεῖν,
1199 1345 1367 1384 volumus
1389 1344 1511 1382 adesse
1531 1343 1646 1391 vobis,
1669 1351 1708 1380 ut
1727 1356 1850 1380 omnes
1868 1341 1905 1378 in
1925 1356 2007 1378 eum
2025 1341 2161 1378 intuen—

94 1410 189 1450 οὐδὲν
215 1410 255 1449 τὸ
277 1410 422 1449 κωλύον.
446 1410 724 1460 Ἐναποθέμενος
742 1409 811 1463 γὰρ
841 1409 948 1456 αὐτὴν
976 1415 1047 1452 τοῖς
1066 1411 1129 1455 τῆς
1156 1421 1177 1450 Β
1201 1416 1250 1444 tes
1270 1406 1306 1443 in
1322 1406 1484 1444 animum
1503 1404 1664 1442 reseratis
1679 1417 1886 1456 expressam
1899 1403 1986 1455 justi
2002 1402 2162 1454 pulchri-

94 1473 247 1516 διανοίας
271 1472 459 1523 ταμιείοις,
486 1471 640 1524 ὅπουπερ
670 1471 711 1509 ἂν
730 1466 790 1524 ᾗς,
810 1474 965 1523 συνεχῶς
995 1473 1044 1515 εἰς
1064 1473 1128 1509 αὐ-
1200 1467 1373 1517 tudinem,
1396 1466 1622 1515 suavitatem,
1645 1464 1988 1516 magnanimitatem,
2010 1464 2045 1502 in
2066 1480 2160 1502 sum-

94 1534 159 1581 τὴν
178 1538 286 1588 Ωὁρξίν
308 1533 464 1587 δυνήσῃ,
487 1534 546 1572 καὶ
565 1533 699 1581 πολλὴν
721 1535 806 1586 παρ’
840 1535 946 1580 αὐτῆς
976 1538 1128 1586 >capu-033-
1201 1544 1259 1568 ma
1284 1530 1457 1569 virtutem
1485 1529 1561 1581 ejus
1590 1541 1745 1566 omnem.
1778 1526 1920 1564 Etenim
1948 1526 1978 1563 si
2005 1527 2162 1579 corporis

96 1598 176 1634 σθαι
204 1595 266 1642 τὴν
299 1595 482 1648 ὠφέλειαν.
504 1595 574 1634 Καὶ
601 1595 760 1647 καθάπερ
779 1598 811 1633 οἱ
828 1593 907 1638 τοὺς
932 1594 1129 1647 ὀφθαλμοὺς
1202 1592 1376 1644 imagines
1402 1589 1616 1629 nonnullum
1638 1588 1859 1626 intuentibus
1880 1588 2046 1625 solatium
2064 1587 2162 1626 adse-

97 1659 293 1703 νοσοῦντες,
317 1656 487 1707 σπογγιὰς
519 1656 578 1695 καὶ
603 1656 752 1707 ἱματίων
782 1656 872 1709 ῥάκη
898 1655 1128 1700 κυανιζόντων
1203 1653 1429 1701 runt,multo
1443 1652 1558 1703 magis
1575 1650 1670 1688 idem
1688 1650 1817 1687 facient
1833 1650 1960 1687 mentis
1976 1650 2157 1700 imagines.

97 1717 324 1770 κατέχοντες,
344 1718 404 1756 καὶ
435 1721 588 1770 συνεχῶς
620 1719 668 1761 εἷς
686 1716 776 1755 αὐτὰ
805 1717 1011 1769 βλέποντες,
1041 1734 1129 1770 καρ-
1204 1717 1320 1766 Atque
1339 1714 1419 1753 illas
1439 1713 1583 1765 quidem
1605 1726 1675 1750 non
1695 1711 1777 1749 licet
1792 1711 1911 1750 ubivis
1939 1711 2080 1759 intueri,
2104 1713 2161 1749 sed

98 1778 246 1818 ποῢνταί
280 1795 359 1816 τινα
393 1783 452 1817 τοῦ
489 1779 686 1830 νοσήματος
715 1779 941 1832 παραμυθίαν
971 1779 1040 1818 ἀπὸ
1071 1784 1131 1818 τοῦ
1204 1778 1328 1817 eodem
1347 1777 1382 1815 in
1404 1777 1482 1815 loco
1510 1774 1681 1814 consistas
1705 1774 1972 1827 oportet:lianc
1995 1789 2079 1813 vero
2111 1775 2162 1812 ni-

97 1839 285 1893 χρώματος
313 1840 463 1879 ἐκείνου·
484 1840 577 1878 οὕτω
607 1841 667 1879 καὶ
696 1840 750 1889 σὺ,
772 1840 812 1878 ἂν
842 1840 905 1888 τὴν
931 1841 1048 1880 εἰκόνα
1072 1845 1132 1881 τοῦ
1205 1839 1258 1877 hil
1276 1847 1383 1888 vetat,
1400 1837 1592 1890 quominus
1612 1850 1838 1888 quocumque
1857 1835 1946 1875 velis
1967 1845 2084 1873 tecum
2099 1837 2163 1874 eir-

97 1901 207 1940 Δαυὶδ
227 1901 295 1954 πρὸ
321 1903 510 1954 ὀφθαλμῶν
527 1902 612 1955 ἔχῃς
632 1904 700 1939 τῶν
721 1904 844 1940 ἑαυτοῦ
857 1932 867 1950 ,
893 1902 953 1940 καὶ
979 1904 1133 1954 συνεχῶς
1206 1902 1393 1940 cumfera's.
1414 1901 1505 1938 Nam
1527 1908 1755 1952 posteaquam
1775 1911 1852 1935 eam
1875 1897 1909 1935 in
1929 1898 2039 1935 animi
2061 1913 2163 1950 penc-

97 1965 144 2007 εἷς
163 1963 271 2011 αὐτὴν
298 1963 472 2016 ἀτενίζῃς,
491 1964 555 2002 κᾶν
587 1963 751 2016 μυριάκις
779 1964 886 2015 θυμὸς
916 1966 1042 2016 ἐνοχλῇ
1073 1965 1132 2002 καὶ
1205 1964 1358 2002 tralibus
1378 1961 1581 2016 reposuisti,
1612 1960 1832 2010 ubicumque
1859 1959 2018 1997 locorum
2038 1960 2164 2006 fueris,

97 2024 228 2077 συγχέῃ
246 2025 303 2063 τὸν
330 2026 507 2078 ὀφθαλμὸν
528 2028 592 2072 τῆς
612 2025 783 2072 διανοίας,
810 2027 900 2078 ὁρῶν
927 2027 975 2069 εἷς
1002 2027 1131 2064 ἐκεῖνον
1204 2025 1337 2079 poteris
1366 2038 1458 2077 saepe
1486 2021 1732 2074 contemplari,
1768 2020 2036 2073 plurimumque
2060 2036 2104 2059 ex
2126 2037 2164 2059 ea

98 2087 155 2125 τὸν
171 2091 382 2139 χαρακτῆρα
401 2091 463 2135 τῆς
483 2091 629 2140 ἀρετῆς,
651 2088 840 2140 ὁλόκληρον
870 2087 946 2139 δέξῃ
972 2087 1034 2135 τὴν
1059 2087 1132 2139 ὑγί-
1157 2103 1181 2132 (1
1204 2087 1372 2126 utilitatis
1391 2099 1526 2139 capere.
1557 2084 1606 2122 Et
1635 2084 1728 2122 sicut
1750 2083 1812 2134 qui
1843 2083 2006 2121 laborant
2036 2084 2165 2130 oculis,

99 2165 185 2196 ειαν,
209 2148 269 2187 καὶ
296 2149 451 2202 καθαρὰν
470 2149 533 2197 τὴν
557 2150 777 2202 φιλοσοφίαν.
1204 2150 1234 2188 si
1265 2148 1432 2202 spongias
1459 2161 1500 2185 ac
1526 2145 1681 2184 vestium
1712 2158 1846 2197 cyaneo
1882 2145 1999 2182 colore
2033 2159 2166 2197 pannos

1206 2220 1359 2250 tenentes
1380 2210 1581 2260 frequenter
1603 2207 1639 2245 in
1669 2221 1708 2244 ea
1737 2206 1962 2254 intueantur,
1982 2220 2028 2244 ex
2047 2221 2087 2244 eo
2108 2221 2164 2244 eo-

1203 2273 1278 2311 lore
1306 2271 1521 2310 nonnullum
1543 2268 1689 2321 capiunt
1718 2267 1835 2306 morbi
1854 2268 2016 2306 levamen
2039 2284 2046 2304 :
2067 2268 2166 2306 simi-

1202 2333 1284 2375 liter
1302 2342 1336 2371 et
1355 2342 1412 2381 tu,
1433 2331 1463 2369 si
1482 2329 1638 2368 Davidis
1658 2328 1852 2380 imaginem
1878 2343 1951 2381 prae
1971 2329 2084 2367 oculis
2104 2329 2165 2367 lia-

1203 2397 1304 2445 beas,
1324 2404 1359 2434 et
1384 2394 1420 2432 in
1441 2393 1535 2431 hanc
1554 2390 1695 2431 assidue
1714 2390 1851 2443 defigas
1870 2391 2006 2441 oculos,
2029 2392 2165 2430 etiamsi

1203 2457 1335 2496 millies
1353 2455 1530 2495 obtundat
1552 2454 1605 2492 ira
1623 2453 1751 2491 mentis
1772 2452 1917 2490 oculum
1938 2454 2163 2505 perturbans,

1203 2519 1250 2558 ad
1266 2519 1334 2558 hoc
1351 2516 1500 2557 virtutis
1530 2515 1715 2567 exemplar
1737 2513 1944 2565 respiciens,
1977 2515 2167 2566 perfectam

1205 2579 1429 2632 consequeris
1446 2576 1644 2624 sanitatem,
1661 2588 1862 2628 puramque
1880 2574 1991 2613 animi
2013 2575 2166 2627 philoso-

1204 2642 1341 2695 phiam.

160 2697 216 2743 itt-J,
236 2696 302 2748 γάρ
319 2712 378 2746 μοι
398 2696 528 2748 λεγέτω
548 2712 598 2740 τις
615 2725 624 2742 ,
653 2697 706 2736 ὅτι
734 2699 857 2750 μιαρὸν
884 2700 1007 2752 ἐχθρὸν
1034 2701 1105 2754 ἔχω
1119 2732 1128 2750 ,
1258 2704 1294 2740 5.
1318 2702 1371 2739 Nc
1390 2700 1470 2752 quis
1491 2700 1601 2751 igitur
1629 2698 1720 2737 mihi
1749 2698 1845 2737 dicat
1866 2699 2082 2737 :Inimicum
2104 2700 2165 2738 ba*-

105 2757 265 2809 πονηρὸν,
291 2757 552 2811 διεφθαρμένον,
585 2758 806 2810 ἀδιόρθωτον.
835 2754 921 2799 Οἶον
950 2760 991 2798 ἂν
1011 2762 1130 2815 εἴπῃς,
1203 2765 1269 2803 beo
1289 2763 1494 2809 scelestum,
1516 2760 1737 2813 improbum,
1755 2769 1988 2812 corruptum,
2011 2761 2166 2799 incorri-

104 2821 164 2856 οὐκ
181 2818 255 2856 ἔστι
270 2821 329 2856 τοῦ
349 2818 466 2857 Σαοὺλ
484 2819 626 2872 χείρων,
645 2820 680 2864 ὃς
700 2821 760 2858 καὶ
782 2821 874 2866 ἅπαξ
902 2823 961 2861 καὶ
981 2824 1051 2871 δὶς,
1073 2825 1133 2863 καὶ
1203 2826 1365 2877 gibilem.
1386 2822 1576 2874 Quidquid
1597 2821 1748 2870 dixeris,
1766 2836 1836 2859 non
1856 2830 1909 2859 est
1928 2830 2042 2873 tamen
2062 2822 2168 2861 Sa'ule

104 2879 273 2922 πολλάχῑς
291 2879 470 2942 διαξωθέἶς
486 2881 554 2919 ὑπὸ
572 2886 632 2920 τοῦ
653 2881 763 2920 aaut&
775 2912 784 2929 ,
806 2884 907 2928 αὐτὸς
925 2885 1032 2937 μυρία
1053 2887 1133 2923 ἐπι-
1203 2886 1372 2933 deterior,
1400 2884 1462 2935 qui
1484 2883 1592 2922 semel
1614 2891 1647 2920 ct
1671 2882 1800 2919 iterum
1814 2912 1824 2930 ,
1846 2881 1918 2920 imo
1949 2882 2078 2935 saepius
2098 2898 2168 2921 ser-

105 2939 311 2986 ὅουλεύσας,
343 2944 418 2978 εἶτα
454 2940 531 2978 ἀντὶ
567 2941 698 2980 τούτων
740 2945 997 2997 εὐεργετηθεὶς,
1032 2946 1133 2996 ἔμενε
1206 2956 1310 2986 vatus
1341 2960 1360 2983 a
1395 2943 1555 2991 Davide,
1587 2956 1669 2981 cum
1705 2943 1781 2994 ipse
1822 2942 1922 2980 mille
1963 2942 2081 2981 modis
2115 2944 2167 2981 iili

106 3001 168 3048 τὴν
199 3003 322 3039 ἑαυτοῦ
339 3001 508 3053 πονηρίαν
525 3002 712 3054 διατηρῶν,
734 3004 782 3042 Τί
803 3005 872 3058 γὰρ
891 3005 981 3059 ἔχεις
1001 3008 1133 3054 εἰπεῖν,
1207 3006 1395 3046 struxisset
1416 3004 1576 3050 insidias,
1601 3013 1717 3041 tamen
1747 3017 1813 3055 pro
1842 3012 1893 3041 tot
1911 3003 2093 3041 beneficiis
2113 3017 2168 3040 ae-

105 3061 190 3101 “on
209 3065 273 3114 γῆν
293 3062 500 3113 ἀπετέμετο,
530 3062 643 3100 καὶέν
672 3067 791 3117 ἀγροῖς
814 3066 981 3115 ἠδίκησε,
1000 3068 1059 3106 καὶ
1079 3071 1132 3106 οἷ-
1208 3068 1333 3121 ceptis,
1363 3065 1605 3119 perseveravit
1637 3064 1670 3102 in
1698 3078 1760 3102 sua
1790 3064 1940 3102 malitia.
1976 3064 2072 3110 Quid
2102 3064 2166 3112 igi-

106 3123 182 3167 κίας
195 3123 274 3176 ὅρια
285 3123 527 3177 ,ὑπερέὸηριαὶ
546 3125 747 3176 ἀνδράποδα
761 3126 912 3178 ἥρπασε,
926 3129 985 3167 καὶ
999 3129 1132 3182 ὕὸρισε,
1210 3140 1266 3168 tur
1285 3129 1394 3167 habes
1411 3127 1509 3178 quod
1539 3126 1676 3164 incuses
1704 3125 1919 3163 inimicum?
1939 3124 2045 3171 Quod
2067 3134 2166 3163 terrae
2195 3132 2295 3158 Nullw
2311 3142 2366 3157 ¹¹¹·-

107 3185 166 3223 ut
180 3184 447 3231 ἕπλῑθνὲκτηῦε,
464 3185 523 3223 καὶ
542 3187 590 3228 εἷς
606 3185 728 3224 πενίαν
747 3185 899 3238 ἥγαγεν;
924 3189 1016 3228 Ἀλλ’
1038 3190 1134 3229 οὔπω
1158 3199 1182 3229 D
1209 3199 1344 3244 partem
1377 3187 1524 3233 ademit,
1553 3185 1651 3238 quod
1678 3185 1713 3230 in
1743 3185 1838 3238 agris
1871 3186 1950 3224 fecit
1980 3185 2163 3236 iujuriam,
2178 3173 2365 3200 ‘'‘¹“'“⁵³¹¹¹²

2176 3216 2252 3242 delet
2261 3216 2315 3241 ior.

153 3320 169 3343 b
194 3319 276 3362 Reg.
297 3331 379 3352 unus
395 3327 427 3352 et
444 3319 542 3354 Colb.
561 3322 762 3362 ἀποδώσωμεν
775 3325 822 3354 ἐπὶ
840 3326 889 3355 τὸν
907 3328 1026 3365 πατέρα
1041 3327 1125 3363 ἡμῶν
1163 3335 1323 3354 sosanna.

111 3369 248 3416 ftsspxckp.
266 3377 488 3413 ἐπανελθόντες.
1205 3384 1216 3395 ··
1242 3372 1334 3415 Regii
1352 3369 1419 3403 duo
1437 3377 1562 3415 ἀρορᾷν.

153 3435 164 3445 ·’
191 3425 283 3468 Regii
299 3432 332 3457 ct
348 3423 444 3457 Cotb.
463 3428 635 3463 ὀιααωαωπι,
661 3423 774 3457 melius
804 3436 905 3467 «luam
933 3425 1046 3459 Morel.
1062 3430 1126 3459 612.-
