<?xml version="1.0" encoding="UTF-8"?>
<!DOCTYPE html PUBLIC "-//W3C//DTD XHTML 1.0 Transitional//EN"
    "http://www.w3.org/TR/xhtml1/DTD/xhtml1-transitional.dtd">
<html xmlns="http://www.w3.org/1999/xhtml" xml:lang="en" lang="en">
 <head>
  <title>
</title>
<meta http-equiv="Content-Type" content="text/html;charset=utf-8" />
  <meta name='ocr-system' content='tesseract 3.04.00' />
  <meta name='ocr-capabilities' content='ocr_page ocr_carea ocr_par ocr_line ocrx_word'/>
</head>
<body>
  <div class='ocr_page' id='page_1' title='image "./operaomniaquaeex04johnuoft/operaomniaquaeex04johnuoft_0366.png"; bbox 0 0 2516 3791; ppageno 0'>
   <div class='ocr_carea' id='block_1_1' title="bbox 364 140 1966 201">
    <p class='ocr_par' dir='ltr' id='par_1_1' title="bbox 364 140 1966 201">
     <span class='ocr_line' id='line_1_1' title="bbox 364 140 1966 201; baseline 0.008 -14"><span class='ocrx_word' id='word_1_1' title='bbox 364 140 455 201; x_wconf 68' lang='lat'><strong>346</strong></span> <span class='ocrx_word' id='word_1_2' title='bbox 793 159 830 189; x_wconf 85' lang='lat' dir='ltr'><strong>s.</strong></span> <span class='ocrx_word' id='word_1_3' title='bbox 869 159 1053 190; x_wconf 63' lang='lat' dir='ltr'><strong>sommis</strong></span> <span class='ocrx_word' id='word_1_4' title='bbox 1089 161 1329 193; x_wconf 69' lang='lat' dir='ltr'><strong>cnm&#39;sosr.</strong></span> <span class='ocrx_word' id='word_1_5' title='bbox 1368 163 1574 196; x_wconf 70' lang='lat' dir='ltr'><strong>AaefflEP.</strong></span> <span class='ocrx_word' id='word_1_6' title='bbox 1612 167 1966 200; x_wconf 60' lang='lat' dir='ltr'>CONSTANTINOP.</span> 
     </span>
    </p>
   </div>
   <div class='ocr_carea' id='block_1_2' title="bbox 149 239 1301 1142">
    <p class='ocr_par' dir='ltr' id='par_1_2' title="bbox 149 239 1301 1142">
     <span class='ocr_line' id='line_1_2' title="bbox 353 239 1298 281; baseline 0.002 -3"><span class='ocrx_word' id='word_1_7' title='bbox 353 240 438 278; x_wconf 81' lang='lat' dir='ltr'><strong>Haec</strong></span> <span class='ocrx_word' id='word_1_8' title='bbox 457 240 625 278; x_wconf 90' lang='lat' dir='ltr'><strong>memoria</strong></span> <span class='ocrx_word' id='word_1_9' title='bbox 653 239 857 281; x_wconf 90' lang='lat' dir='ltr'><strong>innumeros</strong></span> <span class='ocrx_word' id='word_1_10' title='bbox 886 243 951 280; x_wconf 86' lang='lat' dir='ltr'><strong>tibi</strong></span> <span class='ocrx_word' id='word_1_11' title='bbox 975 243 1159 280; x_wconf 82' lang='lat' dir='ltr'><strong>thesauros</strong></span> <span class='ocrx_word' id='word_1_12' title='bbox 1179 243 1298 280; x_wconf 91' lang='lat' dir='ltr'><strong>conci-</strong></span> 
     </span>
     <span class='ocr_line' id='line_1_3' title="bbox 351 301 1298 354; baseline 0.001 -16"><span class='ocrx_word' id='word_1_13' title='bbox 351 301 429 351; x_wconf 88' lang='lat' dir='ltr'><strong>liat,</strong></span> <span class='ocrx_word' id='word_1_14' title='bbox 445 302 522 340; x_wconf 84' lang='lat' dir='ltr'><strong>haee</strong></span> <span class='ocrx_word' id='word_1_15' title='bbox 532 302 701 340; x_wconf 87' lang='lat' dir='ltr'><strong>memoria</strong></span> <span class='ocrx_word' id='word_1_16' title='bbox 715 304 888 340; x_wconf 81' lang='lat' dir='ltr'>sarcinam</span> <span class='ocrx_word' id='word_1_17' title='bbox 902 308 1124 354; x_wconf 78' lang='lat' dir='ltr'><strong>peccatorum</strong></span> <span class='ocrx_word' id='word_1_18' title='bbox 1138 302 1298 352; x_wconf 84' lang='lat' dir='ltr'><strong>alleviat,</strong></span> 
     </span>
     <span class='ocr_line' id='line_1_4' title="bbox 351 361 1300 414; baseline 0.001 -16"><span class='ocrx_word' id='word_1_19' title='bbox 351 361 427 400; x_wconf 81' lang='lat' dir='ltr'><strong>haec</strong></span> <span class='ocrx_word' id='word_1_20' title='bbox 447 363 597 400; x_wconf 87' lang='lat' dir='ltr'><strong>multam</strong></span> <span class='ocrx_word' id='word_1_21' title='bbox 616 363 682 400; x_wconf 89' lang='lat' dir='ltr'><strong>tibi</strong></span> <span class='ocrx_word' id='word_1_22' title='bbox 702 362 871 400; x_wconf 87' lang='lat' dir='ltr'><strong>fiduciam</strong></span> <span class='ocrx_word' id='word_1_23' title='bbox 885 362 984 414; x_wconf 90' lang='lat' dir='ltr'><strong>apud</strong></span> <span class='ocrx_word' id='word_1_24' title='bbox 1001 362 1196 399; x_wconf 91' lang='lat' dir='ltr'><strong>Dominum</strong></span> <span class='ocrx_word' id='word_1_25' title='bbox 1217 376 1300 400; x_wconf 89' lang='lat' dir='ltr'><strong>con-</strong></span> 
     </span>
     <span class='ocr_line' id='line_1_5' title="bbox 351 422 1301 475; baseline 0 -15"><span class='ocrx_word' id='word_1_26' title='bbox 351 423 462 460; x_wconf 89' lang='lat' dir='ltr'><strong>ciliat.</strong></span> <span class='ocrx_word' id='word_1_27' title='bbox 479 424 616 475; x_wconf 87' lang='lat' dir='ltr'><strong>Cogita,</strong></span> <span class='ocrx_word' id='word_1_28' title='bbox 634 423 791 469; x_wconf 90' lang='lat' dir='ltr'><strong>obsecro,</strong></span> <span class='ocrx_word' id='word_1_29' title='bbox 811 431 844 460; x_wconf 92' lang='lat' dir='ltr'><strong>et</strong></span> <span class='ocrx_word' id='word_1_30' title='bbox 860 423 937 459; x_wconf 86' lang='lat' dir='ltr'><strong>haec</strong></span> <span class='ocrx_word' id='word_1_31' title='bbox 951 422 1059 461; x_wconf 81' lang='lat' dir='ltr'><strong>verba</strong></span> <span class='ocrx_word' id='word_1_32' title='bbox 1076 436 1153 473; x_wconf 86' lang='lat' dir='ltr'><strong>quae</strong></span> <span class='ocrx_word' id='word_1_33' title='bbox 1167 423 1301 474; x_wconf 83' lang='lat' dir='ltr'>singuli</span> 
     </span>
     <span class='ocr_line' id='line_1_6' title="bbox 351 482 1299 534; baseline 0.001 -14"><span class='ocrx_word' id='word_1_34' title='bbox 351 482 483 521; x_wconf 86' lang='lat' dir='ltr'><strong>dicturi</strong></span> <span class='ocrx_word' id='word_1_35' title='bbox 499 493 591 532; x_wconf 89' lang='lat' dir='ltr'><strong>sunt,</strong></span> <span class='ocrx_word' id='word_1_36' title='bbox 610 492 774 521; x_wconf 89' lang='lat' dir='ltr'><strong>vocantes</strong></span> <span class='ocrx_word' id='word_1_37' title='bbox 792 482 1072 533; x_wconf 79' lang='lat' dir='ltr'><strong>misericordem,</strong></span> <span class='ocrx_word' id='word_1_38' title='bbox 1090 483 1299 534; x_wconf 84' lang='lat' dir='ltr'><strong>benignum,</strong></span> 
     </span>
     <span class='ocr_line' id='line_1_7' title="bbox 351 543 1297 596; baseline 0.002 -15"><span class='ocrx_word' id='word_1_39' title='bbox 351 553 588 593; x_wconf 86' lang='lat' dir='ltr'><strong>mansuetum,</strong></span> <span class='ocrx_word' id='word_1_40' title='bbox 602 558 760 591; x_wconf 78' lang='lat' dir='ltr'><strong>suavem,</strong></span> <span class='ocrx_word' id='word_1_41' title='bbox 772 553 845 581; x_wconf 89' lang='lat' dir='ltr'><strong>tam</strong></span> <span class='ocrx_word' id='word_1_42' title='bbox 855 544 998 596; x_wconf 85' lang='lat' dir='ltr'><strong>largum</strong></span> <span class='ocrx_word' id='word_1_43' title='bbox 1007 543 1297 596; x_wconf 82' lang='lat' dir='ltr'><strong>dispensatorem.</strong></span> 
     </span>
     <span class='ocr_line' id='line_1_8' title="bbox 149 601 1296 658; baseline 0.003 -17"><span class='ocrx_word' id='word_1_44' title='bbox 149 601 238 629; x_wconf 77' lang='lat' dir='ltr'><strong>Psal.</strong></span> <span class='ocrx_word' id='word_1_45' title='bbox 267 610 334 630; x_wconf 88' lang='lat'><strong>¹¹¹·</strong></span> <span class='ocrx_word' id='word_1_46' title='bbox 350 606 541 655; x_wconf 77' lang='lat' dir='ltr'><strong>Dispersit</strong></span> <span class='ocrx_word' id='word_1_47' title='bbox 557 604 664 651; x_wconf 89' lang='lat' dir='ltr'><strong>enim,</strong></span> <span class='ocrx_word' id='word_1_48' title='bbox 681 604 809 655; x_wconf 90' lang='lat' dir='ltr'><strong>inquit,</strong></span> <span class='ocrx_word' id='word_1_49' title='bbox 828 606 933 643; x_wconf 81' lang='lat' dir='ltr'><strong>dedit</strong></span> <span class='ocrx_word' id='word_1_50' title='bbox 952 607 1213 658; x_wconf 80' lang='lat' dir='ltr'><strong>pauperibu5;</strong></span> <span class='ocrx_word' id='word_1_51' title='bbox 1230 609 1296 658; x_wconf 83' lang='lat' dir='ltr'><strong>ju·</strong></span> 
     </span>
     <span class='ocr_line' id='line_1_9' title="bbox 149 649 1298 719; baseline 0.002 -16"><span class='ocrx_word' id='word_1_52' title='bbox 149 649 180 677; x_wconf 89' lang='lat'><strong>9-</strong></span> <span class='ocrx_word' id='word_1_53' title='bbox 348 667 457 703; x_wconf 82' lang='lat' dir='ltr'><strong>stitia</strong></span> <span class='ocrx_word' id='word_1_54' title='bbox 489 667 572 717; x_wconf 79' lang='lat' dir='ltr'><strong>ejus</strong></span> <span class='ocrx_word' id='word_1_55' title='bbox 610 674 742 703; x_wconf 82' lang='lat' dir='ltr'><strong>manet</strong></span> <span class='ocrx_word' id='word_1_56' title='bbox 773 668 815 703; x_wconf 86' lang='lat' dir='ltr'><strong>in</strong></span> <span class='ocrx_word' id='word_1_57' title='bbox 844 667 1039 704; x_wconf 82' lang='lat' dir='ltr'><strong>soeculum.</strong></span> <span class='ocrx_word' id='word_1_58' title='bbox 1078 667 1298 719; x_wconf 87' lang='lat' dir='ltr'><strong>Hujusmodi</strong></span> 
     </span>
     <span class='ocr_line' id='line_1_10' title="bbox 347 725 1296 779; baseline 0.003 -16"><span class='ocrx_word' id='word_1_59' title='bbox 347 725 441 763; x_wconf 83' lang='lat' dir='ltr'><strong>enim</strong></span> <span class='ocrx_word' id='word_1_60' title='bbox 466 735 548 763; x_wconf 86' lang='lat' dir='ltr'><strong>sunt</strong></span> <span class='ocrx_word' id='word_1_61' title='bbox 571 726 805 778; x_wconf 85' lang='lat' dir='ltr'><strong>pecuniarum</strong></span> <span class='ocrx_word' id='word_1_62' title='bbox 833 725 971 765; x_wconf 81' lang='lat' dir='ltr'><strong>divitiae</strong></span> <span class='ocrx_word' id='word_1_63' title='bbox 989 742 1000 776; x_wconf 80' lang='lat'><em>3</em></span> <span class='ocrx_word' id='word_1_64' title='bbox 1030 727 1199 779; x_wconf 87' lang='lat' dir='ltr'><strong>dispersae</strong></span> <span class='ocrx_word' id='word_1_65' title='bbox 1221 742 1296 766; x_wconf 83' lang='lat' dir='ltr'><strong>ma-</strong></span> 
     </span>
     <span class='ocr_line' id='line_1_11' title="bbox 346 785 1297 838; baseline 0.005 -15"><span class='ocrx_word' id='word_1_66' title='bbox 346 795 457 836; x_wconf 77' lang='lat' dir='ltr'><strong>nent3</strong></span> <span class='ocrx_word' id='word_1_67' title='bbox 484 787 512 824; x_wconf 91' lang='lat' dir='ltr'><strong>si</strong></span> <span class='ocrx_word' id='word_1_68' title='bbox 540 785 760 825; x_wconf 83' lang='lat' dir='ltr'><strong>retineantur</strong></span> <span class='ocrx_word' id='word_1_69' title='bbox 778 796 811 825; x_wconf 92' lang='lat' dir='ltr'><strong>et</strong></span> <span class='ocrx_word' id='word_1_70' title='bbox 839 788 1108 838; x_wconf 77' lang='lat' dir='ltr'><strong>concludantur,</strong></span> <span class='ocrx_word' id='word_1_71' title='bbox 1133 789 1240 826; x_wconf 87' lang='lat' dir='ltr'><strong>etiam</strong></span> <span class='ocrx_word' id='word_1_72' title='bbox 1261 803 1297 828; x_wconf 90' lang='lat' dir='ltr'><strong>se</strong></span> 
     </span>
     <span class='ocr_line' id='line_1_12' title="bbox 347 848 1296 900; baseline 0.003 -15"><span class='ocrx_word' id='word_1_73' title='bbox 347 856 548 885; x_wconf 88' lang='lat' dir='ltr'><strong>servantem</strong></span> <span class='ocrx_word' id='word_1_74' title='bbox 570 862 689 885; x_wconf 90' lang='lat' dir='ltr'><strong>secum</strong></span> <span class='ocrx_word' id='word_1_75' title='bbox 714 848 876 900; x_wconf 84' lang='lat' dir='ltr'><strong>perdunt.</strong></span> <span class='ocrx_word' id='word_1_76' title='bbox 897 850 1090 900; x_wconf 81' lang='lat' dir='ltr'><strong>Dispersit</strong></span> <span class='ocrx_word' id='word_1_77' title='bbox 1110 849 1219 896; x_wconf 90' lang='lat' dir='ltr'><strong>enim,</strong></span> <span class='ocrx_word' id='word_1_78' title='bbox 1242 850 1296 888; x_wconf 89' lang='lat' dir='ltr'><strong>in-</strong></span> 
     </span>
     <span class='ocr_line' id='line_1_13' title="bbox 347 909 1296 961; baseline 0.004 -16"><span class='ocrx_word' id='word_1_79' title='bbox 347 909 435 958; x_wconf 87' lang='lat' dir='ltr'><strong>quit,</strong></span> <span class='ocrx_word' id='word_1_80' title='bbox 456 909 561 946; x_wconf 76' lang='lat' dir='ltr'><strong>dedit</strong></span> <span class='ocrx_word' id='word_1_81' title='bbox 582 911 826 960; x_wconf 78' lang='lat' dir='ltr'><strong>pauperihus.</strong></span> <span class='ocrx_word' id='word_1_82' title='bbox 849 909 919 947; x_wconf 90' lang='lat' dir='ltr'><strong>Sed</strong></span> <span class='ocrx_word' id='word_1_83' title='bbox 941 909 1026 947; x_wconf 86' lang='lat' dir='ltr'><strong>audi</strong></span> <span class='ocrx_word' id='word_1_84' title='bbox 1045 924 1124 959; x_wconf 83' lang='lat' dir='ltr'><strong>quae</strong></span> <span class='ocrx_word' id='word_1_85' title='bbox 1141 924 1296 961; x_wconf 88' lang='lat' dir='ltr'><strong>sequun-</strong></span> 
     </span>
     <span class='ocr_line' id='line_1_14' title="bbox 347 972 1296 1023; baseline 0.004 -17"><span class='ocrx_word' id='word_1_86' title='bbox 347 978 404 1007; x_wconf 87' lang='lat' dir='ltr'><strong>tur</strong></span> <span class='ocrx_word' id='word_1_87' title='bbox 432 986 439 1005; x_wconf 89' lang='lat'>:</span> <span class='ocrx_word' id='word_1_88' title='bbox 468 972 631 1008; x_wconf 76' lang='lat' dir='ltr'><strong>Justicia</strong></span> <span class='ocrx_word' id='word_1_89' title='bbox 660 974 741 1023; x_wconf 80' lang='lat' dir='ltr'><strong>ejas</strong></span> <span class='ocrx_word' id='word_1_90' title='bbox 769 980 899 1008; x_wconf 82' lang='lat' dir='ltr'><strong>manet</strong></span> <span class='ocrx_word' id='word_1_91' title='bbox 925 974 966 1008; x_wconf 85' lang='lat' dir='ltr'><strong>in</strong></span> <span class='ocrx_word' id='word_1_92' title='bbox 990 972 1186 1009; x_wconf 77' lang='lat' dir='ltr'><strong>soeczclum.</strong></span> <span class='ocrx_word' id='word_1_93' title='bbox 1214 973 1296 1010; x_wconf 91' lang='lat' dir='ltr'><strong>Uno</strong></span> 
     </span>
     <span class='ocr_line' id='line_1_15' title="bbox 343 1030 1294 1084; baseline 0.004 -17"><span class='ocrx_word' id='word_1_94' title='bbox 343 1030 402 1068; x_wconf 88' lang='lat' dir='ltr'><strong>die</strong></span> <span class='ocrx_word' id='word_1_95' title='bbox 419 1030 566 1069; x_wconf 85' lang='lat' dir='ltr'><strong>divitias</strong></span> <span class='ocrx_word' id='word_1_96' title='bbox 591 1032 773 1084; x_wconf 73' lang='lat' dir='ltr'><strong>dispersit,</strong></span> <span class='ocrx_word' id='word_1_97' title='bbox 796 1041 829 1069; x_wconf 88' lang='lat' dir='ltr'><strong>et</strong></span> <span class='ocrx_word' id='word_1_98' title='bbox 852 1032 991 1083; x_wconf 87' lang='lat' dir='ltr'><strong>justitia</strong></span> <span class='ocrx_word' id='word_1_99' title='bbox 1017 1032 1094 1083; x_wconf 88' lang='lat' dir='ltr'><strong>ejus</strong></span> <span class='ocrx_word' id='word_1_100' title='bbox 1114 1041 1232 1071; x_wconf 88' lang='lat' dir='ltr'><strong>manet</strong></span> <span class='ocrx_word' id='word_1_101' title='bbox 1257 1033 1294 1071; x_wconf 85' lang='lat' dir='ltr'><strong>in</strong></span> 
     </span>
     <span class='ocr_line' id='line_1_16' title="bbox 344 1091 1164 1142; baseline 0.002 -13"><span class='ocrx_word' id='word_1_102' title='bbox 344 1091 527 1142; x_wconf 73' lang='lat' dir='ltr'><strong>saeculum,</strong></span> <span class='ocrx_word' id='word_1_103' title='bbox 544 1101 577 1130; x_wconf 87' lang='lat' dir='ltr'><strong>et</strong></span> <span class='ocrx_word' id='word_1_104' title='bbox 593 1092 800 1130; x_wconf 86' lang='lat' dir='ltr'><strong>memoriam</strong></span> <span class='ocrx_word' id='word_1_105' title='bbox 815 1092 900 1130; x_wconf 83' lang='lat' dir='ltr'><strong>facit</strong></span> <span class='ocrx_word' id='word_1_106' title='bbox 916 1092 1164 1131; x_wconf 86' lang='lat' dir='ltr'><strong>immortalem.</strong></span> 
     </span>
    </p>
   </div>
   <div class='ocr_carea' id='block_1_3' title="bbox 137 1287 1292 3402">
    <p class='ocr_par' dir='ltr' id='par_1_3' title="bbox 337 1287 1292 2369">
     <span class='ocr_line' id='line_1_17' title="bbox 396 1287 1291 1337; baseline -0.001 -12"><span class='ocrx_word' id='word_1_107' title='bbox 396 1289 432 1325; x_wconf 83' lang='lat'><strong>5.</strong></span> <span class='ocrx_word' id='word_1_108' title='bbox 453 1287 588 1327; x_wconf 85' lang='lat' dir='ltr'><strong>Vidisti</strong></span> <span class='ocrx_word' id='word_1_109' title='bbox 605 1287 827 1335; x_wconf 86' lang='lat' dir='ltr'><strong>memoriam,</strong></span> <span class='ocrx_word' id='word_1_110' title='bbox 851 1301 928 1337; x_wconf 87' lang='lat' dir='ltr'><strong>quae</strong></span> <span class='ocrx_word' id='word_1_111' title='bbox 944 1301 980 1325; x_wconf 87' lang='lat' dir='ltr'><strong>se</strong></span> <span class='ocrx_word' id='word_1_112' title='bbox 997 1287 1032 1325; x_wconf 91' lang='lat' dir='ltr'><strong>in</strong></span> <span class='ocrx_word' id='word_1_113' title='bbox 1055 1301 1158 1325; x_wconf 88' lang='lat' dir='ltr'><strong>omne</strong></span> <span class='ocrx_word' id='word_1_114' title='bbox 1176 1301 1291 1325; x_wconf 73' lang='lat' dir='ltr'><strong>saecu—</strong></span> 
     </span>
     <span class='ocr_line' id='line_1_18' title="bbox 345 1347 1292 1398; baseline 0.001 -14"><span class='ocrx_word' id='word_1_115' title='bbox 345 1348 419 1385; x_wconf 88' lang='lat' dir='ltr'><strong>lum</strong></span> <span class='ocrx_word' id='word_1_116' title='bbox 432 1347 617 1385; x_wconf 74' lang='lat' dir='ltr'><strong>extendit?</strong></span> <span class='ocrx_word' id='word_1_117' title='bbox 637 1347 761 1387; x_wconf 81' lang='lat' dir='ltr'><strong>vidisti</strong></span> <span class='ocrx_word' id='word_1_118' title='bbox 781 1347 987 1384; x_wconf 81' lang='lat' dir='ltr'><strong>memoriam</strong></span> <span class='ocrx_word' id='word_1_119' title='bbox 1006 1347 1146 1398; x_wconf 83' lang='lat' dir='ltr'><strong>magnis</strong></span> <span class='ocrx_word' id='word_1_120' title='bbox 1163 1347 1292 1385; x_wconf 90' lang='lat' dir='ltr'><strong>etinef-</strong></span> 
     </span>
     <span class='ocr_line' id='line_1_19' title="bbox 344 1407 1292 1460; baseline 0.001 -15"><span class='ocrx_word' id='word_1_121' title='bbox 344 1408 513 1445; x_wconf 85' lang='lat' dir='ltr'><strong>sabilibus</strong></span> <span class='ocrx_word' id='word_1_122' title='bbox 529 1409 669 1460; x_wconf 82' lang='lat' dir='ltr'><strong>plenam</strong></span> <span class='ocrx_word' id='word_1_123' title='bbox 681 1407 785 1445; x_wconf 85' lang='lat' dir='ltr'><strong>bonis</strong></span> <span class='ocrx_word' id='word_1_124' title='bbox 800 1408 817 1445; x_wconf 72' lang='grc' dir='ltr'><strong>Ξ)</strong></span> <span class='ocrx_word' id='word_1_125' title='bbox 833 1407 984 1445; x_wconf 83' lang='lat' dir='ltr'><strong>Talibus</strong></span> <span class='ocrx_word' id='word_1_126' title='bbox 1003 1408 1167 1446; x_wconf 83' lang='lat' dir='ltr'><strong>aedificiis</strong></span> <span class='ocrx_word' id='word_1_127' title='bbox 1182 1408 1292 1446; x_wconf 85' lang='lat' dir='ltr'><strong>nostri</strong></span> 
     </span>
     <span class='ocr_line' id='line_1_20' title="bbox 345 1469 1292 1522; baseline 0.003 -17"><span class='ocrx_word' id='word_1_128' title='bbox 345 1469 551 1507; x_wconf 86' lang='lat' dir='ltr'><strong>memoriam</strong></span> <span class='ocrx_word' id='word_1_129' title='bbox 577 1469 775 1520; x_wconf 86' lang='lat' dir='ltr'><strong>relinquere</strong></span> <span class='ocrx_word' id='word_1_130' title='bbox 798 1469 1013 1508; x_wconf 85' lang='lat' dir='ltr'><strong>studeamus.</strong></span> <span class='ocrx_word' id='word_1_131' title='bbox 1040 1471 1131 1508; x_wconf 90' lang='lat' dir='ltr'><strong>Nam</strong></span> <span class='ocrx_word' id='word_1_132' title='bbox 1161 1470 1292 1522; x_wconf 84' lang='lat' dir='ltr'><strong>lapidi-</strong></span> 
     </span>
     <span class='ocr_line' id='line_1_21' title="bbox 340 1528 1292 1582; baseline 0.003 -17"><span class='ocrx_word' id='word_1_133' title='bbox 340 1529 408 1566; x_wconf 81' lang='lat' dir='ltr'><strong>hus</strong></span> <span class='ocrx_word' id='word_1_134' title='bbox 429 1528 635 1579; x_wconf 76' lang='lat' dir='ltr'><strong>mdificasse,</strong></span> <span class='ocrx_word' id='word_1_135' title='bbox 658 1544 727 1567; x_wconf 91' lang='lat' dir='ltr'><strong>non</strong></span> <span class='ocrx_word' id='word_1_136' title='bbox 754 1530 869 1567; x_wconf 84' lang='lat' dir='ltr'><strong>solum</strong></span> <span class='ocrx_word' id='word_1_137' title='bbox 893 1529 984 1567; x_wconf 88' lang='lat' dir='ltr'><strong>nihil</strong></span> <span class='ocrx_word' id='word_1_138' title='bbox 1004 1530 1104 1568; x_wconf 89' lang='lat' dir='ltr'><strong>nobis</strong></span> <span class='ocrx_word' id='word_1_139' title='bbox 1126 1530 1292 1582; x_wconf 87' lang='lat' dir='ltr'><strong>prodesse</strong></span> 
     </span>
     <span class='ocr_line' id='line_1_22' title="bbox 340 1589 1287 1641; baseline 0.003 -16"><span class='ocrx_word' id='word_1_140' title='bbox 340 1589 484 1640; x_wconf 86' lang='lat' dir='ltr'><strong>poterit,</strong></span> <span class='ocrx_word' id='word_1_141' title='bbox 516 1589 577 1627; x_wconf 88' lang='lat' dir='ltr'><strong>sed</strong></span> <span class='ocrx_word' id='word_1_142' title='bbox 607 1605 669 1628; x_wconf 90' lang='lat' dir='ltr'><strong>nos</strong></span> <span class='ocrx_word' id='word_1_143' title='bbox 705 1591 872 1628; x_wconf 89' lang='lat' dir='ltr'><strong>continuo</strong></span> <span class='ocrx_word' id='word_1_144' title='bbox 902 1599 1071 1641; x_wconf 83' lang='lat' dir='ltr'><strong>tanquam</strong></span> <span class='ocrx_word' id='word_1_145' title='bbox 1109 1591 1287 1638; x_wconf 88' lang='lat' dir='ltr'><strong>columna,</strong></span> 
     </span>
     <span class='ocr_line' id='line_1_23' title="bbox 339 1649 1291 1690; baseline 0.003 -4"><span class='ocrx_word' id='word_1_146' title='bbox 339 1649 432 1686; x_wconf 85' lang='lat' dir='ltr'><strong>clara</strong></span> <span class='ocrx_word' id='word_1_147' title='bbox 456 1661 541 1687; x_wconf 89' lang='lat' dir='ltr'><strong>voce</strong></span> <span class='ocrx_word' id='word_1_148' title='bbox 559 1650 757 1687; x_wconf 85' lang='lat' dir='ltr'><strong>infamabit.</strong></span> <span class='ocrx_word' id='word_1_149' title='bbox 781 1650 826 1687; x_wconf 87' lang='lat' dir='ltr'><strong>Et</strong></span> <span class='ocrx_word' id='word_1_150' title='bbox 847 1664 908 1688; x_wconf 91' lang='lat' dir='ltr'><strong>nos</strong></span> <span class='ocrx_word' id='word_1_151' title='bbox 926 1651 1012 1688; x_wconf 88' lang='lat' dir='ltr'><strong>hinc</strong></span> <span class='ocrx_word' id='word_1_152' title='bbox 1031 1650 1171 1689; x_wconf 85' lang='lat' dir='ltr'><strong>abimus</strong></span> <span class='ocrx_word' id='word_1_153' title='bbox 1192 1652 1291 1690; x_wconf 87' lang='lat' dir='ltr'><strong>defe-</strong></span> 
     </span>
     <span class='ocr_line' id='line_1_24' title="bbox 338 1710 1290 1763; baseline 0.004 -16"><span class='ocrx_word' id='word_1_154' title='bbox 338 1719 450 1748; x_wconf 90' lang='lat' dir='ltr'><strong>1entes</strong></span> <span class='ocrx_word' id='word_1_155' title='bbox 472 1720 613 1762; x_wconf 83' lang='lat' dir='ltr'><strong>peccata</strong></span> <span class='ocrx_word' id='word_1_156' title='bbox 635 1710 717 1748; x_wconf 89' lang='lat' dir='ltr'><strong>inde</strong></span> <span class='ocrx_word' id='word_1_157' title='bbox 734 1720 852 1763; x_wconf 87' lang='lat' dir='ltr'><strong>parta,</strong></span> <span class='ocrx_word' id='word_1_158' title='bbox 875 1721 908 1749; x_wconf 86' lang='lat' dir='ltr'><strong>et</strong></span> <span class='ocrx_word' id='word_1_159' title='bbox 928 1711 1080 1749; x_wconf 78' lang='lat' dir='ltr'><strong>aedificia</strong></span> <span class='ocrx_word' id='word_1_160' title='bbox 1101 1712 1160 1750; x_wconf 87' lang='lat' dir='ltr'><strong>hic</strong></span> <span class='ocrx_word' id='word_1_161' title='bbox 1178 1713 1290 1751; x_wconf 81' lang='lat' dir='ltr'><strong>relin-</strong></span> 
     </span>
     <span class='ocr_line' id='line_1_25' title="bbox 337 1771 1288 1823; baseline 0.005 -16"><span class='ocrx_word' id='word_1_162' title='bbox 337 1771 513 1821; x_wconf 83' lang='lat' dir='ltr'><strong>quimus:</strong></span> <span class='ocrx_word' id='word_1_163' title='bbox 538 1772 622 1822; x_wconf 90' lang='lat' dir='ltr'><strong>quin</strong></span> <span class='ocrx_word' id='word_1_164' title='bbox 652 1786 714 1809; x_wconf 89' lang='lat' dir='ltr'><strong>nec</strong></span> <span class='ocrx_word' id='word_1_165' title='bbox 740 1772 909 1823; x_wconf 81' lang='lat' dir='ltr'><strong>frigidam</strong></span> <span class='ocrx_word' id='word_1_166' title='bbox 939 1772 1040 1810; x_wconf 85' lang='lat' dir='ltr'><strong>illam</strong></span> <span class='ocrx_word' id='word_1_167' title='bbox 1062 1782 1095 1810; x_wconf 93' lang='lat' dir='ltr'><strong>et</strong></span> <span class='ocrx_word' id='word_1_168' title='bbox 1125 1773 1288 1813; x_wconf 89' lang='lat' dir='ltr'><strong>inutilem</strong></span> 
     </span>
     <span class='ocr_line' id='line_1_26' title="bbox 338 1831 1288 1885; baseline 0.004 -17"><span class='ocrx_word' id='word_1_169' title='bbox 338 1831 545 1869; x_wconf 87' lang='lat' dir='ltr'><strong>memoriam</strong></span> <span class='ocrx_word' id='word_1_170' title='bbox 562 1831 827 1883; x_wconf 87' lang='lat' dir='ltr'><strong>consequimur,</strong></span> <span class='ocrx_word' id='word_1_171' title='bbox 851 1833 911 1871; x_wconf 89' lang='lat' dir='ltr'><strong>sed</strong></span> <span class='ocrx_word' id='word_1_172' title='bbox 933 1832 1052 1885; x_wconf 85' lang='lat' dir='ltr'><strong>potius</strong></span> <span class='ocrx_word' id='word_1_173' title='bbox 1072 1834 1212 1885; x_wconf 86' lang='lat' dir='ltr'><strong>probris</strong></span> <span class='ocrx_word' id='word_1_174' title='bbox 1227 1834 1288 1872; x_wconf 87' lang='lat' dir='ltr'><strong>de-</strong></span> 
     </span>
     <span class='ocr_line' id='line_1_27' title="bbox 339 1894 1286 1945; baseline 0.005 -16"><span class='ocrx_word' id='word_1_175' title='bbox 339 1902 542 1945; x_wconf 77' lang='lat' dir='ltr'><strong>turpantur,</strong></span> <span class='ocrx_word' id='word_1_176' title='bbox 564 1908 762 1944; x_wconf 86' lang='lat' dir='ltr'><strong>nomenque</strong></span> <span class='ocrx_word' id='word_1_177' title='bbox 781 1894 900 1932; x_wconf 89' lang='lat' dir='ltr'><strong>statim</strong></span> <span class='ocrx_word' id='word_1_178' title='bbox 914 1894 1042 1933; x_wconf 87' lang='lat' dir='ltr'><strong>transit</strong></span> <span class='ocrx_word' id='word_1_179' title='bbox 1061 1895 1107 1933; x_wconf 88' lang='lat' dir='ltr'><strong>ad</strong></span> <span class='ocrx_word' id='word_1_180' title='bbox 1122 1896 1286 1934; x_wconf 86' lang='lat' dir='ltr'><strong>alterum.</strong></span> 
     </span>
     <span class='ocr_line' id='line_1_28' title="bbox 338 1953 1288 2005; baseline 0.004 -14"><span class='ocrx_word' id='word_1_181' title='bbox 338 1953 479 1991; x_wconf 86' lang='lat' dir='ltr'><strong>Etenim</strong></span> <span class='ocrx_word' id='word_1_182' title='bbox 501 1954 552 1992; x_wconf 87' lang='lat' dir='ltr'><strong>sic</strong></span> <span class='ocrx_word' id='word_1_183' title='bbox 577 1968 612 1992; x_wconf 92' lang='lat' dir='ltr'><strong>se</strong></span> <span class='ocrx_word' id='word_1_184' title='bbox 630 1968 684 1992; x_wconf 87' lang='lat' dir='ltr'><strong>res</strong></span> <span class='ocrx_word' id='word_1_185' title='bbox 706 1955 855 2005; x_wconf 83' lang='lat' dir='ltr'><strong>hahent,</strong></span> <span class='ocrx_word' id='word_1_186' title='bbox 880 1964 920 1992; x_wconf 92' lang='lat' dir='ltr'><strong>ut</strong></span> <span class='ocrx_word' id='word_1_187' title='bbox 945 1956 990 1993; x_wconf 86' lang='lat' dir='ltr'><strong>ab</strong></span> <span class='ocrx_word' id='word_1_188' title='bbox 1012 1955 1079 1993; x_wconf 90' lang='lat' dir='ltr'><strong>hoc</strong></span> <span class='ocrx_word' id='word_1_189' title='bbox 1106 1956 1151 1994; x_wconf 91' lang='lat' dir='ltr'><strong>ad</strong></span> <span class='ocrx_word' id='word_1_190' title='bbox 1176 1957 1288 1995; x_wconf 89' lang='lat' dir='ltr'><strong>alium</strong></span> 
     </span>
     <span class='ocr_line' id='line_1_29' title="bbox 338 2015 1290 2063; baseline 0.005 -12"><span class='ocrx_word' id='word_1_191' title='bbox 338 2023 531 2063; x_wconf 86' lang='lat' dir='ltr'><strong>transeant,</strong></span> <span class='ocrx_word' id='word_1_192' title='bbox 555 2025 589 2053; x_wconf 87' lang='lat' dir='ltr'><strong>et</strong></span> <span class='ocrx_word' id='word_1_193' title='bbox 609 2016 654 2052; x_wconf 90' lang='lat' dir='ltr'><strong>ab</strong></span> <span class='ocrx_word' id='word_1_194' title='bbox 675 2015 737 2053; x_wconf 90' lang='lat' dir='ltr'><strong>illo</strong></span> <span class='ocrx_word' id='word_1_195' title='bbox 758 2015 891 2053; x_wconf 88' lang='lat' dir='ltr'><strong>iterum</strong></span> <span class='ocrx_word' id='word_1_196' title='bbox 909 2016 945 2053; x_wconf 92' lang='lat' dir='ltr'><strong>in</strong></span> <span class='ocrx_word' id='word_1_197' title='bbox 968 2017 1092 2055; x_wconf 89' lang='lat' dir='ltr'><strong>alium.</strong></span> <span class='ocrx_word' id='word_1_198' title='bbox 1116 2017 1163 2055; x_wconf 87' lang='lat' dir='ltr'><strong>Et</strong></span> <span class='ocrx_word' id='word_1_199' title='bbox 1182 2018 1290 2056; x_wconf 86' lang='lat' dir='ltr'><strong>hodie</strong></span> 
     </span>
     <span class='ocr_line' id='line_1_30' title="bbox 338 2074 1288 2131; baseline 0.007 -21"><span class='ocrx_word' id='word_1_200' title='bbox 338 2074 482 2124; x_wconf 89' lang='lat' dir='ltr'><strong>quidem</strong></span> <span class='ocrx_word' id='word_1_201' title='bbox 501 2075 628 2113; x_wconf 89' lang='lat' dir='ltr'><strong>domus</strong></span> <span class='ocrx_word' id='word_1_202' title='bbox 646 2075 832 2114; x_wconf 86' lang='lat' dir='ltr'><strong>dicebatur</strong></span> <span class='ocrx_word' id='word_1_203' title='bbox 854 2077 974 2129; x_wconf 84' lang='lat' dir='ltr'><strong>hujus,</strong></span> <span class='ocrx_word' id='word_1_204' title='bbox 997 2091 1072 2115; x_wconf 84' lang='lat' dir='ltr'><strong>cras</strong></span> <span class='ocrx_word' id='word_1_205' title='bbox 1089 2078 1198 2127; x_wconf 86' lang='lat' dir='ltr'><strong>illius,</strong></span> <span class='ocrx_word' id='word_1_206' title='bbox 1219 2094 1288 2131; x_wconf 90' lang='lat' dir='ltr'><strong>po—</strong></span> 
     </span>
     <span class='ocr_line' id='line_1_31' title="bbox 338 2135 1289 2191; baseline 0.005 -19"><span class='ocrx_word' id='word_1_207' title='bbox 338 2135 461 2173; x_wconf 87' lang='lat' dir='ltr'><strong>stridie</strong></span> <span class='ocrx_word' id='word_1_208' title='bbox 481 2136 619 2174; x_wconf 86' lang='lat' dir='ltr'><strong>dicetur</strong></span> <span class='ocrx_word' id='word_1_209' title='bbox 638 2137 795 2175; x_wconf 86' lang='lat' dir='ltr'><strong>alterius.</strong></span> <span class='ocrx_word' id='word_1_210' title='bbox 812 2138 958 2175; x_wconf 87' lang='lat' dir='ltr'><strong>Interim</strong></span> <span class='ocrx_word' id='word_1_211' title='bbox 975 2148 1098 2190; x_wconf 84' lang='lat' dir='ltr'><strong>sponte</strong></span> <span class='ocrx_word' id='word_1_212' title='bbox 1117 2153 1179 2177; x_wconf 93' lang='lat' dir='ltr'><strong>nos</strong></span> <span class='ocrx_word' id='word_1_213' title='bbox 1196 2140 1289 2191; x_wconf 89' lang='lat' dir='ltr'><strong>ipsos</strong></span> 
     </span>
     <span class='ocr_line' id='line_1_32' title="bbox 338 2195 1289 2250; baseline 0.005 -18"><span class='ocrx_word' id='word_1_214' title='bbox 338 2195 549 2248; x_wconf 79' lang='lat' dir='ltr'><strong>decipimus,</strong></span> <span class='ocrx_word' id='word_1_215' title='bbox 581 2207 746 2249; x_wconf 89' lang='lat' dir='ltr'><strong>putantes</strong></span> <span class='ocrx_word' id='word_1_216' title='bbox 775 2212 837 2236; x_wconf 89' lang='lat' dir='ltr'><strong>nos</strong></span> <span class='ocrx_word' id='word_1_217' title='bbox 873 2198 1072 2236; x_wconf 89' lang='lat' dir='ltr'><strong>dominium</strong></span> <span class='ocrx_word' id='word_1_218' title='bbox 1106 2200 1289 2250; x_wconf 87' lang='lat' dir='ltr'><strong>quoddam</strong></span> 
     </span>
     <span class='ocr_line' id='line_1_33' title="bbox 340 2257 1290 2312; baseline 0.004 -18"><span class='ocrx_word' id='word_1_219' title='bbox 340 2257 533 2309; x_wconf 87' lang='lat' dir='ltr'><strong>possidere,</strong></span> <span class='ocrx_word' id='word_1_220' title='bbox 561 2258 752 2299; x_wconf 84' lang='lat' dir='ltr'><strong>nescientes</strong></span> <span class='ocrx_word' id='word_1_221' title='bbox 777 2273 839 2297; x_wconf 92' lang='lat' dir='ltr'><strong>nos</strong></span> <span class='ocrx_word' id='word_1_222' title='bbox 865 2259 981 2297; x_wconf 91' lang='lat' dir='ltr'><strong>solum</strong></span> <span class='ocrx_word' id='word_1_223' title='bbox 1010 2274 1077 2297; x_wconf 89' lang='lat' dir='ltr'><strong>usu</strong></span> <span class='ocrx_word' id='word_1_224' title='bbox 1106 2261 1230 2312; x_wconf 88' lang='lat' dir='ltr'><strong>potiri,</strong></span> <span class='ocrx_word' id='word_1_225' title='bbox 1258 2270 1290 2298; x_wconf 89' lang='lat' dir='ltr'><strong>et</strong></span> 
     </span>
     <span class='ocr_line' id='line_1_34' title="bbox 341 2319 1291 2369; baseline 0.003 -13"><span class='ocrx_word' id='word_1_226' title='bbox 341 2319 506 2368; x_wconf 73' lang='lat' dir='ltr'><strong>velimus,</strong></span> <span class='ocrx_word' id='word_1_227' title='bbox 535 2319 704 2369; x_wconf 88' lang='lat' dir='ltr'><strong>nolimus,</strong></span> <span class='ocrx_word' id='word_1_228' title='bbox 732 2320 811 2357; x_wconf 87' lang='lat' dir='ltr'><strong>aliis</strong></span> <span class='ocrx_word' id='word_1_229' title='bbox 844 2320 919 2357; x_wconf 86' lang='lat' dir='ltr'><strong>haec</strong></span> <span class='ocrx_word' id='word_1_230' title='bbox 951 2320 1140 2358; x_wconf 88' lang='lat' dir='ltr'><strong>concedere</strong></span> <span class='ocrx_word' id='word_1_231' title='bbox 1167 2337 1175 2357; x_wconf 89' lang='lat'>:</span> <span class='ocrx_word' id='word_1_232' title='bbox 1208 2336 1291 2359; x_wconf 86' lang='lat' dir='ltr'><strong>nam</strong></span> 
     </span>
    </p>

    <p class='ocr_par' dir='ltr' id='par_1_4' title="bbox 137 2378 1291 2669">
     <span class='ocr_line' id='line_1_35' title="bbox 181 2378 1291 2431; baseline 0 -12"><span class='ocrx_word' id='word_1_233' title='bbox 181 2391 328 2419; x_wconf 65' lang='lat' dir='ltr'><strong>Momm-ize</strong></span> <span class='ocrx_word' id='word_1_234' title='bbox 343 2378 438 2429; x_wconf 86' lang='lat' dir='ltr'><strong>quod</strong></span> <span class='ocrx_word' id='word_1_235' title='bbox 453 2378 583 2429; x_wconf 87' lang='lat' dir='ltr'><strong>quibus</strong></span> <span class='ocrx_word' id='word_1_236' title='bbox 598 2379 777 2425; x_wconf 83' lang='lat' dir='ltr'><strong>nolumus,</strong></span> <span class='ocrx_word' id='word_1_237' title='bbox 794 2378 830 2416; x_wconf 87' lang='lat' dir='ltr'><strong>id</strong></span> <span class='ocrx_word' id='word_1_238' title='bbox 842 2379 918 2431; x_wconf 85' lang='lat' dir='ltr'><strong>jam</strong></span> <span class='ocrx_word' id='word_1_239' title='bbox 932 2389 1115 2431; x_wconf 80' lang='lat' dir='ltr'><strong>praetereo.</strong></span> <span class='ocrx_word' id='word_1_240' title='bbox 1135 2381 1291 2420; x_wconf 88' lang='lat' dir='ltr'><strong>Omnino</strong></span> 
     </span>
     <span class='ocr_line' id='line_1_36' title="bbox 139 2433 1291 2500; baseline 0.004 -25"><span class='ocrx_word' id='word_1_241' title='bbox 139 2434 183 2460; x_wconf 65' lang='lat'><strong>⁸¹¹3</strong></span> <span class='ocrx_word' id='word_1_242' title='bbox 226 2433 325 2500; x_wconf 55' lang='lat' dir='ltr'><strong>1}&#39;⁰¹⁵f¹‘</strong></span> <span class='ocrx_word' id='word_1_243' title='bbox 343 2449 472 2489; x_wconf 82' lang='lat' dir='ltr'><strong>tamen,</strong></span> <span class='ocrx_word' id='word_1_244' title='bbox 497 2439 525 2477; x_wconf 91' lang='lat' dir='ltr'><strong>si</strong></span> <span class='ocrx_word' id='word_1_245' title='bbox 553 2440 761 2477; x_wconf 86' lang='lat' dir='ltr'><strong>memoriam</strong></span> <span class='ocrx_word' id='word_1_246' title='bbox 786 2440 1020 2492; x_wconf 86' lang='lat' dir='ltr'><strong>concupiscis,</strong></span> <span class='ocrx_word' id='word_1_247' title='bbox 1044 2449 1076 2478; x_wconf 87' lang='lat' dir='ltr'><strong>et</strong></span> <span class='ocrx_word' id='word_1_248' title='bbox 1096 2440 1203 2493; x_wconf 87' lang='lat' dir='ltr'><strong>hujus</strong></span> <span class='ocrx_word' id='word_1_249' title='bbox 1225 2442 1291 2480; x_wconf 87' lang='lat' dir='ltr'><strong>tibi</strong></span> 
     </span>
     <span class='ocr_line' id='line_1_37' title="bbox 137 2484 1290 2552; baseline 0.002 -14"><span class='ocrx_word' id='word_1_250' title='bbox 137 2484 327 2552; x_wconf 43' lang='grc' dir='ltr'><strong>ῗῑῖεὲπῑῃζζ,</strong></span> <span class='ocrx_word' id='word_1_251' title='bbox 342 2510 478 2538; x_wconf 85' lang='lat' dir='ltr'><strong>tantum</strong></span> <span class='ocrx_word' id='word_1_252' title='bbox 497 2499 657 2538; x_wconf 86' lang='lat' dir='ltr'><strong>studium</strong></span> <span class='ocrx_word' id='word_1_253' title='bbox 678 2508 729 2538; x_wconf 90' lang='lat' dir='ltr'><strong>est</strong></span> <span class='ocrx_word' id='word_1_254' title='bbox 749 2516 756 2536; x_wconf 75' lang='grc' dir='ltr'>ε</span> <span class='ocrx_word' id='word_1_255' title='bbox 777 2500 861 2537; x_wconf 89' lang='lat' dir='ltr'><strong>audi</strong></span> <span class='ocrx_word' id='word_1_256' title='bbox 884 2500 1062 2551; x_wconf 88' lang='lat' dir='ltr'><strong>quomodo</strong></span> <span class='ocrx_word' id='word_1_257' title='bbox 1080 2501 1195 2539; x_wconf 83' lang='lat' dir='ltr'><strong>viduae</strong></span> <span class='ocrx_word' id='word_1_258' title='bbox 1218 2517 1290 2540; x_wconf 92' lang='lat' dir='ltr'><strong>me-</strong></span> 
     </span>
     <span class='ocr_line' id='line_1_38' title="bbox 137 2560 1291 2613; baseline 0.001 -13"><span class='ocrx_word' id='word_1_259' title='bbox 137 2574 208 2600; x_wconf 74' lang='lat' dir='ltr'><strong>Act.</strong></span> <span class='ocrx_word' id='word_1_260' title='bbox 224 2582 255 2611; x_wconf 90' lang='lat'><strong>9.</strong></span> <span class='ocrx_word' id='word_1_261' title='bbox 273 2573 322 2613; x_wconf 84' lang='lat'><strong>39,</strong></span> <span class='ocrx_word' id='word_1_262' title='bbox 340 2576 453 2599; x_wconf 87' lang='lat' dir='ltr'><strong>mores</strong></span> <span class='ocrx_word' id='word_1_263' title='bbox 464 2570 562 2599; x_wconf 87' lang='lat' dir='ltr'><strong>erant</strong></span> <span class='ocrx_word' id='word_1_264' title='bbox 578 2560 757 2607; x_wconf 77' lang='lat' dir='ltr'><strong>Tabithae,</strong></span> <span class='ocrx_word' id='word_1_265' title='bbox 776 2570 809 2599; x_wconf 90' lang='lat' dir='ltr'><strong>et</strong></span> <span class='ocrx_word' id='word_1_266' title='bbox 821 2561 997 2612; x_wconf 84' lang='lat' dir='ltr'><strong>quomodo</strong></span> <span class='ocrx_word' id='word_1_267' title='bbox 1015 2562 1291 2601; x_wconf 83' lang='lat' dir='ltr'><strong>circumstabant</strong></span> 
     </span>
     <span class='ocr_line' id='line_1_39' title="bbox 137 2616 1286 2669; baseline 0.003 -10"><span class='ocrx_word' id='word_1_268' title='bbox 137 2616 228 2651; x_wconf 46' lang='lat'><strong>*4³</strong></span> <span class='ocrx_word' id='word_1_269' title='bbox 340 2623 485 2660; x_wconf 88' lang='lat' dir='ltr'><strong>Petrum</strong></span> <span class='ocrx_word' id='word_1_270' title='bbox 502 2621 635 2669; x_wconf 80' lang='lat' dir='ltr'><strong>flentes,</strong></span> <span class='ocrx_word' id='word_1_271' title='bbox 655 2631 689 2659; x_wconf 87' lang='lat' dir='ltr'><strong>et</strong></span> <span class='ocrx_word' id='word_1_272' title='bbox 708 2621 986 2660; x_wconf 82' lang='lat' dir='ltr'><strong>demonstrantes</strong></span> <span class='ocrx_word' id='word_1_273' title='bbox 1007 2622 1145 2661; x_wconf 90' lang='lat' dir='ltr'><strong>tunicas</strong></span> <span class='ocrx_word' id='word_1_274' title='bbox 1169 2632 1201 2661; x_wconf 88' lang='lat' dir='ltr'><strong>et</strong></span> <span class='ocrx_word' id='word_1_275' title='bbox 1220 2638 1286 2662; x_wconf 88' lang='lat' dir='ltr'><strong>vc-</strong></span> 
     </span>
    </p>

    <p class='ocr_par' dir='ltr' id='par_1_5' title="bbox 337 2682 1289 3402">
     <span class='ocr_line' id='line_1_40' title="bbox 338 2682 1289 2737; baseline 0.002 -16"><span class='ocrx_word' id='word_1_276' title='bbox 338 2693 419 2731; x_wconf 72' lang='lat' dir='ltr'><strong>stes,</strong></span> <span class='ocrx_word' id='word_1_277' title='bbox 434 2698 521 2733; x_wconf 87' lang='lat' dir='ltr'><strong>quas</strong></span> <span class='ocrx_word' id='word_1_278' title='bbox 537 2682 684 2720; x_wconf 83' lang='lat' dir='ltr'><strong>faciebat</strong></span> <span class='ocrx_word' id='word_1_279' title='bbox 695 2682 767 2720; x_wconf 83' lang='lat' dir='ltr'><strong>illis</strong></span> <span class='ocrx_word' id='word_1_280' title='bbox 782 2684 927 2731; x_wconf 79' lang='lat' dir='ltr'><strong>Dorcas,</strong></span> <span class='ocrx_word' id='word_1_281' title='bbox 942 2698 1021 2721; x_wconf 89' lang='lat' dir='ltr'><strong>cum</strong></span> <span class='ocrx_word' id='word_1_282' title='bbox 1036 2684 1155 2722; x_wconf 87' lang='lat' dir='ltr'><strong>adhuc</strong></span> <span class='ocrx_word' id='word_1_283' title='bbox 1168 2699 1289 2737; x_wconf 89' lang='lat' dir='ltr'><strong>super-</strong></span> 
     </span>
     <span class='ocr_line' id='line_1_41' title="bbox 338 2743 1287 2794; baseline 0.002 -13"><span class='ocrx_word' id='word_1_284' title='bbox 338 2753 436 2781; x_wconf 76' lang='lat' dir='ltr'><strong>esset.</strong></span> <span class='ocrx_word' id='word_1_285' title='bbox 457 2743 591 2782; x_wconf 87' lang='lat' dir='ltr'><strong>Vidisti</strong></span> <span class='ocrx_word' id='word_1_286' title='bbox 606 2743 732 2782; x_wconf 89' lang='lat' dir='ltr'><strong>domus</strong></span> <span class='ocrx_word' id='word_1_287' title='bbox 748 2744 921 2782; x_wconf 86' lang='lat' dir='ltr'><strong>animatas</strong></span> <span class='ocrx_word' id='word_1_288' title='bbox 937 2759 1060 2783; x_wconf 82' lang='lat' dir='ltr'><strong>vocem</strong></span> <span class='ocrx_word' id='word_1_289' title='bbox 1076 2745 1287 2794; x_wconf 85' lang='lat' dir='ltr'><strong>emittentes,</strong></span> 
     </span>
     <span class='ocr_line' id='line_1_42' title="bbox 338 2805 1289 2854; baseline 0.003 -13"><span class='ocrx_word' id='word_1_290' title='bbox 338 2814 369 2842; x_wconf 80' lang='lat' dir='ltr'><strong>et</strong></span> <span class='ocrx_word' id='word_1_291' title='bbox 393 2814 497 2842; x_wconf 82' lang='lat' dir='ltr'><strong>tantae</strong></span> <span class='ocrx_word' id='word_1_292' title='bbox 514 2805 671 2854; x_wconf 83' lang='lat' dir='ltr'><strong>virtutis,</strong></span> <span class='ocrx_word' id='word_1_293' title='bbox 694 2814 733 2842; x_wconf 87' lang='lat' dir='ltr'><strong>ut</strong></span> <span class='ocrx_word' id='word_1_294' title='bbox 752 2819 771 2842; x_wconf 90' lang='lat' dir='ltr'><strong>a</strong></span> <span class='ocrx_word' id='word_1_295' title='bbox 794 2815 906 2843; x_wconf 85' lang='lat' dir='ltr'><strong>morte</strong></span> <span class='ocrx_word' id='word_1_296' title='bbox 925 2805 973 2843; x_wconf 87' lang='lat' dir='ltr'><strong>ad</strong></span> <span class='ocrx_word' id='word_1_297' title='bbox 994 2806 1104 2843; x_wconf 84' lang='lat' dir='ltr'><strong>vitam</strong></span> <span class='ocrx_word' id='word_1_298' title='bbox 1124 2820 1289 2845; x_wconf 84' lang='lat' dir='ltr'><strong>revocare</strong></span> 
     </span>
     <span class='ocr_line' id='line_1_43' title="bbox 337 2866 1287 2918; baseline 0.005 -17"><span class='ocrx_word' id='word_1_299' title='bbox 337 2866 491 2916; x_wconf 64' lang='lat' dir='ltr'><strong>queant?</strong></span> <span class='ocrx_word' id='word_1_300' title='bbox 506 2867 596 2903; x_wconf 87' lang='lat' dir='ltr'><strong>Nam</strong></span> <span class='ocrx_word' id='word_1_301' title='bbox 609 2875 796 2918; x_wconf 83' lang='lat' dir='ltr'><strong>postquam</strong></span> <span class='ocrx_word' id='word_1_302' title='bbox 807 2866 1114 2905; x_wconf 80' lang='lat' dir='ltr'><strong>circumsteterunt</strong></span> <span class='ocrx_word' id='word_1_303' title='bbox 1130 2869 1287 2914; x_wconf 75' lang='lat' dir='ltr'><strong>Petrum,</strong></span> 
     </span>
     <span class='ocr_line' id='line_1_44' title="bbox 338 2927 1288 2979; baseline 0.005 -17"><span class='ocrx_word' id='word_1_304' title='bbox 338 2927 469 2965; x_wconf 78' lang='lat' dir='ltr'><strong>calidas</strong></span> <span class='ocrx_word' id='word_1_305' title='bbox 485 2928 661 2979; x_wconf 82' lang='lat' dir='ltr'><strong>lacrymas</strong></span> <span class='ocrx_word' id='word_1_306' title='bbox 678 2927 941 2979; x_wconf 83' lang='lat' dir='ltr'><strong>profundentes,</strong></span> <span class='ocrx_word' id='word_1_307' title='bbox 957 2928 1149 2979; x_wconf 87' lang='lat' dir='ltr'><strong>cibumque</strong></span> <span class='ocrx_word' id='word_1_308' title='bbox 1164 2938 1196 2967; x_wconf 89' lang='lat' dir='ltr'><strong>et</strong></span> <span class='ocrx_word' id='word_1_309' title='bbox 1211 2929 1288 2979; x_wconf 83' lang='lat' dir='ltr'><strong>qui—</strong></span> 
     </span>
     <span class='ocr_line' id='line_1_45' title="bbox 338 2987 1288 3042; baseline 0.004 -19"><span class='ocrx_word' id='word_1_310' title='bbox 338 2987 404 3024; x_wconf 82' lang='lat' dir='ltr'><strong>bus</strong></span> <span class='ocrx_word' id='word_1_311' title='bbox 435 3002 524 3039; x_wconf 89' lang='lat' dir='ltr'><strong>opus</strong></span> <span class='ocrx_word' id='word_1_312' title='bbox 554 2988 733 3026; x_wconf 84' lang='lat' dir='ltr'><strong>habebant</strong></span> <span class='ocrx_word' id='word_1_313' title='bbox 766 2998 978 3039; x_wconf 75' lang='lat' dir='ltr'><strong>quaerentes,</strong></span> <span class='ocrx_word' id='word_1_314' title='bbox 1014 2991 1140 3027; x_wconf 85' lang='lat' dir='ltr'><strong>Petrus</strong></span> <span class='ocrx_word' id='word_1_315' title='bbox 1171 2990 1288 3042; x_wconf 84' lang='lat' dir='ltr'><strong>ejectis</strong></span> 
     </span>
     <span class='ocr_line' id='line_1_46' title="bbox 339 3049 1287 3100; baseline 0.004 -15"><span class='ocrx_word' id='word_1_316' title='bbox 339 3049 514 3096; x_wconf 81' lang='lat' dir='ltr'><strong>omnibus,</strong></span> <span class='ocrx_word' id='word_1_317' title='bbox 536 3058 568 3086; x_wconf 91' lang='lat' dir='ltr'><strong>ct</strong></span> <span class='ocrx_word' id='word_1_318' title='bbox 584 3049 706 3100; x_wconf 87' lang='lat' dir='ltr'><strong>positis</strong></span> <span class='ocrx_word' id='word_1_319' title='bbox 727 3049 875 3100; x_wconf 84' lang='lat' dir='ltr'><strong>genibus</strong></span> <span class='ocrx_word' id='word_1_320' title='bbox 890 3050 1005 3088; x_wconf 86' lang='lat' dir='ltr'><strong>oravit</strong></span> <span class='ocrx_word' id='word_1_321' title='bbox 1019 3066 1028 3099; x_wconf 92' lang='lat'>;</span> <span class='ocrx_word' id='word_1_322' title='bbox 1048 3060 1177 3088; x_wconf 87' lang='lat' dir='ltr'><strong>etcum</strong></span> <span class='ocrx_word' id='word_1_323' title='bbox 1193 3052 1287 3089; x_wconf 76' lang='lat' dir='ltr'><strong>cxci-</strong></span> 
     </span>
     <span class='ocr_line' id='line_1_47' title="bbox 339 3109 1288 3161; baseline 0.005 -16"><span class='ocrx_word' id='word_1_324' title='bbox 339 3117 445 3145; x_wconf 83' lang='lat' dir='ltr'><strong>tasset</strong></span> <span class='ocrx_word' id='word_1_325' title='bbox 465 3109 575 3154; x_wconf 80' lang='lat' dir='ltr'><strong>illam,</strong></span> <span class='ocrx_word' id='word_1_326' title='bbox 595 3109 735 3148; x_wconf 79' lang='lat' dir='ltr'><strong>vocavit</strong></span> <span class='ocrx_word' id='word_1_327' title='bbox 757 3118 894 3147; x_wconf 88' lang='lat' dir='ltr'><strong>sanctos</strong></span> <span class='ocrx_word' id='word_1_328' title='bbox 910 3119 942 3148; x_wconf 85' lang='lat' dir='ltr'><strong>et</strong></span> <span class='ocrx_word' id='word_1_329' title='bbox 961 3111 1101 3161; x_wconf 84' lang='lat' dir='ltr'><strong>viduas,</strong></span> <span class='ocrx_word' id='word_1_330' title='bbox 1121 3121 1152 3149; x_wconf 88' lang='lat' dir='ltr'><strong>et</strong></span> <span class='ocrx_word' id='word_1_331' title='bbox 1169 3112 1288 3150; x_wconf 85' lang='lat' dir='ltr'><strong>reddi-</strong></span> 
     </span>
     <span class='ocr_line' id='line_1_48' title="bbox 338 3169 1288 3222; baseline 0.005 -16"><span class='ocrx_word' id='word_1_332' title='bbox 338 3169 392 3206; x_wconf 86' lang='lat' dir='ltr'><strong>dit</strong></span> <span class='ocrx_word' id='word_1_333' title='bbox 411 3183 487 3206; x_wconf 88' lang='lat' dir='ltr'><strong>eam</strong></span> <span class='ocrx_word' id='word_1_334' title='bbox 511 3170 643 3207; x_wconf 81' lang='lat' dir='ltr'><strong>vivam.</strong></span> <span class='ocrx_word' id='word_1_335' title='bbox 666 3170 703 3207; x_wconf 92' lang='lat' dir='ltr'><strong>Si</strong></span> <span class='ocrx_word' id='word_1_336' title='bbox 727 3170 933 3208; x_wconf 83' lang='lat' dir='ltr'><strong>memoriam</strong></span> <span class='ocrx_word' id='word_1_337' title='bbox 953 3172 1097 3222; x_wconf 79' lang='lat' dir='ltr'><strong>quaeris,</strong></span> <span class='ocrx_word' id='word_1_338' title='bbox 1119 3172 1147 3210; x_wconf 91' lang='lat' dir='ltr'><strong>si</strong></span> <span class='ocrx_word' id='word_1_339' title='bbox 1167 3187 1288 3212; x_wconf 85' lang='lat' dir='ltr'><strong>veram</strong></span> 
     </span>
     <span class='ocr_line' id='line_1_49' title="bbox 339 3228 1287 3281; baseline 0.005 -16"><span class='ocrx_word' id='word_1_340' title='bbox 339 3228 487 3278; x_wconf 78' lang='lat' dir='ltr'><strong>gloriam</strong></span> <span class='ocrx_word' id='word_1_341' title='bbox 501 3242 611 3275; x_wconf 89' lang='lat' dir='ltr'><strong>amas,</strong></span> <span class='ocrx_word' id='word_1_342' title='bbox 622 3229 713 3267; x_wconf 75' lang='lat' dir='ltr'><strong>lianc</strong></span> <span class='ocrx_word' id='word_1_343' title='bbox 728 3229 879 3277; x_wconf 84' lang='lat' dir='ltr'><strong>imitare,</strong></span> <span class='ocrx_word' id='word_1_344' title='bbox 893 3231 977 3268; x_wconf 85' lang='lat' dir='ltr'><strong>tales</strong></span> <span class='ocrx_word' id='word_1_345' title='bbox 990 3231 1118 3269; x_wconf 90' lang='lat' dir='ltr'><strong>domus</strong></span> <span class='ocrx_word' id='word_1_346' title='bbox 1132 3241 1287 3281; x_wconf 78' lang='lat' dir='ltr'><strong>exstrue,</strong></span> 
     </span>
     <span class='ocr_line' id='line_1_50' title="bbox 338 3289 1288 3344; baseline 0.004 -18"><span class='ocrx_word' id='word_1_347' title='bbox 338 3289 410 3327; x_wconf 86' lang='lat' dir='ltr'><strong>uoli</strong></span> <span class='ocrx_word' id='word_1_348' title='bbox 428 3299 563 3327; x_wconf 82' lang='lat' dir='ltr'><strong>sumtus</strong></span> <span class='ocrx_word' id='word_1_349' title='bbox 578 3299 655 3327; x_wconf 82' lang='lat' dir='ltr'><strong>tuos</strong></span> <span class='ocrx_word' id='word_1_350' title='bbox 676 3289 878 3328; x_wconf 84' lang='lat' dir='ltr'><strong>inanimatis</strong></span> <span class='ocrx_word' id='word_1_351' title='bbox 897 3290 1116 3344; x_wconf 84' lang='lat' dir='ltr'><strong>impendere,</strong></span> <span class='ocrx_word' id='word_1_352' title='bbox 1131 3293 1194 3332; x_wconf 89' lang='lat' dir='ltr'><strong>sed</strong></span> <span class='ocrx_word' id='word_1_353' title='bbox 1207 3308 1288 3331; x_wconf 86' lang='lat' dir='ltr'><strong>cum</strong></span> 
     </span>
     <span class='ocr_line' id='line_1_51' title="bbox 340 3350 1289 3402; baseline 0.006 -15"><span class='ocrx_word' id='word_1_354' title='bbox 340 3350 409 3388; x_wconf 84' lang='lat' dir='ltr'><strong>illis</strong></span> <span class='ocrx_word' id='word_1_355' title='bbox 444 3350 503 3402; x_wconf 80' lang='lat' dir='ltr'><strong>qui</strong></span> <span class='ocrx_word' id='word_1_356' title='bbox 537 3350 695 3401; x_wconf 74' lang='lat' dir='ltr'><strong>ejusdcm</strong></span> <span class='ocrx_word' id='word_1_357' title='bbox 730 3361 809 3389; x_wconf 78' lang='lat' dir='ltr'><strong>sunt</strong></span> <span class='ocrx_word' id='word_1_358' title='bbox 842 3353 976 3402; x_wconf 81' lang='lat' dir='ltr'><strong>generis</strong></span> <span class='ocrx_word' id='word_1_359' title='bbox 1011 3353 1289 3394; x_wconf 73' lang='lat' dir='ltr'><strong>misericordiam</strong></span> 
     </span>
    </p>
   </div>
   <div class='ocr_carea' id='block_1_4' title="bbox 1374 246 2396 488">
    <p class='ocr_par' dir='ltr' id='par_1_6' title="bbox 1374 246 2396 488">
     <span class='ocr_line' id='line_1_52' title="bbox 1376 246 2394 304; baseline 0.011 -21"><span class='ocrx_word' id='word_1_360' title='bbox 1376 246 1522 297; x_wconf 82' lang='grc' dir='ltr'>ἀγροὺς,</span> <span class='ocrx_word' id='word_1_361' title='bbox 1552 247 1611 286; x_wconf 80' lang='grc' dir='ltr'><strong>καὶ</strong></span> <span class='ocrx_word' id='word_1_362' title='bbox 1629 248 1674 287; x_wconf 86' lang='grc' dir='ltr'><strong>τὰ</strong></span> <span class='ocrx_word' id='word_1_363' title='bbox 1703 251 1880 300; x_wconf 83' lang='grc' dir='ltr'>βαλανεῖα.</span> <span class='ocrx_word' id='word_1_364' title='bbox 1910 251 2007 298; x_wconf 78' lang='grc' dir='ltr'>Αὕτη</span> <span class='ocrx_word' id='word_1_365' title='bbox 2032 254 2054 299; x_wconf 79' lang='grc' dir='ltr'>ἡ</span> <span class='ocrx_word' id='word_1_366' title='bbox 2075 253 2196 304; x_wconf 87' lang='grc' dir='ltr'>μνήμη</span> <span class='ocrx_word' id='word_1_367' title='bbox 2215 254 2394 304; x_wconf 83' lang='grc' dir='ltr'>ἀθάνατος,</span> 
     </span>
     <span class='ocr_line' id='line_1_53' title="bbox 1375 305 2395 368; baseline 0.012 -26"><span class='ocrx_word' id='word_1_368' title='bbox 1375 305 1462 353; x_wconf 80' lang='grc' dir='ltr'>αὕτη</span> <span class='ocrx_word' id='word_1_369' title='bbox 1486 310 1507 353; x_wconf 82' lang='grc' dir='ltr'>ἡ</span> <span class='ocrx_word' id='word_1_370' title='bbox 1534 308 1656 359; x_wconf 81' lang='grc' dir='ltr'>μνήμη</span> <span class='ocrx_word' id='word_1_371' title='bbox 1687 310 1818 362; x_wconf 85' lang='grc' dir='ltr'>μυρίων</span> <span class='ocrx_word' id='word_1_372' title='bbox 1839 327 1893 349; x_wconf 92' lang='grc' dir='ltr'><strong>σοι</strong></span> <span class='ocrx_word' id='word_1_373' title='bbox 1912 315 2094 366; x_wconf 81' lang='grc' dir='ltr'>θησαυρῶν</span> <span class='ocrx_word' id='word_1_374' title='bbox 2120 314 2282 368; x_wconf 84' lang='grc' dir='ltr'>πρόξενος</span> <span class='ocrx_word' id='word_1_375' title='bbox 2301 316 2395 367; x_wconf 90' lang='grc' dir='ltr'>γίνε-</span> 
     </span>
     <span class='ocr_line' id='line_1_54' title="bbox 1374 366 2394 427; baseline 0.012 -25"><span class='ocrx_word' id='word_1_376' title='bbox 1374 380 1454 414; x_wconf 87' lang='grc' dir='ltr'>ται,</span> <span class='ocrx_word' id='word_1_377' title='bbox 1479 366 1566 414; x_wconf 82' lang='grc' dir='ltr'>αὕτη</span> <span class='ocrx_word' id='word_1_378' title='bbox 1591 372 1612 415; x_wconf 81' lang='grc' dir='ltr'>ἡ</span> <span class='ocrx_word' id='word_1_379' title='bbox 1640 369 1762 420; x_wconf 80' lang='grc' dir='ltr'>μνήμη</span> <span class='ocrx_word' id='word_1_380' title='bbox 1790 376 1850 410; x_wconf 82' lang='grc' dir='ltr'><strong>τοῦ</strong></span> <span class='ocrx_word' id='word_1_381' title='bbox 1878 372 2017 424; x_wconf 78' lang='grc' dir='ltr'>φορτίου</span> <span class='ocrx_word' id='word_1_382' title='bbox 2037 375 2106 411; x_wconf 81' lang='grc' dir='ltr'><strong>τῶν</strong></span> <span class='ocrx_word' id='word_1_383' title='bbox 2126 376 2394 427; x_wconf 81' lang='grc' dir='ltr'>ἁμαρτημάτων</span> 
     </span>
     <span class='ocr_line' id='line_1_55' title="bbox 1374 427 2396 488; baseline 0.011 -25"><span class='ocrx_word' id='word_1_384' title='bbox 1374 427 1595 478; x_wconf 76' lang='grc' dir='ltr'>κουφίζουσα,</span> <span class='ocrx_word' id='word_1_385' title='bbox 1613 429 1747 476; x_wconf 88' lang='grc' dir='ltr'>πολλήν</span> <span class='ocrx_word' id='word_1_386' title='bbox 1767 446 1821 468; x_wconf 90' lang='grc' dir='ltr'><strong>σοι</strong></span> <span class='ocrx_word' id='word_1_387' title='bbox 1835 433 1898 478; x_wconf 77' lang='grc' dir='ltr'><strong>τὴν</strong></span> <span class='ocrx_word' id='word_1_388' title='bbox 1914 433 2112 484; x_wconf 76' lang='grc' dir='ltr'>παῤῥησίαν</span> <span class='ocrx_word' id='word_1_389' title='bbox 2128 435 2284 487; x_wconf 85' lang='grc' dir='ltr'>προξενεῖ</span> <span class='ocrx_word' id='word_1_390' title='bbox 2299 435 2396 488; x_wconf 87' lang='grc' dir='ltr'>παρὰ</span> 
     </span>
    </p>
   </div>
   <div class='ocr_carea' id='block_1_5' title="bbox 1373 488 2421 548">
    <p class='ocr_par' dir='ltr' id='par_1_7' title="bbox 1373 488 2421 548">
     <span class='ocr_line' id='line_1_56' title="bbox 1373 488 2421 548; baseline 0.01 -24"><span class='ocrx_word' id='word_1_391' title='bbox 1373 489 1424 538; x_wconf 84' lang='grc' dir='ltr'><strong>τῷ</strong></span> <span class='ocrx_word' id='word_1_392' title='bbox 1440 488 1615 541; x_wconf 83' lang='grc' dir='ltr'>Δεσπότῃ.</span> <span class='ocrx_word' id='word_1_393' title='bbox 1636 490 1822 537; x_wconf 86' lang='grc' dir='ltr'>Ἐννόησον</span> <span class='ocrx_word' id='word_1_394' title='bbox 1843 492 1909 543; x_wconf 85' lang='grc' dir='ltr'><strong>γάρ</strong></span> <span class='ocrx_word' id='word_1_395' title='bbox 1930 509 1989 543; x_wconf 89' lang='grc' dir='ltr'><strong>μοι</strong></span> <span class='ocrx_word' id='word_1_396' title='bbox 2004 495 2063 532; x_wconf 83' lang='grc' dir='ltr'>’καὶ</span> <span class='ocrx_word' id='word_1_397' title='bbox 2078 495 2166 534; x_wconf 74' lang='grc' dir='ltr'>αὐτὰ</span> <span class='ocrx_word' id='word_1_398' title='bbox 2180 495 2226 534; x_wconf 84' lang='grc' dir='ltr'><strong>τὰ</strong></span> <span class='ocrx_word' id='word_1_399' title='bbox 2243 497 2397 548; x_wconf 78' lang='grc' dir='ltr'>ῥήματα,</span> <span class='ocrx_word' id='word_1_400' title='bbox 2418 519 2421 520; x_wconf 44' lang='grc'>’</span> 
     </span>
    </p>
   </div>
   <div class='ocr_carea' id='block_1_6' title="bbox 1361 548 2398 3043">
    <p class='ocr_par' dir='ltr' id='par_1_8' title="bbox 1368 548 2398 1278">
     <span class='ocr_line' id='line_1_57' title="bbox 1377 548 2398 608; baseline 0.01 -23"><span class='ocrx_word' id='word_1_401' title='bbox 1377 548 1466 600; x_wconf 88' lang='grc' dir='ltr'>ἅπερ</span> <span class='ocrx_word' id='word_1_402' title='bbox 1497 548 1643 594; x_wconf 77' lang='grc' dir='ltr'>ἕκαστος</span> <span class='ocrx_word' id='word_1_403' title='bbox 1669 550 1790 601; x_wconf 83' lang='grc' dir='ltr'>μέλλει</span> <span class='ocrx_word' id='word_1_404' title='bbox 1819 552 1950 603; x_wconf 81' lang='grc' dir='ltr'>λέγειν,</span> <span class='ocrx_word' id='word_1_405' title='bbox 1984 554 2041 592; x_wconf 83' lang='grc' dir='ltr'><strong>τὸν</strong></span> <span class='ocrx_word' id='word_1_406' title='bbox 2062 555 2234 605; x_wconf 76' lang='grc' dir='ltr'>ἐλεήμονα</span> <span class='ocrx_word' id='word_1_407' title='bbox 2261 557 2320 594; x_wconf 85' lang='grc' dir='ltr'><strong>καὶ</strong></span> <span class='ocrx_word' id='word_1_408' title='bbox 2338 572 2398 608; x_wconf 82' lang='grc' dir='ltr'><strong>φι-</strong></span> 
     </span>
     <span class='ocr_line' id='line_1_58' title="bbox 1376 609 2397 667; baseline 0.009 -20"><span class='ocrx_word' id='word_1_409' title='bbox 1376 609 1592 662; x_wconf 85' lang='grc' dir='ltr'>λάνθρωπον,</span> <span class='ocrx_word' id='word_1_410' title='bbox 1609 611 1666 649; x_wconf 84' lang='grc' dir='ltr'><strong>τὸν</strong></span> <span class='ocrx_word' id='word_1_411' title='bbox 1686 615 1821 659; x_wconf 74' lang='grc' dir='ltr'>ἐπιεικῆ</span> <span class='ocrx_word' id='word_1_412' title='bbox 1835 644 1844 660; x_wconf 94' lang='grc'>,</span> <span class='ocrx_word' id='word_1_413' title='bbox 1862 613 1921 651; x_wconf 77' lang='grc' dir='ltr'><strong>τὸν</strong></span> <span class='ocrx_word' id='word_1_414' title='bbox 1938 616 2104 667; x_wconf 81' lang='grc' dir='ltr'>χρηστὸν,</span> <span class='ocrx_word' id='word_1_415' title='bbox 2124 617 2181 655; x_wconf 82' lang='grc' dir='ltr'><strong>τὸν</strong></span> <span class='ocrx_word' id='word_1_416' title='bbox 2203 617 2290 667; x_wconf 76' lang='grc' dir='ltr'>μετὰ</span> <span class='ocrx_word' id='word_1_417' title='bbox 2313 619 2397 656; x_wconf 89' lang='grc' dir='ltr'>πολ-</span> 
     </span>
     <span class='ocr_line' id='line_1_59' title="bbox 1375 670 2397 730; baseline 0.009 -22"><span class='ocrx_word' id='word_1_418' title='bbox 1375 671 1438 717; x_wconf 74' lang='grc' dir='ltr'><strong>λῆς</strong></span> <span class='ocrx_word' id='word_1_419' title='bbox 1457 673 1637 724; x_wconf 80' lang='grc' dir='ltr'>δαψιλείας</span> <span class='ocrx_word' id='word_1_420' title='bbox 1666 673 1903 724; x_wconf 83' lang='grc' dir='ltr'>διανείμαντα.</span> <span class='ocrx_word' id='word_1_421' title='bbox 1940 670 2153 728; x_wconf 83' lang='grc' dir='ltr'>Ἐσκόρπισε</span> <span class='ocrx_word' id='word_1_422' title='bbox 2172 677 2260 730; x_wconf 86' lang='grc' dir='ltr'>γὰρ,</span> <span class='ocrx_word' id='word_1_423' title='bbox 2280 679 2397 730; x_wconf 82' lang='grc' dir='ltr'>φησὶν,</span> 
     </span>
     <span class='ocr_line' id='line_1_60' title="bbox 1375 731 2396 789; baseline 0.008 -20"><span class='ocrx_word' id='word_1_424' title='bbox 1375 731 1482 771; x_wconf 84' lang='grc' dir='ltr'>ἔδωκε</span> <span class='ocrx_word' id='word_1_425' title='bbox 1500 741 1570 777; x_wconf 89' lang='grc' dir='ltr'>τοῖς</span> <span class='ocrx_word' id='word_1_426' title='bbox 1594 735 1738 782; x_wconf 86' lang='grc' dir='ltr'>πένησιν</span> <span class='ocrx_word' id='word_1_427' title='bbox 1752 751 1759 758; x_wconf 91' lang='grc'><em>·</em></span> <span class='ocrx_word' id='word_1_428' title='bbox 1780 739 1801 782; x_wconf 81' lang='grc' dir='ltr'>ἡ</span> <span class='ocrx_word' id='word_1_429' title='bbox 1823 736 2022 785; x_wconf 84' lang='grc' dir='ltr'>δικαιοσύνη</span> <span class='ocrx_word' id='word_1_430' title='bbox 2041 740 2144 776; x_wconf 83' lang='grc' dir='ltr'>αὐτοῦ</span> <span class='ocrx_word' id='word_1_431' title='bbox 2162 739 2255 789; x_wconf 84' lang='grc' dir='ltr'>μένει</span> <span class='ocrx_word' id='word_1_432' title='bbox 2273 740 2320 783; x_wconf 85' lang='grc' dir='ltr'><strong>εἷς</strong></span> <span class='ocrx_word' id='word_1_433' title='bbox 2337 740 2396 778; x_wconf 83' lang='grc' dir='ltr'><strong>τὸν</strong></span> 
     </span>
     <span class='ocr_line' id='line_1_61' title="bbox 1376 795 2395 850; baseline 0.008 -20"><span class='ocrx_word' id='word_1_434' title='bbox 1376 795 1496 832; x_wconf 81' lang='grc' dir='ltr'>αἰῶνα.</span> <span class='ocrx_word' id='word_1_435' title='bbox 1538 797 1702 834; x_wconf 75' lang='grc' dir='ltr'>Τοιοῦτον</span> <span class='ocrx_word' id='word_1_436' title='bbox 1746 796 1814 849; x_wconf 83' lang='grc' dir='ltr'><strong>γὰρ</strong></span> <span class='ocrx_word' id='word_1_437' title='bbox 1847 799 1865 834; x_wconf 85' lang='grc' dir='ltr'><strong>ὃ</strong></span> <span class='ocrx_word' id='word_1_438' title='bbox 1898 801 1968 835; x_wconf 83' lang='grc' dir='ltr'><strong>τῶν</strong></span> <span class='ocrx_word' id='word_1_439' title='bbox 1998 799 2190 850; x_wconf 76' lang='grc' dir='ltr'>χρημάτων</span> <span class='ocrx_word' id='word_1_440' title='bbox 2223 801 2369 843; x_wconf 79' lang='grc' dir='ltr'>πλοῦτος</span> <span class='ocrx_word' id='word_1_441' title='bbox 2387 815 2395 823; x_wconf 96' lang='grc'>·</span> 
     </span>
     <span class='ocr_line' id='line_1_62' title="bbox 1372 855 2394 913; baseline 0.008 -22"><span class='ocrx_word' id='word_1_442' title='bbox 1372 855 1640 907; x_wconf 84' lang='grc' dir='ltr'>σκορπιζόμενος</span> <span class='ocrx_word' id='word_1_443' title='bbox 1673 859 1805 908; x_wconf 77' lang='grc' dir='ltr'>μᾶλλον</span> <span class='ocrx_word' id='word_1_444' title='bbox 1844 858 2040 910; x_wconf 78' lang='grc' dir='ltr'>παραμένει</span> <span class='ocrx_word' id='word_1_445' title='bbox 2058 875 2065 883; x_wconf 89' lang='grc'><em>·</em></span> <span class='ocrx_word' id='word_1_446' title='bbox 2104 860 2332 913; x_wconf 74' lang='grc' dir='ltr'>συνεχόμενος</span> <span class='ocrx_word' id='word_1_447' title='bbox 2358 861 2394 899; x_wconf 84' lang='grc' dir='ltr'><strong>δὲ</strong></span> 
     </span>
     <span class='ocr_line' id='line_1_63' title="bbox 1371 915 2394 974; baseline 0.008 -22"><span class='ocrx_word' id='word_1_448' title='bbox 1371 915 1431 953; x_wconf 84' lang='grc' dir='ltr'><strong>καὶ</strong></span> <span class='ocrx_word' id='word_1_449' title='bbox 1468 917 1561 955; x_wconf 80' lang='grc' dir='ltr'>ἔνδον</span> <span class='ocrx_word' id='word_1_450' title='bbox 1588 919 1856 969; x_wconf 82' lang='grc' dir='ltr'>ἀποκλειόμενος</span> <span class='ocrx_word' id='word_1_451' title='bbox 1879 920 1939 958; x_wconf 83' lang='grc' dir='ltr'><strong>καὶ</strong></span> <span class='ocrx_word' id='word_1_452' title='bbox 1963 919 2043 964; x_wconf 74' lang='grc' dir='ltr'>τοὺς</span> <span class='ocrx_word' id='word_1_453' title='bbox 2071 921 2283 974; x_wconf 81' lang='grc' dir='ltr'>κατέχοντας</span> <span class='ocrx_word' id='word_1_454' title='bbox 2314 939 2394 960; x_wconf 90' lang='grc' dir='ltr'>συν-</span> 
     </span>
     <span class='ocr_line' id='line_1_64' title="bbox 1372 976 2392 1034; baseline 0.007 -21"><span class='ocrx_word' id='word_1_455' title='bbox 1372 976 1572 1016; x_wconf 91' lang='grc' dir='ltr'>απόλλυσιν.</span> <span class='ocrx_word' id='word_1_456' title='bbox 1605 980 1819 1032; x_wconf 83' lang='grc' dir='ltr'>Ἐσκόρπισε</span> <span class='ocrx_word' id='word_1_457' title='bbox 1834 981 1925 1034; x_wconf 82' lang='grc' dir='ltr'>γὰρ,</span> <span class='ocrx_word' id='word_1_458' title='bbox 1943 982 2059 1033; x_wconf 78' lang='grc' dir='ltr'>φησὶν,</span> <span class='ocrx_word' id='word_1_459' title='bbox 2078 983 2185 1021; x_wconf 80' lang='grc' dir='ltr'>ἔδωκε</span> <span class='ocrx_word' id='word_1_460' title='bbox 2202 989 2273 1027; x_wconf 87' lang='grc' dir='ltr'>τοῖς</span> <span class='ocrx_word' id='word_1_461' title='bbox 2288 983 2392 1030; x_wconf 88' lang='grc' dir='ltr'>πένη-</span> 
     </span>
     <span class='ocr_line' id='line_1_65' title="bbox 1371 1039 2392 1090; baseline 0.007 -15"><span class='ocrx_word' id='word_1_462' title='bbox 1371 1053 1436 1075; x_wconf 92' lang='grc' dir='ltr'>σιν.</span> <span class='ocrx_word' id='word_1_463' title='bbox 1468 1039 1562 1076; x_wconf 82' lang='grc' dir='ltr'>Ἀλλ’</span> <span class='ocrx_word' id='word_1_464' title='bbox 1592 1040 1696 1078; x_wconf 87' lang='grc' dir='ltr'>ἄκουε</span> <span class='ocrx_word' id='word_1_465' title='bbox 1725 1041 1785 1078; x_wconf 84' lang='grc' dir='ltr'><strong>καὶ</strong></span> <span class='ocrx_word' id='word_1_466' title='bbox 1803 1043 1872 1078; x_wconf 84' lang='grc' dir='ltr'><strong>τῶν</strong></span> <span class='ocrx_word' id='word_1_467' title='bbox 1888 1041 1966 1087; x_wconf 73' lang='grc' dir='ltr'>ἑξῆς</span> <span class='ocrx_word' id='word_1_468' title='bbox 1981 1057 1988 1065; x_wconf 87' lang='grc'><em>·</em></span> <span class='ocrx_word' id='word_1_469' title='bbox 2007 1042 2052 1080; x_wconf 87' lang='lat' dir='ltr'><strong>‘H</strong></span> <span class='ocrx_word' id='word_1_470' title='bbox 2074 1043 2271 1090; x_wconf 82' lang='grc' dir='ltr'>δικαιοσύνη</span> <span class='ocrx_word' id='word_1_471' title='bbox 2289 1045 2392 1083; x_wconf 78' lang='grc' dir='ltr'>αὐτοῦ</span> 
     </span>
     <span class='ocr_line' id='line_1_66' title="bbox 1370 1098 2390 1156; baseline 0.009 -22"><span class='ocrx_word' id='word_1_472' title='bbox 1370 1098 1467 1147; x_wconf 81' lang='grc' dir='ltr'>μένει</span> <span class='ocrx_word' id='word_1_473' title='bbox 1500 1102 1547 1143; x_wconf 91' lang='grc' dir='ltr'><strong>εἷς</strong></span> <span class='ocrx_word' id='word_1_474' title='bbox 1569 1100 1628 1138; x_wconf 83' lang='grc' dir='ltr'><strong>τὸν</strong></span> <span class='ocrx_word' id='word_1_475' title='bbox 1655 1103 1776 1139; x_wconf 78' lang='grc' dir='ltr'>αἰῶνα.</span> <span class='ocrx_word' id='word_1_476' title='bbox 1824 1101 1885 1140; x_wconf 85' lang='grc' dir='ltr'><strong>Ἔν</strong></span> <span class='ocrx_word' id='word_1_477' title='bbox 1915 1109 1979 1154; x_wconf 76' lang='grc' dir='ltr'><strong>μιᾷ</strong></span> <span class='ocrx_word' id='word_1_478' title='bbox 2006 1102 2124 1156; x_wconf 67' lang='grc' dir='ltr'>ἡμέρα</span> <span class='ocrx_word' id='word_1_479' title='bbox 2151 1104 2210 1142; x_wconf 85' lang='grc' dir='ltr'><strong>τὸν</strong></span> <span class='ocrx_word' id='word_1_480' title='bbox 2241 1106 2390 1143; x_wconf 81' lang='grc' dir='ltr'>πλοῦτον</span> 
     </span>
     <span class='ocr_line' id='line_1_67' title="bbox 1368 1158 2390 1211; baseline 0.007 -15"><span class='ocrx_word' id='word_1_481' title='bbox 1368 1158 1571 1211; x_wconf 86' lang='grc' dir='ltr'>ἐσκόρπισε,</span> <span class='ocrx_word' id='word_1_482' title='bbox 1604 1161 1663 1199; x_wconf 76' lang='grc' dir='ltr'><strong>καὶ</strong></span> <span class='ocrx_word' id='word_1_483' title='bbox 1695 1164 1716 1207; x_wconf 83' lang='grc' dir='ltr'>ἡ</span> <span class='ocrx_word' id='word_1_484' title='bbox 1751 1162 1950 1208; x_wconf 78' lang='grc' dir='ltr'>δικαιοσύνη</span> <span class='ocrx_word' id='word_1_485' title='bbox 1983 1165 2087 1202; x_wconf 78' lang='grc' dir='ltr'>αὐτοῦ</span> <span class='ocrx_word' id='word_1_486' title='bbox 2115 1166 2162 1207; x_wconf 84' lang='grc' dir='ltr'><strong>εἰς</strong></span> <span class='ocrx_word' id='word_1_487' title='bbox 2187 1164 2304 1202; x_wconf 89' lang='grc' dir='ltr'>πάντα</span> <span class='ocrx_word' id='word_1_488' title='bbox 2332 1165 2390 1204; x_wconf 88' lang='grc' dir='ltr'><strong>τὸν</strong></span> 
     </span>
     <span class='ocr_line' id='line_1_68' title="bbox 1370 1222 2390 1278; baseline 0.007 -21"><span class='ocrx_word' id='word_1_489' title='bbox 1370 1222 1479 1259; x_wconf 85' lang='grc' dir='ltr'>αἰῶνα</span> <span class='ocrx_word' id='word_1_490' title='bbox 1500 1222 1676 1272; x_wconf 84' lang='grc' dir='ltr'>διαμένει,</span> <span class='ocrx_word' id='word_1_491' title='bbox 1697 1223 1757 1261; x_wconf 79' lang='grc' dir='ltr'><strong>καὶ</strong></span> <span class='ocrx_word' id='word_1_492' title='bbox 1772 1223 1833 1270; x_wconf 77' lang='grc' dir='ltr'><strong>τὴν</strong></span> <span class='ocrx_word' id='word_1_493' title='bbox 1853 1223 1995 1275; x_wconf 79' lang='grc' dir='ltr'>μνήμην</span> <span class='ocrx_word' id='word_1_494' title='bbox 2013 1225 2182 1263; x_wconf 88' lang='grc' dir='ltr'>ἀθάνατον</span> <span class='ocrx_word' id='word_1_495' title='bbox 2197 1225 2390 1278; x_wconf 84' lang='grc' dir='ltr'>ἐργάζεται.</span> 
     </span>
    </p>

    <p class='ocr_par' dir='ltr' id='par_1_9' title="bbox 1361 1276 2391 3043">
     <span class='ocr_line' id='line_1_69' title="bbox 1421 1276 2390 1338; baseline 0.006 -19"><span class='ocrx_word' id='word_1_496' title='bbox 1421 1276 1521 1325; x_wconf 70' lang='grc' dir='ltr'>Εἶδες</span> <span class='ocrx_word' id='word_1_497' title='bbox 1551 1284 1693 1334; x_wconf 85' lang='grc' dir='ltr'>μνήμην</span> <span class='ocrx_word' id='word_1_498' title='bbox 1721 1285 1827 1323; x_wconf 84' lang='grc' dir='ltr'>παντὶ</span> <span class='ocrx_word' id='word_1_499' title='bbox 1853 1287 1904 1336; x_wconf 81' lang='grc' dir='ltr'><strong>τῷ</strong></span> <span class='ocrx_word' id='word_1_500' title='bbox 1928 1287 2027 1323; x_wconf 83' lang='grc' dir='ltr'>αἰῶνι</span> <span class='ocrx_word' id='word_1_501' title='bbox 2052 1286 2390 1338; x_wconf 72' lang='grc' dir='ltr'>παρεκτεινομένην,</span> 
     </span>
     <span class='ocr_line' id='line_1_70' title="bbox 1366 1336 2391 1398; baseline 0.005 -17"><span class='ocrx_word' id='word_1_502' title='bbox 1366 1336 1453 1387; x_wconf 67' lang='grc' dir='ltr'>εἶδες</span> <span class='ocrx_word' id='word_1_503' title='bbox 1467 1344 1610 1394; x_wconf 81' lang='grc' dir='ltr'>μνήμην</span> <span class='ocrx_word' id='word_1_504' title='bbox 1628 1345 1789 1396; x_wconf 78' lang='grc' dir='ltr'>μεγάλων</span> <span class='ocrx_word' id='word_1_505' title='bbox 1807 1346 1864 1383; x_wconf 83' lang='grc' dir='ltr'><strong>καὶ</strong></span> <span class='ocrx_word' id='word_1_506' title='bbox 1884 1346 2092 1398; x_wconf 82' lang='grc' dir='ltr'>ἀποῤῥήτων</span> <span class='ocrx_word' id='word_1_507' title='bbox 2112 1347 2287 1398; x_wconf 82' lang='grc' dir='ltr'>γέμουσαν</span> <span class='ocrx_word' id='word_1_508' title='bbox 2303 1351 2391 1398; x_wconf 88' lang='grc' dir='ltr'>ἀγα-</span> 
     </span>
     <span class='ocr_line' id='line_1_71' title="bbox 1367 1404 2389 1457; baseline 0.005 -16"><span class='ocrx_word' id='word_1_509' title='bbox 1367 1406 1455 1452; x_wconf 68' lang='grc' dir='ltr'>θῶν,</span> <span class='ocrx_word' id='word_1_510' title='bbox 1487 1404 1556 1443; x_wconf 77' lang='grc' dir='ltr'><strong>Διὰ</strong></span> <span class='ocrx_word' id='word_1_511' title='bbox 1581 1405 1742 1443; x_wconf 81' lang='grc' dir='ltr'>τοιούτων</span> <span class='ocrx_word' id='word_1_512' title='bbox 1772 1407 1963 1456; x_wconf 80' lang='grc' dir='ltr'>οἰκοδομῶν</span> <span class='ocrx_word' id='word_1_513' title='bbox 1985 1407 2260 1457; x_wconf 82' lang='grc' dir='ltr'>μνημονεύεσθαι</span> <span class='ocrx_word' id='word_1_514' title='bbox 2279 1424 2389 1447; x_wconf 91' lang='grc' dir='ltr'>σπου-</span> 
     </span>
     <span class='ocr_line' id='line_1_72' title="bbox 1368 1465 2390 1519; baseline 0.003 -16"><span class='ocrx_word' id='word_1_515' title='bbox 1368 1465 1536 1515; x_wconf 85' lang='grc' dir='ltr'>δάζωμεν.</span> <span class='ocrx_word' id='word_1_516' title='bbox 1577 1469 1621 1504; x_wconf 79' lang='grc' dir='ltr'><strong>Αἱ</strong></span> <span class='ocrx_word' id='word_1_517' title='bbox 1641 1466 1708 1518; x_wconf 83' lang='grc' dir='ltr'><strong>γὰρ</strong></span> <span class='ocrx_word' id='word_1_518' title='bbox 1725 1465 1782 1504; x_wconf 78' lang='grc' dir='ltr'><strong>διὰ</strong></span> <span class='ocrx_word' id='word_1_519' title='bbox 1796 1469 1865 1504; x_wconf 82' lang='grc' dir='ltr'><strong>τῶν</strong></span> <span class='ocrx_word' id='word_1_520' title='bbox 1884 1467 1987 1505; x_wconf 87' lang='grc' dir='ltr'>λίθων</span> <span class='ocrx_word' id='word_1_521' title='bbox 2005 1470 2042 1506; x_wconf 81' lang='grc' dir='ltr'>οὐ</span> <span class='ocrx_word' id='word_1_522' title='bbox 2064 1468 2167 1518; x_wconf 84' lang='grc' dir='ltr'>μόνον</span> <span class='ocrx_word' id='word_1_523' title='bbox 2184 1472 2278 1519; x_wconf 78' lang='grc' dir='ltr'>ἡμᾶς</span> <span class='ocrx_word' id='word_1_524' title='bbox 2293 1469 2390 1508; x_wconf 72' lang='grc' dir='ltr'>οὐδὲν</span> 
     </span>
     <span class='ocr_line' id='line_1_73' title="bbox 1366 1526 2390 1578; baseline 0.003 -14"><span class='ocrx_word' id='word_1_525' title='bbox 1366 1528 1544 1578; x_wconf 75' lang='grc' dir='ltr'>ὠφελῆσαι</span> <span class='ocrx_word' id='word_1_526' title='bbox 1564 1526 1744 1575; x_wconf 86' lang='grc' dir='ltr'>δύνανται,</span> <span class='ocrx_word' id='word_1_527' title='bbox 1767 1527 1856 1565; x_wconf 80' lang='grc' dir='ltr'>ἀλλὰ</span> <span class='ocrx_word' id='word_1_528' title='bbox 1885 1528 1945 1566; x_wconf 80' lang='grc' dir='ltr'><strong>καὶ</strong></span> <span class='ocrx_word' id='word_1_529' title='bbox 1966 1528 2043 1566; x_wconf 77' lang='grc' dir='ltr'>ἀντὶ</span> <span class='ocrx_word' id='word_1_530' title='bbox 2062 1528 2192 1575; x_wconf 84' lang='grc' dir='ltr'>στήλης</span> <span class='ocrx_word' id='word_1_531' title='bbox 2213 1531 2390 1576; x_wconf 79' lang='grc' dir='ltr'>διηνεκοῦς</span> 
     </span>
     <span class='ocr_line' id='line_1_74' title="bbox 1365 1589 2389 1640; baseline 0.003 -15"><span class='ocrx_word' id='word_1_532' title='bbox 1365 1589 1465 1637; x_wconf 82' lang='grc' dir='ltr'>ἡμῶν</span> <span class='ocrx_word' id='word_1_533' title='bbox 1494 1589 1643 1640; x_wconf 75' lang='grc' dir='ltr'>λαμπρᾷ</span> <span class='ocrx_word' id='word_1_534' title='bbox 1662 1591 1705 1639; x_wconf 82' lang='grc' dir='ltr'><strong>τῇ</strong></span> <span class='ocrx_word' id='word_1_535' title='bbox 1728 1591 1824 1640; x_wconf 76' lang='grc' dir='ltr'>φωνῇ</span> <span class='ocrx_word' id='word_1_536' title='bbox 1850 1589 2062 1628; x_wconf 66' lang='grc' dir='ltr'>καταὲοῶσι.</span> <span class='ocrx_word' id='word_1_537' title='bbox 2100 1589 2171 1627; x_wconf 83' lang='grc' dir='ltr'><strong>Καὶ</strong></span> <span class='ocrx_word' id='word_1_538' title='bbox 2191 1589 2236 1627; x_wconf 85' lang='grc' dir='ltr'><strong>τὰ</strong></span> <span class='ocrx_word' id='word_1_539' title='bbox 2263 1589 2326 1639; x_wconf 80' lang='grc' dir='ltr'><strong>μὲν</strong></span> <span class='ocrx_word' id='word_1_540' title='bbox 2350 1593 2389 1628; x_wconf 83' lang='grc' dir='ltr'><strong>ἐκ</strong></span> 
     </span>
     <span class='ocr_line' id='line_1_75' title="bbox 1365 1648 2387 1701; baseline 0.004 -16"><span class='ocrx_word' id='word_1_541' title='bbox 1365 1648 1495 1685; x_wconf 81' lang='grc' dir='ltr'>τούτων</span> <span class='ocrx_word' id='word_1_542' title='bbox 1520 1648 1762 1700; x_wconf 81' lang='grc' dir='ltr'>ἁμαρτήματα</span> <span class='ocrx_word' id='word_1_543' title='bbox 1789 1649 1887 1686; x_wconf 77' lang='grc' dir='ltr'>αὐτοὶ</span> <span class='ocrx_word' id='word_1_544' title='bbox 1907 1649 2044 1701; x_wconf 68' lang='grc' dir='ltr'>ἔχοντες</span> <span class='ocrx_word' id='word_1_545' title='bbox 2063 1649 2193 1700; x_wconf 84' lang='grc' dir='ltr'>ἄπιμεν</span> <span class='ocrx_word' id='word_1_546' title='bbox 2209 1680 2218 1698; x_wconf 88' lang='grc'>,</span> <span class='ocrx_word' id='word_1_547' title='bbox 2241 1650 2329 1688; x_wconf 72' lang='grc' dir='ltr'>αὐτὰ</span> <span class='ocrx_word' id='word_1_548' title='bbox 2352 1651 2387 1689; x_wconf 83' lang='grc' dir='ltr'><strong>δὲ</strong></span> 
     </span>
     <span class='ocr_line' id='line_1_76' title="bbox 1364 1709 2389 1764; baseline 0.002 -16"><span class='ocrx_word' id='word_1_549' title='bbox 1364 1709 1616 1753; x_wconf 82' lang='grc' dir='ltr'>καταλιπόντες</span> <span class='ocrx_word' id='word_1_550' title='bbox 1642 1712 1805 1758; x_wconf 76' lang='grc' dir='ltr'>ἐνταῦθα,</span> <span class='ocrx_word' id='word_1_551' title='bbox 1835 1710 1909 1748; x_wconf 83' lang='grc' dir='ltr'>οὐδὲ</span> <span class='ocrx_word' id='word_1_552' title='bbox 1936 1715 1999 1757; x_wconf 72' lang='grc' dir='ltr'><strong>τῆς</strong></span> <span class='ocrx_word' id='word_1_553' title='bbox 2021 1713 2158 1764; x_wconf 72' lang='grc' dir='ltr'>ψυχρᾶς</span> <span class='ocrx_word' id='word_1_554' title='bbox 2183 1712 2313 1759; x_wconf 80' lang='grc' dir='ltr'>ἐκείνης</span> <span class='ocrx_word' id='word_1_555' title='bbox 2329 1713 2389 1751; x_wconf 80' lang='grc' dir='ltr'><strong>καὶ</strong></span> 
     </span>
     <span class='ocr_line' id='line_1_77' title="bbox 1365 1770 2389 1822; baseline 0.004 -14"><span class='ocrx_word' id='word_1_556' title='bbox 1365 1770 1529 1817; x_wconf 85' lang='grc' dir='ltr'>ἀνονήτου</span> <span class='ocrx_word' id='word_1_557' title='bbox 1557 1773 1640 1821; x_wconf 86' lang='grc' dir='ltr'>παρ’</span> <span class='ocrx_word' id='word_1_558' title='bbox 1664 1773 1775 1809; x_wconf 81' lang='grc' dir='ltr'>αὐτῶν</span> <span class='ocrx_word' id='word_1_559' title='bbox 1795 1771 1936 1821; x_wconf 85' lang='grc' dir='ltr'>μνήμης</span> <span class='ocrx_word' id='word_1_560' title='bbox 1956 1771 2162 1822; x_wconf 82' lang='grc' dir='ltr'>ἀξιούμεθα·</span> <span class='ocrx_word' id='word_1_561' title='bbox 2195 1773 2286 1811; x_wconf 83' lang='grc' dir='ltr'>ἀλλὰ</span> <span class='ocrx_word' id='word_1_562' title='bbox 2312 1780 2389 1817; x_wconf 85' lang='grc' dir='ltr'>ταῖς</span> 
     </span>
     <span class='ocr_line' id='line_1_78' title="bbox 1365 1829 2390 1885; baseline 0.003 -18"><span class='ocrx_word' id='word_1_563' title='bbox 1365 1829 1428 1880; x_wconf 79' lang='grc' dir='ltr'><strong>μὲν</strong></span> <span class='ocrx_word' id='word_1_564' title='bbox 1458 1831 1684 1883; x_wconf 81' lang='grc' dir='ltr'>κατηγορίαις</span> <span class='ocrx_word' id='word_1_565' title='bbox 1712 1831 1934 1883; x_wconf 85' lang='grc' dir='ltr'>βαλλόμεθα,</span> <span class='ocrx_word' id='word_1_566' title='bbox 1961 1835 1982 1878; x_wconf 82' lang='grc' dir='ltr'>ἡ</span> <span class='ocrx_word' id='word_1_567' title='bbox 2001 1833 2036 1870; x_wconf 79' lang='grc' dir='ltr'><strong>δὲ</strong></span> <span class='ocrx_word' id='word_1_568' title='bbox 2058 1832 2276 1885; x_wconf 85' lang='grc' dir='ltr'>προσηγορία</span> <span class='ocrx_word' id='word_1_569' title='bbox 2294 1836 2390 1884; x_wconf 86' lang='grc' dir='ltr'>μεθί-</span> 
     </span>
     <span class='ocr_line' id='line_1_79' title="bbox 1364 1892 2390 1946; baseline 0.003 -16"><span class='ocrx_word' id='word_1_570' title='bbox 1364 1908 1487 1930; x_wconf 88' lang='grc' dir='ltr'>σταται</span> <span class='ocrx_word' id='word_1_571' title='bbox 1512 1892 1637 1936; x_wconf 81' lang='grc' dir='ltr'>εὒθέως</span> <span class='ocrx_word' id='word_1_572' title='bbox 1665 1895 1712 1936; x_wconf 89' lang='grc' dir='ltr'><strong>εἷς</strong></span> <span class='ocrx_word' id='word_1_573' title='bbox 1731 1892 1859 1944; x_wconf 76' lang='grc' dir='ltr'>ἕτερον.</span> <span class='ocrx_word' id='word_1_574' title='bbox 1892 1893 1963 1931; x_wconf 81' lang='grc' dir='ltr'><strong>Καὶ</strong></span> <span class='ocrx_word' id='word_1_575' title='bbox 1989 1893 2056 1946; x_wconf 82' lang='grc' dir='ltr'><strong>γὰρ</strong></span> <span class='ocrx_word' id='word_1_576' title='bbox 2078 1892 2186 1938; x_wconf 77' lang='grc' dir='ltr'>οὕτως</span> <span class='ocrx_word' id='word_1_577' title='bbox 2205 1894 2278 1946; x_wconf 75' lang='grc' dir='ltr'>ἔχει</span> <span class='ocrx_word' id='word_1_578' title='bbox 2292 1910 2300 1918; x_wconf 91' lang='grc'><em>·</em></span> <span class='ocrx_word' id='word_1_579' title='bbox 2320 1895 2390 1934; x_wconf 82' lang='grc' dir='ltr'>ἀπὸ</span> 
     </span>
     <span class='ocr_line' id='line_1_80' title="bbox 1363 1952 2388 2005; baseline 0.002 -14"><span class='ocrx_word' id='word_1_580' title='bbox 1363 1952 1485 1992; x_wconf 87' lang='grc' dir='ltr'>τούτου</span> <span class='ocrx_word' id='word_1_581' title='bbox 1516 1955 1562 1996; x_wconf 87' lang='grc' dir='ltr'><strong>εἷς</strong></span> <span class='ocrx_word' id='word_1_582' title='bbox 1584 1954 1699 2005; x_wconf 79' lang='grc' dir='ltr'>ἕτερον</span> <span class='ocrx_word' id='word_1_583' title='bbox 1721 1953 1924 2004; x_wconf 67' lang='grc' dir='ltr'>μεταὸαίνει</span> <span class='ocrx_word' id='word_1_584' title='bbox 1942 1984 1951 2000; x_wconf 87' lang='grc'>,</span> <span class='ocrx_word' id='word_1_585' title='bbox 1996 1954 2055 1991; x_wconf 83' lang='grc' dir='ltr'><strong>καὶ</strong></span> <span class='ocrx_word' id='word_1_586' title='bbox 2088 1954 2151 1993; x_wconf 70' lang='grc' dir='ltr'>ἀπ’</span> <span class='ocrx_word' id='word_1_587' title='bbox 2178 1954 2307 1993; x_wconf 87' lang='grc' dir='ltr'>ἐκείνου</span> <span class='ocrx_word' id='word_1_588' title='bbox 2341 1957 2388 2000; x_wconf 88' lang='grc' dir='ltr'><strong>εἷς</strong></span> 
     </span>
     <span class='ocr_line' id='line_1_81' title="bbox 1364 2014 2389 2067; baseline 0.002 -14"><span class='ocrx_word' id='word_1_589' title='bbox 1364 2015 1468 2053; x_wconf 78' lang='grc' dir='ltr'>ἄλλον</span> <span class='ocrx_word' id='word_1_590' title='bbox 1494 2015 1611 2053; x_wconf 88' lang='grc' dir='ltr'>πάλιν.</span> <span class='ocrx_word' id='word_1_591' title='bbox 1646 2015 1715 2054; x_wconf 83' lang='grc' dir='ltr'><strong>Καὶ</strong></span> <span class='ocrx_word' id='word_1_592' title='bbox 1743 2014 1897 2066; x_wconf 88' lang='grc' dir='ltr'>σήμερον</span> <span class='ocrx_word' id='word_1_593' title='bbox 1930 2014 1990 2066; x_wconf 79' lang='grc' dir='ltr'><strong>μὲν</strong></span> <span class='ocrx_word' id='word_1_594' title='bbox 2017 2019 2039 2062; x_wconf 79' lang='grc' dir='ltr'><strong>ἡ</strong></span> <span class='ocrx_word' id='word_1_595' title='bbox 2061 2015 2153 2053; x_wconf 88' lang='grc' dir='ltr'>οἷκία</span> <span class='ocrx_word' id='word_1_596' title='bbox 2174 2016 2310 2067; x_wconf 83' lang='grc' dir='ltr'>ἐλέγετο</span> <span class='ocrx_word' id='word_1_597' title='bbox 2329 2021 2389 2055; x_wconf 78' lang='grc' dir='ltr'><strong>τοῦ</strong></span> 
     </span>
     <span class='ocr_line' id='line_1_82' title="bbox 1365 2076 2387 2128; baseline 0.002 -15"><span class='ocrx_word' id='word_1_598' title='bbox 1365 2077 1484 2123; x_wconf 87' lang='grc' dir='ltr'>δεῖνος,</span> <span class='ocrx_word' id='word_1_599' title='bbox 1506 2076 1621 2128; x_wconf 84' lang='grc' dir='ltr'>αὔριον</span> <span class='ocrx_word' id='word_1_600' title='bbox 1645 2077 1679 2114; x_wconf 83' lang='grc' dir='ltr'><strong>δὲ</strong></span> <span class='ocrx_word' id='word_1_601' title='bbox 1697 2080 1756 2115; x_wconf 77' lang='grc' dir='ltr'><strong>τοῦ</strong></span> <span class='ocrx_word' id='word_1_602' title='bbox 1777 2078 1895 2121; x_wconf 88' lang='grc' dir='ltr'>δεῖνος,</span> <span class='ocrx_word' id='word_1_603' title='bbox 1916 2076 1976 2114; x_wconf 85' lang='grc' dir='ltr'><strong>καὶ</strong></span> <span class='ocrx_word' id='word_1_604' title='bbox 1996 2076 2085 2127; x_wconf 81' lang='grc' dir='ltr'>μετὰ</span> <span class='ocrx_word' id='word_1_605' title='bbox 2102 2077 2167 2123; x_wconf 81' lang='grc' dir='ltr'><strong>τὴν</strong></span> <span class='ocrx_word' id='word_1_606' title='bbox 2185 2076 2263 2123; x_wconf 79' lang='grc' dir='ltr'>ἑξῆς</span> <span class='ocrx_word' id='word_1_607' title='bbox 2282 2078 2387 2116; x_wconf 87' lang='grc' dir='ltr'>πάλιν</span> 
     </span>
     <span class='ocr_line' id='line_1_83' title="bbox 1366 2135 2389 2188; baseline 0.003 -15"><span class='ocrx_word' id='word_1_608' title='bbox 1366 2135 1496 2187; x_wconf 83' lang='grc' dir='ltr'>ἑτέρου.</span> <span class='ocrx_word' id='word_1_609' title='bbox 1519 2137 1588 2174; x_wconf 82' lang='grc' dir='ltr'><strong>Καὶ</strong></span> <span class='ocrx_word' id='word_1_610' title='bbox 1617 2140 1806 2187; x_wconf 85' lang='grc' dir='ltr'>ἀπατῶμεν</span> <span class='ocrx_word' id='word_1_611' title='bbox 1840 2136 1975 2180; x_wconf 86' lang='grc' dir='ltr'>ἑκόντες</span> <span class='ocrx_word' id='word_1_612' title='bbox 2007 2137 2170 2185; x_wconf 82' lang='grc' dir='ltr'>ἑαυτοὺς,</span> <span class='ocrx_word' id='word_1_613' title='bbox 2196 2137 2389 2188; x_wconf 86' lang='grc' dir='ltr'>νομίζοντες</span> 
     </span>
     <span class='ocr_line' id='line_1_84' title="bbox 1365 2196 2391 2249; baseline 0.003 -16"><span class='ocrx_word' id='word_1_614' title='bbox 1365 2196 1568 2235; x_wconf 82' lang='grc' dir='ltr'>δεσποτείαν</span> <span class='ocrx_word' id='word_1_615' title='bbox 1585 2197 1662 2235; x_wconf 80' lang='grc' dir='ltr'>τινὰ</span> <span class='ocrx_word' id='word_1_616' title='bbox 1677 2201 1889 2245; x_wconf 75' lang='grc' dir='ltr'>κεκτῆσθαι,</span> <span class='ocrx_word' id='word_1_617' title='bbox 1918 2199 1981 2235; x_wconf 77' lang='grc' dir='ltr'><strong>οὐκ</strong></span> <span class='ocrx_word' id='word_1_618' title='bbox 1996 2197 2121 2241; x_wconf 78' lang='grc' dir='ltr'>εἰδότες</span> <span class='ocrx_word' id='word_1_619' title='bbox 2138 2198 2190 2236; x_wconf 75' lang='grc' dir='ltr'><strong>ὅτι</strong></span> <span class='ocrx_word' id='word_1_620' title='bbox 2211 2198 2313 2249; x_wconf 88' lang='grc' dir='ltr'>μόνον</span> <span class='ocrx_word' id='word_1_621' title='bbox 2328 2202 2391 2244; x_wconf 80' lang='grc' dir='ltr'><strong>τῆς</strong></span> 
     </span>
     <span class='ocr_line' id='line_1_85' title="bbox 1364 2257 2390 2311; baseline 0.003 -17"><span class='ocrx_word' id='word_1_622' title='bbox 1364 2257 1523 2308; x_wconf 84' lang='grc' dir='ltr'>χρήσεως</span> <span class='ocrx_word' id='word_1_623' title='bbox 1541 2257 1774 2308; x_wconf 80' lang='grc' dir='ltr'>ἀπολαύομεν,</span> <span class='ocrx_word' id='word_1_624' title='bbox 1794 2258 1853 2295; x_wconf 78' lang='grc' dir='ltr'><strong>καὶ</strong></span> <span class='ocrx_word' id='word_1_625' title='bbox 1874 2257 2008 2302; x_wconf 83' lang='grc' dir='ltr'>ἑκόντες</span> <span class='ocrx_word' id='word_1_626' title='bbox 2024 2258 2084 2296; x_wconf 78' lang='grc' dir='ltr'><strong>καὶ</strong></span> <span class='ocrx_word' id='word_1_627' title='bbox 2101 2258 2241 2302; x_wconf 78' lang='grc' dir='ltr'>ἄκοντες</span> <span class='ocrx_word' id='word_1_628' title='bbox 2261 2258 2390 2311; x_wconf 81' lang='grc' dir='ltr'>ἑτέροις</span> 
     </span>
     <span class='ocr_line' id='line_1_86' title="bbox 1364 2314 2387 2372; baseline 0.004 -17"><span class='ocrx_word' id='word_1_629' title='bbox 1364 2317 1494 2356; x_wconf 84' lang='grc' dir='ltr'>τούτων</span> <span class='ocrx_word' id='word_1_630' title='bbox 1524 2324 1829 2372; x_wconf 56' lang='grc' dir='ltr'>παραχυφοῧμεν·</span> <span class='ocrx_word' id='word_1_631' title='bbox 1867 2320 1918 2357; x_wconf 78' lang='grc' dir='ltr'><strong>ὅτι</strong></span> <span class='ocrx_word' id='word_1_632' title='bbox 1950 2319 2018 2372; x_wconf 84' lang='grc' dir='ltr'><strong>γὰρ</strong></span> <span class='ocrx_word' id='word_1_633' title='bbox 2049 2319 2109 2357; x_wconf 81' lang='grc' dir='ltr'><strong>καὶ</strong></span> <span class='ocrx_word' id='word_1_634' title='bbox 2128 2314 2177 2363; x_wconf 65' lang='grc' dir='ltr'><strong>οἷς</strong></span> <span class='ocrx_word' id='word_1_635' title='bbox 2197 2323 2234 2358; x_wconf 84' lang='grc' dir='ltr'>οὐ</span> <span class='ocrx_word' id='word_1_636' title='bbox 2262 2321 2387 2372; x_wconf 83' lang='grc' dir='ltr'>βουλό-</span> 
     </span>
     <span class='ocr_line' id='line_1_87' title="bbox 1366 2379 2391 2433; baseline 0.002 -16"><span class='ocrx_word' id='word_1_637' title='bbox 1366 2383 1474 2430; x_wconf 86' lang='grc' dir='ltr'>μεθα,</span> <span class='ocrx_word' id='word_1_638' title='bbox 1496 2385 1596 2418; x_wconf 73' lang='grc' dir='ltr'>τοῦτο</span> <span class='ocrx_word' id='word_1_639' title='bbox 1613 2381 1698 2423; x_wconf 81' lang='grc' dir='ltr'>τέως</span> <span class='ocrx_word' id='word_1_640' title='bbox 1713 2382 1879 2433; x_wconf 83' lang='grc' dir='ltr'>παρίημι.</span> <span class='ocrx_word' id='word_1_641' title='bbox 1912 2379 2033 2423; x_wconf 73' lang='grc' dir='ltr'><strong>εὈλως</strong></span> <span class='ocrx_word' id='word_1_642' title='bbox 2049 2380 2084 2419; x_wconf 79' lang='grc' dir='ltr'><strong>δὲ</strong></span> <span class='ocrx_word' id='word_1_643' title='bbox 2098 2383 2128 2419; x_wconf 86' lang='grc' dir='ltr'><strong>εἰ</strong></span> <span class='ocrx_word' id='word_1_644' title='bbox 2150 2381 2290 2432; x_wconf 84' lang='grc' dir='ltr'>μνήμης</span> <span class='ocrx_word' id='word_1_645' title='bbox 2310 2383 2391 2420; x_wconf 85' lang='grc' dir='ltr'>ἐπι-</span> 
     </span>
     <span class='ocr_line' id='line_1_88' title="bbox 1367 2440 2389 2494; baseline 0.003 -17"><span class='ocrx_word' id='word_1_646' title='bbox 1367 2443 1484 2490; x_wconf 85' lang='grc' dir='ltr'>Ουμεῖς</span> <span class='ocrx_word' id='word_1_647' title='bbox 1499 2468 1508 2485; x_wconf 84' lang='grc'>,</span> <span class='ocrx_word' id='word_1_648' title='bbox 1527 2441 1586 2478; x_wconf 77' lang='grc' dir='ltr'><strong>καὶ</strong></span> <span class='ocrx_word' id='word_1_649' title='bbox 1604 2441 1706 2479; x_wconf 71' lang='grc' dir='ltr'>τοῦτό</span> <span class='ocrx_word' id='word_1_650' title='bbox 1728 2457 1780 2479; x_wconf 91' lang='grc' dir='ltr'><strong>σοι</strong></span> <span class='ocrx_word' id='word_1_651' title='bbox 1797 2440 2093 2494; x_wconf 81' lang='grc' dir='ltr'>περισπούδαστον</span> <span class='ocrx_word' id='word_1_652' title='bbox 2107 2471 2116 2488; x_wconf 94' lang='grc'>,</span> <span class='ocrx_word' id='word_1_653' title='bbox 2137 2441 2241 2479; x_wconf 80' lang='grc' dir='ltr'>ἄκουε</span> <span class='ocrx_word' id='word_1_654' title='bbox 2263 2443 2337 2486; x_wconf 86' lang='grc' dir='ltr'><strong>πῶς</strong></span> <span class='ocrx_word' id='word_1_655' title='bbox 2354 2445 2389 2480; x_wconf 88' lang='grc' dir='ltr'><strong>αἱ</strong></span> 
     </span>
     <span class='ocr_line' id='line_1_89' title="bbox 1365 2501 2390 2554; baseline 0.002 -16"><span class='ocrx_word' id='word_1_656' title='bbox 1365 2504 1473 2554; x_wconf 75' lang='grc' dir='ltr'>χῆραι</span> <span class='ocrx_word' id='word_1_657' title='bbox 1495 2501 1691 2551; x_wconf 81' lang='grc' dir='ltr'>ἐμέμνηντο</span> <span class='ocrx_word' id='word_1_658' title='bbox 1717 2504 1779 2547; x_wconf 74' lang='grc' dir='ltr'><strong>τῆς</strong></span> <span class='ocrx_word' id='word_1_659' title='bbox 1797 2501 1974 2547; x_wconf 64' lang='grc' dir='ltr'>Ταέιθᾶς,</span> <span class='ocrx_word' id='word_1_660' title='bbox 2004 2501 2063 2539; x_wconf 84' lang='grc' dir='ltr'><strong>καὶ</strong></span> <span class='ocrx_word' id='word_1_661' title='bbox 2083 2504 2157 2545; x_wconf 78' lang='grc' dir='ltr'><strong>πῶς</strong></span> <span class='ocrx_word' id='word_1_662' title='bbox 2176 2502 2234 2540; x_wconf 82' lang='grc' dir='ltr'><strong>τὸν</strong></span> <span class='ocrx_word' id='word_1_663' title='bbox 2254 2502 2390 2554; x_wconf 82' lang='grc' dir='ltr'>Πέτρον</span> 
     </span>
     <span class='ocr_line' id='line_1_90' title="bbox 1364 2562 2391 2614; baseline 0.002 -15"><span class='ocrx_word' id='word_1_664' title='bbox 1364 2562 1651 2613; x_wconf 86' lang='grc' dir='ltr'>περιεστήκεισαν</span> <span class='ocrx_word' id='word_1_665' title='bbox 1678 2562 1860 2600; x_wconf 88' lang='grc' dir='ltr'>κλαίουσαι</span> <span class='ocrx_word' id='word_1_666' title='bbox 1876 2562 1934 2600; x_wconf 79' lang='grc' dir='ltr'><strong>καὶ</strong></span> <span class='ocrx_word' id='word_1_667' title='bbox 1949 2562 2391 2614; x_wconf 82' lang='grc' dir='ltr'>ἐπιδεικνύμεναιχιτῶνας</span> 
     </span>
     <span class='ocr_line' id='line_1_91' title="bbox 1363 2617 2389 2675; baseline 0.002 -14"><span class='ocrx_word' id='word_1_668' title='bbox 1363 2622 1422 2661; x_wconf 82' lang='grc' dir='ltr'><strong>καὶ</strong></span> <span class='ocrx_word' id='word_1_669' title='bbox 1452 2623 1577 2673; x_wconf 80' lang='grc' dir='ltr'>ἱμάτια</span> <span class='ocrx_word' id='word_1_670' title='bbox 1592 2652 1601 2669; x_wconf 97' lang='grc'>,</span> <span class='ocrx_word' id='word_1_671' title='bbox 1634 2623 1699 2661; x_wconf 78' lang='grc' dir='ltr'><strong>ὅσα</strong></span> <span class='ocrx_word' id='word_1_672' title='bbox 1731 2623 1840 2662; x_wconf 83' lang='grc' dir='ltr'>ἐποίει</span> <span class='ocrx_word' id='word_1_673' title='bbox 1865 2623 1941 2673; x_wconf 69' lang='grc' dir='ltr'>μετ’</span> <span class='ocrx_word' id='word_1_674' title='bbox 1962 2625 2073 2661; x_wconf 71' lang='grc' dir='ltr'>αὐτῶν</span> <span class='ocrx_word' id='word_1_675' title='bbox 2092 2617 2178 2661; x_wconf 60' lang='grc' dir='ltr'>οῧσα</span> <span class='ocrx_word' id='word_1_676' title='bbox 2197 2627 2218 2670; x_wconf 85' lang='grc' dir='ltr'>ἡ</span> <span class='ocrx_word' id='word_1_677' title='bbox 2240 2625 2389 2675; x_wconf 83' lang='grc' dir='ltr'>Δορκάς.</span> 
     </span>
     <span class='ocr_line' id='line_1_92' title="bbox 1363 2678 2388 2736; baseline 0.002 -15"><span class='ocrx_word' id='word_1_678' title='bbox 1363 2678 1464 2726; x_wconf 65' lang='grc' dir='ltr'>Εἶδες</span> <span class='ocrx_word' id='word_1_679' title='bbox 1491 2685 1675 2735; x_wconf 78' lang='grc' dir='ltr'>οἷκοδομὰς</span> <span class='ocrx_word' id='word_1_680' title='bbox 1695 2684 1871 2736; x_wconf 69' lang='grc' dir='ltr'>ἐμψύχους</span> <span class='ocrx_word' id='word_1_681' title='bbox 1902 2684 2017 2735; x_wconf 75' lang='grc' dir='ltr'>φωνὰς</span> <span class='ocrx_word' id='word_1_682' title='bbox 2038 2683 2195 2735; x_wconf 66' lang='grc' dir='ltr'>ἀφιείσας</span> <span class='ocrx_word' id='word_1_683' title='bbox 2212 2712 2222 2730; x_wconf 88' lang='grc'>,</span> <span class='ocrx_word' id='word_1_684' title='bbox 2249 2685 2309 2723; x_wconf 77' lang='grc' dir='ltr'><strong>καὶ</strong></span> <span class='ocrx_word' id='word_1_685' title='bbox 2328 2701 2388 2724; x_wconf 89' lang='grc' dir='ltr'><strong>το-</strong></span> 
     </span>
     <span class='ocr_line' id='line_1_93' title="bbox 1363 2745 2388 2797; baseline -0.001 -14"><span class='ocrx_word' id='word_1_686' title='bbox 1363 2745 1491 2792; x_wconf 88' lang='grc' dir='ltr'>σαύτην</span> <span class='ocrx_word' id='word_1_687' title='bbox 1518 2745 1617 2797; x_wconf 66' lang='grc' dir='ltr'>ἷσχὺν</span> <span class='ocrx_word' id='word_1_688' title='bbox 1639 2745 1803 2797; x_wconf 75' lang='grc' dir='ltr'>ἐχούσας,</span> <span class='ocrx_word' id='word_1_689' title='bbox 1833 2748 1879 2788; x_wconf 79' lang='grc' dir='ltr'><strong>ὡς</strong></span> <span class='ocrx_word' id='word_1_690' title='bbox 1904 2745 1962 2783; x_wconf 80' lang='grc' dir='ltr'><strong>καὶ</strong></span> <span class='ocrx_word' id='word_1_691' title='bbox 1983 2747 2051 2784; x_wconf 83' lang='grc' dir='ltr'>ἀπὸ</span> <span class='ocrx_word' id='word_1_692' title='bbox 2069 2745 2215 2784; x_wconf 86' lang='grc' dir='ltr'>θανάτου</span> <span class='ocrx_word' id='word_1_693' title='bbox 2236 2749 2282 2790; x_wconf 86' lang='grc' dir='ltr'><strong>εἷς</strong></span> <span class='ocrx_word' id='word_1_694' title='bbox 2298 2746 2388 2793; x_wconf 81' lang='grc' dir='ltr'>ζωὴν</span> 
     </span>
     <span class='ocr_line' id='line_1_94' title="bbox 1362 2806 2386 2860; baseline 0.001 -16"><span class='ocrx_word' id='word_1_695' title='bbox 1362 2807 1592 2858; x_wconf 82' lang='grc' dir='ltr'>ἐπαναγαγεῖν</span> <span class='ocrx_word' id='word_1_696' title='bbox 1612 2824 1620 2853; x_wconf 84' lang='grc'><strong>;</strong></span> <span class='ocrx_word' id='word_1_697' title='bbox 1645 2807 1792 2853; x_wconf 73' lang='grc' dir='ltr'>Ἐπειδὴ</span> <span class='ocrx_word' id='word_1_698' title='bbox 1814 2806 1880 2859; x_wconf 78' lang='grc' dir='ltr'><strong>γὰρ</strong></span> <span class='ocrx_word' id='word_1_699' title='bbox 1905 2806 2139 2858; x_wconf 84' lang='grc' dir='ltr'>περιέστησαν</span> <span class='ocrx_word' id='word_1_700' title='bbox 2159 2808 2216 2845; x_wconf 79' lang='grc' dir='ltr'><strong>τὸν</strong></span> <span class='ocrx_word' id='word_1_701' title='bbox 2236 2807 2386 2860; x_wconf 84' lang='grc' dir='ltr'>Πέτρον,</span> 
     </span>
     <span class='ocr_line' id='line_1_95' title="bbox 1362 2867 2387 2921; baseline 0.001 -16"><span class='ocrx_word' id='word_1_702' title='bbox 1362 2868 1420 2906; x_wconf 84' lang='grc' dir='ltr'><strong>καὶ</strong></span> <span class='ocrx_word' id='word_1_703' title='bbox 1439 2868 1483 2906; x_wconf 83' lang='grc' dir='ltr'><strong>τὰ</strong></span> <span class='ocrx_word' id='word_1_704' title='bbox 1516 2868 1648 2919; x_wconf 78' lang='grc' dir='ltr'>δάκρυα</span> <span class='ocrx_word' id='word_1_705' title='bbox 1682 2868 1793 2919; x_wconf 65' lang='grc' dir='ltr'>θερμὰ</span> <span class='ocrx_word' id='word_1_706' title='bbox 1823 2867 1961 2920; x_wconf 71' lang='grc' dir='ltr'>ἐξέχεαν</span> <span class='ocrx_word' id='word_1_707' title='bbox 1977 2899 1985 2915; x_wconf 96' lang='grc'>,</span> <span class='ocrx_word' id='word_1_708' title='bbox 2015 2868 2077 2915; x_wconf 79' lang='grc' dir='ltr'><strong>τὴν</strong></span> <span class='ocrx_word' id='word_1_709' title='bbox 2095 2868 2225 2921; x_wconf 72' lang='grc' dir='ltr'>τροφὴν</span> <span class='ocrx_word' id='word_1_710' title='bbox 2246 2869 2305 2906; x_wconf 84' lang='grc' dir='ltr'><strong>καὶ</strong></span> <span class='ocrx_word' id='word_1_711' title='bbox 2324 2869 2387 2916; x_wconf 78' lang='grc' dir='ltr'><strong>τὴν</strong></span> 
     </span>
     <span class='ocr_line' id='line_1_96' title="bbox 1361 2929 2389 2981; baseline 0.003 -15"><span class='ocrx_word' id='word_1_712' title='bbox 1361 2929 1529 2980; x_wconf 79' lang='grc' dir='ltr'>χορηγίαν</span> <span class='ocrx_word' id='word_1_713' title='bbox 1555 2930 1803 2974; x_wconf 68' lang='grc' dir='ltr'>ἐπιζητοῦσαι,</span> <span class='ocrx_word' id='word_1_714' title='bbox 1838 2929 1996 2967; x_wconf 64' lang='grc' dir='ltr'>ἐκῧαλὼν</span> <span class='ocrx_word' id='word_1_715' title='bbox 2029 2930 2180 2976; x_wconf 85' lang='grc' dir='ltr'>πάντας,</span> <span class='ocrx_word' id='word_1_716' title='bbox 2212 2930 2341 2981; x_wconf 80' lang='grc' dir='ltr'>φησὶν,</span> <span class='ocrx_word' id='word_1_717' title='bbox 2371 2933 2389 2969; x_wconf 83' lang='grc' dir='ltr'>ὁ</span> 
     </span>
     <span class='ocr_line' id='line_1_97' title="bbox 1361 2989 2388 3043; baseline 0.002 -16"><span class='ocrx_word' id='word_1_718' title='bbox 1361 2990 1495 3043; x_wconf 82' lang='grc' dir='ltr'>Πέτρος</span> <span class='ocrx_word' id='word_1_719' title='bbox 1510 3020 1519 3036; x_wconf 87' lang='grc'>,</span> <span class='ocrx_word' id='word_1_720' title='bbox 1541 2990 1609 3033; x_wconf 73' lang='grc' dir='ltr'>θεὶς</span> <span class='ocrx_word' id='word_1_721' title='bbox 1628 2989 1672 3028; x_wconf 81' lang='grc' dir='ltr'><strong>τὰ</strong></span> <span class='ocrx_word' id='word_1_722' title='bbox 1691 2990 1820 3040; x_wconf 82' lang='grc' dir='ltr'>γόνατα</span> <span class='ocrx_word' id='word_1_723' title='bbox 1842 2990 2062 3042; x_wconf 77' lang='grc' dir='ltr'>προσηύξατο</span> <span class='ocrx_word' id='word_1_724' title='bbox 2079 3019 2087 3036; x_wconf 90' lang='grc'>,</span> <span class='ocrx_word' id='word_1_725' title='bbox 2110 2990 2170 3027; x_wconf 79' lang='grc' dir='ltr'><strong>καὶ</strong></span> <span class='ocrx_word' id='word_1_726' title='bbox 2189 2991 2388 3037; x_wconf 81' lang='grc' dir='ltr'>ἀναστήσας</span> 
     </span>
    </p>
   </div>
   <div class='ocr_carea' id='block_1_7' title="bbox 1324 3049 2386 3104">
    <p class='ocr_par' dir='ltr' id='par_1_10' title="bbox 1324 3049 2386 3104">
     <span class='ocr_line' id='line_1_98' title="bbox 1324 3049 2386 3104; baseline 0 -14"><span class='ocrx_word' id='word_1_727' title='bbox 1324 3071 1335 3090; x_wconf 66' lang='lat'><strong>⁴,</strong></span> <span class='ocrx_word' id='word_1_728' title='bbox 1362 3051 1467 3098; x_wconf 79' lang='grc' dir='ltr'>αὐτὴν</span> <span class='ocrx_word' id='word_1_729' title='bbox 1490 3050 1645 3103; x_wconf 74' lang='grc' dir='ltr'>ἐφώνησε</span> <span class='ocrx_word' id='word_1_730' title='bbox 1661 3051 1739 3094; x_wconf 62' lang='grc' dir='ltr'>τοὺς</span> <span class='ocrx_word' id='word_1_731' title='bbox 1757 3051 1873 3101; x_wconf 79' lang='grc' dir='ltr'>ἁγίους</span> <span class='ocrx_word' id='word_1_732' title='bbox 1893 3051 1951 3089; x_wconf 75' lang='grc' dir='ltr'><strong>καὶ</strong></span> <span class='ocrx_word' id='word_1_733' title='bbox 1974 3051 2035 3093; x_wconf 84' lang='grc' dir='ltr'><strong>τὰς</strong></span> <span class='ocrx_word' id='word_1_734' title='bbox 2048 3049 2177 3102; x_wconf 73' lang='grc' dir='ltr'>χήρας,</span> <span class='ocrx_word' id='word_1_735' title='bbox 2194 3051 2253 3088; x_wconf 79' lang='grc' dir='ltr'><strong>καὶ</strong></span> <span class='ocrx_word' id='word_1_736' title='bbox 2275 3052 2386 3104; x_wconf 83' lang='grc' dir='ltr'>παρέ-</span> 
     </span>
    </p>
   </div>
   <div class='ocr_carea' id='block_1_8' title="bbox 1361 3111 2385 3408">
    <p class='ocr_par' dir='ltr' id='par_1_11' title="bbox 1361 3111 2385 3408">
     <span class='ocr_line' id='line_1_99' title="bbox 1361 3111 2385 3163; baseline 0 -13"><span class='ocrx_word' id='word_1_737' title='bbox 1361 3127 1485 3159; x_wconf 87' lang='grc' dir='ltr'>στησεν</span> <span class='ocrx_word' id='word_1_738' title='bbox 1503 3111 1610 3159; x_wconf 78' lang='grc' dir='ltr'>αὐτὴν</span> <span class='ocrx_word' id='word_1_739' title='bbox 1630 3114 1758 3156; x_wconf 79' lang='grc' dir='ltr'>ζῶσαν.</span> <span class='ocrx_word' id='word_1_740' title='bbox 1784 3114 1824 3150; x_wconf 67' lang='lat' dir='ltr'><strong>lii</strong></span> <span class='ocrx_word' id='word_1_741' title='bbox 1843 3111 1958 3162; x_wconf 79' lang='grc' dir='ltr'>βούλει</span> <span class='ocrx_word' id='word_1_742' title='bbox 1974 3111 2264 3163; x_wconf 80' lang='grc' dir='ltr'>μνημονεύεσθαι,</span> <span class='ocrx_word' id='word_1_743' title='bbox 2282 3113 2340 3150; x_wconf 80' lang='grc' dir='ltr'><strong>καὶ</strong></span> <span class='ocrx_word' id='word_1_744' title='bbox 2357 3115 2385 3150; x_wconf 88' lang='grc' dir='ltr'><strong>εἰ</strong></span> 
     </span>
     <span class='ocr_line' id='line_1_100' title="bbox 1361 3172 2385 3226; baseline 0.001 -16"><span class='ocrx_word' id='word_1_745' title='bbox 1361 3172 1459 3218; x_wconf 83' lang='grc' dir='ltr'>δόξης</span> <span class='ocrx_word' id='word_1_746' title='bbox 1480 3175 1626 3220; x_wconf 69' lang='grc' dir='ltr'>ἀληθοῦς</span> <span class='ocrx_word' id='word_1_747' title='bbox 1649 3176 1750 3226; x_wconf 69' lang='grc' dir='ltr'>ἐρᾷς,</span> <span class='ocrx_word' id='word_1_748' title='bbox 1778 3173 1906 3219; x_wconf 70' lang='grc' dir='ltr'>ταύτην</span> <span class='ocrx_word' id='word_1_749' title='bbox 1936 3172 2108 3223; x_wconf 85' lang='grc' dir='ltr'>μίμησαι,</span> <span class='ocrx_word' id='word_1_750' title='bbox 2137 3172 2197 3210; x_wconf 80' lang='grc' dir='ltr'><strong>καὶ</strong></span> <span class='ocrx_word' id='word_1_751' title='bbox 2225 3173 2385 3217; x_wconf 87' lang='grc' dir='ltr'>τοιαύτας</span> 
     </span>
     <span class='ocr_line' id='line_1_101' title="bbox 1361 3232 2384 3286; baseline 0.001 -16"><span class='ocrx_word' id='word_1_752' title='bbox 1361 3234 1544 3284; x_wconf 63' lang='grc' dir='ltr'>οἰκοδομὰς</span> <span class='ocrx_word' id='word_1_753' title='bbox 1567 3235 1724 3285; x_wconf 73' lang='grc' dir='ltr'>ἐργάζου,</span> <span class='ocrx_word' id='word_1_754' title='bbox 1742 3233 1790 3284; x_wconf 84' lang='grc' dir='ltr'><strong>μὴ</strong></span> <span class='ocrx_word' id='word_1_755' title='bbox 1806 3233 1883 3286; x_wconf 79' lang='grc' dir='ltr'>περὶ</span> <span class='ocrx_word' id='word_1_756' title='bbox 1898 3233 1960 3279; x_wconf 79' lang='grc' dir='ltr'><strong>τὴν</strong></span> <span class='ocrx_word' id='word_1_757' title='bbox 1978 3233 2111 3285; x_wconf 50' lang='grc' dir='ltr'>ἄψυχον</span> <span class='ocrx_word' id='word_1_758' title='bbox 2128 3232 2212 3280; x_wconf 83' lang='grc' dir='ltr'>ὕλην</span> <span class='ocrx_word' id='word_1_759' title='bbox 2229 3235 2384 3271; x_wconf 87' lang='grc' dir='ltr'>καταδα-</span> 
     </span>
     <span class='ocr_line' id='line_1_102' title="bbox 1362 3294 2382 3346; baseline 0 -14"><span class='ocrx_word' id='word_1_760' title='bbox 1362 3295 1588 3344; x_wconf 71' lang='grc' dir='ltr'>πανώμενος,</span> <span class='ocrx_word' id='word_1_761' title='bbox 1614 3295 1703 3333; x_wconf 77' lang='grc' dir='ltr'>ἀλλὰ</span> <span class='ocrx_word' id='word_1_762' title='bbox 1737 3295 1817 3346; x_wconf 85' lang='grc' dir='ltr'>περὶ</span> <span class='ocrx_word' id='word_1_763' title='bbox 1848 3294 1925 3337; x_wconf 76' lang='grc' dir='ltr'>τοὺς</span> <span class='ocrx_word' id='word_1_764' title='bbox 1957 3297 2132 3345; x_wconf 80' lang='grc' dir='ltr'>ὁμογενεῖς</span> <span class='ocrx_word' id='word_1_765' title='bbox 2162 3294 2294 3341; x_wconf 80' lang='grc' dir='ltr'>πολλὴν</span> <span class='ocrx_word' id='word_1_766' title='bbox 2320 3294 2382 3341; x_wconf 77' lang='grc' dir='ltr'><strong>τὴν</strong></span> 
     </span>
     <span class='ocr_line' id='line_1_103' title="bbox 1364 3355 2382 3408; baseline 0.002 -17"><span class='ocrx_word' id='word_1_767' title='bbox 1364 3356 1561 3408; x_wconf 55' lang='grc' dir='ltr'>φιλοτιμίαν</span> <span class='ocrx_word' id='word_1_768' title='bbox 1589 3356 1878 3405; x_wconf 67' lang='grc' dir='ltr'>ἐπιδεικνύμενος.</span> <span class='ocrx_word' id='word_1_769' title='bbox 1916 3356 2011 3402; x_wconf 66' lang='grc' dir='ltr'>Αὕτη</span> <span class='ocrx_word' id='word_1_770' title='bbox 2034 3359 2055 3401; x_wconf 73' lang='grc' dir='ltr'>ἡ</span> <span class='ocrx_word' id='word_1_771' title='bbox 2079 3355 2198 3406; x_wconf 88' lang='grc' dir='ltr'>μνήμη</span> <span class='ocrx_word' id='word_1_772' title='bbox 2221 3356 2382 3403; x_wconf 77' lang='grc' dir='ltr'>ἐπαινετὴ</span> 
     </span>
    </p>
   </div>
   <div class='ocr_carea' id='block_1_9' title="bbox 2470 617 2516 3791">
    <p class='ocr_par' dir='ltr' id='par_1_12' title="bbox 2470 617 2516 3791">
     <span class='ocr_line' id='line_1_104' title="bbox 2470 617 2516 3791; baseline 0 0"><span class='ocrx_word' id='word_1_773' title='bbox 2470 617 2516 3791; x_wconf 95' lang='lat' dir='ltr'><strong> </strong></span> 
     </span>
    </p>
   </div>
  </div>
 </body>
</html>
