2516 3791
314 197 404 242 712
730 191 769 222 s.

313 279 426 316 limus
440 278 644 329 pecuniam
665 276 877 320 nobiscum,
900 280 940 310 ut
961 279 997 308 et
1015 271 1181 321 priorem
1200 280 1261 304 re-

314 341 534 384 stituamus,
554 345 591 374 et
611 349 712 373 nunc
726 335 851 372 denuo
869 342 1048 380 emamus
1051 329 1263 380 frumenta.

368 463 405 500 5.
438 459 536 500 Vide
562 456 740 509 quomodo
782 452 999 492 calamitates
1035 463 1159 488 eorum
1191 449 1268 487 ani-

315 536 415 561 mum
431 521 792 571 mitiga1ent‚eosque
805 512 1029 552 reddiderint
1046 509 1268 549 mansuetio-

314 598 382 622 res.
418 583 482 620 95.
513 581 626 616 Dixit
651 585 780 614 autem
806 578 889 613 eis.
885 575 1113 625 ·Pr0pitius
1142 573 1266 616 vobis,

319 644 438 681 nolite
471 642 630 683 timerffe
650 639 756 675 Deus
787 644 931 682 vester,
950 643 986 672 et
1015 635 1123 672 Deus
1147 634 1270 685 patris

314 704 434 740 vestri
452 701 557 738 dedit
572 702 685 737 vobis
703 700 904 736 thesauros
921 700 962 734 in
975 698 1098 734 saccis
1111 696 1270 738 vestris;
1293 696 1318 726 E

312 764 518 815 pecuniam
534 769 707 798 vestram
726 761 820 796 bene
841 760 1051 811 probatam
1067 758 1204 794 habeo.
1220 755 1272 792 Ne

314 822 484 871 timeatis,
502 821 640 872 inquit,
658 834 771 871 neque
791 820 951 871 hujus„
932 817 1045 855 01atia
1062 815 1163 854 anxii
1182 814 1270 853 sitis.

313 883 464 922 Nullum
477 897 501 920 v
504 883 582 921 obis
596 882 680 920 inde
695 882 827 920 climen
842 881 1064 933 imponetur3
1082 876 1271 930 pecuniam

314 945 416 997 plene
435 944 651 996 accepimus.
672 945 703 981 A
723 944 799 981 Deo
818 950 940 994 putate
954 941 1024 978 hoc
1035 954 1109 977 esse
1122 939 1270 986 factum,

314 1015 347 1044 et
358 1006 542 1043 thesauros
561 1005 664 1043 vobis
684 1004 721 1042 in
738 1002 930 1055 marsupiis
947 1001 1074 1040 vestris
1087 1014 1160 1038 esse
1173 1013 1273 1037 mon-

316 1075 455 1105 stratos.
479 1067 532 1104 Et
556 1079 645 1104 cum
669 1067 750 1103 lzoec
769 1066 941 1111 dixisset,
963 1063 1095 1100 eduxit
1113 1061 1274 1109 Symeo-

318 1142 418 1174 nem,
442 1128 507 1165 24.
524 1136 560 1165 et
580 1127 712 1165 attulit
732 1139 890 1178 aquam,
916 1133 957 1162 ut
974 1124 1200 1161 lavarentur
1208 1135 1274 1173 pe-

321 1191 388 1227 des
408 1203 537 1227 eorum
549 1219 560 1236 ,
596 1197 633 1226 et
661 1189 810 1240 pabula
838 1188 943 1225 dedit
973 1187 1095 1223 asinis
1125 1196 1270 1222 eorum.

318 1250 415 1288 Vide
438 1248 615 1300 quomodo
634 1263 755 1302 preces
772 1248 886 1301 patris
905 1246 1025 1285 omnia
1045 1246 1092 1283 eis
1106 1258 1274 1297 prospera

317 1312 469 1349 facerent
494 1326 501 1346 :
525 1319 558 1348 et
577 1310 667 1348 sicut
697 1310 758 1347 ille
775 1309 825 1347 eis
858 1317 1068 1361 apprecatus
1095 1313 1169 1353 est,
1193 1319 1275 1343 cum

319 1372 427 1420 dixit,
448 1373 557 1409 Deus
571 1375 695 1423 patris
719 1374 793 1409 mei
805 1373 976 1423 gratiam
997 1371 1111 1406 vobis
1129 1369 1206 1414 det,
1225 1367 1274 1404 ita

319 1433 439 1471 omnia
458 1433 550 1470 facta
565 1442 671 1470 sunt:
688 1441 722 1470 et
734 1447 789 1484 pl
780 1432 922 1469 [fectus
932 1430 1060 1468 domus
1075 1429 1182 1467 etiam
1197 1436 1276 1465 ante

1288 1465 1333 1489 615

806 189 990 222 JoANMS
1025 184 1272 217 CHRYSOST.
1311 182 1529 213 ARCfflEP.
1567 181 1924 213 CONSTANTINOP.

1336 265 1478 308 σίπποις
1496 259 1608 317 εῧρον,
1627 265 1686 303 καί
1710 281 1812 318 φασιν
1825 295 1834 312 ,
1852 265 1906 304 ὅτι
1934 265 2001 303 Διὰ
2021 267 2123 303 τοῦτο
2141 265 2284 303 διπλοῦν
2303 267 2362 303 νῦν

1336 325 1550 376 ἐκομίσαμεν
1574 328 1648 377 μεθ’
1665 328 1797 365 ἑαυτῶν
1815 327 1856 366 τὸ
1872 326 2048 378 ἀργύριον,
2069 328 2115 369 ὡς
2140 325 2262 364 καὶτὰ
2281 326 2365 378 πρό-

1335 402 1421 439 τερα
1438 387 1626 425 ἀποδοῦναι
1644 416 1654 433 ,
1670 387 1730 426 καὶ
1747 388 1916 441 πρίασθαι
1937 387 2123 439 βρώματα.

1389 447 1489 500 ςὈρα
1509 451 1584 491 πῶς
1604 451 1640 486 αἱ
1662 449 1839 501 συμφοραὶ
1858 448 2070 487 κατελέαναν
2087 449 2201 486 αὐτῶν
2229 447 2286 485 τὸν
2313 448 2368 484 λιν

1338 509 1483 561 γισμὸν,
1503 509 1563 546 καὶ
1584 509 1750 556 ἐποίησαν
1778 509 1900 552 αὐτοὺς
1919 508 2203 560 ἐπιεικεστέρους.
2224 501 2316 546 Eine
2333 507 2369 545 δὲ

1341 573 1468 614 αὐτοῖς·
1488 569 1615 614 ι)“ι’λεως
1634 572 1715 621 ὑμῖν
1728 601 1737 618 ,
1756 569 1804 621 μὴ
1830 569 2007 622 φοὸεῖσθε·
2025 571 2042 607 5
2058 568 2147 612 Θεὸς
2177 570 2288 619 ὑμῶν,
2309 567 2369 606 καὶ

1341 635 1358 670 5
1377 632 1465 676 Θεὸς
1495 635 1554 670 τοῦ
1587 631 1719 685 πατρὸς
1746 633 1843 682 ὑμῶν
1875 629 2001 668 ἔδωκεν
2022 633 2103 680 ὑμῖν
2122 627 2310 682 Θησαυροὺς
2336 630 2370 666 ἐν

1341 699 1412 737 τοῖς
1432 693 1648 746 μαρσίπποις
1666 694 1763 743 ὑμῶν
1777 707 1785 715 ·
1811 692 1851 730 τὸ
1870 691 1938 744 γὰρ
1971 690 2133 744 ἀργύριον
2161 694 2256 741 ὑμῶν
2279 691 2373 728 εὔδο-

1342 757 1464 804 κιμοῧν
1486 753 1620 806 ἀπέχω.
1640 752 1702 800 Μὴ
1723 754 1893 801 δειλιᾶτε,
1910 751 1993 804 φησὶ
2006 780 2015 798 ,
2038 751 2126 802 μηδὲ
2157 751 2277 789 τούτου
2293 750 2370 789 ἕνε-

1342 831 1399 853 κεν
1432 817 1614 866 ἀγωνιᾶτε.
1637 815 1761 858 Οὐδεὶς
1787 817 1867 865 ὑμῖν
1887 813 2016 860 ταύτης
2041 813 2154 851 ἕνεκεν
2173 816 2234 859 τῆς
2260 812 2372 855 αἰτίας

1342 875 1505 927 ἔγκλημα
1523 875 1731 953 περιάψει·

1344 940 1431 988 μεΟα
1444 953 1451 960 ·
1599 937 1771 977 {Ozou-

1343 998 1402 1037 καὶ
1423 999 1643 1053 Θησαυρθυς
1631 1005 1712 1050 υμῖν
1733 999 1841 1043 ΟΞῖξαῑ
1868 1016 1902 1037 ἓν
1922 1006 1991 1042 τοῖς
2021 998 2236 1052 μαρΡίππΟῑς
2264 1000 2372 1048 υμων.

1762 892 1821 914 και
1842 875 1910 928 γὰρ
1929 875 1968 913 τὸ
1999 874 2159 927 ἀργύριον
2180 871 2372 926 πεπληρώ-

1485 941 1544 976 τοῧ
1767 941 1902 989 ἡγεῖσθε
1927 953 1986 975 και
2023 941 2122 975 τοῦτο
2150 938 2373 988 γεγενησθαι,

1346 1059 1414 1097 Καὶ
1434 1064 1544 1098 ταῦτα
1565 1059 1711 1112 εἰρηκὼς
1735 1059 1883 1110 ἐξήγαγε
1901 1060 1958 1098 τὸν
1988 1061 2179 1110 Συμεῶνα,
2195 1057 2255 1096 καὶ
2275 1057 2374 1107 ἤνεγ-

1344 1136 1402 1158 κεν
1419 1119 1511 1173 ὕδωρ
1541 1119 1638 1172 νίψαι
1662 1119 1741 1164 τοὺς
1760 1120 1870 1164 πόδας
1904 1122 2038 1166 αὐτῶν,
2059 1119 2118 1158 καὶ
2143 1119 2376 1171 χορτάσματα

1345 1181 1454 1219 ἔδωκε
1472 1187 1542 1224 τοῖς
1562 1181 1650 1225 ὄνοις
1670 1184 1793 1220 αὐτῶν.
1813 1181 1911 1234 ςΌρα
1929 1185 2003 1224 πῶς
2021 1185 2043 1228 ἡ
2065 1180 2150 1233 εὐχὴ
2170 1184 2229 1218 τοῦ
2246 1179 2377 1230 πατρὸς

1345 1242 1461 1282 πάντα
1478 1245 1593 1287 αὐτοῖς
1612 1243 1828 1282 κατευώδου·
1851 1243 1909 1281 καὶ
1932 1244 2089 1294 καθάπερ
2118 1245 2244 1285 ἐκεῖνος
2263 1243 2377 1284 αὐτοῖς

1347 1302 1521 1349 ἐπηύξατο
1541 1303 1660 1353 εἰπὼν,
1680 1303 1724 1342 ‘O
1745 1305 1833 1348 Θεὸς
1851 1309 1910 1343 τοῦ
1935 1303 2067 1356 πατρός
2088 1319 2153 1353 μου
2172 1301 2275 1356 χάριν
2296 1303 2376 1352 ὓμῖν

1348 1366 1414 1416 δῶ,
1432 1363 1540 1408 οὕτως
1564 1364 1703 1403 ἅπαντα
1731 1365 1880 1415 ἐγίνετο’
1910 1364 1968 1402 καὶ
1994 1371 2110 1402 πᾶσαν
2127 1360 2378 1416 φιλοφροσύνην

1347 1441 1426 1477 περι
1444 1424 1565 1469 αὐτους
1580 1425 1800 1464 ἐπεδείκνυτο
1826 1442 1885 1464 και
1915 1426 1982 1477 πρὸ
2011 1428 2073 1472 τῆς
2101 1422 2294 1476 παρουσίας
2320 1425 2379 1460 τοῦ

318 1494 511 1533 adventum
524 1494 656 1546 Joseph
676 1507 816 1531 omnem
831 1493 880 1530 eis
895 1491 1151 1543 benignitatem
1174 1488 1276 1527 exhi-
1299 1501 1326 1530 A
1348 1485 1479 1540 Ἰωσὴφ
1512 1489 1529 1524 ὁ
1562 1487 1628 1533 τὴν
1661 1487 1773 1526 οἰκίαν
1805 1486 2089 1537 πεπιστευμένος.
2110 1483 2362 1536 Ιίτοίαασαν
2344 1481 2379 1520 οὲ

320 1556 414 1593 huit.
450 1557 512 1593 23.
539 1557 787 1593 Paraverunt
812 1563 942 1592 autem
976 1555 1081 1591 dona
1114 1551 1272 1602 Joseph.

320 1619 383 1655 326.
401 1619 455 1654 Et
486 1617 707 1654 obtulerunt
728 1619 763 1653 ei
786 1629 873 1654 cum
900 1617 1092 1666 ingressus
1111 1621 1221 1659 esset,
1241 1620 1276 1649 et

320 1679 582 1715 adoraverunt
599 1691 686 1714 eum
716 1690 830 1728 super
859 1684 1018 1713 terram.
1046 1675 1110 1712 27.
1135 1675 1188 1712 Et
1207 1675 1276 1710 ite·-

322 1754 407 1777 rum
431 1741 683 1791 interrogavit
709 1752 772 1776 eos
793 1754 804 1774 .·
829 1739 935 1776 Num
953 1739 1047 1774 bene
1074 1738 1190 1774 habet
1208 1750 1277 1788 pa-

322 1810 381 1839 ter
393 1810 521 1838 vester
539 1803 681 1846 senior,
714 1813 828 1851 quem
859 1800 1012 1836 dimistis
1029 1800 1189 1835 vivere?
1213 1795 1276 1835 28.

322 1864 382 1900 At
399 1864 460 1900 illi
477 1864 659 1901 dixerunt
676 1878 686 1898 :
704 1862 830 1900 Sanus
847 1870 902 1899 est
916 1875 1049 1899 servus
1062 1869 1150 1898 tuus
1167 1868 1280 1911 pater

325 1933 466 1962 noster.
486 1925 539 1961 Et
566 1925 667 1961 dixit
683 1939 694 1959 .·
715 1923 947 1961 Benedictus
967 1923 1081 1960 homo
1098 1921 1167 1959 ille
1182 1921 1277 1958 Deo.

325 1987 377 2024 Et
397 1988 548 2023 curvati
562 1986 838 2023 adoraverunt.
856 1985 919 2023 529.
931 1985 1037 2022 Vidit
1053 1984 1280 2036 autemfra-

327 2056 422 2084 trem
443 2061 554 2084 suum
584 2049 800 2091 uterinum,
824 2054 861 2083 et
882 2046 983 2082 dioeit
1001 2060 1012 2080 :
1031 2046 1108 2082 Hic
1124 2052 1181 2081 est
1187 2044 1282 2096 fra-

328 2116 386 2144 ter
406 2115 535 2145 vester
554 2109 702 2159 junior,
725 2107 772 2143 de
799 2120 874 2157 quo
902 2107 1090 2143 dixeratis
1114 2105 1223 2150 mihi,
1241 2112 1283 2141 ut

329 2169 518 2205 duceretis
539 2169 592 2204 ad
607 2171 691 2204 me?
711 2169 765 2204 Et
783 2168 883 2204 dixit
901 2182 912 2202 :
932 2168 1038 2204 Deus
1059 2168 1284 2203 misereatur
1308 2173 1332 2202 Β

332 2229 485 2280 tui,fili.
505 2228 697 2265 Considera
715 2237 886 2278 quantam
903 2227 1136 2264 constantiam
1154 2240 1227 2278 prae
1251 2239 1286 2263 se

331 2291 433 2336 serat,
456 2298 489 2326 et
508 2289 626 2326 adhuc
649 2289 886 2339 ignorantiam
908 2288 1065 2331 simulet,
1086 2296 1125 2324 ut
1153 2301 1216 2338 per
1234 2300 1287 2323 se-

334 2350 476 2401 quentia
503 2349 786 2401 experimentum
815 2348 925 2386 animi
951 2348 1111 2400 ipsorum
1131 2346 1289 2398 accipere

334 2411 459 2465 possit,
480 2409 658 2462 quomodo
691 2410 761 2447 sint
788 2409 905 2447 affecti
926 2423 1006 2460 erga
1023 2407 1220 2460 Benjamin.
1242 2406 1291 2444 Et

336 2473 421 2524 qnia
450 2472 661 2511 vincebatur
684 2485 704 2508 a
728 2480 855 2509 natura
886 2484 964 2520 sua⁷
986 2470 1046 2507 50.
1072 2470 1291 2507 Conturba-

339 2537 495 2582 bantur,
518 2533 648 2584 inquit,
679 2535 835 2570 viscera
851 2535 948 2584 ejus,
971 2540 1007 2569 et
1033 2532 1230 2583 quaerebat
1250 2538 1292 2567 ut

330 2595 457 2649 fleret.
478 2597 682 2646 Ingressus
711 2602 841 2631 autem
868 2595 911 2630 in
930 2592 1164 2637 cubiculum,
1175 2591 1292 2645 flevit

338 2658 431 2694 illic.
455 2658 517 2693 51.
546 2657 601 2693 Et
622 2656 761 2692 abluta
783 2656 898 2708 faeie
928 2656 1075 2698 exivlt‚·
1107 2661 1140 2690 et
1174 2661 1294 2704 postca

339 2731 439 2755 snam
455 2716 675 2754 demonstrat
692 2715 960 2767 benignitatem,
975 2723 1008 2752 et
1028 2713 1117 2752 dicit
1132 2730 1141 2751 :
1161 2713 1294 2766 Appo—

342 2782 564 2830 nitepanes.
580 2779 644 2815 52.
664 2779 715 2815 Ει
731 2785 991 2829 apposuerunt
1007 2779 1042 2813 ei
1059 2776 1159 2819 soli‚·
1173 2783 1296 2873 utpoEtc

341 2849 525 2889 tamquam
547 2839 621 2889 regi
643 2848 676 2876 ct
706 2838 862 2891 p1i11cipi
893 2837 1000 2875 totius
1031 2837 1099 2874 AE‘*
1078 2836 1212 2889 gypti;

345 2901 424 2937 illis
451 2913 633 2945 seorsum,
655 2908 690 2937 et
711 2900 909 2950 AEgyptiis
933 2901 1000 2950 qui
1023 2898 1140 2936 simul
1171 2910 1298 2935 crena·
1322 2908 1346 2938 c

348 2964 442 2999 bant
471 2976 556 2998 cum
594 2975 637 2998 eo
670 2974 851 2999 seorsum.
883 2961 975 2998 Non
1004 2961 1107 2997 enim
1138 2965 1300 3010 possunt

349 3025 524 3075 stiffi-put
537 3023 732 3060 comedere
745 3035 831 3059 cum
842 3023 1016 3058 Hebroeis
1031 3036 1041 3056 :
1060 3021 1300 3058 abominatio

350 3087 451 3122 enim
467 3093 521 3121 est
537 3085 742 3135 AEgrptiis.
754 3084 818 3120 55.
832 3083 1018 3120 Sederunt
1029 3090 1158 3119 autem
1170 3095 1301 3119 coram

352 3160 408 3193 eo,
419 3147 485 3198 qui
492 3147 652 3197 primus,
664 3145 871 3182 secundum
886 3146 1160 3195 antiquitatem
1174 3155 1298 3188 suam,

352 3216 386 3244 et
413 3208 545 3257 junior
572 3205 782 3242 secundum
805 3207 1051 3256 juventutem
1075 3217 1198 3242 suam.
1230 3202 1303 3240 Hoc

1347 1547 1392 1586 τὰ
1415 1549 1510 1601 δωρα
1531 1548 1673 1601 Ἰωσήφ.
1706 1547 1776 1586 Και
1797 1547 1983 1586 εἰσελθόντι
2007 1549 2100 1585 αὐτο)
2125 1545 2380 1600 προσήνεγκαν,

1351 1625 1410 1648 και
1428 1609 1691 1661 προσεκύνησαν
1712 1612 1806 1662 αυτῷ
1829 1609 1886 1646 ἐπὶ
1904 1625 1965 1656 την
1989 1612 2068 1659 γῆν.
2087 1608 2159 1646 Καὶ
2173 1607 2278 1645 πάλιν
2294 1622 2382 1645 πυν-

1351 1671 1489 1709 θάνεται
1511 1673 1643 1709 αὐτῶν·
1672 1673 1700 1709 εἷ
1722 1670 1869 1722 ὑγιαίνει
1884 1674 1901 1708 5
1920 1670 2038 1723 πατὴρ
2060 1672 2172 1720 ὑμῶν,
2191 1671 2208 1705 5
2228 1667 2380 1721 πρεσὸύ-

1351 1747 1433 1778 της,
1457 1731 1521 1770 ὃν·
1509 1747 1649 1780 ειπατε;
1680 1732 1731 1770 ἔτι
1749 1734 1808 1783 ζῇ,
1829 1732 1918 1770 Οἱ
1900 1731 1935 1770 οὲ
1956 1735 2071 1770 εἶπον·
2097 1730 2245 1782 υγιαίνει
2266 1732 2284 1767 5
2300 1734 2383 1772 παῖς

1353 1809 1412 1832 σου
1428 1797 1445 1831 ὃ
1460 1793 1577 1845 πατὴρ
1601 1795 1715 1844 ἡμῶν.
1734 1793 1802 1831 Καὶ
1823 1797 1940 1831 εἶπεν·
1959 1792 2180 1844 ευλονΜτὸς
2167 1809 2185 1830 ο
2205 1792 2383 1853 ἅνθρωπος

1352 1856 1480 1899 ἐκεῖνος
1509 1871 1559 1907 τῳ
1584 1856 1678 1906 Θεῷ.
1709 1854 1780 1892 Και
1801 1854 1971 1906 κύψαντες
2007 1852 2280 1917 προσεκύνησαν.
2302 1845 2385 1890 Εἰδε

1353 1915 1388 1955 δὲ
1400 1917 1457 1955 τὸν
1482 1894 1626 1968 ἀδελφὸν
1645 1918 1747 1954 αὐτου
1767 1916 1824 1954 τὸν
1842 1915 2070 1993 ὃμομητνριον,
2085 1915 2144 1953 καὶ
2161 1919 2272 1953 εἶπεν·
2290 1917 2385 1956 οὗτος

1353 1981 1371 2016 5
1387 1978 1561 2030 αδελφὸς
1549 1990 1646 2027 υμων
1663 1980 1681 2014 5
1700 1976 1882 2031 νεώτερος,
1898 1977 1934 2016 ὃν
1963 1977 2081 2015 εἴπατε
2111 1976 2196 2029 πρός
2232 1992 2275 2027 με
2297 1978 2386 2027 ἀγα-

1354 2045 1451 2091 γεῖν,
1476 2038 1547 2077 Καὶ
1567 2031 1660 2076 εἶπεν
1676 2053 1683 2061 ·
1705 2041 1722 2076 5
1743 2039 1832 2082 Θεὸς
1854 2038 1997 2085 ἐλεῆσαι
2020 2054 2078 2085 σε,
2101 2037 2232 2076 τέκνον.
2253 2036 2387 2075 Σκόπει

1355 2099 1466 2148 πόσην
1487 2099 1672 2153 καρτερίαν
1693 2099 1945 2148 ἐπιδείκνυται,
1963 2100 2021 2138 καὶ
2044 2099 2094 2137 ἔτι
2116 2098 2256 2151 ἄγνοιαν
2275 2113 2386 2149 προσ-

1357 2169 1528 2210 ποιεῖται,
1548 2162 1604 2200 ῗνα
1630 2162 1686 2200 διὰ
1709 2164 1778 2199 τῶν
1797 2162 1874 2208 ἑξῆς
1893 2162 2086 2214 γενομένων
2110 2160 2255 2211 δοκιμὴν
2277 2161 2389 2198 αὐτῶν

1358 2226 1421 2269 τῆς
1438 2222 1583 2274 γνώμης
1607 2222 1728 2260 λαὸεῖν
1751 2224 1900 2275 δυνηθῇ,
1921 2223 2016 2266 ὅπως
2041 2222 2126 2276 πρὸς
2149 2222 2206 2259 τὸν
2222 2221 2391 2272 Βενιαμὶν

1361 2284 1565 2322 διάκεινται.
1588 2283 1656 2322 Καὶ
1676 2283 1796 2330 ἐπειδὴ
1814 2284 1881 2322 ὑπὸ
1895 2287 1957 2330 τῆς
1974 2282 2106 2335 φύσεως
2122 2285 2228 2329 αὐτῆς
2243 2284 2392 2328 ἐνικᾶτο,

1362 2344 1620 2396 Συνεστρέφετο
1642 2346 1764 2393 αὐτοῦ,
1785 2345 1889 2397 φησὶ,
1910 2344 1954 2383 τὰ
1975 2344 2182 2396 σπλάγχνα,
2203 2343 2262 2382 καὶ
2283 2343 2394 2390 ἐζήτει

1363 2409 1526 2445 κλαῦσαι.
1548 2406 1724 2445 Εἰσελθὼν
1748 2406 1784 2445 δὲ
1814 2409 1860 2451 εἷς
1878 2407 1917 2445 τὸ
1938 2412 2109 2457 ταμιεῖον,
2130 2406 2295 2443 ἔκλαυσεν
2312 2407 2394 2443 ἐκεῖ.

1364 2467 1434 2507 Καὶ
1462 2467 1650 2520 νιψάμενος
1676 2468 1716 2506 τὸ
1740 2468 1927 2521 πρόσωπον
1949 2467 2088 2514 ἐξῆλθε·
2115 2467 2175 2506 καὶ
2199 2467 2319 2506 λοιπὸν
2333 2465 2396 2513 τὴν

1364 2532 1448 2582 παρ’
1477 2532 1599 2568 ἑαυτοῦ
1626 2529 1859 2567 ἐπιδείκνυται
1888 2529 2164 2582 φιλοφροσύνην,
2197 2527 2259 2566 καί
2293 2542 2396 2580 φησι·

1367 2591 1552 2643 ΠαράΟετε
1567 2589 1701 2644 ἄρτους.
1724 2591 1795 2629 Καὶ
1812 2590 2015 2642 παρέθηκαν
2037 2593 2128 2643 αὐτῷ
2147 2589 2260 2641 μόνῳ·
2278 2589 2338 2627 ἅτε
2356 2588 2396 2636 δὴ

1367 2655 1413 2695 ὡς
1437 2655 1573 2703 βασιλεῖ
1594 2652 1653 2690 καὶ
1679 2651 1822 2703 ἄρχοντι
1851 2652 1966 2698 πάσης
1994 2650 2192 2703 Αἰγύπτου·
2216 2649 2398 2693 Κάκείνοις

1368 2715 1445 2751 καθ’
1463 2713 1626 2760 ἑαυτοὺς,
1648 2713 1708 2750 καὶ
1741 2719 1812 2756 τοῖς
1838 2711 2044 2762 Αἰγυπτίοις
2071 2717 2141 2755 τοῖς
2162 2712 2398 2750 συνδειπνοῦσι

1371 2775 1445 2824 μετ’
1468 2776 1569 2812 αὐτοῦ
1591 2775 1668 2811 καθ’
1689 2773 1840 2817 ἑαυτούς.
1865 2772 1955 2811 Οὐδὲ
1979 2773 2046 2826 γὰρ
2065 2772 2227 2811 ἐδύναντο
2247 2775 2278 2811 οἱ
2297 2771 2400 2823 Αἰγύ-
2452 2795 2455 2802 ·

1370 2851 1464 2873 πτιοι
1491 2835 1676 2873 συνεσθίειν
1698 2834 1786 2885 μετὰ
1806 2836 1873 2871 τῶν
1902 2833 2079 2886 Ἱίὅραίων
2095 2850 2102 2857 ·
2135 2834 2316 2886 βδέλυγμα
2334 2833 2401 2885 γάρ

1371 2899 1445 2935 ἐστι
1468 2902 1538 2939 τοῖς
1569 2896 1781 2947 Αἰγυπτίοις.
1810 2895 1974 2935 ἸἰκάΟισε
2012 2896 2047 2933 δὲ
2078 2894 2230 2934 ἐναντίον
2251 2897 2355 2933 αὐτοῦ
2385 2895 2403 2932 ὁ

1372 2960 1508 3009 πρῶτος
1537 2957 1628 2995 κατὰ
1661 2957 1704 2995 τὰ
1738 2957 1907 3010 πρεσὸεῖα
1940 2959 2068 3005 αὐτοῦ,
2102 2956 2160 2994 καὶ
2196 2959 2214 2994 ὁ
2242 2954 2403 3007 νεώτερος

1373 3018 1464 3056 κατὰ
1495 3017 1558 3063 τὴν
1581 3018 1726 3065 νεότητα
1755 3021 1869 3056 αὐτοῦ.
1890 3020 2003 3056 Τοῦτο
2035 3017 2181 3060 ἐκείνους
2205 3019 2251 3060 εἷς
2270 3015 2403 3063 ἔκπλη·
2453 3049 2455 3065 γ

1376 3078 1424 3123 ξιν
1454 3074 1540 3130 ἦγε,
1570 3079 1629 3117 καὶ
1659 3081 1693 3116 ἐν
1718 3079 1846 3132 ἀπορίᾳ
1867 3078 2099 3125 καΟίσταντο,
2120 3078 2222 3117 πόθεν
2254 3079 2348 3130 αὐτῷ
2381 3078 2402 3122 ἡ

1375 3143 1500 3192 γνῶσις
1523 3140 1657 3191 ἐγένετο
1676 3143 1738 3186 τῆς
1758 3141 1923 3192 διαφορᾶς
1943 3142 2012 3177 τῶν
2043 3141 2203 3185 ἡλικιῶν.
2226 3139 2295 3177 Καὶ
2318 3143 2403 3176 πᾶσι

1378 3201 1454 3245 δοὺς
1477 3202 1618 3254 μερίδας
1630 3233 1639 3249 ,
1662 3204 1711 3253 τῷ
1732 3201 1899 3252 Βενιαμὶν
1914 3200 2173 3239 πενταπλάσιον
2188 3199 2318 3238 δίδωσι.
2336 3198 2404 3237 Καὶ
2454 3215 2456 3225 ι

401 3335 415 3358 Ι»
440 3330 526 3370 ἵλεω,-
543 3334 621 3374 &ssi-1,
644 3329 812 3373 Propitius
827 3330 942 3371 vobim
963 3328 1081 3363 modus
1102 3327 1270 3372 loquendi,
1289 3339 1364 3360 cum
1401 3308 1488 3365 02⁸¹>
1525 3311 1648 3364 ΟῚΙἹΨ.
1669 3341 1736 3361 vax
1758 3329 1865 3369 robis,
1883 3328 1971 3372 quod
1987 3327 2102 3361 eodem
2121 3327 2250 3362 recidit.

359 3387 431 3428 quis
454 3385 533 3417 bone
559 3395 689 3427 sperare
706 3391 737 3415 et
755 3381 919 3415 confidere
960 3382 1048 3415 ubet.
1072 3384 1110 3416 Iu
1134 3381 1274 3415 Hebraeo
1291 3388 1362 3421 cst,
