2516 3791
278 104 370 167 798
695 115 733 146 S.

276 203 471 254 zusfuerit
491 201 605 239 homo
620 202 662 238 in
672 200 805 252 aliquo
821 197 974 243 delicto,
990 208 1061 233 vos
1072 196 1138 246 qui
1150 194 1226 244 spi-

275 263 436 302 rituales
451 265 555 309 estis,
571 263 751 313 corripite
762 260 890 305 illum,
906 256 1156 294 considerans
1173 261 1226 292 te-

277 327 497 376 metipsum,
509 338 557 362 ne
566 331 657 361 etta
674 323 844 360 tenteris.
858 317 1005 370 Optima
1019 315 1227 364 admonitio,

275 387 471 437 perfectum
499 383 700 432 consilium,
720 379 816 432 quod
847 388 991 431 paterna
1011 377 1146 415 viscera
1164 376 1227 414 de-

276 447 401 494 clarat,
421 454 455 484 et
478 446 554 497 ejus
575 443 638 494 qui
659 455 825 492 magnam
843 439 954 477 nostri
975 452 1098 477 curam
1120 438 1224 490 gerit.
1251 443 1275 471 'E

276 510 371 546 Vere
388 508 518 557 linguae
537 504 640 543 Pauli
667 502 776 542 verba
789 531 798 549 ,
814 502 953 539 fratres.
981 500 1076 539 Satis
1093 499 1227 537 eximio

276 569 415 607 nomine
428 566 640 605 benevolum
656 562 815 602 reddidit
828 562 1043 600 auditorem:
1054 560 1152 612 quasi
1168 559 1226 598 di-

275 640 394 669 cturus
411 644 419 665 ε
438 626 612 679 Ejusdem
635 625 727 664 uteri
751 630 858 677 partu
879 632 913 662 et
930 622 1115 661 doloribus
1141 635 1224 674 pro-

274 700 399 742 gnatus
417 703 466 740 es,
486 687 651 727 eumdem
668 685 826 724 habuisti
845 693 997 737 patrem,
1019 683 1145 721 iisdem
1160 682 1224 721 ali-

274 751 400 789 mentis
428 750 599 788 educatus
626 762 685 798 es,
714 744 983 786 communicasti
1002 744 1034 783 ei
1061 743 1098 782 in
1116 752 1223 796 partu

272 811 449 864 spirituali
459 826 471 861 3
501 810 746 862 cognationem
777 817 811 847 ct
840 806 1097 846 fraternitatem
1132 806 1224 844 hanc

271 871 376 909 ctiam
409 871 446 909 in
481 868 700 921 corrigendis
728 865 886 920 proximi
917 865 1042 904 erratis
1068 864 1220 903 declara.

269 934 310 970 Si
324 940 614 983 proeoeeztpattcs
623 931 768 982 fuerit.
790 929 871 967 Non
889 926 1004 977 dixit,
1024 926 1062 965 Si
1084 935 1220 978 peccet,

270 992 330 1031 sed
352 991 399 1031 ad
419 1006 528 1045 genus
559 990 692 1044 peccati
720 988 902 1040 confugit,
924 987 1022 1039 quod
1049 988 1222 1039 majorem

268 1063 422 1093 meretur
442 1053 596 1093 veniam.
618 1052 659 1091 Si
682 1050 1111 1103 prceoeeupatusficerit
1124 1064 1135 1085 .·
1152 1048 1221 1087 hoc

268 1126 336 1164 cst,
359 1117 389 1154 si
413 1116 566 1168 graviter
595 1123 749 1153 tentatus
775 1110 1014 1161 succubuerit,
1036 1109 1065 1148 si
1082 1123 1219 1148 errave-

269 1177 332 1224 rit,
353 1191 465 1229 neque
491 1191 571 1214 eum
591 1175 652 1227 qui
679 1173 799 1212 dedita
818 1186 924 1226 opera
940 1170 1099 1224 peccavit
1113 1170 1217 1219 dicit,
1232 1210 1278 1234 689

266 1238 328 1277 sed
352 1253 434 1277 eum
460 1238 522 1290 qui
552 1236 692 1275 studuit
718 1235 806 1273 bene
829 1247 946 1286 agere,
970 1232 1219 1285 supplantatus
1244 1246 1270 1277 A

267 1310 381 1338 tamen
408 1309 458 1338 est
474 1314 494 1337 a
512 1306 682 1351 potestate
706 1295 885 1334 diabolica
908 1303 942 1332 et
963 1294 1094 1333 victus.
1126 1295 1219 1332 Nam

264 1361 346 1400 talis
362 1375 432 1399 non
451 1369 525 1399 tam
551 1357 808 1398 accusationem
828 1370 934 1407 quam
951 1355 1093 1397 veniam
1107 1369 1219 1394 mere-

264 1431 336 1460 tur.
357 1423 398 1461 Si
416 1429 707 1474 proeoecupatus
723 1420 844 1472 fuerit
864 1420 991 1457 homo.
1013 1419 1150 1455 Iterum
1171 1417 1218 1455 ad

263 1483 371 1521 aliam
387 1483 496 1521 veniae
511 1482 665 1534 speciem
680 1479 857 1532 confugit,
871 1493 997 1531 nempe
1015 1488 1149 1517 naturoe
1164 1478 1217 1516 in-

263 1544 481 1591 firmitatem,
502 1556 610 1594 quam
627 1541 769 1580 nomine
786 1540 944 1579 hominis
967 1539 1136 1578 insinuat.
1160 1539 1216 1578 Si-

263 1615 322 1643 cut
349 1605 460 1656 igitur
479 1612 513 1642 et
539 1616 690 1655 magnus
720 1602 790 1642 Job
817 1601 958 1641 veniam
972 1615 993 1639 a
1011 1601 1086 1639 Deo
1105 1600 1217 1653 impe-

219 1688 245 1715 7·
264 1676 355 1706 trare
382 1666 519 1715 volens,
548 1664 719 1702 dicebat:
746 1663 850 1715 Quid
878 1669 935 1701 esc
965 1663 1079 1700 homo
1113 1662 1219 1714 quod

262 1737 416 1781 reputas
433 1741 534 1773 eum,
546 1733 583 1764 et
596 1727 864 1764 visitationem
874 1731 1122 1776 peecatorum
1133 1725 1215 1775 ejus

250 1792 416 1842 fecisti?
436 1788 487 1827 sic
506 1796 540 1826 et
558 1801 620 1825 nos
637 1786 823 1835 faciamus,
838 1784 980 1836 quando
995 1798 1078 1822 cum
1093 1798 1214 1836 pecca-

64 2567 122 2597 ?-yu
134 2570 171 2588 ιῐιι
184 2563 228 2588 iii,

67 2609 70 2629 ἒ
107 2616 151 2630 ωε»
183 2606 248 2641 luis.

263 1861 335 1889 tore
374 1851 495 1902 aliquo
533 1848 798 1901 expostulatur,
832 1846 998 1884 continue
1033 1845 1211 1896 dicamus,

262 1912 377 1949 Homo
395 1921 447 1950 est
461 1927 469 1948 ε
484 1919 518 1949 ct
534 1919 668 1948 naturae
694 1907 936 1946 recordatione
953 1906 999 1945 ad
1019 1907 1215 1945 misericor·
1239 1920 1263 1950 13

262 1974 358 2012 diam
377 1973 622 2023 indignantem
647 1983 895 2023 provocemus.
921 1969 969 2006 Et
987 1982 1026 2007 ea
1044 1968 1090 2006 de
1111 1982 1214 2006 causa

263 2035 397 2072 Paulus
411 2033 460 2072 ad
473 2042 639 2072 naturam
651 2040 685 2070 et
695 2031 769 2083 ejus
784 2029 1027 2069 infirmitatem
1041 2029 1213 2081 confugit,

263 2110 344 2137 cum
371 2095 465 2133 dixit
480 2095 541 2133 :Si
562 2103 599 2132 et
619 2092 1024 2145 praeocupatassuerit
1046 2092 1160 2129 homo
1174 2094 1216 2129 in

263 2158 396 2209 aliquo
414 2156 569 2194 delicto.
593 2155 672 2193 Non
693 2153 904 2205 simpliciter
929 2166 1057 2204 magna
1074 2161 1215 2204 peccata

263 2218 367 2267 dicit,
386 2231 463 2268 quae
479 2217 612 2268 majora
628 2229 735 2266 quam
750 2222 790 2251 ut
807 2213 948 2251 veniam
964 2222 997 2251 et
1016 2212 1214 2251 misericor-

265 2280 361 2317 diam
390 2278 516 2316 mereri
546 2276 748 2322 videantur,
775 2273 837 2313 sed
864 2287 976 2326 parva
1001 2282 1035 2311 et
1061 2273 1211 2325 abjecta.

269 2343 342 2378 I‘os
363 2343 430 2393 qui
451 2339 685 2392 spirituales.
708 2338 743 2375 Is
767 2335 829 2387 qui
847 2344 984 2388 peccat,
1001 2335 1107 2373 homo
1119 2350 1131 2385 3
1152 2335 1215 2385 qui

264 2416 347 2440 vero
374 2403 462 2440 bene
493 2407 699 2453 operantur,
721 2396 921 2450 spirituales
939 2395 1120 2433 dicuntur.
1148 2396 1216 2434 Hic

264 2464 409 2502 tirtutis
430 2461 649 2503 vocabulum
670 2458 807 2512 posuit,
832 2458 907 2496 illie
931 2465 1065 2496 naturae
1088 2471 1215 2496 nomen

264 2525 370 2563 dixit.
392 2524 552 2563 Multum
570 2531 689 2560 autem
709 2520 829 2559 dissert
842 2519 949 2557 homo
962 2548 973 2568 ,
997 2527 1031 2557 et
1047 2517 1215 2570 spiritua-

265 2587 319 2625 lis.
337 2588 410 2625 Vos
423 2588 489 2638 qui
501 2584 734 2637 spirituales.
750 2582 789 2622 Si
804 2579 1003 2635 spiritualis
1016 2580 1217 2629 cs‚ostende
1239 2594 1263 2625 c

265 2648 354 2686 mihi
381 2647 551 2687 virtutem
577 2654 690 2696 tuam,
711 2658 781 2682 non
801 2658 821 2682 a
840 2653 922 2693 tua,
944 2641 1007 2680 sed
1028 2656 1047 2679 a
1067 2655 1143 2679 mea
1164 2655 1217 2679 sa-

264 2710 354 2759 lute,
378 2708 439 2747 scd
459 2724 479 2745 a
500 2706 661 2746 subsidio
686 2705 783 2757 quod
803 2705 902 2757 lapso
926 2703 1006 2742 fers.
1029 2703 1105 2740 Hoc
1122 2702 1217 2740 enim

264 2771 460 2823 spiritualis
479 2779 546 2819 cst,
572 2783 641 2807 non
669 2767 849 2820 despicere
866 2780 930 2804 sua
949 2765 1108 2804 membra
1123 2763 1216 2817 peri-

264 2832 435 2869 clitantia.
460 2832 646 2868 Iusti-uite
667 2829 797 2867 talem.
821 2827 967 2877 Facite,
987 2827 1050 2877 ait,
1074 2840 1117 2864 ne
1138 2825 1216 2878 capi

264 2893 389 2944 possit,
416 2906 458 2930 ne
488 2890 654 2929 certando
686 2888 917 2941 defatigetur,
947 2901 990 2926 ne
1020 2886 1217 2939 praeliando

262 2954 432 2992 advorsus
451 2952 636 2990 diabolum
652 2950 870 2989 succumbat.
886 2950 1147 2989 considerans
1166 2955 1216 2985 te-

262 3019 474 3067 metipsum,
497 3028 542 3050 ne
559 3021 592 3051 et
614 3021 653 3049 tu
671 3014 839 3050 tenteris.

310 3143 345 3177 2.
369 3139 443 3177 Hoc
465 3150 645 3175 summum
666 3135 853 3173 consilium
872 3143 940 3183 cst,
963 3142 995 3171 et
1015 3133 1209 3172 admonitio

257 3201 410 3238 maxime
437 3213 575 3251 cogens.
603 3196 753 3235 Etiamsi
781 3209 906 3233 saxeus
930 3195 1057 3244 fueris,
1083 3204 1115 3232 et
1144 3209 1206 3231 au-

772 113 954 147 JOANNJS
989 109 1240 142 CHRYSOST.
1279 107 1484 140 Achnssn
1524 108 1881 140 CONSTANJWNOP.

1303 192 1618 245 ἀποκαθαίροντες,
1639 192 1697 232 διὰ
1717 192 1848 231 τούτων
1861 192 1896 231 δὲ
1914 194 1982 232 τῶν
2005 192 2171 246 δευτέρων
2197 194 2260 241 τὴν
2287 194 2323 237 ἐξ

1302 253 1440 291 ἐκείνων
1460 252 1582 300 ὀδύνην
1603 252 1922 304 παραμυθούμενοι.
1942 253 2009 292 Διὰ
2024 257 2127 293 τοῦτο
2145 255 2204 293 καὶ
2218 257 2323 294 ἀλλα-

1301 317 1366 366 χοῦ
1395 329 1498 366 φησιν
1527 316 1545 351 ὃ
1566 314 1726 357 Παῦλος·
1754 314 1930 368 Ἀδελφοὶ,
1961 314 2021 353 ἐὰν
2048 315 2109 353 καὶ
2137 317 2321 368 προληφθῇ

1301 375 1479 427 ἄνθρωπος
1493 373 1527 412 ἔν
1542 390 1610 412 τινι
1629 374 1913 427 παραπτώματι,
1930 378 2026 425 ὑμεῖς
2042 376 2074 414 οἱ
2092 377 2325 426 πνευματικοὶ

1301 435 1524 488 καταρτίζετε
1539 434 1597 473 τὸν
1619 438 1786 481 τοιοῦτον,
1801 438 1941 473 σκοπῶν
1958 435 2102 474 σεαυτὸν
2123 435 2172 487 μὴ
2199 436 2258 474 καὶ
2280 436 2321 475 σὺ

1300 499 1501 550 πειρασθῇς.
1530 495 1670 550 Ἀρίστη
1701 495 1930 548 παραίνεσις,
1959 496 2202 550 ἀπηρτισμένη
2226 514 2320 548 συμ-

1300 557 1406 604 &ool->1
1421 587 1431 605 ‚
1449 556 1581 604 πολλὴν
1598 556 1726 609 ἔχουσα
1742 555 1806 604 τὴν
1822 556 2044 607 κηδεμονίαν,
2065 557 2252 610 σπλάγχνα
2269 561 2321 597 ἕν-

1298 617 1502 668 δεικνυμένη
1525 616 1700 671 πατρικά·
1723 617 1830 662 ὄντως
1847 619 1910 663 τ’ῆς
1940 617 2081 669 Παύλου
2101 617 2259 670 γλώττης
2276 618 2322 657 τὰ

1300 679 1465 730 ῥήματα,
1497 679 1650 732 ἀδελφοί.
1678 679 1825 728 Εὐθέως
1846 678 1916 718 ἀπὸ
1949 683 2010 718 τοῦ
2034 681 2096 726 τῆς
2121 679 2320 732 συγγενείας

1297 739 1462 790 ὀνόματος
1491 740 1577 793 πρὸς
1611 739 1674 788 τὴν
1701 739 1834 779 εὔνοιαν
1856 739 2080 779 ἐπεσπάσατο
2105 739 2163 778 τὸν
2192 743 2319 793 ἀκροα-

1296 802 1373 848 τήν.
1390 802 1465 847 Τὰς
1483 802 1588 847 αὐτὰς
1600 803 1724 847 ὠδῖνας
1740 802 1864 846 ἔλυσας
1881 803 1974 855 αὐτῷ
1986 832 1996 850 ,
2009 801 2072 845 τὰς
2087 801 2194 845 αὐτὰς
2212 802 2319 854 ἐτρά-

1297 879 1362 916 φης
1379 863 1509 916 τροφὰς
1524 893 1534 912 ,
1564 863 1623 902 τὸν
1651 864 1754 902 αὐτὸν
1782 863 1883 916 ἔσχες
1911 862 2068 915 πατέρα,
2087 861 2320 909 ἐκοινώνησας

1296 927 1391 977 αὐτῷ
1421 924 1513 963 κατὰ
1546 924 1604 962 τὸν
1636 924 1737 963 τόκον
1768 924 1826 962 τὸν
1859 923 2093 974 πνευματικόν
2111 939 2119 947 ·
2147 923 2212 970 τὴν
2236 939 2319 975 συγ-

1295 985 1428 1037 γένειαν
1447 985 1561 1024 τοίνυν
1582 984 1711 1032 ταύτην
1736 985 1797 1023 καὶ
1815 986 1852 1022 ἐν
1870 988 1914 1033 τῇ
1933 988 2001 1023 τῶν
2023 985 2224 1035 πτωμάτων
2248 986 2324 1022 ἐπι-

1297 1046 1455 1085 δείκνυσι)
1475 1045 1666 1098 διορθώσει.
1689 1045 1776 1085 Ἐὰν
1803 1047 2001 1098 προληφθῇ.
2031 1047 2109 1084 Οὐκ
2127 1038 2235 1093 εἶπεν,
2260 1045 2319 1084 ἐὰν

1295 1109 1437 1161 ἁμάρτῃ
1445 1138 1457 1158 ,
1483 1110 1560 1147 ἀλλ’
1580 1108 1637 1147 ἐπὶ
1656 1102 1743 1152 εἶδος
1769 1107 1945 1161 ἁμαρτίας
1971 1108 2142 1160 κατέφυγε
2162 1107 2320 1161 συγγνώ-

1296 1187 1364 1221 μην
1393 1171 1484 1223 ἔχον.
1511 1171 1564 1209 Τὸ
1589 1169 1680 1224 γὰρ,
1703 1169 1788 1209 Ἐὰν
1808 1170 1993 1222 προληφθῇ
2008 1199 2018 1217 ,
2036 1168 2227 1218 τουτέστιν,
2259 1169 2320 1209 ἐὰν

1295 1234 1494 1285 ἐπηρεασθῇ
1507 1263 1517 1281 ,
1537 1231 1596 1270 ἐὰν
1624 1234 1809 1283 ἇπατηθῇ,
1844 1233 1881 1270 οὖ
1902 1231 1960 1269 τὸν
1975 1232 2014 1268 ἐκ
2042 1230 2188 1280 μελέτης
2207 1231 2319 1284 ἆμαρ-

1294 1293 1451 1341 τήσαντα
1468 1293 1592 1345 λέγων,
1616 1291 1707 1331 ἀλλὰ
1725 1291 1783 1330 τὸν
1805 1292 2044 1335 σπουδάζοντα
2063 1290 2125 1342 μὲν
2142 1294 2318 1344 κατορθῶ-

1294 1371 1371 1403 σαι,
1391 1354 1457 1393 ὑπὸ
1473 1353 1708 1407 περιστάσεως
1724 1353 1760 1392 δὲ
1778 1353 1978 1399 διαὸολικῆς
1994 1352 2317 1404 ὓποσκελιζόμενον.

1293 1416 1338 1455 ‘O
1357 1416 1425 1468 γὰρ
1451 1420 1602 1459 τοιοῦτος
1631 1417 1669 1453 οὐ
1695 1418 1856 1453 τοσοῦτον
1889 1413 2100 1466 κατηγορίας
2127 1413 2204 1451 ὅσον
2238 1431 2318 1466 συγ-

1292 1477 1434 1528 γνώμης
1456 1476 1548 1515 ἐστὶν
1571 1475 1672 1520 ἄξιος.
1702 1474 1788 1514 Ἐὰν
1818 1475 1879 1513 καὶ
1907 1476 2092 1528 προληφθῇ
2122 1475 2316 1527 ἄνθρωπος.

1292 1538 1406 1577 Πάλιν
1435 1537 1487 1590 ἐφ’
1517 1538 1632 1589 ἕτερον
1664 1530 1751 1580 εἶδος
1783 1535 1989 1588 συγγνώμης
2022 1535 2194 1588 κατέφυγε
2209 1566 2219 1584 ,
2255 1540 2319 1583 τῆς

1290 1598 1423 1651 φύσεως
1443 1597 1506 1644 τὴν
1527 1597 1719 1646 ἀσθένειαν,
1746 1598 1790 1645 ἣν
1817 1596 1874 1635 διὰ
1893 1600 1955 1643 τ’ἧς
1982 1596 2219 1650 προσηγορίας
2237 1596 2318 1649 ᾐνίν

1292 1659 1384 1704 ξατο.
1407 1659 1577 1713 Καθάπερ
1602 1652 1659 1697 οῦν
1675 1662 1694 1697 ὁ
1713 1657 1821 1709 μέγας
1841 1656 1924 1695 ’1ὼὸ
1940 1656 2201 1695 ἐπισπάσασθαι
2221 1657 2319 1710 παρὰ

1289 1723 1349 1758 τοῦ
1376 1721 1468 1758 Θεοῦ
1502 1718 1713 1771 συγγνώμην
1747 1718 1972 1770 βουλόμενος,
2001 1717 2118 1769 ἔλεγε·
2146 1720 2180 1756 Τ
2184 1717 2195 1755 ί
2224 1721 2318 1757 ἐστιν

1291 1782 1488 1834 ἄνθρωπος,
1507 1781 1561 1819 ὅτι
1584 1779 1704 1832 λογίζῃ
1725 1780 1842 1828 αὐτὸν,
1863 1779 1923 1818 καὶ
1942 1778 2136 1826 ἐπισκοπὴν
2163 1779 2317 1827 ἐποιήσω

1290 1845 1358 1880 τῶν
1379 1840 1643 1893 ἁμαρτημάτων
1664 1843 1790 1889 αὐτοῦ,
1819 1840 1911 1880 οὕτω
1935 1841 1995 1879 καὶ
2014 1839 2115 1891 ἡμεῖς
2143 1844 2314 1892 ποιῶμεν,

1290 1904 1371 1942 ὅταν
1392 1902 1469 1941 τινὰ
1498 1906 1567 1941 τῶν
1595 1902 1853 1955 ἡμαρτηκότων
1883 1901 2120 1952 ἐξαιτώμεθα,
2141 1902 2319 1947 ἄνθρωπός

1290 1968 1362 2004 ἐστι
1391 1965 1541 2016 συνεχῶς
1569 1963 1748 2016 λέγοντες,
1779 1963 1840 2001 καὶ
1868 1967 1931 2011 τῆς
1960 1963 2094 2015 φύσεως
2121 1951 2319 2014 ἀναμιμνή-

1291 2042 1429 2070 σκοντες
1442 2055 1452 2074 ,
1471 2026 1530 2064 καὶ
1557 2025 1668 2078 ταύτῃ
1688 2025 1773 2077 πρὸς
1793 2025 1886 2063 ἔλεον
1908 2024 2132 2078 ἐφελκόμενοι
2149 2024 2207 2063 τὸν
2229 2029 2317 2078 ἀγα-

1288 2092 1494 2127 νακτοῦντα.
1531 2087 1599 2126 Διὰ
1623 2091 1725 2125 τοῦτο
1756 2086 1815 2125 καὶ
1833 2089 1851 2125 ὃ
1869 2088 2009 2130 Παῦλος
2038 2086 2096 2125 ἐπὶ
2124 2086 2187 2133 τὴν
2218 2088 2317 2140 φύσιν

1289 2150 1348 2187 καὶ
1369 2149 1432 2196 τὴν
1454 2149 1627 2187 εὐτέλειαν
1655 2150 1761 2194 αὐτῆς
1782 2148 1973 2200 κατέφυγεν
2003 2147 2124 2194 εἰπὼν,
2142 2148 2227 2187 Ἐὰν
2258 2149 2319 2187 καὶ

1288 2213 1471 2263 προληφθῇ
1486 2210 1664 2262 ἄνθρωπος
1680 2210 1714 2248 ἔν
1730 2225 1796 2247 τινι
1812 2208 2089 2261 παραπτώματι.
2107 2211 2186 2261 Οὐχ
2198 2211 2318 2253 ἁπλῶς

1289 2273 1332 2311 τὰ
1348 2272 1485 2324 μεγάλα
1501 2271 1595 2323 λέγει
1611 2270 1851 2324 ἁμαρτήματα
1863 2300 1873 2318 ,
1889 2270 1933 2308 τὰ
1951 2270 2158 2321 συγγνώμης
2178 2271 2317 2322 μείζονα

1291 2334 1350 2372 καὶ
1368 2335 1412 2372 τὰ
1430 2332 1689 2386 φιλανθρωπίας
1710 2334 1772 2370 οὐκ
1798 2332 1899 2380 ἄξια,
1920 2332 2011 2370 ἀλλὰ
2040 2331 2085 2369 τὰ
2112 2332 2224 2384 μικρὰ
2257 2333 2317 2371 καὶ

1294 2395 1571 2445 κατεσταλμένα.
1591 2393 1711 2444 Ὑμεῖς
1736 2396 1767 2432 οἱ
1792 2393 2034 2443 πνευματικοί.
2053 2392 2097 2432 Ὁ
2118 2393 2180 2443 μὲν
2200 2394 2317 2448 ἁμαρ-

1289 2457 1370 2504 τὼν,
1400 2456 1601 2508 ἄνθρωπος,
1634 2457 1665 2492 οἱ
1695 2454 1730 2492 δὲ
1770 2456 2040 2507 κατορθοῦντες,
2073 2455 2316 2505 πνευματικοί.

1290 2519 1387 2556 Ἐκεῖ
1402 2520 1463 2563 τῆς
1478 2516 1611 2569 φύσεως
1630 2509 1706 2554 εἷπε
1721 2515 1760 2553 τὸ
1781 2516 1891 2565 ὄνομα
1903 2544 1913 2561 ,
1936 2517 2084 2554 ἐνταῦθα
2102 2519 2164 2562 τῆς
2191 2518 2316 2567 ἀρετῆς

1290 2579 1392 2626 ἔθηκε
1411 2578 1473 2624 τὴν
1494 2576 1745 2629 προσηγορίαν.
1770 2575 1866 2614 Πολὺ
1884 2575 1920 2614 δὲ
1937 2575 1975 2613 τὸ
1993 2576 2096 2627 μέσον
2109 2580 2168 2614 τοῦ
2185 2578 2316 2628 ἀνθρώ-

1289 2656 1354 2678 που
1385 2639 1517 2677 καὶτοῦ
1543 2640 1792 2688 πνευματικοῦ.
1812 2636 1935 2686 Ἵ”μεῖς
1955 2638 1986 2674 οἱ
2008 2637 2251 2687 πνευματικοί.
2275 2640 2315 2677 Εἰ

1288 2699 1520 2750 πνευματικὸς
1540 2693 1590 2744 εἶ,
1619 2698 1724 2743 δεῖξόν
1753 2713 1813 2748 μοι
1831 2697 1894 2744 τὴν
1923 2697 2022 2749 ἰσχύν
2053 2713 2137 2746 σου,
2167 2697 2215 2749 μὴ
2245 2700 2316 2738 ἀπὸ

1288 2765 1349 2809 τ’ἧς
1367 2764 1430 2808 σῆς
1446 2761 1641 2813 σωτηρίας,
1662 2761 1753 2799 ἀλλὰ
1773 2760 1831 2798 καὶ
1849 2760 1919 2798 ἀπὸ
1936 2762 1999 2806 τῆς
2015 2762 2104 2811 ε’μῆς
2124 2762 2313 2814 σωτηρίας,

1290 2823 1380 2861 ἀλλὰ
1400 2823 1458 2861 καὶ
1487 2823 1556 2861 ἀπὸ
1570 2826 1630 2869 τῆς
1655 2821 1814 2873 βοηθείας
1834 2823 1895 2867 τῆς
1914 2823 1961 2865 εἰς
1977 2821 2053 2865 τοὺς
2072 2823 2312 2868 πεπτωκότας.

1288 2887 1403 2924 Τοῦτο
1421 2884 1488 2936 γὰρ
1506 2887 1760 2934 πνευματικοῦ,
1779 2882 1827 2934 μὴ
1846 2890 2011 2935 περιορᾷν
2028 2882 2071 2921 τὰ
2091 2885 2202 2922 οἰκεῖα
2223 2885 2311 2934 μέλη

1286 2945 1505 2997 ἠμελημένα.
1543 2944 1777 2996 Καταρτίζετε
1814 2944 1871 2982 τὸν
1902 2947 2068 2983 τοιοῦτον.
2105 2944 2310 2997 Ἀχείρωτον

1287 3013 1414 3045 ποιεῖτε
1431 3036 1440 3054 ,
1465 3006 1581 3058 φησὶν,
1604 3004 1898 3057 ἀκαταγ(ι’)νιστον,
1919 3005 2055 3056 ἄμαχον
2076 3008 2125 3057 τῷ
2146 3006 2309 3058 διαΕόλῳ.

1288 3070 1436 3107 Σκοπῶν
1454 3067 1611 3115 σεαυτὸν,
1634 3067 1681 3117 μὴ
1699 3067 1758 3104 καὶ
1780 3066 1822 3104 σὺ
1841 3069 2041 3118 πειρασθῇς.

1339 3128 1435 3176 Αὕτη
1453 3128 1598 3180 μεγίστη
1615 3127 1794 3178 συμῧουλὴ
1807 3158 1816 3174 ,
1835 3126 2076 3178 ἀναγκαστικὴ
2094 3128 2307 3179 παραίνεσις.

1285 3191 1358 3229 Κᾶν
1375 3191 1467 3233 λίθος
1487 3185 1509 3240 ἦ
1527 3193 1544 3228 ὃ
1559 3189 1706 3237 ‹inoffi-w,
1727 3189 1842 3226 ἱκανὸν
1861 3188 1961 3226 αὐτὸν
1978 3188 2128 3239 cocio-012
2143 3189 2182 3227 τὸ
2201 3191 2310 3240 ῥῆμα,

252 3264 348 3311 «lius,
366 3263 511 3299 verbum
528 3261 595 3297 hoc
613 3257 765 3296 sufficiet
782 3257 825 3295 ad
845 3256 1058 3305 terrendum,
1075 3265 1105 3293 ct
1124 3271 1203 3308 pro-
1232 3269 1254 3298 D
1281 3253 1338 3291 καὶ
1370 3252 1453 3303 πρὸς
1492 3251 1662 3302 ἀνάληψιν
1697 3251 1861 3301 διεγεῖραι
1892 3254 1952 3287 τοῦ
1984 3250 2218 3294 πεπτιιαότος.
2252 3253 2305 3289 Οὐ

253 3325 465 3367 κικ-ιιιιιῖιιιη,
488 3338 555 3376 quo
577 3324 664 3359 sorus
685 3319 861 3357 :auxilium
886 3320 992 3370 inpso.
1027 3319 1103 3356 Non
1127 3320 1198 3361 vis,

1333 3315 1338 3323 ,

1281 3316 1395 3365 βονλει
1408 3345 1415 3354 ,

1519 3313 1525 3324 ¹
1604 3315 1613 3325 e
1683 3313 1714 3324 *x
1785 3312 1791 3323 x
1848 3313 1855 3322 v
1897 3313 1918 3321 ox·
2058 3311 2068 3321 q
2156 3311 2163 3322 J

1449 3329 1562 3363 φησιν,
1598 3330 1640 3349 ως
1674 3313 1816 3361 ausique<
1842 3312 1998 3356 ελεησαι;
2036 3326 2073 3347 ου
2105 3313 2216 3360 βουλει
2258 3314 2300 3348 ὡς
