2516 3791
337 170 428 216 558

333 268 412 306 aliae
442 267 671 305 difficultates
697 281 839 318 segnem
855 281 937 305 eum
964 266 1000 302 in
1024 265 1080 302 his
1099 263 1277 302 reddunt:

334 328 398 366 sed
423 328 535 366 sciens
566 327 616 364 rei
644 327 906 374 necessitatem,
934 338 1075 362 omnem
1098 338 1221 360 curam
1248 333 1282 361 et

334 389 496 427 studium
508 389 668 435 adhibet,
680 402 720 424 ac
736 387 845 424 mittit
852 385 1096 423 domesticum.
1106 385 1282 423 Caeterum

336 450 537 503 patriarcha
560 449 728 487 virtutem
748 457 884 484 tantum
902 446 1011 483 animi
1041 460 1220 496 quaerens,
1249 456 1283 484 et

335 512 528 549 abhorrens
557 524 577 546 a
594 509 799 546 vicinorum
828 506 987 556 malitia,
1012 506 1061 544 ita
1083 507 1229 558 quidem
1247 522 1283 545 se

334 571 443 623 gerit,
472 579 508 607 at
535 583 627 606 nune
655 582 775 606 omnes
804 567 1013 619 hujusmodi
1040 567 1282 605 conditionem

333 646 375 669 ne
393 631 587 682 cogitarent
606 629 752 680 quidem
768 645 774 665 z
796 643 879 667 nam
890 629 955 667 etsi
968 628 1068 667 vitiis
1087 628 1281 666 innumeris
1303 636 1327 665 D

332 693 435 744 plena
452 692 497 729 sit
511 722 519 739 ,
534 691 601 728 hoc
615 691 732 728 solum
751 690 958 741 inquirunt,
977 699 1149 740 quantum
1167 691 1282 727 abun-

332 753 392 790 det
409 752 589 805 pecunii33
621 760 746 788 caetera
768 750 888 788 omnia
906 750 1100 803 posteriore
1121 751 1199 788 loco
1216 750 1280 788 ha-

331 814 432 863 bent,
459 812 650 851 nescientes
668 826 723 862 se,
758 812 788 849 si
807 826 905 850 mens
924 826 1089 864 perversa
1106 811 1175 860 sit,
1198 811 1282 849 licet

331 874 507 912 immensae
538 873 686 911 affluant
717 871 855 910 divitiae
870 902 881 921 ,
913 872 983 909 cito
1013 871 1049 909 in
1081 881 1279 910 extremam

331 944 497 973 venturos
528 933 685 986 inopiam
707 950 714 969 :
741 942 775 971 et
802 932 895 971 nihil
930 933 1135 985 profuturas
1170 947 1276 985 opes,

329 1016 410 1039 eum
433 1016 502 1040 non
522 1001 567 1039 sit
584 1001 635 1039 ibi
654 1015 751 1038 mens
769 1015 846 1051 quae
869 1000 957 1038 hene
975 1000 1056 1038 illas
1075 999 1280 1052 dispensare

329 1072 445 1113 queat.

381 1132 417 1168 5.
449 1132 586 1169 Verum
614 1130 816 1183 patriarcha
834 1144 936 1168 servo
955 1139 1160 1167 accuratum
1179 1129 1280 1167 dedit

328 1190 550 1237 mandatum,
566 1200 599 1228 et
607 1190 816 1242 juramentis
830 1205 912 1228 eum
924 1190 1132 1228 adstrinxit.
1144 1190 1279 1230 Videa—

329 1265 408 1288 mus
424 1260 542 1289 autem
561 1265 654 1289 nunc
672 1260 704 1289 et
722 1251 815 1290 servi
836 1251 1069 1304 probitatem,
1099 1252 1278 1302 quomodo

328 1311 405 1348 heri
426 1311 594 1363 pietatem
613 1312 770 1350 imitatus
788 1311 844 1349 sit.
864 1313 954 1349 Nam
973 1321 1161 1363 postquam
1182 1312 1278 1350 vidit

328 1380 400 1408 tam
419 1372 510 1409 serio
529 1373 665 1424 justum
687 1372 755 1410 sibi
775 1372 984 1424 praeeipere,
1005 1371 1093 1410 dicit
1104 1372 1157 1410 ei:
1179 1374 1215 1410 5.
1238 1374 1278 1411 Si
1298 1378 1322 1407 E

328 1447 405 1470 non
425 1434 593 1471 voluerit
614 1435 754 1472 mulier
782 1436 917 1471 venire
950 1447 1116 1481 mecum,
1146 1437 1208 1472 vis
1220 1436 1277 1487 fi—

327 1494 424 1531 lium
440 1502 546 1531 tuum
569 1497 610 1531 in
629 1503 791 1541 terram,
812 1495 912 1532 unde
925 1497 1052 1539 existi,
1069 1496 1277 1533 inducam?

325 1555 373 1591 [It
389 1569 445 1599 ne,
463 1555 594 1604 inquit,
613 1555 642 1591 si
653 1555 849 1592 difficultas
863 1554 983 1604 aliqua
997 1555 1146 1605 ineidat,
1161 1566 1275 1595 trans-

324 1614 467 1665 grediar
483 1615 651 1652 mandata
670 1625 730 1652 tua
754 1631 761 1651 z
781 1629 887 1666 rogo,
910 1615 999 1665 quid
1016 1616 1194 1667 oportebit
1220 1632 1276 1655 me

323 1675 536 1725 ohservare3
569 1684 601 1712 et
633 1689 727 1713 nunc
754 1675 872 1727 placet
900 1675 967 1712 tibi
991 1684 1030 1712 ut
1063 1676 1150 1713 illuc
1173 1678 1275 1715 abeat

322 1736 438 1785 Isaac,
461 1745 495 1773 et
512 1745 655 1788 accepta
671 1750 798 1788 sponsa
814 1736 952 1784 redeat,
971 1736 1000 1773 si
1019 1750 1088 1774 non
1101 1738 1270 1787 voluerit,

323 1806 361 1835 ut
378 1797 569 1847 mandasti,
582 1797 703 1836 venire
714 1798 878 1835 mecum?
892 1797 992 1844 Quid
1010 1797 1123 1849 igitur
1131 1799 1272 1850 justus?

321 1860 479 1910 Denegat
496 1859 562 1896 hoc
579 1867 612 1895 et
628 1858 738 1896 dicit:
756 1860 791 1897 6.
809 1858 851 1896 A
854 1860 984 1896 ttende
1000 1861 1071 1896 tibi
1080 1875 1095 1904 ,·
1118 1874 1164 1896 ne
1182 1861 1271 1898 edu-

321 1930 385 1954 cas
401 1917 539 1969 filium
570 1930 694 1954 mcum
723 1917 831 1955 illuc.
851 1917 930 1955 Non
956 1917 1023 1954 erit
1047 1917 1114 1954 tibi
1144 1918 1211 1956 hae
1235 1934 1272 1957 re

320 1992 421 2028 opus.
439 1978 511 2023 Qui
532 1978 626 2015 enim
646 1977 736 2014 mihi
761 1977 828 2015 hoc
846 1977 1029 2030 pollicitus
1045 1987 1115 2028 est,
1135 1988 1168 2016 et
1187 1995 1270 2031 pro·
1283 2004 1330 2027 aaa

320 2039 546 2076 misitsemen
565 2039 640 2090 ejus
657 2039 705 2076 ita
725 2039 1039 2091 multiplicandum
1052 2069 1063 2089 ,
1085 2039 1191 2078 etiam
1210 2055 1271 2079 cu-
1296 2040 1320 2068 Λ

320 2099 415 2136 rabit
431 2100 498 2137 hoc
517 2108 557 2137 ut
574 2114 742 2152 prospere
761 2099 941 2138 succedat.
968 2102 1029 2138 Ne
1059 2101 1171 2152 igitur
1203 2105 1272 2140 ab—

321 2160 439 2197 ducas
459 2160 554 2197 illuc
562 2160 699 2211 filium
726 2174 864 2197 meum.
889 2162 926 2197 7.
953 2161 1145 2199 Dominus
1165 2163 1272 2200 Deus

321 2220 408 2257 coeli
426 2229 462 2258 et
488 2221 593 2257 Deus
622 2228 743 2258 terrae.
772 2219 870 2260 Vide
900 2220 1081 2270 quomodo
1109 2222 1270 2273 superius

319 2295 463 2318 servum
482 2281 671 2333 adjurans,
697 2281 815 2333 ipsum
834 2280 879 2319 de
898 2281 1059 2319 omnium
1079 2282 1271 2321 Conditore

320 2342 476 2379 instituit
490 2358 497 2378 :
513 2351 546 2379 et
557 2356 651 2379 nunc
668 2350 876 2394 precaturus
893 2341 1035 2390 iterum,
1055 2342 1178 2380 eadem
1191 2358 1269 2382 ver-

318 2403 363 2440 ba
382 2403 471 2441 djcit
488 2419 495 2439 :
520 2418 583 2455 per
602 2403 720 2441 omnia
739 2416 881 2441 servum
897 2402 1045 2453 docens,
1075 2412 1114 2440 ut
1137 2404 1269 2442 fiducia

321 2465 354 2501 in
368 2478 450 2501 eum
467 2465 590 2516 plenus
610 2463 677 2501 iter
687 2462 836 2516 arripiat
851 2492 860 2511 ,
881 2472 914 2500 et
931 2463 976 2501 de
993 2464 1087 2502 bono
1106 2464 1155 2501 rei
1170 2465 1267 2502 exitu

320 2525 406 2562 bene
425 2534 550 2577 speret.
573 2526 684 2562 Docet
702 2523 797 2561 enim
815 2538 896 2562 eum
922 2534 1091 2575 quantam
1118 2525 1204 2564 olim
1223 2526 1268 2563 ab

318 2585 420 2623 initio
440 2585 722 2623 benevolentiam
744 2584 812 2622 Dei
830 2585 1024 2634 invenerit,
1048 2595 1081 2623 et
1100 2600 1182 2624 eum
1203 2588 1265 2638 qui

317 2662 335 2683 a
357 2647 462 2685 domo
482 2656 627 2698 paterna
646 2660 682 2684 se
700 2646 918 2693 evocaverit,
939 2656 972 2684 et
998 2661 1110 2697 usque
1130 2647 1178 2685 ad
1199 2648 1266 2686 hoc

318 2717 456 2759 tempus
475 2707 521 2744 ita
543 2707 812 2757 gubernaverit,
829 2708 976 2759 jamque
995 2707 1031 2745 in
1048 2717 1120 2745 tam
1138 2723 1264 2760 prove-

317 2777 370 2804 cta
404 2777 538 2805 senecta
562 2769 659 2805 Isaac
679 2768 837 2815 dederit,
866 2782 1034 2820 prospera
1057 2768 1163 2806 etiam
1185 2784 1264 2820 quae

316 2827 434 2865 adhuc
445 2829 632 2878 restabant,
647 2829 824 2867 facturum
838 2843 924 2866 esse.
939 2831 1130 2867 Dominus
1142 2831 1262 2878 Deus,

316 2889 456 2939 inquit,
473 2891 558 2927 cipli
572 2899 606 2927 et
623 2899 745 2937 terroe,
767 2894 833 2941 qui
854 2893 1032 2929 assumsit
1053 2905 1112 2928 mc
1130 2893 1177 2929 de
1195 2893 1262 2929 do-

317 2964 378 2986 mo
389 2953 512 3000 patris
533 2953 618 2996 mei,
640 2960 673 2988 et
694 2952 742 2988 (Ic
761 2960 863 2989 tel-ra
884 2954 925 2988 in
940 2965 1017 3003 qua
1034 2961 1148 2990 natus
1164 2966 1261 2999 sum,

1290 2729 1309 2756 Β

315 3011 383 3047 ille
402 3013 480 3061 ipse
499 3013 564 3062 qui
594 3012 773 3062 loquutus
790 3021 845 3049 est
868 3014 963 3049 mihi
992 3013 1148 3050 dicens:
1178 3015 1263 3050 Tibi

316 3073 417 3108 dabo
451 3080 591 3109 terram
626 3074 728 3109 lianc
761 3081 796 3110 et
816 3075 952 3110 semini
983 3082 1072 3111 tuo:
1107 3073 1166 3111 ille
1198 3074 1260 3124 qui

317 3141 448 3168 tantam
476 3144 556 3180 erga
580 3145 635 3167 me
654 3130 848 3169 declaravit
869 3131 1126 3182 benignitatem
1144 3141 1177 3169 et
1199 3145 1260 3169 cu—

316 3207 410 3239 ram,
437 3195 516 3243 ipse
539 3195 660 3229 mittet
683 3192 862 3243 angelum
887 3206 997 3229 suum
1022 3201 1113 3230 ante
1145 3201 1200 3238 te,
1225 3202 1261 3230 et

315 3256 403 3292 inde
434 3256 617 3304 accipies
622 3253 706 3301 filio
738 3267 819 3290 meo
842 3267 1011 3291 uxorem.
1043 3253 1257 3297 Confidens,

315 3315 448 3365 inquit,
469 3314 549 3351 abi:
571 3323 685 3351 (enus
702 3313 794 3350 enim
815 3328 892 3350 sunl
908 3328 987 3352 eum
1005 3315 1066 3364 qui
1085 3316 1190 3353 tantis
1205 3329 1259 3352 me

312 3376 491 3416 beneficiis
513 3375 681 3415 hactenus
706 3384 941 3427 piosequutus
966 3385 1040 3426 est,
1077 3377 1257 3428 piioribus
1283 3385 1304 3413 ι

761 185 800 215 S.
837 185 1016 216 JOANMS
1051 184 1292 213 CHRYSOST.
1330 184 1533 214 ARCHIEP.
1572 186 1921 216 CONSTANTINOP-

1352 265 1602 312 πεποιήκασιν·
1620 268 1697 305 ἀλλ’
1713 267 1811 311 εἰδὼς
1824 273 1884 306 τοῦ
1901 269 2107 322 πράγματος
2124 269 2162 308 τὸ
2174 272 2374 321 ἀναγκαῖον,

1353 331 1468 363 πᾶσαν
1490 333 1642 365 ποιεῖται
1660 327 1722 375 τὴν
1744 328 1911 376 σπουδὴν,
1933 329 1992 367 καὶ
2011 330 2218 368 ἀποστέλλει
2242 331 2300 369 τὸν
2319 334 2374 369 οἰ·-

1353 385 1470 432 κέτην.
1497 386 1587 425 Ἀλλ’
1617 390 1635 425 ὁ
1668 388 1729 439 μὲν
1758 390 1978 442 πατριάρχης
2010 390 2281 441 ἐπιμελούμενος
2312 394 2375 437 τ’ἧς

1355 448 1445 486 κατὰ
1464 447 1580 501 ψυχὴν
1599 450 1722 500 ἀρετῆς
1735 479 1744 497 ,
1770 449 1829 487 καὶ
1848 450 1982 501 φεύγων
2018 453 2087 488 τῶν
2107 451 2284 504 ἐγχωρίων
2311 451 2374 497 τὴν

1353 509 1535 560 πονηρίαν,
1555 513 1658 547 τοῦτο
1675 516 1766 548 ποιεῖ
1782 525 1789 533 ·
1809 513 1841 547 οἳ
1859 509 1894 547 δὲ
1914 516 1971 549 νῦν
1989 511 2137 555 ἅπαντες
2153 515 2215 550 οὐκ
2233 513 2273 550 ἄν
2289 528 2375 550 ποτε

1353 570 1561 622 ἀνάσχοιντο
1580 570 1732 609 τοιοῦτόν
1752 586 1785 607 τι
1804 571 1963 616 ἐννοῆσαι
1978 587 1986 594 ’
2007 570 2097 609 ἀλλὰ
2115 571 2178 609 κᾶν
2200 572 2332 625 μυρίων
2350 567 2373 625 ἦ

1353 633 1470 669 κακῶν
1489 631 1704 682 ἀνάμεστος,
1730 631 1764 669 ἓν
1786 630 1888 681 μόνον
1909 633 2127 678 ἐπιζητοῦσι,
2146 634 2214 670 τῶν
2233 633 2374 686 χρημά-

1350 707 1418 729 των
1446 691 1508 739 τὴν
1541 691 1756 743 περιουσίαν,
1788 691 1848 729 καὶ
1881 691 1997 729 πάντα
2029 692 2073 730 τὰ
2108 692 2198 730 ἄλλα
2230 693 2375 745 δεύτερα

1349 754 1464 796 αὐτοῖς
1481 753 1701 803 νενόμισται,
1732 755 1794 790 οὐκ
1823 752 1949 795 εἰδότες
1969 752 2023 791 ὅτι
2044 751 2185 803 γνώμης
2210 754 2373 805 διεφθαρ-

1349 812 1454 862 μένης
1473 812 1598 861 οὔσης,
1614 806 1677 851 κᾶν
1694 813 1822 865 ἅφατος
1843 812 1984 865 ἐπιῤῥέη
2002 814 2167 861 πλοῦτος,
2185 815 2307 852 θᾶττόν
2321 831 2373 860 τις

1349 876 1397 917 εἰς
1422 875 1574 926 ἐσχάτην
1594 874 1714 912 πενίαν
1734 873 1826 921 ἥξει,
1852 874 1911 912 καὶ
1941 875 2038 912 οὐδὲν
2058 875 2178 927 ὄφελος
2197 876 2294 914 ἔσται
2309 879 2372 923 τῆς

1348 934 1547 987 περιουσίας
1557 964 1566 980 ,
1582 936 1644 973 οὐκ
1658 935 1763 981 οὔσης
1776 937 1838 980 τῆς
1853 937 2044 986 οἰκονομεῖν
2060 941 2168 974 ταῦτα
2182 937 2374 989 δυναμένης

1348 995 1492 1038 δεόντως
1506 997 1634 1047 ψυχῆς.

1400 1124 1490 1163 Ἀλλ’
1511 1127 1528 1163 ὃ
1546 1124 1608 1175 μὲν
1622 1124 1844 1177 πατριάρχης
1864 1126 2036 1175 ἀρκοῦσαν
2057 1125 2107 1175 τῷ
2126 1124 2224 1162 παιδὶ
2242 1125 2305 1172 τὴν
2323 1127 2371 1164 ἐν-

1346 1186 1449 1233 τολὴν
1465 1185 1664 1232 ἐποιήσατο,
1680 1184 1739 1223 καὶ
1758 1184 1872 1236 ὅρκοις
1890 1184 1991 1222 αὐτὸν
2009 1184 2205 1231 συνέδησεν.
2221 1185 2370 1237 Ἴδωμεν

1347 1248 1382 1285 δὲ
1403 1247 1523 1285 λοιπὸν
1543 1245 1606 1292 τὴν
1624 1247 1887 1295 εὐγνωμοσύνην
1901 1249 1961 1283 τοῦ
1976 1245 2120 1293 οἰκέτου,
2137 1246 2230 1290 ὅπως
2249 1248 2370 1294 ἐζήλου

1345 1313 1405 1347 τοῦ
1433 1307 1612 1346 Δεσπότου
1645 1307 1684 1345 τὸ
1714 1306 1883 1359 φιλόθεον.
1910 1306 2056 1353 Ἐπειδὴ
2083 1307 2150 1359 γὰρ
2179 1301 2248 1346 εἶδε
2280 1309 2370 1360 μετὰ

1345 1371 1476 1416 πολλῆς
1509 1369 1739 1421 σφοδρότητος
1760 1367 2002 1417 ἐντελλόμενον
2030 1367 2088 1405 τὸν
2120 1368 2264 1416 δίκαιον,
2285 1371 2370 1422 φησὶ

1345 1431 1430 1483 πρὸς
1465 1431 1586 1470 αὐτόν·
1610 1430 1694 1468 Ἐὰν
1724 1429 1772 1480 μὴ
1798 1429 1965 1480 βούληται
1996 1432 2018 1475 ἡ
2048 1429 2133 1481 γυνὴ
2162 1434 2370 1482 πορευθῆναι

1347 1495 1422 1543 μετ’
1444 1494 1539 1541 ἐμοῦ,
1557 1491 1673 1543 βούλει
1689 1490 1745 1529 τὸν
1760 1490 1831 1528 υἱόν
1849 1505 1908 1528 σου
1926 1489 2135 1542 ἀποστρέψω
2152 1492 2199 1534 εἷς
2213 1491 2275 1538 τὴν
2291 1495 2368 1544 γῆν,

1344 1554 1420 1592 ὅθεν
1441 1552 1579 1597 ἐξῆλθες
1597 1554 1744 1596 ἐκεῖθεν;
1765 1550 1842 1589 Ἵνα
1864 1550 1936 1600 μὴ,
1953 1550 2055 1602 φησὶ,
2077 1551 2259 1594 δυσκολίας
2279 1554 2370 1598 τινὸς

1345 1612 1639 1665 παρεμπεσούσης
1661 1611 1831 1651 ἐκδαίνειν
1851 1610 1937 1654 δόξω
1960 1611 2022 1654 τὰς
2048 1611 2187 1656 ἐντολὰς
2208 1613 2269 1656 τὰς
2289 1615 2369 1661 σὰς,

1346 1673 1402 1711 διὰ
1428 1677 1530 1712 τοῦτο
1555 1673 1792 1721 πυνθάνομαι,
1817 1671 1851 1709 τί
1871 1671 1940 1709 δέοι
1967 1687 2010 1721 με
2032 1673 2368 1724 παραφυλάξασθαι,

1344 1734 1403 1772 καὶ
1433 1736 1462 1771 εἰ
1493 1733 1635 1786 ἀρεστόν
1663 1748 1716 1769 σοι
1744 1732 1801 1770 τὸν
1819 1731 1944 1770 Ἰσαὰκ
1975 1735 2045 1770 ἐκεῖ
2070 1735 2242 1782 ἀπελθεῖν,
2278 1735 2370 1775 ὥστε

1344 1795 1496 1834 λαὸόντα
1519 1794 1582 1842 τὴν
1606 1793 1761 1846 γαμετὴν
1779 1791 1886 1837 οὕτως
1914 1795 2124 1842 ἐπανελθεῖν,
2155 1796 2184 1833 εἷ
2213 1795 2261 1846 μὴ
2284 1797 2368 1836 ἀνά-

1343 1871 1479 1908 σχοιτο,
1500 1853 1658 1905 καθάπερ
1674 1851 1843 1899 ἐνετείλω,
1871 1853 1944 1902 μετ’
1974 1854 2058 1902 ἐμοῦ
2085 1854 2368 1905 παραγενέσθαι,

1343 1914 1390 1951 Τί
1415 1908 1471 1952 οὖν
1496 1916 1513 1950 ὃ
1532 1911 1681 1961 δίκαιος,
1697 1909 1920 1962 Ἀπαγορεύει
1940 1914 2040 1948 τοῦτο
2060 1913 2154 1964 αὐτῷ
2173 1911 2234 1949 καί
2259 1928 2343 1964 φησι
2362 1930 2369 1936 ·

1343 1971 1504 2024 Πρόσεχε
1528 1973 1682 2022 σεαυτῷ·
1702 1968 1749 2019 μὴ
1773 1968 1994 2021 ἀποστρέψῃς
2013 1969 2070 2007 τὸν
2098 1969 2169 2008 υἱόν
2193 1986 2256 2021 μου
2283 1973 2365 2010 ἐκεῖ.

1342 2032 1394 2068 Οὐ
1413 2029 1516 2082 χρεία
1545 2044 1598 2066 σοι
1630 2026 1813 2078 γενήσεται
1831 2025 1969 2073 τούτου,
2001 2026 2116 2078 φησίν.
2135 2026 2179 2065 Ὁ
2207 2027 2275 2080 γὰρ
2303 2028 2368 2075 τὴν

1341 2086 1549 2139 ἐπαγγελίαν
1569 2085 1654 2138 πρός
1682 2101 1725 2136 με
1751 2084 2007 2135 ποιησάμενος,
2035 2085 2095 2124 καὶ
2122 2085 2179 2124 ἐπὶ
2207 2090 2367 2126 τοσοῦτον

1342 2145 1531 2192 αὐξηθῆναι
1549 2143 1589 2181 τὸ
1618 2143 1759 2195 σπέρμα
1781 2143 1885 2179 αὐτοῦ
1913 2142 2170 2194 ὑποσχόμενος,
2190 2143 2291 2187 αὐτός
2314 2161 2366 2183 σοι

1340 2204 1398 2242 καὶ
1426 2208 1526 2241 τοῦτο
1548 2199 1720 2239 εὖοδώσει.
1751 2199 1812 2246 Μὴ
1834 2199 1946 2237 τοίνυν
1980 2200 2202 2252 ἀποστρέψῃς
2220 2202 2277 2239 τὸν
2296 2202 2367 2241 υἱόν

1341 2279 1405 2314 μου
1435 2264 1514 2300 ἐκεῖ.
1551 2259 1675 2311 Κύριος
1694 2262 1711 2296 ὃ
1731 2259 1820 2301 Θεὸς
1847 2262 1906 2296 τοῦ
1925 2260 2069 2310 οὐρανοῦ
2087 2259 2146 2297 καὶ
2160 2263 2177 2298 ὃ
2193 2260 2283 2305 Θεὸς
2306 2265 2368 2308 τῆς

1338 2324 1412 2372 γῆς,
1429 2319 1526 2372 ϋΟρα
1555 2321 1629 2361 πῶς
1650 2317 1709 2354 καὶ
1738 2317 1900 2369 ἀνωτέρω
1928 2319 2038 2369 ὃρκῶν
2059 2318 2116 2356 τὸν
2147 2319 2281 2367 παῖδα,
2308 2319 2364 2358 τὸν

1339 2379 1546 2432 δημιουργὸν
1574 2380 1641 2415 τῶν
1659 2376 1746 2413 ὅλων
1766 2375 1868 2413 αὐτὸν
1889 2375 2084 2413 ἕκπαιδεύει
2098 2391 2105 2399 ·
2126 2377 2185 2414 καὶ
2206 2382 2263 2416 νῦν
2284 2379 2366 2428 μέλ-

1338 2441 1406 2477 λων
1422 2437 1648 2489 ἐπεύχεσθαι,
1667 2434 1710 2472 τὰ
1734 2433 1820 2472 αὐτὰ
1851 2433 1993 2485 ῥήματά
2013 2451 2097 2487 φησι
2110 2466 2120 2483 ,
2149 2435 2206 2474 διὰ
2224 2436 2363 2475 πάντων

1337 2495 1508 2535 παιδεύων
1546 2494 1604 2532 τὸν
1636 2492 1771 2539 οἰκέτην
1810 2493 1863 2530 ἐπ’
1899 2494 2024 2530 ἐκεῖνον
2061 2492 2123 2539 τὴν
2158 2494 2363 2541 πεποίθησιν

1335 2555 1481 2606 ἔχοντα,
1511 2552 1601 2591 οὕτω
1629 2554 1692 2597 τῆς
1721 2549 1917 2602 ὁδοιπορίας
1943 2550 2115 2602 ἅψασθαι,
2135 2551 2193 2589 καὶ
2226 2554 2362 2604 θαῤῥεῖν

1335 2601 1394 2651 και
1427 2617 1513 2666 υπερ
1545 2627 1605 2650 του
1634 2609 1763 2653 τέλους.
1788 2609 1955 2647 Διοάσκει
1983 2608 2050 2661 γὰρ
2082 2610 2183 2648 αὐτὸν
2213 2610 2296 2656 ὅσης
2328 2612 2361 2656 ἐξ

1335 2673 1405 2725 ἀρχ
1406 2687 1444 2717 ης
1460 2670 1556 2708 καὶ’
1541 2686 1579 2708 εκ
1595 2667 1786 2739 προοιμίων
1808 2666 1990 2713 ἀπήλαυσε
2006 2671 2067 2714 τῆς
2093 2667 2189 2721 παρὰ
2213 2674 2272 2708 τοῦ
2291 2672 2359 2708 τῶν

1333 2730 1420 2768 ὅλων
1437 2732 1528 2768 Θεου
1549 2726 1700 2772 εὐνοίας,
1720 2725 1779 2763 καὶ
1801 2724 1852 2762 ο’τι
1869 2725 1968 2767 αὐτὸς
1988 2741 2102 2774 ουτος,
2120 2729 2138 2764 ὁ
2158 2727 2254 2764 καὶ
2240 2743 2278 2765 εκ
2299 2731 2362 2775 τῆς

1335 2788 1462 2831 οἰκείας
1491 2786 1654 2837 πατρίδος
1679 2783 1900 2830 ἀναστησας,
1927 2783 1985 2820 καὶ
2016 2784 2120 2837 μέχρι
2142 2789 2198 2824 ν’ὗν
2219 2785 2262 2824 τὰ
2284 2788 2361 2824 κατ’

1335 2847 1435 2884 αὐτὸν
1461 2844 1568 2887 οὕτως
1589 2842 1838 2893 οἰκονομήσας,
1854 2842 1912 2880 καὶ
1929 2845 1962 2880 ἐν
1992 2845 2084 2895 αὐτῷ
2107 2847 2157 2897 τῷ
2183 2844 2275 2897 γήρᾳ
2301 2849 2360 2883 τοῦ

1335 2904 1456 2942 Ἰσαὰκ
1475 2903 1532 2941 τὸν
1553 2901 1652 2940 τόκον
1673 2900 1927 2952 χαρισάμενος,
1951 2900 2050 2944 αὐτὸς
2070 2901 2128 2939 καὶ
2153 2901 2198 2939 τὰ
2220 2902 2360 2954 προκεί-

1337 2980 1421 3002 υιενα
1442 2964 1534 2999 αὐτῶ
1563 2958 1803 2998 κατευοο(ι’.)σει
1827 2957 1952 3010 Κύριος
1979 2961 1996 2995 ὁ
2024 2959 2137 3004 Θεὸς,
2168 2960 2273 3010 φησὶ,
2300 2975 2358 2998 του

1333 3026 1475 3076 οὐρανου
1495 3036 1554 3058 και
1585 3036 1647 3065 της
1678 3021 1764 3069 γῆς,
1792 3017 1828 3060 ὃς
1859 3016 1965 3054 ἔλαὸέ
1987 3033 2029 3066 με
2051 3019 2089 3054 ἐκ
2109 3033 2168 3055 του
2189 3017 2281 3056 οἴκου
2300 3024 2358 3057 τοῦ

1332 3080 1462 3134 πατρός
1494 3095 1577 3129 υιου,
1614 3076 1673 3115 καὶ
1705 3079 1743 3114 ἐκ
1775 3077 1839 3120 τῆς
1867 3078 1930 3126 γῆς
1961 3078 2002 3120 ἧς
2034 3075 2230 3125 ἐγεννήθην,
2259 3076 2358 3118 αὐτὸς

1332 3157 1428 3183 ουτος
1444 3140 1478 3182 ὃς
1499 3140 1536 3175 ἐλ
1540 3135 1648 3183 άλησέ
1664 3151 1722 3186 μοι
1736 3133 1787 3171 λε·
1778 3149 1863 3181 γων,
1888 3148 1941 3171 σοι
1957 3132 2056 3171 δώσω
2070 3132 2132 3180 τὴν
2146 3150 2210 3184 γην
2226 3133 2355 3181 ταύτην

1333 3216 1391 3238 και
1411 3215 1460 3250 τῳ
1480 3194 1655 3247 σπέρματί
1681 3209 1760 3239 σου,
1784 3195 1879 3234 οὗτος
1893 3194 1942 3229 ὁ
1926 3191 2096 3238 τοσαύτην
2115 3208 2194 3244 περι
2215 3191 2277 3242 ἐμὲ
2292 3193 2354 3238 τὴν

1333 3256 1538 3307 κηδεμονίαν
1559 3251 1832 3302 ἐπιδειξάμενος,
1852 3250 1951 3293 αὐτὸς
1975 3251 2157 3288 ἀποστελεῖ
2175 3249 2232 3288 τὸν
2245 3249 2354 3323 ἅγγε-

1331 3319 1388 3355 λον
1412 3318 1513 3353 αὐτου
1534 3310 1724 3364 εμπροσθέν
1745 3324 1828 3356 σου,
1857 3325 1915 3346 και
1936 3308 2031 3359 ληψη
2061 3313 2205 3357 γυναῖκα
2221 3310 2270 3360 τῷ
2291 3310 2353 3358 υἱῷ

1333 3392 1395 3414 μου
1424 3375 1561 3412 ἐκεῖθεν
1590 3371 1754 3420 Θαῤῥων,
1776 3382 1891 3417 φησιν,
1920 3366 2034 3404 ἄπιθι·
2067 3365 2257 3416 πέπεισμαι
2285 3364 2353 3416 γὰρ
