2516 3791
647 223 688 252 in
727 223 829 253 cap,
869 222 995 253 xmu.
1034 221 1196 254 cunas.
1235 223 1392 256 nonu„
1433 227 1556 258 inv.
2044 241 2126 267 η..

75 310 97 354 ἡ
124 308 182 344 τοῦ
209 306 312 356 λιμοῧ
345 304 480 357 ἀνάγκη
511 304 649 352 ἐνίκησε
678 305 742 353 τὴν
769 305 1014 358 φιλοστοργίαν
1041 309 1102 344 τοῦ

72 377 213 429 πατρὸς.
238 375 354 429 Ὁρῶν
373 374 440 428 γὰρ
464 373 627 426 οὐδεμίαν
647 375 771 420 αὐτοὺς
785 375 1007 430 εὑρίσκοντας
1034 392 1103 414 πα-

74 444 242 500 ραμυθίαν
262 445 395 498 ἑτέραν,
416 444 475 483 καὶ
497 445 554 483 τὸν
570 444 672 495 λιμὸν
692 445 961 497 ἐπιτεινόμενον,
977 444 1100 498 φησίν·

70 520 115 559 Εἰ
127 517 235 562 οὕτως
254 517 340 563 ἐστὶ,
357 516 416 555 καὶ
435 521 535 555 τοῦτο
551 517 602 555 δεῖ
615 515 754 559 πάντως
769 515 949 567 γενέσθαι,
965 514 1023 553 καὶ
1038 515 1102 567 οὐχ

68 584 138 630 οἷόν
152 606 191 628 τε
209 593 299 641 ὑμᾶς
317 589 494 628 κατελθεῖν
508 616 518 633 ,
557 589 587 626 εἰ
618 586 667 640 μὴ
699 586 758 625 καὶ
789 590 908 626 τοῦτον
938 585 1098 635 λάὸοιτε,

66 659 218 713 ὀφείλετε
241 659 300 698 καὶ
319 660 415 711 δῶρα
435 657 651 709 ἀποκομίσαι
667 659 717 710 τῷ
736 655 846 710 ἀνδρί.
868 655 939 695 Καὶ
966 655 1007 694 τὸ
1033 656 1098 708 ἀρ-

2050 260 2061 281 Ι

1180 307 1282 345 nobis
1308 309 1476 348 omnibus
1498 311 1565 349 erit
1583 325 1689 351 causa
1708 314 1884 353 interitus.
1911 317 2019 355 Fame
2040 321 2134 358 enim

1177 367 1394 419 peribimus,
1421 371 1488 410 nisi
1513 386 1594 411 eum
1620 374 1806 414 nobiscum
1832 377 1921 415 volis
1939 378 2131 418 dimittere.

1178 429 1274 468 Vide
1295 431 1437 470 tandem
1452 433 1522 481 hic,
1537 434 1678 480 dilecte,
1698 437 1877 488 quomodo
1893 439 1996 477 samis
2017 455 2135 480 neces-

1174 488 1261 528 sitas
1292 492 1403 543 patris
1429 509 1588 534 amorem
1615 497 1754 536 vicerit.
1775 499 1914 538 videns
1940 502 2034 540 enim
2065 518 2133 542 non

1173 551 1321 591 aliunde
1336 554 1466 593 famem
1483 556 1599 596 sedari
1612 574 1725 611 posse,
1743 575 1891 613 eamque
1911 562 1944 600 iu
1961 563 2038 602 dies
2058 579 2133 603 ma-

1172 613 1227 665 gis
1254 630 1295 653 ac
1315 616 1428 668 magis
1448 617 1642 658 increscere
1668 637 1675 658 :
1697 622 1735 661 Si
1756 622 1803 660 ita
1833 632 1883 661 est
1902 654 1912 672 ,
1941 625 2070 676 inquit,
2099 637 2132 665 et

1171 685 1310 728 oportet
1324 677 1391 715 hoc
1403 679 1548 717 omnino
1565 681 1659 731 fieri,
1670 697 1733 721 nec
1745 685 1891 736 potestis
1906 684 2132 738 descendere,

65 730 182 783 γύριον
204 728 287 778 ι’8.ὲ,
305 728 391 783 ὅπερ
412 731 447 768 ἐν
469 734 539 773 τοῖς
559 727 776 781 μαρσίππῡῑς
795 728 892 778 ὑμῶν
913 726 1096 780 Εὖρῆκατῑ,
1109 763 1158 789 6¹1⁴
1173 736 1240 775 nisi
1257 737 1353 777 liunc
1367 741 1732 793 acceperitis‚debetis
1744 754 1778 783 et
1792 746 1885 784 dona
1894 748 2021 787 assei-rc
2034 749 2128 800 viro,

65 800 287 852 ἀπαγάγετε,
300 799 360 838 καὶ
375 799 490 852 ἕτερον
510 798 684 851 ἀργύριον,
705 797 796 835 ὥστε
818 796 1000 851 πρίασθαι.
1026 798 1096 836 Καὶ
1122 802 1146 831 Α
1171 807 1205 836 et
1227 799 1357 839 referre
1377 803 1565 854 pecuniam
1580 835 1589 853 ‚
1611 820 1719 857 quam
1739 806 1775 845 in
1795 809 1906 847 saccis
1924 811 2052 849 vestris
2078 811 2132 850 in-

64 870 122 909 τὸν
142 869 287 922 ἀδελφὸν
307 871 404 920 ὑμῶν
437 868 582 915 λάὸετε,
602 867 662 906 καὶ
682 866 893 912 ἀναστάντες
917 866 1097 915 κατάὸητε

63 939 150 993 πρὸς
173 940 231 979 τὸν
252 939 445 993 ἄνθρωπον.
473 937 518 977 Ὁ
550 937 585 977 δὲ
607 937 698 983 Θεός
726 952 792 989 μου
819 939 868 990 δῷ
888 941 969 989 ὑμῖν
990 938 1095 993 χάριν

63 1009 214 1049 ἐναντίον
241 1013 300 1049 τοῦ
327 1007 532 1062 ἀνθρώπου,
551 1007 610 1047 καὶ
643 1008 849 1048 ἀποστείλαι
868 1008 926 1047 τὸν
947 1007 1094 1062 ἀδελφὸν

62 1082 159 1131 ὑμῶν
186 1080 243 1119 τὸν
270 1079 331 1118 ἕνα
375 1079 434 1118 καὶ
476 1079 533 1118 τὸν
567 1078 746 1129 Βενιαμίν.
777 1077 875 1131 Ἐγὼ
903 1077 971 1132 γὰρ
1002 1077 1093 1118 καθὰ

61 1149 282 1202 ἠτέκνωμαι,
302 1148 516 1201 ἠτέκνιι)μαι.
536 1148 634 1202 (Ὀρα
653 1151 727 1193 πῶς
754 1148 817 1197 τὴν
835 1149 967 1202 ἄφατον
988 1150 1093 1188 αὐτοῦ

60 1220 305 1274 φιλοστοργίαν
334 1219 590 1268 ἐπιδείκνυται,
616 1220 658 1267 ἢν
677 1220 756 1273 περὶ
776 1220 834 1258 τὸν
852 1219 983 1273 Ἰωσὴφ
1015 1219 1092 1259 ἐκέ-

60 1306 178 1337 κτητο.
193 1289 271 1329 Ἵνα
287 1289 354 1344 γὰρ
380 1290 429 1341 μή
444 1306 497 1334 τις
518 1289 644 1342 νομίσῃ
665 1289 821 1344 περὶτοῦ
848 1289 1037 1340 Βενιαμὶν,
1067 1289 1089 1336 ἢ

58 1362 138 1415 περὶ
151 1365 211 1400 τοῦ
231 1361 377 1413 Συμεὼν
391 1363 551 1413 εἰρῆσθαι
564 1359 624 1408 τὸ,
637 1359 734 1412 Ἐγὼ
750 1359 817 1413 γὰρ
833 1359 925 1399 καθὰ
934 1359 1089 1406 ἦτε-’κνω-

1171 859 1332 900 venistis.
1352 863 1512 916 Accipite
1542 875 1661 904 autem
1683 877 1715 906 et
1733 870 1922 920 pecuniam
1945 872 2068 921 aliam,
2093 883 2131 911 ut

1169 935 1284 961 emere
1292 924 1433 976 possitis
1441 926 1630 966 frumenta.
1642 931 1704 968 15.
1720 932 1756 968 Ε
1760 939 1778 984 ζ
1779 932 1946 981 fratrem
1957 943 2129 972 vestrum

1169 987 1345 1037 aecipite.
1356 987 1507 1040 Surgite
1517 991 1647 1042 igitur,
1659 1000 1695 1029 et
1707 993 1927 1033 descendite
1939 997 1993 1033 ad
2003 998 2128 1034 homi-

1170 1059 1271 1083 nem.
1284 1047 1348 1084 14.
1364 1049 1471 1087 Deus
1485 1059 1616 1089 autem
1628 1067 1733 1092 meus
1749 1056 1811 1093 dec
1826 1059 1941 1095 vobis
1955 1060 2129 1110 gratiam

1167 1120 1299 1145 coram
1314 1109 1470 1149 homine
1483 1112 1568 1159 illo,
1579 1123 1615 1152 et
1633 1117 1768 1169 rm‘ttat¹
1772 1118 1939 1166 fratrem
1952 1129 2128 1157 ‘vestrum

1167 1181 1288 1206 unum
1316 1179 1352 1208 et
1372 1173 1595 1226 Benjamin.
1614 1177 1699 1228 Ego
1719 1187 1850 1216 autem
1875 1182 2128 1232 quemadmo-

1166 1231 1256 1269 dum
1280 1233 1411 1272 liberis
1428 1237 1677 1291 orbatusfui,
1699 1239 1829 1278 liberis
1850 1244 2007 1280 orbatus
2023 1256 2122 1280 sum.

1166 1291 1261 1330 Vide
1273 1294 1452 1344 quomodo
1463 1296 1635 1335 eximiam
1649 1313 1751 1337 suam
1765 1299 1993 1339 dilectionem
2007 1302 2127 1340 decla-

1162 1362 1231 1399 rat,
1269 1369 1378 1405 quam
1405 1370 1488 1408 erga
1515 1359 1648 1412 ,Ioseph
1674 1360 1812 1399 habuit.
1835 1363 1887 1400 Ne
1917 1363 1999 1414 quis
2031 1365 2127 1402 enim

59 1447 122 1483 μαι
148 1432 369 1479 ἠτὲκνωααι,
385 1430 441 1469 διὰ
457 1435 558 1469 τοῦτο
569 1429 757 1482 προλαὸών
766 1429 937 1482 <pum-1³0
953 1429 988 1468 δὲ
998 1429 1088 1475 Θεός
1113 1429 1137 1459 Β
1163 1414 1345 1454 eXiStimet
1363 1416 1409 1455 de
1421 1419 1613 1471 ‘Syme‘me'
1627 1421 1686 1459 *⁰1
1705 1421 1750 1459 de
1768 1422 1955 1476 B⁰¹¹j3ffli¹¹
1969 1425 2038 1463 hOC
2052 1440 2126 1464 <³⁵50

125 1463 136 1480 7
195 1462 210 1471 ¹-
286 1470 293 1482 t

58 1517 123 1553 μου
134 1502 182 1555 δῷ
192 1504 273 1553 ὑμῖν
283 1501 401 1554 χάριν,
412 1500 472 1538 καὶ
480 1499 687 1538 ἀποστείλαι
696 1499 751 1538 τὸν
765 1499 911 1553 ἀδελφὸν
923 1501 1019 1551 ὑμῶν
1029 1500 1087 1539 τὸν

56 1571 117 1610 ἕνα
133 1572 191 1610 καὶ
204 1572 261 1610 τὸν
278 1570 459 1622 Βενιαμίν.
470 1575 484 1590 ³¹
496 1571 540 1609 Εἰ
556 1569 615 1608 καὶ
628 1569 693 1618 ὅτι,
710 1570 808 1623 φησὶ,
827 1569 892 1608 κᾶν
907 1564 1001 1610 οὗτοι
1013 1572 1087 1609 δια-

19 1669 31 1680 .
55 1643 228 1689 σωθῶσιν,
240 1640 426 1692 ἀλλ”Εγὼ
442 1639 532 1679 καθὰ
544 1640 760 1692 ἠτέκνωμαι,
774 1640 989 1692 ἠτέκνωμαι.
1005 1642 1086 1680 Ἐν-

54 1711 123 1751 νόει
143 1715 217 1755 πῶς
235 1712 323 1755 ὅλως
341 1714 385 1763 τῇ
412 1710 525 1763 εὐνοίᾳ
541 1713 591 1763 τῷ
609 1710 742 1763 Ἰωσὴφ
761 1705 803 1757 ἦν
822 1710 1083 1765 προσκείμενος.

53 1780 170 1833 Ὁρῶν
188 1780 255 1833 γὰρ
273 1781 446 1820 τοσούτων
460 1781 564 1833 χορὸν
579 1780 712 1818 παίδων
727 1782 831 1818 αὐτοῦ
843 1782 1061 1834 περιεστῶτα
1072 1809 1083 1829 ,

53 1851 194 1890 ἄτεκνον
217 1851 335 1890 ἑαυτὸν
358 1845 446 1890 εἶναι
461 1851 629 1902 ἐνόμιζεν,
644 1851 765 1898 ἐπειδὴ
782 1850 913 1890 ἐκείνου
930 1855 1080 1891 ἀπεστε-

53 1928 156 1974 ρεῖτο.
187 1921 363 1966 Λαὸόντες
396 1922 453 1970 δὲ,
480 1922 584 1974 φησὶν
597 1952 606 1969 ,
628 1925 659 1960 οἱ
679 1921 798 1974 ἄνδρες
818 1921 863 1960 τὰ
884 1923 978 1975 δῶρα
993 1952 1002 1970 ,
1022 1921 1082 1959 καὶ

49 1992 89 2030 τὸ
111 1991 272 2044 ἀργύριον
308 1992 467 2040 διπλοῦν,
497 1991 557 2029 καὶ
583 1991 640 2030 τὸν
669 1991 855 2042 Βενιαμὶν,
879 1991 1080 2039 κατέδησαν

48 2064 96 2106 εἷς
125 2062 316 2114 Αἴγυπτον,
341 2063 399 2100 καὶ
417 2062 569 2108 ἔστησαν
590 2062 741 2100 ἐναντίον
759 2061 904 2115 Ἰωσήφ.
936 2056 1020 2101 Ei&
1044 2062 1078 2102 δὲ

48 2131 169 2176 αὐτοὺς
184 2135 202 2171 ὁ
223 2131 370 2185 Ἰωσὴφ,
389 2132 449 2171 καὶ
468 2133 526 2171 τὸν
546 2131 710 2184 Βενιαμὶν
726 2131 783 2170 τὸν
800 2132 947 2186 ἀδελφὸν
963 2135 1078 2173 αὐτοῦ.

1160 1473 1312 1526 dictum,
1330 1480 1417 1531 Ego
1441 1483 1540 1519 sicut
1550 1482 1658 1535 filiis
1675 1486 2041 1540 orbatussui,fillis
2064 1502 2125 1526 or-

1163 1538 1276 1576 batus
1285 1553 1384 1587 sum,
1400 1540 1536 1581 ideirco
1552 1544 1726 1596 praemisit
1739 1561 1746 1582 :
1759 1547 1867 1586 Deus
1875 1558 2004 1588 autem
2019 1565 2124 1589 meus

1161 1599 1225 1636 det
1240 1603 1353 1640 vobis
1363 1606 1548 1655 gratiam,
1569 1614 1605 1643 et
1625 1609 1766 1661 mittat⁸
1768 1610 1935 1659 fratrem
1949 1622 2124 1651 vestrum.

1160 1660 1272 1698 illum
1286 1676 1406 1701 unum
1419 1666 1687 1718 etBenjamin.
1702 1669 1794 1707 Nam
1810 1670 1893 1708 licet
1906 1672 1974 1722 illi,
1987 1673 2118 1725 inquit,

1159 1721 1252 1761 salvi
1277 1724 1410 1762 fuerint
1428 1756 1438 1773 ‚
1464 1726 1528 1765 sed
1545 1729 1631 1780 Ego
1653 1733 1768 1782 quasi
1791 1732 1922 1771 liberis
1941 1747 2117 1783 caream,

1159 1785 1273 1822 orbus
1293 1787 1524 1840 sum.C0gita
1538 1788 1610 1834 hie,
1627 1792 1807 1841 quomodo
1825 1802 1917 1833 totus
1933 1797 2046 1834 amori
2058 1799 2121 1837 Jo-

1156 1845 1243 1897 seph
1269 1846 1415 1886 deditus
1444 1850 1500 1888 sit.
1523 1850 1662 1890 Videns
1684 1853 1779 1892 enim
1806 1865 1944 1894 tantum
1967 1858 2119 1898 chorum

1154 1907 1352 1948 liberorum
1370 1924 1407 1948 se
1425 1912 1728 1965 circumstantem,
1743 1917 1878 1969 absque
1893 1920 1979 1958 filiis
1990 1935 2027 1959 se
2044 1936 2118 1960 esse

1155 1971 1312 2022 putavit,
1326 1973 1409 2023 quia
1426 1973 1489 2013 illo
1504 1975 1668 2028 privatus
1681 1987 1770 2016 erat.
1791 1981 1852 2018 15.
1865 1981 2118 2034 Acceperunt

1155 2040 1298 2079 aulem,
1323 2033 1453 2085 inquit,
1470 2039 1551 2074 viri
1566 2038 1685 2086 dona,
1703 2049 1739 2078 et
1752 2045 1961 2092 pecuniam
1987 2045 2116 2096 dupli-

1154 2104 1250 2138 cem,
1269 2102 1305 2130 et
1328 2095 1554 2147 Benjamin,
1573 2106 1609 2135 et
1629 2099 1910 2139 descenderunt
1928 2104 1970 2139 in
1990 2104 2115 2155 AE'gy—

1150 2161 1281 2204 ptum,
1305 2164 1341 2193 et
1372 2165 1561 2196 steterunt
1584 2172 1716 2197 coram
1743 2162 1900 2214 Joseplz.
1925 2165 1986 2201 16.
2008 2165 2114 2202 Vidit

46 2202 164 2256 εΌττερ
193 2203 376 2254 ἐπεθύμει»
412 2203 579 2242 ἐθεάσατο
615 2203 673 2242 τὸν
706 2206 801 2256 αὐτῷ
826 2204 1073 2257 περιπόθητον·
1103 2210 1126 2241 C
1152 2224 1282 2253 autem
1293 2218 1526 2270 eosJosepk,
1538 2221 1975 2276 etBenjaminsr-atrem
1986 2239 2111 2263 suum.

45 2264 147 2309 Εἷδεν
175 2273 222 2315 εἷς
249 2271 345 2323 ἔργον
367 2271 568 2316 ἐξελθοῦσαν
591 2273 685 2324 αὐτῷ
715 2271 779 2319 τὴν
807 2272 976 2319 σπουδήν.
1006 2273 1077 2312 Καὶ

44 2335 140 2388 εἶπε,
165 2342 267 2395 φησὶ,
300 2345 350 2395 τῷ
379 2341 437 2381 ἐπὶ
456 2345 520 2389 τῆς
540 2341 650 2386 οἰκίας
670 2344 792 2381 αὐτοῦ·
813 2344 979 2397 εἰσάγαγε
997 2344 1076 2389 τοὺς

44 2411 244 2464 ἀνθρώπους
264 2415 311 2456 εἷς
328 2412 391 2460 τὴν
407 2413 519 2452 οἰκίαν
533 2444 542 2462 ,
574 2413 634 2452 καὶ
654 2413 782 2467 σφάξον
809 2414 948 2467 θύματα
960 2432 968 2439 ·
997 2418 1075 2468 μετ’

44 2483 128 2532 ἐμοῦ
158 2483 226 2535 γὰρ
264 2483 433 2535 φάγονται
469 2485 499 2522 οἱ
528 2483 717 2536 ἅνθρωποι.
766 2484 911 2530 Ἰδόντες
950 2486 986 2524 δὲ
1022 2486 1076 2525 ὅτι

42 2551 255 2603 εἰσήχθησαν
279 2555 325 2596 εἷς
352 2552 410 2591 τὸν
437 2546 529 2592 οἶκον
549 2557 608 2591 τοῦ
624 2553 776 2607 Ἰωσὴφ,
797 2549 898 2594 εἶπαν
915 2571 923 2579 ·
951 2557 1007 2596 διὰ
1035 2558 1074 2597 τὸ

41 2621 205 2673 ἀργύριον
223 2622 263 2661 τὸ
282 2623 502 2677 ἀποστραφὲν
523 2625 557 2662 ἐν
577 2629 648 2668 τοῖς
661 2624 877 2678 μαρσίπποις
891 2630 992 2679 ἡμῶν
1008 2627 1071 2676 τὴν

40 2691 153 2745 ἀρχὴν
168 2696 270 2744 ἡμεῖς
289 2693 517 2746 εἷσαγόμεθα,
536 2698 596 2734 τοῦ
617 2700 878 2748 συκοφαντῆσαι
898 2702 992 2749 ἡμᾶς
1010 2700 1070 2738 καὶ

39 2762 218 2802 ἐπιθέσθαι
243 2768 340 2815 ἡμῖν,
357 2769 417 2804 τοῦ
442 2766 562 2804 λαθεῖν
578 2770 671 2817 ἡμᾶς
688 2769 736 2810 εἰς
754 2769 900 2816 παῖδας,
917 2772 1012 2821 ἡμᾶς
1030 2787 1068 2810 τε

39 2832 98 2871 καὶ
122 2833 199 2878 τοὺς
214 2834 308 2878 ὅνους
324 2839 437 2886 ἡμῶν.
453 2835 499 2875 Ὁ
524 2837 585 2887 μὲν
609 2837 742 2891 Ἰωσὴφ
761 2838 824 2885 τὴν
844 2839 924 2892 περὶ
943 2841 1067 2887 αὐτοὺς

37 2904 290 2956 φιλοφροσύνην
308 2906 582 2954 ἐπιδεικνύμενος
596 2908 735 2947 ἅπαντα
749 2910 946 2950 διετάττετο
956 2927 963 2934 ·
978 2913 1065 2950 ε’κεῖ-

35 2987 87 3011 νοι
116 2974 151 3012 δὲ
177 2974 236 3012 καὶ
259 2974 366 3018 οὕτως
387 2974 566 3027 ἐναγώνιοι
583 2977 756 3028 γίνονται,
775 2979 992 3032 ὑφορώμενοι
1012 2981 1060 3032 μὴ

33 3044 102 3082 τῶν
121 3044 294 3098 ἀργυρίων
319 3045 419 3084 ἕνεκα
445 3045 543 3090 δίκας
573 3049 842 3101 εἰσπραχθῶσιν,
865 3053 912 3096 ὡς
933 3053 992 3090 καὶ
1027 3055 1062 3092 ἐν

1151 2276 1259 2323 Quod
1280 2278 1519 2329 desiderabat,
1542 2280 1637 2320 vidit
1661 2291 1734 2320 tam
1754 2293 1917 2337 optatum
1935 2287 2019 2326 sibi.
2043 2288 2112 2326 Vi-

1150 2338 1204 2376 dit
1217 2339 1303 2377 satis
1317 2354 1391 2379 esse
1410 2342 1544 2380 factum
1559 2357 1624 2381 suo
1643 2343 1834 2384 desiderio.
1855 2349 1910 2386 Et
1925 2350 2039 2397 dia-it,
2057 2349 2112 2389 in-

1149 2400 1241 2452 quit,
1253 2404 1440 2456 praesecto
1455 2405 1589 2443 domui
1608 2420 1687 2444 suce
1703 2423 1714 2443 .-
1730 2409 1919 2448 Introduc
1935 2412 2111 2450 homines

1148 2464 1190 2499 in
1207 2464 1377 2511 domum,
1396 2473 1434 2503 et
1445 2467 1575 2505 occide
1597 2470 1782 2508 victimas
1800 2486 1810 2506 :
1829 2484 1978 2510 mecum
2006 2477 2109 2511 enim

1147 2526 1350 2564 comedent
1372 2529 1461 2564 viri.
1487 2527 1548 2566 18.
1572 2530 1621 2567 Ui
1642 2531 1826 2569 viderunt
1855 2542 1985 2570 autem
2005 2537 2111 2586 quod

1146 2588 1358 2626 introducti
1378 2597 1467 2627 sunt
1484 2592 1525 2626 in
1539 2591 1696 2629 domum
1709 2592 1869 2644 loseph,
1893 2595 2077 2634 diverunt
2093 2612 2106 2633 .-

1144 2649 1533 2701 Propterpecuniam,
1541 2665 1626 2703 quoe
1636 2653 1749 2690 rediit
1762 2655 1802 2690 in
1813 2667 1946 2693 saccos
1956 2666 2106 2695 nostros

1143 2712 1185 2747 in
1197 2713 1404 2762 principio,
1424 2712 1657 2759 inducimur,
1678 2722 1719 2751 ut
1735 2715 1976 2754 calumniam
1993 2720 2104 2757 nobis

1142 2774 1318 2818 intentet,
1335 2780 1373 2810 et
1392 2775 1565 2823 imponat
1583 2775 1708 2821 nobis,
1726 2784 1762 2812 et
1783 2779 1950 2829 accipiat
1972 2793 2040 2817 nos
2060 2782 2102 2817 in

1140 2848 1283 2881 servos,
1303 2843 1339 2872 et
1355 2837 1486 2872 asinos
1505 2844 1668 2874 nostros.
1689 2838 1821 2891 Joseph
1838 2839 1981 2891 quidem
1998 2856 2100 2881 suam

1139 2909 1221 2946 erga
1238 2895 1319 2933 illos
1338 2895 1592 2947 benignitatem
1616 2897 1815 2943 declarans,
1836 2901 1955 2940 omnia
1977 2901 2099 2956 dispo-

1138 2955 1266 2994 nebat:
1285 2956 1338 2993 illi
1367 2965 1487 2994 autem
1506 2958 1605 2996 anxii
1623 2959 1769 2998 fuerunt
1783 2991 1793 3009 ,
1816 2963 2035 3015 suspicantes
2056 2980 2099 3003 ne

1136 3017 1370 3069 pecuniarum
1391 3018 1505 3069 gratia
1530 3033 1651 3072 poenas
1672 3021 1784 3071 luant,
1803 3032 1972 3075 tanquam
1989 3026 2095 3064 etiam

1136 3079 1172 3117 in
1190 3079 1257 3117 hoc
1275 3079 1366 3117 male
1379 3079 1749 3135 fecissent.Propterea
1763 3098 1844 3123 cum
1856 3088 2093 3133 accessissent,

32 3112 144 3166 τούτῳ
170 3115 485 3167 χακουργῆσανῗῑς·
517 3115 587 3154 Καὶ
616 3115 672 3154 διὰ
687 3121 788 3156 τοῦτο
812 3121 1060 3173 προσελθόντες
1085 3137 1110 3166 D
1135 3156 1279 3179 causam
1297 3141 1498 3180 formidinis
1518 3144 1699 3195 proferunt
1718 3147 1884 3199 praefccto
1900 3148 2042 3197 domus,
2059 3159 2092 3187 et

31 3182 95 3230 τὴν
112 3183 225 3221 αἰτίαν
245 3189 304 3223 τοῦ
326 3188 456 3236 ἀγῶνος
479 3186 674 3234 κατάδηλον
694 3192 831 3228 ποιοῦσι
851 3193 901 3244 τῷ
920 3193 978 3230 ἐπὶ
997 3195 1060 3239 τῆς

31 3253 154 3299 οἰκίας,
180 3254 240 3292 καὶ
256 3256 455 3307 διηγοῦνται
478 3258 572 3302 ὅπως
588 3258 633 3296 τὰ
649 3258 798 3311 ἀργύρια
816 3261 852 3299 ἐν
867 3267 939 3307 τοῖς
961 3280 1055 3318 μαρ-

74 3358 90 3382 ¹²
114 3359 125 3399 [
140 3358 242 3394 Coisl.
260 3360 388 3394 omittit.
404 3365 446 3396 δι’.
464 3363 475 3406 ]

1135 3213 1278 3241 narrant
1295 3203 1476 3255 quomodo
1491 3205 1678 3256 pecuniam
1695 3207 1730 3246 in
1748 3209 1858 3248 saccis
1875 3210 2088 3254 invenerint.

1133 3274 1166 3303 et
1181 3265 1305 3304 dicunt
1323 3281 1330 3302 :
1350 3269 1413 3304 2⁰2.
1433 3268 1646 3319 Propterea
1661 3270 1853 3322 duplicem
1871 3287 1973 3312 nunc
1985 3282 2087 3311 attu-

1076 3377 1272 3417 ἁποττεὶλῃ),
1291 3384 1390 3417 quam
1420 3375 1614 3409 varietatem
1643 3375 1720 3411 lect.
1748 3381 1896 3412 enotatit
1920 3380 2023 3414 Savil.
2053 3382 2085 3414 iu

72 3419 86 3435 a
110 3411 120 3453 [
140 3410 240 3445 smil,
256 3412 354 3445 verba
372 3420 396 3448 ει
424 3420 473 3448 καὶ
496 3421 542 3450 ὅτι
560 3417 652 3448 uncis
669 3414 812 3450 inclusit.
830 3419 934 3454 Coisl.
954 3426 971 3461 ἡ
992 3427 1041 3457 καὶ
1077 3435 1180 3469 marg.
1199 3426 1210 3467 J

27 3465 84 3497 ὅτι.
101 3462 202 3496 Paulo
219 3471 295 3497 ante
317 3462 405 3499 idem
427 3466 529 3500 Coisl.
557 3466 606 3501 bis
624 3470 682 3508 ξων,
688 3494 754 3505 .....
772 3477 939 3509 ἀποστείλῃ
956 3473 1040 3518 (pro
