2516 3791
875 208 934 239 DE

98 291 222 346 χειρός.
239 293 301 332 Διὸ
320 292 362 340 δὴ
378 292 493 331 πάντα
508 291 551 330 τὰ
565 291 622 331 ἐπὶ
640 294 704 344 γῆς
723 293 846 344 ἀφεῖσα
857 319 867 339 ,
886 291 971 344 πρὸς
986 291 1044 330 τὸν
1060 293 1122 338 τῆς

98 354 230 408 φύσεως
248 353 377 408 ἔδραμε
396 352 594 401 Δεσπότην,
623 353 683 391 καὶ
703 355 765 392 οὐκ
785 352 920 399 ἀπέστη
939 351 1120 405 πρότερον,

97 415 162 459 ἕως
186 416 226 453 ἂν
247 415 348 454 αὐτὸν
378 413 495 454 ἔπεισε
520 416 624 454 λῦσαι
655 415 718 462 τὴν
751 414 931 462 ἀπαιδίαν,
959 413 1019 452 καὶ
1055 412 1119 459 τὴν

98 476 232 529 μήτραν
262 476 411 522 ἀνοῖξαι,
440 475 500 514 καὶ
528 478 674 522 ποιῆσαι
710 474 845 528 μητέρα
876 474 939 522 τὴν
969 479 1119 548 στεῖραν.

97 536 266 589 Μακαρία
285 536 327 588 μὲ
329 554 346 575 ν
366 553 423 575 ουν
443 537 539 575 ml*
521 536 578 575 οιὰ
606 540 728 586 τοῦτο,
745 537 810 589 οὐχ
827 535 880 575 ὅτι
903 535 1020 587 μήτηρ
1039 532 1117 586 ἐγέ-

96 613 185 644 νετο,
207 599 353 636 ἀλλ’ὅτι
372 600 432 637 οὐκ
451 601 537 637 οὖσα
556 597 703 651 ἐγένετο.
724 598 766 636 Ἐ
769 603 862 636 κεῖνο
879 595 942 648 μὲν
959 595 1025 648 γὰρ
1045 610 1121 633 κοι-

96 658 152 697 νὸν
172 675 233 705 της
252 675 384 711 φυσεως
396 688 405 706 ,
431 675 530 698 τουτο
549 659 585 698 δὲ
614 658 788 711 ἐξαίρετον
815 661 878 705 τῆς
897 657 1060 709 γυναικὸς
1079 659 1120 703 ἠν

97 720 322 772 κατόρθωμα.
356 720 525 774 Μακαρία
559 719 622 772 μὲν
653 723 711 758 οὖν
744 719 804 757 καὶ
835 718 893 756 διὰ
911 717 972 762 τὰς
997 717 1122 761 ὠδῖνας

99 781 231 825 ἐκείνας
246 810 256 827 ,
277 781 432 834 μακαρία
460 781 495 821 δὲ
514 784 579 834 οὐχ
603 775 706 828 ἦττον
729 780 788 818 καὶ
809 778 866 818 διὰ
893 778 938 817 τὰ
957 778 1026 831 πρὸ
1054 782 1123 817 τῶν

98 841 231 881 ὠδίνων
260 842 410 881 ἅπαντα.
429 842 523 881 Ἰστε
553 842 621 894 γὰρ
652 842 762 890 δήπου
795 841 939 889 πάντες,
967 840 1028 879 καὶ
1060 856 1122 892 γυ·

971 208 1092 238 ΛΝΝΑ
1129 208 1276 239 §namo
1318 209 1361 239 th

99 909 230 950 ναῖκες,
246 904 306 942 καὶ
329 904 469 955 ἄνδρες,
497 905 544 948 ὡς
562 903 660 942 οὐδὲν
687 903 941 956 ἀφορητότερον
958 902 1125 946 ἀπαιδίας
1153 918 1159 924 ”

98 965 235 1016 γυναικὶ
253 965 377 1017 γένοιτ’
396 965 455 1003 ἄν·
477 964 566 1003 ἀλλὰ
587 964 677 1003 ι’κᾶν
698 965 862 1019 μυριάκις
885 964 1046 1018 ἀπολαύῃ
1063 967 1124 1011 τῆς

100 1026 304 1079 εὐημερίας,
322 1025 385 1074 τὴν
406 1027 446 1065 ἐκ
463 1030 526 1074 τῆς
549 1027 688 1078 πληγῆς
706 1026 836 1074 ταύτης
851 1025 973 1073 ὀδύνην
993 1029 1125 1078 ἐγγινο-

100 1088 207 1139 μένην
230 1090 318 1140 αὐτῇ
338 1091 400 1127 οὐκ
427 1089 468 1127 ἅν
501 1104 586 1128 ποτε
619 1087 892 1141 ἀποκρούσαιτο.
925 1090 969 1127 Εἰ
1001 1089 1037 1127 δὲ
1067 1093 1125 1127 νῦν

100 1149 207 1193 οὕτως
234 1150 421 1203 ἀφόρητον,
451 1151 507 1189 ὅτε
532 1151 617 1203 πρὸς
636 1150 776 1201 μείζονα
796 1149 1000 1203 φιλοσοφίαν
1022 1150 1126 1197 ἐκλή-

99 1216 221 1263 Οημεν,
251 1213 310 1250 καὶ
340 1212 426 1265 πρὸς
456 1212 513 1251 τὸν
547 1212 691 1264 οὐρανὸν
725 1211 902 1263 ὁδεύομεν,
935 1212 994 1250 καὶ
1025 1211 1126 1264 λόγος

97 1276 182 1324 ἡμῖν
201 1276 269 1311 τῶν
295 1273 477 1326 παρόντων
505 1274 638 1321 οὐδεὶς,
671 1273 762 1312 ἀλλὰ
786 1274 869 1327 πρὸς
890 1273 1012 1326 ἑτέραν
1034 1274 1127 1322 ζωὴν

98 1335 453 1387 παρασκευαζόμεθα,
473 1335 534 1374 καὶ
552 1335 640 1373 πολὺ
660 1335 700 1373 τὸ
720 1337 782 1382 τῆς
804 1335 992 1387 παρθενίας
1012 1335 1128 1387 ἐγκώ-

99 1412 192 1448 μιον,
213 1396 372 1443 ἐννόησον
390 1396 512 1444 ἡλίκον
528 1397 606 1436 τότε
622 1397 729 1435 κακὸν
748 1397 787 1434 τὸ
805 1404 954 1448 πρᾶγμα
974 1398 1128 1448 ἐνομίζε·

99 1474 139 1497 το
157 1452 265 1507 εἶναι,
280 1458 337 1496 ὅτε
348 1461 416 1497 τῶν
433 1458 631 1510 μελλόντων
651 1457 715 1533 μὲν
731 1458 875 1510 οὖδεμια
893 1474 945 1503 τις
960 1453 1002 1506 ἦν
1020 1458 1129 1507 ἐλπις,

99 1519 176 1559 οὐδὲ
196 1520 308 1559 ἔννοια
327 1527 397 1565 τοῖς
416 1523 596 1569 παλαιοῖς,
612 1520 728 1559 πάντα
753 1520 788 1559 δὲ
809 1520 896 1596 ὑπὲρ
915 1522 983 1559 τῶν
1000 1520 1130 1573 παρόν-

99 1597 166 1619 των
189 1581 359 1657 ἔπραττον
379 1581 610 1634 πραγμάτων,
630 1582 689 1620 καὶ
712 1581 781 1634 ἀρά
800 1597 852 1625 τις
871 1598 913 1628 ην
942 1581 1002 1620 καὶ
1020 1598 1129 1621 κατα-

101 1643 180 1691 δίκη
210 1645 250 1683 τὸ
279 1650 418 1697 στεῖραν
449 1648 536 1682 εἶναι
555 1660 614 1682 και
632 1644 767 1720 ἄγονον.
787 1643 910 1682 Οὗκ”
890 1660 984 1682 εστιν
1005 1646 1127 1693 εἰπεῖν,

101 1705 177 1743 οὐδὲ
197 1708 423 1760 παραστῆσαι
441 1709 491 1759 τῷ
520 1705 613 1758 λόγι)
640 1705 703 1752 τὴν
723 1705 792 1743 ἀπὸ
810 1721 873 1752 της
893 1707 1031 1758 πληγης
1049 1706 1129 1744 ταύ-

103 1782 164 1813 της
179 1766 313 1814 ὀδύνην.
335 1769 561 1821 Μαρτυροῧσι
577 1766 612 1804 δὲ
632 1772 790 1818 γυναῖκες
803 1796 813 1814 ,
835 1766 913 1806 ὅσαι
933 1774 1049 1805 πᾶσαν
1067 1766 1130 1818 μὲν

104 1827 322 1872 ἐπεδείξαντο
351 1827 568 1881 φιλοσοφίαν,
595 1827 726 1875 ταύτην
756 1828 792 1866 δὲ
822 1827 884 1875 τὴν
917 1828 1130 1882 δυσκληρίαν

105 1891 166 1928 οὐκ
191 1890 363 1942 ἤνεγκαν·
382 1892 458 1929 ἀλλ’
489 1892 525 1928 αἱ
548 1889 610 1941 μὲν
630 1890 717 1943 πρὸς
733 1889 812 1934 τους
837 1890 963 1943 ἄνδρας
987 1889 1132 1943 ἐδυσχέ-

108 1967 235 2004 ραινον,
254 1956 289 1991 αἱ
308 1952 343 1991 δὲ
359 1953 416 1992 τὸν
437 1952 511 2004 βίον
528 1952 676 1991 ἀὸίωτον
694 1956 782 1990 εἰναι
801 1951 979 2004 ἐνόμισαν.
1001 1952 1076 2000 Τὴν
1096 1953 1132 1993 δὲ

106 2019 254 2063 γυναῖκα
281 2014 410 2061 ταύτην
430 2015 491 2052 οὐκ
520 2013 651 2065 ἀθυμία
668 2013 770 2064 μόνον
785 2017 806 2060 ἡ
831 2013 886 2052 διὰ
907 2013 971 2060 τὴν
990 2015 1135 2067 στείρω-

107 2091 174 2120 σιν,
193 2075 284 2114 ἀλλὰ
303 2076 362 2114 καὶ
383 2076 500 2129 ἕτερον
521 2052 717 2128 ἐπολιόρκει
733 2076 862 2125 πάθος,
889 2078 994 2128 Θυμὸς
1015 2077 1072 2116 διὰ
1090 2077 1135 2116 τὰ

107 2138 221 2183 ὀνείδη
244 2139 306 2182 τῆς
329 2137 526 2184 ἀντιζήλοω.
550 2137 620 2176 Καὶ
640 2136 798 2190 καθάπερ
825 2138 964 2189 ἀνέμων
984 2140 1136 2176 ἀπεναν-

107 2198 183 2242 τίας
211 2198 375 2245 ἀλλήλοις
397 2199 656 2250 ἐμπιπτόντων,
676 2199 737 2238 καὶ
756 2199 886 2252 σκάφος
916 2200 1020 2252 μέσον
1039 2203 1074 2239 ἐν
1092 2204 1135 2252 τῇ

108 2260 192 2313 πρὸς
222 2260 395 2307 ἀλλήλους
414 2260 662 2300 ἀπολαὸόντων
685 2261 808 2314 μάχῃ,
838 2262 898 2300 καὶ
928 2262 1042 2300 πολλὰ
1073 2262 1135 2313 μὲν

110 2321 180 2358 ἀπὸ
210 2323 271 2368 τῆς
298 2321 458 2374 πρύμνης
473 2351 483 2368 ,
505 2321 618 2360 πολλὰ
637 2321 671 2361 δὲ
697 2322 767 2361 ἀπὸ
794 2325 857 2369 τῆς
880 2321 1024 2375 πρώρας
1045 2324 1135 2374 ἐγει-

112 2383 240 2433 ρόντων
259 2383 303 2422 τὰ
336 2383 498 2434 κύματα,
523 2387 541 2422 ὃ
571 2384 785 2437 κυὸερνήτης
819 2385 877 2423 ἐπὶ
908 2388 977 2423 τῶν
1009 2384 1137 2424 οἰάκων

113 2443 305 2494 καθήμενος
335 2443 496 2488 διασώζει
529 2444 568 2483 τὸ
599 2446 752 2498 σκάφος,
777 2445 840 2490 τὰς
869 2449 938 2485 τῶν
970 2446 1137 2498 κυμάτων

115 2503 264 2553 ἐμῧολὰς
296 2508 339 2556 τῇ
375 2509 436 2552 τῆς
470 2507 667 2557 ἐπιστήμης
701 2508 805 2560 σοφία
846 2507 1112 2562 διακρουόμενος
1129 2523 1137 2532 ·

115 2564 204 2604 οὕτω
223 2566 282 2604 καὶ
311 2569 333 2612 ἡ
360 2565 446 2618 γυνὴ
467 2566 545 2605 τότε
572 2567 711 2617 ἐκείνη,
739 2568 898 2622 καθάπερ
929 2569 1139 2621 πνευμάτων

114 2627 290 2675 ἐναντίων,
305 2630 364 2666 τοῦ
381 2631 490 2679 θυμοῦ
506 2659 515 2675 ,
532 2629 590 2667 καὶ
601 2631 664 2675 τῆς
682 2630 833 2682 ἀθυμίας
845 2661 855 2678 ,
878 2633 926 2675 εἷς
944 2631 1008 2679 τὴν
1022 2630 1138 2684 ψυχὴν

116 2689 223 2734 αὐτῆς
241 2689 475 2739 ἐμπεσόντων,
504 2691 563 2730 καὶ
593 2691 672 2734 τοὺς
694 2691 879 2743 λογισμοὺς
899 2695 1005 2740 αὐτ-ῆς
1023 2694 1140 2732 διακο-

117 2748 286 2795 πτόντων,
304 2749 364 2788 καὶ
382 2750 497 2790 πολλὰ
514 2751 558 2789 τὰ
575 2751 716 2803 κύματα
738 2753 953 2805 ἐγειρόντων,
969 2754 1046 2807 οὐχὶ
1069 2754 1140 2803 δύο,

119 2809 178 2845 καὶ
196 2814 307 2860 τρεῖς,
325 2809 383 2847 καὶ
402 2810 512 2850 εἴκοσι
532 2811 689 2864 ἡμέρας,
705 2816 782 2852 ἀλλ’
800 2816 855 2853 ἐπ’
876 2815 1049 2860 ἐνιαυτοὺς
1064 2817 1141 2854 ὁλο-

120 2870 267 2921 κλήρους
286 2870 374 2918 (καὶ
401 2871 467 2923 γὰρ
488 2872 522 2916 ἐξ
554 2876 673 2913 ἱκανοῦ
694 2880 794 2914 τοῦτο
813 2876 968 2929 ἐγένετο,
988 2878 1091 2930 φησίν
1107 2878 1118 2929 )
1134 2893 1142 2901 ·

119 2930 242 2982 ἤνεγκε
267 2932 325 2970 τὸν
353 2934 512 2984 χειμῶνα
532 2935 713 2986 γενναίως,
742 2937 802 2975 καὶ
826 2943 1145 2986 καταποντισθῆναι

119 2991 177 3029 τὸν
210 2993 375 3044 λογισμὸν
403 2996 464 3032 οὐκ
483 2994 610 3033 εἴασεν.
638 2995 683 3035 Ὁ
714 2997 783 3051 γὰρ
811 3002 871 3037 τοῦ
893 3002 985 3039 Θεοῦ
1016 3000 1145 3052 φόὸος,

2054 199 2144 244 825

1193 291 1321 342 aliquis
1344 292 1452 332 allato
1465 306 1554 331 auro
1577 292 1731 331 dilueret
1758 307 1927 345 angorem
1945 311 1951 331 :
1971 309 2082 346 neque
2101 311 2144 335 ex

1192 351 1341 390 adversa
1364 354 1524 406 corporis
1554 354 1770 402 valetudine,
1791 364 1828 394 ut
1852 356 1976 394 accitis
1997 357 2146 395 medicis

1193 413 1358 452 morbum
1378 424 1495 467 posset
1516 415 1671 467 abigere.
1695 418 1830 455 Natura
1853 426 1928 455 crat
1958 418 2048 456 male
2061 419 2146 455 asse-

1191 483 1261 523 cta,
1284 476 1458 515 caelestem
1489 491 1635 515 manum
1663 477 1882 516 desiderans.
1909 479 2032 530 quue
2065 493 2146 517 sanc

1191 538 1438 588 praetermissis
1449 538 1618 576 omnibus
1635 540 1793 589 terrenis,
1807 540 1852 578 ad
1870 550 2002 579 naturae
2023 542 2146 580 Domi-

1194 612 1280 636 num
1306 599 1483 651 confugit,
1510 613 1574 638 nce
1606 600 1706 652 prius
1731 601 1886 651 destitit,
1910 617 2017 654 quam
2043 603 2145 641 illuni
2161 614 2245 649 sugit.

1193 669 1371 710 exoraret,
1391 670 1430 698 ut
1445 661 1634 699 orbitatem
1651 662 1800 712 tolleret,
1815 678 1856 701 ac
1874 665 2020 702 vulvam
2034 665 2149 717 aperi-

1194 729 1261 769 ret,
1279 735 1368 772 eque
1382 722 1493 760 sterili
1506 723 1636 762 faceret
1654 733 1815 762 matrem.
1835 726 1956 776 ltaque
1979 726 2079 764 beata
2100 737 2151 765 est

1194 790 1229 819 et
1251 781 1298 820 ob
1324 782 1402 833 hoc,
1417 797 1485 821 non
1508 783 1605 835 quod
1628 794 1739 822 mater
1763 786 1854 823 sacta
1884 787 1941 834 sit,
1960 786 2018 825 sed
2036 788 2148 838 quod,

1195 857 1277 881 cum
1298 858 1368 882 non
1393 854 1499 896 esset,
1517 846 1610 884 sacta
1633 846 1690 884 sit.
1710 847 1897 898 Siquidem
1917 848 2007 886 illud
2019 859 2070 888 est
2089 865 2150 888 na-

1195 913 1284 943 turae
1301 919 1500 956 commune,
1519 907 1586 945 hoc
1601 916 1720 946 autem
1736 918 1809 947 erat
1823 910 1997 948 eximium
2011 912 2150 951 feminae

1196 967 1376 1006 meritum.
1394 967 1502 1006 Beata
1530 969 1674 1020 quidem
1698 970 1808 1022 igitur
1831 981 1865 1009 et
1881 982 2027 1025 propter
2046 974 2151 1012 nixus

1195 1029 1288 1077 illos,
1305 1029 1541 1069 nihilominus
1556 1040 1673 1069 tamen
1689 1033 1790 1071 beata
1810 1043 1953 1087 propter
1971 1035 2088 1074 omnia
2109 1036 2151 1073 il—

1197 1091 1231 1129 la
1250 1105 1330 1142 quae
1352 1101 1496 1144 partum
1526 1103 1794 1145 praecesserunt.
1816 1095 1924 1134 Scitis
1951 1097 2046 1134 enim
2072 1112 2153 1150 pro-

1198 1153 1288 1191 fecto
1314 1168 1448 1203 omnes,
1468 1154 1543 1193 sive
1563 1156 1742 1207 mulieres,
1764 1157 1840 1195 sive
1862 1157 1946 1207 viri,
1962 1159 2054 1196 nihil
2074 1173 2154 1211 gra-

1198 1215 1280 1254 vius
1307 1224 1370 1254 aut
1394 1215 1656 1256 intolerabilius
1685 1218 1845 1257 accidere
1865 1233 1967 1271 posse
1998 1220 2152 1270 feminae,

1199 1290 1306 1326 quam
1328 1286 1368 1314 ut
1389 1277 1512 1316 liberis
1531 1287 1665 1328 careat3
1683 1278 1772 1316 adeo
1792 1288 1830 1317 ut
1849 1280 1878 1317 si
1896 1280 1996 1319 mille
2013 1296 2156 1335 prospe-

1201 1337 1368 1376 ritatibus
1381 1338 1517 1390 alioqui
1533 1339 1855 1388 fruatur‚dolorem
1868 1356 1914 1379 ex
1927 1341 1995 1381 hoc
2011 1344 2158 1381 vulnere

1201 1407 1325 1436 natum
1358 1413 1556 1450 numquam
1593 1414 1639 1438 ex
1669 1401 1788 1440 animo
1825 1403 1939 1441 valeat
1971 1403 2157 1456 depellere.

1202 1460 1310 1507 Quod
1323 1460 1354 1499 si
1373 1459 1412 1498 id
1433 1475 1528 1500 nunc
1549 1461 1638 1500 adeo
1657 1472 1710 1501 est
1723 1463 1998 1515 intolerandum,
2014 1480 2097 1504 cum
2111 1467 2157 1504 ad

1202 1522 1374 1575 majorem
1399 1522 1667 1576 philosophiam
1703 1526 1820 1564 vocati
1847 1540 1984 1576 sumus,
2006 1542 2159 1580 cumque

1201 1583 1248 1621 ad
1263 1583 1391 1622 caelum
1410 1584 1638 1623 tendentibus
1652 1585 1772 1624 nullus
1788 1596 1840 1625 est
1855 1601 1975 1626 rerum
2003 1604 2157 1641 praesen-

1202 1644 1292 1682 tium
1320 1654 1510 1697 respectus,
1530 1646 1593 1684 scd
1620 1646 1668 1685 ad
1696 1647 1845 1686 alteram
1873 1649 1985 1687 vitam
2004 1650 2157 1689 adorna-

1202 1719 1295 1755 mur,
1314 1719 1470 1757 cumque
1496 1707 1619 1745 multis
1644 1707 1814 1747 laudibus
1836 1710 1982 1748 effertur
2009 1711 2158 1764 virgini-

1203 1775 1256 1805 tas
1277 1782 1284 1803 :
1303 1767 1419 1820 cogita
1443 1777 1585 1819 quantae
1610 1768 1828 1808 infelicitatis
1852 1785 1891 1809 ea
1914 1786 1970 1811 res
1982 1772 2059 1811 visa
2081 1782 2160 1811 tum

1203 1828 1332 1878 suerit,
1362 1843 1445 1866 cum
1468 1829 1672 1868 futurorum
1693 1831 1790 1870 nulla
1817 1842 1906 1871 esset
1930 1848 2031 1886 spes,
2056 1849 2098 1873 ae
2118 1850 2160 1873 ne

1206 1890 1371 1942 cogitatio
1401 1890 1547 1942 quidem
1577 1892 1756 1931 veteribus
1781 1892 1866 1943 illis,
1885 1894 1947 1933 sed
1965 1895 2085 1934 omnia
2099 1897 2161 1935 fie-

1205 1961 1283 1990 rent
1296 1966 1415 1990 rerum
1434 1953 1663 2005 praesentium
1682 1955 1795 2006 gratia
1811 1971 1818 1992 :
1835 1969 1918 1994 cum
1936 1956 1974 1995 id
1994 1958 2161 2010 temporis

1206 2013 1362 2051 sterilem
1375 2023 1409 2052 et
1425 2014 1550 2052 orbam
1561 2028 1635 2053 esse
1649 2015 1832 2064 feminam,
1842 2016 2081 2057 damnationis
2099 2033 2160 2058 no-

1206 2084 1279 2114 tam
1309 2076 1426 2114 ferret.
1450 2077 1562 2114 Nemo
1591 2077 1703 2129 possit
1733 2077 1864 2128 eloqui,
1890 2092 1954 2117 nec
1984 2080 2059 2118 ullo
2085 2095 2159 2119 ser—

1207 2151 1310 2175 mone
1337 2137 1505 2189 consequi
1541 2137 1676 2176 doloris
1704 2139 1990 2191 magnitudinem
2020 2155 2065 2180 ex
2096 2142 2163 2180 hoc

1207 2197 1355 2237 vulnere
1389 2198 1574 2237 venientis.
1612 2199 1736 2237 Testes
1761 2214 1846 2239 vero
1886 2211 1969 2239 sunt
2011 2202 2163 2251 feminae,

1207 2274 1287 2311 quae
1304 2273 1387 2297 cum
1406 2259 1443 2298 in
1458 2259 1594 2298 caeteris
1608 2273 1751 2299 omnem
1764 2261 1994 2301 exhibuerint
2006 2263 2163 2316 philoso-

1207 2319 1346 2374 phiam,
1368 2320 1461 2366 hanc
1479 2320 1722 2359 infelicitatem
1736 2335 1806 2360 non
1824 2324 2047 2376 pertulerunt
2063 2340 2163 2377 aequo

1207 2382 1348 2432 animo3
1373 2381 1434 2420 sed
1465 2381 1630 2433 quaedam
1661 2383 1799 2422 maritis
1835 2385 2030 2437 indignatae
2064 2397 2160 2438 sunt,

1207 2443 1287 2482 aliae
1321 2443 1390 2482 sibi
1423 2443 1538 2482 vitam
1566 2444 1776 2496 judicarunt
1804 2460 1881 2484 esse
1912 2447 2158 2500 injucundam.

1210 2505 1312 2543 Hanc
1327 2519 1410 2544 vero
1424 2505 1594 2544 feminam
1609 2519 1677 2544 non
1690 2507 1851 2545 anxietas
1869 2508 1976 2547 modo
1995 2524 2015 2547 a
2034 2511 2163 2549 sterili-

1209 2576 1281 2606 tate
1305 2568 1530 2621 proveniens,
1549 2581 1675 2606 verum
1699 2577 1733 2606 et
1755 2568 1857 2608 aliud
1877 2570 2050 2621 quiddam
2069 2572 2163 2611 obsi-

1209 2629 1317 2667 debat
1341 2629 1489 2678 malum,
1509 2629 1562 2667 ira
1581 2629 1747 2668 videlicet
1774 2641 1919 2684 propter
1942 2633 2078 2671 aemulae
2101 2648 2162 2687 op-

1209 2690 1369 2742 probria.
1391 2689 1436 2728 Et
1469 2690 1561 2728 sicut
1589 2691 1704 2729 ventis
1735 2705 1781 2730 ex
1805 2692 1956 2732 adverso
1980 2694 2072 2733 inter
2091 2710 2166 2734 sese

1211 2749 1516 2799 concurrentibus,
1537 2749 1763 2802 mediamque
1789 2752 1970 2804 scapham,
1986 2753 2074 2792 dum
2104 2754 2163 2793 in—

1210 2819 1263 2849 ter
1288 2825 1325 2848 se
1353 2810 1572 2863 depugnant,
1592 2811 1880 2864 corripientibus,
1898 2829 1940 2853 ac
1958 2816 2081 2854 multis
2098 2817 2165 2854 ssu-

1211 2868 1328 2906 ctibus
1345 2870 1475 2921 partim
1494 2883 1513 2906 a
1534 2883 1651 2921 prora,
1666 2871 1797 2922 partim
1816 2887 1835 2910 a
1851 2874 1962 2926 puppi
1982 2866 2166 2927 insurgen-

1212 2930 1323 2979 tibus,
1347 2930 1562 2982 gubernator
1589 2931 1692 2970 clavo
1718 2933 1876 2973 assidens
1895 2946 2011 2975 servat
2032 2938 2165 2983 navim,

1214 2990 1394 3028 undarum
1415 2991 1579 3029 incursus
1603 2992 1824 3043 gubernandi
1843 2996 2031 3048 prudentia
2049 2998 2170 3051 depel-

118 3052 277 3104 amoinep
311 3054 526 3107 χυςερνήτης
562 3056 620 3094 ἐπὶ
652 3059 722 3095 τῶν
756 3059 883 3098 οἰάκων
927 3061 1205 3113 ²2²0⁷ly=5V0<‚713
1220 3052 1294 3090 lens
1315 3068 1322 3088 :
1343 3052 1393 3090 sic
1415 3061 1449 3090 et
1474 3052 1603 3090 mulier
1630 3061 1706 3091 tum
1733 3055 1808 3105 illa,
1827 3070 1908 3095 cum
1936 3058 1987 3096 ira
2007 3068 2039 3098 et
2061 3075 2170 3111 angor

121 3114 235 3151 ἔπειθε
255 3115 420 3166 γενναίως
449 3116 563 3168 φέρειν
598 3133 637 3156 το
662 3118 885 3159 κλυδώνιον’
870 3128 1000 3162 εκεῖνο·
1022 3139 1081 3162 και
1109 3126 1147 3162 οὐ
1171 3128 1194 3156 Α
1221 3128 1284 3151 ceu
1311 3114 1407 3151 venti
1434 3113 1468 3150 in
1491 3114 1652 3152 animum
1685 3114 1798 3168 ipsius
1815 3118 1967 3158 facerent
1987 3121 2170 3173 impetum,

123 3174 288 3226 πρότερον
304 3176 439 3224 ἀπέστη
470 3178 703 3231 διακυὸερνῶν
723 3181 829 3228 αὐτης
844 3183 908 3229 τὴν
936 3185 1065 3237 ψυγὴν,
1085 3185 1149 3228 ἕως

127 3236 173 3277 εἷς
192 3250 250 3272 τον
280 3237 391 3276 εὔδιον
423 3238 550 3290 λιμενα
578 3240 758 3292 κατήγαγε
790 3245 1072 3298 πεπληρωμένην
1090 3262 1151 3284 του

128 3295 265 3346 ὀορτίου
297 3298 359 3345 τὴν
377 3315 472 3348 ναυν,
491 3300 550 3338 καὶ
582 3301 772 3353 πολυτίμου
800 3307 973 3358 Θησαυροῧ
1001 3307 1063 3354 τὴν
1083 3324 1149 3359 γα-

175 3402 190 3425 ¹³
211 3401 287 3445 Κείς.
308 3420 360 3438 mv
376 3410 497 3450 μυρίας.

349 3471 437 3494 ΙΟΜ.
473 3473 526 3495 IV.

1220 3174 1393 3212 rationem
1416 3174 1513 3211 illius
1535 3176 1795 3228 perturbantes,
1821 3180 2020 3230 multosque
2044 3181 2173 3220 ssuctus

1223 3241 1431 3289 excitarent,
1451 3255 1520 3280 non
1544 3243 1622 3294 jam
1649 3243 1801 3282 biduum
1825 3255 1885 3284 aut
1911 3247 2085 3296 triduum,
2112 3259 2173 3287 aut

1225 3307 1299 3346 dies
1321 3308 1463 3361 viginti,
1482 3309 1543 3348 sed
1563 3319 1595 3349 et
1615 3320 1705 3350 totos
1723 3327 1832 3350 annos
1848 3317 1857 3357 ζ
1875 3328 1955 3351 nain
1974 3314 2053 3355 hoc.
2074 3325 2110 3354 nt
2125 3317 2173 3354 ait
2193 3331 2215 3348 ¹-
2235 3321 2295 3348 Τίν’·

1952 3471 1993 3487 *l

1947 3484 1995 3521 224

2217 489 2295 515 Anna
2313 489 2345 515 ad

2161 537 2267 557 nutum*
2289 530 2346 555 llu-

2160 575 2348 599 minume-‹un-
