2433 3775
270 181 329 244 76
707 194 746 225 S.

267 278 485 332 praecedeute
500 292 618 332 opere,
633 277 771 316 etiamsi
785 291 855 316 non
869 285 1037 327 sequatur
1046 275 1220 323 doctrina,

268 340 452 380 sufficiunt
464 355 569 394 opera
583 340 658 393 ipsa
669 340 784 391 magis
796 353 904 391 quam
920 338 993 375 ulla
1009 352 1083 375 vox
1097 337 1145 374 ad
1159 336 1221 374 do-

67 405 186 433 moralis
208 415 254 433 ex·
269 402 422 441 cendum
450 416 508 440 eos
539 402 601 452 qui
624 402 658 439 in
681 414 743 438 nos
775 398 1082 451 respiciunt.'Hoc
1111 396 1222 447 igitur

67 444 194 476 hortatio
221 446 255 473 ad

68 497 170 516 verum
205 486 251 526 je—

66 527 199 567 junium.

69 587 160 617 Rom.
171 596 239 616 2.21

72 1824 146 1853 Jsat.
161 1819 211 1850 58.
226 1821 252 1852 5.

271 465 404 515 ubique
414 464 657 509 observemus,
670 471 709 499 ut
727 461 826 512 prius
840 459 1007 510 operibus
1019 457 1221 504 doceamus,

271 535 303 563 et
322 534 442 577 postea
468 523 759 562 sermonibus:ut
783 534 826 557 ne
847 528 880 556 et
903 532 966 556 nos
994 517 1183 555 audiamus
1201 531 1222 554 a

250 586 374 625 ·beato
402 585 513 623 Paulo
533 600 540 620 :
562 585 594 620 Τ
593 597 617 620 ιι
645 584 713 634 qui
743 581 854 618 doces
886 579 1022 624 alium,
1060 580 1223 629 teipsum

272 662 351 686 non
370 648 482 684 doces
497 649 513 682 Ρ
532 644 579 682 Et
600 657 680 681 cum
700 643 865 681 volumus
883 640 1074 678 admonere
1093 639 1220 689 alium,

269 717 309 746 ut
334 706 471 757 aliquid
499 719 545 743 ex
572 703 617 742 iis
636 717 714 754 quae
742 701 935 741 necessaria
963 709 1045 739 sunt
1075 699 1220 748 efficiat,

269 769 370 822 prius
401 766 608 806 studeamus
633 774 667 803 et
689 778 750 802 nos
779 764 847 801 hoc
866 763 985 816 ipsum
1013 775 1129 813 agere,
1152 774 1222 812 quo

269 829 372 868 nobis
388 838 422 867 et
448 828 563 879 major
581 826 627 865 sit
652 825 821 876 loquendi
839 838 879 861 ac
898 822 1048 861 docendi
1071 822 1219 871 fiducia,

270 901 304 929 et
321 890 437 929 omnis
459 897 576 927 nostra
596 902 680 925 cura
701 886 746 924 sit
764 885 809 924 de
825 885 1025 923 animarum
1044 883 1172 932 salute,
1190 891 1223 920 et

269 951 447 1003 quomodo
473 949 670 1002 poterimus
702 946 866 985 lascivias
893 945 1008 984 carnis
1029 944 1222 992 refrenare,

269 1021 444 1052 utverum
457 1010 690 1048 exhibeamus
699 1007 875 1060 jejunium
889 1021 898 1053 ;
910 1005 1089 1057 jejunium
1104 1013 1223 1041 autem

269 1073 367 1121 dieo,
387 1070 637 1110 abstinentiam
666 1083 686 1106 a
713 1067 825 1106 vitiis.
849 1065 992 1104 Etenim
1010 1064 1223 1102 abstinentia

271 1149 290 1172 a
311 1134 400 1172 cibis
416 1141 560 1185 propter
575 1131 641 1168 hoc
660 1137 797 1181 recepta
817 1136 882 1175 est,
907 1136 947 1164 ut
964 1127 1126 1177 vigorem
1147 1140 1224 1163 car-

270 1195 325 1233 nis
354 1194 517 1241 refrenet,
544 1201 578 1229 et
607 1203 739 1242 equum
767 1188 920 1226 docilem
952 1185 1090 1225 reddat.
1123 1187 1223 1238 Jeju-

269 1265 410 1294 nantem
437 1263 518 1292 ante
539 1253 657 1292 omnia
686 1259 823 1303 oportet
844 1249 934 1287 iram
949 1249 1101 1297 frenare,
1118 1262 1222 1286 man-

269 1315 493 1355 suetudinem
513 1324 547 1353 et
574 1312 755 1351 lenitatem
776 1309 974 1359 addiscere,
1007 1323 1068 1347 cor
1095 1309 1226 1348 hahere

270 1377 480 1425 contritum,
510 1373 681 1413 absurdas
713 1371 1013 1424 concupiscentias
1040 1371 1221 1422 repellere,

270 1448 350 1477 ante
365 1439 486 1476 oculos
504 1436 672 1475 continuo
688 1434 819 1472 habere
833 1433 978 1471 oculum
997 1432 1102 1470 illum
1120 1446 1225 1471 num-

269 1514 379 1551 quam
412 1498 678 1546 dormitantem,
713 1493 746 1534 et
776 1494 935 1532 tribunal
974 1493 1066 1531 illud
1111 1493 1226 1531 incor-

270 1571 438 1614 ruptum;
460 1559 621 1613 pecuniis
657 1556 878 1609 superiorem
904 1569 978 1593 esse
992 1585 1001 1603 ,
1022 1555 1224 1592 liberalem-

271 1637 339 1674 que
357 1621 553 1660 admodum
574 1619 611 1657 in
633 1617 750 1656 danda
774 1616 1012 1668 eleemosyna,
1032 1615 1228 1666 nequitiam

270 1698 410 1722 omnem
426 1682 598 1721 adversus
615 1679 824 1733 proximum
837 1692 883 1715 ex
897 1677 1016 1715 animo
1032 1676 1228 1715 eliminare.

271 1745 349 1784 Hoc
368 1759 496 1783 verum
510 1743 689 1796 jejunium
709 1749 772 1789 est,
790 1739 881 1778 sicut
899 1748 932 1776 et
948 1739 1058 1776 Isaias
1078 1751 1121 1775 ex
1143 1752 1229 1790 per-

274 1820 358 1845 sona
392 1805 460 1844 Dei
493 1805 654 1855 loquens,
686 1801 797 1840 dicit:
814 1802 905 1839 Non
936 1800 1007 1837 hoe
1033 1801 1231 1851 jejunium

273 1868 382 1919 elegi,
418 1868 514 1904 dicit
546 1867 753 1903 Dominus.
791 1863 882 1900 Non
913 1863 946 1899 si
981 1869 1161 1913 torqueas
1190 1869 1233 1899 ut

275 1928 463 1967 circulum
475 1929 661 1965 cervicem
675 1934 794 1973 tuam,
805 1932 841 1960 et
851 1936 1006 1961 saccum
1017 1931 1053 1960 et
1065 1925 1232 1960 cinerem

277 1993 516 2035 substernas,
539 2002 660 2040 neque
680 1989 734 2025 sic
753 1987 947 2023 vocabitis
956 1986 1150 2037 jejunium
1164 1998 1231 2021 ae-

74 2060 119 2087 lb.
142 2070 168 2087 v.
187 2058 262 2089 6.-
275 2060 440 2103 ceptum,
459 2051 552 2087 dicit
565 2050 771 2087 Dominus.
788 2044 870 2093 Sed,
887 2045 992 2095 quale
1004 2043 1090 2082 die?
1103 2044 1229 2091 Solve,

74 2099 104 2128 8.

85 3041 173 3071 I'sni.
185 3047 268 3067 ’do-

275 2113 665 2164 inqui‘t,ol›ligati0nes
674 2109 934 2146 violentorum
947 2115 1228 2152 contractuum,

261 2176 413 2227 frange
427 2174 610 2211 esurienti
622 2183 764 2222 panem
778 2179 900 2213 tuum,
924 2182 1128 2219 pauperem
1147 2170 1233 2206 abs-

274 2249 349 2287 que
365 2243 464 2273 tecto
480 2234 597 2271 induc
615 2235 655 2269 in
669 2232 825 2268 domum
844 2237 964 2266 tuam.
984 2227 1032 2264 Et
1046 2228 1075 2264 si
1090 2227 1167 2265 haec
1183 2228 1232 2266 fc-

275 2297 378 2341 ceris,
395 2294 524 2347 iuquit,
546 2295 652 2331 Tunc
669 2298 838 2342 erumpet
852 2291 1050 2326 matutina
1066 2289 1134 2326 lux
1147 2291 1235 2336 tua,'

276 2367 312 2396 et
329 2360 517 2395 sanitates
537 2364 611 2392 tuoe
625 2356 758 2391 statim
779 2354 964 2389 orientur.

331 2420 369 2457 6.
389 2416 535 2460 Vidisti,
551 2415 691 2457 dilecte,
709 2413 814 2463 quale
827 2412 871 2449 sit
886 2410 1230 2463 verumjejunium?

278 2482 355 2519 lloc
371 2490 611 2523 exerceamus,
624 2484 657 2513 et
673 2488 741 2512 non
757 2482 797 2510 ut
812 2473 973 2525 plerique
989 2472 1234 2510 existimemus

278 2539 421 2580 definiri
441 2539 477 2576 in
494 2539 561 2575 hoc
577 2535 772 2589 jejunium,
803 2533 831 2571 si
851 2533 896 2571 ad
914 2547 1096 2585 vesperam
1124 2547 1236 2584 usque

280 2601 451 2656 impransi
474 2612 692 2637 maneamus.
712 2597 790 2634 Non
810 2595 878 2633 hoc
903 2604 954 2632 est
980 2594 1078 2645 quod
1106 2595 1235 2645 quaeri-

281 2675 352 2713 tur,
369 2663 429 2701 sed
444 2671 482 2699 ut
503 2675 586 2699 cum
603 2660 765 2697 ciborum
786 2656 996 2695 abstinentia
1017 2665 1050 2694 et
1065 2670 1084 2693 a
1101 2656 1235 2694 caeteris

283 2725 500 2763 abstineatur
517 2735 595 2773 quae
614 2734 738 2758 nocere
756 2727 923 2771 possunt,
939 2726 973 2755 et
993 2717 1235 2769 spiritualium

283 2800 432 2838 operum
451 2796 618 2833 magnam
639 2795 761 2818 curam
780 2779 987 2817 habeamus.
1011 2779 1235 2830 Jejunantem

284 2860 357 2885 esse
377 2854 514 2897 oportet
540 2842 749 2890 demissum,
770 2840 941 2891 quietum,
963 2839 1099 2886 mitem,
1116 2838 1235 2876 humi-

284 2909 371 2954 lem,
390 2905 510 2955 gloria:
529 2905 638 2955 liujus
654 2903 733 2940 vitae
752 2909 1016 2939 contemtorem.
1037 2900 1129 2937 Nam
1146 2899 1236 2937 sicut

284 2969 410 3006 anima:
425 2980 495 3004 suae
510 2979 630 3003 curam
641 2962 815 3015 despexit,
827 2962 874 2999 ita
889 2970 922 2998 et
932 2961 1071 2998 inanem
1086 2960 1235 3011 gloriam

284 3029 466 3082 despicere
482 3035 632 3079 oportet,
650 3034 682 3062 et
700 3023 745 3061 ad
765 3024 868 3060 illum
887 3022 1003 3060 solum
1019 3020 1081 3072 qui
1102 3031 1237 3059 scruta-

286 3102 345 3130 tur
365 3089 470 3129 corda
493 3098 526 3125 et
547 3102 658 3134 rencs,
680 3085 866 3138 respicere,
895 3097 1092 3136 magnoque
1118 3082 1238 3121 studio

330 3228 343 3242 c
360 3213 464 3249 Savil.
491 3220 524 3244 et
548 3211 675 3253 aliquot
696 3211 771 3243 Mss.
798 3215 850 3247 τὴν
877 3213 988 3247 ἀληθῆ.
1016 3207 1107 3240 Insra
1133 3205 1233 3239 Savil.
1260 3213 1293 3238 et

288 3268 383 3301 multi
399 3267 476 3298 Mss.
495 3269 543 3297 καὶ
566 3267 674 3301 εὐήνιον
691 3267 761 3304 ἡμῖν
777 3267 826 3295 τὸν
843 3265 941 3295 ἵππον.
962 3259 1099 3293 Coislin.
1120 3264 1167 3292 καὶ
1184 3263 1292 3297 εὐήνιον

782 193 961 224 JOANNIS
995 193 1079 223 CHR
1087 192 1237 223 YSOST.

1278 190 1463 222 ARCHIEP
1471 211 1481 220 .
1519 191 1601 221 CON
1608 190 1853 222 STANTINOP
1861 212 1870 222 .

1295 273 1526 321 διδασκαλία,
1550 276 1650 326 ἀρκεῖ
1670 274 1714 312 τὰ
1740 274 1826 327 ἔργα
1849 276 1963 327 φωνῆς
1993 273 2235 326 λαμπρότερον
2264 273 2317 310 δι-

1294 333 1394 377 δάξαι
1417 332 1496 376 τοὺς
1523 335 1570 376 εἷς
1599 338 1692 384 *ἡμᾶς
1720 338 1883 389 ὁρῶντας.
1914 337 2028 374 Τοῦτο
2055 329 2112 373 οὖν
2137 337 2318 386 πανταχοῦ

1294 397 1479 444 σκοπῶμεν
1508 393 1674 447 πρότερον
1703 402 1774 439 τοῖς
1800 396 1912 449 ἔργοις
1937 396 2125 443 διδάσκειν,
2151 394 2210 432 καὶ
2240 394 2319 432 τότε

1293 459 1365 498 τοῖς
1386 454 1520 506 λόγοις,
1538 454 1594 492 ἵνα
1623 455 1671 506 μὴ
1693 457 1752 494 καὶ
1779 459 1881 508 ἡμεῖς
1910 456 2112 507 ἀκούσωμεν
2136 454 2233 507 παρὰ
2260 458 2320 493 τοῦ

1295 514 1450 561 Παύλου,
1468 514 1512 553 Ὁ
1534 515 1704 554 διδάσκων
1734 516 1869 570 ἕτερον,
1888 518 2031 556 σεαυτὸν
2061 519 2099 555 οὐ
2128 516 2319 562 διδάσκεις;

1295 576 1364 614 Καὶ
1395 575 1477 614 ὅταν
1506 575 1711 627 βουλώμεθά
1736 593 1805 615 τινι
1827 579 2056 631 παραινέσαι,
2075 577 2166 616 ὥστε
2191 591 2321 628 κατορ-

1295 637 1405 676 θῶσαί
1429 654 1462 675 τι
1486 640 1554 675 τῶν
1579 637 1791 688 ἀναγκαίων,
1812 638 1980 690 πρότερον
2003 637 2100 676 αὐτοὶ
2117 637 2321 681 σπουδάζω-

1296 714 1358 748 μεν
1371 702 1472 737 τοῦτο
1486 703 1687 751 κατορθοῦν,
1698 698 1755 736 ἵνα
1773 698 1862 749 μετὰ
1878 699 2034 741 πλείονος
2047 701 2110 744 τῆς
2123 697 2322 750 παρῥησίας

1293 759 1358 806 τὴν
1383 760 1610 798 διδασκαλίαν
1639 759 1838 811 ποιώμεθα,
1857 759 1918 798 καὶ
1936 766 2034 798 πᾶσα
2049 762 2150 809 ἡμῶν
2169 762 2192 805 ἡ
2213 773 2321 810 φρον-

1294 819 1346 862 τὶς
1370 819 1459 858 ἔστω
1479 820 1560 874 περὶ
1588 824 1650 867 τῆς
1677 820 1768 859 κατὰ
1787 819 1903 873 ψυχὴν
1931 819 2117 872 σωτηρίας,
2144 819 2204 857 καὶ
2228 818 2322 862 ὅπως

1295 881 1522 931 δυνηθείημεν
1538 881 1582 918 τὰ
1597 882 1821 932 σκιρτήματα
1840 884 1902 927 τῆς
1918 882 2045 933 σαρκὸς
2063 880 2322 933 χαλινώσαντες

1294 941 1358 989 τὴν
1377 948 1391 963 ⁰
1407 942 1573 994 ἀληθινὴν
1598 942 1759 989 νηστείαν
1792 941 2048 988 ἐπιδείξασθαι,
2069 941 2161 992 λέγω
2189 940 2231 988 δὴ
2257 940 2322 987 τὴν

1295 1006 1364 1040 τῶν
1388 1006 1506 1040 κακῶν
1533 1003 1689 1054 ἀποχῆν·
1714 1007 1814 1042 τοῦτο
1843 1003 1910 1055 γὰρ
1933 1002 2089 1049 νηστεία.
2113 1001 2183 1040 Καὶ
2213 1001 2282 1053 γὰρ
2299 1004 2322 1048 ἡ

1296 1065 1365 1100 τῶν
1397 1064 1593 1115 βρωμάτων
1621 1064 1738 1116 ἀποχὴ
1769 1064 1826 1102 διὰ
1857 1067 1957 1102 τοῦτο
1988 1064 2247 1116 παρείληπται,
2267 1062 2324 1101 ἵνα

1296 1124 1354 1162 τὸν
1380 1124 1476 1162 τόνον
1504 1127 1567 1170 τῆς
1599 1126 1726 1178 σαρκὸς
1748 1125 1949 1178 χαλινώσῃ,
1978 1127 2038 1164 καὶ
2074 1126 2205 1173 εὐήνιον
2238 1129 2322 1175 ἡμῖν

1296 1184 1354 1223 τὸν
1382 1184 1489 1243 ἵππον
1512 1186 1718 1237 ἐργάσηται.
1739 1186 1810 1224 Τὸν
1828 1186 2037 1234 νηστεύοντα
2055 1188 2209 1237 μάλιστα
2229 1186 2323 1225 πάν-

1296 1263 1364 1285 των
1388 1246 1559 1300 προσήκει
1582 1246 1640 1285 τὸν
1661 1247 1766 1297 θυμὸν
1790 1249 1966 1300 χαλινοῦν,
1979 1248 2162 1301 πραότητα
2190 1263 2324 1286 πεπαι-

1298 1308 1436 1346 δεῦσθαι
1471 1308 1531 1346 καὶ
1567 1309 1775 1356 ἐπιείκειαν,
1803 1309 2102 1361 συντετριμμένην
2133 1309 2226 1361 ἔχειν
2261 1309 2326 1356 τὴν

1296 1369 1460 1420 καρδίαν,
1485 1373 1553 1408 τῶν
1593 1371 1786 1420 ἐπιθυμιῶν
1816 1371 1886 1407 τῶν
1912 1370 2050 1408 ἀτόπων
2080 1369 2238 1421 ἐξορίζειν
2263 1368 2327 1413 τὰς

1296 1430 1519 1481 ἐνθυμήσεις,
1539 1430 1607 1482 πρὸ
1629 1431 1817 1482 ὀφθαλμῶν
1846 1430 2073 1481 λαμέάνοντα
2089 1431 2146 1469 τὸν
2171 1431 2326 1482 ἀκοίμη-

1296 1508 1354 1530 τον
1375 1493 1503 1530 ἐκεῖνον
1523 1491 1713 1544 ὀφθαλμὸν,
1733 1492 1792 1529 καὶ
1808 1492 1846 1530 τὸ
1860 1492 2037 1544 κριτήριον
2057 1492 2097 1530 τὸ
2113 1491 2302 1530 ἀδέκαστον
2317 1507 2326 1516 ·

1297 1554 1491 1606 χρημάτων
1513 1553 1694 1604 κρείττονα
1717 1553 1884 1604 γίνεσθαι,
1897 1553 1978 1605 περὶ
2000 1552 2063 1600 τὴν
2089 1553 2325 1604 ἐλεημοσύνην

1298 1614 1431 1661 πολλὴν
1452 1613 1516 1660 τὴν
1545 1615 1727 1666 δαψίλειαν
1760 1614 2037 1662 ἐπιδείκνυσθαι,
2058 1620 2174 1653 πᾶσαν
2200 1613 2326 1653 κακίαν

1299 1675 1362 1723 τὴν
1380 1675 1461 1730 περὶ
1473 1679 1542 1714 τῶν
1561 1675 1712 1722 πλησίον
1729 1677 1768 1713 ἐκ
1783 1678 1846 1722 ’.ἧς
1861 1676 1976 1727 ψυχῆς
1991 1674 2211 1714 ἀπελαύνειν.
2226 1674 2326 1722 Αὕτη

1302 1737 1434 1784 ἀληθὴς
1463 1741 1484 1784 ἡ
1515 1737 1678 1785 νηστεία,
1697 1736 1856 1787 καθάπερ
1877 1736 1937 1774 καὶ
1966 1736 2116 1780 Ἡσαΐας
2149 1736 2254 1789 φησὶν
2288 1739 2328 1775 ἐκ

1303 1798 1490 1851 προσώπου
1506 1803 1566 1836 τοῦ
1585 1800 1678 1837 Θεοῦ
1699 1797 1930 1851 φθεγγόμενος
1941 1813 1948 1821 ·
1966 1799 2019 1836 Οὔ
2034 1797 2163 1846 ταύτην
2179 1797 2242 1846 τὴν
2262 1814 2326 1844 νη-

1303 1859 1421 1898 στείαν
1442 1858 1664 1909 ἐξελεξάμην,
1685 1859 1779 1911 λέγει
1805 1857 1950 1912 Κύριος,
1969 1857 2041 1897 οὐδ’
2057 1858 2096 1896 ἂν
2112 1859 2257 1911 κάμψῃς
2281 1862 2328 1904 ὡς

1303 1921 1418 1959 κλοιὸν
1436 1921 1493 1959 τὸν
1510 1919 1687 1972 τράχηλόν
1703 1935 1774 1965 σου,
1791 1919 1851 1957 καὶ
1872 1920 2000 1958 σάκκον
2016 1919 2077 1958 καὶ
2092 1920 2218 1958 σποδὸν
2237 1923 2326 1959 ὑπο-

1303 1980 1466 2033 στρώση,
1486 1981 1555 2019 οὐδ’
1577 1981 1667 2018 οὕτω
1696 1980 1863 2019 καλέσετε
1891 1980 2053 2028 νηστείαν
2081 1980 2218 2029 δεκτὴν,
2236 1980 2329 2032 λέγει

1304 2042 1442 2096 Κύριος.
1463 2041 1567 2080 Ἀλλὰ
1593 2042 1715 2089 ποίαν,
1738 2041 1832 2088 εἶπέ,
1852 2041 1945 2086 Λύε,
1966 2042 2073 2093 φησὶ,
2093 2041 2330 2094 στραγγαλιὰς

1306 2103 1428 2154 βιαίων
1458 2103 1774 2154 συναλλαγμάτων,
1793 2102 1982 2154 διάθρυπτε
2005 2105 2170 2140 πεινῶντι
2183 2103 2240 2141 τὸν
2262 2103 2329 2156 ἄρ-

1302 2181 1360 2203 τον
1390 2172 1462 2211 σου,
1482 2164 1622 2216 πτωχὸν
1647 2165 1792 2214 ἄστεγον
1818 2163 1981 2214 εἰσάγαγε
2001 2166 2048 2207 εἷς
2067 2163 2125 2201 τὸν
2145 2157 2238 2202 οἶκόν
2255 2180 2328 2203 σου.

1306 2226 1376 2265 Καὶ
1399 2226 1455 2264 ἐὰν
1480 2231 1590 2264 ταῦτα
1611 2224 1766 2278 πράξῃς,
1786 2225 1882 2276 φησὶ,
1895 2224 1987 2262 Τότε
2008 2225 2197 2278 ῥαγήσεται
2213 2225 2330 2278 πρώϊ-

1305 2304 1369 2340 μον
1384 2289 1423 2327 τὸ
1441 2291 1512 2341 φῶς
1528 2287 1671 2336 σου,καὶ
1683 2286 1753 2325 ὃτιὶι
1773 2286 1907 2337 ἰάματά
1923 2300 1983 2325 σου
1999 2286 2090 2339 ταχὺ
2106 2289 2277 2326 ἀνατελεῖ.

1359 2404 1476 2456 Εἶδες,
1498 2408 1675 2461 ἀγατιητὲ,
1691 2409 1775 2448 ποία
1789 2409 1880 2448 ἐστὶν
1899 2409 2030 2456 ἀληθὴς
2048 2409 2213 2456 νηστεία;
2237 2409 2332 2448 Ταύ-

1304 2488 1368 2519 την
1398 2471 1630 2522 ἀσκήσωμεν,
1649 2470 1708 2509 καὶ
1738 2470 1786 2520 μὴ
1814 2471 1933 2513 ἁπλῶς
1960 2470 2052 2508 κατὰ
2073 2469 2153 2514 τοὺς
2185 2469 2333 2516 πολλοὺς

1305 2532 1499 2584 νομίζωμεν
1521 2535 1554 2570 ἐν
1576 2531 1688 2584 τούτῳ
1712 2531 1756 2569 τὰ
1778 2533 1840 2576 τῆς
1862 2531 2023 2578 νηστείας
2042 2534 2126 2582 ἡμῖν
2146 2531 2332 2586 ι’περιορί-

1306 2596 1441 2640 ζεσθαι,
1462 2594 1520 2632 ἐὰν
1548 2593 1652 2645 μέχρι
1679 2595 1740 2639 τῆς
1769 2591 1918 2646 ἑσπέρας
1944 2592 2056 2630 ἄσιτοι
2086 2593 2331 2644 διαμείνωμεν.

1307 2656 1360 2693 Οὐ
1382 2654 1482 2692 τοῦτο’
1505 2657 1577 2692 ἐστι
1606 2654 1645 2692 τὸ
1663 2653 1883 2704 ζητούμενον,
1906 2655 1982 2691 ἀλλ’
2003 2653 2059 2690 ἵνα
2080 2653 2168 2704 μετὰ
2184 2656 2245 2699 τῆς
2264 2656 2333 2692 τῶν

1310 2715 1504 2769 βρωμάτιον
1530 2717 1667 2766 ἀποχῆς
1695 2714 1754 2752 καὶ
1774 2714 1837 2762 τὴν
1854 2714 1992 2766 ἀπο-χὴν
2015 2716 2083 2752 τῶν
2106 2714 2332 2766 βλαπτόντων

1309 2776 1559 2826 ἐπιδειξώμεθα
1572 2805 1581 2822 ,
1598 2776 1658 2814 καὶ
1685 2776 1766 2830 περὶ
1789 2775 1852 2823 τὴν
1874 2779 1943 2814 τῶν
1963 2779 2208 2826 πνευματικῶν
2227 2777 2335 2827 ἔργα·

1309 2838 1385 2877 σίαν
1413 2837 1546 2883 πολλὴν
1572 2837 1724 2884 σπουδὴν
1749 2837 1991 2888 ποιησώμεθα.
2016 2837 2087 2875 Τὸν
2125 2837 2335 2884 νηστεύοντα

1309 2898 1588 2948 κατεσταλμένον
1610 2893 1697 2936 εἶναι
1719 2898 1802 2951 χρὴ,
1822 2898 1981 2950 ἡσύχιον,
1997 2896 2141 2950 ἥμερον,
2157 2898 2335 2944 ταπεινὸν,

1308 2963 1533 3012 ὑπερορῶντα
1550 2962 1612 3005 ’.ἧς
1630 2959 1728 3006 δόξης
1743 2965 1802 2998 τοῦ
1816 2958 1985 3011 παρόντος
2006 2958 2092 3010 βίου.
2108 2957 2249 3010 ιὨσπερ
2269 2958 2336 3013 γὰρ

1308 3024 1370 3066 ’.ἧς
1395 3023 1510 3073 ψυχῆς
1539 3023 1735 3074 ὑπερεῖδεν,
1755 3020 1845 3059 οὕτω
1869 3020 2039 3072 προσήκει
2063 3020 2122 3058 καὶ
2146 3023 2209 3066 τῆς
2235 3023 2336 3066 κενῆς

1309 3082 1407 3129 δόξης
1420 3085 1612 3135 ὑπεριδεῖν,
1625 3083 1685 3121 καὶ
1701 3083 1787 3135 πρὸς
1804 3084 1931 3120 ἐκεῖνον
1949 3082 2051 3133 μόνον
2070 3084 2153 3134 ὁρᾷν
2174 3081 2231 3120 τὸν
2251 3080 2335 3118 ἐτά-

1370 3216 1383 3230 fl
1412 3205 1536 3237 joislin.
1554 3212 1592 3240 τὸ,
1616 3212 1722 3248 ἱμάτιά,
1741 3221 1800 3246 σον,
1819 3216 2003 3247 perperam.

1373 3259 1387 3281 ¹·
1403 3256 1504 3289 smil.
1522 3266 1553 3289 et
1582 3257 1710 3301 aliquot
1729 3257 1805 3289 Mss.
1832 3262 2033 3303 περιωρίσθω.
2062 3256 2176 3291 Morcl.
2202 3265 2334 3303 περιορί-

291 3330 358 3363 'nst-1⁹
372 3326 421 3353 τὸν
439 3321 559 3362 δρόμον.
575 3313 689 3346 Mon-l.
710 3319 757 3346 καὶ
776 3318 883 3346 εννῐνιον
900 3318 983 3354 ἡμῶν
1006 3319 1055 3347 τὸν
1078 3316 1174 3347 ἵππον.
1192 3309 1293 3343 Paulo
1329 3315 1439 3350 3⁵:02(-

292 3379 366 3416 post
382 3371 461 3411 Rvg.
483 3378 564 3400 unus
582 3374 741 3410 πραότητα
757 3367 953 3398 παιδεύεσθαι,
