2516 3791
630 209 670 238 ix
711 209 1147 239 cw.xv1.cssaes
1189 208 1343 238 nonu„
1384 209 1576 240 xxxviii.
2037 202 2121 257 45¹

87 288 188 335 ὃίσκη
217 304 278 327 σου
305 291 339 327 ἐν
356 295 430 332 ταῖς
458 290 560 341 χερσί
588 306 671 329 σου·
694 308 769 345 χρω
794 293 880 343 αὐτη
894 322 904 341 ,
924 295 970 336 ὡς
991 293 1032 330 ἄν
1061 307 1115 330 σοι
1184 293 1219 329 6.
1240 293 1342 329 Ecce
1353 292 1504 330 ancilla
1518 300 1584 330 tua
1598 295 1639 330 in
1656 296 1832 333 manibus
1854 301 1927 334 tuis
1939 314 1950 339 ,·
1970 308 2074 336 utere
2088 315 2134 337 ea

86 349 232 402 ἀρεστὸν
249 353 284 401 ᾐ.
309 350 458 402 Μεγάλη
475 354 535 389 τοῦ
566 351 699 390 δικαίου
728 356 749 398 ἡ
781 354 984 405 φιλοσοφία,
999 352 1113 398 πολλὴ
1185 360 1225 388 ut
1246 353 1316 388 tibi
1336 351 1635 405 libitumficerit.
1654 354 1887 407 lngensjttsto
1903 357 2047 395 virtutis
2062 368 2136 396 stu-

84 414 146 456 τῆς
182 410 423 461 μακροθυμίας
456 415 477 458 ἡ
507 412 696 463 ὑπερὸολή.
734 415 788 450 Οὐ
820 413 922 463 μόνον
953 413 1021 465 γὰρ
1053 415 1115 451 οὐκ
1136 423 1159 452 Ε
1185 410 1300 459 dium,
1323 411 1412 449 mira
1441 412 1634 451 tolerantiae
1662 415 1882 454 excellentia.
1916 418 1995 455 Non
2020 419 2136 457 solum

85 469 293 522 ἐδυσχέρανε
312 472 398 522 πρὸς
418 471 463 510 τὰ
482 471 578 526 παρὰ
597 476 660 519 τῆς
682 473 799 525 Σάρας
818 474 1005 525 εἰρημένα,
1024 473 1113 511 ἀλλὰ
1185 471 1280 509 cuim
1303 485 1370 509 non
1391 486 1484 524 argi-c
1504 474 1584 511 tulit
1600 488 1637 512 ea
1657 489 1734 526 qua:
1751 476 1837 515 Sara
1856 477 2008 526 dixeiat,
2025 479 2086 516 scd
2105 489 2139 517 et

85 531 143 569 καὶ
164 530 253 582 μετὰ
268 534 400 579 πολλ’ῆς
413 535 476 579 τῆς
502 534 690 579 ἐπιεικείας
718 541 870 573 ποιεῖται
886 535 949 580 τὴν
968 534 1114 586 ἀπόκρι-
1185 530 1380 570 admodum
1401 544 1580 573 mansuete
1598 537 1779 589 respondit
1797 548 1830 576 et
1850 539 1989 591 inquit:
2007 541 2140 593 Suspi-

85 609 150 639 σιν,
167 593 227 632 καί
247 609 372 646 φησιν·
399 596 604 641 ὑποπτεύεις
627 613 670 648 με
695 596 804 635 αἴτιον
823 598 1030 648 γεγενῆσθαι
1044 598 1113 633 τῶν
1185 591 1276 629 cvnis
1302 606 1359 629 mc
1381 603 1562 632 auctorem
1583 610 1657 634 esse
1678 599 1986 649 contiumliarum,
2007 601 2140 652 quibus

86 657 132 697 εἰς
152 654 189 693 σὲ
209 655 358 707 ὕὸρεων,
373 656 432 694 καὶ
447 657 598 707 νομίζεις
612 673 653 708 με
669 658 812 704 ἥδεσθαι
842 662 913 699 τοῖς
929 654 1026 708 παρὰ
1051 657 1115 700 τ’ἧς
1186 651 1311 688 aflecta
1331 666 1381 701 es,
1404 661 1435 690 et
1462 664 1566 705 putas
1587 671 1642 694 mc
1667 658 1866 697 oblectari
1858 676 1893 698 ιιι
1915 661 1958 699 iis
1977 677 2054 713 qua:
2073 678 2137 700 au·

86 715 274 762 παιδίσκης
288 717 628 769 γινομένοις,ἐπειδὴ
646 718 738 761 ἅπαξ
755 716 962 764 ἐκοινώνησέ
978 731 1037 766 μοι
1053 718 1115 761 τ’ἧς
1188 711 1270 748 Ulla
1285 711 1474 750 adVCrSsstll
1490 723 1522 752 te
1535 730 1619 754 ausa
1635 719 1701 756 suit
1706 723 1850 769 ,quoni
1846 737 1899 760 nn
1918 724 2025 761 semel
2046 739 2140 761 com-

87 779 207 823 εὐνῆς,
229 778 380 829 μάνθανε
406 779 459 817 ὅτι
489 779 547 817 καὶ
568 779 756 830 πρότερον,
776 780 805 817 εἷ
820 777 868 829 μή
886 793 941 816 σοι
959 779 1116 815 ὑπακοῦ-
1189 771 1386 810 municavit
1405 774 1524 812 mihi
1515 789 1549 813 ιιι
1575 776 1666 815 lecto
1690 794 1696 814 :
1721 778 1818 817 disce
1839 796 1893 819 me
1918 792 1950 819 ct
1971 784 2140 834 primum,

87 854 144 876 ο-χι
161 840 368 889 βουλόμενος
395 844 495 877 τοῦτο
513 839 765 890 χατεδεξοίμην,
789 841 850 876 οὐχ
866 838 908 876 ἄν
931 853 1016 876 ποτε
1035 839 1116 883 ἠνε-
1189 831 1351 872 nisilioc
1344 847 1574 887 suscepissem
1584 847 1621 875 ut
1633 838 1697 876 tibi
1709 841 1940 890 gratificarer,
1948 857 2141 893 numquam

87 899 224 950 σχόμην
244 899 306 945 τὴν
326 899 516 946 παιδίσκην
531 902 578 942 εἷς
595 899 659 946 τὴν
681 899 781 945 εὐνὴν
796 901 940 950 ἀγαγεῖν
956 897 1018 945 τὴν
1032 898 1096 945 σήν
1110 914 1118 921 ·
1189 893 1433 933 admissuium
1460 896 1568 935 fuisse
1593 899 1759 937 ancillam
1787 901 1823 938 in
1852 901 1983 940 lectum
2011 912 2110 940 tuum
2133 921 2138 938 ;

87 959 146 996 καὶ
165 963 222 997 ν’ῠν
239 958 296 997 ἵνα
322 959 378 997 διὰ
405 963 475 998 τῶν
495 960 714 1011 πραγμάτων
733 961 1020 1012 πληροφορηθῇς,
1047 959 1118 997 ἰδοὺ
1128 992 1177 1016 39⁰
1191 965 1436 995 verumtamen
1455 967 1493 996 ut
1515 959 1641 1011 reipsa
1658 960 1787 999 certior
1806 962 1886 1011 fias,
1911 977 1989 1001 cccc
2009 964 2043 1001 in
2064 978 2141 1001 ma-

86 1020 153 1058 ὑπὸ
170 1020 232 1064 τὰς
248 1021 367 1073 χεῖράς
389 1020 450 1059 σού
465 1022 561 1060 ἐστι·
580 1022 666 1073 xpc>
685 1023 793 1072 αὐτῇ,
813 1023 860 1064 ὡς
889 1020 929 1058 ἄν
945 1035 999 1059 σοι
1032 1023 1117 1072 ἀρε-
1140 1030 1164 1058 Λ
1192 1016 1296 1054 nibus
1317 1018 1387 1056 tuis
1409 1027 1460 1056 est
1481 1035 1491 1068 5
1514 1028 1610 1058 utere
1629 1035 1668 1059 ea
1691 1030 1730 1058 ut
1753 1022 1819 1059 tibi
1841 1023 2026 1075 placuerit.
2049 1026 2145 1062 Num

88 1080 167 1120 στὸν
179 1075 214 1133 ᾗ.
225 1081 286 1128 Μὴ
298 1081 365 1134 γὰρ
380 1082 572 1133 ὑπετέμετό
583 1081 644 1121 σού
659 1098 710 1125 τις
725 1081 787 1127 τὴν
802 1080 978 1129 ἐξουσίαν;
992 1081 1040 1132 μὴ
1051 1080 1119 1134 γὰρ
1190 1077 1272 1128 quis
1286 1087 1493 1130 potestatem
1508 1089 1605 1118 tuam
1622 1081 1783 1120 minuit?
1798 1097 1884 1120 num
1899 1083 2096 1122 dominium
2111 1085 2146 1122 iu

87 1141 263 1195 ἀφῃρέοης
281 1145 387 1190 αὐτῆς
405 1143 469 1189 τὴν
490 1143 712 1191 δεσποτείαν;
730 1145 773 1181 Εἰ
787 1143 855 1195 γὰρ
871 1143 930 1181 καὶ
949 1142 1012 1190 τὴν
1034 1144 1120 1195 πρὸς
1190 1152 1267 1177 cam
1287 1154 1305 1176 a
1333 1149 1364 1177 te
1388 1140 1547 1179 ablatum
1571 1143 1653 1180 est?
1673 1144 1764 1181 Nam
1789 1144 1871 1182 licet
1896 1159 1977 1183 cum
2000 1160 2039 1183 ea
2066 1160 2148 1184 cou-

89 1202 196 1249 αὐτὴν
217 1203 400 1242 συνουσίαν
417 1204 672 1256 χατεδεξοίμην,
695 1205 772 1242 ἀλλ’
794 1203 885 1256 ἔχεις
920 1206 1025 1250 αὐτῆς
1056 1204 1119 1251 τὴν
1190 1213 1330 1251 gressus
1352 1201 1493 1251 fuerim,
1517 1203 1615 1243 salva
1644 1213 1760 1242 tamen
1781 1205 1902 1245 adhuc
1928 1216 1980 1245 est
2010 1207 2045 1245 in
2072 1222 2148 1245 cam

88 1263 263 1312 ἐξουσίαν,
279 1264 337 1302 καὶ
358 1265 425 1303 ὑπὸ
444 1263 506 1308 τὰς
537 1265 658 1318 χεῖράς
682 1265 742 1303 σού
769 1266 863 1302 ἐστι·
885 1264 1031 1312 κόλαζε,
1048 1280 1121 1302 σω-
1190 1269 1343 1313 potestas
1365 1272 1440 1315 tua,
1465 1264 1541 1317 ipsa
1568 1265 1635 1303 sub
1660 1266 1828 1305 manibus
1850 1268 1921 1306 tuis
1946 1278 2020 1317 est3
2045 1269 2149 1321 puni,

89 1325 246 1376 φρόνιζε,
271 1325 436 1375 ἐπιτίμα·
456 1326 474 1364 ὃ
494 1325 609 1376 βούλει
629 1326 688 1363 καὶ
707 1329 753 1369 ὡς
778 1325 921 1379 ἀρέσκει
940 1341 1015 1373 σοι,
1031 1324 1122 1363 οὕτω
1191 1322 1339 1374 castiga,
1367 1324 1539 1377 inctepa:
1568 1335 1606 1364 ut
1633 1327 1786 1366 volueris
1813 1337 1846 1366 et
1873 1329 1939 1366 tibi
1967 1330 2152 1384 placuerit

91 1386 306 1437 δικπροὶττου
323 1385 366 1422 τὰ
387 1388 434 1428 εἰς
452 1386 560 1432 αὐτήν
573 1402 580 1409 ·
597 1386 700 1438 μόνον
714 1386 762 1437 μὴ
781 1386 984 1439 δυσχέραινε
998 1387 1121 1437 ,μόνον
1189 1382 1240 1421 sie
1259 1383 1366 1422 facito
1386 1399 1468 1423 cum
1485 1400 1547 1424 ea·
1538 1396 1700 1436 ,tantum
1721 1402 1764 1426 ne
1779 1403 1999 1440 succenseas,
2016 1399 2154 1428 tautum

91 1446 141 1496 μὴ
162 1445 240 1497 ἐμοὶ
259 1445 429 1498 ἐπίγραφε
455 1445 499 1484 τὰ
526 1450 609 1499 παρ’
632 1449 738 1494 αὐτῆς
768 1451 951 1501 προπετῶς
981 1463 1123 1500 γεγενη-
1193 1456 1235 1481 ue
1258 1444 1349 1482 mihi
1374 1445 1542 1498 imputes,
1565 1462 1643 1499 quae
1668 1449 1730 1487 illa
1753 1451 1954 1502 petulanter
1978 1451 2061 1502 egit
2083 1452 2153 1489 Ne-

91 1506 190 1557 μένα,
211 1505 304 1546 Οὐδὲ
326 1506 393 1559 γὰρ
421 1508 491 1546 ἀπὸ
514 1509 645 1552 πάθους
672 1508 799 1547 οἰκείου
832 1508 1031 1560 κινούμενος
1062 1511 1124 1554 τῆς
1193 1519 1262 1555 que
1278 1505 1372 1543 enim
1392 1507 1481 1545 meis
1506 1508 1755 1548 affectionibus
1783 1511 1952 1549 incitatus
1971 1526 2047 1549 rem
2071 1526 2153 1550 cum

91 1567 176 1620 πρὸς
191 1567 300 1614 αὐτὴν
317 1568 520 1620 ἠνεσχόμην
538 1568 742 1616 συνουσίας,
763 1568 820 1607 ἵνα
837 1568 895 1607 καὶ
914 1572 1126 1622 προσπαθῶς
1195 1580 1233 1604 ea
1261 1566 1395 1618 habui,
1427 1578 1466 1607 ut
1493 1584 1576 1622 erga
1605 1585 1682 1609 eam
1707 1572 1758 1610 sic
1787 1573 1936 1621 afficiar,
1962 1583 2000 1610 ut
2032 1583 2153 1612 contra

91 1632 243 1668 ἐντεῦθεν
261 1628 462 1679 κινούμενος
477 1629 602 1681 ἄλογον
622 1631 710 1681 αὐτῇ
727 1630 942 1681 προστασίαν
959 1631 1020 1668 δῶ.
1034 1624 1127 1668 Οἶδα
1196 1628 1397 1678 aequitatem
1415 1629 1446 1667 ei
1466 1631 1678 1682 patrociner.
1698 1633 1782 1671 Scio
1798 1648 1906 1684 quem
1922 1634 1987 1672 tibi
2004 1634 2153 1672 debeam

90 1689 154 1736 τὴν
175 1691 402 1742 ὀφειλομένην
432 1706 486 1729 σοι
512 1691 641 1740 τιμήν·
661 1694 722 1729 οὐκ
750 1693 864 1742 ἀγνοῶ
887 1693 954 1729 τῶν
984 1693 1126 1729 οἰκετῶν
1197 1687 1366 1727 honorem
1382 1705 1393 1738 ;
1411 1704 1479 1728 non
1495 1691 1620 1742 ignoro
1636 1693 1851 1731 famulorum
1876 1694 2057 1745 ingratum
2077 1694 2152 1732 ani-

92 1749 156 1796 τὴν
176 1750 438 1802 ἀγνωμοσύνην.
469 1751 593 1795 Οὐδείς
614 1768 673 1802 μοι
694 1751 822 1799 ταύτης
843 1751 964 1804 λόγος,
985 1752 1128 1803 οὐδεμία
1149 1762 1172 1791 Β
1198 1763 1308 1788 mum.
1324 1751 1431 1789 Nulla
1449 1752 1538 1790 mihi
1558 1754 1633 1805 ejus
1649 1756 1701 1792 rei
1720 1768 1804 1793 cura
1822 1755 1881 1793 vel
1897 1755 1988 1794 ratio
2012 1772 2019 1792 :
2040 1770 2153 1794 unum

90 1811 248 1864 φροντίς·
267 1812 301 1849 ἓν
323 1812 398 1851 ἐστί
421 1828 481 1863 μοι
510 1812 612 1863 μόνον
641 1813 680 1851 τὸ
714 1812 1014 1863 σπουδαζόμενον,
1032 1814 1072 1851 τό
1091 1831 1129 1853 σε
1198 1820 1336 1849 tantum
1362 1821 1413 1851 est
1439 1813 1497 1851 cui
1517 1814 1656 1864 studeo,
1686 1824 1724 1853 ut
1751 1825 1788 1852 tu
1810 1830 1958 1855 moerore
1982 1831 2098 1855 careas
2121 1827 2152 1855 et

90 1873 239 1921 ἄλυπον,
259 1873 454 1926 ἀτάραχον,
467 1875 502 1911 ἐν
522 1875 609 1924 τιμῇ
638 1874 736 1926 ποίσῃ
764 1874 979 1913 καθεστάναι
999 1875 1128 1919 παντὸς
1198 1872 1412 1925 turbatione,
1431 1887 1471 1912 ac
1489 1875 1523 1912 in
1539 1875 1635 1913 omni
1655 1875 1702 1913 Sis
1717 1875 1859 1915 honore.

91 1934 371 1986 ἀπηλλαγμένην
391 1936 562 1988 λυπηροῦ.

144 1998 260 2034 Τοῦτο
281 1995 407 2043 ἀληθὲς
429 1996 665 2045 συνοικέσιον,
700 2000 801 2037 τοῦτο
834 1998 944 2050 ἀνὴρ,
971 1999 1053 2038 ὅταν
1075 2001 1124 2051 μὴ
1252 1999 1290 2038 5.
1315 1997 1392 2037 Hoc
1412 2007 1464 2037 est
1483 2013 1607 2037 verum
1635 2000 1921 2051 contubernium,
1941 2002 2008 2040 hoc
2031 2014 2149 2042 manti
2162 1999 2226 2067 υξῆ
2222 1998 2299 2066 :¹3⁰¹
2286 2009 2351 2036 ²¹¹⁰

91 2058 367 2110 ἀκριὸολογῆται
398 2058 483 2111 πρὸς
503 2057 547 2096 τὰ
574 2060 638 2104 τῆς
657 2060 818 2110 γυναικὸς
848 2061 990 2112 ῥήματα
1004 2091 1013 2109 ,
1035 2061 1127 2099 ἀλλὰ
1196 2060 1370 2110 officium,
1393 2060 1537 2111 quando
1557 2074 1626 2099 non
1651 2076 1779 2113 magna
1798 2062 1983 2114 diligentia
2005 2064 2049 2102 ad
2070 2080 2149 2104 mu-

92 2123 133 2170 τῇ
157 2118 317 2171 ἀσθενείᾳ
347 2122 410 2165 τῆς
439 2118 574 2171 φύσεως
597 2119 729 2166 πολλὴν
751 2120 866 2171 νέμων
885 2120 949 2168 τὴν
965 2121 1124 2174 συγγνὼ-
1195 2120 1293 2158 lieris
1304 2130 1437 2172 spectat
1450 2122 1574 2172 verba,
1591 2122 1651 2160 sed
1668 2122 1906 2161 imbecillitati
1918 2138 2024 2163 sexus
2038 2127 2150 2165 veniae

91 2196 160 2230 μην
183 2180 266 2231 μίαν
287 2185 439 2218 ποιεῖται
459 2180 629 2229 σπουδὴν,
646 2180 737 2219 ὥστε
757 2180 819 2227 τὴν
835 2181 950 2228 λύπην
965 2181 1121 2219 ἐκποδὼν
1197 2182 1361 2221 nonnihil
1379 2182 1552 2231 concedit,
1575 2182 1643 2221 hoc
1664 2197 1777 2221 unum
1797 2193 1969 2236 satagens,
1984 2195 2024 2224 ut
2041 2201 2059 2224 e
2079 2202 2150 2226 me-

90 2242 261 2288 ποιῆσαι,
276 2239 336 2278 καὶ
351 2239 395 2278 τὰ
415 2243 477 2286 τῆς
493 2239 633 2292 εἰρήνης
649 2240 709 2278 καὶ
722 2244 785 2288 τῆς
804 2241 964 2292 ὁμονοίας
979 2243 1121 2295 συσφίγ-
1195 2242 1256 2281 dio
1277 2243 1422 2281 tollatur
1435 2242 1590 2293 tristitia,
1604 2253 1637 2282 et
1651 2258 1725 2296 pax
1740 2253 1845 2295 atque
1864 2246 2052 2285 concordia
2067 2263 2148 2287 con-

89 2317 174 2353 γειν.
194 2300 428 2340 Ἀκουέτωσαν
449 2300 592 2353 ἄνδρες,
622 2301 682 2339 καὶ
715 2302 955 2353 μιμείσθωσαν
978 2307 1039 2342 τοῦ
1064 2306 1119 2342 ὃι-
1195 2305 1417 2357 stringantur
1444 2303 1586 2342 arctius.
1614 2304 1772 2343 Audiant
1800 2306 1883 2357 viri,
1910 2316 1944 2345 et
1965 2308 2150 2348 imitentur

90 2363 190 2402 καίου
210 2362 272 2409 τὴν
302 2362 490 2401 ἐπιείκειαν
503 2392 512 2410 ,
530 2362 590 2400 καὶ
608 2362 780 2410 τοσαύτην
800 2364 886 2401 αἰδῶ
923 2364 983 2402 καὶ
1013 2364 1119 2415 τιμὴν
1189 2359 1670 2418 justilenitatem‚ettantum
1681 2366 1850 2406 honorem
1862 2381 1903 2406 ac
1915 2371 2150 2409 reverentiam

90 2430 166 2467 ταῖς
195 2422 348 2474 γυναιξὶν
369 2423 658 2474 ἀπονεμέτωσαν,
693 2425 753 2462 καὶ
779 2429 793 2445 ³
808 2427 854 2468 ὡς
885 2425 1120 2479 ἀσθενεστέρῳ
1194 2426 1409 2465 mulieribus
1433 2426 1610 2477 tribuant,
1640 2436 1674 2464 et
1697 2437 1879 2478 tamquam
1897 2429 2069 2468 imbecilli
2089 2445 2148 2468 va-

90 2484 206 2524 σκεύει
232 2483 487 2536 φειδέσθωσαν,
518 2484 575 2522 ἵνα
601 2487 618 2521 ὁ
646 2488 709 2531 τῆς
738 2485 899 2535 ὁμονοίας
932 2486 1120 2538 σύνδεσμος
1142 2501 1166 2532 c
1192 2488 1291 2526 scuto
1316 2496 1477 2540 parcant,
1505 2496 1544 2524 ut
1569 2487 1766 2526 concordiae
1792 2489 1977 2527 vinculum
2006 2491 2146 2529 firmius

91 2545 317 2592 ἐπιτείνηται.
346 2546 461 2583 'lou-to
489 2544 558 2596 γαρ
586 2547 604 2582 ὁ
632 2545 765 2592 ἀληθὴς
791 2548 938 2590 πλοῦτος
953 2577 964 2595 ,
987 2547 1075 2595 αὕτη
1094 2553 1116 2596 ἡ
1193 2550 1372 2587 consistat.
1389 2548 1466 2586 Illae
1486 2547 1581 2585 enim
1600 2562 1691 2587 verae
1712 2559 1795 2587 sunt
1812 2549 1963 2599 divitiae,
1983 2551 2053 2589 illae
2073 2567 2145 2590 ma-

93 2607 240 2659 μεγίστη
259 2606 459 2684 περιουσία,
477 2606 560 2644 ὅταν
580 2606 669 2658 ἀνὴρ
689 2607 777 2657 μετὰ
794 2609 956 2660 γυναικὸς
985 2610 1035 2662 μὴ
1065 2611 1119 2648 δι·
1194 2611 1299 2649 ximae
1316 2617 1398 2648 sunt
1412 2608 1608 2655 facultates,
1621 2608 1650 2646 si
1662 2610 1720 2648 vir
1733 2624 1813 2648 cum
1827 2611 1975 2649 muliere
1989 2626 2056 2650 non
2070 2612 2144 2651 dis-

91 2673 195 2722 χονοῇ
207 2699 216 2716 ,
235 2668 316 2707 cim
304 2686 325 2706 α
345 2668 504 2721 καθάπερ
519 2670 621 2706 σώυια
638 2668 673 2706 ἓν
688 2668 796 2712 ούτως
812 2672 878 2708 ὠσι
892 2671 1117 2723 συνημμένοι·
1193 2671 1326 2719 cordet‚
1338 2669 1399 2709 sed
1412 2669 1590 2721 conjuncti
1604 2670 1672 2706 sint
1686 2679 1724 2707 ut
1736 2684 1863 2723 corpus
1879 2686 2001 2710 unum.
2013 2676 2142 2713 Erunt
2160 2676 2232 2702 00¹¹·
2251 2682 2277 2702 ²⁴
2297 2673 2343 2712 34-

89 2732 258 2770 Ἔσονται
278 2729 364 2783 γαρ,
380 2745 498 2781 ιρι-σιν,
521 2732 552 2767 οἱ
567 2729 625 2767 δύο
645 2731 692 2773 εἰς
708 2729 846 2783 σάρκα
840 2731 933 2770 μίαν.
950 2734 1121 2774 Οἱτοιοῦ-
1192 2733 1299 2780 enim,
1317 2730 1447 2782 inquit,
1469 2731 1545 2767 duo
1565 2733 1607 2767 in
1626 2744 1784 2768 carnem
1804 2745 1937 2770 unam.
1957 2734 2064 2772 Tales
2079 2736 2144 2774 etsi

91 2808 143 2830 τοι
156 2792 219 2829 κᾶν
232 2793 265 2829 ἐν
275 2790 377 2829 πενία
386 2792 465 2837 ὠσι,
477 2789 541 2826 κᾶν
553 2791 586 2827 ἐν
601 2790 767 2843 ευτελεια,
777 2807 916 2830 παντων
926 2792 965 2830 ἂν
975 2797 1041 2832 εἰεν
1055 2811 1120 2846 μα-
1193 2795 1228 2832 in
1250 2800 1458 2846 paupertate
1476 2791 1561 2840 sint,
1579 2791 1642 2828 etsi
1659 2791 1694 2828 iu
1715 2792 1867 2842 vilitate,
1886 2794 2047 2832 omnium
2063 2807 2145 2835 sunt

92 2851 344 2903 καριστότεροι,
357 2852 497 2896 ἀληθῆ
481 2849 606 2896 ηδονὴν
619 2851 869 2903 καρπούμενοι,
884 2854 942 2891 καὶ
959 2870 994 2892 εν
1007 2856 1120 2902 διηνε-
1192 2852 1401 2901 beatissimi,
1422 2866 1542 2891 veram
1569 2852 1772 2904 percipiunt
1793 2853 2026 2906 voluptatem,
2051 2866 2084 2895 et
2110 2858 2145 2895 in

92 2919 145 2952 κεῖ
160 2913 295 2965 γαλήνῃ
313 2913 528 2954 καθεστῶτες
539 2927 546 2934 ·
561 2914 608 2955 ὡς
624 2912 659 2950 οἵ
670 2930 709 2964 γε
721 2913 850 2962 ταύτης
868 2915 916 2966 μὴ
932 2916 1122 2956 ἀπολαύον-
1195 2915 1362 2954 continua
1381 2913 1516 2965 degunt
1534 2913 1791 2964 tranquillitate
1807 2928 1816 2952 :
1832 2915 1924 2953 sicut
1943 2926 2069 2955 contra
2084 2920 2144 2969 qui

92 2991 147 3018 τες
159 3005 168 3021 ,
190 2973 280 3012 ἀλλὰ
300 2972 502 3020 ζηλοτύπως
516 2972 749 3024 διακείμενοι,
765 2975 825 3013 καὶ
841 2976 881 3014 τὸ
899 2978 962 3022 τῆς
983 2978 1121 3031 εἰρήνης
1195 2978 1261 3015 hac
1281 2990 1351 3014 non
1365 2976 1548 3024 fruuntur,
1569 2973 1631 3012 sed
1648 2975 1825 3028 zelotypia
1840 2976 2015 3029 laborant,
2037 2990 2069 3018 et
2085 2981 2147 3018 bo-

93 3036 198 3074 καλον
213 3033 563 3087 διαφθείροντες,κᾶν
577 3036 697 3087 πολλῷ
708 3036 1122 3092 περιῤῥέωνταιπλούτῳ,
1197 3052 1281 3076 num
1300 3036 1398 3089 pacis
1416 3035 1597 3084 amittunt,
1614 3035 1751 3074 etiamsi
1770 3038 1908 3088 magnis
1923 3039 2070 3079 affluant
2090 3041 2146 3079 (li-

94 3096 157 3135 κᾶν
173 3097 374 3139 πολυτελεῖς
385 3095 493 3146 ἔχωσι
507 3094 569 3138 τὰς
583 3095 756 3146 τραπέζας
767 3096 849 3142 ,κᾶν
867 3098 902 3134 ἐν
918 3101 1123 3152 περιφανείᾳ
1197 3099 1309 3146 vitiis,
1322 3097 1457 3137 etiamsi
1471 3105 1671 3135 sumtuosas
1684 3098 1836 3138 habeant
1851 3114 2000 3150 mensas,
2011 3103 2146 3141 etiamsi

94 3157 248 3208 τύχωσιν
266 3156 381 3203 ὄντες,
402 3155 541 3193 πάντων
566 3155 790 3209 ἐλεεινότερον
811 3159 896 3202 ζῶσι
926 3158 999 3210 βίον
1012 3191 1022 3208 ,
1054 3161 1123 3199 κύ-
1150 3177 1173 3205 1)
1197 3161 1283 3200 clari
1299 3159 1483 3198 fuerintne
1499 3157 1648 3207 nobiles,
1663 3159 1854 3199 miserrimi
1871 3163 2030 3201 omnium
2046 3173 2147 3202 sunt:

98 3233 193 3268 ματα
213 3217 273 3255 καὶ
290 3217 449 3270 ταραχὰς
465 3220 542 3255 καθ’
565 3216 714 3264 ἑκάστην
735 3217 870 3271 ἡμέραν
891 3221 1024 3265 ἑαυτοῖς
1047 3225 1125 3261 ἐπι-
1200 3222 1323 3261 turbas
1337 3230 1370 3259 et
1383 3221 1512 3260 fluctus
1524 3220 1591 3258 sibi
1605 3221 1765 3270 quotidie
1778 3224 1996 3274 excogitant,
2008 3239 2080 3263 sese
2098 3227 2148 3264 in-

97 3284 251 3320 νοοῦντες
266 3307 275 3323 ,
292 3278 351 3315 καὶ
383 3277 555 3324 ἀλλήλους
590 3279 864 3332 ὑποπτεύοντες,
887 3281 1125 3334 καὶοῦδεμίαν
1202 3285 1315 3324 vicem
1335 3290 1514 3333 suspectos
1537 3280 1680 3327 habent,
1707 3283 1913 3335 nullamque
1934 3286 2150 3337 voluptatem

143 3393 155 3406 2
180 3383 233 3415 Sic
257 3381 358 3415 Saxil.
385 3389 417 3415 et
433 3383 577 3426 quinque
602 3384 681 3417 Mzs.
701 3385 741 3418 At
765 3384 879 3419 Moret.
899 3391 1107 3432 ἀσθενεστέρα)
1127 3389 1252 3426 νεύρῳ
