2516 3791
769 181 813 212 ΙΝ
851 181 952 211 CAP.
991 180 1101 211 XXV.
1140 179 1304 210 GENES.
1343 178 1506 209 nomn..
1548 179 1589 208 L.

151 269 299 322 ἑσπέρας
334 269 419 319 ἡμῖν
446 263 695 319 παραμένοντα
727 267 796 302 τῶν
831 264 996 309 διηνεκῶς
1026 264 1086 303 καὶ
1121 262 1174 303 ἀεὶ

148 328 422 382 παραμενόντων
436 328 681 378 προτιμῶμεν,
698 324 768 363 Καὶ
787 323 821 362 τί
837 327 899 371 τῆς
917 324 1035 368 ἀνοίας
1047 323 1176 372 ταύτης

149 397 264 444 χεῖρον
293 390 416 442 γένοιτ’
445 388 498 435 ἂν,
525 387 606 427 ὅταν
630 385 798 426 κάκείνων
819 385 1091 440 ἀποστερώμεθα
1119 385 1177 424 διὰ

150 451 212 499 τὴν
242 452 322 505 περὶ
348 455 458 490 ταῦτα
492 449 691 501 ἐπιθυμίαν,
725 448 785 487 καὶ
819 447 907 500 μηδὲ
936 448 1066 487 τούτων
1090 449 1176 486 ἀπο-

149 512 267 552 λαύειν
297 515 459 566 καθαρῶς
487 511 718 562 δεδυνήμεθα,
745 510 793 549 Τί
824 509 892 562 γὰρ
925 509 1065 562 ὄφελος,
1101 507 1177 546 εἶπέ

153 591 230 626 μοι,
249 577 311 621 τῆς
327 577 460 621 πολλῆς
475 572 675 627 περιουσίας
687 589 696 620 ;
709 569 759 610 *ll
776 573 837 610 οὐκ
857 570 930 608 ἴστε
951 569 1004 609 ὅτι
1020 573 1042 616 ἡ
1062 568 1175 614 πολλὴ

151 636 332 688 προσθήκη
353 639 421 674 τῶν
446 634 640 688 χρημάτων
665 631 760 672 οὐδὲν
786 631 902 683 ἕτερον
926 633 1010 681 ἡμῖν
1032 629 1177 683 ἐργάζε-

150 713 230 744 ται,
259 697 281 743 ἢ
312 697 502 750 φροντίδων
527 694 729 749 προσθήκην
758 692 818 731 καὶ
844 691 1088 742 περισπασμὸν
1118 690 1178 728 καὶ

153 758 367 812 ἀγρυπνίαν,
397 760 476 810 Οὐχ
506 760 609 808 ὁρᾶτε
639 755 691 794 ὅτι
719 748 812 793 οὗτοι
846 751 1001 804 μάλιστά
1031 753 1116 790 εἰσιν
1147 754 1179 791 οἱ

151 819 304 865 πάντων,
325 822 371 862 ὡς
388 821 508 865 εἰπεῖν,
529 818 662 864 δοῦλοι,
682 817 713 853 οἱ
733 813 776 852 τὰ
795 813 941 852 πλείονα
959 813 1177 864 περιὸεὲλη-

153 880 273 931 μένοι,
306 880 365 918 καὶ
392 882 468 918 καθ’
501 878 651 924 ἑκάστην
685 875 820 928 ἡμέραν
851 874 914 919 τὰς
942 873 1042 918 σκιὰς
1073 873 1179 918 αὐτὰς

151 941 360 988 δεδοικότες,
390 940 568 979 Ἐντεῦθεν
598 938 666 991 γὰρ
702 936 880 976 τίκτονται
910 939 945 974 αἱ
981 935 1180 983 ἐπιδουλαὶ,

152 1005 188 1042 αἱ
213 1002 400 1054 βασκανίαι
413 1033 422 1049 ,
437 1005 456 1040 6
475 1000 596 1054 φθόνος
607 1003 626 1038 6
640 998 746 1042 πολὺς
758 1029 767 1046 ,
782 998 826 1036 τὰ
845 997 952 1051 μυρία
967 997 1056 1035 ἄλλα
1074 997 1180 1036 κακοί.

152 1064 223 1103 Καὶ
250 1064 420 1108 πολλάκις
443 1063 482 1101 ἂν
503 1063 588 1106 ἴδοις
611 1061 670 1100 τὸν
694 1059 828 1114 ομόρια
855 1059 1012 1098 τάλαντα
1036 1058 1180 1111 χρυσίου

154 1125 280 1178 ἔχοντα
306 1126 520 1177 ἀποκείμενα
543 1123 779 1177 μακαρίζοντα
798 1122 856 1161 τὸν
874 1122 929 1160 ἐπ’
950 1121 1180 1175 ἐργαστηρίου

155 1187 327 1235 ἑστηκότα
340 1219 349 1234 ,
373 1188 433 1226 καὶ
457 1190 497 1226 ἐκ
513 1190 576 1233 τῆς
595 1189 663 1224 τῶν
682 1187 809 1238 χειρῶν
838 1183 1001 1236 ἐργασίας
1020 1183 1082 1230 τὴν
1104 1199 1182 1236 τρο-

155 1248 223 1301 φὴν
246 1248 483 1300 ποριζόμενον.
515 1246 609 1286 Ποία
636 1241 692 1285 οὖν
722 1243 851 1293 ἡδονὴ,
874 1244 896 1290 ἢ
917 1251 1014 1283 ποῖον
1043 1244 1182 1296 κέρδος,

155 1310 238 1349 ὅταν
267 1315 281 1330 ³¹
297 1310 386 1361 μήτε
414 1309 542 1348 τούτων
573 1306 819 1357 ἀπολαύωμεν,
846 1305 906 1344 καὶ
929 1305 986 1344 διὰ
1012 1304 1075 1353 τὴν
1104 1305 1184 1359 περὶ

155 1374 265 1408 ταῦτα
297 1370 482 1421 ἐπιθυμίαν
510 1369 570 1408 καὶ
598 1372 666 1407 τῶν
696 1366 861 1418 μειζόνων
891 1365 1184 1418 ἀποστερώμεθα;

156 1430 205 1469 Τί
232 1430 267 1468 δὲ
297 1430 390 1482 λέγω
416 1434 485 1469 τῶν
516 1429 694 1481 μειζόνων,
723 1427 806 1467 ὅταν
830 1426 918 1479 μετὰ
941 1430 1010 1465 τῶν
1037 1429 1185 1466 ἐνταῦθα

156 1495 288 1539 κακῶν,
309 1492 369 1530 καὶ
388 1493 403 1509 *
414 1492 477 1539 τὴν
493 1492 667 1530 ἔκπτωσιν
683 1493 752 1528 τῶν
768 1491 839 1528 ἐκεῖ
857 1492 1010 1542 ἀγαθῶν,
1024 1489 1086 1528 καὶ
1099 1489 1186 1543 πρὸς

155 1552 218 1600 τὴν
247 1553 386 1605 γέενναν
410 1551 516 1600 αὐτὴν
535 1550 849 1602 ἀποπεμπώμεθα,
877 1550 947 1588 Καὶ
975 1549 1073 1588 οὔπω
1095 1549 1186 1602 λέγω

155 1613 200 1652 τὰ
221 1614 330 1667 μυρία
348 1613 591 1666 ἁμαρτήματα
604 1612 649 1651 τὰ
663 1615 815 1651 ἐντεῦθεν
835 1610 1090 1662 συλλεγόμενα,
1109 1610 1187 1655 τοὺς

158 1676 278 1720 δόλους
290 1705 299 1722 ,
324 1675 384 1719 τὰς
405 1674 659 1728 συκοφαντίας,
675 1673 738 1718 τὰς
754 1672 936 1725 ἁρπαγὰς,
960 1673 1022 1716 τὰς
1040 1674 1185 1711 πλεονε-

158 1735 242 1781 ξίας.
273 1737 377 1775 Ἀλλὰ
408 1736 471 1775 κᾶν
503 1736 666 1774 ἁπάντων
699 1735 830 1773 τούτων
866 1733 1041 1787 ἐλεύθερος
1069 1728 1092 1786 ᾗ
1117 1751 1186 1782 τις,

157 1798 244 1851 ὅπερ
272 1799 312 1836 ἂν
343 1798 395 1845 εἴη
425 1801 493 1836 τῶν
522 1796 741 1849 ι’δυσγερὶιῖἂῃ
762 1799 915 1835 τοσαῦτα
944 1795 979 1834 δὲ
1007 1795 1060 1843 εἴη
1090 1812 1188 1850 περι-

160 1859 394 1910 Ξεὸλημένος,
416 1859 610 1911 χρημάτων
631 1858 690 1897 καὶ
714 1860 777 1904 τῆς
804 1857 932 1901 οἰκείας
961 1857 1068 1908 μόνης
1099 1859 1189 1896 ἀπο-

159 1919 314 1963 λαύσεως
332 1919 528 1971 γινόμενος,
551 1919 610 1957 καὶ
636 1918 685 1970 μὴ
706 1918 908 1973 προϊέμενος
926 1924 998 1962 τοῖς
1028 1920 1062 1956 ἐν
1087 1918 1190 1970 χρείᾳ

160 1974 237 2019 οῦσι
261 1981 348 2031 μετὰ
376 1979 573 2032 δαψιλείας,
600 1979 640 2018 τὸ
661 1982 725 2026 τῆς
751 1979 890 2031 γεέννης
919 1983 989 2032 πῦρ
1016 1978 1099 2016 ‘mi
1131 1980 1189 2018 τὸν

160 2047 310 2080 τοιοῦτον
332 2041 516 2086 ἐκδέξεται.
544 2041 614 2079 Καὶ
635 2044 735 2079 τοῦτο
762 2039 918 2079 διδάσκει
947 2043 1041 2090 ἡμᾶς
1072 2042 1190 2091 σαφῶς

157 2107 180 2149 ἡ
205 2102 390 2155 παραδολὴ
406 2106 428 2149 ἡ
448 2105 482 2140 ἐν
508 2104 558 2153 τῷ
584 2101 773 2155 εὐαγγελίῳ
797 2100 940 2152 κειμένη
955 2131 964 2149 ,
990 2101 1094 2147 ἡνίκα
1112 2100 1190 2145 τοὺς

160 2163 222 2215 μὲν
250 2166 290 2201 ἐκ
313 2163 431 2207 δεξιῶν
447 2163 590 2210 ἔστησε,
609 2162 686 2205 τοὺς
707 2162 742 2201 δὲ
764 2162 798 2206 ἐξ
819 2162 1020 2212 εὐωνύμων·
1041 2162 1101 2200 καὶ
1119 2169 1191 2206 τοῖς

160 2224 223 2275 μὲν
248 2225 312 2271 τὴν
337 2223 517 2275 βασιλείαν
550 2217 643 2262 εἶπεν
677 2223 893 2274 ἡτοιμάσθαι
929 2222 986 2261 διὰ
1015 2222 1079 2270 τὴν
1109 2224 1190 2275 περὶ

160 2284 238 2330 τοὺς
256 2285 436 2336 δεομένους
456 2283 658 2335 ἐπιμέλειαν
675 2299 682 2307 ·
699 2285 808 2322 Δεῦτε
823 2282 911 2337 γὰρ,
933 2283 1050 2336 φησὶν,
1071 2286 1102 2322 οἱ
1129 2286 1190 2323 εὖ-

159 2346 344 2399 λογημένοι
367 2352 427 2386 τοῦ
446 2345 587 2397 Πατρός
602 2362 666 2396 μου
681 2375 691 2393 ,
711 2345 999 2396 κληρονομήσατε
1015 2344 1078 2393 τὴν
1095 2348 1191 2392 ἡτοι-

162 2407 345 2458 μασμένην
379 2410 459 2457 ὑμῖν
497 2406 675 2458 βασιλείαν
709 2407 780 2445 ἀπὸ
812 2406 1012 2453 καταδολῆς
1043 2407 1190 2458 κόσμου.

161 2471 195 2507 Τ
199 2469 266 2512 ίνος
281 2467 394 2506 ἕνεκεν
414 2467 474 2506 καὶ
490 2466 546 2505 διὰ
560 2467 615 2515 τί,
632 2466 827 2506 Ἐπείνασα
848 2467 938 2521 γὰρ,
957 2467 1018 2506 καὶ
1038 2467 1193 2507 ἐδώκατέ
1212 2480 1236 2512 C

163 2544 222 2580 μοι
240 2535 372 2582 φαγεῖν.
399 2531 483 2572 Τοῖς
512 2527 548 2567 δὲ
573 2528 613 2566 τὸ
631 2533 700 2581 πῦρ
724 2527 880 2567 αἰώνιον·
894 2528 1089 2581 Πορεύεσθε
1102 2528 1190 2582 γὰρ,

163 2590 279 2642 φησιν,
311 2593 372 2628 ἀπ’
397 2591 483 2641 ἐμοῦ
510 2591 542 2627 οἱ
567 2589 806 2643 κατηραμένοι
827 2591 875 2632 εἷς
894 2589 935 2628 τὸ
955 2594 1025 2642 πῦρ
1053 2589 1191 2629 αἰώνιον

161 2651 201 2690 τὸ
212 2651 470 2702 ἡτοιμασμένον
490 2653 540 2703 τῷ
555 2649 708 2702 διαὸόλῳ
726 2650 787 2688 καὶ
802 2656 873 2695 τοῖς
899 2650 1057 2703 ἀγγέλοις
1076 2653 1192 2690 αὐτοῦ.

163 2712 286 2763 Μέγας
312 2717 371 2751 τοῦ
399 2712 552 2764 ῥήματος
569 2714 587 2749 6
603 2711 704 2763 ὄγκος
717 2727 724 2734 ·
742 2714 760 2749 6
781 2711 963 2759 Δεσπότης
987 2715 1056 2750 τῶν
1084 2711 1194 2751 ἁπάν-

164 2787 232 2809 των
253 2771 335 2810 ᾱκαὶ
351 2772 559 2825 δημιουργός
580 2787 684 2824 φησιν
697 2788 705 2796 ·
726 2771 940 2822 Ἐπείνασα,
958 2771 1018 2811 καὶ
1033 2775 1095 2812 οὐκ
1108 2771 1194 2811 ἐδώ-

166 2833 250 2872 κατέ
279 2850 338 2884 μοι
366 2839 499 2886 φαγεῖν.
520 2834 629 2877 Ποίας
656 2836 717 2872 οὐκ
739 2834 778 2872 ἂν
804 2835 981 2874 καθίκοιτο
1007 2838 1110 2874 τοῦτο
1131 2837 1195 2888 ψυ-

165 2896 251 2945 χῆς,
286 2894 349 2932 κᾶν
391 2894 586 2941 αὖτολιθίνη
622 2894 799 2947 τυγχάνῃ
835 2895 880 2934 Ὁ
911 2897 1094 2943 Δεσπότης
1133 2911 1194 2934 σου

165 2957 292 2992 πεινῶν
314 2955 578 3007 επεριέρχεται,
603 2954 664 2993 καὶ
691 2954 734 2993 σὺ
761 2963 910 3009 τρυφᾷς·
939 2957 1000 2995 καὶ
1029 2959 1067 2995 οὖ
1093 2960 1196 2995 τοῦτο

167 3014 269 3066 μόνον
285 3017 326 3054 τὸ
342 3017 463 3064 δεινὸν,
490 3018 566 3054 ἀλλ’
583 3015 637 3054 ὅτι
662 3015 722 3055 καὶ
742 3020 880 3069 τρυφῶν
899 3025 1065 3072 περιορᾷν
1092 3018 1194 3056 αὐτὸν

211 3158 224 3173 ⁰
248 3147 364 3191 [Coisl.
379 3157 412 3182 et
428 3148 528 3182 savit.
548 3149 674 3195 sapim]

213 3211 226 3225 ¹·
252 3201 367 3243 [Coisl.
386 3203 536 3245 μήποτε.]

164 3261 167 3264 ⁴
214 3252 231 3268 ⁸²
254 3254 355 3285 Forte
372 3263 424 3293 τῆς
439 3259 624 3292 ἐκπτώσεως.

215 3305 231 3329 b
256 3304 372 3347 [Savil.
391 3306 424 3338 in
447 3313 538 3338 textu
551 3309 713 3345 ἀδυνάτων,
728 3305 761 3336 in
775 3315 880 3348 marg.
898 3316 916 3338 e
935 3317 1004 3340 var.
1024 3305 1100 3339 lect.
1120 3308 1187 3340 δυσ-

169 3365 277 3400 χερῶν.
293 3357 371 3390 Mox
384 3363 552 3404 χρημάτων
568 3355 660 3389 deest
677 3357 711 3388 in
726 3354 846 3399 Cois!.]

2114 165 2127 175 μ
2177 166 2195 177 ›-

2107 182 2196 228 Ῑὶ7Ῑ)

1247 261 1318 300 tuis
1337 275 1544 314 semperque
1567 260 1750 299 duraturis
1773 262 2019 314 preest-rimus?
2039 263 2086 301 Et
2107 266 2199 314 quid
2214 274 2253 301 nt·
2271 279 2383 302 contem

1249 323 1316 361 liac
1333 323 1486 362 amentia
1499 322 1653 360 deterius
1666 337 1739 361 esse
1754 322 1895 375 possit?
1911 323 2054 374 quando
2072 335 2103 362 el
2128 326 2199 363 illis
2214 316 2400 382 :²¹¹¹m‘h'is'*

1249 384 1438 437 privamur
1453 385 1499 422 ob
1518 384 1669 422 nimium
1693 384 1728 422 in
1749 384 1824 422 lure
1847 399 2020 433 amorem,
2038 395 2071 423 et
2097 401 2199 424 num-

1249 446 1426 497 quamhis
1438 446 1508 484 frui
1525 460 1612 498 pure
1624 460 1825 498 possumus.
1838 448 1928 494 Quae
1944 447 2198 498 enim,qua:so,

1199 509 1222 538 Ε
1252 507 1387 545 utilitas
1404 521 1614 558 magnarum
1639 507 1874 546 facultatum?
1898 509 1950 546 An
1976 509 2118 547 nescitis
2147 524 2202 548 ac-

1250 568 1443 606 cessionem
1472 569 1665 607 multarum
1710 570 1940 622 pecuniarum
1983 571 2074 609 nihil
2103 571 2202 610 aliud

1251 629 1352 666 nobis
1373 629 1513 677 afferre,
1529 644 1634 680 quam
1654 645 1820 668 curarum
1846 631 2074 681 incrementa,
2099 647 2203 670 oecu-

1250 690 1411 743 pationes
1444 690 1582 737 mentis,
1610 700 1644 728 et
1664 691 1838 741 vigilias?
1864 693 1941 730 Non
1974 692 2105 731 videtis
2139 693 2202 731 hos

1251 752 1413 789 omnium
1436 751 1675 804 potissimum,
1695 762 1734 789 ut
1764 753 1810 790 ita
1835 753 2099 801 ‹lis-a111‚sc1—x·0s
2114 770 2200 805 esse,

1251 812 1384 863 quibus
1397 812 1500 864 plura
1516 812 1681 859 affluunt,
1703 822 1734 850 ct
1757 814 1916 863 quotidie
1943 817 2088 855 umbras
2111 818 2204 869 ipsas

1253 874 1402 912 timent?
1414 873 1503 911 Inde
1517 874 1816 912 enimnascnntur
1829 875 1979 924 insidiae‚
1995 878 2204 927 invidentia,

1252 935 1378 974 odium
1398 949 1520 987 grave,
1550 944 1583 972 et
1606 935 1790 973 innumcra
1813 936 1882 973 alia
1913 939 2015 975 mala.
2046 939 2090 977 Et
2111 955 2206 993 serpe

1254 996 1354 1036 vides
1371 1011 1451 1034 eum
1468 997 1529 1047 qui
1553 997 1659 1034 habet
1682 997 1803 1034 decem
1828 997 1942 1035 millia
1978 999 2107 1038 talenta
2127 1001 2205 1039 auri

1252 1057 1449 1109 recondita,
1482 1058 1625 1095 beatum
1648 1071 1776 1095 vocare
1800 1072 1882 1095 cum
1906 1059 1965 1109 qui
1997 1060 2031 1097 in
2064 1062 2207 1100 officina

1226 1161 1240 1185 8
1256 1129 1436 1172 operatur,
1459 1129 1492 1158 et
1526 1133 1572 1157 ex
1599 1119 1721 1157 labore
1743 1133 1914 1157 manuum
1950 1121 2070 1159 cilium
2090 1132 2204 1174 parat.

1208 1198 1231 1227 Α
1256 1181 1384 1227 Qualis
1428 1181 1538 1233 igitur
1583 1181 1749 1234 voluptas
1766 1211 1777 1231 ,
1809 1191 1870 1219 aut
1906 1183 2010 1233 quale
2046 1183 2207 1234 lucrum,

1255 1242 1399 1294 quando
1416 1257 1530 1294 neque
1546 1242 1602 1280 his
1621 1243 1790 1291 fruimur,
1809 1252 1842 1280 et
1855 1253 2000 1295 propter
2025 1244 2115 1282 hanc
2129 1259 2211 1283 con-

1256 1303 1510 1355 cupiscentiam
1565 1303 1672 1342 ctiam
1724 1304 1921 1355 majoribus
1979 1305 2167 1357 privamur
2195 1308 2212 1344 ἶ)

1258 1364 1361 1412 Quid
1394 1374 1512 1402 autem
1557 1365 1637 1403 dico
1687 1365 1886 1417 majoribus
1901 1395 1913 1416 ,
1951 1366 2094 1417 quando
2131 1382 2212 1405 cum

1257 1425 1361 1464 malis
1379 1439 1459 1476 quae
1473 1426 1534 1463 bic
1553 1439 1615 1464 nos
1631 1426 1922 1479 apprehendunt,
1935 1437 1967 1465 et
1983 1442 2003 1465 a
2018 1428 2121 1466 bonis
2133 1444 2212 1480 quae

1257 1487 1308 1525 ibi
1331 1497 1414 1525 sunt
1430 1487 1647 1539 excidimus,
1669 1498 1703 1526 et
1724 1488 1769 1526 ad
1793 1489 1987 1540 geliennam
2009 1489 2213 1542 ipsammit-

1258 1549 1397 1587 timur?
1422 1549 1469 1587 Et
1488 1549 1647 1587 nondum
1665 1550 1746 1588 dico
1765 1550 1951 1588 innumera
1973 1561 2116 1603 peccata
2134 1567 2213 1602 quae

1258 1611 1345 1648 hinc
1367 1611 1602 1663 colliguntur,
1630 1611 1746 1660 dolos,
1771 1612 1982 1661 calumnias,
2008 1613 2152 1664 rapinas
2181 1624 2214 1652 et

1257 1672 1417 1710 fraudes.
1435 1674 1573 1711 Verum
1604 1673 1741 1710 etiamsi
1774 1673 1856 1723 quis
1878 1673 1923 1710 ab
1950 1674 2116 1712 omnibus
2142 1674 2215 1712 illis

1258 1733 1365 1783 liber,
1387 1733 1424 1771 id
1446 1733 1543 1784 quod
1562 1748 1733 1786 perquam
1750 1734 1902 1771 difficile
1917 1743 1950 1772 et
1970 1749 2108 1785 rarum,
2132 1737 2212 1788 opi-

1210 1813 1232 1841 B
1259 1794 1327 1832 bus
1343 1793 1515 1842 abundet,
1530 1803 1563 1831 ct
1580 1794 1655 1846 ipse
1669 1794 1766 1831 solus
1785 1795 1834 1831 eis
1852 1802 1988 1844 utatur,
2014 1804 2047 1832 et
2065 1809 2122 1833 eas
2133 1809 2215 1833 cum

1259 1855 1304 1893 iis
1325 1855 1386 1906 qui
1406 1869 1495 1907 opus
1516 1855 1729 1892 habentnon
1745 1855 1843 1906 large
1860 1855 2112 1905 communicet,
2133 1870 2215 1894 eum

1260 1917 1428 1968 gehennae
1466 1917 1560 1968 ignis
1595 1916 1760 1970 excipiet.
1795 1916 1902 1962 Quod
1931 1930 1994 1954 nos
2032 1917 2216 1955 manifeste

1260 1979 1362 2017 docet
1380 1978 1550 2031 parabola
1565 1977 1600 2016 in
1621 1977 1820 2030 Evangelio
1842 1977 1972 2030 posita,
1993 1991 2075 2016 cum
2091 1979 2216 2017 statuit

1259 2041 1348 2079 alios
1377 2055 1397 2078 a
1416 2039 1569 2090 dextris,
1593 2039 1683 2077 alios
1713 2054 1732 2077 a
1756 2039 1932 2078 sinistris:
1957 2040 2102 2091 illisque
2120 2040 2216 2078 dixit

1258 2109 1501 2154 praeparatum
1530 2114 1603 2139 esse
1627 2114 1779 2151 regnum
1810 2101 1980 2139 caelorum
2017 2101 2063 2138 ob
2092 2115 2216 2140 curam

1259 2162 1378 2214 egenis
1394 2163 1592 2214 impensam
1609 2177 1616 2197 :
1639 2162 1774 2199 Venite
1793 2161 2040 2213 enim,inquit,
2063 2164 2215 2200 benedi·
2230 2169 2343 2196 Matth.
2365 2168 2414 2197 25.

1259 2226 1313 2262 cti
1326 2225 1460 2261 Patris
1473 2225 1561 2269 mei,
1572 2225 1586 2259 ι’
1591 2236 1616 2259 η
1623 2224 1878 2262 hereditatem
1892 2225 2054 2276 accipite
2066 2239 2215 2276 proepa-
2230 2207 2280 2248 34'

1260 2293 1391 2322 ratum
1407 2285 1521 2321 vobis
1535 2297 1695 2336 regnum
1707 2286 1756 2321 ab
1772 2287 1918 2336 origine
1930 2286 2078 2323 mundi.
2099 2286 2171 2323 Cur
2183 2295 2216 2323 et

1261 2359 1332 2397 qua
1351 2345 1397 2384 de
1415 2345 1545 2383 causa?
1565 2347 1724 2383 Esurivi
1749 2348 1865 2392 enim,
1886 2355 1923 2383 et
1942 2347 2100 2385 dedistis
2121 2349 2217 2384 mihi
2235 2346 2349 2373 'bid-V·
2366 2343 2416 2373 35.

1262 2407 1472 2445 comedere.
1484 2406 1550 2446 His
1561 2421 1646 2444 vero
1659 2406 1777 2458 ignem
1794 2416 1968 2446 aetcrnum
1983 2408 2091 2446 :dicit
2107 2409 2214 2446 enim:

1264 2533 1331 2583 qui
1346 2538 1590 2582 proeparatus
1625 2537 1681 2566 est
1701 2529 1859 2566 diabolo
1879 2537 1916 2566 et
1949 2530 2100 2581 angelis
2119 2533 2216 2582 ejus.

1265 2593 1440 2643 Magnum
1463 2590 1562 2628 verbi
1582 2589 1724 2642 pondus
1748 2605 1755 2625 :
1779 2589 1940 2627 omnium
1974 2590 2151 2629 Dominus
2186 2600 2219 2629 et

1266 2652 1440 2691 Conditor
1459 2650 1549 2688 dicit
1569 2666 1576 2686 :
1596 2652 1770 2697 Esurivi,
1797 2659 1834 2688 et
1851 2664 1928 2687 non
1947 2651 2106 2690 dedistis
2127 2654 2223 2690 mihi
2239 2659 2356 2688 Ibid.v.
2369 2655 2420 2695 4²-

1265 2712 1475 2750 comedere.
1505 2710 1617 2762 Cujus
1649 2709 1805 2746 animam
1828 2723 1897 2747 non
1926 2710 2120 2748 movebunt
2148 2711 2224 2750 haec

1265 2773 1390 2821 verba,
1412 2771 1549 2809 etiamsi
1569 2770 1710 2822 lapidea
1729 2770 1775 2807 sit
1792 2773 1809 2807 ἱ)
1837 2770 2013 2808 Dominus
2035 2780 2118 2810 tuus
2145 2786 2224 2810 esu-

1265 2833 1359 2871 riens
1386 2831 1608 2879 obambulat,
1635 2840 1668 2868 et
1696 2839 1735 2867 tu
1768 2844 1805 2868 es
1839 2831 1877 2868 in
1908 2831 2048 2870 deliciis
2073 2848 2081 2868 :
2113 2847 2226 2884 neque

1264 2895 1333 2932 hoe
1362 2893 1507 2942 solum,
1535 2891 1598 2930 sed
1628 2891 1664 2929 in
1695 2891 1833 2930 deliciis
1876 2892 1996 2945 ipsum
2030 2890 2186 2946 despicis
2211 2911 2222 2945 3

1265 2954 1405 2993 tametsi
1428 2968 1497 2991 non
1527 2953 1683 2991 multum
1699 2953 1746 2991 sit
1765 2953 1861 3005 quod
1879 2967 1899 2992 a
1923 2964 1957 2993 te
1971 2955 2082 3008 petit3
2102 2970 2229 3009 nempe

1265 3029 1394 3068 panem
1421 3015 1551 3063 solum,
1583 3028 1654 3065 quo
1673 3014 1804 3054 famem
1821 3015 1933 3068 possit
1962 3017 2162 3057 sublevare.
2184 3018 2230 3056 Et

1263 3159 1276 3173 t
1301 3146 1416 3191 [Coisl.
1438 3151 1525 3181 αὐτὸν
1543 3147 1620 3190 ἐκδ.]

1267 3201 1284 3224 d
1309 3198 1424 3242 [Coisl.
1441 3204 1456 3233 ὁ
1474 3202 1694 3245 δημιουργὸς,“ὸ
1711 3208 1770 3247 τῶν
1783 3205 1922 3236 ἁπάντων
1934 3204 2092 3248 χορηγός.]

1265 3258 1276 3271 ⁰
1302 3251 1436 3293 501)ῑῦ[11
1459 3251 1536 3284 MS⁵·
1555 3251 1602 3293 [⁰¹-
1616 3251 1736 3298 COiSl]
1752 3260 1963 3300 περιέρχεται,
1979 3264 2077 3298 atque
2095 3257 2138 3288 ita
2157 3256 2233 3297 legit

1222 3306 1392 3346 Interpres
1406 3302 1460 3346 qui
1474 3304 1586 3344 vertit,
1598 3303 1802 3339 obambulat.
1818 3306 1967 3351 Savil3et
1981 3307 2092 3340 Mos-el.
2110 3317 2235 3355 προσέρ-

1222 3371 1320 3399 χῖτῖίί.

1262 2470 1463 2507 Discedite
1479 2483 1504 2506 a
1521 2483 1580 2506 me
1600 2469 1798 2506 maledicti
1811 2472 1853 2506 in
1870 2471 1996 2521 ignem
2016 2478 2215 2515 oeternum,
2237 2467 2420 2505 lhi11.v.4‹.
