2483 3791
701 217 742 247 ΙΝ
781 218 882 248 CA.1’
921 218 967 247 ll.

1007 216 1064 247 ΟΡ
1070 218 1091 247 λ
1101 217 1167 246 lis.

2093 205 2115 230 se

1209 216 1365 245 llOMll.
2066 222 2116 251 1.)

2124 205 2149 250 3

1407 216 1498 246 XV!-

103 290 224 355 βλήθη
226 332 236 350 ,
255 302 314 341 καὶ
343 302 383 340 ἐκ
400 302 470 339 τῶν
486 302 676 352 οὐρανων
663 302 709 343 εἷς
729 301 792 347 τὴν
820 304 884 352 γῆν
903 301 1124 353 κατηνέγθη·
1136 298 1184 364 ’ξθ
1199 312 1264 337 vos
1283 300 1411 349 facere,
1433 308 1467 337 ct
1495 312 1557 352 pei
1574 299 1733 337 mandati
1759 301 2086 351 pnaexmicationem
2117 304 2150 340 in

101 364 140 402 τὸ
158 363 241 402 αὐτὸ
259 362 302 410 δὴ
322 362 382 401 καὶ
405 364 494 413 ὑμᾶς
523 360 740 414 ἐργάσασθαι
759 361 939 408 ἡῧουλῆθη
952 393 962 409 ,
978 362 1036 400 καὶ
1070 361 1126 399 διὰ

101 428 162 473 τῆς
175 424 409 478 παραὸάσεως
429 427 492 470 τῆς
519 424 660 469 ἐντολης
678 424 725 466 εἷς
744 439 783 461 το
807 436 867 460 του
887 424 1034 463 θανάτου
1055 425 1129 461 ἐπι-

102 486 398 539 τίμιοναάγαγεῖν,
422 485 481 524 καὶ
514 485 572 523 τὸν
599 486 722 522 οἰκεῖον
748 485 869 536 φθόνον
898 487 1129 536 “πληρῶσαι,

103 547 218 591 καθὼς
236 546 295 586 καὶ
321 546 422 600 σοφός
449 563 501 589 τις
531 545 646 596 ἔλεγε·
663 545 792 598 Φθόνῳ
821 546 857 584 δὲ
879 546 1041 584 διαῧόλου
1069 546 1130 583 θά-

104 625 205 653 νατος
226 611 273 654 εἷς
291 609 348 648 τὸν
367 608 496 659 κόσμον
525 609 677 654 εἷσῆλθε.
703 607 772 645 Καὶ
794 606 923 653 ἔδωκε,
945 607 1050 659 φησὶ,
1071 607 1131 644 καὶ

105 686 156 708 τω
175 670 274 721 ἀνδρι
295 671 421 715 αυτῆς·
441 668 527 706 καὶς
516 668 657 721 Ϊφαγον,
673 667 732 705 καὶ
755 667 1052 750 ὃιηνοίγθησανε
1019 668 1130 704 αὐτων

664 728 843 743 ,,,,,

107 793 168 832 καὶ
186 791 354 844 ὁμογενὴς
371 795 426 838 ἠν,
455 790 515 828 καὶ
546 784 676 841 γυνὴ
653 793 709 835 ἠν,
740 790 816 827 ἀλλ’
850 791 957 841 ε’·[ρῆν
990 788 1132 826 ἔναυλον

108 854 234 907 ἔχοντα
261 869 321 892 του
340 854 433 891 Οεου
462 850 525 898 τήν
548 849 702 898 ἐντολὴν,
722 849 978 901 προτιμοτέραν
1005 849 1132 896 ταύτην

108 917 320 964 ποιήσασθαι
338 917 400 960 τῆς
427 913 572 966 ἀκαίρου
594 912 778 963 ἐπιθυμίας
809 911 964 959 ἐκείνης,
993 912 1053 949 καὶ
1081 915 1130 962 μὴ

108 980 318 1024 κοινωνῆσαι
335 978 398 1022 τῆς
413 973 649 1027 παραὸάσεως
660 1002 669 1019 ,
688 972 777 1023 μηδὲ
793 971 850 1011 διὰ
869 975 1036 1024 βραχεῖαν
1052 973 1131 1019 ἡδο-

109 1039 170 1087 νὴν
188 1040 258 1077 τῶν
284 1036 455 1076 τοσούτων
473 1038 611 1086 ἀγαθῶν
642 1034 762 1072 ἑαυτὸν
795 1035 1052 1087 ἀποστερῆσαι,
1073 1041 1132 1078 καὶ

109 1114 344 1158 προσκρουσαι
363 1101 412 1150 τῷ
430 1097 538 1141 οὕτως
557 1095 720 1148 εὐεργέτῃ
738 1123 747 1141 ,
766 1111 827 1134 και
855 1094 872 1115 ¹'
885 1095 1058 1144 τοσαύτην
1077 1111 1132 1149 φι-

109 1160 330 1214 λανθρωπίαν
355 1157 624 1210 ἓπιοειξαμένῳ,
644 1173 703 1195 και
733 1156 842 1201 οὕτως
870 1155 1041 1196 ἀνώδυνον
1073 1158 1133 1196 καὶ

113 1224 244 1276 μόχθου
263 1221 392 1264 παντὸς
411 1219 679 1271 ἀπηλλαγμένον
710 1218 782 1271 βιον
809 1219 1050 1272 χαρισαμένῳ.
1070 1219 1132 1267 Μὴ

112 1285 179 1338 γὰρ
195 1287 256 1322 οὐκ
273 1282 351 1329 ἐξῆν
373 1283 441 1319 τῶν
471 1281 586 1320 ἄλλων
604 1280 769 1319 ἁπάντων
793 1283 863 1318 τῶν
894 1282 929 1318 ἐν
947 1283 997 1333 τῷ
1016 1296 1135 1333 παρα-

114 1345 217 1397 δείσῳ
233 1343 322 1395 μετὰ
341 1341 520 1394 δαψιλείας
538 1341 745 1389 ἀπολαύειν,
770 1340 860 1384 τίνος
892 1341 1007 1380 ἕνεκεν
1028 1341 1135 1386 οὕτως

113 1404 253 1443 εὔκολον
271 1398 377 1443 οὖσαν
392 1402 456 1450 τὴν
483 1402 623 1450 ἐντολὴν
641 1402 788 1455 φυλάξαι
806 1401 883 1441 οὐδὲ
902 1403 1004 1446 αὐτὸς
1025 1404 1136 1450 ἠὸου-

112 1467 240 1515 λήθης;
261 1466 352 1505 Ἀλλ’
373 1464 455 1508 ἴσως
489 1463 637 1508 ἀκούσας
668 1463 766 1518 παρὰ
786 1465 849 1510 τῆς
878 1465 1040 1516 γυναικὸς
1073 1467 1137 1511 τῆς

112 1529 266 1582 ὀλεθρίου
282 1528 480 1579 συμὸουλῆς
499 1526 562 1573 τὴν
582 1525 784 1578 ὑπόσχεσιν,
809 1526 869 1564 καὶ
883 1530 925 1577 τῇ
947 1526 1062 1565 ἐλπίδι
1078 1527 1137 1565 καὶ

114 1590 215 1633 αὐτὸς
234 1589 416 1642 φυσηθεὶς,
441 1579 587 1639 ετοίμως
607 1586 839 1634 ἐκοινώνησας
869 1591 930 1634 τῆς
963 1587 1136 1640 βρώσεως.

113 1651 182 1690 Διὰ
197 1655 300 1689 τοῦτο
327 1650 387 1688 καὶ
407 1649 447 1688 τὸ
473 1648 648 1700 ἐπιτίμιον
669 1647 884 1705 ἀμφοτέρους
917 1649 1134 1702 διαδέχεται,

112 1714 172 1753 καὶ
195 1717 265 1752 τῶν
284 1712 502 1765 πραγμάτων
528 1716 550 1759 ἡ
570 1716 675 1765 πεῖρα
710 1710 837 1756 διδάξει
858 1713 949 1762 ὑμᾶς
957 1741 967 1759 ,
995 1711 1044 1762 μὴ
1075 1715 1135 1751 τοῦ
1158 1725 1182 1756 c.

112 1777 205 1815 Θεοῦ
228 1773 510 1826 ἀξιοπιστοτέραν
532 1775 691 1825 ἡγεῖσθαι
709 1771 771 1819 τὴν
800 1776 859 1810 τοῦ
887 1777 1038 1825 πονηροῦ
1057 1773 1135 1810 δαί-

115 1851 216 1887 μονος
235 1834 450 1887 συμόουλήν.
467 1833 579 1872 Και”
560 1834 667 1871 εδωκε
684 1848 743 1871 και
756 1835 806 1869 τῶ
824 1832 923 1884 ἀνορι
936 1835 1060 1877 αυτ-’ἧς-
1076 1849 1135 1872 και

116 1896 254 1948 ἔφαγον,
274 1912 334 1934 και
359 1895 603 1947 διηνοίχθτσαν
628 1895 659 1932 οἱ
688 1893 861 1946 ὀφθαλμοὶ
890 1895 959 1931 τῶν
980 1893 1056 1942 δύο,
1075 1910 1134 1932 και

117 1957 269 2008 ἔγνωσαν
288 1955 341 1994 ὅτι
356 1955 478 2008 γυμνοὶ
498 1958 602 2001 ἦσαν.

169 2017 323 2070 Ζήτῃμα
350 2017 512 2069 μέγιστον
544 2018 629 2066 ἡμῖν
663 2017 816 2054 ἐντεῦθεν
844 2014 1018 2064 τίκτεται,
1050 2018 1135 2069 ὅπερ

115 2080 236 2133 ..ρῴτν
263 2079 466 2132 ὑπεσχόμην
485 2080 528 2129 τῇ
545 2075 698 2129 ὑμετέρᾳ
724 2077 858 2128 ἀγάπῃ
886 2078 1040 2122 Δικαίως
1066 2078 1135 2131 γὰρ

115 2144 156 2182 ἄν
171 2158 223 2185 τις
242 2141 370 2195 ἔροιτο,
395 2139 473 2177 τίνα
491 2137 591 2190 ἰσχὺν
623 2142 696 2190 εἶχε
714 2142 754 2177 τὸ
781 2138 912 2182 ξύλοι
897 2145 1023 2194 εκεῖνο,
1043 2138 1133 2178 ὥστε

111 2204 176 2251 τήν
195 2202 230 2246 ἐξ
244 2205 348 2240 αὐτοῦ
369 2203 498 2253 βρῶσιν
518 2214 596 2242 τους
614 2200 724 2250 ὄφθα)
717 2215 811 2248 μους
822 2201 936 2238 αὐτῶν
954 2201 1082 2239 διανοῖΣ
1069 2218 1134 2249 αι,

112 2265 172 2304 καὶ
197 2265 252 2304 διὰ
271 2263 305 2302 τί
322 2260 476 2315 γνωστὸν
495 2261 602 2298 καλοῦ
622 2259 682 2298 καὶ
708 2263 860 2313 πονηροῦ
877 2262 1046 2300 καλεῖται.
1062 2263 1134 2301 Καὶ

111 2330 142 2366 εἷ
171 2326 355 2378 βούλεσθε,
386 2321 598 2375 ἀνάσχεσθε·
618 2321 728 2375 μικρὰ
758 2321 826 2372 γὰρ
855 2325 936 2373 ὑμῖν
965 2323 1022 2362 καὶ
1053 2325 1132 2378 περὶ

109 2388 230 2426 τούτου
245 2387 468 2438 διαλεχθῆναι
501 2384 689 2436 βούλομαι,
708 2383 768 2422 καὶ
795 2383 930 2428 διδάξαι
959 2385 1024 2432 τὴν
1043 2389 1131 2437 ὑμε-

109 2450 212 2501 τέραν
233 2447 386 2500 ἀγάπην,
405 2446 459 2485 ὅτι
490 2448 519 2484 εἰ
549 2444 800 2497 βουληθείημεν
829 2446 1055 2498 εὐγνωμόνως
1073 2449 1132 2487 δέ·

107 2514 232 2563 γεσθαι
245 2509 289 2548 τὰ
304 2512 339 2548 ἐν
357 2511 400 2560 τῇ
415 2507 623 2561 θείαΓραςρῇ
642 2507 834 2560 λεγόμενα,
850 2508 946 2547 οὐδὲν
961 2512 1046 2560 ἡμῖν
1060 2514 1129 2549 τῶν

108 2557 300 2625 εἰρημένων
320 2570 485 2623 δυογερὲς
504 2575 673 2623 φανεῖται.
695 2569 788 2608 Οὐδὲ
807 2570 874 2623 γὰρ
891 2574 913 2617 ἡ
935 2572 974 2609 ἐκ
994 2575 1054 2610 τοῦ
1077 2571 1131 2617 ξύ-

107 2635 168 2672 λου
198 2635 325 2686 βρωσις
344 2634 457 2670 αὐτῶν
478 2631 555 2675 τοὺς
574 2630 770 2683 ὄφθαλμους
790 2632 955 2679 διήνοιξε·
976 2634 1037 2672 καὶ
1062 2634 1131 2688 γὰρ

108 2694 167 2732 καὶ
187 2693 255 2747 πρὸ
270 2696 332 2742 τῆς
360 2691 522 2745 βρώσεως
539 2691 704 2731 efflamus·
722 2694 800 2731 ἀλλ’
819 2693 940 2741 επειοη
963 2697 983 2741 ἡ
1009 2695 1130 2735 τούτου

109 2757 238 2808 βρῶσις
268 2756 450 2807 παρακοῆς
483 2759 526 2802 ἠν
556 2753 738 2803 ὑπόθεσις,
765 2770 824 2792 και
852 2758 915 2802 τῆς
949 2757 1045 2809 παρὰ
1070 2763 1131 2797 τοῦ

107 2820 199 2856 Θεοῦ
228 2816 384 2863 δοθείσης
405 2817 545 2862 ἐντολης
564 2816 823 2868 παράὲῗασις,
804 2819 848 2855 σι’
864 2818 905 2864 ἢν
933 2819 1046 2856 αἰτίαν
1061 2821 1132 2858 λοι-

108 2878 172 2916 πὸν
190 2877 251 2916 καὶ
268 2877 331 2924 τὴν
352 2876 452 2921 δόξαν
471 2876 535 2924 τὴν
549 2877 842 2930 περιστέλλουσαν
861 2878 985 2923 αὐτοὺς
1003 2881 1133 2934 ἀφῃρέ-

109 2943 233 2986 θησαν,
265 2937 421 2983 ἀναξίους
459 2937 599 2982 ἑαυτοὺς
635 2941 697 2985 τῆς
729 2942 835 2989 τιμῆς
870 2942 934 2986 τῆς
962 2942 1134 2990 τοσαύτης

106 2999 411 3047 καταστήσαντες·
434 2998 492 3037 διὰ
510 3003 612 3038 τοῦτο
634 3003 677 3052 τῇ
699 3000 809 3053 οἰκεία
831 3002 994 3054 συνηθείᾳ
1021 3019 1134 3041 κατα-

105 3061 318 3100 κολουθοῦσα
332 3062 355 3106 ἡ
382 3056 504 3112 Γραφή
520 3075 643 3112 φησιν·
664 3060 836 3114 Ἔφαγον,
853 3063 914 3101 καὶ
933 3063 1134 3116 διηνοίχθη-

108 3137 171 3160 σαν
184 3122 296 3159 αὖτῶν
312 3123 344 3159 οἱ
361 3121 551 3173 ὀφθαλμοὶ,
570 3121 630 3160 καὶ
644 3121 799 3173 ἔγνωσαν
812 3123 866 3161 ὅτι
880 3125 1004 3176 γυμνοὶ
1023 3119 1112 3172 ἦσαν
1122 3142 1129 3150 ·

109 3181 166 3220 διὰ
186 3182 249 3229 τὴν
265 3181 466 3234 παράὸασιν
478 3184 540 3228 τῆς
559 3184 701 3231 ἐντολῆς
719 3185 958 3235 γυμνωθέντες
971 3189 1034 3234 τῆς
1048 3188 1132 3226 ἄνω-

1154 1108 1176 1137 Β

1153 2525 1179 2556 D

1198 360 1323 398 mortis
1335 360 1457 399 venire
1476 374 1617 413 poenam
1637 361 1764 407 voluit
1782 361 1828 399 ita
1843 375 1915 399 suae
1936 363 2153 402 satisfaciens

1200 421 1368 460 invidiae:
1385 422 1477 460 sicut
1492 431 1526 460 et
1539 422 1680 474 sapiens
1694 422 1843 474 quidam
1865 422 2007 461 dicebat
2022 440 2029 460 :
2047 427 2154 462 Invi·
2171 437 2244 472 sas».
2264 443 2290 462 2.
2305 442 2320 460 2
2332 429 2355 470 ᾗ.

1200 484 1268 521 dia
1291 492 1421 521 autem
1441 484 1604 530 diaboli,
1631 497 1733 522 mors
1757 487 1799 522 in
1821 485 2008 522 mundum
2026 488 2155 524 intra-

1204 545 1336 582 vit.Ee
1356 545 1483 594 dedit,
1505 544 1634 596 inquit,
1650 548 1768 583 etiam
1789 548 1876 583 ‘viro
1898 560 1991 591 suo;
2005 555 2042 584 et
2054 561 2156 585 com-

1201 606 1375 653 ederunt,
1399 614 1436 644 et
1456 610 1580 658 aperti
1606 616 1695 645 sunt
1719 608 1822 646 oculi
1837 608 2005 646 illorum.
2024 610 2155 660 Magna

1202 665 1310 702 etiam
1336 666 1408 704 viri
1433 667 1658 718 negligentia.
1685 669 1774 706 Nam
1803 668 1883 706 licet
1909 669 1969 707 illa
1997 670 2157 722 ejusdem

1201 727 1340 777 generis
1360 737 1467 775 esset,
1483 736 1517 765 et
1537 742 1642 778 uxor,
1661 738 1816 768 attamen
1838 731 2020 782 oportebat
2036 731 2157 770 virum

1201 787 1316 838 pluris
1344 788 1458 826 facere
1491 798 1709 841 praeceptum
1740 790 1830 839 Dei,
1859 805 1967 841 quam
1994 793 2157 831 illicitam

1203 847 1295 886 hanc
1314 848 1413 886 illius
1430 849 1769 902 concupiscentiam,
1786 860 1818 889 et
1835 866 1903 889 non
1924 853 2000 890 fieri
2022 869 2158 905 praeva-

1202 908 1386 947 ricationis
1405 910 1617 963 participem
1632 941 1643 961 ,
1667 925 1779 962 neque
1797 913 1844 950 ob
1865 913 2029 952 minimas
2050 916 2157 953 volu—

1202 979 1316 1022 ptates
1332 971 1440 1009 tantis
1455 972 1613 1024 seipsum
1628 973 1773 1025 privare
1787 974 1890 1012 bonis
1902 1005 1913 1025 ‚
1931 985 1963 1013 et
1979 976 2159 1016 offendere

1202 1032 1484 1084 benefactorem,
1502 1034 1565 1084 qui
1594 1034 1700 1072 illum
1720 1043 1816 1073 tanta
1839 1036 2058 1086 benignitate
2079 1053 2156 1077 am-

1204 1094 1369 1146 plexatus
1384 1104 1476 1144 erat,
1496 1094 1678 1146 vitamque
1694 1094 1828 1135 doloris
1848 1107 1881 1135 et
1895 1097 2029 1136 laboris
2043 1100 2159 1138 omnis

1204 1165 1386 1208 expertem
1404 1166 1632 1195 concesserat.
1647 1160 1771 1195 Annon
1788 1158 1882 1197 enim
1901 1159 2029 1198 licebat
2045 1161 2159 1198 omni-

1204 1217 1272 1255 bus
1301 1217 1382 1255 aliis
1409 1232 1488 1268 quae
1516 1218 1551 1255 in
1582 1218 1749 1270 paradiso
1773 1230 1871 1258 crant
1899 1221 2040 1259 abunde
2061 1223 2159 1260 frui?

1204 1293 1313 1330 quare
1332 1288 1405 1317 tam
1434 1279 1511 1317 leve
1538 1279 1747 1319 mandatum
1778 1295 1890 1334 neque
1913 1283 1989 1335 ipse
2015 1284 2161 1323 voluisti

1204 1341 1368 1378 servare?
1384 1339 1456 1379 Sed
1474 1341 1564 1378 forte
1580 1341 1752 1380 audivisti
1768 1357 1788 1380 a
1808 1343 1956 1382 muliere
1972 1345 2159 1397 perniciosi

1205 1401 1347 1440 consilii
1362 1401 1656 1454 promissionem,
1670 1411 1704 1442 et
1713 1417 1775 1456 spe
1790 1405 1897 1443 etiam
1912 1406 1986 1458 ipse
2003 1406 2161 1454 inflatus,

1206 1462 1278 1500 cibi
1302 1463 1422 1501 statim
1441 1463 1619 1517 particeps
1647 1465 1761 1504 factus
1781 1480 1831 1504 es.
1854 1466 1992 1505 Idcirco
2016 1477 2164 1519 uterque

1206 1524 1427 1576 supplicium
1457 1524 1583 1572 luetis,
1602 1524 1815 1578 docebitque
1836 1542 1900 1566 vos
1917 1543 2035 1566 rerum
2056 1544 2163 1582 expe-

1207 1585 1341 1635 rentia,
1362 1599 1430 1624 non
1457 1600 1532 1624 esse
1558 1585 1630 1624 fide
1653 1586 1798 1639 dignius
1823 1589 1971 1641 maligni
1992 1590 2167 1629 daemonis

1207 1646 1410 1697 consilium,
1421 1662 1528 1699 quam
1542 1649 1609 1686 Dei
1621 1658 1853 1702 praeceptum.
1864 1653 1900 1689 E
1904 1660 1917 1689 t
1929 1653 2035 1690 dedit
2047 1656 2166 1691 etiam

1207 1713 1295 1747 viro
1313 1725 1383 1748 suo
1393 1726 1412 1759 ,·
1427 1720 1464 1749 et
1479 1714 1741 1760 comederunt,
1756 1723 1794 1752 et
1809 1718 1935 1766 aperti
1953 1725 2043 1754 sunt
2063 1718 2166 1755 oculi

1209 1773 1410 1810 amborum
1417 1802 1429 1819 ,
1447 1781 1483 1810 et
1503 1783 1765 1825 cognoverunt
1783 1777 1889 1827 quod
1909 1778 2005 1815 nudi
2022 1788 2160 1817 essent.

1261 2015 1296 2053 5.
1310 2015 1470 2062 Quaestio
1483 2029 1611 2067 magna
1627 2016 1731 2055 nobis
1747 2017 1832 2056 hinc
1852 2019 2022 2068 nascitur,
2036 2033 2075 2059 ea
2094 2022 2162 2060 sci-

1205 2075 1307 2123 licet,
1328 2091 1436 2128 quam
1476 2091 1590 2129 nuper
1627 2078 1825 2130 pollicebar
1857 2081 1996 2119 caritati
2024 2093 2161 2121 vestra‘.

1207 2136 1339 2174 Merito
1359 2136 1455 2174 enim
1475 2137 1555 2187 quis
1569 2138 1771 2189 rogaverit,
1786 2154 1894 2190 quam
1908 2141 2078 2181 virtutem
2099 2144 2163 2182 ha-

1206 2196 1325 2234 buerit
1348 2197 1417 2235 hoc
1450 2197 1612 2249 lignum,
1640 2199 1742 2252 cujus
1764 2214 1843 2239 esus
1869 2202 2012 2241 illorum
2043 2205 2163 2243 oculos

1205 2257 1405 2309 aperuerit,
1421 2266 1454 2296 et
1468 2272 1578 2308 quare
1591 2259 1734 2310 lignum
1756 2262 1910 2301 scientiae
1925 2263 2010 2302 boni
2029 2275 2063 2303 et
2077 2267 2164 2305 mali

1205 2327 1363 2356 vocetur.
1377 2318 1426 2356 E't
1440 2318 1469 2356 si
1485 2319 1616 2371 placet,
1634 2331 1851 2374 exspectate,
1868 2333 1909 2362 ut
1921 2339 2036 2377 pauca
2054 2327 2162 2366 etiam

1204 2377 1250 2416 de
1271 2379 1329 2417 his
1350 2379 1526 2419 disserens
1552 2382 1736 2421 caritatem
1756 2394 1912 2424 vestiam
1942 2386 2110 2438 doceam,
2131 2390 2162 2428 si

1203 2429 1425 2478 voluerimus
1443 2441 1649 2493 prudenter,
1673 2458 1750 2494 quae
1774 2445 1810 2483 in
1829 2446 1951 2485 divina
1973 2419 2162 2502 Scriptitra

1203 2500 1374 2540 dicuntur
1391 2502 1637 2555 ,intelligere,
1654 2505 1746 2544 nihil
1765 2506 1943 2547 dictorum
1962 2510 2065 2549 nobis
2084 2511 2159 2549 dif-

1203 2555 1299 2600 ficile
1310 2563 1430 2601 visum
1445 2564 1500 2601 iri.
1513 2565 1635 2615 Neque
1648 2565 1741 2604 enim
1760 2581 1839 2605 esus
1853 2583 1898 2606 ex
1910 2583 1950 2607 eo
1964 2570 2063 2621 ligno
2078 2586 2162 2609 ocu-

1203 2623 1257 2662 los
1272 2623 1413 2662 illorum
1433 2625 1571 2676 aperuit
1585 2641 1592 2661 τ
1607 2640 1688 2664 nam
1703 2636 1736 2665 et
1758 2637 1838 2666 ante
1852 2643 1950 2667 esum
1964 2630 2157 2683 videbant3

1204 2685 1268 2723 sed
1281 2685 1363 2736 quia
1375 2700 1456 2724 esus
1468 2686 1529 2723 ille
1545 2686 1790 2726 inobedientia?
1803 2699 1876 2728 erat
1889 2694 2139 2743 argumentum
2150 2725 2161 2744 ‚

1205 2755 1239 2784 et
1271 2747 1520 2799 praevaricatio
1539 2748 1699 2786 mandati
1732 2764 1752 2787 a
1778 2751 1854 2789 Deo
1881 2752 2032 2791 traditi:
2053 2770 2163 2806 quam

1205 2808 1252 2846 ob
1273 2822 1418 2846 causam
1437 2818 1556 2861 postea
1576 2810 1702 2848 nudati
1724 2821 1805 2850 sunt
1832 2813 1963 2863 gloria,
1984 2830 2063 2866 quae
2083 2817 2163 2856 illos

1206 2869 1468 2917 circumdabat,
1488 2870 1570 2921 quia
1592 2885 1629 2909 se
1648 2871 1815 2923 indignos
1836 2873 1897 2911 tali
1923 2875 2056 2915 honore
2072 2879 2163 2917 fece-

1205 2940 1285 2968 rant
1295 2947 1303 2967 :
1313 2940 1497 2984 propterea
1505 2931 1690 2983 Scriptura
1702 2946 1836 2971 morem
1844 2949 1948 2973 suum
1958 2937 2163 2988 observans,

1206 2992 1320 3043 inquit
1339 3008 1346 3028 :
1362 2993 1638 3041 Comederunt‚
1653 3002 1690 3030 et
1707 2998 1831 3045 aperti
1845 3005 1934 3034 sunt
1952 3000 2057 3036 oculi
2075 3001 2163 3038 illo-

1205 3068 1308 3101 rum,
1324 3063 1360 3092 et
1375 3063 1636 3106 cognoverunt
1649 3057 1755 3107 quod
1767 3057 1863 3094 nudi
1874 3069 2023 3105 essent;
2038 3061 2163 3099 nudati

1205 3125 1350 3168 propter
1362 3124 1544 3168 peccatum
1555 3129 1746 3169 supernae„
1727 3118 1849 3157 “ratim
1863 3121 2007 3170 amictu,
2016 3123 2163 3161 sensibi-

1205 3183 1249 3220 lis
1268 3197 1340 3221 sua:
1355 3182 1529 3220 nuditatis
1543 3197 1685 3222 sensum
1699 3197 2064 3243 acceperunt‚11tpc1
2082 3205 2162 3229 eru-

109 3247 165 3281 θεν
191 3246 317 3295 ροπῆς,
349 3242 508 3291 αἴσθησιν
532 3244 751 3295 λαμὸάνουσι
781 3246 839 3284 καὶ
872 3249 936 3293 τῆς
964 3250 1134 3297 αἰσθητῆς
1155 3261 1179 3291 Ε
1204 3251 1440 3299 Βοςεοηῑίἃω,
1460 3265 1540 3301 quae
1560 3250 1785 3291 inv'adcbat
1775 3269 1888 3307 ipsos,
1908 3266 2001 3296 ccrto
2034 3259 2163 3297 scirent

152 3368 165 3382 ¹·
180 3355 325 3397 Quidam
341 3358 418 3390 Mss-
436 3362 664 3404 ἀποπληρῶσαι.

151 3410 170 3434 ¹·
186 3409 286 3441 Savil.
315 3416 348 3441 et
373 3410 448 3442 Mss.
469 3414 613 3448 τοααὺτην
641 3415 821 3454 φιλοτιμίαν.
837 3413 951 3450 Morcl.
970 3419 1115 3455 τοσαύτην

1150 3382 1165 3390 ,.

1151 3393 1165 3400 v

1172 3371 1235 3400 :im

1242 3371 1383 3410 'gumiz-a.
1402 3366 1550 3409 L‘traque
1567 3377 1629 3398 vox
1653 3366 1808 3410 quadrat.
