2516 3791
699 199 741 228 lN
781 199 883 230 CAP.
924 200 1050 230 XXV!-

109 283 185 323 ἀλλ’
217 282 412 321 ἐπίστευσε·
439 282 482 320 δι’
505 282 523 320 ὃ
543 282 602 320 καὶ
621 282 822 330 δικαιοσύνη
842 285 935 335 αὐτῷ
954 282 1127 334 ἐλογίσθη,

107 345 160 384 ὅτι
175 346 217 395 τῇ
237 343 380 394 δυνάμει
393 345 436 394 τῇ
452 345 520 395 ἐμῇ
536 342 735 390 πιστεύσας,
752 344 812 382 καὶ
827 350 902 388 ταῖς
918 343 1128 396 ὑποσχέσεσι

105 404 280 456 θαῤῥήσας
299 409 375 447 ταῖς
397 406 518 454 ἐμαῖς,
540 402 710 457 ἀνώτερος
729 404 847 456 γέγονε
869 408 931 451 τῆς
951 403 1129 447 ἀσθενείας

103 468 164 511 τῆς
184 464 411 516 ἀνθρωπίνης.
453 465 522 503 Καὶ
542 465 629 516 μετὰ
650 465 690 503 τὸ
706 464 743 503 σὲ
763 467 948 518 τεχθῆναι,
975 467 1036 511 τῆς
1060 481 1127 515 μη-

101 525 179 577 τρὸς
208 527 269 571 τ’ῆς
295 528 358 571 σῆς
380 525 671 579 δυσχεραινούσης
695 526 781 578 πρὸς
805 527 863 564 τὸν
889 525 1041 576 Ἰσμαὴλ
1068 525 1127 563 τὸν

99 589 138 625 ἐκ
168 589 231 632 τῆς
262 587 450 635 παιδίσκης
477 587 664 639 τεχθέντα,
699 588 757 625 καὶ
791 587 1002 639 βουλομένης
1023 587 1126 624 αὐτὸν

99 648 274 686 ἀπελάσαι
304 652 365 695 τῆς
395 648 505 692 οἰκίας
534 648 623 699 μετὰ
647 651 708 694 τῆς
734 648 869 702 Ἅγαρ,
899 646 988 685 ὥστε
1017 646 1125 697 μηδὲν

101 710 213 748 κοινὸν
234 709 326 761 ἔχειν
348 711 433 763 πρὸς
451 712 502 757 σὲ,
522 715 581 749 τοῦ
603 709 823 762 πατριάρχου
840 708 896 746 διὰ
917 708 981 755 τὴν
1000 724 1126 761 πατρι-

98 770 162 817 κὴν
194 771 436 824 φιλοστοργίαν
465 771 531 818 ἤδη
559 771 678 823 σχέσιν
708 771 785 808 τινὰ
813 770 872 808 καὶ
893 770 977 823 πρὸς
996 771 1124 808 ἐκεῖνον

96 830 254 882 ἔχοντος,
282 831 430 876 ἀκούσας
455 834 538 883 παρ’
561 834 645 882 ἐμοῦ
659 862 668 879 ,
697 832 749 869 ὅτι
768 832 807 869 τὸ
827 832 946 869 δοκοῦν
969 830 1060 868 ποίει
1080 834 1122 881 τῇ

99 893 242 944 Σάῤῥᾳ,
283 893 470 931 ἐπελάθετο
501 895 563 938 τῆς
594 894 740 944 φυσικῆς
771 891 1034 944 φιλοστοργίας,
1064 892 1124 930 καὶ

94 953 234 997 ἐξέὸαλε
263 955 321 993 τὸν
347 954 498 1005 Ἰσμαὴλ
519 953 607 1005 μετὰ
626 957 688 1000 τῆς
707 954 912 1001 παιδίσκης,
942 955 1002 992 καὶ
1028 970 1122 992 παν-

93 1018 202 1068 ταχοῦ
231 1015 405 1062 ὑπήκουσε
426 1017 489 1061 τῆς
522 1018 609 1066 εἶμ’ἥς
640 1019 775 1067 φωνῆς,
810 1016 868 1053 καὶ
905 1015 1050 1068 ἐφύλαξε
1077 1015 1122 1054 τὰ

93 1077 349 1128 προστάγματά
379 1093 456 1127 μου.
488 1077 558 1116 Καὶ
586 1076 653 1130 γὰρ
677 1077 717 1116 τὸ
741 1079 940 1116 τελευταῖον
966 1092 1120 1131 προστα-

92 1137 186 1189 χθεὶς
204 1140 261 1175 ὑπ’
286 1141 369 1189 ἐμοῦ
389 1141 437 1182 εἷς
456 1138 576 1177 Θυσίαν
599 1141 791 1190 ἀνενεγκεῖν
814 1139 872 1177 τὸν
894 1141 928 1177 ἐν
949 1140 999 1190 τῷ
1020 1138 1121 1190 γῆρει

92 1200 185 1251 αὐτῷ
206 1198 348 1237 δοθέντα
364 1230 373 1246 ,
399 1199 460 1237 τὸν
482 1199 572 1238 οὕτω
590 1200 842 1253 περιπόθητον,
862 1203 899 1238 οὗ
918 1201 1121 1254 περιειργά-

92 1275 178 1298 σατο
209 1261 248 1298 τὸ
278 1261 511 1313 πρόσταγμα,
540 1264 578 1300 οὐ
610 1262 822 1314 διεταράχθη
851 1261 909 1299 τὸν
939 1263 1119 1313 λογισμὸν,

91 1320 166 1358 οὐδὲ
197 1321 450 1360 ἀνεκοινώσατο
476 1325 518 1373 τῇ
550 1322 656 1374 μητρὶ
684 1324 728 1373 τῇ
752 1325 810 1371 σῇ,
833 1324 870 1361 οὖ
891 1327 964 1366 τοῖς
985 1323 1119 1368 παισὶν,

91 1383 128 1418 οὖ
153 1381 205 1419 σοὶ
226 1384 318 1434 αὐτῷ
340 1383 380 1421 τὸ
402 1382 527 1433 μέλλον
551 1383 611 1420 ὑπ’
638 1385 741 1421 αὐτοῦ
761 1383 1029 1435 πραχθήσεσθαι
1056 1399 1120 1421 κα-

90 1441 238 1487 τάδηλον
260 1443 448 1489 ἐποίησεν,
479 1444 555 1482 ἀλλ’
583 1443 770 1496 ἐρρωμένῳ
796 1447 846 1496 τῷ
873 1446 1032 1496 λογισμῷ
1060 1444 1120 1483 καὶ

89 1503 324 1556 συντεταμένῃ
357 1506 400 1555 τῇ
432 1504 608 1556 προθυμίᾳ
639 1506 686 1548 εἷς
705 1504 803 1557 ἔργον
821 1505 915 1558 ἄγειν
938 1506 977 1544 τὸ
998 1505 1119 1544 ἐπίτα-

93 1578 166 1614 γμα
188 1564 351 1614 ἠπείγετο
367 1564 406 1602 τὸ
425 1565 507 1616 ἐμόν
519 1581 526 1589 ·
553 1566 606 1604 διὸ
620 1566 684 1613 τὴν
705 1565 848 1618 γνώμην
870 1567 975 1606 αὐτοῦ
994 1584 1120 1620 στεφα-

91 1622 216 1672 νώσας,
246 1625 286 1663 τὸ
315 1625 412 1678 ἔργον
444 1625 604 1665 ἐκώλυσα
632 1627 804 1678 γενέσθαι.
846 1627 949 1667 Ἐπεὶ
982 1623 1040 1667 οῦν
1062 1628 1119 1667 διὰ

87 1684 226 1723 πάντων
249 1687 383 1733 πολλὴν
405 1687 602 1731 ἐπεδείξατο
619 1689 683 1736 τὴν
705 1689 863 1737 ὑπακοὴν
884 1691 944 1728 καὶ
960 1689 1118 1743 φυλακὴν

93 1749 162 1784 τῶν
191 1748 284 1797 ἐμῶν
309 1749 609 1800 προσταγμάτων,
636 1750 692 1789 διὰ
715 1756 813 1790 τοῦτο
833 1750 884 1799 σὲ,
903 1751 960 1790 τὸν
980 1751 1014 1796 ἐξ
1032 1751 1120 1791 ἐκεί-

87 1823 145 1846 νου
161 1809 328 1860 τεχθέντα
342 1839 351 1856 ,
380 1813 448 1848 τῶν
463 1811 687 1863 ὑποσχέσεων
706 1815 775 1850 τῶν
793 1815 839 1856 εἷς
857 1811 958 1851 αὐτὸν
976 1829 1120 1865 γεγενη-

90 1869 202 1919 μένων
221 1873 311 1908 ποιῶ
331 1871 558 1924 κληρονόμον.

143 1931 312 1982 Μίμησαι
326 1931 439 1970 τοίνυν
461 1932 592 1972 ἐκείνου
607 1933 670 1981 τὴν
686 1935 858 1984 ὑπακοὴν,
875 1936 935 1975 καὶ
949 1943 1019 1982 τοῖς
1033 1938 1118 1990 παρ’

86 1994 172 2043 ἐμοῦ
191 1992 389 2045 λεγομένοις
407 1994 562 2040 πίστευε,
578 1994 633 2034 ἵνα
648 1997 924 2042 πολυπλασίονος
938 2001 1000 2045 τ’ῆς
1017 2001 1118 2050 ἀμοι-

86 2055 150 2100 Εἶῆς
173 2054 334 2106 ἇξιωθῇς,
354 2055 442 2107 ὑπέρ
461 2073 498 2095 τε
513 2059 576 2103 τῆς
594 2062 651 2096 τοῦ
666 2060 796 2111 πατρὸς
819 2062 958 2111 ἀρετῆς,
975 2060 1063 2114 ὑπέρ
1079 2078 1116 2100 τε

84 2117 148 2161 τῆς
173 2115 301 2159 οἰκείας
328 2118 502 2163 ὑπακοῆς,
524 2118 583 2155 καὶ
613 2119 662 2169 μὴ
683 2120 842 2171 καταὸῇς
857 2123 904 2164 εἷς
924 2121 1115 2173 Αἴγυπτον,

86 2177 163 2214 ἀλλ’
187 2177 332 2215 ἐνταῦθα
353 2177 449 2227 μένε.
483 2173 584 2223 Εἶδες
605 2183 697 2218 Θεοῦ
719 2182 1002 2233 φιλανθρωπίαν,
1021 2183 1116 2228 ὅπως

82 2235 139 2274 διὰ
165 2239 228 2283 τῆς
257 2237 399 2288 μνήμης
432 2240 495 2284 τῆς
519 2242 644 2293 ἀρετῆς
669 2246 730 2280 τοῦ
754 2243 886 2294 πατρὸς
909 2243 1030 2282 τούτου
1055 2245 1113 2283 τὸν

83 2297 250 2348 λογισμὸν
279 2298 466 2351 ἐνεύρωσε,
493 2301 690 2354 Κατῴκησε
717 2302 771 2351 δὲ,
793 2303 913 2356 φησὶν,
935 2304 1059 2343 Ἰσαὰκ
1079 2308 1114 2343 ἐν

89 2358 269 2412 Γεράροις.
304 2358 401 2412 (Ὀρα
420 2367 491 2405 τοῖς
510 2364 626 2407 αὐτοῖς
642 2364 702 2402 καὶ
721 2368 839 2403 τοῦτον
857 2365 1115 2418 περιπίπτοντα

83 2419 218 2471 σχεδὸν,
237 2415 286 2463 οἷς
305 2423 323 2458 ὁ
339 2421 456 2475 πατὴρ
471 2424 689 2476 περιέπεσεν.
723 2426 871 2473 Ἐπειδὴ
886 2427 955 2480 γὰρ
968 2427 1031 2475 τὴν
1047 2444 1113 2466 κα-

81 2479 238 2526 τοίκησιν
252 2482 442 2529 ἐποιήσατο
457 2485 491 2521 ἐν
507 2486 535 2523 Γ
538 2502 552 2523 ε
559 2486 686 2538 ράροις,
702 2487 796 2534 Ἔπη
803 2487 977 2541 ρώτησαν,
993 2490 1110 2541 φησὶν,

81 2542 112 2579 οἱ
134 2541 254 2594 ἄνδρες
271 2548 331 2603 τοῦ
349 2542 456 2582 τόπου
473 2547 554 2599 περὶ
570 2550 632 2593 τῆς
657 2547 849 2593 Ῥεὸέκκας
869 2552 932 2596 τῆς
948 2551 1111 2602 γυναικὸς

81 2601 199 2648 αὐτοῦ,
215 2602 274 2638 καὶ
289 2605 384 2640 εἶπεν
396 2632 405 2650 ,
430 2605 561 2658 ἀδελφή
579 2623 644 2657 μου
661 2610 753 2646 ἐστιν
765 2624 772 2631 ·
790 2609 944 2661 ἐφοὸήθη
961 2609 1030 2662 γὰρ
1046 2611 1112 2661 μή·

80 2675 165 2700 ποτε
184 2663 434 2703 ἀποκτείνωσιν
453 2667 574 2715 αὐτὸν,
589 2668 785 2720 ἡττώμενοι
800 2675 860 2709 τοῦ
877 2672 1026 2716 κάλλους
1046 2676 1109 2720 τῆς

79 2723 252 2772 γυναικός.
291 2725 440 2771 Μήποτε
457 2727 537 2780 γὰρ,
558 2730 675 2782 φησὶν,
690 2731 942 2771 ἀποκτείνωσιν
956 2734 1059 2772 αὐτὸν
1075 2735 1107 2772 οἱ

80 2782 201 2845 ἀνδρες
222 2787 281 2822 τοῦ
301 2784 408 2824 τόπου
427 2788 508 2841 περὶ
531 2790 741 2840 Ῥεὸέκκας,
762 2793 814 2830 ὅτι
831 2793 945 2845 ὡραία
962 2797 1005 2846 τῇ
1028 2795 1106 2848 ὄψει

77 2847 131 2890 ἠν.
170 2843 330 2896 Ἐγένετο
364 2847 400 2886 δὲ
432 2851 658 2903 πολυχρόνιος
691 2857 773 2892 ἐκεῖ.
819 2856 1039 2908 Παρακύψας
1069 2856 1105 2895 δὲ

79 2903 266 2957 Ἀὸιμέλεχ
295 2901 363 2945 εἶδε
392 2909 450 2947 τὸν
474 2912 597 2950 Ἰσαὰκ
618 2914 787 2958 παίζοντα
806 2916 895 2967 μετὰ
914 2917 1105 2962 Ῥεὸέκκας

76 2968 138 3012 τῆς
154 2967 316 3029 γυναικὸς
340 2971 464 3018 αὐτοῦ,
499 2973 558 3010 καὶ
585 2975 750 3013 ἐκάλεσεν
774 2978 895 3026 αὐτὸν,
929 2979 988 3016 καὶ
1008 2973 1102 3017 εἶπεν

80 3029 191 3078 αὐτῷ·
214 3029 297 3080 Ἀρά
315 3045 354 3081 γε
373 3031 460 3082 γυνή
482 3034 541 3071 σού
561 3037 676 3082 ἐστιν;
706 3038 754 3075 Τί
769 3038 822 3076 ὅτι
844 3033 950 3088 εἶπες,
973 3041 1104 3093 ἀδελφή

79 3104 144 3138 μου
161 3089 253 3126 ἐστίν
269 3105 280 3137 ;
303 3092 451 3138 Ἐπειδὴ
473 3094 512 3131 ἐκ
532 3097 600 3133 τῶν
618 3098 816 3150 τεκμηρίων
833 3101 996 3152 ἐφωράθη
1013 3105 1030 3139 ὃ
1048 3102 1103 3140 δί-

77 3164 186 3197 καιος,
206 3151 320 3189 οὐκέτι
341 3154 460 3192 λοιπὸν
482 3158 650 3207 ἀρνεῖται,
669 3160 744 3197 ἀλλ’
761 3163 942 3213 ὁμολογεῖ,
960 3162 1020 3200 καὶ
1040 3161 1102 3209 τὴν

78 3210 193 3248 αἰτίαν
222 3214 371 3267 φανερὰν
400 3216 606 3267 καθίστησι,
636 3219 678 3257 δι’
705 3220 747 3267 ἣν
778 3222 929 3274 ἀδελφὴν
957 3223 1103 3263 καλέσαι

77 3270 293 3316 κατεδέξατο.
324 3269 412 3314 Eine
443 3278 535 3331 γὰρ,
564 3280 672 3331 φησὶ,
707 3281 841 3332 μήποτε
869 3284 1033 3323 ἀποθάνω
1058 3285 1102 3322 δι’

78 3329 185 3376 αὐτήν
197 3346 204 3354 ·
225 3335 243 3370 ὃ
259 3337 318 3371 τοῦ
335 3335 482 3375 θανάτου
501 3337 605 3389 φόὸος
620 3341 670 3382 εἷς
687 3341 790 3380 τοῦτό
806 3358 848 3393 με
864 3343 975 3381 ἐλθεῖν
991 3359 1103 3392 κατη-

76 3390 259 3441 νάγκασεν.
300 3394 402 3439 Ἴσως
421 3396 456 3435 δὲ
477 3399 692 3449 μεμαθηκὼς
707 3395 771 3451 ἦν,
792 3402 846 3442 ὅτι
868 3404 927 3442 καὶ
946 3407 963 3442 ὁ
985 3405 1104 3457 πατὴρ

1090 199 1251 230 GENES.
1293 199 1448 231 nomn„

2067 189 2145 235 581

1202 282 1381 333 gaudum,
1405 292 1442 320 ut
1472 296 1613 321 omnem
1638 291 1767 319 terram
1797 291 1885 319 esset
1906 283 2138 335 impleturum
2147 302 2158 334 3

1202 358 1314 395 neque
1330 353 1414 382 tunc
1437 344 1556 382 animo
1588 344 1753 382 turbatus
1783 344 1865 391 suit,
1891 343 1953 381 scd
1976 344 2127 383 credidit
2149 363 2155 381 :

1493 199 1548 231 Lt.

1203 403 1281 442 ideo
1299 414 1332 442 et
1349 405 1384 443 in
1405 406 1585 457 justitiam
1600 405 1630 443 ci
1648 414 1854 458 reputatum
1878 414 1951 455 est,
1975 406 2057 456 quia
2085 407 2157 444 vir·
2176 410 2250 438 Gen.
2272 411 2359 441 ι5.6.

1203 465 1269 502 uui
1294 481 1379 503 luca:
1407 466 1600 517 credendo,
1626 477 1659 505 et
1689 468 1724 505 in
1749 466 2047 519 promissionibus
2074 468 2161 506 meis

1201 540 1298 577 spem
1337 527 1518 575 habendo,
1558 528 1712 566 humana
1755 528 1962 566 infirmitate
2000 528 2162 580 superior

1200 587 1278 624 suit.
1301 588 1344 625 Et
1370 598 1557 639 postquam
1581 599 1617 626 tu
1646 598 1749 627 natus
1775 604 1822 638 es,
1852 604 1932 627 curn
1962 598 2073 627 mater
2102 599 2160 628 tua

1198 657 1419 686 succenseret
1433 650 1572 687 Isuia'cli
1591 664 1635 688 ex
1651 651 1780 687 ancilla
1797 661 1889 699 nato,
1905 660 1937 688 et
1952 651 2056 689 vellet
2079 666 2160 689 cum

1196 709 1340 760 abigere
1354 724 1374 746 a
1388 709 1495 747 domo
1521 725 1601 747 cuni
1622 713 1729 760 Agar,
1744 712 1790 748 ita
1809 721 1843 749 ut
1865 712 1954 749 nihil
1973 727 2159 752 commune

1196 769 1249 807 illi
1270 779 1387 808 tecum
1406 781 1508 819 esset,
1530 771 1610 809 lieet
1627 772 1660 809 iu
1681 773 1782 809 illuni
1800 773 1999 824 patriarcha
2012 784 2157 826 paterna

1196 840 1229 868 et
1246 832 1399 882 genuina
1431 830 1620 870 dilectione
1652 833 1740 870 bene
1764 833 1966 870 afficeretur
1985 850 1992 870 τ
2009 834 2158 873 audiens

1138 927 1185 951 503
1196 901 1311 931 tamen
1323 907 1343 930 a
1358 908 1424 941 mc,
1438 893 1507 931 sibi
1525 893 1725 932 iaciendum
1741 893 1921 945 essequod
1938 895 2054 933 visum
2069 906 2157 934 esset

1150 964 1176 993 Λ
1195 953 1325 1002 Sarrae,
1345 955 1478 993 oblitus
1495 955 1666 993 naturalis
1683 955 1899 1001 dilectionis,
1921 956 2023 1007 ejecit
2044 959 2156 995 Isma-

1194 1015 1284 1054 'elcm
1305 1030 1386 1054 cum
1405 1016 1551 1066 ancilla,
1570 1025 1603 1054 ct
1617 1030 1755 1068 semper
1774 1015 1934 1054 obedivit
1950 1018 2029 1056 voci
2051 1033 2151 1064 meze,

1193 1091 1235 1114 ae
1248 1076 1442 1115 custodivit
1460 1087 1634 1129 praecepta
1663 1092 1754 1116 mea.
1781 1077 1943 1127 Denique
1967 1092 2046 1115 cum
2064 1094 2156 1130 pra!-

1194 1138 1363 1189 cepissem
1389 1138 1438 1188 ei,
1462 1147 1501 1175 ut
1530 1138 1618 1175 mihi
1640 1139 1674 1175 in
1697 1137 1913 1176 sacrificium
1945 1139 2085 1176 offerret
2112 1141 2155 1177 fi-

1192 1199 1283 1236 lium
1292 1199 1326 1237 in
1338 1209 1516 1238 senectute
1527 1200 1594 1237 sibi
1609 1214 1829 1244 concessum,
1842 1209 1959 1236 ettam
1969 1199 2155 1248 dilectum,

1192 1260 1282 1297 nihil
1307 1270 1472 1298 causatus
1493 1270 1563 1309 est,
1584 1275 1697 1311 neque
1722 1260 1899 1298 curiosius
1917 1260 1962 1298 de
1981 1271 2155 1314 praerepto

1190 1319 1390 1371 inquisivit,
1405 1336 1517 1372 neque
1536 1322 1699 1359 turbatus
1716 1330 1765 1359 est
1783 1331 1912 1371 mente,
1928 1336 2041 1372 neque
2059 1337 2154 1360 coiu-

1190 1382 1388 1420 municavit
1414 1397 1497 1420 cum
1526 1393 1638 1421 matre
1664 1392 1745 1432 tua,
1770 1397 1882 1434 neque
1910 1398 1991 1421 cum
2016 1385 2152 1436 pueris,

1189 1457 1302 1494 neque
1333 1453 1473 1494 tecum,
1508 1444 1595 1496 quid
1635 1445 1794 1482 facturus
1829 1454 1933 1494 esset3
1972 1445 2034 1483 sed
2070 1446 2151 1483 sorti

1190 1514 1307 1544 mente
1326 1515 1359 1544 et
1380 1506 1513 1557 ingenti
1545 1506 1732 1544 alacritate
1767 1507 1968 1556 festinavit,
1992 1517 2030 1544 ut
2052 1522 2152 1545 man-

1189 1565 1315 1605 datum
1352 1581 1472 1605 meum
1509 1567 1673 1620 impleret
1701 1583 1710 1604 z
1749 1567 1899 1620 proinde
1930 1568 2150 1606 voluntatem

1191 1627 1265 1678 ejus
1287 1629 1472 1677 coronavi,
1495 1643 1585 1681 opus
1612 1638 1732 1666 autem
1759 1637 1798 1665 ut
1826 1628 2055 1680 perficeretur
2080 1644 2148 1668 non

1190 1688 1331 1726 admisi.
1364 1690 1583 1742 Eapropter,
1613 1690 1698 1741 quia
1730 1689 1765 1727 in
1793 1689 1959 1727 omnibus
1982 1704 2149 1741 magnam

1190 1750 1427 1788 obedjentiam
1454 1750 1670 1799 declaravit,
1704 1759 1737 1788 et
1769 1749 2020 1788 mandatorum
2046 1765 2147 1789 meo-

1190 1826 1272 1849 rum
1291 1811 1509 1861 custodiam,
1529 1821 1562 1849 te
1576 1826 1622 1850 ex
1637 1811 1699 1849 illo
1713 1820 1837 1849 natum
1853 1812 2146 1864 promissionum,

1189 1888 1268 1925 quae
1287 1874 1340 1912 illi
1357 1875 1457 1912 sactae
1474 1884 1571 1923 sunt,
1591 1873 1758 1913 heredem
1778 1874 1879 1911 facio.

1242 1937 1278 1974 5.
1309 1937 1454 1974 Imitare
1484 1936 1594 1988 igitur
1622 1935 1722 1973 illius
1750 1934 2010 1983 obedientiam,
2039 1945 2072 1973 et
2102 1936 2147 1975 iis

1188 2012 1265 2049 quae
1280 2012 1299 2035 a
1315 2012 1371 2036 me
1397 1997 1491 2036 dicta
1519 2007 1602 2036 sunt
1630 1997 1732 2035 crede
1747 2027 1756 2045 ,
1779 2006 1818 2034 ut
1841 1997 1955 2035 multo
1980 1997 2146 2050 pluribus

1187 2059 1407 2097 remunerari
1421 2058 1554 2110 dignus
1568 2058 1733 2107 habeare,
1749 2067 1782 2096 et
1798 2072 1863 2110 pro
1879 2058 1990 2110 patris
2006 2059 2059 2096 tui
2071 2060 2147 2097 vir-

1187 2128 1273 2165 tute,
1298 2129 1332 2157 et
1349 2134 1414 2172 pro
1434 2129 1495 2157 tua
1520 2119 1722 2157 obedientia
1747 2135 1754 2155 :
1778 2128 1811 2156 et
1830 2133 1873 2156 ne
1893 2118 2085 2157 descendas
2110 2120 2144 2158 iu

1186 2180 1400 2232 AEgyptum,
1418 2180 1477 2218 sed
1505 2179 1563 2217 hic
1581 2193 1694 2217 mane.
1712 2178 1847 2218 Vidisti
1865 2180 1930 2217 Dei
1946 2179 2146 2219 misericor-

1183 2240 1303 2290 diam,
1337 2241 1516 2293 quomodo
1535 2255 1598 2294 per
1616 2240 1830 2279 mentionem
1861 2241 2006 2279 virtutis
2034 2243 2146 2294 patris

1184 2303 1293 2356 hujus
1323 2313 1475 2341 mentem
1499 2303 1706 2341 roboravit?
1725 2305 1761 2341 6.
1782 2305 1990 2341 Habitavit
2015 2313 2146 2342 aulem

1183 2367 1300 2404 Isaac
1328 2368 1369 2402 in
1391 2366 1566 2404 Geraris.
1589 2364 1684 2404 Vide
1702 2364 1882 2415 quomodo
1905 2365 2014 2402 ferme
2035 2365 2070 2402 in
2087 2379 2144 2403 ea-

1136 2442 1160 2472 c
1180 2426 1263 2464 dem
1292 2426 1451 2479 pericula
1478 2426 1606 2465 incidit
1633 2426 1715 2474 ille,
1737 2427 1772 2464 in
1792 2441 1872 2477 quae
1889 2436 1920 2464 et
1937 2436 2038 2479 pater
2054 2427 2141 2479 ejus.

1181 2489 1273 2526 Nam
1289 2502 1370 2526 cum
1381 2488 1606 2526 domicilium
1621 2488 1768 2526 haberet
1784 2488 1818 2525 in
1836 2488 1996 2531 Geraris,
2012 2490 2046 2525 7.
2067 2490 2141 2525 Ro-

1177 2559 1381 2602 gaverunt,
1407 2550 1534 2601 inquit,
1562 2552 1641 2587 viri
1664 2550 1739 2587 loci
1769 2550 1877 2587 illius
1900 2550 1947 2586 de
1968 2551 2141 2587 Rebecca

1179 2625 1299 2649 uxore
1326 2613 1422 2663 ejus,
1457 2619 1493 2648 et
1523 2611 1636 2656 dixit,
1666 2611 1781 2648 Soror·
1806 2623 1892 2647 mea
1921 2618 2001 2654 e5t‚·
2020 2609 2140 2647 timuit

1177 2672 1271 2710 enim
1285 2687 1328 2710 ne
1341 2673 1431 2709 forte
1445 2671 1643 2709 occiderent
1657 2685 1750 2719 eum,
1764 2670 1847 2708 victi
1869 2670 2139 2721 pulchritudine

1178 2734 1326 2772 uxoris:
1350 2735 1411 2771 Ne
1431 2735 1535 2785 sorte
1567 2733 1746 2769 occidant
1776 2746 1876 2777 enm,
1906 2731 2034 2782 inquit,
2059 2735 2139 2770 viri

1178 2796 1253 2833 loci
1281 2803 1438 2847 propter
1466 2795 1691 2836 Rebeccam,
1713 2795 1807 2845 quia
1836 2793 2004 2844 pulchra
2030 2794 2138 2844 facie

1176 2865 1272 2894 erat.
1293 2856 1331 2894 8.
1352 2857 1447 2893 Fuit
1463 2863 1592 2892 autem
1608 2854 1691 2890 illic
1708 2854 1822 2905 longo
1840 2862 2018 2905 tempore.
2037 2854 2137 2892 Abi-

1176 2918 1323 2956 melech
1363 2925 1493 2953 autem
1529 2929 1617 2952 cnm
1650 2917 1881 2966 prospiceret
1915 2926 1992 2966 ρει*
2017 2916 2137 2967 sene-

1175 2987 1311 3024 stram,
1344 2978 1447 3014 vidit
1476 2979 1592 3013 Isaac
1625 2975 1819 3013 ludentem
1849 2989 1936 3013 cum
1964 2977 2136 3014 Rebecca

1175 3053 1296 3077 uxore
1310 3053 1396 3084 sua,
1413 3039 1452 3076 9.
1474 3047 1509 3075 et
1522 3039 1680 3074 vocavit
1696 3050 1796 3082 eum,
1809 3045 1844 3074 et
1861 3037 1961 3074 dixit
1975 3040 2010 3075 ei
2019 3053 2030 3073 .·
2041 3040 2136 3075 Pro-

1128 3100 1276 3151 Dsecto
1302 3113 1402 3137 uxor
1433 3107 1501 3136 tua
1531 3105 1600 3134 est.
1625 3098 1706 3135 Cur
1735 3098 1885 3143 dixisti,
1912 3099 2029 3137 Soror
2051 3113 2135 3136 mea

1174 3165 1257 3199 est?
1278 3161 1468 3211 Postquam
1497 3173 1541 3196 ex
1573 3158 1784 3210 conjecturis
1811 3158 2051 3211 deprehensus
2084 3170 2135 3198 est

1169 3222 1302 3274 justus,
1320 3235 1388 3259 non
1404 3221 1499 3258 ultra
1528 3228 1631 3271 negat
1652 3235 1660 3256 :
1682 3219 1742 3258 sed
1765 3220 1914 3269 fatetur,
1936 3230 1969 3259 et
1991 3235 2133 3258 causam

1174 3283 1359 3321 manifeste
1378 3281 1476 3318 asser!
1489 3310 1498 3324 ,
1518 3295 1629 3331 quare
1646 3284 1803 3319 sororem
1832 3281 2029 3319 vocandam
2054 3295 2135 3318 cen-

1174 3344 1294 3381 suerit.
1332 3343 1445 3380 Dixit
1475 3343 1590 3389 enim,
1626 3341 1756 3392 inquit,
1785 3343 1845 3380 Ne
1858 3343 1972 3395 forte
1994 3344 2138 3378 moriar

1174 3413 1328 3456 propter
1342 3406 1465 3455 ipsam
1485 3418 1494 3438 :
1514 3402 1638 3441 mortis
1660 3403 1766 3442 timor
1781 3417 1837 3442 me
1853 3403 1919 3441 hoc
1933 3416 2036 3454 agere
2054 3416 2133 3441 coe-
