2433 3775
250 206 306 251 52
653 217 690 248 S.

247 304 293 341 (lo
323 303 424 340 ulcus
452 301 624 340 curationi
648 300 798 348 resistit,
827 306 964 351 oportet
992 296 1144 335 violenta
1164 303 1197 331 et

247 363 426 402 mordacia
468 362 676 411 admovere,
712 374 781 411 quo
829 359 953 397 morbo
993 363 1198 395 occurratur

248 434 362 462 citius.

299 606 335 644 5.
357 606 504 644 Discant
523 604 634 656 igitur
649 615 769 641 onmes
782 601 838 639 his
853 598 1063 638 criminibus
1082 597 1199 636 obno-

246 668 317 714 xii,
337 667 365 704 si
385 675 464 718 post
489 665 583 702 lianc
614 672 772 702 nostram
801 660 1080 700 admonitionem
1103 659 1138 697 in
1161 673 1200 697 ea

246 726 460 778 negligentia
482 724 692 773 manserint,
708 736 778 761 non
797 722 1007 761 toleraturos
1036 734 1119 769 nos,
1138 719 1201 758 sed

244 787 384 838 legibus
400 786 645 825 ecclesiasticis
663 798 800 834 usuros,
815 793 848 823 et
868 797 995 835 magna
1013 782 1202 821 vehemen-

247 850 293 886 tia
315 848 494 895 <locun-os,
516 861 558 886 ne
576 847 659 885 talia
677 846 825 899 posthae
848 844 1094 892 committant,
1115 857 1201 883 neve

248 918 344 947 tanto
359 918 537 947 contemtu
554 907 678 947 divina
697 906 848 944 audiant
864 904 1015 956 eloquia.
1036 904 1119 942 Haee
1136 917 1201 941 au·

247 980 314 1009 tem
335 984 405 1008 non
430 970 475 1008 de
496 969 662 1008 omnibus
690 968 749 1006 hic
777 965 998 1018 congregatis
1015 964 1118 1013 dico,
1138 963 1201 1002 sed

245 1032 289 1070 de
302 1032 387 1069 huic
403 1031 517 1083 eulpae
534 1030 710 1068 obnoxiis.
723 1027 902 1066 Omnibus
917 1025 1064 1077 quidem
1082 1024 1199 1074 loqui-

245 1108 345 1141 mur;
367 1092 428 1131 sed
450 1107 555 1130 suum
574 1091 750 1129 auditores
771 1088 902 1140 quique
925 1085 1124 1124 remedium
1140 1099 1198 1123 ca-

246 1153 366 1205 piant:
384 1167 463 1191 reus
479 1152 622 1204 quidem
640 1160 678 1189 ut
695 1166 714 1189 a
734 1150 865 1188 delicto
884 1147 1045 1197 desistat,
1070 1155 1105 1185 et
1129 1159 1196 1185 non

246 1216 338 1253 ultra
363 1213 628 1267 progrediatur,
650 1212 710 1250 sed
731 1210 849 1249 studio
875 1223 939 1248 suo
968 1208 1122 1260 seipsum
1144 1221 1198 1245 re-

245 1286 367 1325 vocet,
384 1285 417 1313 et
436 1283 550 1313 errata
579 1273 752 1325 corrigat,
772 1270 939 1310 innoxius
959 1283 1044 1309 vero
1063 1268 1198 1307 cautior

245 1338 308 1375 siat
338 1346 375 1374 ut
401 1351 444 1374 ne
473 1335 648 1387 capiatur,
676 1347 763 1372 neve
793 1330 986 1383 aliquando
1012 1344 1092 1368 reus
1119 1330 1196 1367 fiat.

245 1399 421 1436 Caeterum
449 1406 487 1434 ut
507 1411 553 1434 ex
569 1396 674 1433 rebus
693 1395 781 1447 ipsis
801 1403 923 1432 vestrae
948 1391 1087 1430 caritati
1115 1405 1198 1443 per-

246 1458 480 1506 suadeamus,
513 1472 557 1494 ex
587 1469 706 1494 amore
741 1454 927 1505 studioque
960 1451 1070 1491 vestri
1105 1451 1201 1489 hune

246 1529 408 1558 nostrum
426 1517 539 1555 animi
558 1517 717 1555 dolorem
746 1515 944 1567 profectum
963 1527 1036 1551 esse
1048 1543 1058 1561 ,
1079 1521 1113 1551 et
1139 1526 1202 1550 nos

245 1580 292 1619 ad
309 1581 385 1618 haec
400 1579 550 1617 dicenda
574 1577 747 1630 impulsos
764 1590 836 1615 esse
855 1575 954 1626 quod
970 1574 1126 1612 multum
1145 1588 1203 1612 sa-

245 1640 312 1677 luti
342 1649 467 1678 vestrae
499 1638 704 1676 timeremus
735 1651 742 1672 :
774 1649 838 1687 age
865 1635 995 1673 iterum
1019 1648 1082 1672 nos
1107 1634 1201 1686 ipsos

245 1701 338 1739 bona
355 1714 416 1752 spe
436 1700 613 1746 foventes,
634 1705 838 1735 consuetam
864 1695 965 1734 vobis
983 1709 1202 1747 apponamus

246 1761 465 1810 doctrinam,
499 1759 720 1797 declarantes
747 1766 953 1809 paternam,
985 1770 1094 1807 quam
1119 1769 1200 1807 erga

246 1837 311 1861 vos
327 1822 494 1873 gerimus,
505 1819 790 1859 benevolentiam
806 1834 813 1854 z
832 1817 906 1862 sed,
921 1831 995 1866 oro,
1012 1816 1204 1868 diligenter

245 1883 352 1921 dietis
381 1882 590 1930 auscultate,
605 1889 645 1917 ut
664 1879 796 1930 majore
816 1892 898 1915 cum
916 1878 1034 1914 fructu
1055 1876 1204 1915 domum
1223 1913 1254 1944 43

246 1944 362 1982 redire
384 1943 500 1980 liceat.
522 1943 649 1993 Operae
675 1939 830 1992 pretium
852 1947 970 1976 autem
988 1947 1051 1985 est,
1071 1952 1109 1975 ea
1125 1952 1203 1988 quae
1229 1954 1253 1983 Α

246 2019 340 2042 nune
358 2005 447 2041 lecta
461 2011 542 2040 sunt
555 2000 693 2039 caritati
714 2008 839 2037 vestrae
860 1998 988 2037 dicere.
1004 1999 1065 2036 14.
1079 2000 1133 2037 Et
1146 2000 1204 2036 di-

247 2070 317 2115 sic,
334 2065 462 2115 inquit,
483 2066 584 2101 Deus
603 2078 613 2097 .·
633 2064 754 2098 Fiant
778 2061 990 2098 luminaria
1009 2063 1051 2097 in
1067 2061 1204 2111 firma-

249 2136 377 2165 mento
392 2126 476 2163 caeli
491 2125 544 2162 ad
556 2124 882 2160 illuminationem
909 2134 1022 2171 super
1046 2129 1204 2169 terram,

249 2198 289 2226 ut
310 2188 489 2225 dividant
520 2188 621 2223 inter
647 2185 748 2221 diem
776 2191 812 2221 el
834 2185 935 2220 inter
968 2189 1128 2219 noctem.
1152 2183 1205 2219 Et

249 2253 325 2287 sint
347 2251 388 2285 in
408 2251 534 2299 signa,
554 2254 590 2283 et
611 2248 652 2281 in
671 2256 858 2294 tempora,
877 2250 912 2279 et
931 2245 973 2279 in
992 2242 1085 2289 dies,
1106 2249 1142 2278 et
1162 2243 1205 2278 ιή

251 2322 388 2347 annos.
404 2309 521 2346 45.Ec
532 2309 608 2344 sint
620 2306 672 2343 ad
682 2305 1012 2341 illuminationem
1023 2302 1206 2354 infirma-

251 2379 379 2408 mento
402 2369 487 2407 caeli
504 2383 514 2403 .·
529 2370 585 2404 ita
601 2374 640 2403 ut
659 2366 815 2403 luceant
838 2377 951 2415 super
971 2371 1127 2401 terram.
1152 2364 1205 2400 Et

247 2433 403 2483 factum
417 2431 555 2467 ostica.
582 2427 773 2477 Postquam
799 2424 894 2462 euim
917 2423 991 2462 heri
1006 2437 1069 2462 nos
1082 2423 1205 2462 docuit

252 2493 377 2530 beatus
395 2492 523 2537 Moses,
542 2486 720 2540 quomodo
744 2487 829 2524 inf01
839 2499 930 2523 mem
956 2493 1086 2523 terram
1105 2499 1205 2524 orna-

253 2553 346 2592 verit
365 2549 521 2590 universi
543 2549 714 2587 Conditor
730 2547 865 2595 herbis,
887 2555 919 2584 et
938 2545 1066 2584 florum
1084 2546 1204 2585 varie—

254 2623 344 2660 tate,
363 2622 397 2651 et
418 2611 591 2650 seminum
621 2609 795 2661 germine,
815 2607 924 2644 hodic
946 2621 1142 2645 sermonem
1160 2607 1207 2644 ad

254 2684 420 2714 ornatum
440 2673 514 2711 caeli
532 2671 652 2709 vertit.
671 2672 762 2708 Nam
774 2669 865 2707 sieut
874 2677 967 2706 terra
983 2677 1127 2706 ornatur
1144 2682 1208 2719 per

255 2750 294 2773 ea
315 2749 394 2785 quae
409 2748 453 2770 ex
471 2733 545 2784 ipsa
566 2731 791 2783 proveniunt,
812 2729 863 2767 sic
880 2729 1007 2767 caelum
1035 2729 1101 2766 hoe
1122 2728 1206 2767 visi-

256 2793 328 2831 bile
349 2791 477 2829 clarius
494 2799 526 2826 et
543 2788 717 2839 fulgidius
731 2787 826 2835 feeit,
840 2796 1016 2825 astrorum
1038 2786 1208 2825 varietate

256 2853 347 2891 illud
368 2852 451 2889 liine
485 2850 564 2887 inde
595 2849 837 2899 distinguens,
857 2846 1052 2899 praesertim
1079 2847 1210 2885 forma-

257 2915 351 2952 tione
364 2912 517 2950 duorum
533 2924 744 2958 magnorum
770 2907 1016 2951 luminarium,
1030 2907 1114 2945 solis
1125 2937 1136 2957 ,
1157 2908 1209 2945 in-

255 2988 376 3025 quam,
389 2981 423 3009 et
436 2972 538 3008 lunae.
555 2972 616 3008 16.
632 2971 684 3007 Ec
694 2970 920 3021 secitDeus,
932 2967 995 3018 ait,
1008 2969 1083 3006 cluo
1098 2968 1209 3006 lumi-

260 3038 373 3073 naria
389 3046 544 3084 magna,
567 3032 757 3068 luminare
778 3043 961 3082 magnum
978 3038 1019 3066 ut
1030 3038 1208 3081 praeesset

259 3097 348 3141 diei,
364 3103 398 3132 et
417 3095 608 3130 luminare
634 3094 758 3127 minus
777 3099 815 3127 ut
830 3098 1010 3142 praeesset
1035 3093 1151 3139 nocti,
1170 3100 1204 3128 ec

257 3156 403 3195 stellas.
414 3152 548 3192 Vidisti
561 3151 769 3202 sapientiam
780 3150 950 3201 opificis?
963 3150 1067 3188 Dixit
1079 3151 1207 3197 solum,

257 3227 290 3255 ct
311 3215 524 3268 productum
556 3222 605 3249 est
636 3212 701 3248 lior.
731 3211 944 3248 admirabile
970 3212 1206 3262 elementum,

258 3277 366 3316 solem
382 3275 476 3312 dico.
496 3273 596 3310 llunc
609 3271 701 3310 euim
716 3280 816 3309 vocat
830 3271 1004 3309 luminare
1022 3286 1204 3325 magnum,

303 3383 318 3406 Ι)
336 3378 456 3421 [Coisl.
472 3381 663 3420 ἐπιμένουσιν.
681 3377 774 3409 Fon,
793 3374 854 3418 leg.
874 3378 1090 3422 ἐπιμενοῡσινς]

729 217 913 248 JOANMS
950 213 1194 245 CHRYSOST.
1228 212 1432 242 ARCfflEP.
1471 211 1834 243 CONSTANTINOP.

1272 293 1315 331 τὰ
1354 292 1525 331 σατανικὰ
1563 293 1721 345 συνέδρια
1753 297 1867 333 ἐκεῖνα
1895 295 2050 346 δράμητε
2065 324 2074 341 ,
2107 293 2298 343 ἀναγκαῖον

1272 352 1583 403 διαμαρτύρασθαι.
1606 353 1696 391 Οὐδὲ
1733 354 1800 405 γὰρ
1831 354 1979 392 πάντοτε
2010 354 2116 392 καλὸν
2136 356 2294 404 προσηνῆ

1274 412 1446 464 φάρμακα
1462 412 1671 461 ἐπιτιθέναι,
1689 415 1767 452 ἀλλ’
1780 414 1862 453 ὅταν
1878 410 1900 467 ἦ
1915 415 1954 453 τὸ
1967 415 2067 458 ἕλκος
2083 413 2295 458 δυσένδοτον,

1274 473 1326 510 δεῖ
1344 472 1404 510 καὶ
1422 473 1466 511 τὰ
1489 473 1660 525 στύφοντα
1687 475 1747 512 καὶ
1771 474 1816 512 τὰ
1841 475 1977 514 δάκνειν
1999 476 2174 525 δυνάμενα
2191 489 2296 526 προσ-

1274 533 1384 585 άγειν,
1405 532 1462 572 ἵνα
1477 539 1602 586 ταχεῖα
1627 533 1769 586 γένηται
1797 538 1819 581 ἡ
1841 536 2031 589 διόρθωσις.

1327 595 1545 632 Μαθέτωσαν
1577 594 1690 633 τοίνυν
1724 595 1874 638 ἅπαντες
1905 598 1936 633 οἳ
1966 602 2037 640 τοῖς
2081 595 2298 646 ἐγκλήμασιν

1274 655 1476 702 ὑπεύθυνοι,
1496 656 1548 695 ὅτι
1571 658 1599 694 εἷ
1620 657 1679 695 καὶ
1700 655 1788 707 μετὰ
1820 648 1947 703 ταύτην
1963 659 2064 707 ἡμῶν
2086 656 2148 703 τὴν
2165 656 2297 707 παραί-

1275 734 1366 756 νεσιν
1385 715 1556 768 πάλιντῇ
1576 719 1662 768 αὐτῇ
1693 717 1843 770 ῥᾳθυμίᾳ
1863 716 1879 736 ¹³
1894 717 2118 768 ἐπιμένωσιν,
2138 719 2200 755 οὐκ
2219 719 2299 755 ἀνε-

1275 778 1419 830 ξόμεθα,
1443 779 1533 817 ἀλλὰ
1554 784 1625 822 τοῖς
1640 778 1757 828 νόμοις
1774 781 1837 824 τ’ἧς
1853 778 2066 826 Ἔκκλησίας
2082 777 2298 831 χρησάμενοι

1277 841 1365 891 μετὰ
1381 842 1512 887 πολλῆς
1533 840 1654 883 αὐτοὺς
1682 842 1743 886 τῆς
1770 840 2000 892 σφοδρότητος
2029 840 2221 890 διδάξομεν,
2249 838 2296 889 μὴ

1274 904 1417 937 τοιαῦτα
1436 901 1677 950 πλημμελεῖν,
1699 899 1787 950 μηδὲ
1811 899 1899 950 μετὰ
1927 898 2099 946 τοσαύτης
2117 914 2297 950 καταφρο-

1275 960 1406 1006 νήσεως
1424 963 1494 998 τῶν
1515 960 1613 998 θείων
1634 959 1768 998 ἀκούειν
1787 959 1925 1011 λογίων.
1948 960 2016 998 Καὶ
2034 963 2144 998 ταῦτα
2164 961 2202 997 οὐ
2218 959 2299 1012 περὶ

1274 1021 1414 1060 πάντων
1430 1021 1522 1072 λέγω
1544 1024 1613 1058 τῶν
1633 1023 1781 1059 ἐνταῦθα
1803 1020 2084 1073 συνειλεγμένων,
2105 1019 2195 1058 ἀλλὰ
2219 1020 2299 1073 περὶ

1272 1085 1343 1120 τῶν
1366 1081 1563 1120 ὑπευθύνων
1593 1088 1664 1125 τοῖς
1689 1082 1899 1133 λεγομένοις.
1933 1083 1977 1119 ‘0
2001 1082 2062 1133 μὲν
2094 1081 2162 1135 γὰρ
2198 1082 2300 1132 λόγος

1273 1143 1359 1194 πρὸς
1378 1142 1534 1186 ἅπαντας
1552 1143 1766 1193 διαλέγεται·
1794 1142 1937 1186 ἕκαστος
1959 1143 1993 1181 δὲ
2018 1146 2086 1181 τῶν
2104 1142 2299 1181 ἀκουόντων

1274 1203 1426 1255 δεχέσθω
1451 1202 1490 1240 τὸ
1506 1202 1724 1249 κατάλληλον
1748 1202 1930 1255 φάρμακον
1941 1218 1948 1226 ·
1965 1205 1982 1240 ὁ
1998 1202 2058 1253 μὲν
2074 1206 2124 1255 τῷ
2138 1203 2301 1254 ἁμαρτη-

1275 1281 1360 1316 ματι
1389 1263 1572 1308 ὑπεύθυνος
1587 1293 1596 1311 ,
1620 1263 1710 1303 ὥστε
1742 1263 1848 1317 μέχρι
1874 1264 1993 1302 τούτου
2015 1267 2142 1310 στ’ἧσαι
2162 1263 2206 1302 τὰ
2236 1266 2301 1309 τῆς

1276 1326 1464 1378 ῥᾳθυμίας,
1484 1325 1543 1363 καὶ
1563 1324 1612 1376 μὴ
1634 1325 1830 1376 περαιτέρω
1846 1327 2037 1376 προελθεῖν,
2055 1324 2145 1362 ἀλλὰ
2162 1324 2218 1362 διὰ
2238 1326 2301 1370 τῆς

1277 1386 1365 1438 μετὰ
1382 1391 1492 1425 ταῦτα
1512 1386 1664 1431 σπουδῆς
1694 1385 1974 1424 ἀνακαλέσασθαι
1993 1385 2133 1430 ἑαυτὸν,
2153 1385 2212 1423 καὶ
2230 1388 2298 1423 τῶν

1276 1447 1519 1498 ἐπταισμένων
1538 1446 1750 1493 ποιήσασθαι
1769 1446 1831 1493 τὴν
1848 1446 2026 1499 διόρθωσιν
2040 1462 2047 1469 ·
2067 1449 2085 1485 ὁ
2105 1446 2139 1484 δὲ
2161 1446 2301 1484 ἀνεύθυ-

1277 1524 1332 1552 νος
1352 1507 1606 1561 ἀσφαλέστερος
1620 1507 1769 1559 γενέσθω
1786 1507 1870 1559 πρὸς
1900 1508 1939 1545 τὸ
1971 1506 2019 1557 μὴ
2039 1507 2172 1544 ἁλῶναι
2185 1536 2195 1554 ,
2212 1505 2301 1558 μηδὲ

1276 1570 1463 1612 ὑπεύθυνος
1481 1569 1640 1621 γενέσθαι
1672 1568 1768 1607 ποτέ.
1803 1570 1892 1607 Ἀλλ’
1929 1567 1986 1606 ἵνα
2016 1569 2059 1605 δι’
2089 1571 2201 1606 αὐτῶν
2231 1571 2301 1606 τῶν

1276 1630 1492 1684 πραγμάτων
1512 1630 1687 1681 πείσωμεν
1711 1629 1774 1677 τὴν
1800 1629 1969 1682 ὑμετέραν
1989 1630 2145 1682 ἀγάπην,
2160 1629 2214 1668 ὅτι
2234 1630 2303 1668 ἀπὸ

1274 1691 1515 1745 φιλοστοργίας
1545 1692 1603 1730 καὶ
1626 1693 1759 1738 πολλ’ῆς
1778 1691 1984 1742 κηδεμονίας
2007 1691 2210 1741 δακνόμενοι
2239 1691 2302 1738 τὴν

1276 1752 1405 1805 ψυχὴν,
1424 1752 1484 1790 καὶ
1505 1752 1637 1805 σφόδρα
1656 1752 1741 1804 ὑπὲρ
1767 1756 1829 1799 τῆς
1852 1752 2026 1804 σωτηρίας
2051 1755 2113 1798 τῆς
2133 1751 2303 1804 ὑμετέρας

1277 1814 1484 1862 δεδοικότες,
1513 1818 1646 1852 εταῧτα
1678 1816 1786 1852 εἰπεῖν
1814 1814 2063 1867 προήχθημεν,
2083 1814 2165 1865 φέρε
2197 1814 2303 1851 πάλιν

1278 1874 1418 1918 ἑαυτοὺς
1447 1880 1523 1918 ταῖς
1546 1881 1716 1926 χρησταῖς
1735 1874 1851 1912 ἐλπίσι
1874 1875 2056 1927 τρέφοντες
2074 1876 2138 1921 τὴν
2171 1874 2303 1920 συνήθη

1277 1939 1489 1989 παραθῶμεν
1524 1938 1604 1986 ὑμῖν
1634 1935 1878 1983 διδασκαλίαν,
1911 1935 2102 1980 δεικνύντες
2134 1939 2216 1986 ὑμῖν
2241 1935 2303 1982 τὴν

1276 1996 1450 2049 πατρικὴν
1474 1996 1620 2043 εὔνοιαν,
1635 1997 1677 2043 ἣν
1693 1997 1774 2048 περὶ
1802 1999 1893 2046 ὑμᾶς
1907 1997 2050 2049 ἔχομεν·
2067 1996 2171 2043 ἀλλὰ,
2186 2013 2302 2049 παρα-

1276 2060 1394 2105 καλῶ,
1416 2057 1493 2108 μετ’
1515 2057 1693 2109 ἀκριὸείας
1714 2056 1904 2108 προσέχετε
1922 2063 1993 2101 τοῖς
2017 2058 2232 2109 λεγομένοις,
2247 2057 2304 2096 ἰ’να

1277 2118 1516 2170 καρπώσησθέ
1540 2134 1574 2155 τι
1593 2118 1711 2163 πλέον,
1732 2118 1791 2155 καὶ
1814 2117 1921 2160 οὕτως
1941 2118 2057 2156 οἴκαδε
2079 2118 2303 2166 ε’πανέλθητε.

1279 2179 1480 2229 Ἀναγκαῖον
1498 2178 1532 2215 δὲ
1562 2183 1670 2216 ταῦτα
1693 2178 1737 2216 τὰ
1758 2178 2023 2230 ἀναγνωσθέντα
2039 2181 2147 2217 εἰπεῖν
2163 2179 2219 2217 ἐπὶ
2243 2182 2305 2225 τῆς

1277 2239 1447 2291 ὑμετέρας
1455 2238 1606 2290 ἀγάπης.
1614 2239 1682 2277 Καὶ
1691 2233 1779 2285 εἷπε,
1788 2239 1892 2291 φησὶν
1900 2270 1908 2286 ‚
1918 2243 1935 2277 ὃ
1946 2239 2047 2282 Θεός·
2057 2241 2304 2291 γενηθήτωσαν

1278 2303 1458 2353 φωστῆρες
1484 2301 1518 2337 ἐν
1540 2302 1589 2352 τῷ
1616 2299 1834 2351 στερεώματι
1862 2303 1921 2337 τοῦ
1948 2302 2091 2352 οὐρανοῦ
2111 2302 2158 2343 εἷς
2179 2305 2303 2353 φαῧσιν

1281 2361 1337 2399 ἐπὶ
1358 2364 1420 2407 τῆς
1442 2364 1523 2411 γῆς,
1553 2366 1612 2399 τοῦ
1632 2359 1848 2412 διαχωρίζειν
1874 2361 2047 2412 ἀναμέσον
2068 2365 2130 2408 τῆς
2146 2363 2281 2414 ἡμέρας
2297 2393 2304 2405 ,

1280 2422 1339 2461 καὶ
1357 2421 1529 2474 ἀναμέσον
1550 2425 1609 2468 τῆς
1624 2422 1755 2465 νυκτός.
1772 2421 1842 2460 Καὶ
1855 2422 2010 2461 ἔστωσαν
2023 2425 2069 2466 εἷς
2081 2429 2210 2475 σημεῖα
2221 2451 2230 2469 ‚
2246 2423 2305 2461 καὶ

1281 2487 1327 2527 εἷς
1345 2484 1503 2536 καιροὺς,
1527 2483 1585 2522 καὶ
1603 2486 1650 2528 εἷς
1671 2483 1826 2535 ἡμέρας,
1847 2483 1905 2522 καὶ
1940 2487 1986 2527 εἰς
2017 2485 2204 2527 ἐνιαυτούς.
2235 2484 2305 2522 Καὶ

1280 2545 1436 2584 ἔστωσαν
1465 2547 1512 2589 εἰς
1541 2549 1665 2597 φαῧσιν
1696 2546 1730 2583 ἓν
1749 2547 1798 2597 τῷ
1825 2545 2044 2598 στερεώματι
2062 2550 2121 2584 τοῦ
2140 2546 2306 2598 οὐρανοῦ,

1279 2606 1369 2645 ὥστε
1385 2605 1516 2658 φαίνειν
1537 2606 1594 2644 ἐπὶ
1610 2608 1672 2652 τῆς
1693 2610 1769 2658 γῆς.
1788 2607 1856 2644 Καὶ
1875 2607 2008 2657 ἐγένετο
2023 2606 2141 2650 οὕτως.
2160 2605 2305 2652 Ἐπειδὴ

1279 2667 1346 2718 γὰρ
1381 2667 1461 2718 χθὲς
1490 2666 1640 2711 ἐδίδαξεν
1656 2671 1750 2717 ἡμᾶς
1777 2669 1794 2704 ὁ
1821 2667 1990 2718 μακάριος
2017 2669 2191 2713 Μωῡσῆς,
2213 2666 2307 2710 ὅπως

1280 2728 1342 2774 τὴν
1365 2728 1538 2780 ἀμορφίαν
1557 2731 1618 2773 τῆς
1646 2731 1709 2778 γῆς
1729 2727 1967 2765 ἓκαλλὼπισεν
2000 2731 2018 2764 ὃ
2047 2731 2116 2765 τῶν
2133 2727 2223 2765 ὅλων
2243 2727 2307 2773 δη-

1283 2788 1443 2840 μιουργὸς
1472 2795 1548 2831 ταῖς
1571 2788 1748 2839 βοτάναις,
1769 2788 1828 2826 καὶ
1856 2791 1898 2839 τῇ
1919 2792 1987 2826 τῶν
2008 2790 2119 2826 ἀνθῶν
2133 2788 2308 2841 ποικιλία,

1282 2850 1339 2887 καὶ
1359 2854 1400 2901 τῇ
1418 2849 1551 2900 βλάστῃ
1572 2852 1639 2887 τῶν
1661 2850 1887 2901 σπερμάτων,
1904 2850 2055 2902 σήμερον
2074 2849 2179 2887 πάλιν
2197 2849 2306 2899 μετή-

1281 2926 1367 2961 γαγε
1393 2911 1451 2948 τὸν
1473 2910 1572 2961 λόγον
1590 2910 1647 2947 ἐπὶ
1666 2911 1723 2948 τὸν
1745 2915 1802 2948 τοῦ
1817 2912 1959 2962 οὐρανοῦ
1976 2910 2118 2961 κόσμον.
2140 2901 2308 2962 Καθάπερ

1281 2972 1348 3022 γὰρ
1373 2973 1394 3016 ἡ
1416 2974 1460 3022 γῆ
1481 2970 1739 3014 καλλωπίζεται
1761 2970 1817 3008 διὰ
1837 2974 1904 3008 τῶν
1925 2971 1958 3014 ἐξ
1978 2972 2084 3017 αὖτ’ἧς
2104 2971 2308 3021 ἀναδιδομέ-

1281 3048 1361 3079 νων,
1378 3033 1468 3070 οὕτω
1487 3032 1545 3070 τὸν
1564 3031 1705 3084 οὐρανὸν
1724 3036 1842 3069 τοῦτον
1870 3031 1926 3069 τὸν
1956 3032 2130 3084 ὁρώμενον
2162 3031 2307 3083 φαιδρό-

1281 3109 1378 3146 τερον
1399 3094 1459 3131 καὶ
1478 3093 1719 3145 λαμπρότερον
1738 3092 1922 3144 εἰργάσατο
1935 3124 1944 3140 ,
1962 3095 2005 3144 τῇ
2026 3108 2062 3130 τε
2086 3095 2152 3130 τῶν
2172 3093 2307 3144 ἄστρων

1281 3155 1437 3206 ποικιλία
1467 3153 1677 3198 καταστίξας
1699 3154 1816 3201 αὐτὸν,
1849 3154 1908 3191 καὶ
1937 3157 1979 3205 τῇ
2009 3154 2216 3205 δημιουργίᾳ
2239 3157 2307 3191 τῶν

1283 3216 1341 3253 δύο
1358 3215 1550 3267 φωστήρων
1569 3217 1637 3252 τῶν
1664 3215 1843 3266 μεγάλων,
1864 3214 1954 3266 λέγω
1973 3218 2031 3252 τοῦ
2050 3213 2148 3260 ἡλίου
2168 3213 2227 3251 καὶ
2245 3216 2307 3259 τῆς

1282 3276 1438 3322 σελήνης.
1470 3275 1540 3313 Καὶ
1556 3274 1718 3322 ἐποίησε,
1746 3275 1868 3326 φησὶν,
1895 3278 1912 3313 ὃ
1932 3275 2021 3317 Θεὸς
2048 3274 2124 3317 τοὺς
2157 3274 2216 3312 δύο
2235 3290 2307 3326 φω-

1344 3389 1356 3404 0
1374 3378 1509 3414 Coisliu.
1530 3384 1577 3414 καὶ
1596 3387 1693 3414 ταῦτα
1710 3385 1809 3414 εἰπεῖν.
