2566 3791
202 2838 320 2864 Mundi<
343 2849 391 2865 ex-

204 2880 340 2906 hortatio.

208 3328 306 3354 matth
339 3327 354 3355 3

205 3376 255 3396 25).

411 175 503 222 266

406 273 492 320 distj
514 272 825 325 quomodo-neque
845 273 985 312 dierum
996 273 1160 325 angustia
1180 272 1360 324 segniores

405 335 502 384 fecit,
526 348 637 385 neque
650 334 695 372 ad
715 334 995 387 desperationem
1020 333 1192 371 induxit?
1212 331 1306 371 Vide
1327 340 1361 369 et
1382 345 1406 374 Ε

405 397 486 435 illos
518 406 596 449 post
616 411 802 434 numerum
829 405 879 433 tot
904 408 1092 440 annorum,
1116 393 1178 429 ubi
1215 391 1361 429 audive-

405 466 488 495 runt
504 473 511 492 :
528 457 657 494 Adhuc
671 466 802 508 septem
813 454 888 492 dies
899 463 932 492 et
951 453 1134 491 diluvium
1149 452 1354 501 inducetur,

405 532 518 569 neque
531 518 581 555 sic
602 529 799 563 conversOS,
832 514 893 552 sed
912 513 1074 566 stupidos
1090 522 1124 551 et
1144 513 1217 551 sine
1236 512 1360 551 dolore

844 190 864 220 S
873 211 883 220 .
920 191 1060 221 JoAer*
1070 191 1106 221 ts
1142 190 1384 222 CHRYSOST.

1424 190 1509 220 ARC
1516 191 1625 221 [ItEP
1632 211 1642 221 .
1681 191 2014 224 CONSTANTINOP
2021 215 2029 222 .

1429 276 1451 319 ἡ
1475 275 1543 310 τῶν
1563 275 1704 324 ἡμερῶν
1736 276 1950 328 στενοχωρία
1974 276 2097 320 αὐτοὺς
2121 277 2365 330 ὀκνηροτέρους
2385 281 2455 332 εἰρ-

1429 332 1563 383 γάσατο
1580 361 1590 378 ,
1605 333 1682 371 οὐδὲ
1701 337 1942 387 ἀπαγορεῦσαι
1961 338 2172 386 πεποίηκεν,
2193 338 2290 390 εὈρα
2308 339 2367 377 καὶ
2383 340 2458 378 τού-

1428 409 1508 436 τους
1528 393 1620 444 μετὰ
1633 398 1797 433 τοσοῦτον
1813 398 1958 448 ἀριθμὸν
1980 400 2066 436 ἐτῶν
2085 399 2300 444 ἀκούσαντας
2311 431 2320 448 ,
2335 399 2389 438 ὅτι
2406 400 2457 438 ἔτι

1429 454 1519 493 ἑπτὰ
1540 455 1688 507 ἡμέραι,
1709 456 1770 495 καὶ
1795 460 1812 494 ὃ
1831 458 2076 509 κατακλυσμὸς
2097 460 2286 510 ἐπάγεται,
2304 459 2380 499 οὐδὲ
2399 459 2459 498 οὕ-

1427 530 1496 558 τως
1510 516 1842 567 ἐπιστρεφομένους,
1860 519 1939 556 ἀλλ’
1967 519 2173 569 ἀναλγήτως
2199 521 2458 572 διακειμένους,

403 579 592 616 mansisse:
613 576 708 614 unde
743 576 780 613 in
799 575 956 613 confesso
982 575 1101 621 fuerit,
1133 575 1356 613 voluntatem
1367 600 1417 624 227
1428 574 1505 613 ὅθεν
1520 577 1790 628 ὡμολογημένον
1815 578 1855 615 ἂν
1877 578 1949 626 εἴη,
1969 578 2070 625 &vr-5⁸,
2090 580 2290 631 προαίρεσις
2322 584 2344 627 ἦ
2371 584 2458 632 ἦμε-

403 648 558 676 nostram
585 637 760 675 malorum
787 636 948 674 omnium
981 650 1125 674 causam
1148 650 1234 674 esse.
1261 635 1355 673 Eece
1380 637 1406 666 Α

403 699 496 736 enim
515 707 549 735 et
567 698 618 746 hi,
632 706 666 735 et
684 697 743 735 isti
769 698 912 735 fuerunt
934 697 1107 746 homines,
1139 706 1173 735 et
1195 696 1357 749 ejusdem

402 760 505 811 eujus
523 759 584 797 alii
601 768 750 808 naturae,
781 758 844 797 sed
863 773 932 796 non
951 758 1111 811 ejusdem
1144 758 1354 797 voluntatis.

401 823 590 873 Propterea
607 835 669 858 nec
681 819 805 858 eadem
833 834 956 858 eorum
981 834 1056 858 sors
1078 820 1158 868 fuit,
1174 820 1237 858 sed
1255 819 1359 857 Nini-

400 883 483 919 vitae
503 882 771 920 subversionem
794 881 1097 931 subterfugerunt,
1129 894 1211 918 cum
1243 879 1360 917 bonus

398 945 496 981 Deus
514 952 659 995 propter
669 957 771 980 suam
793 941 1018 979 clementiam
1031 954 1154 978 eorum
1174 949 1360 978 contentus

400 1013 489 1041 esset
504 1004 707 1056 poenitentia
725 1019 732 1039 :
750 1002 811 1041 sed
828 1002 887 1040 isti
903 1002 1077 1041 submersi
1093 1032 1103 1051 ,
1125 1002 1163 1040 in
1175 1000 1359 1039 communi

402 1065 545 1102 interitu
559 1065 750 1116 perierunt.
771 1063 919 1101 Adhuc
932 1066 1048 1112 enim,
1068 1062 1200 1114 inquit,
1216 1070 1360 1114 septem

402 1127 496 1171 dies,
515 1135 550 1163 et
576 1140 644 1178 ego
673 1126 816 1163 induco
845 1125 1023 1177 pluviam
1059 1139 1173 1176 super
1202 1133 1358 1162 terram.

403 1187 541 1225 Deinde
560 1197 597 1225 ut
615 1187 726 1237 magis
745 1195 871 1237 augeat
886 1195 1072 1235 terrorem,
1090 1185 1227 1237 inquit:
1249 1186 1358 1236 Qua-

403 1247 587 1297 draginta
623 1248 757 1284 diebns
795 1255 833 1283 et
868 1247 1133 1298 quadraginta
1168 1247 1356 1283 noctibas.

401 1307 498 1354 Quid
517 1309 609 1346 enim
626 1309 770 1346 E‘annon
791 1317 942 1360 poterat,
960 1308 990 1346 si
1004 1307 1189 1357 voluisset,
1209 1321 1280 1345 uno
1299 1307 1359 1346 die

400 1378 512 1406 ⁴totam
545 1369 707 1421 pluviam
739 1369 907 1407 inducere
923 1370 940 1406 ἱ)
962 1367 1061 1415 Quid
1079 1367 1160 1406 dico
1175 1382 1247 1406 uno
1261 1368 1321 1407 die
1340 1368 1357 1406 .⁰

400 1431 482 1468 Uno
501 1439 679 1468 momento
701 1438 819 1482 posset
844 1444 851 1465 τ
875 1428 937 1466 sed
954 1429 1023 1466 hoc
1040 1428 1159 1466 dedita
1179 1443 1283 1481 opera
1300 1430 1355 1467 fa-

399 1491 459 1540 cit,
478 1491 600 1529 volens
621 1491 779 1529 simulet
798 1491 963 1528 timorem
996 1490 1164 1539 incutere,
1192 1500 1225 1528 et
1255 1505 1357 1529 occa-

399 1552 534 1590 sionem
552 1562 732 1604 praestare,
749 1566 819 1603 qua
840 1560 983 1604 possent
1002 1565 1159 1603 poenam,
1179 1565 1256 1602 quae
1281 1552 1357 1603 jam

399 1614 434 1651 in
469 1614 606 1651 foribus
625 1623 728 1662 esset,
763 1613 932 1664 effugere.
954 1613 1009 1650 Et
1037 1612 1187 1656 delebo,
1224 1611 1356 1662 inquit,

400 1688 550 1712 omnem
558 1676 831 1719 substantiam,
843 1674 1065 1725 quamfeci,
1082 1674 1221 1724 afacie
1229 1681 1353 1718 terroe,

402 1737 454 1773 ab
477 1737 634 1773 homine
649 1748 769 1786 usqae
787 1735 841 1771 ad
856 1747 986 1785 pecus.
1013 1732 1109 1771 Vide
1128 1732 1307 1783 quomodo
1326 1741 1360 1770 et

399 1796 504 1833 semel
521 1805 554 1833 et
577 1795 706 1833 iterum
724 1794 902 1847 praedicit,
922 1803 955 1831 et
974 1807 1088 1844 neque
1105 1793 1156 1831 sic
1174 1793 1255 1831 illos
1281 1803 1360 1833 tan-

400 1856 464 1908 git.
487 1856 617 1894 Omnia
633 1865 753 1894 autem
768 1855 844 1893 haec
861 1854 1031 1904 faciebat,
1065 1863 1105 1891 ut
1124 1868 1186 1892 nos
1207 1855 1360 1903 doceret,

400 1932 435 1955 se
451 1918 547 1969 juste
566 1917 615 1955 eis
632 1926 767 1954 tantam
780 1930 920 1968 poenam
939 1915 1138 1965 inflixisse;
1166 1924 1200 1953 et
1222 1924 1260 1953 ut
1276 1916 1360 1953 uul-

399 1978 456 2016 lus
495 1977 740 2030 insipientium
775 1991 923 2029 arguere
955 1985 989 2014 et
1019 1975 1136 2013 dicere
1168 1986 1303 2028 posset:
1321 1975 1361 2016 Si

399 2039 740 2092 procrastinavisset,
775 2039 865 2076 forte
896 2037 1146 2090 poenitentiam
1194 2039 1360 2090 egissent,

399 2101 488 2138 forte
506 2115 525 2138 a
538 2100 637 2138 vitiis
655 2100 885 2147 abstitissent,
916 2109 950 2137 et
973 2099 1020 2137 ad
1037 2099 1209 2137 virtutem
1231 2100 1361 2138 rediis-

400 2171 488 2200 sent.
504 2162 629 2212 anue
648 2161 693 2198 de
708 2175 811 2198 causa
828 2175 1004 2198 annorum
1020 2174 1160 2211 quoque
1172 2175 1362 2200 numerum

399 2221 596 2260 declaravit
618 2222 732 2270 nobis,
763 2230 796 2259 et
828 2235 949 2258 arcam
973 2221 1142 2258 fabricari
1161 2221 1281 2272 jussit.
1314 2222 1361 2260 Et

401 2292 480 2335 post
496 2283 574 2320 haec
593 2282 711 2320 omnia
727 2281 833 2319 etiam
853 2290 932 2318 ante
947 2281 1022 2318 dies
1039 2290 1173 2332 septem
1185 2280 1360 2333 praedicit,

403 2353 441 2381 ut
455 2343 617 2381 omnium
644 2352 774 2381 temere
792 2341 1018 2392 loquentium
1036 2341 1260 2393 impudentes
1294 2343 1361 2380 lin-

403 2418 490 2455 guas
506 2413 715 2457 compescat.
732 2404 767 2441 5.
782 2405 962 2455 Etseciss
982 2402 1111 2453 inquit,
1132 2404 1218 2440 No&
1229 2407 1361 2442 omnia

403 2479 653 2517 quoecwnque
675 2466 877 2502 mandavit
895 2467 929 2501 ei
948 2465 1140 2501 Dominus
1159 2465 1277 2502 Deus.
1293 2464 1359 2503 Vi-

403 2527 449 2564 de
475 2526 653 2578 quomodo
684 2535 717 2564 et
738 2539 831 2564 nunc
861 2525 947 2577 justi
973 2534 1113 2575 gratum
1135 2524 1295 2562 animum
1327 2534 1360 2563 et

402 2587 641 2625 obedientiam
661 2587 785 2625 divina
806 2586 991 2638 Scriptura
1019 2584 1201 2637 praedicat,
1231 2585 1359 2623 docens

402 2663 465 2687 nos
485 2663 566 2686 eum
594 2649 685 2686 nihil
706 2646 802 2699 quod
823 2647 1036 2699 imperatum
1067 2655 1141 2683 erat
1160 2646 1359 2698 praetermi-

403 2709 488 2748 sisse
506 2725 516 2759 3
545 2709 607 2747 sed
627 2709 792 2747 omnibus
807 2707 973 2760 impletis,
989 2707 1095 2745 ctiam
1110 2721 1173 2759 per
1182 2706 1263 2758 hoc,
1283 2707 1360 2745 vir-

403 2771 488 2808 tutis
506 2785 576 2808 suae
591 2771 766 2823 specimen
788 2769 994 2822 praebuisse.

458 2832 494 2869 8.
516 2832 625 2869 Illum
660 2831 770 2881 igitur
790 2840 824 2868 et
843 2844 905 2867 nos
939 2829 1122 2866 imitemur
1136 2830 1289 2881 justum,
1326 2837 1358 2867 ct
1379 2842 1404 2872 D

404 2891 568 2929 mandata
589 2906 607 2928 a
634 2894 709 2929 Deo
729 2891 861 2929 tradita
881 2891 1029 2943 implere
1046 2889 1250 2927 studeamus
1271 2919 1282 2939 ,
1317 2903 1358 2927 ac

402 2953 495 3004 leges
509 2967 528 2989 a
548 2952 688 2989 Christo
703 2952 805 2989 nobis
820 2952 908 2989 latas
927 2965 997 2989 non
1014 2950 1252 3003 despiciamus
1267 2965 1277 2998 ς
1294 2949 1356 2988 sed

402 3027 524 3051 earum
546 3022 750 3064 pra-sentem
769 3022 948 3050 servantes
967 3011 1188 3058 memoriam,
1216 3010 1355 3048 festine-

402 3089 482 3111 mus
502 3074 546 3111 ad
566 3074 657 3111 bona
671 3088 788 3125 opera,
806 3087 868 3111 nec
893 3087 1014 3124 segnes
1034 3073 1145 3111 simus
1162 3072 1197 3109 in
1211 3071 1255 3109 iis
1277 3080 1353 3109 tra-

402 3134 539 3173 ctandis
559 3149 636 3185 quse
651 3134 697 3172 ad
718 3135 865 3172 salutem
885 3143 1039 3172 nostram
1059 3132 1248 3185 pertinent,
1266 3146 1353 3184 proe-

402 3195 522 3233 sertim
541 3209 620 3232 cum
641 3210 733 3232 nunc
756 3196 856 3247 lunge
876 3196 988 3247 major
1015 3194 1158 3232 virtutis
1188 3207 1353 3231 mensura

403 3274 420 3295 a
439 3257 542 3295 bonis
559 3257 733 3307 exigatur,
755 3266 887 3306 quanto
902 3266 935 3294 et
958 3255 1105 3293 meliora
1121 3255 1212 3293 bona
1238 3253 1352 3292 sortiti

403 3333 536 3356 sununs.
555 3317 638 3355 Ideo
655 3327 685 3355 et
702 3318 863 3355 Christus
883 3317 1024 3355 dicebat
1046 3318 1158 3355 :Nisi
1171 3316 1348 3354 abunda-

407 3383 497 3418 verit
512 3382 667 3431 justitia
699 3388 825 3418 restra
845 3380 931 3430 plus
949 3393 1065 3429 quam
1085 3380 1296 3416 scribarum
1315 3386 1351 3416 ec

1428 635 1512 687 τέρα
1533 639 1601 674 τῶν
1614 640 1737 675 ’κακῶν
1755 637 1918 676 ἁπάντων
1941 639 2048 676 αἰτία.
2070 638 2159 677 Ἰδοὺ
2181 640 2249 693 γὰρ
2276 641 2337 678 καὶ
2366 636 2460 679 οὗτοι

1431 696 1606 750 ἄνθρωποι
1617 727 1626 744 ,
1646 700 1801 737 κάκεῖνοι
1820 699 2016 751 ἅνθρωποι,
2033 700 2094 737 καὶ
2107 702 2171 745 τῆς
2186 703 2294 748 αὐτῆς
2309 701 2459 753 φύσεως,

1430 758 1509 796 ἀλλ’
1529 761 1567 797 οὔ
1590 763 1652 806 τῆς
1672 762 1779 807 αὐτῆς
1800 761 2048 813 προαιρέσεως.
2070 762 2134 800 Διὸ
2150 762 2227 801 οὐδὲ
2252 766 2322 801 τῶν
2344 765 2458 802 αὐτῶν

1430 819 1652 867 ἀπήλαυσαν,
1673 823 1750 859 ἀλλ’
1771 825 1802 860 οἱ
1829 821 1892 872 μὲν
1913 822 2074 874 διέφυγον
2104 822 2168 870 τὴν
2198 823 2459 877 καταστροφὴν,

1430 885 1490 919 τοῦ
1509 883 1637 934 ἀγαθοῦ
1653 884 1744 921 Θεοῦ
1762 882 1986 935 ἀρκεσθέντος
2003 885 2114 921 αὐτῶν
2141 887 2184 935 τῇ
2213 884 2382 936 μετανοίᾳ
2403 884 2460 923 διὰ

1430 939 1493 987 τὴν
1514 941 1644 979 οἰκείαν
1666 943 1945 995 φιλανθρωπίαν,
1963 947 1994 982 οἱ
2023 943 2058 982 δὲ
2084 944 2290 998 ὑποὸρύχιοι
2310 945 2460 995 γενόμε-

1431 1016 1483 1040 νοι
1503 1003 1723 1055 πανωλεθρία
1751 1005 2007 1057 παρεδόθησαν.
2028 1004 2111 1043 Ἔτι
2127 1005 2216 1058 γὰρ,
2231 1005 2348 1057 φησιν,
2369 1009 2461 1057 ἡμε-

1434 1064 1500 1113 ρῶν
1517 1061 1626 1109 ἑπτὰ,
1644 1063 1764 1114 ἐπάγω
1793 1064 1891 1102 ὑετὸν
1915 1064 1973 1102 ἐπὶ
2003 1068 2064 1111 τῆς
2093 1068 2170 1116 γῆς.
2192 1060 2283 1104 Εἶτα
2313 1065 2461 1112 αὐξῆσαι

1430 1121 1490 1159 τὸν
1519 1123 1625 1175 ’ροΈον
1652 1124 1861 1175 βουλόμενός
1887 1140 1994 1178 φησι·
2017 1126 2294 1177 Τεσσαροίκοντα
2325 1127 2461 1179 ἡμέρας

1431 1183 1492 1221 καὶ
1509 1185 1770 1238 τεσσαράκοντα
1789 1185 1927 1230 νύκτας.
1947 1185 1995 1225 Τί
2010 1186 2096 1238 γάρς
2120 1189 2183 1224 οὐκ
2209 1181 2252 1234 ἦν
2281 1189 2374 1239 αὐτῷ
2396 1189 2461 1225 δυ-

1430 1245 1546 1293 νατὸν,
1563 1246 1661 1298 εἴπερ
1681 1247 1844 1285 ἕδούλετο
1856 1278 1865 1294 ,
1887 1249 1920 1285 ἓν
1939 1253 2003 1299 μιᾷ
2023 1247 2139 1299 ἡμέρᾳ
2153 1247 2271 1286 πάντα
2287 1246 2346 1285 τὸν
2363 1249 2461 1287 ὑετὸν

1430 1308 1638 1358 ἐπαγαγεῖν;
1657 1307 1705 1345 Τί
1720 1307 1756 1345 δὲ
1776 1307 1867 1360 λέγω
1888 1309 1922 1345 ἓν
1944 1315 2009 1360 μιᾷ
2035 1309 2174 1362 ἡμέρας
2193 1309 2258 1347 Ἐν
2274 1316 2339 1361 μιᾷ
2357 1311 2460 1361 ῥοπῇ.

1429 1368 1522 1405 Ἀλλ’
1541 1367 1702 1414 ἐπίτηδες
1726 1372 1828 1407 τοῦτο
1849 1376 1942 1407 ποιεῖ
1975 1369 2183 1421 βουλόμενος
2210 1373 2296 1420 ὁμοῦ
2325 1370 2385 1408 καὶ
2403 1371 2462 1408 τὸν

1428 1428 1533 1481 φόέον
1556 1430 1748 1476 ἐπιτεῖναι,
1769 1431 1830 1468 καὶ
1854 1430 2014 1483 ἀφορμὴν
2041 1431 2155 1474 αὐτοῖς
2187 1436 2383 1483 παρασχεῖν
2400 1434 2461 1469 τοῦ

1426 1490 1491 1528 κᾶν
1508 1491 1594 1542 πρὸς
1614 1493 1734 1534 αὐταῖς
1748 1497 1824 1535 ταῖς
1847 1492 1967 1543 θύραις
1982 1490 2190 1542 γενομένους
2202 1491 2266 1538 τὴν
2287 1491 2461 1544 τιμωρίαν

1427 1552 1616 1604 διαφυγεῖν.
1632 1551 1701 1590 Καὶ
1721 1551 1910 1605 ἐξαλείψω,
1928 1552 2034 1604 φησὶ,
2054 1559 2174 1590 πᾶσαν
2190 1551 2252 1599 τὴν
2270 1552 2460 1597 ἐξανάστα-

1428 1627 1495 1657 σιν,
1510 1613 1552 1659 ἢν
1582 1613 1731 1660 ἐποίησα
1748 1643 1757 1660 ,
1782 1614 1851 1651 ἀπὸ
1872 1612 2060 1664 προσώπου
2085 1616 2148 1659 τ’ἧς
2178 1615 2265 1664 γῆς,
2297 1614 2368 1652 ἀπὸ
2401 1617 2461 1652 ἀν-

1428 1671 1567 1725 θρώπου
1591 1673 1656 1716 ἕως
1675 1674 1836 1721 κτήνους.
1855 1673 1954 1727 z'Optat
1979 1676 2052 1716 πῶς
2074 1674 2133 1712 καὶ
2153 1673 2246 1718 ἅπαξ
2269 1674 2329 1711 καὶ
2346 1674 2461 1712 δεύτε-

1432 1749 1488 1785 ρον
1517 1733 1705 1786 προλέγει,
1726 1735 1786 1773 καὶ
1816 1734 1892 1773 00³}
1920 1734 2011 1772 οὕτω
2031 1738 2260 1772 καθικνεῖται.
2281 1735 2406 1772 Ταῦτα
2425 1734 2462 1774 δὲ

1929 1795 2022 1809 ’.ΝΝΙΥ

1429 1795 1547 1833 πάντα
1579 1795 1706 1844 ἐποίει,
1723 1795 1780 1834 ἵνα
1803 1798 1896 1846 ἡμᾶς
1926 1810 2068 1847 οιοαςῃ,
2097 1795 2151 1834 ὅτι
2178 1794 2319 1838 δικαίως
2345 1798 2458 1840 αὐτοῖς

1429 1855 1494 1902 τὴν
1526 1857 1696 1904 τοσαύτην
1727 1856 1900 1909 τιμωρίαν
1930 1856 2085 1908 ἐπήγαγε
2096 1885 2108 1906 ,
2141 1856 2199 1894 καὶ
2237 1856 2358 1907 μηδεὶς
2391 1857 2455 1910 ἔχη

1431 1917 1630 1970 μέμφεσθαι
1648 1921 1717 1956 τῶν
1738 1917 1907 1964 ἀνοήτων,
1927 1917 1986 1955 καὶ
2007 1917 2134 1969 λέγειν,
2154 1917 2207 1955 ὅτι
2222 1919 2254 1955 εἰ
2269 1918 2461 1971 ἓμακροθύ-

1431 1995 1553 2029 μησεν,
1574 1979 1640 2031 ἄρα
1657 1978 1696 2016 ἂν
1714 1978 1950 2030 μετέγνωσαν,
1967 1978 2037 2030 ἄρα
2049 1978 2088 2016 ἂν
2106 1979 2302 2031 ἀπέσχοντο
2316 1982 2379 2026 τῆς
2398 1995 2462 2017 κα-

1430 2040 1508 2083 κίας
1524 2071 1534 2088 ,
1555 2040 1614 2079 καὶ
1635 2043 1827 2086 ἐπανῆλθον
1854 2040 1940 2092 πρὸς
1963 2039 2026 2086 τὴν
2057 2040 2199 2092 ἀρετήν.
2218 2039 2282 2077 Διὸ
2308 2040 2368 2078 καὶ
2389 2043 2458 2079 τῶν

1430 2102 1516 2138 ἐτῶν
1537 2100 1594 2138 τὸν
1615 2101 1759 2154 ἀριθμὸν
1782 2102 1885 2146 δῆλον
1906 2104 1990 2150 ἡμῖν
2013 2107 2127 2148 ποιεῖ,
2147 2100 2206 2138 καὶ
2227 2103 2290 2146 τῆς
2309 2100 2459 2140 κιὸωτοῦ

1430 2160 1492 2208 τὴν
1511 2161 1730 2208 κατασκευὴν
1755 2162 1977 2214 προστάττει.
1999 2162 2068 2199 Καὶ
2090 2161 2179 2212 μετὰ
2195 2166 2305 2199 ταῦτα
2320 2161 2460 2200 ἅπαντα

1429 2222 1489 2259 καὶ
1507 2222 1576 2274 πρὸ
1598 2224 1666 2259 τῶν
1684 2221 1773 2260 ἑπτὰ
1792 2224 1933 2274 ἡμερῶν
1954 2222 2139 2275 προλέγει,
2158 2222 2215 2260 ἵνα
2233 2223 2373 2261 πάντων
2389 2226 2457 2261 τῶν

1430 2282 1696 2335 ἀπερισκέπτως
1739 2282 1945 2334 φθέγγεσθαι
1991 2283 2209 2334 βουλομένων
2247 2284 2457 2337 ἐπιστομίσῃ

1430 2343 1494 2389 τὴν
1517 2343 1746 2396 ἀναίσχιυντον
1765 2345 1941 2394 γλῶσσαν.
1958 2344 2029 2382 Καὶ
2056 2343 2222 2391 ἐποίησε,
2244 2345 2351 2397 φησὶ,
2377 2346 2460 2384 Νῶε

1431 2404 1545 2442 πάντα
1566 2404 1632 2442 ὅσα
1651 2404 1846 2442 ἐνετείλατο
1867 2406 1959 2457 αὐτῷ
1976 2405 2101 2458 Κύριος
2121 2408 2138 2443 ὅ
2156 2405 2256 2449 Θεός.
2270 2405 2368 2459 ςὈρα
2385 2407 2460 2449 πῶς

1431 2465 1489 2502 καὶ
1519 2470 1575 2503 νῦν
1602 2465 1832 2516 ἀνα-κηρύττει
1851 2470 1910 2503 τοῦ
1944 2465 2077 2503 δικαίου
2099 2466 2162 2511 τὴν
2192 2465 2459 2516 εὐγνωμοσύνην

1430 2525 1489 2564 καὶ
1509 2525 1571 2571 τὴν
1587 2526 1744 2572 ὑπακοὴν
1764 2530 1785 2572 ἦ
1807 2526 1880 2564 θεία
1899 2526 2041 2578 Γρατρὴ,
2065 2525 2276 2564 διδάσκουσα
2295 2528 2342 2569 ὡς
2360 2526 2456 2565 οὐδὲν

1429 2589 1496 2624 τῶν
1514 2588 1770 2639 ἐπιταχθέντων
1784 2587 1987 2639 παρέλιπεν,
2008 2585 2097 2624 ἀλλὰ
2113 2586 2227 2623 πάντα
2245 2586 2436 2640 πληρώσας
2447 2615 2458 2633 ,

1428 2651 1490 2694 τῆς
1523 2647 1652 2692 οἰκείας
1682 2650 1806 2700 ἀρετῆς
1844 2648 1903 2686 καὶ
1939 2646 1995 2686 διὰ
2029 2646 2149 2685 τούτου
2185 2646 2249 2693 τὴν
2282 2647 2456 2692 ἀπόδειξιν

1428 2708 1637 2760 παρέσχετο.

1481 2833 1612 2869 Τοῦτον
1629 2830 1740 2870 τοίνυν
1758 2832 1817 2870 καὶ
1839 2835 1940 2882 ἡμεῖς
1971 2830 2210 2882 μιμησώμεθα
2228 2832 2286 2870 τὸν
2306 2831 2454 2879 δίκαιον,

1428 2892 1488 2930 καὶ
1506 2893 1567 2935 τὰς
1587 2892 1683 2943 παρὰ
1702 2896 1760 2930 τοῦ
1784 2896 1876 2931 Θεοῦ
1895 2892 2034 2935 ἐντολὰς
2049 2895 2134 2942 ἡμῖν
2152 2892 2339 2943 δεδομένας
2359 2894 2452 2939 πλη-

1429 2957 1507 3005 ροῦν
1527 2953 1790 3003 σπουδάζωμεν,
1808 2953 1867 2991 καὶ
1896 2953 1944 3004 μὴ
1974 2957 2248 3005 καταφρονῶμεν
2268 2956 2336 2991 τῶν
2356 2952 2454 3005 παρὰ

1427 3019 1486 3052 τοῦ
1504 3017 1595 3053 Θεοῦ
1616 3013 1806 3063 δεδομένων
1822 3018 1905 3063 ἡμῖν
1932 3014 2060 3063 νόμων,
2082 3016 2159 3052 ἀλλ’
2185 3014 2326 3052 ἔναυλον
2348 3013 2452 3065 ἔχον-

1427 3091 1482 3119 τες
1498 3074 1710 3122 τούτωνπὴν
1731 3091 1757 3125 μ
1765 3075 1888 3124 φήμην,
1907 3076 1991 3126 πρὸς
2005 3075 2068 3121 τὴν
2090 3074 2220 3112 τούτων
2238 3074 2452 3126 κατόρθωσιν

1427 3135 1669 3187 ἐπειγώμεθα,
1696 3135 1755 3172 καὶ
1784 3135 1832 3185 μὴ
1861 3136 2020 3187 ῥαθύμως
2048 3135 2090 3173 τὰ
2118 3135 2208 3173 κατὰ
2232 3134 2295 3181 τὴν
2319 3137 2451 3172 ἑαυτῶν

1425 3196 1601 3249 σωτηρίαν
1623 3199 1874 3246 οἷκονομῶμεν,
1895 3196 1953 3233 καὶ
1977 3196 2130 3246 μάλιστα
2156 3195 2209 3233 ὅτι
2229 3197 2348 3249 πολλῷ
2371 3201 2448 3246 μεῖ-

1425 3260 1481 3301 ζον
1511 3256 1635 3309 μέτρον
1662 3258 1786 3308 ἀρετῆς
1806 3260 1863 3294 νῦν
1881 3256 2122 3307 ἀπαιτούμεθα
2136 3286 2144 3302 ,
2166 3256 2237 3308 ὅσῳ
2257 3256 2314 3293 καὶ
2337 3256 2449 3307 μειζό-

1425 3335 1490 3356 νων
1512 3318 1776 3368 ἀπηλαύσαμεν.
1805 3318 1867 3355 Διὸ
1900 3317 1958 3355 καὶ
1991 3320 2008 3355 ὁ
2031 3317 2178 3368 Χριστος
2207 3318 2336 3369 ἔλεγεν,
2363 3316 2447 3355 Ἐὰν

1426 3377 1473 3427 μὴ
1490 3377 1701 3428 περισσεύσῃ
1723 3381 1743 3422 ἢ
1769 3375 1967 3423 δικαιοσύνη
1988 3378 2084 3426 ὑμῶν
2104 3376 2206 3415 πλέον
2236 3379 2304 3415 τῶν
2329 3391 2446 3428 γραμ-
