2516 3791
702 200 759 230 DE

89 285 401 340 παρακελευόμενοι
418 284 476 322 καὶ
498 285 580 334 ὑμῖν
597 283 656 321 καὶ
683 287 767 335 ἡμῖν
792 285 918 327 αὐτοῖς.
937 282 1029 321 Τίνα
1060 276 1118 320 οὖν

87 351 132 391 εἰς
155 348 259 400 μέσον
276 349 417 398 ἀγαγεῖν
433 344 503 399 χρὴ
527 344 609 398 περὶ
638 344 828 389 ἐπιεικείας
854 344 1117 395 διαλεγόμενον,

87 410 119 447 Τ
123 409 176 447 ίνα
191 408 226 448 δὲ
242 408 358 456 ἄλλον,
375 410 451 447 ἀλλ’
469 407 492 454 ἢ
516 406 574 445 τὸν
603 406 797 460 μαρτυρίαν
819 406 951 445 ἄνωθεν
977 404 1118 455 δεξάμε-

85 486 139 509 νον
159 469 217 508 καὶ
236 470 295 508 ἐπὶ
315 469 427 522 τούτῳ
444 469 598 521 μάλιστα
615 468 884 521 θαυμασθέντα,
902 461 1014 520 Εὗρον
1035 466 1117 520 γὰρ,

85 531 314 584 φησὶ,Δαυὶδ
340 532 398 570 τὸν
427 535 488 570 τοῦ
511 531 663 578 Ἰεσσαὶ,
692 531 801 584 ἄνδρα
829 530 920 570 κατὰ
939 529 1003 576 τὴν
1032 544 1118 582 καρ-

85 593 160 632 δίαν
182 609 262 645 μου.
278 592 394 632 “O-tow
409 592 444 631 δὲ
466 595 484 632 ὁ
502 592 592 637 Θεὸς
606 592 864 646 ἀποφαίνηται,
883 589 1029 642 οὐδεμία
1046 596 1117 634 τοῖς

84 653 319 707 ἀντιλέγουσιν
335 654 584 694 ὑπολέλειπται
607 653 791 708 πρόφασις.
816 652 1020 694 Ἀδέκαστος
1048 650 1116 704 γὰρ

82 718 238 768 ἡῇφος
271 715 405 763 ἐκείνη,
437 715 515 755 οὔτε
542 715 628 768 πρὸς
663 715 782 768 χάριν,
811 713 888 753 οὔτε
911 713 997 766 πρὸς
1026 712 1114 752 ἀπέ-

83 780 203 830 χθειαν
224 781 285 816 τοῦ
301 779 393 817 Θεοῦ
408 777 601 832 κρίνοντος,
620 776 711 817 ἀλλὰ
729 780 771 829 τῇ
792 778 856 822 τῆς
873 777 987 828 ψυχῆς
1008 777 1115 829 ἀρετῇ

84 841 197 890 γυμνῇ
213 839 460 891 ψηφιζομένου.
491 840 545 877 Οὐ
571 837 628 876 διὰ
643 842 744 877 τοῦτο
765 836 800 876 δὲ
821 837 923 889 μόνον
944 837 1047 875 αὐτὸν
1069 839 1118 882 εἷς

85 899 189 951 μέσον
204 901 348 952 ἄγομεν,
361 900 414 938 ὅτι
432 899 530 954 παρὰ
551 903 612 937 τοῦ
634 901 727 938 Θεοῦ
751 898 814 946 τὴν
831 900 945 951 ψῆφον
958 898 1115 947 ἐδέξατο,

85 962 161 1000 ἀλλ’
178 960 232 1000 ὅτι
257 961 318 1000 καὶ
336 964 406 1000 τῶν
426 964 460 1001 ἐν
486 963 531 1013 τῇ
553 963 699 1014 Παλαιᾷ
724 961 922 1014 τραφέντων
943 960 1032 1000 ἐστί.
1063 961 1117 1000 Τὸ

84 1022 148 1074 μὲν
158 1023 227 1076 γὰρ
247 1023 304 1062 ε’πὶ
317 1025 379 1070 τῆς
392 1022 536 1078 χάριτος
556 1023 706 1076 φανῆναί
727 1038 806 1061 τινα
826 1023 977 1075 καθαρὸν
991 1024 1116 1076 ὀργῆς,

83 1084 143 1123 καὶ
166 1091 238 1129 τοῖς
273 1087 408 1138 ἐχθροῖς
437 1085 581 1139 ἀφιέντα
607 1085 651 1125 τὰ
679 1085 941 1137 ἁμαρτήματα,
968 1085 1028 1123 καὶ
1046 1087 1115 1123 τῶν

83 1146 330 1193 λελυπηκότων
360 1146 586 1199 φειδόμενον,
623 1148 824 1198 θαυμαστὸν
856 1146 952 1185 οὐδὲν
995 1145 1117 1198 “μετὰ

83 1208 140 1247 τὸν
173 1213 233 1247 τοῦ
253 1209 408 1262 Χριστοῦ
437 1207 595 1257 θάνατον,
619 1208 709 1260 μετὰ
739 1208 802 1256 τὴν
829 1208 1003 1256 τοσαύτην
1046 1211 1116 1247 τῶν

83 1270 349 1324 ἁμαρτημάτων
375 1270 510 1322 ἄφεσιν,
542 1269 631 1322 μετὰ
659 1269 704 1309 τὰ
731 1270 934 1323 φιλοσοφίας
964 1269 1118 1322 γέμοντα

82 1331 308 1383 ἐπιτάγματα
321 1347 329 1355 ·
348 1332 388 1370 τὸ
415 1331 451 1370 δὲ
478 1332 537 1370 ἐπὶ
555 1334 618 1378 τῆς
650 1333 833 1380 Παλαιᾶς,
853 1331 958 1379 ἡνίκα
980 1335 998 1370 ὁ
1015 1331 1118 1382 νόμος

83 1391 273 1446 συνεχώρει
299 1393 476 1445 ὀφθαλμὸν
493 1393 683 1448 ἐξορύττειν
716 1393 794 1432 ἀντὶ
822 1395 1026 1446 ὀφθαλμοῦ,
1058 1392 1118 1431 καὶ

82 1453 204 1493 ὀδόντα
233 1454 310 1492 ἀντὶ
336 1454 496 1503 ὀδόντος,
531 1456 591 1494 καὶ
616 1461 687 1499 τοῖς
716 1455 801 1499 ἴσοις
835 1455 1026 1507 ἀμύνεσθαι
1060 1454 1118 1494 τὸν

83 1515 322 1564 ἀδικήσαντα,
350 1517 501 1568 φανῆναί
517 1533 596 1556 τινα
615 1517 817 1571 ὑπερὸάντα
842 1517 887 1556 τὰ
912 1517 1024 1571 μέτρα
1048 1520 1118 1556 τῶν

82 1577 380 1630 προσταγμάτων,
395 1578 455 1616 καὶ
480 1579 566 1631 πρὸς
597 1579 662 1626 τὴν
681 1578 917 1625 ἀποστολικὴν
934 1579 1117 1632 φθάσαντα

83 1639 298 1691 φιλοσοφίαν,
325 1639 403 1677 τίνα
429 1640 490 1690 μὲν
515 1643 579 1678 οὐκ
596 1640 637 1678 ἂν
661 1640 844 1687 ἐκπλήξειε
875 1643 943 1679 τῶν
974 1639 1117 1678 ἀκουόν-

82 1717 174 1748 των;
190 1700 269 1738 τίνα
289 1699 323 1739 δὲ
348 1703 412 1739 οὐκ
442 1701 484 1739 ἂν
504 1704 573 1740 τῶν
599 1701 647 1752 μὴ
668 1701 862 1748 ζηλούντων
885 1701 1002 1748 πάσης
1023 1704 1116 1740 ἀπο-

82 1761 261 1814 στερήσειε
280 1760 489 1814 συγγνώμης
509 1777 546 1800 τε
570 1761 629 1800 καὶ
646 1761 854 1815 ἀπολογίας,
871 1761 951 1801 Ἵνα
969 1761 1004 1801 δὲ
1020 1764 1118 1814 ἀκρι-

82 1822 243 1875 ὅέστερον
270 1825 376 1862 αὐτοῦ
406 1823 666 1875 καταμάθωμεν
688 1822 751 1870 τὴν
771 1823 921 1875 ἀρετὴν,
954 1823 1031 1862 δότε
1059 1839 1118 1875 μοι

83 1883 206 1937 μικρὸν
239 1884 403 1938 ἀνωτέρω
433 1885 491 1924 τὸν
521 1885 622 1936 λόγον
657 1887 815 1937 ἀγαγεῖν,
840 1885 900 1924 καὶ
930 1885 992 1929 τὰς
1023 1888 1116 1940 εὐερ-

81 1945 199 1997 γεσίας
214 1948 337 1994 εἰπεῖν,
358 1947 397 1991 ἃς
417 1948 465 1990 εἰς
484 1947 542 1986 τὸν
565 1946 683 1986 Σαοὺλ
708 1945 874 1985 κατέθετο
900 1950 918 1986 ὃ
947 1947 1117 2001 μακάριος

82 2001 178 2052 οὗτος
204 2008 304 2061 ἀνήρ.
327 2008 380 2047 Τὸ
396 2008 458 2060 μὲν
479 2008 546 2061 γὰρ
564 2010 684 2053 ἁπλῶς
700 2008 822 2061 ἐχθρὸν
842 2009 1050 2056 λυπήσαντα
1067 2009 1116 2061 μὴ

82 2069 301 2120 ἀμύνασθαι,
327 2070 527 2122 θαυμαστὸν
555 2070 670 2109 οὐδέν·
689 2070 729 2108 τὸ
757 2070 792 2108 δὲ
820 2071 1003 2124 ἄνθρωπον
1024 2072 1118 2125 εὐερ-

80 2131 268 2181 γετηθέντα
296 2132 428 2176 πολλὰς
444 2132 504 2170 καὶ
526 2132 683 2184 μεγάλας
700 2132 918 2185 εὐεργεσίας,
949 2127 1024 2171 εἶτα
1041 2133 1118 2171 ἀντὶ

81 2196 150 2231 τῶν
172 2195 376 2246 εὐεργεσιῶν
396 2194 537 2233 ἐκείνων
560 2194 620 2232 καὶ
647 2193 739 2239 ἅπαξ
768 2194 828 2233 καὶ
852 2195 903 2238 δὶς
938 2195 999 2233 καὶ
1026 2197 1116 2234 πολ-

80 2255 180 2299 λάκις
213 2256 346 2293 ἀνελεῖν
367 2256 640 2308 ἐπιχειρήσαντα
662 2256 720 2294 τὸν
747 2256 943 2310 εὐεργέτην,
962 2256 1118 2296 λαὸόντα

83 2318 128 2360 εἷς
158 2322 299 2368 χεῖρας,
315 2317 374 2356 καὶ
399 2317 517 2370 κύριον
538 2316 722 2369 γενόμενον
751 2319 896 2365 ἀνελεῖν,
928 2318 988 2357 καὶ
1015 2320 1116 2358 αὐτὸν

84 2378 240 2428 ἀφεῖναι,
261 2378 320 2416 καὶ
351 2381 413 2424 τ’ῆς
446 2378 572 2430 ἑτέρων
603 2378 791 2426 ἐπιὸουλῆς
812 2378 1026 2432 ἐξαρπάσαι,
1056 2380 1116 2419 καὶ

83 2440 193 2475 ταῦτα
213 2438 318 2476 πάλιν
336 2445 408 2482 τοῖς
430 2440 546 2482 αὐτοῖς
573 2439 800 2486 ἐπιθήσεσθαι
821 2440 1015 2492 μέλλοντα,
1036 2441 1116 2482 τίνα

86 2497 125 2534 ἂν
148 2498 339 2537 καταλίποι
359 2499 479 2538 λοιπὸν
495 2499 697 2552 φιλοσοφίας
711 2500 930 2553 ὑπερὸολήν;

136 3103 243 3147 Τίνας
279 3096 336 3142 οὖν
369 3103 598 3156 εὐηργέτησεν
626 3108 644 3143 ὁ
672 3108 781 3145 Δαυὶδ
827 3110 1022 3162 εὐεργεσίας
1053 3111 1110 3149 τὸν

83 3164 222 3212 Σαοὺλ,
242 3166 301 3203 καὶ
323 3165 409 3205 πότε
433 3166 491 3204 καὶ
516 3169 613 3215 πῶς,
640 3168 833 3220 ἀνάσχεσθε
866 3170 923 3209 διὰ
949 3172 1110 3225 βραχέων

84 3226 320 3278 διηγουμένου.
342 3227 506 3278 Πολέμου
522 3227 588 3279 γάρ
604 3244 689 3267 ποτε
711 3229 787 3272 τοὺς
804 3231 989 3276 Ἰουδαίους
1003 3249 1110 3272 κατα-

83 3287 247 3331 λαὸόντος
272 3289 543 3340 χαλεπωτάτου,
580 3290 638 3327 καὶ
667 3291 806 3328 πάντων
838 3295 1109 3346 κατεπτηχότων

800 199 969 230 oAvtDE
1007 199 1062 228 ET
1100 197 1240 228 §.tuit-3
1279 197 1465 227 nomini
1499 197 1530 226 Ι.

2053 184 2141 244 867

1190 281 1300 329 vallo,
1317 295 1388 320 uno
1404 281 1606 334 quopiamc
1626 294 1771 319 numero
1790 290 1993 319 sauctorum
2014 283 2047 320 in
2075 298 2144 320 nu·-

1189 341 1290 381 dium
1311 342 1508 395 producto,
1530 343 1714 394 oculisque
1731 343 1857 381 vestris
1877 343 2036 395 subjecto
2050 374 2059 389 ,
2075 359 2147 396 per-

1189 404 1352 457 spicuam
1380 405 1576 456 quamdam
1609 420 1651 443 ac
1684 414 1864 458 potentem
1896 405 2147 443 adhibebimus

1189 465 1473 504 exhortationem
1486 497 1497 516 ‚
1514 476 1553 505 ut
1567 466 1667 518 quasi
1683 466 1729 505 ad
1747 466 1933 520 archetypi
1961 467 2016 519 cuj
2024 467 2147 506 usdam

1142 536 1164 566 B
1188 527 1451 566 aemulationem
1480 528 1716 567 adhortemur
1737 538 1771 567 et
1799 543 1863 567 vos
1891 537 1924 566 et
1949 543 2013 567 nos
2039 530 2145 582 ipsos.

1191 588 1282 635 Quis
1295 588 1406 640 igitur
1423 589 1458 627 in
1476 589 1636 628 medium
1654 589 1886 642 proferendus
1899 600 1949 628 est
1964 590 2144 630 dehuma-

1189 650 1298 690 nitate
1307 650 1475 690 dicturo?
1489 652 1580 698 Quis
1595 666 1680 691 vero
1693 652 1800 698 alius,
1821 667 1928 704 quam
1944 653 1973 690 is
1997 655 2056 705 qui
2082 668 2146 691 cse-

1187 712 1269 751 lcsti
1288 713 1489 752 testimonio
1519 714 1659 752 laudari
1686 714 1835 764 meruit,
1865 715 1912 752 ob
1937 715 2004 753 hoc
2027 715 2144 768 ipsum

1189 774 1346 813 maxime
1364 775 1640 828 suspiciendus?
1664 779 1828 824 Inveni,
1852 777 1986 829 inquit,
2012 779 2147 816 David

1177 835 1316 889 filium
1335 838 1464 885 Iesse,
1500 841 1630 876 ‘virum
1665 840 1878 878 secundum
1904 853 1972 877 cor
2006 854 2142 878 meum.

1190 898 1302 937 Porro
1346 908 1576 951 posteaquam
1610 901 1707 938 Deus
1742 900 2010 953 pronuntiavit,
2048 902 2146 940 nulla

1190 960 1455 1000 contradicendi
1492 962 1627 1014 reliqua
1665 972 1716 1001 est
1743 963 1892 1002 occasio.
1923 965 2015 1002 Nam
2050 965 2147 1003 illius

1190 1021 1349 1061 calculus
1369 1023 1599 1078 incorruptus
1617 1034 1693 1075 est,
1714 1039 1754 1064 eo
1778 1026 1875 1077 quod
1895 1028 1993 1065 Deus
2013 1042 2076 1066 nec
2101 1028 2148 1066 ad

1190 1084 1361 1137 gratiam,
1391 1101 1454 1125 nec
1469 1102 1532 1140 per
1555 1087 1853 1141 odiumjiidicat‚
1883 1089 1946 1128 sed
1970 1104 2034 1142 pro
2051 1104 2147 1130 mera

1189 1147 1301 1186 animi
1317 1148 1452 1188 virtute
1472 1150 1538 1188 fert
1552 1150 1777 1203 suffragium.
1800 1153 1844 1189 At
1864 1166 1932 1190 non
1951 1152 1998 1190 ob
2015 1152 2055 1190 id
2070 1161 2148 1191 tan-

1192 1217 1269 1246 tum
1297 1209 1395 1248 hunc
1428 1211 1464 1249 in
1491 1211 1651 1250 medium
1669 1212 1927 1265 produximus,
1952 1213 2048 1265 quod
2080 1213 2148 1252 Dei

1192 1271 1365 1323 suffragio
1387 1272 1496 1311 fuerit
1510 1272 1692 1321 laudatus,
1714 1288 1840 1313 verum
1863 1274 1973 1313 etiam
1985 1274 2083 1326 quod
2104 1275 2149 1313 sit

1192 1343 1237 1369 ex
1261 1332 1306 1370 iis
1325 1333 1388 1384 qui
1413 1333 1482 1372 sub
1499 1334 1610 1372 reteri
1635 1335 1712 1387 lege
1736 1344 1819 1373 sunt
1845 1335 2000 1374 educati.
2022 1337 2147 1388 Siqui-

1193 1391 1274 1431 dem
1290 1393 1357 1431 sub
1378 1394 1456 1446 lege
1475 1395 1598 1446 gratiae
1613 1396 1790 1434 exstitisse
1809 1397 2013 1450 quempiam
2032 1399 2078 1436 ab
2097 1399 2150 1437 im

1192 1467 1345 1506 purum,
1363 1464 1397 1493 et
1411 1455 1568 1495 inimicis
1580 1456 1709 1496 delicta
1724 1458 1999 1509 condonantem,
2015 1475 2055 1498 ac
2068 1475 2150 1513 par-

1193 1523 1330 1553 centem
1348 1515 1393 1554 iis
1407 1530 1428 1554 a
1447 1517 1579 1569 quibus
1599 1518 1707 1558 suerit
1725 1519 1887 1557 molestia
1902 1521 2051 1560 affectus
2064 1553 2074 1571 ,
2095 1523 2149 1561 ni—

1192 1574 1245 1613 hil
1259 1590 1342 1615 sane
1361 1577 1496 1616 mirum
1509 1609 1520 1628 ,
1539 1578 1706 1618 videlicet
1722 1589 1802 1632 post
1822 1580 1955 1619 Christi
1972 1593 2122 1622 mortem
2137 1616 2145 1630 ‚

1191 1646 1380 1688 postquam
1395 1638 1456 1676 ille
1470 1648 1543 1678 tam
1558 1640 1747 1679 clementer
1759 1641 1861 1680 nobis
1872 1643 1991 1681 omnia
2004 1655 2147 1696 peccata

1191 1698 1349 1749 remisit,
1377 1709 1458 1752 post
1482 1709 1534 1739 tot
1566 1711 1739 1755 praeeepta
1771 1704 1899 1742 referta
1935 1707 2148 1758 evangelicae

1190 1759 1428 1814 philosophiae
1438 1778 1445 1799 :
1455 1772 1624 1802 caeterum
1637 1764 1674 1803 in
1682 1766 1811 1805 Vetere
1824 1766 2052 1807 Testameuto
2065 1784 2147 1808 cum

1188 1821 1250 1860 lex
1278 1823 1499 1875 permitteret
1523 1826 1668 1865 oculum
1688 1841 1754 1879 pro
1786 1828 1889 1867 oculo
1906 1829 2081 1881 effodere,
2106 1847 2147 1871 ac

1188 1883 1330 1923 dentem
1349 1900 1414 1938 pro
1432 1886 1538 1926 dente
1555 1889 1771 1939 extundere,
1791 1904 1944 1942 eumque
1963 1893 2024 1943 qui
2037 1893 2147 1932 laesis-

1187 1954 1240 1984 set
1263 1946 1406 1986 talionis
1423 1962 1528 2001 poena
1552 1949 1694 1997 ulcisci,
1712 1951 1870 2003 aliquem
1887 1954 2064 1992 exstitisse
2085 1956 2146 2007 qui

1186 2017 1449 2061 praeceptorum
1478 2010 1566 2049 fines
1590 2013 1816 2064 transilierit,
1836 2014 1951 2066 adque
1978 2017 2146 2068 apostoli-

1187 2083 1263 2108 cam
1281 2071 1485 2123 pervenerit
1508 2073 1796 2128 philosophiam,
1815 2091 1921 2128 quem
1939 2077 2147 2117 auditorum

1189 2145 1258 2170 non
1278 2132 1434 2172 adducet
1453 2134 1490 2172 in
1510 2137 1720 2189 stuporem?
1739 2152 1846 2189 quem
1876 2138 1905 2177 si
1931 2153 2000 2177 non
2028 2139 2145 2179 imite-

1189 2207 1289 2244 mur,
1313 2208 1384 2234 non
1415 2196 1534 2249 privet
1558 2198 1656 2236 omni
1678 2199 1802 2249 venia,
1831 2201 2000 2252 omnique
2031 2216 2143 2240 excu-

1188 2256 1349 2295 satione?
1369 2257 1442 2297 Sed
1465 2267 1506 2296 ut
1534 2260 1738 2299 accuratius
1766 2261 1844 2314 ejus
1876 2262 2048 2301 virtutem
2079 2278 2143 2302 co-

1187 2317 1383 2368 gnoscatis,
1410 2319 1594 2359 concedite
1626 2321 1718 2359 mihi
1749 2332 1789 2360 ut
1816 2324 2011 2363 orationem
2035 2326 2144 2378 paulo

1186 2375 1296 2415 altius
1315 2387 1496 2430 repetam,
1516 2393 1557 2417 ac
1581 2379 1753 2418 beneficia
1771 2395 2042 2421 commemorem
2063 2399 2143 2435 quae

1185 2436 1311 2477 beatus
1333 2438 1394 2478 ille
1411 2440 1469 2479 vir
1490 2441 1527 2479 in
1547 2442 1691 2481 Saiilem
1709 2444 1872 2482 contulit.
1893 2446 1985 2483 Nam
2002 2460 2070 2484 non
2088 2447 2143 2484 ul-

1186 2498 1271 2537 cisci
1290 2499 1479 2539 inimicum
1509 2503 1571 2553 qui
1602 2503 1814 2556 simpliciter
1835 2505 1948 2555 laesit,
1979 2520 2048 2544 non
2075 2508 2142 2545 mi-

1186 2574 1267 2599 rum
1289 2571 1340 2600 est
1366 2578 1373 2598 :
1395 2571 1432 2600 at
1456 2563 1519 2614 qui
1538 2563 1721 2602 hominem
1744 2579 1764 2602 a
1783 2579 1820 2604 se
1834 2565 1960 2605 multis
1975 2568 2142 2607 affectum

1186 2619 1370 2659 beneficiis
1383 2651 1394 2671 ,
1414 2621 1475 2660 sed
1496 2622 1558 2673 qui
1575 2637 1640 2675 pro
1656 2623 1848 2662 benefactis
1865 2624 2068 2664 beneficum
2083 2641 2138 2665 se·

1186 2682 1255 2720 mel
1272 2691 1378 2733 atque
1397 2682 1547 2731 iterum,
1566 2684 1638 2723 imo
1651 2685 1852 2736 frequenter
1864 2685 2060 2726 interficere
2079 2703 2140 2726 co-

1186 2753 1289 2782 natus
1320 2744 1389 2793 sit,
1411 2753 1642 2797 posteaquam
1663 2746 1699 2784 in
1731 2760 1857 2785 manus
1878 2746 2081 2797 incidisset,
2102 2758 2142 2787 ut

1181 2805 1256 2856 jam
1275 2804 1396 2843 liceret
1415 2805 1595 2856 occidere,
1609 2820 1679 2845 non
1698 2806 1816 2860 ipsum
1830 2808 1969 2848 dimisit
1986 2819 2141 2858 tantum,

1186 2879 1311 2903 verum
1331 2865 1438 2904 etiam
1458 2881 1503 2904 ex
1532 2867 1686 2906 aliorum
1706 2867 1846 2908 insidiis
1862 2867 2017 2923 eripuit'5
2047 2886 2138 2924 prae-

1185 2927 1306 2965 sertim
1323 2941 1405 2965 cum
1419 2928 1522 2966 sciret
1535 2928 1640 2966 illum
1657 2939 1738 2982 post
1760 2930 1884 2970 eadem
1899 2932 2114 2972 moliturum
2132 2949 2139 2968 :

1185 2987 1274 3039 quid
1287 2988 1316 3027 is
1333 2989 1512 3040 reliquum
1534 2989 1618 3028 fecit
1630 3021 1639 3034 ‚
1656 2991 1754 3042 quod
1766 2991 1813 3030 ad
1830 3006 2008 3031 summam
2026 2994 2140 3046 philo-

1185 3049 1348 3102 sophiam
1368 3049 1480 3102 possit
1493 3049 1641 3103 adjungi
1655 3051 1672 3089 ‚⁰

1240 3113 1276 3149 2.
1306 3111 1448 3158 Quibus
1477 3121 1595 3151 autem
1628 3112 1811 3153 beneficiis
1838 3115 1957 3153 David
1983 3115 2137 3153 affecerit

1186 3172 1328 3210 Saulem
1342 3202 1352 3220 ,
1369 3173 1513 3224 quando
1534 3182 1568 3212 et
1585 3188 1656 3225 quo
1674 3184 1778 3227 pacto
1790 3206 1800 3224 ‚
1822 3175 1945 3228 paucis
1971 3190 2128 3213 enarran-

1186 3242 1256 3271 tem
1282 3248 1339 3272 me
1372 3234 1552 3273 sustinete.
1572 3235 1663 3273 Cum
1691 3235 1883 3287 aliquando
1904 3236 2020 3275 Judaei
2042 3236 2137 3274 bello

1185 3294 1403 3333 difficillimo
1420 3305 1683 3348 premerentur.
1707 3297 1793 3335 :uleo
1812 3306 1848 3335 ut
1870 3311 1989 3334 (tumes
2007 3311 2138 3348 pavore

1140 1214 1164 1246 C

1139 3139 1161 3168 E

130 3420 142 3433 ¹·
166 3410 245 3452 Reg.
264 3419 343 3454 μετὰ
361 3419 417 3456 γὰρ
440 3419 487 3447 τὸν
510 3420 561 3447 τοῦ
581 3421 707 3456 Χριστοῦ
726 3419 850 3449 θάνατον
867 3425 990 3462 φανῆναι
1008 3423 1094 3452 reka
1113 3428 1200 3453 ποιῶν
1217 3430 1222 3435 “
1245 3425 1324 3461 μετὰ
1342 3427 1404 3456 τήν.

2149 3168 2205 3195 Das
2215 3170 2270 3196 idn

2148 3210 2272 3237 <ai-lom.

2147 3229 2154 3237 ι

2253 591 2306 617 Ῐ).Ιι
2317 593 2345 619 ni

2199 634 2341 668 ΒΧΡΙΙΙΙΙΙἈΙ

2160 674 2322 701 Ιιιιιιιίιιι1.ι-

2161 721 2207 743 11³.

2162 786 2187 805 Ι.
2202 778 2279 813 [fleg.
2298 778 2343 806 13.

2161 817 2208 857 14.

2159 863 2226 890 Act.
2245 861 2332 889 [Lau.

2161 1773 2260 1802 Emod.
2277 1784 2325 1804 21.

2162 1816 2211 1851 2²¹4.

2196 3127 2337 3155 Bemfiru
