2483 3791
673 172 713 200 ΙΝ
751 171 852 201 ΟΛΡ.
893 171 939 200 u.

51 258 157 310 ἕτεροι
179 258 226 300 εἰς
245 254 415 307 τέσσαρας
434 252 545 305 ἀρχὰς
563 254 806 305 διαιρεθέντες,
825 253 915 292 οὕτω
929 252 972 291 τὰ
992 251 1066 291 κλί·

52 333 145 370 ματα
162 320 224 363 τῆς
250 319 314 369 γῆς
329 315 558 366 διενείμαντο.
578 314 670 352 Ἀλλ’
692 314 774 358 ἴσως
798 317 829 352 οἱ
856 314 901 352 τὰ
921 313 990 352 ἀπὸ
1008 316 1070 359 τῆς

979 168 1141 206 GENES.

2072 156 2095 179 Γ

1183 169 1338 198 uomit„
2012 174 2095 201 12.)

1379 170 1473 199 xiii.

1142 252 1279 291 Verum
1298 251 1389 288 foi-te
1409 250 1433 287 ii
1455 251 1515 301 qui
1544 264 1588 288 ex
1621 251 1765 302 propria
1794 251 1964 302 sapientia
1997 253 2094 302 loqui

1139 311 1280 362 volunt,
1297 311 1445 349 flumina
1463 310 1524 349 illa
1543 325 1610 348 non
1625 310 1822 348 concedunt
1841 326 1914 349 esse
1928 312 2087 359 flumina,

48 378 175 421 οἰκείας
196 376 318 428 σοφίας
348 375 556 427 φθέγγεσθαι
593 375 819 426 βουλόμενοι,
850 374 956 413 πάλιν
992 374 1068 412 οὔτε
1091 369 1114 399 Ε
1139 386 1251 425 neque
1268 387 1378 424 aquas
1398 373 1552 410 fatentur
1570 386 1644 410 esse
1663 386 1786 423 aquas,
1805 372 1868 409 sed
1885 372 1983 409 aliud
2005 373 2095 410 ima·

1140 433 1254 485 ginari
1271 433 1420 471 suadent
1442 433 1484 471 iis
1503 433 1565 484 qui
1595 433 1664 471 sibi
1695 447 1796 470 aures
1828 433 2098 471 accommodare

1139 495 1278 533 volunt.
1300 497 1343 532 At
1364 509 1440 541 uos,
1462 495 1620 545 obsecro,
1640 493 1849 547 hujusmodi
1879 494 2041 532 homines
2056 508 2099 532 nc

1140 556 1316 604 seramuS,
1337 555 1397 593 sed
1424 555 1650 593 obstruamus
1670 556 1815 593 illorum
1845 554 1950 593 dictis
1978 570 2096 602 aures,

1141 616 1327 653 credamus
1342 617 1475 654 divina·
1491 617 1700 669 Scripturae,
1715 626 1820 668 atque
1834 632 1872 655 ea
1891 631 1968 667 quae
1987 617 2021 654 in
2037 617 2098 654 illa

47 437 221 489 ποταμοὺς
237 439 477 489 συγχωροῦσιν
497 430 678 479 εἶναιτοὺς
702 436 880 487 ποταμοὺς
893 467 902 483 ,
929 435 1006 474 οὕτε
1026 436 1070 474 τὰ

47 499 172 545 ὕδατα,
204 498 334 542 ὕδατα,
352 497 428 535 ἀλλ’
459 496 576 549 ἕτερόν
600 512 635 534 τι
666 498 898 549 φαντάζεσθαι
930 496 1071 535 ἀναπεί-

48 563 142 598 θουσι
166 559 243 603 τοὺς
272 557 445 597 ἐκδιδόναι
464 560 578 601 αὐτοῖς
605 557 666 601 τὰς
700 557 807 601 ἀκοὰς
835 556 1070 610 αἱρουμένους.

49 621 140 661 Ἀλλ’
159 626 259 672 ἡμεῖς
271 651 280 666 ‚
301 621 497 671 παρακαλῶ
510 648 518 664 ,
537 619 667 658 τούτων
684 620 748 670 μὲν
771 618 819 670 μὴ
841 618 1050 670 ἀνεχώμεθα
1062 647 1071 664 ,

49 684 125 720 ἀλλ’
146 681 422 734 ἀποφράττωμεν
444 681 559 723 αὐτοῖς
583 679 644 723 τὰς
666 679 792 727 ἀκοὰς,
813 677 1015 728 πειθώμεθα
1037 677 1072 714 δὲ

49 747 91 796 τῇ
111 743 184 796 θεία
203 746 326 796 Γραφῇ
340 773 348 789 ,
370 743 428 781 καὶ
447 747 517 783 τοῖς
536 743 593 779 ὑπ’
619 743 725 786 αὐτῆς
743 739 938 792 εἰρημένοις
964 753 1072 776 κατα-

49 806 305 850 κολουθοῦντες,
327 803 371 841 τὰ
387 805 466 852 ὓγιῆ
495 801 652 852 δόγματα
672 801 922 850 σπουδάζωμεν
949 800 1072 836 ἐναπο-
1140 796 1332 848 diligenter
1345 797 1583 846 instituamus,
1598 807 1679 835 utet
1695 798 1769 849 ipsa
1785 799 1855 836 vita
1867 799 1911 836 sit
1926 799 2098 838 doctrina:

48 863 201 902 τίθεσθαι
224 869 298 906 ταῖς
322 864 452 900 ἑαυτῶν
476 862 622 912 ψυχαῖς,
643 861 702 898 καὶ
731 859 821 910 μετὰ
851 859 982 897 τούτων
1013 859 1073 897 καὶ
1142 857 1255 907 testis,
1271 866 1305 895 et
1329 857 1495 908 dogmata
1516 859 1592 910 ipsa
1614 858 1698 897 vitae
1719 859 1826 896 {idem
1847 860 1987 898 iaciant.
2008 863 2099 899 Nam

48 923 122 974 βίου
145 923 326 975 ἀκρίὸειαν
352 921 631 966 ἐπιδείκνυσθαι,
662 919 719 958 ἵνα
748 919 847 958 καὶὸ
879 919 951 971 βίος
976 935 1129 975 μαψ-,05
1142 918 1171 955 si
1203 917 1371 970 dogmata
1402 919 1548 969 quidem
1578 928 1671 957 reeta
1702 928 1897 969 teneamus,
1919 921 2101 972 vitamque

46 987 132 1035 τυρῇ
148 989 219 1027 τοῖς
254 983 427 1034 δόγμασι,
442 981 501 1019 καὶ
520 980 564 1019 τὰ
583 980 742 1032 δόγματα
759 980 819 1018 τὸν
841 979 915 1031 βίον
934 980 1070 1024 ἀξιοπι-
1095 988 1120 1017 Λ
1143 988 1258 1017 tamen
1280 979 1517 1031 negligamus,
1540 980 1632 1018 nihil
1653 980 1693 1018 id
1714 980 1816 1018 nobis
1835 980 2015 1033 proderit,
2032 997 2100 1034 pa-

1142 1041 1298 1092 riterque
1317 1042 1346 1079 si
1366 1042 1448 1080 vitae
1468 1056 1591 1080 euram
1611 1042 1818 1092 habeamus,
1839 1051 2015 1081 rectorum
2038 1058 2101 1081 au-

1144 1110 1215 1140 tem
1240 1101 1450 1153 dogmatum
1481 1102 1641 1151 minime,
1671 1103 1762 1140 nihil
1782 1103 1827 1141 ad
1861 1104 2009 1142 salutem
2036 1119 2102 1143 no-

1143 1173 1253 1202 stram
1273 1164 1360 1201 utile
1387 1164 1517 1202 lucrari
1544 1164 1753 1217 poterimus.
1778 1165 1847 1202 Par
1874 1175 1925 1203 est
1944 1166 2051 1213 enim,
2073 1167 2103 1204 si

1143 1224 1363 1263 voluerimus
1396 1235 1429 1263 et
1460 1239 1480 1263 a
1512 1225 1671 1277 gehenna
1699 1225 1860 1273 liberari,
1886 1235 1919 1264 et
1952 1240 2101 1278 regnum

1143 1286 1325 1336 consequi,
1349 1295 1499 1337 utroque
1527 1287 1666 1335 ornari,
1685 1296 1718 1325 et
1738 1287 1832 1325 sanis
1853 1287 2100 1339 dogmatibuS,

1143 1355 1176 1384 et
1197 1346 1397 1386 vitae‚cu1·a.
1414 1348 1504 1394 Qua:
1524 1348 1675 1399 utilitas,
1699 1362 1833 1399 quae50,
1849 1349 1988 1387 arboris
2007 1364 2099 1401 pra:-

1143 1406 1238 1456 altae,
1263 1416 1297 1445 et
1323 1408 1418 1446 foliis
1442 1409 1637 1459 vernantis,
1671 1424 1751 1460 quae
1783 1409 1957 1448 fructibus
1989 1425 2101 1449 vacua

1142 1468 1213 1506 sit}>
1233 1467 1294 1507 Sic
1312 1477 1347 1506 et
1375 1468 1579 1507 Christiano
1612 1469 1704 1508 nihil
1732 1479 1882 1522 prosunt
1912 1481 2006 1509 reeta
2037 1470 2102 1509 do-

1142 1539 1273 1582 gmata,
1283 1530 1311 1568 si
1327 1530 1410 1568 vitae
1432 1530 1636 1569 institutum
1654 1532 1822 1584 negligat.
1835 1531 1921 1571 Ideo
1938 1533 2102 1572 Christus

1141 1591 1229 1629 tales
1239 1591 1400 1629 homines
1409 1591 1533 1631 beatos
1548 1591 1862 1631 djcebat:Beatus
1873 1596 2098 1646 quifecerit,

1141 1661 1179 1690 et
1193 1654 1379 1690 docuerit.
1394 1654 1485 1690 Nam
1499 1652 1660 1691 doctrina
1676 1667 1823 1705 operum
1838 1653 1943 1705 longe
1955 1668 2100 1693 accura-

1142 1713 1210 1751 tior
1239 1722 1274 1751 et
1302 1712 1373 1750 fide
1396 1712 1541 1764 dignior
1559 1722 1628 1763 est,
1650 1728 1758 1765 quam
1779 1714 1939 1753 doctrina
1966 1716 2098 1754 verbo—

1096 1784 1117 1813 B
1144 1788 1249 1811 rum:
1268 1773 1399 1811 etenim
1426 1774 1488 1825 qui
1519 1774 1608 1812 bene
1627 1775 1714 1826 agit,
1731 1775 1869 1814 etiamsi
1890 1785 2016 1826 taceat,
2038 1791 2102 1816 nec

1141 1833 1320 1882 videatur,
1339 1834 1523 1872 instituere
1541 1844 1670 1887 potest,
1692 1835 1780 1873 alios
1797 1836 1932 1874 scilicet
1950 1851 2012 1889 per
2032 1837 2099 1875 ad-

1142 1904 1318 1947 spectum,
1339 1895 1429 1933 alios
1444 1910 1508 1948 per
1525 1910 1626 1934 aures
1633 1912 1643 1946 ;
1664 1897 1809 1949 ipseque
1828 1898 1940 1935 multa
1956 1899 2021 1936 Dei
2039 1899 2101 1938 be-

1142 1955 1339 1994 nevolentia
1367 1957 1522 2004 fruetur,
1541 1956 1629 1994 dum
1649 1956 1687 1994 id
1706 1957 1818 1994 efficit
1838 1967 1876 1995 ut
1902 1972 1971 1996 non
1995 1959 2102 1997 modo

1143 2031 1206 2069 per
1226 2016 1398 2069 seipsum,
1417 2016 1478 2055 sed
1493 2018 1601 2055 etiam
1619 2032 1682 2070 per
1699 2032 1756 2056 eos
1775 2018 1836 2069 qui
1857 2019 1976 2072 ipsum
1993 2021 2099 2073 respi-

1142 2079 1241 2116 ciunt
1261 2078 1440 2116 Dominus
1461 2093 1546 2117 suus
1567 2079 1777 2118 celebretur.
1801 2080 1873 2126 Qui
1894 2080 2101 2133 hujusmodi

1143 2148 1209 2189 est,
1230 2153 1292 2191 pei·
1314 2149 1496 2177 sexcentas
1517 2140 1660 2192 linguas
1679 2150 1713 2178 et
1730 2156 1795 2193 per
1813 2142 1927 2179 multa
1941 2156 2002 2180 ora
2022 2157 2101 2195 gra-

1143 2200 1210 2238 tias
1231 2209 1263 2238 et
1284 2200 1408 2238 laudes
1435 2201 1559 2239 offeret
1585 2201 1838 2241 universorum
1866 2204 1952 2242 Deo.
1979 2205 2102 2255 Neque

1142 2261 1237 2299 enim
1264 2261 1339 2300 noti
1368 2262 1485 2300 solum
1514 2262 1596 2301 vitae
1618 2263 1718 2302 illius
1745 2273 1863 2316 testes,
1892 2274 1925 2303 et
1943 2266 2047 2304 illum
2068 2276 2102 2304 et

844 2324 924 2369 τοὺς
947 2325 1073 2376 ὕμνους
1142 2322 1255 2375 ipsius
1270 2322 1469 2361 Dominum
1488 2322 1729 2374 admirantur,
1743 2326 1805 2364 sed
1820 2326 1927 2365 etiam
1943 2341 2011 2365 non
2026 2328 2101 2366 noti

47 2384 239 2436 ἀνοίσειτῷ
254 2387 323 2423 τῶν
338 2383 427 2423 δ’λων
448 2387 545 2438 Θεῷ.
567 2385 660 2424 Οὐδὲ
679 2386 747 2439 γὰρ
766 2389 801 2426 οἱ,
821 2385 992 2439 γνώριμοι
1011 2386 1073 2438 μό-
1094 2391 1118 2422 C
1142 2384 1188 2421 ab
1207 2384 1290 2422 aliis
1308 2384 1502 2432 discentes,
1523 2394 1601 2423 tum
1627 2387 1690 2438 qui
1712 2387 1836 2440 procul
1867 2388 2043 2439 habitant,
2068 2398 2101 2427 et

46 2461 114 2492 νον,
132 2446 193 2483 καὶ
212 2446 384 2498 μάρτυρες
400 2451 460 2486 τοῦ
494 2447 568 2498 βίου
589 2447 704 2496 ὄντες,
723 2448 783 2486 καὶ
811 2449 913 2487 αὐτὸν
934 2448 1072 2499 θαυμά-
1143 2445 1250 2496 longo
1270 2445 1460 2483 intervallo
1486 2445 1603 2484 dissiti
1628 2457 1725 2495 sunt,
1747 2463 1816 2487 non
1847 2449 1953 2488 amici
1975 2450 2097 2498 modo,

44 2522 161 2546 σονται
181 2507 241 2545 καὶ
263 2506 320 2544 τὸν
352 2509 455 2545 αὐτοῦ
488 2507 685 2556 Δεσπότην,
705 2508 797 2547 ἀλλὰ
827 2509 888 2548 καὶ
914 2513 945 2548 οἱ
967 2511 1073 2560 ἀγνο-
1145 2506 1207 2544 scd
1225 2506 1333 2544 etiam
1362 2506 1520 2554 inimici,
1540 2507 1686 2546 virtutis
1704 2510 1933 2548 eminentiam
1962 2525 2099 2549 revere-

44 2571 158 2610 οῦντες
199 2567 284 2619 παρ’
331 2567 458 2620 ἑτέρων
495 2574 606 2608 ταῦτα
655 2569 907 2620 μανθάνοντες,
941 2570 1002 2609 καὶ
1043 2571 1075 2608 οἱ
1144 2568 1295 2605 buntur.
1320 2569 1438 2606 Tanta
1455 2568 1589 2620 quippe
1609 2579 1660 2607 est
1676 2570 1774 2607 illius
1793 2571 1923 2621 virtus,
1937 2580 1975 2608 ut
1993 2572 2100 2610 etiam

44 2630 222 2681 ποῤῥωθεν
261 2631 453 2678 οἰκοῦντες,
491 2630 552 2668 καὶ
585 2633 616 2669 οἱ
645 2630 783 2683 μακρὰν
814 2631 1075 2685 ἀπῳκισμένοι,
1145 2630 1430 2682 oppugnantium
1451 2644 1489 2668 se
1507 2645 1566 2668 ora
1590 2631 1750 2670 obstruat
1768 2641 1800 2670 et
1818 2633 1979 2683 linguam
1998 2649 2100 2672 com-

47 2689 106 2728 καὶ
126 2692 164 2728 οὐ
185 2689 277 2743 φίλοι
305 2689 420 2741 μόνον,
448 2691 538 2729 ἀλλὰ
569 2691 629 2730 καὶ
660 2692 778 2744 ἐχθροὶ
809 2693 1077 2740 αἷδεσθήσονται
1145 2701 1276 2744 pescat.
1297 2694 1347 2728 Ae
1366 2691 1669 2741 quemadmodum
1685 2693 1815 2731 solares
1830 2694 1949 2732 radios
1963 2695 2098 2734 infirmi

44 2753 107 2797 τῆς
137 2754 263 2804 ἀρετ-ἧς
282 2752 345 2799 τὴν
378 2752 593 2806 ὓπερὸολήν.’
607 2753 773 2801 Τοσαύτη
804 2755 871 2806 γὰρ
902 2754 1033 2802 ταύτης
1052 2758 1074 2803 ἡ

47 2811 164 2864 ἰσχὺς,
193 2816 238 2856 ὡς
263 2813 322 2851 καὶ
349 2815 418 2851 τῶν
439 2814 682 2865 πολεμούντων
723 2817 811 2868 αὐτῇ
841 2815 1075 2869 ἀποφράττειν

1140 676 1311 714 dicuutur
1335 686 1506 715 sectantes
1520 707 1529 725 ,
1546 692 1667 715 sanam
1688 678 1888 716 doctrinam
1909 678 1943 716 in
1970 676 2099 716 animis

1141 736 1271 774 nostris
1301 751 1469 788 reponere
1505 746 1722 787 satagamus,
1747 738 1960 790 insuperque
1988 740 2098 777 vitain

47 1045 207 1096 στότερον
227 1044 420 1096 ἀποφαίνῃ.
446 1042 540 1081 Οὔτε
565 1041 636 1094 γὰρ
666 1042 726 1079 ἐὰν
757 1041 895 1094 ἔχιι)μεν
917 1041 1076 1093 δόγματα

49 1105 111 1155 μὲν
131 1105 236 1157 ὀρθὰ,
266 1104 340 1156 βίου
369 1103 404 1142 δὲ
427 1105 624 1154 ἀμελῶμεν,
646 1104 766 1155 ὄφελος
785 1107 870 1154 ἡμῖν
892 1103 990 1142 ἔσται
1017 1119 1074 1141 τι·

53 1166 130 1205 οὔτε
150 1167 208 1206 ἐὰν
231 1166 303 1218 βίον
330 1166 487 1217 ἔχοντες,
513 1168 581 1202 τῶν
600 1166 709 1216 ὀρθῶν
729 1165 914 1216 δογμάτων
935 1166 1072 1216 ἀμελῶ-

51 1243 126 1279 μεν,
143 1227 307 1280 κερδᾶναί
322 1243 356 1265 τι
374 1227 547 1279 χρήσιμον
562 1231 576 1247 ⁸
587 1226 744 1280 καὶπρὸς
755 1226 930 1278 σωτηρίαν
947 1225 1073 1278 ἡμετέ-

51 1305 110 1341 ραν
132 1290 365 1341 δυνησόμεθα.
395 1288 575 1341 Προσήκει
597 1288 683 1341 γὰρ,
713 1291 743 1326 εἷ
779 1288 988 1340 βουλοίμεθα
1014 1289 1074 1327 καὶ

47 1350 186 1401 γεέννης
199 1352 468 1402 ἐλευθερωθῆναι
481 1379 490 1395 ,
511 1349 570 1388 καὶ
587 1349 763 1400 βασιλείας
791 1351 982 1401 ἐπιτυχεῖν,
999 1351 1072 1400 ἀμ-

48 1410 238 1465 φοτέρωθεν
263 1414 490 1462 κοσμεῖσθαι,
513 1410 573 1448 καὶ
600 1410 783 1461 δογμάτων
812 1410 996 1462 ὀρθότητι,
1012 1410 1072 1449 καὶ

49 1471 124 1522 βίου
144 1471 338 1525 ἐπιμελείᾳ.
355 1471 402 1509 Τί
427 1471 496 1523 γὰρ
515 1471 635 1523 ὄφελος
647 1501 656 1518 ,
672 1470 750 1508 εἶπέ
774 1486 852 1522 μοι,
873 1471 1010 1524 δένδρου
1026 1474 1073 1515 εἷς

46 1533 131 1585 ὕψος
150 1533 238 1572 πολὺ
257 1532 494 1583 ἐκτεινομένου
508 1563 517 1580 ,
538 1532 598 1570 καὶ
617 1538 687 1575 τοῖς
715 1532 857 1585 φύλλοις
875 1535 1071 1584 κομῶντος,

47 1594 128 1633 ὅταν
156 1598 290 1648 καρποῦ
316 1594 443 1646 ἔρημον
469 1589 512 1646 ἦ;
545 1592 649 1632 Οὕτω
688 1595 748 1633 καὶ
771 1594 829 1632 τὸν
861 1595 1071 1647 Χριστιανὸν

47 1655 142 1695 οὐδὲν
154 1656 286 1703 ὀνίνησι
305 1655 349 1694 τὰ
365 1656 450 1708 ὀρθὰ
463 1655 640 1707 δόγματα,
655 1655 714 1694 ἐὰν
732 1659 794 1703 τῆς
812 1656 903 1694 κατὰ
924 1656 982 1694 τὸν
1000 1657 1073 1708 βίον

47 1717 224 1761 πολιτείας
244 1719 372 1770 ἀμελῇ.
387 1717 455 1756 Διὰ
473 1722 574 1756 τοῦτο
588 1718 649 1756 καὶ
662 1721 680 1756 ὃ
695 1719 845 1771 Χριστὸς
862 1718 941 1762 τοὺς
956 1718 1071 1758 τοιού-

44 1794 122 1822 τους
141 1778 329 1829 ἐμακάριζε
349 1778 460 1830 λέγων
471 1794 479 1801 ·
500 1778 685 1831 Μακάριος
699 1781 717 1816 ὃ
734 1778 885 1825 ποιήσας
901 1779 961 1817 καὶ
977 1779 1072 1817 διδά-

48 1839 116 1883 ξας.
135 1841 210 1885 Τῆς
228 1838 296 1891 γὰρ
315 1839 372 1876 διὰ
397 1842 467 1876 τῶν
487 1839 600 1888 λόγων
622 1838 851 1882 διδασκαλίας
878 1843 900 1886 ἠ
928 1838 985 1876 διὰ
1003 1840 1073 1876 τῶν

48 1901 157 1953 ἔργων
178 1899 409 1951 ἀκριὸεστέρα
426 1900 484 1937 καὶ
501 1898 768 1952 ἀξιοπιστοτέρα
787 1901 919 1952 πολλῷ.
939 1899 985 1938 ‘O
1005 1899 1074 1952 γὰρ

47 1964 198 2004 τοιοῦτος
220 1960 279 1997 καὶ
300 1962 421 2011 σιγῶν,
444 1959 503 1998 καὶ
525 1959 574 2010 μὴ
604 1960 778 2012 ὁρώμενος
807 1959 982 1999 παιδεύειν
1013 1959 1073 1998 δύ-

46 2036 148 2058 ναται
160 2050 169 2066 ,
182 2021 260 2064 τοὺς
277 2021 338 2070 μὲν
359 2021 416 2059 διὰ
433 2024 494 2067 τῆς
514 2021 593 2064 θέας
607 2050 616 2067 ,
637 2021 715 2065 τοὺς
735 2021 771 2059 δὲ
788 2021 844 2059 διὰ
858 2025 921 2068 τῆς
941 2023 1050 2066 ἀκοῆς
1062 2051 1072 2069 ,

46 2081 105 2119 καὶ
123 2082 254 2127 πολλῆς
275 2081 511 2119 ἀπολαύσεται
530 2085 592 2127 τῆς
615 2081 711 2133 παρὰ
730 2085 790 2120 τοῦ
807 2083 900 2120 Θεοῦ
918 2081 1070 2127 εὐνοίας,

49 2144 86 2179 οὐ
105 2141 206 2192 μόνον
241 2142 284 2178 δι’
321 2143 465 2186 ἑαυτοῦ,
497 2142 588 2180 ἀλλὰ
617 2142 677 2179 καὶ
709 2141 766 2180 διὰ
793 2144 860 2179 τῶν
892 2143 939 2184 εἷς
968 2141 1071 2179 αὐτὸν

48 2201 206 2254 ὁρώντων
229 2201 505 2254 παρασκευάζων
541 2201 744 2247 δοξάζεσθαι
766 2203 823 2241 τὸν
854 2205 977 2241 ἑαυτοῦ
1005 2205 1072 2240 Δε-

47 2263 192 2308 σπότην.
215 2262 259 2300 Ὁ
278 2268 429 2306 τοιοῦτος
460 2263 516 2302 διὰ
553 2263 684 2317 μυρίων
716 2266 899 2316 γλωσσῶν,
929 2265 988 2303 καὶ
1016 2265 1072 2303 διὰ

46 2325 182 2362 πολλῶν
211 2323 394 2374 στομάτων
411 2324 472 2368 τὰς
492 2324 719 2378 εὐχαριστίας
738 2326 798 2364 καὶ
817 2323 833 2346 ¹³

1147 2831 1254 2868 quam
1282 2815 1440 2866 nequitia
1470 2815 1607 2853 obtueri
1638 2816 1792 2867 poterit,
1816 2816 1879 2854 sed
1910 2817 2047 2856 recedet
2065 2828 2099 2857 et

1145 2886 1242 2929 terga
1261 2877 1386 2925 dabit,
1410 2877 1613 2927 victamque
1632 2890 1668 2914 se
1689 2877 1869 2915 fatebitur.
1890 2879 1996 2926 Quod
2016 2894 2098 2919 eum

1145 2952 1352 2991 persuasum
1385 2938 1486 2975 nobis
1513 2938 1574 2984 sit,
1596 2938 1722 2976 virtuti
1749 2938 1964 2987 haereamus,
1994 2950 2100 2993 atque

47 2873 90 2911 τὰ
130 2873 311 2923 στόματα,
338 2875 399 2912 καὶ
422 2874 486 2922 τὴν
522 2877 682 2927 γλῶτταν
717 2878 965 2928 ἐπιστομίζειν.
1006 2879 1077 2916 Καὶ

47 2933 168 2985 ὥσπερ
201 2934 287 2987 πρὸς
319 2934 380 2978 τὰς
411 2936 552 2980 ἀκτῖνας
582 2936 644 2982 τὰς
673 2938 823 2984 ἡλιακὰς
858 2941 890 2977 οἱ
923 2940 1076 2982 ἀσθενεῖς

47 2993 109 3038 τὰς
126 2994 221 3047 ὄψεις
246 2995 454 3048 imezi-{m
484 2999 522 3035 οὗ
542 3000 734 3050 τολμῶσιν,
755 2998 864 3042 οὕτως
892 3000 969 3038 οὐδὲ
990 3000 1076 3053 πρὸς
1147 2999 1325 3037 fortiteret
1339 3008 1414 3036 tuto
1431 2999 1542 3035 vitam
1559 2998 1843 3044 instituamus,et
1859 3016 1937 3052 quae
1950 3003 2098 3041 minima

45 3055 110 3103 τὴν
129 3055 256 3108 ἀρετὴν
274 3059 296 3102 ἡ
316 3057 423 3095 κακία
442 3058 649 3111 ἀντιὸλέψαι
664 3060 848 3107 δυνήσεταί
863 3077 966 3109 ποτε,
983 3062 1073 3099 ἀλλὰ
1098 3093 1104 3096 .
1144 3061 1316 3099 videntur
1331 3059 1569 3112 peccata,sive
1585 3059 1619 3097 in
1636 3060 1767 3109 verbis,
1776 3061 1850 3099 sive
1866 3062 1900 3100 in
1916 3063 2098 3116 operibus,

46 3117 322 3169 παραχωρήσει,
345 3118 404 3156 καὶ
424 3121 518 3157 νῶτα
533 3119 654 3169 δώσει,
670 3122 729 3159 καὶ
743 3121 806 3168 τὴν
824 3116 934 3168 ἧτταν
951 3125 1073 3173 ὁμολο-
1099 3134 1118 3159 ι»
1143 3122 1268 3159 sedulo
1287 3121 1451 3158 vitemus.
1476 3120 1535 3157 Sic
1561 3119 1655 3157 enim
1686 3132 1883 3173 numquam
1902 3124 1937 3162 in
1966 3125 2097 3177 majora

47 3177 158 3228 γήσει.
174 3177 228 3217 '⁰0
253 3178 294 3225 δὴ
321 3178 380 3216 καὶ
400 3181 628 3231 πεπεισμένοι
653 3182 880 3235 ἀντεχώμεθα
909 3186 971 3229 τῆς
990 3186 1070 3236 ἀρε·
1144 3182 1354 3231 incidemus,
1376 3181 1403 3218 si
1427 3196 1446 3218 a
1474 3180 1595 3233 parvis
1624 3181 1864 3222 abstineamus
1884 3201 1890 3221 :
1910 3200 1951 3223 ae.
1972 3201 2096 3237 proce-

47 3241 129 3286 τῆς,
147 3239 207 3276 καὶ
225 3238 314 3290 μετὰ
332 3241 523 3292 ἀσφαλείας
541 3243 598 3281 τὸν
616 3245 747 3282 ἑαυτῶν
775 3244 847 3295 βίον
873 3246 1066 3296 οἰκονομῶ·
1141 3244 1246 3282 dente
1267 3252 1423 3294 tempore
1445 3242 1655 3294 poterimus,
1685 3258 1837 3297 superna
1858 3247 1997 3286 favente
2018 3261 2096 3298 gra-

93 3361 106 3374 fl
121 3350 244 3393 [savit.
262 3359 309 3386 καί
327 3352 420 3386 uncis
435 3355 567 3387 inclusit
587 3358 597 3397 ]
1139 3360 1154 3382 ¹·
1170 3356 1306 3390 coislin.
1328 3359 1393 3393 τοὺς
1411 3359 1515 3399 ὕμνους
1530 3363 1680 3404 ἀναρὲρει.

2118 1617 2227 1646 Maeth.
2250 1618 2281 1648 5.

2119 1667 2166 1698 ¹9·

1146 2753 1259 2791 oculis
1277 2753 1415 2790 obtueri
1433 2767 1499 2790 non
1520 2753 1664 2802 audent,
1684 2754 1734 2791 sie
1751 2768 1814 2792 nec
1828 2755 1998 2794 virtutem
2020 2771 2099 2794 um-
2147 2789 2155 2794 .
