2516 3791
363 165 457 211 856

792 183 832 213 S.
868 183 1054 214 JOANNIS
1089 183 1331 214 CHRYSOST.
1370 186 1575 216 AuCfflEP.
1612 188 1962 221 CONSTANTINOP-

365 275 438 303 tam
451 273 665 302 nocturnum
680 279 787 316 quam
801 265 974 304 diurnum
989 274 1023 303 et
1038 265 1207 317 operandi
1225 274 1314 304 tem·
1335 270 1359 300 B
1385 267 1528 307 ἔλαττον
1546 269 1644 323 παρὰ
1662 270 1792 319 ταύτην
1808 272 1939 317 ἕξοντες
1953 273 2016 320 τὴν
2032 274 2150 327 εὐχήν.
2163 276 2286 315 Ταῦτα
2303 292 2413 324 ειπον,

362 339 432 377 pus
456 325 549 364 votis
581 340 621 363 ac
642 326 904 378 precationibus
935 326 1127 378 occupetis.
1159 326 1266 373 Quod
1284 327 1313 365 si

362 400 418 424 res
428 396 564 425 nostras
575 387 624 425 sic
636 387 929 439 disposuerimus,
941 395 974 424 et
985 395 1193 438 praesentem
1201 387 1316 426 vitam

362 454 439 484 tuto
455 448 741 498 transigemus‚et
754 447 888 484 caeleste
901 460 1050 498 regnum
1064 461 1292 498 assequemur
1306 464 1314 485 :

363 520 433 557 quo
447 508 547 545 nobis
561 508 726 545 omnibus
739 508 925 559 pervenire
941 507 1063 559 detur,
1079 509 1191 561 gratia.
1206 519 1238 547 et
1250 510 1314 548 be-

361 569 534 619 nignitate
551 569 693 606 Domini
714 569 825 606 nostri
842 571 925 608 Jesu
947 569 1103 621 Christi,
1126 585 1187 623 per
1207 585 1314 622 quem

361 639 395 668 01
411 645 492 668 cum
511 645 581 680 quo
598 630 694 668 Patri
714 631 847 682 gloria,
866 631 972 669 simul
994 647 1076 670 cum
1094 643 1214 671 sancto
1234 635 1315 686 Spi-

360 690 452 738 ritu,
473 705 567 729 nunc
583 701 615 729 ct
634 706 771 745 semper
784 723 794 742 ,
817 701 851 730 et
869 692 905 730 in
933 694 1062 732 saecula
1083 695 1310 733 saeculorum.

362 752 484 788 Amen.

714 1068 883 1108 SERMO
913 1071 960 1108 V.

361 1170 403 1208 A
407 1171 434 1207 d
438 1184 565 1208 versus
579 1175 717 1224 eosqui
728 1182 880 1211 tantum
891 1175 1050 1227 infestis
1061 1177 1309 1223 conveniunt,

412 1240 448 1268 et
471 1233 657 1283 quidnam
683 1236 910 1286 sit—festurm
929 1238 1020 1273 item
1041 1237 1226 1275 adversus
1247 1249 1311 1277 eos

411 1295 478 1343 qui
510 1295 692 1331 incusant
725 1295 900 1333 divinam
928 1299 1234 1348 providentiam,
1267 1311 1311 1336 eo

411 1355 516 1405 quod
527 1355 570 1392 in
587 1356 660 1392 hac
680 1358 768 1392 vita
787 1358 948 1408 (suidam
963 1360 1042 1395 sint
1055 1359 1207 1408 divites,
1228 1362 1312 1411 qui-

411 1416 504 1452 dam
517 1429 705 1467 pauperes
721 1432 731 1452 .·
744 1419 850 1469 quod
863 1428 1077 1471 paupertas
1097 1421 1313 1459 utilissima

411 1478 465 1513 sit
477 1505 488 1522 ,
512 1485 547 1513 et
568 1479 672 1528 qnod
687 1488 896 1530 paupertas
912 1482 1002 1531 plus
1027 1482 1245 1534 voluptatis
1266 1496 1313 1520 ac

410 1539 631 1574 securitatis
650 1540 792 1589 ubique
819 1541 981 1587 habeat,
1006 1555 1124 1593 quam
1143 1544 1312 1588 divitiae,-

411 1599 579 1649 itemque
597 1599 644 1635 de
656 1597 797 1640 Anna.

409 1715 553 1752 Frustra
571 1745 579 1761 ,
598 1724 637 1752 ut
649 1715 802 1765 videtur,
814 1730 871 1755 eos
886 1717 947 1768 qui
961 1718 1172 1770 praecedenti
1188 1720 1311 1759 adsue-

355 1785 438 1813 runt
456 1775 624 1826 collectae,
640 1776 771 1814 hortati
785 1792 924 1829 sumus,
938 1788 978 1816 ut
994 1779 1029 1817 in
1042 1789 1188 1831 paterna
1203 1781 1311 1820 domo

355 1847 612 1889 permanerent,
630 1847 663 1876 et
683 1853 751 1876 11011
772 1854 842 1877 una
861 1854 943 1877 cum
959 1840 1017 1888 iis,
1039 1841 1100 1892 qui
1120 1842 1218 1880 festis
1231 1842 1309 1881 die-

354 1898 422 1936 bus
444 1900 559 1937 solum
579 1899 637 1937 hic
651 1915 687 1938 se
708 1901 853 1952 sistunt,
871 1901 1076 1941 accederent
1095 1903 1142 1941 ad
1163 1919 1245 1953 nos,
1268 1920 1310 1943 ac

353 1974 498 1998 rursum
512 1960 721 1999 decederent
739 1977 746 1998 :
768 1962 841 2000 imo
864 1977 946 2002 vero
963 1978 1032 2001 non
1057 1965 1200 2003 frustra.
1218 1967 1310 2004 Nam

353 2021 418 2060 etsi
434 2022 564 2060 nemini
574 2037 618 2060 ex
627 2022 676 2060 eis
688 2038 893 2075 persuasum
903 2035 993 2064 esset
1006 2026 1164 2064 oratione
1176 2037 1307 2077 nostra,

354 2083 458 2120 nobis
478 2093 596 2121 tamen
618 2098 750 2122 merces
770 2084 905 2136 integra
933 2096 1070 2135 manet,
1098 2088 1310 2140 plenamque

353 2143 526 2182 habemus
542 2145 636 2197 apud
660 2147 778 2184 Deum
797 2147 1047 2186 defensionem.
1066 2150 1309 2196 Quamobrem

353 2214 492 2256 oportet
519 2206 820 2254 concionatorem,
842 2208 979 2246 etiamsi
1003 2224 1106 2248 nemo
1125 2210 1305 2261 attendat,

355 2266 490 2303 semina
506 2266 622 2317 Jacere
635 2297 643 2310 ,
664 2276 697 2304 01
718 2268 905 2318 pecuniam
924 2269 1099 2321 deponere
1110 2301 1119 2318 ,
1134 2281 1173 2308 111
1187 2281 1307 2323 postea

355 2327 454 2363 Deus
468 2341 536 2364 non
550 2328 595 2365 ab
616 2327 678 2365 1110
698 2358 707 2375 ,
731 2328 823 2366 seda
838 2331 1052 2369 numulariis
1068 2332 1240 2370 rationem
1254 2348 1308 2371 re-

353 2397 486 2440 poscat.
508 2388 618 2435 Quod
638 2403 719 2427 sane
745 2390 852 2428 etiam
872 2406 934 2429 nos
965 2392 1130 2441 fecimus,
1157 2408 1307 2445 arguen-

353 2448 420 2498 do,
439 2449 666 2501 increpando,
683 2451 910 2501 obsecrando,
931 2453 1169 2492 admonendo.
1186 2456 1224 2492 ln
1241 2457 1308 2493 1100

353 2510 448 2548 0111111
460 2511 561 2549 vobis
575 2513 932 2551 commemoravimus
944 2514 1061 2552 filium
1077 2516 1180 2554 illum
1191 2527 1308 2568 pater-

353 2587 479 2610 narum
491 2573 701 2611 facultatum
711 2574 966 2622 absumtorem,
981 2576 1125 2615 tandem
1135 2578 1182 2615 ad
1193 2588 1308 2630 pater-

353 2647 435 2671 nam
444 2633 591 2671 domum
601 2634 820 2686 postliminio
829 2651 1024 2687 reversum,
1034 2638 1309 2691 universamque

352 2695 429 2746 ejus
449 2695 627 2733 miseriam
642 2725 649 2739 ,
670 2695 797 2734 samem
811 2727 822 2746 ,
843 2697 1016 2748 dedecus,
1037 2700 1228 2752 opprobria
1241 2731 1250 2748 ,
1275 2711 1309 2740 et

352 2755 529 2807 quidquid
556 2756 653 2808 apud
673 2767 812 2795 exteros
831 2760 1004 2810 pertulit,
1033 2760 1252 2800 adduximus
1271 2762 1307 2801 in

354 2817 512 2855 medium
527 2849 535 2865 ,
553 2828 590 2856 ut
612 2819 679 2855 1100
694 2820 856 2872 exemplo
872 2820 917 2858 ad
938 2822 1163 2862 sobrietatem
1179 2838 1242 2862 vos
1253 2838 1307 2862 re-

352 2877 554 2929 digeremus
572 2895 579 2915 :
599 2894 708 2930 neque
728 2881 787 2917 1110
806 2896 1003 2921 sermonem
1021 2884 1206 2922 finivimus
1218 2915 1229 2934 ,
1246 2899 1306 2924 ve-

354 2953 433 2976 rum
449 2939 553 2977 etiam
577 2950 759 2992 paternam
781 2956 862 2993 erga
882 2957 939 2981 cos
953 2944 1120 2996 pietatem
1133 2946 1305 2984 exhibui—

354 3013 445 3047 mus,
462 3014 527 3037 non
546 3001 767 3052 negligentiae
785 3017 904 3054 poenas
918 3005 1110 3056 exigentes,
1125 3007 1187 3045 scd
1207 3007 1306 3060 supi-

353 3122 604 3173 concedentes,
630 3134 747 3175 apertu
763 3125 869 3164 domo
897 3141 1052 3166 mensam
1072 3140 1306 3181 apponentes,

353 3182 522 3221 doctrinm
556 3184 686 3222 amictu
723 3200 781 3224 eos
813 3187 1038 3238 amicientes,
1077 3200 1307 3243 caeteramque

398 3299 410 3312 ³
437 3290 515 3332 lkeg.
535 3298 568 3321 ct
583 3289 680 3322 Colb.
701 3302 782 3323 unus
800 3297 914 3336 ἡμέρας
931 3303 1022 3328 ποιεῖν
1036 3301 1184 3340 ἐργασίας.

1318 3037 1366 3063 7110
2196 3067 2200 3073 ,
2452 3068 2453 3071 ¹

353 3061 408 3098 nis
423 3061 588 3099 manibus
607 3075 664 3099 eos
684 3063 922 3115 excipientes,
937 3067 1080 3105 veniam
1094 3067 1306 3107 delictorum
1331 3078 1355 3102 Α
1378 3073 1453 3111 ταῖς
1467 3068 1585 3120 χερσὶ,
1606 3067 1664 3104 καὶ
1681 3066 1890 3119 συγγνώμην
1907 3066 2020 3108 δόντες
2047 3064 2134 3117 ὑπὲρ
2155 3067 2223 3102 τῶν
2243 3066 2404 3114 πεπλημ-

1385 331 1449 381 οὐχ
1466 329 1522 368 ἵνα
1541 331 1735 384 κροτήσητε
1762 333 1821 371 καὶ
1843 335 2065 385 θαυμάσητε,
2087 338 2164 374 ἀλλ’
2184 336 2240 375 ἵνα
2269 338 2325 376 διὰ
2344 340 2413 376 τῶν

1387 391 1496 444 ἔργων
1525 392 1612 430 αὐτὰ
1637 394 1854 442 ἐπιδείξησθε
1867 426 1876 443 ,
1899 396 1958 434 καὶ
1976 397 2034 435 τὸν
2055 398 2173 451 καιρὸν
2192 398 2250 437 τὸν
2269 403 2331 446 τῆς
2357 415 2414 438 νυ·

1387 453 1466 495 κτὸς
1489 453 1548 491 καὶ
1561 454 1620 492 τὸν
1638 456 1700 500 τῆς
1714 455 1869 507 ἂημέρας
1881 486 1891 504 ,
1907 457 1966 494 καὶ
1987 459 2045 497 τὸν
2064 461 2127 504 τῆς
2145 460 2310 511 ἐργασίας
2329 476 2412 499 και-

1386 514 1442 565 ρὸν
1465 517 1499 552 ἐν
1516 517 1634 567 εὐχαῖς
1652 516 1712 553 καὶ
1743 517 1880 564 δεήσεσι
1906 519 2215 570 διαλαμὲοίνοντες.
2233 520 2294 559 Ἂν
2322 521 2412 559 οὕτω

1383 574 1428 613 τὰ
1456 578 1533 613 καθ’
1563 576 1704 621 ἑαυτοὺς
1722 580 1972 630 οἷκονομῶμεν,
1992 580 2052 618 καὶ
2071 580 2128 618 τὸν
2147 582 2304 633 παρόντα
2325 582 2413 632 μετὰ

1385 637 1576 689 ἀσφαλείας
1610 638 1816 690 διανύσομεν
1843 640 1931 690 βίον,
1956 641 2018 678 καὶ
2042 644 2105 687 τῆς
2139 643 2317 693 βασιλείας
2343 646 2412 681 τῶν

1383 697 1536 748 οὐρανῶν
1558 699 1805 750 ἐπιτευξόμεθα
1818 715 1826 723 ·
1846 695 1888 746 ἧς
1909 701 2042 752 γένοιτο
2063 701 2196 745 πάντας
2223 707 2318 754 ἡμᾶς
2339 705 2414 741 ἐπι-

1382 764 1515 809 τυχεῖν,
1542 759 1663 811 χάριτι
1690 760 1750 798 καὶ
1782 762 2025 814 φιλανθρωπίᾳ
2058 767 2118 802 τοῦ
2150 763 2280 817 Κυρίου
2309 767 2411 815 ἡμῶν

1383 817 1501 865 Ἰησοῦ
1520 821 1673 872 Χριστοῦ
1685 851 1694 868 ,
1712 823 1754 860 δι’
1775 818 1813 861 οἷ
1831 824 1889 861 καὶ
1912 827 1987 875 μεθ’
2009 818 2046 862 οὗ
2064 828 2113 877 τῷ
2134 825 2252 877 Πατρὶ
2266 829 2288 872 ἡ
2310 824 2408 873 δόξα,

1383 879 1458 930 ἅμα
1486 883 1536 933 τῷ
1558 881 1646 934 ἁγίῳ
1667 882 1868 934 Πνεύματι,
1902 890 1960 923 νῦν
1980 885 2039 923 καὶ
2070 885 2141 934 ἀεὶ,
2171 885 2232 924 καὶ
2254 888 2304 929 εἷς
2333 885 2412 930 τοὺς

1386 943 1512 985 αἰῶνας
1531 944 1601 980 τῶν
1618 942 1765 983 αἰώνων.
1787 944 1910 996 Ἀμήν.

1789 1077 1957 1115 ΛΟΓΟΣ
1976 1075 2014 1114 ε’.

1384 1176 1481 1231 Πρὸς
1514 1178 1594 1222 τοὺς
1622 1180 1656 1217 ἐν
1691 1182 1825 1233 ἑορταῖς
1857 1180 1959 1231 μόνον
1984 1180 2257 1232 συναγομένους,
2291 1182 2350 1220 καὶ
2378 1183 2413 1222 τί

1435 1239 1521 1278 ποτέ
1540 1243 1632 1279 ἐστιν
1653 1242 1755 1294 ἑορτή
1771 1257 1779 1264 ·
1805 1241 1863 1280 καὶ
1891 1242 1977 1294 πρὸς
2003 1242 2081 1285 τοὺς
2107 1245 2337 1295 ἐγκαλοῦντας
2366 1248 2409 1296 τῇ

1434 1305 1495 1340 τοῦ
1514 1304 1606 1340 Θεοῦ
1626 1302 1789 1355 προνοίᾳ,
1814 1302 1870 1341 διὰ
1892 1303 1930 1341 τὸ
1958 1304 2140 1348 πλουσίους
2165 1298 2252 1342 εἶναι
2273 1305 2333 1343 καὶ
2349 1305 2411 1344 πέ-

1435 1378 1542 1410 νητας
1560 1366 1593 1402 ἐν
1609 1367 1658 1416 τῷ
1681 1363 1763 1416 βίῳ·
1788 1364 1847 1401 καὶ
1865 1364 1919 1402 ὅτι
1941 1364 2213 1416 χρησιμώτατον
2238 1370 2260 1413 ἡ
2280 1365 2383 1404 πενία
2399 1396 2408 1413 ,

1435 1423 1495 1461 καὶ
1513 1423 1566 1462 ὅτι
1585 1424 1734 1462 πλούτου
1752 1424 1896 1463 πλείονα
1916 1426 2042 1472 ἡδονὴν
2060 1426 2133 1479 ἔχει
2148 1430 2329 1479 πανταχοῦ
2352 1428 2410 1466 καὶ

1436 1485 1627 1537 ἀσφάλειαν
1641 1502 1648 1510 ·
1669 1486 1728 1524 καὶ
1745 1488 1793 1531 εἰς
1811 1487 1875 1534 τὴν
1891 1486 2026 1525 Ἄνναν.

1434 1718 1450 1740 ¹³
1462 1720 1602 1767 Μάτην,
1620 1722 1666 1764 ὡς
1685 1720 1792 1768 ἔοικε,
1809 1719 1888 1764 τοὺς
1902 1724 1945 1773 τῇ
1967 1720 2120 1773 προτέρᾳ
2140 1720 2277 1765 συνάξει
2295 1737 2408 1774 παρα-

1381 1782 1584 1834 γενομένους
1622 1786 1707 1833 ἧμῖν
1738 1783 2042 1834 παρεκαλέσαμεν,
2080 1782 2254 1826 πείθοντες
2296 1782 2409 1834 μένειν

1333 1853 1357 1881 D
1382 1844 1439 1883 ἐπὶ
1467 1847 1528 1890 τῆς
1560 1843 1671 1887 οἰκίας
1696 1847 1758 1889 τῆς
1784 1843 1968 1896 πατρῴας,
1998 1845 2057 1882 καὶ
2087 1843 2134 1895 μὴ
2166 1843 2254 1894 μετὰ
2274 1846 2342 1882 τῶν
2374 1845 2409 1882 ἔν

1382 1908 1483 1958 ἑορτῇ
1505 1904 1607 1956 μόνον
1625 1908 1709 1956 ἡμῖν
1725 1905 1942 1957 φαινομένων
1956 1905 2161 1958 ἐφίστασθαι
2180 1905 2240 1943 καὶ
2260 1905 2411 1957 ἀφίστα-

1382 1971 1461 2004 σθαι
1481 1967 1606 2005 πάλιν·
1628 1967 1759 2016 μᾶλλον
1787 1965 1821 2004 δὲ
1840 1968 1877 2004 οὗ
1901 1966 2027 2017 μάτην.
2050 1968 2095 2004 Εἰ
2121 1965 2188 2019 γὰρ
2212 1967 2271 2005 καὶ
2291 1965 2412 2018 μηδεὶς

1381 2028 1509 2066 τούτων
1539 2027 1683 2074 ἐπείσθη
1711 2032 1782 2071 τοῖς
1801 2027 2018 2080 λεγομένοις,
2040 2029 2115 2066 ἀλλ’
2136 2033 2220 2079 ἡμῖν
2245 2031 2262 2066 ὁ
2292 2027 2411 2078 μισθὸς

1382 2090 1614 2140 ἀπήρτισται,
1635 2089 1694 2127 καὶ
1723 2088 1768 2127 τὰ
1795 2093 1857 2136 τῆς
1885 2089 1971 2143 πρὸς
2004 2090 2061 2128 τὸν
2097 2090 2186 2128 Θεὸν
2222 2088 2410 2141 ἀπολογίας

1379 2151 1624 2202 πεπλήρωται.
1647 2150 1778 2201 Διόπερ
1801 2151 1858 2188 τὸν
1877 2149 2024 2201 λέγοντα
2038 2181 2048 2198 ,
2072 2150 2136 2188 κᾶν
2155 2149 2312 2203 προσέχῃ
2333 2166 2406 2198 τις,

1381 2212 1445 2250 κᾶν
1469 2213 1517 2263 μὴ
1537 2211 1694 2266 προσέχῃ
1706 2242 1716 2259 ,
1735 2211 1778 2249 τὰ
1798 2211 1983 2264 σπέρματα
2001 2211 2070 2264 χρὴ
2085 2212 2332 2260 καταὸάλλειν,
2348 2212 2409 2250 καὶ

1380 2273 1419 2310 τὸ
1452 2273 1613 2325 ἀργύριον
1643 2272 1887 2320 κατατιθέναι,
1922 2271 1978 2310 ἵνα
2016 2272 2140 2324 μηκέτι
2170 2273 2255 2325 πρὸς
2294 2272 2409 2322 αὐτὸν,

1381 2333 1470 2372 ἀλλὰ
1492 2334 1577 2386 πρὸς
1596 2333 1675 2378 τοὺς
1694 2333 1903 2385 τραπεζίτας
1922 2333 2053 2385 ὁλόγος
2071 2328 2094 2386 ᾗ
2114 2337 2163 2386 τῷ
2187 2336 2280 2388 Θεῷ.
2297 2333 2346 2373 ὓΟ
2366 2334 2407 2381 δὴ

1381 2394 1440 2433 καὶ
1471 2398 1572 2446 ἡμεῖς
1606 2395 1834 2445 ἐποιήσαμεν,
1867 2394 2083 2445 ἓλέγξαντες,
2116 2395 2407 2445 ἐπιτιμήσαντες,

1332 2466 1356 2496 E
1381 2457 1707 2509 παρακαλέσαντες,
1724 2455 2002 2503 νουθετήσαντες.
2024 2458 2092 2494 Καὶ
2112 2455 2178 2508 γὰρ
2198 2459 2258 2494 τοῦ
2274 2456 2338 2503 τὴν
2355 2458 2408 2494 οὖ-

1381 2516 1458 2556 σίαν
1479 2518 1748 2564 κατεδηδοκότος
1767 2520 1862 2564 υἱοῦ,
1882 2517 1940 2555 καὶ
1968 2517 2054 2569 πρὸς
2078 2517 2141 2564 τὴν
2164 2517 2337 2570 πατρικὴν
2362 2519 2408 2556 οἷ·
2460 2567 2461 2570 ¹

1380 2578 1457 2616 κίαν
1475 2578 1719 2621 ἐπανελθόντος
1732 2577 1994 2628 ἀνεμνήσαμεν,
2013 2577 2072 2615 καὶ
2087 2578 2150 2623 τὴν
2165 2577 2407 2629 ταλαιπωρίαν
2460 2606 2461 2610 ,

1381 2640 1533 2688 ἅπασαν,
1565 2639 1624 2678 καὶ
1655 2640 1712 2678 τὸν
1746 2640 1860 2689 λιμὸν,
1899 2638 1958 2676 καὶ
1990 2638 2052 2685 τὴν
2082 2637 2262 2690 αἰσχύνην,
2291 2638 2407 2678 καὶτὰ

1379 2701 1493 2746 ὀνείδη
1511 2701 1569 2739 καὶ
1588 2700 1631 2739 τὰ
1647 2701 1751 2748 ἄλλα,
1777 2700 1841 2739 ὅσα
1862 2700 1919 2738 ἐπὶ
1938 2703 2000 2746 τῆς
2021 2699 2205 2752 ἀλλοτρίας
2220 2699 2382 2750 ὑπέμεινε
2395 2729 2406 2748 ,

1378 2762 1644 2815 προσεθήκαμεν
1658 2791 1667 2808 ,
1687 2765 1737 2813 τῷ
1754 2760 2015 2814 παραδείγματι
2041 2761 2150 2812 τούτῳ
2171 2761 2404 2813 σωφρονεστέ-

2456 2812 2458 2823 .

1381 2840 1456 2874 ρους
1471 2826 1616 2870 ποιῆσαι
1645 2822 1865 2874 βουλόμενοι·
1887 2823 1945 2860 καὶ
1966 2821 2042 2860 οὐδὲ
2062 2824 2207 2860 ἐνταῦθα
2224 2822 2280 2859 τὸν
2303 2821 2404 2874 λόγον
2456 2842 2457 2847 ’

1380 2884 1590 2935 ἐστήσαμεν,
1612 2883 1701 2922 ἀλλὰ
1727 2884 1787 2921 καὶ
1816 2882 1879 2930 τὴν
1916 2887 1975 2921 τοῦ
2009 2881 2139 2933 πατρὸς
2164 2881 2405 2934 φιλοστοργίαν
2454 2905 2457 2911 ·

1378 2945 1458 2998 περὶ
1484 2945 1604 2989 αὐτοὺς
1624 2944 1896 2995 ἐπεδειξάμεθα,
1916 2946 1979 2982 οὐκ
2001 2942 2259 2989 ἀπαιτήσαντες
2288 2941 2406 2986 αὐτοὺς

1379 3010 1440 3053 τῆς
1462 3007 1628 3059 ῥᾳθυμίας
1640 3005 1798 3049 εὐθύνας,
1817 3006 1892 3044 ἀλλ’
1909 3005 2047 3047 ὑπτίαις
2066 3003 2206 3047 τούτους
2227 3003 2404 3055 δεξάμενοι

1380 3130 1598 3181 μελημένων,
1618 3130 1677 3167 καὶ
1696 3129 1758 3177 τὴν
1778 3128 1888 3168 οἰκίαν
1917 3127 2109 3172 ἀνοίξαντες
2124 3156 2133 3174 ,
2158 3126 2216 3164 καὶ
2238 3125 2302 3172 τὴν
2323 3123 2404 3178 τροί·

1379 3194 1485 3236 πεζαν
1515 3190 1745 3243 παραθέντες,
1776 3190 1834 3228 καὶ
1859 3188 1987 3235 στολὴν
2008 3187 2129 3231 αὐτοὺς
2158 3185 2403 3240 περιδαλόντες
2442 3207 2452 3242 «γ

1399 3296 1500 3330 511111.
1518 3298 1617 3329 Toni.
1635 3298 1665 3337 8,
1679 3308 1711 3338 p.
1728 3297 1746 3327 8
1760 3303 1793 3328 01
1809 3298 1840 3327 9.
1859 3293 1996 3336 Reliqua
2011 3293 2172 3326 orationis
2188 3302 2275 3334 pars,
2292 3301 2402 3334 prooe—
2450 3294 2451 3298 ’

400 3341 414 3363 ¹·
440 3341 654 3382 [Prooemium
684 3341 777 3385 liujus
802 3344 987 3387 Sci-monis,
1006 3346 1048 3378 ud
1078 3347 1176 3379 xci-bn
1201 3360 1300 3391 usquc
1318 3354 1365 3383 καὶ
1399 3349 1466 3381 mio
1485 3356 1650 3391 truncata,
1669 3347 1786 3391 legitur
1803 3348 1834 3379 in
1852 3344 1907 3378 illa
1924 3343 2001 3382 Ed..
2020 3346 2060 3376 Τ.
2082 3345 2112 3385 5,
2131 3355 2164 3387 p.
2184 3344 2224 3376 78
2242 3343 2331 3387 sqq-J

354 3398 409 3434 γαρ
423 3398 446 3425 οἱ
462 3398 605 3437 Θησαυρὸν
622 3396 764 3437 εὑρόντες.
786 3393 869 3426 infra
887 3408 917 3438 p,
938 3398 1066 3432 7-11,(;.
1084 3397 1202 3442 legitur
1223 3401 1254 3432 111
1270 3399 1361 3433 Edit.
