2516 3791
646 237 688 266 tx
728 237 830 267 CAP.
870 236 1044 266 ΧΧΧΥΙΙ.

86 332 294 383 μισούμενον
311 332 359 374 εἰς
381 329 444 376 τὴν
465 327 651 381 ἀλλοτρίαν
662 327 861 380 ἐξέπεμψαν
879 329 944 378 γ’ἤν
956 355 966 372 ,
983 325 1042 364 καὶ
1061 325 1117 364 τὸν

1083 234 1245 264 (ΞΙίΝΙὶΞ.

2054 222 2146 268 (583

1183 316 1391 361 sensionem,
1424 325 1456 354 et
1488 316 1644 355 maxime
1674 330 1738 367 ego
1773 317 1835 367 qui
1866 317 1967 354 vobis
1999 332 2146 370 praeesse

1286 235 1441 264 mutu..
1486 235 1574 264 uxi.

85 393 402 447 φοόνοντὸνοῖκεῖον
416 391 524 434 οὕτως
544 385 766 436 ἠδυνήθησαν
783 387 1117 441 παραμυθήσασθαι,
1139 383 1162 412 E
1187 377 1334 416 videor?
1372 378 1526 416 Putabat
1568 378 1663 416 enim
1699 392 1779 415 eum
1824 378 1980 416 occisum
2025 379 2143 417 fuisse.

84 454 201 493 λοιπὸν
215 458 330 491 πᾶσαν
346 450 509 503 μηχανὴν
526 450 794 497 ἐπιδείκνυνται,
807 449 898 488 ὥστε
917 446 1117 501 παρακρού-

84 518 210 554 σασθαι
232 512 291 551 τὸν
306 512 461 565 πατέρα,
483 512 542 551 καὶ
557 512 607 563 μὴ
625 511 825 559 κατάδηλον
846 512 941 564 αὐτῷ
956 508 1118 562 γενέσθαι

84 575 146 622 τὴν
171 573 283 621 κακὴν
303 573 519 626 συμφωνίαν.
539 572 610 612 Καὶ
629 572 838 626 σφάξαντες,
856 570 975 624 φησὶν,
1001 569 1116 624 ἔριφον

83 638 203 689 αἰγῶν,
218 635 278 674 καὶ
291 634 501 687 μολύναντες
514 635 573 674 τὸν
585 637 719 688 χιτῶνα
733 636 784 686 τῷ
801 633 943 682 αἵματι,
959 632 1118 683 εἰσήνεγ-

82 714 146 736 καν
165 699 216 750 τῷ
230 696 338 749 πατρὶ
353 698 481 743 αὐτῶν,
499 696 559 735 καὶ
577 689 685 735 εἶπον·
707 695 873 747 ἐπίγνωθι
888 696 919 732 εἰ
937 693 1046 747 χιτὼν
1059 697 1118 733 τοῦ

82 762 156 799 υἱοῦ
175 759 236 798 σού
257 759 366 806 ἐστιν,
387 757 410 804 ἢ
426 758 477 796 οὔ.
498 757 545 796 Τί
561 759 718 796 ἀπατᾶτε
734 755 897 804 ἑαυτοὺς,
914 748 943 793 ὦ
958 755 1116 802 ἀνόητοι;

83 822 157 861 Κᾶν
175 821 243 874 γὰρ
262 820 319 858 τὸν
339 819 475 872 πατέρα
494 820 662 866 δυνηθῆτε
673 817 985 871 παρακρούσασθαι
998 845 1007 863 ,
1026 817 1117 856 ἀλλὰ

83 883 140 921 τὸν
154 881 346 932 ἀκοίμητον
360 880 538 934 ὀφθαλμὸν
554 881 593 918 οὗ
610 879 758 926 λήσεσθε
771 909 780 927 ,
797 879 835 918 ὃν
852 878 1008 930 μάλιστα
1025 878 1118 917 πάν-

82 958 148 980 των
167 941 355 980 δεδοικέναι
370 943 491 994 ἐχρῆν.
506 940 611 980 Ἀλλὰ
628 944 781 980 τοιοῦτον
797 942 819 986 ἡ
833 940 1033 993 ἀνθρωπίνη
1049 939 1115 992 φύ-

81 1019 152 1052 σις,
172 1005 304 1054 μᾶλλον
327 1002 362 1042 δὲ
381 1006 537 1041 τοιοῦτον
554 1005 576 1050 ἡ
609 1002 763 1055 ῥᾳθυμία
782 1005 851 1040 τῶν
871 1003 1031 1040 πολλῶν·
1056 1002 1114 1041 τὸν

1124 1037 1171 1061 590

1186 442 1229 477 At
1256 449 1444 492 postquam
1485 439 1617 478 sactum
1649 449 1699 478 est
1731 439 1828 491 quod
1856 441 2077 491 qumrebant,
2112 452 2146 480 et

1184 500 1219 538 in
1249 500 1401 539 alienam
1436 510 1566 539 terram
1597 502 1770 540 miserunt
1800 515 1881 539 eum
1916 516 2022 553 quem
2063 502 2144 541 odio

1182 561 1376 611 habebant,
1393 571 1498 613 atque
1514 562 1686 602 invidiam
1703 578 1803 602 suam
1819 563 2061 615 aliquomodo
2077 565 2144 602 mi-

1183 623 1341 673 tigarunt
1365 639 1372 660 :
1397 633 1515 676 postea
1534 638 1661 676 magna
1684 625 1860 663 industria
1882 625 2080 676 cogitarunt
2108 636 2145 663 ut

1182 683 1391 722 deluderent
1417 693 1568 737 patrem,
1589 699 1632 723 ne
1652 686 1744 723 mala
1766 700 1828 724 sua
1849 687 2065 739 conspiratio
2091 687 2144 725 itti

1184 745 1368 784 manifesta
1386 745 1495 784 fieret.
1511 748 1573 785 51.
1587 748 1639 784 Et
1654 749 1780 785 occiso
1793 748 1904 785 hoedo
1920 762 2141 800 caprarum,

1184 810 1488 860 inquinaverunt
1505 817 1652 846 vestem
1679 810 1883 861 sangnine,
1903 810 1971 846 52.
1992 818 2027 847 et
2043 819 2144 848 attu-

1185 869 1311 907 lerunt
1329 877 1477 907 vestem
1486 872 1592 921 patri
1610 883 1694 915 suo,
1711 878 1747 907 c’t
1764 871 1945 908 dixerunt
1964 886 1974 906 .·
1995 872 2144 921 Cogno-

1184 944 1246 968 sce
1264 944 1357 968 num
1378 931 1596 984 vestisjilii
1626 933 1685 969 tui
1710 934 1774 981 sit,
1798 945 1930 970 necne.
1962 931 2067 980 Quid
2084 932 2146 971 de-

1182 990 1300 1044 cipitis
1313 992 1557 1045 vosmetipsos,
1572 1006 1592 1030 0
1607 992 1794 1032 insensati?
1809 994 1901 1030 Nam
1914 992 1994 1031 licet
2008 1003 2145 1046 patrem

80 1065 177 1118 παρὰ
196 1068 265 1103 τῶν
284 1064 476 1118 ἀνθρώπων
500 1063 606 1117 ‹ptem›
625 1063 684 1102 καὶ
706 1063 770 1110 τὴν
793 1062 924 1102 τούτων
945 1062 1114 1116 αἰσχύνην
1137 1074 1161 1103 Α
1183 1051 1345 1106 decipere
1359 1053 1515 1106 possitis,
1531 1068 1600 1093 non
1624 1063 1739 1093 tamen
1756 1055 1912 1093 latebitis
1929 1055 2073 1093 oculum
2094 1055 2142 1093 il—

81 1127 144 1174 τὴν
164 1127 251 1179 πρὸς
269 1127 308 1165 τὸ
322 1127 434 1178 παρὸν
453 1126 555 1176 μόνον
577 1125 656 1178 περὶ
682 1127 811 1164 πολλοῦ
834 1124 1052 1177 ποιούμενοι,
1078 1126 1116 1163 οὗ

78 1188 315 1240 λαμβάνουσιν
332 1186 463 1226 ἔννοιαν
478 1190 537 1225 τοῦ
554 1186 780 1240 δικαστηρίου
797 1185 927 1225 ἐκείνου
936 1191 996 1225 τοῦ
1012 1186 1114 1239 epo&-

86 1254 156 1303 ροῦ,
166 1250 225 1288 καὶ
240 1252 303 1296 τῆς
313 1249 489 1292 κολάσεως
499 1251 562 1295 τῆς
574 1247 767 1301 ἀφορήτου,
776 1249 854 1286 ἀλλ’
866 1248 939 1292 ἑνὸς
948 1247 1052 1298 μόνου
1064 1247 1116 1300 γί-

83 1327 211 1358 νονται,
226 1313 301 1354 πῶς
309 1310 372 1357 τὴν
386 1310 482 1364 παρὰ
501 1313 570 1348 τῶν
587 1309 777 1362 ἀνθρώπων
791 1308 925 1362 μέμψιν
941 1309 1117 1362 διαφυγεῖν

84 1375 274 1420 δυνηθῶσιν
286 1389 293 1396 ·
311 1373 329 1410 ὃ
349 1372 390 1418 δὴ
408 1372 468 1410 καὶ
488 1366 581 1410 οὗτοι
598 1371 813 1417 πεπόνθασι,
831 1371 891 1410 καὶ
904 1370 962 1409 τὸν
978 1371 1116 1423 πατέρα

83 1435 220 1486 ἀπατᾷν
240 1435 485 1485 ἐπιχειροῦσιν.
501 1431 664 1483 Ἐπέγνω
677 1431 764 1485 γὰρ,
781 1431 866 1484 φησὶ
878 1462 888 1479 ,
906 1431 964 1469 τὸν
982 1433 1115 1484 χιτῶνα

80 1499 100 1534 ὁ
120 1495 255 1547 πατὴρ,
276 1494 336 1532 καὶ
364 1488 457 1532 εἶπε·
476 1492 586 1546 χιτὼν
605 1498 665 1532 τοῦ
693 1495 767 1531 υἱοῦ
794 1492 860 1544 μού
881 1495 955 1531 ἐστι
969 1508 976 1516 ·
997 1492 1116 1546 θηρίον

82 1557 232 1610 πονηρὸν
251 1555 444 1607 κατέφαγεν
463 1555 580 1601 αὐτὸν,
599 1554 718 1608 θηρίον
734 1554 874 1608 ἥρπασε
892 1554 949 1593 τὸν
972 1553 1115 1608 Ἰωσήφ.

84 1617 153 1656 Καὶ
184 1617 251 1670 γὰρ
270 1619 424 1664 ἀληθῶς,
444 1616 602 1670 καθάπερ
622 1616 754 1668 θηρίοις
779 1615 994 1670 περιπεσὼν,
1008 1615 1117 1660 οὕτως

84 1681 238 1725 ἀνηλεῶς
275 1678 414 1716 ἅπαντα
450 1677 628 1728 ὑπέμεινε.
660 1677 828 1730 Διέῤῥηξε
859 1678 894 1716 δὲ
915 1677 959 1715 τὰ
994 1677 1120 1728 ἱμάτια

85 1742 207 1786 αὐτοῦ,
240 1740 300 1778 καὶ
331 1738 474 1778 ἐπέθετο
506 1738 634 1777 σάκκον
667 1738 724 1777 ἐπὶ
753 1738 815 1786 τὴν
853 1738 958 1791 ὀσφὺν
992 1740 1095 1777 αὐτοῦ
1110 1769 1119 1787 ,

87 1800 148 1838 καὶ
166 1800 302 1838 ἐπένθει
319 1800 378 1839 τὸν
394 1800 466 1839 υἱὸν
487 1801 591 1838 αὐτοῦ
609 1799 744 1851 ἡμέρας
763 1800 907 1845 πολλάς.
930 1800 1056 1839 Πόσων
1078 1801 1118 1839 ἂν
1141 1817 1164 1847 B

86 1854 151 1899 εἶεν
177 1856 272 1900 οὗτοι
300 1861 459 1914 δακρύων
484 1860 591 1908 ἄξιοι,
611 1862 676 1912 οὐχ
705 1861 760 1900 ὅτι
791 1861 850 1900 τὸν
875 1862 1021 1915 ἀδελφὸν
1049 1867 1121 1906 τοῖς

86 1922 278 1975 βαρὸάροις
295 1922 498 1977 πεπράκασι
516 1922 632 1973 μόνον,
654 1923 732 1960 ἀλλ’
747 1921 800 1961 ὅτι
831 1923 891 1961 καὶ
910 1923 968 1962 τὸν
984 1924 1121 1977 πατέρα

85 1985 121 2020 ἐν
142 1984 283 2036 ἐσχάτῳ
301 1984 394 2036 γήρᾳ
408 1983 530 2022 λοιπὸν
547 1983 632 2022 ὄντα
652 1984 804 2037 τοσούτῳ
820 1984 936 2024 πένθει
953 1985 1120 2039 περιέὸα·

86 2047 163 2090 λον;
189 2046 420 2098 Συνήχθησαν
441 2044 494 2090 δὲ,
523 2045 640 2097 φησὶν,
665 2046 734 2084 υἱοὶ
762 2047 865 2084 αὐτοῦ
882 2047 942 2086 καὶ
962 2051 997 2086 αἱ
1017 2051 1122 2099 θυγα-

86 2106 182 2158 τέρες
203 2107 449 2159 παρακαλέσαι
468 2107 583 2154 αὐτὸν,
612 2107 672 2145 καὶ
690 2108 751 2146 οὐκ
770 2108 889 2155 ἤθελε,
909 2109 1034 2160 λέγων,
1066 2108 1120 2148 ὅτι

86 2167 334 2219 καταῧήσομαι
348 2168 432 2219 πρὸς
451 2168 508 2206 τὸν
525 2167 596 2207 υἱόν
617 2185 682 2218 μου
700 2171 832 2208 πενθῶν
845 2171 893 2213 εἷς
911 2170 1008 2222 ᾅδου.

142 2531 256 2589 Οἶμαι
290 2538 350 2577 καὶ
385 2542 486 2578 τοῦτο
510 2539 650 2590 πληγὴν
672 2540 792 2592 ἑτέραν
814 2540 955 2584 ἐκείνοις
977 2543 1120 2594 γεγενῆ-

88 2603 184 2638 σθαι.
214 2598 357 2652 Ἑώρων
380 2598 447 2652 γὰρ
483 2599 538 2639 ὅτι
574 2601 633 2638 καὶ
660 2601 746 2653 πρὸς
778 2601 834 2640 τὸν
867 2601 916 2652 μὴ
946 2602 1122 2652 παρόντα,

91 2663 222 2711 μᾶλλον
246 2661 281 2700 δὲ
313 2661 372 2699 καὶ
408 2662 632 2713 νομιζόμενον
650 2663 718 2701 ὑπὸ
742 2663 870 2715 θηρίων
903 2665 1122 2716 ἀνῃρῆσθαι,

91 2722 200 2767 οὕτως
232 2722 432 2774 ἀκμάζοντα
453 2724 510 2762 τὸν
531 2723 635 2763 πόθον
662 2725 917 2773 ἐπι-δείκνυται,
936 2725 995 2763 καὶ
1018 2724 1124 2764 πλέον

91 2783 158 2822 ὑπὸ
171 2787 230 2821 τοῦ
250 2783 371 2836 φθόνου
391 2784 636 2832 κατετήκοντο.
654 2785 744 2824 Ἀλλ’
767 2780 862 2824 οὗτοι
881 2785 944 2838 μὲν
962 2787 1021 2825 καὶ
1036 2787 1124 2839 πρὸς
1160 2812 1171 2843 3
1585 2835 1609 2874 d
1632 2836 1641 2873 l
1768 2835 1792 2872 H
1832 2835 1850 2872 f
1914 2835 1920 2841 ι
2056 2835 2063 2842 ·
2102 2835 2139 2873 d'

1197 2850 1229 2880 et
1248 2855 1330 2894 erga
1354 2847 1493 2893 patrem
1521 2851 1581 2875 cru
1612 2851 1630 2874 e
1646 2850 1693 2885 05,
1717 2849 1763 2873 nu
1795 2849 1815 2872 a
1850 2844 1964 2875 uerint
1982 2849 2086 2873 venia
2132 2850 2158 2872 1-

93 2845 152 2882 τὸν
169 2844 314 2896 ἀδελφὸν
332 2845 392 2882 καὶ
420 2845 506 2897 πρὸς
523 2846 582 2884 τὸν
599 2845 736 2898 πατέρα
761 2847 851 2899 ὠμοὶ
870 2847 1048 2900 γεγονότες
1067 2848 1125 2886 οὖ-

95 2905 215 2954 δεμιόἱς
235 2903 275 2941 tw
293 2898 359 2942 εἷεν
375 2905 584 2957 συγγνώμης
600 2906 688 2951 ἄξιοι
700 2923 707 2931 ·
728 2910 760 2946 οἱ
779 2908 815 2948 δὲ
834 2909 1050 2956 Μαδιηναῖοι
1063 2908 1122 2947 καὶ

95 2965 190 3003 αὐτοὶ
207 2965 312 3003 πάλιν
338 2969 548 3018 ὑπηρετοῦσι
579 2971 622 3020 τῇ
644 2971 703 3006 τοῦ
723 2971 815 3009 Θεοῦ
843 2970 1022 3024 οἰκονομίᾳ
1035 3001 1044 3019 ,
1064 2970 1123 3009 καὶ

92 3026 199 3064 πάλιν
219 3027 444 3065 ἀποδίδονται
463 3028 522 3066 τὸν
539 3028 672 3082 Ἰωσὴφ
693 3031 855 3084 Πετεφρῇ
871 3035 921 3085 τῷ
940 3035 1123 3085 ῧάρχιμα-

93 3088 199 3140 γείρῳ
218 3091 277 3126 τοῦ
294 3088 444 3142 Φαραώ.
462 3083 561 3134 Εἶδες
579 3093 653 3136 πῶς
684 3092 752 3146 ὁδῷ
778 3093 869 3131 κατὰ
895 3094 1018 3146 μικρὸν
1039 3094 1124 3146 πρό-

96 3164 184 3195 εισι,
199 3150 256 3187 καὶ
276 3150 332 3187 διὰ
352 3151 493 3189 πάντων
513 3151 577 3198 τὴν
597 3153 726 3191 οἰκείαν
744 3154 870 3206 ἀρετὴν
885 3155 944 3193 καὶ
959 3155 1021 3202 τὴν
1042 3159 1123 3194 ὑπο·

98 3209 205 3258 μονὴν
226 3211 480 3261 ἐπιδείκνυται,
511 3213 554 3250 ἵν’
575 3213 664 3252 οὕτω
687 3215 843 3268 καθάπερ
872 3217 1024 3264 ἀθλητὴς
1045 3234 1123 3269 γεν-

97 3270 199 3313 ναίως
232 3272 508 3323 ἀγωνισάμενος,
534 3275 752 3322 ἀναδήσηται
782 3280 844 3323 τῆς
872 3277 1049 3328 βασιλείας
1068 3278 1125 3316 τὸν

100 3330 265 3383 στέφανον
279 3362 288 3377 ,
315 3333 374 3371 καὶ
407 3337 474 3372 τῶν
504 3335 688 3387 ὀνειράτων
718 3341 738 3383 ἡ
773 3337 916 3382 ἔκὸασις
947 3340 995 3383 εἷς
1027 3339 1124 3392 ἔργον

1184 1114 1260 1152 lum
1279 1115 1342 1167 qui
1361 1115 1471 1168 sopiri
1504 1116 1638 1167 nequit,
1667 1131 1774 1168 quem
1801 1116 1958 1154 maxime
1982 1116 2144 1154 omnium

1185 1176 1379 1215 formidare
1403 1178 1601 1230 oportebat.
1633 1178 1703 1216 Sed
1731 1178 1778 1216 ita
1796 1177 1958 1216 sehabet
1990 1178 2144 1215 humana

1186 1248 1328 1288 natura,
1358 1239 1430 1277 imo
1460 1240 1508 1277 ita
1540 1253 1576 1277 se
1609 1239 1715 1278 habet
1747 1239 1942 1277 multorum
1972 1238 2144 1290 nequitia,

1187 1309 1225 1338 ut
1245 1299 1444 1338 humanum
1475 1300 1638 1339 timorem
1675 1309 1707 1338 et
1734 1300 1918 1353 praesentis
1946 1299 2027 1338 vite
2059 1300 2148 1337 infa—

1186 1361 1292 1402 miam
1314 1371 1453 1400 tantum
1474 1362 1630 1400 maxime
1655 1370 1814 1410 caveant,
1836 1361 1871 1399 in
1892 1371 2008 1400 mente
2027 1372 2146 1400 autem

1187 1436 1257 1461 non
1273 1431 1414 1462 versent
1434 1423 1592 1461 terribile
1611 1421 1704 1461 illud
1732 1422 1903 1472 tribunal,
1923 1432 1956 1460 et
1976 1423 2146 1461 intolera-

1186 1483 1297 1522 bilem
1317 1498 1471 1537 poenam,
1489 1484 1550 1523 sed
1567 1484 1634 1522 hoe
1662 1498 1775 1522 unum
1800 1493 1938 1533 curent,
1970 1484 2149 1535 quomodo

1187 1545 1344 1597 effugere
1368 1545 1504 1598 possint
1532 1545 1727 1584 humanam
1749 1546 2058 1598 reprehensionem
2080 1563 2088 1583 :
2112 1546 2149 1584 id

1189 1606 1287 1657 quod
1317 1615 1351 1645 et
1381 1606 1432 1644 illi
1456 1616 1627 1658 egerunt,
1655 1606 1744 1645 dum
1771 1616 1910 1659 patrem
1933 1622 2038 1645 suum
2054 1607 2149 1646 dcci-

1190 1682 1274 1720 pere
1305 1668 1526 1706 molirentur.
1564 1669 1626 1706 55.
1660 1668 1837 1720 Agnovit
1863 1671 1982 1718 enim,
2019 1669 2148 1720 inquit,

1191 1738 1338 1768 vestem
1363 1739 1488 1782 pater,
1512 1739 1548 1768 et
1570 1731 1669 1768 dixit
1687 1746 1697 1766 :
1717 1731 1839 1769 Vestis
1854 1730 1942 1783 filii
1960 1734 2034 1768 mei
2061 1741 2117 1769 est
2136 1748 2145 1767 :

1188 1792 1278 1843 sera
1307 1791 1415 1829 mala
1442 1793 1642 1829 devoravit
1676 1805 1775 1834 eum,
1793 1792 1892 1844 sera
1918 1795 2048 1844 rapuit
2079 1794 2147 1831 Jo-

1190 1855 1295 1905 seph.
1337 1853 1480 1892 Etenim
1511 1868 1593 1892 vere
1619 1853 1721 1905 quasi
1741 1853 1777 1891 in
1797 1853 1908 1891 malas
1936 1853 2067 1892 bestias
2095 1855 2150 1893 in-

1189 1914 1344 1964 cidisset,
1371 1916 1491 1953 omnia
1521 1914 1712 1953 crudeliter
1736 1929 1860 1967 passus
1892 1925 1957 1953 est.
1988 1917 2053 1954 54.
2079 1917 2150 1954 Di-

1191 1978 1303 2015 scidit
1317 1985 1447 2015 autem
1461 1981 1696 2016 vestimenta
1711 1990 1782 2014 sua
1800 1985 1835 2014 et
1847 1980 1976 2028 posuit
1996 1992 2150 2016 saccum

1191 2053 1306 2092 super
1326 2040 1474 2078 lumbos
1490 2053 1594 2086 suos,
1617 2048 1653 2076 et
1675 2038 1920 2091 luxitfilium
1940 2052 2050 2077 suum
2071 2041 2150 2078 die-

1193 2102 1262 2139 bus
1282 2101 1426 2140 multis.
1449 2100 1603 2148 Quantis
1622 2099 1755 2138 fuerint
1774 2099 1829 2137 illi
1849 2099 1950 2151 digni
1969 2100 2151 2153 lacrymis,

1191 2162 1252 2213 qui
1280 2176 1350 2200 non
1382 2161 1499 2200 solum
1525 2162 1672 2199 fratrem
1701 2160 1865 2198 barbaris
1900 2160 2152 2208 vendiderunt,

1191 2222 1252 2261 sed
1275 2232 1308 2261 ct
1327 2232 1465 2275 patrem
1489 2223 1525 2260 in
1554 2231 1711 2261 extrema
1748 2230 1924 2259 senectute
1954 2222 1989 2259 in
2017 2231 2153 2260 tantum

1192 2284 1330 2322 luctum
1346 2283 1570 2337 injecerunt?
1585 2284 1649 2322 55.
1668 2284 1907 2335 Congregati
1918 2292 2047 2321 antem
2065 2294 2155 2322 sunt

1181 2347 1269 2400 filii
1294 2348 1377 2399 ejus
1403 2354 1440 2384 et
1459 2346 1565 2400 filiae
1594 2354 1635 2383 ut
1664 2345 1962 2383 consolarentur
1992 2359 2091 2391 eum,
2119 2355 2154 2383 et

1193 2409 1332 2455 noluit,
1358 2409 1491 2447 dicens
1514 2423 1523 2444 :
1544 2407 1789 2445 Descendam
1810 2406 2010 2459 adfilium
2029 2421 2154 2445 meum

1197 2471 1330 2523 lugens
1348 2473 1392 2508 in
1411 2471 1623 2523 bisernum.

1247 2535 1286 2573 5.
1317 2532 1457 2585 Opinoi·
1480 2541 1512 2569 et
1543 2531 1610 2568 hoc
1636 2530 1710 2568 illis
1735 2529 1842 2567 aliam
1865 2529 1974 2566 fuisse
1998 2530 2153 2581 plagam.

1192 2594 1376 2635 videbant
1394 2593 1489 2632 enim
1511 2601 1647 2645 patrem
1674 2600 1814 2629 tantum
1847 2599 1993 2641 tamque
2019 2591 2155 2628 serven-

1193 2665 1265 2696 tem
1285 2669 1442 2695 amorem
1461 2654 1628 2692 exhibere
1646 2666 1728 2702 erga
1751 2665 1831 2689 eum
1855 2651 2001 2702 quinon
2019 2651 2155 2698 aderat,

1194 2719 1266 2757 imo
1284 2728 1317 2757 et
1341 2716 1535 2771 putabatur
1556 2729 1575 2753 a
1595 2713 1718 2752 bestiis
1742 2712 1954 2765 discerptus,
1976 2721 2007 2750 et
2029 2713 2156 2764 majori

1195 2779 1418 2819 tabescebant
1439 2775 1586 2815 invidia.
1603 2774 1674 2813 Sed
1688 2773 1740 2812 illi
1754 2773 1900 2825 quidem
1915 2787 1997 2826 erga
2012 2774 2157 2812 fratrem

1197 2903 1281 2955 gni:
1300 2900 1506 2940 Madianitae
1534 2907 1653 2936 autem
1678 2905 1711 2935 et
1737 2896 1805 2949 ipsi
1835 2895 1968 2935 divinae
2000 2897 2159 2935 serviunt

1196 2961 1466 3017 dispensationi,
1493 2969 1525 2998 et
1544 2959 1661 2997 denuo
1693 2958 1891 3010 Josephum
1915 2957 2075 2996 vendunt
2096 2959 2159 2995 Pe-

1198 3025 1322 3079 tephre
1337 3021 1576 3073 archimagiro
1594 3019 1800 3058 Pharaonis.
1823 3018 1956 3058 Vidisti
1981 3018 2159 3070 quomod«.

1200 3086 1371 3140 paulatim
1391 3083 1562 3137 procedit,
1583 3091 1615 3120 ct
1635 3096 1696 3135 per
1715 3081 1832 3120 omnia
1856 3095 1957 3119 suam
1987 3081 2157 3119 virtutem

1200 3159 1233 3188 et
1252 3147 1457 3202 patientiam
1486 3144 1658 3190 declaiat‚
1685 3153 1722 3181 ut
1740 3143 1790 3181 sic
1805 3143 1906 3194 quasi
1936 3143 2066 3180 athleta
2093 3144 2160 3178 tiu·-

1201 3211 1282 3249 titcr
1301 3217 1438 3247 certans
1452 3238 1459 3250 ,
1484 3205 1709 3244 redimiretur
1729 3219 1855 3244 corona
1877 3204 1990 3255 regui,
2009 3213 2039 3240 et
2056 3218 2159 3240 eveu-

1202 3283 1260 3312 tus
1291 3269 1512 3310 somniorum
1540 3268 1771 3320 implerentur
1807 3283 1813 3303 :
1845 3281 1916 3318 quo
1951 3267 2159 3302 ‹loci-rentur

1205 3335 1228 3374 ii
1255 3333 1316 3385 qui
1339 3345 1418 3370 eum
1450 3329 1695 3374 vendiderant,
1725 3342 1760 3366 se
1791 3329 1880 3366 nihil
1913 3325 2087 3365 connuodi
2118 3339 2159 3361 ox

145 3468 156 3481 ³
176 3458 227 3488 Art
241 3456 418 3501 liitnngiro„
439 3458 472 3493 id
494 3469 559 3494 est,
585 3463 734 3507 prim-spi
750 3474 924 3507 coquorum
943 3477 950 3507 ἦ
972 3464 1110 3507 Vulgata
1129 3475 1206 3495 vero
1225 3461 1381 3503 magvirlw
1400 3458 1549 3488 militum.

1922 3496 1986 3545 53.
