2483 3791
670 164 711 193 ΙΝ
751 163 852 193 (ᾺΡ.
894 163 957 193 ΙΙΙ.

58 263 139 295 σου,
168 247 226 285 καὶ
250 248 372 299 ἔφαγες
402 245 472 285 ἀπὸ
497 250 556 285 τοῦ
577 246 696 294 ξύλου,
717 241 756 284 οὗ
776 245 1000 297 ἐνετειλάμην
1029 261 1083 285 σοι

57 308 177 347 τούτου
194 307 297 359 μόνου
317 307 365 359 μὴ
385 314 524 360 φαγεῖν,
543 307 606 346 ἀπ’
625 310 729 346 αὐτοῦ
749 308 872 360 ἔφαγες
884 323 891 330 ·
912 307 1084 346 ἐπικατά-

58 385 159 424 ρατος
178 373 198 416 ἡ
215 373 259 421 γῆ
279 371 312 407 ἐν
327 375 397 412 τοῖς
413 368 524 420 ἔργοις
540 384 613 406 σου.
632 370 692 407 Ἐν
712 368 839 412 λύπαις
859 369 953 422 φάγῃ
978 368 1085 416 αὐτὴν

56 431 171 474 πάσας
186 431 248 475 τὰς
266 430 401 482 ἡμέρας
416 433 478 476 τῆς
497 431 588 476 ζωῆς
610 445 684 468 σου.
703 430 871 474 Ἀκοίνθας
889 430 947 469 καὶ
966 430 1084 482 τριὸό-

55 493 135 536 λους
150 493 307 530 ἀνατελεί
325 507 391 537 σοι,
406 491 466 529 καὶ
482 491 575 544 φάγῃ
593 491 650 529 τὸν
666 491 791 543 χόρτον
808 496 867 529 τοῦ
886 495 1005 544 ἀγροῦ.
1024 493 1083 530 Ἰῧν

56 554 177 606 ἱδρῶτι
203 557 263 591 τοῦ
292 551 480 605 προσώπου
503 568 563 591 σου
586 552 679 605 φάγῃ
708 553 766 590 τὸν
788 553 892 605 ἄρτον
918 568 978 590 σου
992 582 1001 598 ,
1022 552 1086 595 ἕως

55 619 116 653 τοῦ
136 614 354 666 ἀποστρέψαι
371 630 408 652 σε
429 616 477 657 εἷς
492 613 556 661 τὴν
572 618 650 666 γῆν,
668 613 701 658 ἐξ
723 608 762 659 ἧς
781 614 950 665 ἐλήφθης·
972 612 1024 650 ὅτι
1041 615 1086 664 γῆ

56 669 89 713 εἶ
105 675 163 713 καὶ
184 678 230 720 εἷς
249 679 313 728 γῆν
332 675 520 728 ἀπελεύσῃ.
545 676 696 726 Μεγάλη
717 675 775 713 καὶ
796 675 926 726 ἅφατος
949 673 1008 711 καὶ
1027 676 1086 712 ἐν-

809 737 890 772 aro&
908 734 1087 772 Δεσπότου

55 741 172 776 τεῦθεν
188 736 362 775 δείκνυται
383 740 404 783 ἡ
425 736 505 788 περὶ
528 736 582 774 τὸν
605 737 785 786 ἄνθρωπον

57 798 273 849 κηδεμονία·
306 800 382 835 ἀλλ’
413 797 618 845 ἀκούσωμεν
652 796 806 847 ἀκριόως
839 795 987 834 ἕκαστον
1019 811 1086 833 των

56 858 261 910 εἶρημενων.
283 860 380 911 Ἱῳ
362 872 396 896 οε
418 858 558 908 Ἀδὰμ
545 861 653 903 εἶπεν,
674 857 726 894 ὁτι
745 857 897 902 ἤκουσας
925 860 987 902 τῆς
1016 872 1087 908 φω-

56 936 117 966 νης
136 922 198 966 τῆς
213 920 374 971 γυναικός
399 935 484 965 σου,
507 919 567 957 καὶ
587 917 712 970 ἔφαγες
733 918 803 956 ἀπὸ
824 921 883 956 τού
911 918 1031 964 ξύλου,
1049 922 1086 957 οὑ

57 982 282 1032 ἐνετειλάμην
312 998 367 1020 σοι
386 981 505 1020 τούτου
527 980 631 1031 μόνου
660 979 708 1028 μὴ
740 985 875 1032 φαγεῖν,
899 982 960 1018 ἀπ
984 983 1087 1019 αὑτοῦ

56 1042 191 1095 ἔφαγες.
209 1042 356 1088 Ἐπειδὴ
371 1042 542 1089 ἤκουσας,
557 1042 642 1093 φησὶ
653 1070 663 1087 ,
678 1043 739 1087 τ’ἥς
753 1041 915 1091 γυναικός
928 1057 987 1079 σου
1003 1073 1012 1089 ,
1028 1042 1088 1080 καὶ

56 1103 179 1156 ἔφαγες
200 1104 270 1142 ἀπὸ
296 1109 356 1142 τοῦ
374 1103 472 1147 ξύλου
487 1134 496 1150 ,
516 1103 574 1141 καὶ
591 1105 652 1147 τῆς
671 1104 758 1152 ἐμῆς
777 1103 919 1147 ἐντολῆς
942 1102 1088 1154 προετί-

57 1181 172 1216 μησας
184 1165 246 1212 τὴν
261 1165 346 1217 παρ’
363 1165 496 1211 ἐκείνης
509 1164 724 1214 συμὸουλὴν,
739 1163 798 1200 καὶ
813 1164 874 1201 οὐκ
890 1163 1088 1211 ἠέουλήθης

55 1230 116 1264 τοῦ
137 1225 236 1270 ξύλου
260 1230 318 1265 τοῦ
339 1226 411 1269 ἑνὸς
431 1226 552 1264 τούτου
580 1225 684 1276 μόνου
705 1224 924 1276 ἀποσχέσθαι
947 1219 984 1262 οῧ
1011 1227 1087 1263 ἐνε-

54 1287 226 1338 τειλάμην
242 1303 295 1325 σοι
314 1287 362 1338 μὴ
383 1294 522 1339 φαγεῖν·
543 1287 591 1344 μὴ
619 1287 687 1338 γὰρ
702 1288 841 1325 πολλῶν
865 1301 902 1324 σε
922 1284 938 1305 ¹³
951 1285 1086 1338 ἀπέχε-

56 1351 135 1387 σθαι
150 1347 315 1386 ἐκέλευσα
328 1363 336 1393 ;
351 1347 451 1391 Ἑνὸς
468 1347 571 1397 μόνου
584 1376 594 1393 ,
610 1348 668 1384 καὶ
683 1346 758 1384 οὐδὲ
777 1345 898 1384 τούτου
913 1347 1062 1398 ἠνέσχου
1077 1377 1086 1394 ,

56 1409 132 1445 ἀλλ’
150 1408 400 1460 ἐπιλαθόμενος
415 1410 484 1445 τῶν
501 1409 595 1457 ἐμῶν
615 1408 762 1445 ἐντολῶν
780 1406 942 1454 ἐπείσθης
960 1411 1003 1458 τῇ
1023 1423 1087 1457 γυ-

54 1468 160 1507 ναικί·
176 1470 232 1507 διὰ
242 1475 343 1508 τοῦτο
358 1468 501 1520 μαθήσῃ
515 1470 558 1507 δι’
576 1470 689 1506 αὐτῶν
705 1472 774 1507 τῶν
791 1467 913 1520 ἔργων,
925 1467 1004 1506 ὅσον
1020 1470 1088 1520 εἰρ-

54 1530 154 1582 γάσω
170 1530 289 1569 κακόν.
307 1529 543 1569 Ἀκουέτωσαν
567 1530 688 1583 ἄνδρες
704 1545 712 1553 ·
729 1529 950 1568 ἀκουέτωσαν
970 1536 1086 1580 γυναῖ-

56 1607 114 1636 κες
125 1607 132 1614 ·
148 1595 179 1630 οἱ
193 1591 255 1643 μὲν
270 1591 327 1629 ἵνα
342 1591 390 1643 μὴ
409 1591 604 1644 ἀνέχωνται
620 1593 688 1629 τῶν
712 1591 848 1645 πονηρὰ
869 1591 1087 1641 συμὸουλευ-

268 1653 295 1666 N!
324 1653 340 1666 r!

6 1698 7 1701 Ἴ
55 1656 187 1692 ουσῶν·
205 1656 240 1692 αἱ
265 1665 300 1692 οε
326 1669 381 1691 ινα
402 1654 451 1704 μὴ
473 1657 617 1692 τοιαῦτα
641 1653 936 1704 συμὸουλεύωσιν.
958 1654 1002 1691 Εἰ
1021 1652 1088 1706 γὰρ
1110 1664 1134 1693 D

54 1708 153 1758 οὗτος
164 1715 221 1753 ἐπὶ
234 1714 297 1762 τὴν
312 1721 460 1766 γυναῖκα
477 1714 540 1761 τὴν
557 1714 670 1752 αἰτίαν
688 1713 909 1766 μεταγαγὼν,
926 1715 1088 1764 οὐδεμιᾶς

57 1774 187 1823 ἠξιώθη
206 1775 429 1827 συγγνώμης,
449 1775 553 1813 ποίαν
570 1777 611 1814 ἄν
628 1792 680 1819 τις
700 1775 892 1827 ἀπολογίαν
910 1775 1012 1828 σχοίη
1032 1775 1088 1814 λε’-

55 1853 138 1888 γων,
155 1837 208 1875 ὅτι
221 1837 279 1875 διὰ
294 1837 356 1884 τὴν
373 1843 521 1888 γυναῖκα
535 1837 575 1875 τὸ
590 1837 650 1875 καὶ
661 1837 699 1875 τὸ
718 1836 889 1889 ἥμαρτον,
905 1837 1014 1874 καὶτὸ
1028 1836 1087 1874 καὶ

54 1899 94 1937 τὸ
108 1898 262 1950 ἔπραξα,
277 1897 344 1936 Διὰ
357 1903 459 1936 τοῦτο
478 1897 546 1949 γὰρ
569 1898 628 1936 καὶ
643 1898 710 1936 ὑπὸ
724 1897 788 1943 τὴν
805 1897 1010 1935 δεσποτείαν
1024 1898 1087 1948 γέ-

54 1976 132 2010 γονε
147 1959 209 2007 τὴν
225 1960 303 2006 σὴν,
322 1959 382 1997 καὶ
403 1959 520 2012 κύριος
536 1961 642 2005 αὐτῆς
662 1959 874 2010 ἀπεφάνθης,
896 1959 953 1997 ἵνα
972 1959 1085 2007 ἐκείνη

55 2036 110 2059 σοι
129 2023 369 2072 κατακολουθῇ
393 2021 453 2058 καὶ
471 2019 519 2071 μὴ
534 2025 556 2067 ἡ
578 2019 712 2072 κεφαλὴ
738 2025 810 2063 τοῖς
824 2019 926 2058 ποσὶν
945 2020 1085 2066 ἕπηται.

54 2081 147 2120 Ἀλλ’
167 2077 224 2121 οὖν
248 2085 341 2120 ἐστιν
365 2083 446 2119 ἰδεῖν
460 2082 629 2125 πολλάκις
643 2081 682 2119 τὸ
703 2080 855 2118 ἐναντίον
876 2081 1085 2131 συμὸαῖνον,

55 2143 114 2181 καὶ
126 2144 184 2182 τὸν
200 2145 234 2182 ἐν
247 2143 343 2187 τάξει
360 2145 513 2195 κεφαλῆς
528 2137 615 2181 εἶναι
629 2143 824 2194 ὀφείλοντα,
839 2142 915 2181 οὐδὲ
930 2145 998 2180 τῶν
1022 2158 1086 2181 πο-

55 2205 122 2243 δῶν
137 2205 201 2253 τὴν
213 2205 310 2249 τάξιν
328 2204 511 2256 ἐπέχοντα·
527 2204 586 2241 καὶ
602 2203 664 2250 τὴν
680 2207 714 2242 ἐν
731 2203 826 2248 τάξει
840 2205 954 2242 ποδῶν
966 2198 1084 2252 οὖσαν,

53 2266 184 2312 ταύτην
207 2268 240 2304 ἐν
263 2266 358 2311 τάξει
386 2267 539 2318 κεφαλῆς
568 2264 838 2314 καθισταμένην.
867 2267 922 2303 Δι’
949 2266 1044 2304 ὃκαὶ
1066 2268 1084 2303 ὁ

56 2327 227 2381 μακάριος
246 2329 401 2372 Παυλος,
416 2329 434 2364 ὁ
446 2329 507 2372 τῆς
521 2326 726 2376 οἰκουμένης
739 2326 958 2375 διδάσκαλος,
973 2332 1084 2366 ταῦτα

999 162 1161 192 CRM-ts.

1202 164 1367 195 nomin.
1404 168 1515 198 xvii.
2031 158 2112 219 17⁸3

1162 261 1297 285 ‘vocem
1319 252 1450 288 uxoris
1473 259 1560 297 tute,
1579 260 1614 289 et
1632 252 1832 290 comedisti
1862 253 1909 290 de
1926 255 2044 305 ligno,
2068 256 2115 292 de

1157 323 1233 361 quo
1247 312 1436 349 mandavi
1451 314 1587 358 tibi,1tt
1602 327 1649 350 ex
1668 328 1711 349 eo
1726 314 1809 350 solo
1826 328 1902 351 non
1918 317 2110 359 comedas,

1156 371 1204 406 de
1232 371 1302 408 illo
1330 374 1412 423 ipso
1445 375 1670 417 comediam
1698 375 1908 412 maledieta
1939 384 2043 413 terra
2074 379 2115 412 in

1158 433 1335 482 operibus
1367 435 1454 472 tuis.
1490 436 1539 471 In
1576 438 1758 473 oermnnis
1796 437 1969 473 comedes
2003 437 2114 473 illam.

1159 495 1334 530 omnibus
1363 496 1496 532 diebus
1514 499 1605 533 vitoe
1634 505 1721 534 tuce.
1753 496 1816 534 18.
1839 498 1978 549 Spinas
1993 506 2029 534 et
2051 501 2100 535 tri
2108 520 2116 524 -

1160 554 1267 590 bulos
1289 557 1359 591 tibi
1376 558 1573 606 producet,
1598 566 1632 595 et
1657 559 1993 610 conwdessoenmn
2013 563 2111 611 agri.

1160 615 1223 650 19.
1246 617 1295 651 In
1315 618 1455 654 sudore
1473 620 1604 670 faciei
1624 628 1699 656 tute
1720 622 1886 657 vesceris
1903 634 2007 672 pane
2032 629 2111 666 tuo,

1160 676 1281 713 donec
1297 682 1503 716 revertaris
1522 689 1562 717 tu
1579 683 1620 716 in
1637 689 1794 727 terram,
1815 683 1862 718 de
1876 696 1952 733 qna
1968 691 2114 720 sumtus

1159 750 1215 774 cs:
1231 741 1326 789 quia
1346 748 1450 777 terra
1470 754 1522 785 es,
1538 750 1573 778 et
1590 744 1631 778 ιἰι
1645 750 1787 779 terram
1799 745 1936 781 abibis.
1957 744 2115 782 Plurima

1159 806 1192 834 et
1209 797 1402 837 ineffabilis
1426 800 1533 838 etiam
1563 801 1629 839 hoc
1649 803 1724 839 loco
1744 803 1942 841 ostenditur
1971 805 2114 843 Domini

1160 872 1241 909 erga
1275 859 1453 898 hominem
1481 862 1708 913 providentia
1727 872 1759 901 et
1780 878 1864 900 cura
1885 864 1968 901 :sed
1992 866 2116 903 audia-

1160 934 1239 957 mus
1266 920 1455 971 diligenter
1488 924 1765 975 unumquodque
1791 925 1982 963 dictorum.
2015 928 2118 964 Adoe

1159 990 1289 1018 autem
1309 984 1407 1020 [lixit
1424 999 1434 1019 :
1449 985 1550 1034 Quia
1567 986 1713 1024 audisti
1730 1000 1864 1023 vocem
1881 990 2013 1024 uxoris
2025 997 2113 1029 tute,

1159 1051 1194 1079 et
1223 1045 1424 1081 comedisti
1452 1045 1500 1082 dc
1529 1046 1648 1097 ligno,
1678 1048 1726 1084 de
1758 1061 1834 1099 quo
1859 1062 2117 1099 pr1e‹.·epcr·mn

1160 1107 1243 1151 tibi,
1268 1114 1308 1142 ut
1339 1121 1386 1142 αι·
1407 1120 1450 1143 eo
1470 1108 1552 1144 solo
1577 1122 1655 1145 non
1673 1109 1868 1153 comedas,
1890 1110 1936 1146 de
1952 1110 2022 1146 illo
2037 1113 2118 1161 ipso

1158 1168 1373 1204 comedisti.
1395 1168 1590 1218 Quoniam,
1607 1169 1741 1220 inquit,
1772 1169 1902 1207 audisti
1933 1171 2118 1210 nudie-rem

1158 1235 1272 1275 tuam,
1292 1237 1325 1265 et
1345 1228 1530 1267 comedisti
1553 1230 1596 1268 de
1616 1230 1730 1281 ligno,
1751 1239 1784 1268 et
1811 1231 1998 1268 consilinm
2020 1231 2118 1270 itlius

1159 1301 1237 1324 meo
1256 1289 1424 1327 mandato
1444 1291 1560 1343 pluris
1586 1292 1711 1340 fecisti,
1731 1301 1764 1329 et
1784 1292 1928 1330 noluisti
1949 1293 1994 1330 ab
2014 1293 2118 1331 unico

1159 1348 1227 1386 hoc
1245 1349 1343 1400 ligno
1362 1352 1553 1401 abstinere,
1575 1353 1621 1392 de
1646 1368 1715 1405 quo
1734 1355 1808 1392 solo
1825 1355 1976 1407 praecepi
1994 1356 2059 1393 tibi
2077 1371 2120 1394 ne

1158 1410 1362 1449 comederes
1378 1428 1486 1452 :num
1506 1414 1570 1452 tibi
1599 1415 1750 1468 praecepi
1770 1425 1807 1453 ut
1827 1429 1845 1453 a
1867 1416 1990 1454 multis
2009 1418 2119 1455 absti—

1159 1472 1283 1509 neres?
1301 1473 1356 1510 Ab
1372 1488 1442 1512 uno
1462 1476 1551 1525 solo,
1571 1485 1603 1513 et
1618 1490 1730 1527 neque
1752 1476 1797 1514 ab
1818 1476 1878 1515 illo
1898 1477 2117 1527 abstinuisti,

1159 1531 1218 1570 sed
1230 1533 1364 1573 oblitus
1380 1537 1628 1576 mandatorum
1641 1553 1814 1587 meorum,
1829 1539 1970 1577 mulieri
1986 1540 2120 1578 obtem-

1160 1595 1288 1645 perasti
1306 1611 1314 1632 ε
1331 1596 1467 1638 idcirco
1486 1613 1524 1637 rc
1547 1599 1623 1652 ipsa
1643 1599 1774 1649 disces,
1793 1609 1966 1651 quantum
1985 1601 2120 1639 malum

1160 1655 1209 1693 sis
1229 1667 1408 1708 operatus.
1433 1659 1592 1699 Audiant
1614 1661 1695 1708 viri,
1716 1661 1864 1699 audiant
1890 1662 2068 1712 mulieres,
2087 1672 2121 1701 et

1160 1717 1214 1754 illi
1231 1718 1389 1769 quidem,
1406 1731 1446 1759 ut
1466 1736 1508 1759 ne
1528 1723 1641 1761 serant
1667 1738 1725 1761 eas
1743 1724 1836 1761 mala
1867 1724 2089 1763 consulentes
2107 1741 2116 1770 ς

1159 1777 1214 1816 hae
1229 1789 1360 1831 autem,
1371 1791 1466 1820 utne
1480 1784 1563 1821 talia
1579 1781 1775 1822 consulant.
1791 1787 1883 1823 Nam
1898 1785 1924 1823 si
1940 1785 1999 1823 hie
2013 1786 2119 1838 culpa

1160 1839 1194 1877 in
1212 1840 1399 1879 mulierem
1417 1843 1560 1895 rejecta,
1586 1844 1723 1882 nullam
1740 1845 1882 1884 veniam
1908 1856 2119 1896 assequutus

1159 1910 1225 1947 est,
1245 1902 1387 1952 qualem
1409 1903 1488 1954 quis
1508 1904 1654 1943 haberet
1681 1906 1840 1955 veniam,
1873 1906 1995 1944 dicens
2011 1908 2118 1945 :Pro-

1159 1971 1237 2013 pter
1255 1977 1404 2001 uxorem
1425 1965 1493 2002 hoc
1515 1975 1549 2003 et
1568 1965 1635 2004 hoc
1658 1968 1819 2019 peccavi,
1840 1977 1874 2005 et
1906 1967 1973 2006 hoc
1998 1978 2031 2006 et
2050 1969 2118 2007 hoc

1158 2023 1253 2060 feci?
1275 2025 1325 2062 Ea
1349 2025 1443 2062 enim
1463 2025 1506 2063 de
1526 2040 1630 2064 causa
1650 2028 1716 2065 sub
1737 2037 1796 2065 tua
1825 2038 1997 2080 potestate
2026 2031 2115 2068 sacta
2149 2049 2212 2077 Um
2207 2062 2260 2077 ,m
2278 2065 2319 2080 Η

1158 2093 1223 2131 est,
1247 2093 1281 2122 et
1302 2084 1469 2123 dominus
1487 2087 1563 2139 ejus
1584 2088 1833 2139 pronuntiatus
1850 2104 1898 2138 es,
1915 2099 1954 2127 ut
1974 2090 2034 2128 illa
2050 2091 2115 2129 libi
2130 2093 2176 2160 :11³¹
2218 2104 2249 2162 'i'
2257 2106 2318 2122 sm·

2151 2144 2165 2160 Ε
2179 2146 2224 2162 ten

1156 2155 1291 2197 pareat,
1309 2156 1343 2185 et
1359 2161 1428 2185 non
1445 2158 1553 2200 caput
1569 2149 1676 2201 pedes
1696 2160 1875 2201 sequatur.
1894 2152 2032 2190 Verum
2048 2167 2115 2191 nou

1158 2220 1238 2244 raro
1255 2207 1424 2245 videmus
1443 2209 1664 2246 contrarium
1685 2224 1750 2247 usu
1772 2209 1928 2260 evenire,
1951 2220 1989 2249 ut
2013 2211 2042 2249 is
2058 2213 2118 2263 qni

1157 2282 1221 2306 suo
1240 2268 1367 2307 ordine
1383 2279 1489 2322 caput
1508 2284 1583 2308 esse
1604 2269 1760 2320 debclet‚
1778 2285 1892 2322 neque
1910 2271 2042 2324 pedum
2062 2288 2119 2311 or-

1156 2328 1279 2368 dinem
1296 2340 1436 2369 servzet
1449 2339 1482 2368 et
1503 2345 1542 2368 ea
1562 2345 1641 2381 quae
1659 2331 1694 2369 in
1715 2330 1850 2383 pedum
1878 2332 1956 2370 loco
1986 2342 2057 2382 est,
2080 2334 2116 2372 in

53 2388 170 2426 πάντα
183 2404 370 2463 προορωνσ
357 2388 452 2426 εὸόα·
468 2387 594 2440 Ἱίγαρ
609 2382 717 2433 οἱδας,
729 2390 842 2440 γύναι,
858 2390 887 2426 εἰ
901 2388 958 2426 τὸν
975 2388 1084 2442 ἄνδρα
1107 2394 1130 2424 Ε
1156 2401 1264 2443 caput
1283 2392 1530 2430 constituauu.
1546 2392 1684 2431 Idcirco
1700 2402 1733 2430 et
1748 2393 1873 2432 beatus
1894 2394 2027 2433 Paulus
2042 2410 2116 2433 ma-

53 2449 195 2497 σιι’)σεις;
212 2449 234 2496 ἢ
249 2450 283 2487 τί
298 2450 410 2495 οἶδας,
427 2449 526 2500 ἄνερ,
542 2451 571 2486 εἰ
586 2448 648 2496 τὴν
667 2455 814 2499 γυναῖκα
831 2448 972 2498 σώσεις,
990 2451 1083 2488 Ἀλλ’

52 2511 149 2562 ὅμως
168 2511 227 2549 καὶ
249 2515 266 2550 ὃ
288 2511 377 2564 ἀνὴρ
402 2510 534 2557 πολλὴν
557 2510 620 2557 τὴν
640 2510 798 2562 φυλακὴν
818 2512 1080 2561 ἐπιδεικνύσθω,

51 2572 143 2612 ὥστε
172 2573 217 2611 τὰ
247 2572 387 2626 ὀλέθρια
418 2571 720 2623 συμὲουλεύουσαν
749 2572 993 2617 ἀποσείεσθαι,
1019 2574 1079 2611 καὶ

52 2637 73 2680 ἡ
94 2633 179 2685 γυνὴ
207 2634 350 2672 ἔναυλον
379 2633 508 2684 ἔχουσα
535 2631 597 2679 τὴν
618 2632 789 2685 τιμωρίαν
815 2632 858 2679 ἢν
887 2633 1025 2678 ἐδέξατο
1054 2637 1076 2681 ἡ

51 2695 127 2734 Εὔα
147 2695 209 2742 τὴν
233 2694 390 2746 ὀλεθρίαν
411 2693 545 2740 ἐκείνην
560 2693 760 2744 συμὸουλὴν
776 2696 1010 2747 εἰσαγαγοῦσα
1026 2699 1077 2748 τῷ

1155 2453 1265 2504 gister
1299 2453 1397 2491 orbis
1427 2453 1503 2491 haec
1525 2454 1644 2491 omnia
1676 2453 1894 2506 praexidens,
1914 2455 2114 2494 clamibat:

1160 2514 1272 2551 Unde
1300 2527 1468 2566 namque
1491 2516 1565 2551 scis
1594 2514 1745 2562 mzdier,
1756 2529 1809 2550 an
1824 2517 1952 2552 virum
1967 2530 2019 2553 sis
2037 2517 2293 2563 sal-1.C›1-.3·.

1159 2583 1273 2612 vatio
1275 2578 1326 2611 (1³
1346 2583 1415 2612 aut
1434 2577 1501 2626 qui
1515 2577 1590 2611 scis
1612 2588 1689 2620 vir,
1709 2589 1762 2611 an
1783 2588 1835 2612 111
1838 2590 1942 2612 orem
1962 2579 2014 2613 sis
2031 2578 2111 2614 sal-
2133 2568 2178 2598 ¹5

1156 2645 1331 2674 vaturus.
1327 2640 1340 2663 ³
1353 2638 1382 2675 Χ
1390 2644 1609 2673 eiumtamen
1623 2635 1691 2673 viri
1708 2645 1757 2673 cst
1761 2636 1991 2687 ‚utdiligenti
2007 2652 2100 2688 oper.
2093 2653 2113 2677 a

1151 2698 1244 2736 male
1264 2698 1503 2736 consulmtcm
1524 2695 1696 2748 repellat·
1712 2695 1840 2733 mulici
1860 2711 1944 2734 ι’·οιο
1974 2712 2114 2750 semper

50 2758 170 2810 ἀνδρὶ,
191 2758 240 2808 μὴ
268 2757 434 2808 τολμάτω
459 2760 603 2795 τοιαῦτα
622 2756 882 2807 συμδουλεύειν,
905 2758 994 2808 μηδὲ
1014 2775 1076 2810 μι-
1090 2790 1137 2816 147
1151 2759 1186 2796 in
1202 2759 1375 2797 memoria
1387 2758 1535 2796 retineat
1555 2757 1788 2809 supplicium,
1803 2757 1900 2807 qnod
1921 2758 2032 2796 Evae
2025 2773 2112 2797 irro-

50 2820 181 2869 μείσθω
209 2819 272 2866 τὴν
292 2818 401 2865 Εὔαν,
430 2818 520 2857 ἀλλὰ
539 2821 589 2870 τῷ
618 2818 848 2871 ὑποδείγματι
867 2822 1076 2872 σωφρονιζέ-
1102 2828 1128 2856 Α
1151 2829 1274 2872 gatum
1292 2830 1361 2869 est,
1380 2834 1458 2870 quae
1477 2818 1685 2871 pestiferum
1708 2817 1796 2855 illud
1818 2818 2009 2857 consilium
2029 2820 2110 2858 xiio

1149 2895 1240 2932 sugg
1243 2890 1398 2919 essm-:at
1415 2894 1457 2918 ne
1483 2879 1612 2917 audeat
1644 2878 1727 2916 talia
1766 2879 1963 2930 consulem,
2001 2895 2114 2933 neque

1149 2943 1310 2980 imitetm
1331 2943 1387 2980 Ex
1391 2957 1475 2979 am:
1469 2941 1553 2979 ·scd
1581 2940 1679 2977 illius
1708 2940 1872 2993 exemplo
1901 2942 2113 2993 prudentior

1150 3004 1228 3054 fiat,
1245 3013 1278 3041 et
1294 3003 1377 3041 talia
1393 3002 1566 3049 consulat,
1585 3015 1662 3052 qua:
1686 3001 1798 3053 ipsam
1816 3011 1850 3040 et
1870 3003 1992 3041 virum
2012 3006 2110 3043 omni

1151 3065 1329 3117 supplicio
1345 3065 1538 3101 liberatura
1555 3062 1638 3100 sint.
1656 3064 1766 3100 Porro
1781 3062 1828 3101 ad
1843 3063 2043 3103 institutum
2057 3080 2111 3103 re-

1151 3127 1310 3165 deamus.
1340 3127 1443 3163 Adae
1469 3133 1600 3162 autem
1630 3125 1729 3162 dixit
1756 3126 1864 3164 Deus
1884 3142 1895 3162 .·
1918 3128 2111 3177 Quia-an-

1151 3189 1244 3227 disti
1261 3201 1396 3226 vocem
1413 3188 1543 3224 uxoris
1559 3194 1645 3234 tuoe,
1661 3194 1697 3224 et
1714 3187 1914 3226 comedisti
1925 3189 1972 3226 de
1988 3189 2108 3240 ligno,

47 2883 118 2918 σθω
150 2883 295 2918 κακεῖνα
329 2879 568 2931 συμΕουλευετ
570 2896 617 2927 ω,
641 2879 662 2917 ἃ
687 2879 746 2918 καὶ
783 2879 889 2927 αὐτὴν
926 2881 986 2919 καὶ
1017 2881 1076 2920 τὸν

46 2940 156 2992 ἄνδρα
170 2940 285 2987 πάσης
299 2917 493 2984 ἀπαλλάξει
509 2940 685 2984 κολάσεως
701 2940 760 2978 καὶ
784 2957 966 2995 τιμωριας.
982 2942 1074 2980 Ἀλλ’

45 3001 103 3039 ἐπὶ
127 3001 167 3039 τὸ
190 3000 419 3052 προκείμενον
437 3001 694 3052 ἐπανελθωμεν,
716 3003 779 3040 'li-'3
805 3002 841 3041 δὲ
862 3003 989 3053 Ἀδὰμ,
1010 3019 1076 3055 φη-

45 3078 112 3109 σιν,
126 3066 219 3100 εἶπεν
235 3066 252 3100 ὁ
264 3062 366 3109 Θεὸς,
402 3063 442 3100 ’τι
464 3061 617 3108 ἤκουσας
631 3065 693 3108 τῆς
708 3078 824 3115 φωνης
839 3080 902 3110 της
915 3064 1076 3114 γυναικός

45 3137 130 3171 σου,
151 3123 210 3161 καὶ
230 3123 354 3175 ἔφαγες
380 3123 450 3161 ἀπὸ
477 3127 535 3162 τοῦ
563 3122 680 3172 ξύλου,
706 3118 744 3162 οῧ
766 3124 992 3175 ἐνετειλάμην
1022 3141 1077 3163 σοι

43 3184 164 3222 τούτου
181 3184 286 3235 μόνου
309 3184 358 3235 μὴ
377 3190 511 3237 φαγεῖν,
534 3186 594 3223 ἀπ’
615 3187 718 3224 αὐτοῦ
739 3185 876 3237 ἔφαγες.
898 3185 1046 3233 Ἐπειδὴ
1064 3217 1074 3236 ‚

87 3303 100 3317 ⁰
117 3299 174 3326 Τοῦ
190 3299 339 3327 Azoni-:ou
355 3291 448 3326 deest
472 3294 506 3326 in
522 3292 722 3337 quibusdam
745 3293 824 3325 Mss.

86 3345 103 3369 b
121 3342 180 3375 Alii
195 3349 358 3386 ἀπέχεσθαι
366 3349 508 3384 ἐπέταξα.
526 3344 585 3377 Alii
604 3350 787 3388 ἀποσχέσθαι
802 3349 865 3378 ἐκέ)
874 3345 1063 3380 ευσαῬειιιΙο

1097 3307 1171 3342 post
1190 3299 1242 3331 alii
1262 3302 1297 3333 δι’
1316 3301 1413 3332 αὐτῶν
1429 3304 1486 3329 τῶν
1503 3300 1692 3341 πραγμάτων
1707 3299 1785 3329 ὅσον.
