2483 3791
268 250 356 298 150
662 265 701 294 S.

258 358 379 403 postea
395 347 574 387 confidens
593 347 695 399 quasi
707 346 879 385 benevole
897 358 980 396 erga
999 358 1036 382 se
1062 343 1208 381 affectus

257 420 360 461 esset,
374 419 488 449 totum
500 409 708 448 mandatum
721 408 870 457 detexit,
883 406 1142 457 diligenterque
1156 415 1209 439 re-

259 472 396 512 censuit
421 472 552 517 omnia,
570 479 604 508 et
621 482 788 522 responso
805 481 870 506 suo
889 478 1028 504 omnem
1046 463 1207 501 sibimet-

258 533 328 586 ipsi
349 532 587 571 defensionem
605 529 766 568 abstulit.
794 526 894 574 Quid
914 524 1010 563 enim
1027 532 1126 576 potes
1150 522 1206 560 di-

258 607 346 643 cere,
366 608 388 632 o
406 593 558 631 mulier?
570 592 685 629 Dixit
702 591 823 635 Deus,
844 588 904 626 Ne
929 586 1140 625 comedatis
1159 585 1207 623 de

257 657 362 693 omni
387 655 491 706 ligno
512 652 619 705 quod
638 659 695 690 est
721 653 763 688 in
778 649 976 702 paradiso,
1008 644 1207 698 Oportebat

256 725 292 754 te
309 715 465 754 aversari
495 728 600 764 eum,
619 712 682 764 qui
704 711 845 751 diversa
862 725 882 748 a
900 711 976 748 Deo
996 707 1152 757 dixerat,
1172 714 1206 745 et

255 776 372 814 dicere
386 791 394 812 z
407 776 724 828 Apage,impostor
738 787 774 812 es
788 781 841 821 tu,
854 771 967 810 nescis
980 783 1094 820 neque
1107 782 1205 806 man-

254 836 331 876 dati
343 836 446 877 nobis
459 836 535 875 dati
544 835 751 889 potentiam,
761 846 875 884 neque
885 830 1027 884 quantis
1038 829 1204 878 fruimur,

254 912 367 950 neque
384 897 523 951 copiam
539 910 663 936 eorum
681 909 760 947 quae
780 893 883 932 nobis
912 891 1201 944 suppeditantur.

254 961 349 1000 Nam
373 969 415 998 tu
432 958 578 1011 quidem
594 957 647 997 ais
664 958 784 995 Deum
812 953 960 1003 dixisse,
981 953 1122 990 nullum
1142 965 1205 990 nos

254 1021 444 1073 degustare
467 1020 597 1059 debere
627 1018 766 1070 lignum
777 1033 788 1068 5
818 1015 994 1053 Dominus
1026 1022 1145 1052 autem
1172 1021 1206 1050 et

256 1081 430 1120 Conditor
448 1081 494 1119 ob
524 1081 732 1119 immensam
759 1091 861 1116 suam
889 1075 1085 1113 bonitatem
1102 1072 1206 1110 nobis

254 1142 416 1196 permisit
435 1141 521 1193 frui,
541 1150 575 1179 et
592 1148 800 1193 potestatem
817 1136 950 1175 habere
967 1134 1127 1173 omnium
1136 1149 1147 1184 5
1159 1134 1206 1171 ab

738 261 924 294 JOANNIS
957 259 1200 292 CHRYSOST·
1239 256 1448 288 ARCHIEP.
1485 255 1840 288 CONSTANTINOP.

1279 338 1452 389 κειμένου,
1472 338 1677 390 θαῤῥήσασα
1694 345 1811 379 πᾶσαν
1828 340 2039 380 ἓκκαλύπτει
2060 340 2124 388 τὴν
2144 339 2299 388 ἐντολὴν,

1281 399 1340 437 καὶ
1358 398 1453 450 λέγει
1470 399 1586 437 πάντα
1607 400 1696 451 μετὰ
1722 401 1921 453 ἀκριὸείας,
1937 402 1997 440 καὶ
2025 402 2069 440 δι’
2085 397 2133 440 ὧν
2154 402 2298 451 ἀπεκρί-

1230 470 1254 500 C
1279 476 1362 499 νατο
1380 459 1496 508 πάσης
1516 459 1641 507 ἑαυτὴν
1662 463 1846 515 ἀποστερεῖ
1874 463 2073 514 ἀπολογίας.
2093 463 2142 502 Τί
2164 463 2232 515 γὰρ
2257 463 2299 500 ἂν

1282 521 1304 543 ‚1⁴
1408 523 1418 536 9
1467 526 1479 532 -
1543 515 1564 535 '3'
1613 517 1622 535 Ι
1664 533 1667 536 A
1727 518 1744 543 1,
1760 512 1801 539 ἐξ·
1836 533 1841 537 ,
1969 525 1978 539 x
2060 526 2071 540 ³
2201 524 2210 538 1

1279 537 1294 559 ε
1295 536 1373 574 ,goie
1390 537 1514 567 ειπειν,
1538 538 1567 559 ω
1582 535 1703 573 γυναις
1754 524 1864 561 Ειπεν
1879 527 1898 562 ὃ
1914 526 2021 573 Θεος,
2037 540 2076 563 ου
2093 526 2142 576 μὴ
2164 539 2298 578 φαγητε

1278 583 1348 622 ἀπὸ
1362 584 1490 626 παντὸς
1512 583 1610 628 ξύλου
1626 587 1686 622 τοῦ
1702 585 1926 636 παραδείσου.
1942 585 2028 624 Δέον
2039 601 2078 624 σε
2095 588 2142 629 ὡς
2159 585 2298 624 ἐναντία

1278 643 1442 696 εἰρηκότα
1458 647 1726 698 ἀποστραφῆναι
1747 644 1806 683 καὶ
1833 647 1940 683 εἰπεῖν
1962 646 2047 699 πρὸς
2063 645 2186 684 αὐτόν·
2207 647 2298 685 ἄπα-

1277 721 1335 757 γε,
1356 705 1518 744 ἀπατεὼν
1545 699 1577 743 εἶ
1603 705 1662 754 σὺ,
1683 708 1745 744 οὐκ
1768 699 1868 745 οἶσθα
1891 705 1969 744 οὐδὲ
1997 709 2060 752 τῆς
2079 707 2219 752 ἐντολῆς
2236 709 2299 753 τῆς

1278 766 1462 817 δεδομένης
1477 770 1560 818 ἡμῖν
1581 766 1646 815 τὴν
1662 766 1823 819 δύναμιν,
1844 766 1921 807 οὐδὲ
1934 770 1997 814 τῆς
2011 767 2237 812 ἀπολαύσεως
2259 768 2300 807 τὸ

1278 827 1431 880 μέγεθος,
1450 827 1527 867 οὐδὲ
1545 827 1608 876 τὴν
1624 827 1805 880 δαψίλειαν
1819 831 1882 875 τῆς
1896 828 2076 881 χορηγίας.
2093 828 2144 867 Σὺ
2156 827 2218 879 μὲν
2232 828 2301 881 γὰρ

1276 889 1362 942 ἔφης
1385 888 1562 941 εἰρηκέναι
1590 889 1648 928 τὸν
1679 890 1783 938 Θεὸν,
1809 890 1879 929 ἀπὸ
1904 891 2049 942 μηδενὸς
2074 889 2172 935 ξύλου
2204 895 2299 943 ἡμᾶς

1276 950 1582 1001 εάπογεύσασθαι,
1607 953 1625 988 ὃ
1656 949 1693 990 δὲ
1713 952 1893 999 Δεσπότης
1914 953 1973 990 καὶ
2005 952 2212 1005 δημιουργὸς
2242 951 2300 991 διὰ

1276 1010 1410 1058 πολλὴν
1427 1011 1628 1063 ἀγαθότητα
1646 1011 1787 1050 πάντων
1808 1015 1893 1063 ἡμῖν
1914 1013 2005 1057 ἀνεὶς
2023 1012 2087 1059 τὴν
2107 1013 2299 1052 ἀπόλαυσιν

1277 1071 1336 1109 καὶ
1362 1072 1427 1118 τὴν
1451 1071 1623 1119 ἐξουσίαν,
1646 1073 1718 1116 ἑνὸς
1743 1072 1848 1124 μόνου
1875 1073 2092 1126 ἀποσχέσθαι
2119 1074 2299 1122 ἐκέλευσε,

1277 1132 1337 1170 καὶ
1353 1136 1454 1171 τοῦτο
1471 1133 1578 1171 πάλιν
1600 1133 1656 1172 διὸ
1675 1133 1739 1181 τὴν
1756 1134 1838 1186 περὶ
1855 1137 1950 1185 ἡμᾶς
1968 1134 2189 1186 κηδεμονίαν,
2209 1135 2300 1174 ὥστε

254 1217 326 1241 uno
343 1211 484 1242 tantum
502 1200 678 1239 abstinere
691 1197 815 1251 jussit,
831 1195 939 1247 idque
955 1193 1058 1233 nobis
1077 1206 1206 1230 consu-
1228 1205 1255 1236 1>
1279 1192 1327 1243 μὴ
1349 1193 1589 1246 μετασχόντας
1606 1194 1738 1232 ἁλῶναι
1757 1194 1906 1247 θανάτῳ.
1923 1195 2025 1243 Δέον,
2048 1195 2146 1248 εἴπερ
2171 1196 2301 1247 εὐγνώ-

252 1263 344 1314 lens,
369 1272 410 1301 ut
428 1276 472 1302 ne
498 1269 639 1314 gustato
666 1259 743 1308 illo,
766 1265 879 1295 morte
897 1254 1201 1294 occumberemus.

254 1325 465 1377 Oportebat,
484 1322 515 1361 si
532 1320 678 1373 quidem
699 1317 855 1372 prudens
873 1316 1010 1365 fuisset,
1024 1315 1083 1354 his
1100 1314 1205 1353 dictis

251 1386 359 1424 illum
377 1383 522 1423 omnino
537 1381 708 1429 aversari,
724 1379 885 1430 nihilque
904 1377 997 1416 ultra
1015 1376 1069 1414 illi
1087 1375 1202 1426 loqui,

251 1460 365 1497 neque
382 1444 506 1483 audire
526 1443 727 1494 loquentem
743 1456 751 1478 ε
765 1439 827 1478 sed
846 1439 912 1477 ista
937 1437 1091 1477 revelato
1106 1451 1203 1489 prae-

253 1516 368 1559 cepto,
388 1515 422 1544 et
439 1504 592 1543 narratis
610 1502 678 1541 Dei
704 1501 839 1551 verbis,
861 1498 961 1537 aliud
979 1498 1156 1536 letiferum
1171 1506 1205 1535 et

252 1567 494 1621 perniciosum
531 1564 720 1602 consilium
755 1562 802 1600 ab
831 1561 895 1600 illo
927 1559 1069 1612 accipit.
1111 1559 1205 1597 Nam

252 1637 443 1681 postquam
471 1626 568 1665 dixit
587 1624 736 1663 mulier:
755 1624 816 1661 De
835 1624 938 1660 omni
958 1622 1063 1673 ligno
1080 1634 1203 1672 para-

253 1691 329 1728 disi
349 1690 509 1735 edimus,
533 1687 729 1739 defructu
756 1693 886 1722 autem
908 1683 1008 1735 ligni
1029 1683 1133 1734 quod
1149 1689 1206 1719 est

252 1754 295 1788 in
313 1751 438 1788 medio
457 1748 650 1800 paradisi,
667 1747 768 1784 dixit
784 1747 906 1794 Deus,
929 1756 976 1781 ne
994 1744 1205 1781 comedatis

252 1826 300 1848 ex
319 1811 404 1856 illo,
430 1821 551 1860 neque
578 1808 784 1858 attigeritis
813 1808 951 1857 ipsum,
983 1817 1030 1841 ne
1059 1806 1202 1841 moria·
1227 1813 1253 1844 E

251 1874 350 1909 mini
363 1887 377 1916 ,·
392 1869 521 1908 iterum
540 1867 720 1918 malignus
745 1865 870 1904 salutis
895 1873 1022 1903 nostrae
1040 1864 1207 1903 inimicus

252 1930 471 1970 eontrarium
497 1929 575 1968 Deo
600 1927 789 1967 consilium
818 1927 931 1965 affert.
952 1926 1095 1978 Quippe
1125 1939 1208 1964 cum

252 1993 427 2045 benignus
440 1993 538 2031 Deus
552 1990 598 2028 ob
612 2002 780 2041 magnam
793 1988 905 2027 nostri
919 2001 1041 2026 curam
1052 1987 1096 2025 de
1108 1987 1207 2040 ligno

253 2067 391 2091 sumere
414 2051 660 2105 prohibuerit,
691 2059 732 2088 ut
761 2063 805 2088 ne
837 2063 900 2102 per
930 2047 1208 2086 inobedientiam

253 2113 418 2152 mortales
443 2113 610 2150 fieremus
626 2127 634 2147 :
650 2110 714 2148 ille
741 2109 832 2148 dicit
859 2109 1027 2147 mulieri:
1046 2111 1085 2148 4.
1117 2111 1208 2148 Non

255 2182 376 2213 morte
395 2175 625 2212 moriemini.
644 2170 753 2217 Quali
767 2170 873 2213 venia
885 2169 1095 2220 dignabitur
1112 2169 1208 2208 ullus

253 2234 461 2282 mulierem,
495 2233 592 2284 quod
622 2231 766 2270 omnino
799 2244 900 2268 aures
929 2230 1106 2282 aperuerit
1135 2240 1208 2268 tam

255 2295 404 2333 audacia
435 2293 592 2332 dicenti?
625 2293 717 2331 Nam
745 2306 827 2330 cum
847 2292 946 2329 Deus
979 2291 1124 2343 dixerit,
1156 2293 1209 2330 Ne

255 2356 465 2407 comedatis,
493 2364 533 2393 ut
551 2369 595 2393 ne
621 2355 828 2393 moriamini
846 2355 929 2392 :ille
948 2355 1077 2406 inquit,
1112 2357 1207 2395 Non
1218 2384 1266 2409 127

257 2427 378 2456 morte
398 2418 628 2455 moriemini.
649 2416 741 2454 Dein
766 2429 835 2454 non
864 2424 1047 2455 contentus
1066 2426 1207 2455 contra-
1229 2421 1256 2451 Α

256 2479 310 2516 ria
340 2477 448 2515 dictis
477 2477 542 2515 Dei
571 2476 782 2529 protulisse,
817 2477 956 2514 incusat
986 2491 1068 2515 eum
1100 2478 1206 2516 etiam

259 2548 296 2577 ut
324 2538 489 2577 invidum
519 2537 713 2589 Opificcm,
741 2550 810 2588 quo
839 2537 891 2575 sic
919 2537 1079 2576 fraudem
1102 2538 1206 2576 indu-

260 2613 334 2639 rcre
367 2607 498 2652 posset,
534 2607 568 2635 ct
600 2598 826 2650 supplantata
867 2598 1017 2637 muliere
1047 2600 1207 2652 proposi-

259 2671 335 2699 tum
363 2674 469 2698 suum
501 2658 677 2710 impleret.
709 2659 800 2696 Non
826 2668 947 2697 morte
977 2663 1205 2698 moriemini.

262 2722 296 2759 5.
320 2722 473 2760 Sciebat
494 2721 598 2757 enim
623 2720 746 2766 Deus,
770 2720 875 2771 quod
892 2733 1130 2773 quocumque
1148 2722 1209 2759 die

260 2783 463 2820 comedetis
478 2795 524 2818 ex
535 2794 590 2829 e0,
599 2783 822 2831 aperientur
836 2781 940 2819 ocula·
948 2784 1082 2828 vestri,
1094 2791 1129 2820 et
1140 2785 1210 2820 eri-

261 2846 310 2882 tis
324 2846 420 2881 sicut
439 2842 507 2889 clii,
530 2843 693 2880 scientes
719 2842 862 2879 bonum
883 2850 920 2879 et
939 2842 1098 2879 malum.
1118 2842 1211 2881 Ecce

263 2913 371 2942 totam
402 2917 517 2941 escam
536 2918 543 2938 τ
563 2902 708 2940 calicem
740 2902 835 2940 enim
862 2903 1058 2954 pernicioso
1075 2918 1209 2942 veneno

262 2965 408 3017 plenum
435 2963 574 3000 mulieri
604 2963 718 3011 dedit,
740 2977 817 3014 qum
845 2963 1021 3002 letiferum
1053 2964 1120 3003 hoc
1138 2980 1211 3004 esse

262 3024 383 3062 videre
421 3023 542 3060 nolens
563 3038 571 3058 ε
591 3032 728 3074 poterat
757 3023 867 3074 enim,
897 3024 927 3061 si
952 3025 1135 3074 voluisset,
1165 3027 1212 3064 ab

262 3085 366 3124 initio
382 3084 449 3122 hoc
465 3083 572 3129 scirc;
588 3082 648 3121 scd
662 3092 700 3121 ut
716 3084 854 3123 audivit
868 3084 914 3122 ab
928 3084 1003 3135 illo,
1022 3085 1118 3137 quod
1131 3087 1212 3126 ideo

1279 1270 1353 1305 μων
1369 1258 1425 1302 ἠν,
1444 1259 1554 1293 ταῦτα
1567 1255 1653 1308 πρὸς
1667 1255 1768 1293 αὐτὸν
1785 1256 1930 1295 εἰποῦσα
1947 1255 1992 1294 τὰ
2007 1256 2166 1308 ῥήματα,
2183 1257 2299 1304 πάντη

1277 1318 1565 1368 ἀποστραφῆναι,
1589 1316 1648 1355 καὶ
1672 1316 1799 1367 μηκέτι
1820 1315 1910 1368 μήτε
1930 1317 2179 1369 διαλεχθῆναι,
2209 1318 2299 1368 μήτε

1278 1377 1424 1416 ἀκοῦσαί
1447 1394 1481 1417 τι
1497 1380 1566 1417 τῶν
1582 1378 1669 1431 παρ’
1686 1379 1791 1417 αὐτοῦ
1810 1377 2007 1430 λεγομένων
2025 1393 2033 1401 ·
2053 1377 2144 1417 ἀλλὰ
2158 1378 2223 1426 τὴν
2243 1382 2299 1418 ἐν*

1276 1439 1379 1486 τολὴν
1411 1440 1642 1492 ἐκκαλύψασα
1662 1440 1722 1478 καὶ
1742 1442 1888 1479 εἰποῦσα
1915 1440 1961 1479 τὰ
1993 1439 2091 1493 παρὰ
2117 1444 2178 1479 τοῦ
2204 1442 2298 1479 Θεοῦ

1274 1499 1417 1545 duo-tote
1445 1500 1609 1553 ῥηθέντα,
1629 1501 1739 1548 ἄλλην
1761 1500 1900 1553 δέχεται
1925 1502 2008 1552 παρ’
2029 1503 2131 1539 αὐτοῦ
2147 1501 2299 1551 συμὸου-

1275 1561 1338 1608 λ’),ν
1366 1561 1523 1614 ὀλεθρίαν
1556 1562 1616 1601 καὶ
1647 1561 1849 1612 θανάσιμον.
1880 1560 2027 1608 Ἐπειδὴ
2055 1561 2123 1615 γὰρ
2151 1555 2246 1599 εἶπεν
2274 1565 2297 1608 ἡ

1275 1622 1379 1674 γυνὴ,
1395 1623 1452 1662 ὅτε
1466 1624 1552 1662 Ἀπὸ
1570 1624 1698 1667 παντὸς
1719 1628 1779 1663 τοῦ
1801 1622 1901 1667 ξύλου
1923 1627 1984 1661 τοῦ
2002 1623 2214 1674 παραδείσου
2233 1639 2300 1675 φα·

1275 1683 1420 1734 γόμεθα,
1442 1684 1511 1723 ἀπὸ
1530 1683 1565 1723 δὲ
1587 1688 1646 1722 τοῦ
1665 1688 1801 1738 καρποῦ
1817 1688 1877 1721 τοῦ
1893 1683 1990 1729 ξύλου
2004 1689 2064 1723 τοῦ
2077 1685 2112 1722 ἐν
2131 1683 2226 1736 μέσῳ
2240 1687 2301 1722 τοῦ

1276 1745 1500 1798 παραδείσου,
1521 1739 1612 1784 εἶπεν
1630 1748 1647 1783 ὅ
1664 1746 1754 1789 Θεὸς
1768 1776 1778 1794 ,
1797 1748 1836 1784 οὖ
1853 1746 1988 1798 φάγητε
2007 1748 2067 1785 ἀπ’
2086 1747 2210 1793 αὐτοῦ,
2227 1745 2297 1784 οὐδ’

1277 1807 1314 1843 οὖ
1337 1805 1386 1856 μὴ
1407 1806 1540 1858 ἅψησθε
1560 1809 1662 1845 αὑτοῦ
1671 1836 1684 1857 ,
1700 1806 1758 1845 ἵνα
1777 1807 1826 1858 μὴ
1843 1808 2040 1853 ἀποθάνητε
2055 1822 2063 1831 ·
2081 1806 2188 1845 πάλιν
2205 1809 2223 1844 ὃ
2238 1822 2302 1844 πο-

1277 1883 1318 1913 νη
1326 1867 1380 1918 ρὸς
1395 1866 1455 1904 καὶ
1475 1867 1596 1920 ἐχθρὸς
1611 1870 1674 1911 τῆς
1686 1868 1860 1920 ἡμετέρας
1881 1867 2056 1920 σωτηρίας
2072 1867 2230 1906 ἐναντίαν
2250 1869 2301 1919 τῷ

1278 1927 1440 1979 Δεσπότη
1457 1927 1520 1975 τὴν
1543 1928 1742 1979 συμὸουλὴν
1761 1928 1905 1979 εἰσάγει,
1925 1931 1998 1967 Τοῦ
2016 1927 2084 1982 γὰρ
2102 1927 2302 1980 φιλανθρώ-

1278 2003 1344 2026 που
1360 1990 1451 2027 Θεοῦ
1473 1988 1530 2026 διὰ
1553 1989 1686 2037 πολλὴν
1705 1988 1913 2041 κηδεμονίαν
1932 1989 1996 2037 τὴν
2014 1989 2210 2042 μετάληψιν
2227 2004 2302 2027 κω·-

1278 2048 1444 2110 λὲσαντος
1455 2079 1464 2097 ,
1489 2049 1546 2088 ἵνα
1563 2050 1612 2101 μὴ
1629 2050 1687 2089 διὰ
1705 2054 1768 2097 τῆς
1780 2053 1964 2103 παρακοῆς
1980 2050 2096 2098 θνητοὶ
2115 2050 2303 2102 γένωνται,

1279 2109 1376 2153 οὗτός
1407 2125 1493 2162 φησι
1524 2114 1567 2163 τῇ
1600 2111 1760 2161 γυναικὶ,
1797 2112 1850 2149 Οὐ
1889 2111 2027 2163 θανάτῳ
2063 2112 2302 2149 ἀποθανεῖσθε.

1278 2169 1391 2214 Ποίας
1421 2171 1461 2208 ἄν
1481 2187 1534 2214 τις
1565 2171 1724 2216 ἀξιώσειε
1743 2172 1950 2224 συγγνώμης
1979 2171 2042 2219 τὴν
2065 2177 2231 2223 γυναῖκα,
2249 2170 2303 2210 ὅτι

1278 2229 1368 2274 ὅλως
1386 2231 1450 2269 κᾶν
1469 2235 1634 2285 ὑποσχεῖν
1653 2233 1824 2285 ἠνέσχετο
1842 2233 1905 2276 τὰς
1924 2232 2031 2276 ἀκοὰς
2045 2235 2095 2284 τῷ
2111 2232 2201 2270 οὕτω
2221 2234 2304 2270 τολ*

1279 2292 1377 2344 μηρὰ
1391 2296 1405 2312 ⁶
1415 2294 1639 2346 φθεγγομένῳ
1648 2310 1658 2342 ;
1670 2294 1840 2338 Εἰπόντος
1852 2293 1920 2346 γὰρ
1931 2298 1992 2332 τοῦ
2007 2296 2120 2340 Θεοῦ,
2134 2292 2197 2340 Μὴ
2212 2294 2302 2345 ἅψη-

1280 2357 1350 2401 σθε,
1371 2353 1429 2391 ἵνα
1449 2354 1496 2404 μὴ
1517 2355 1726 2403 ἀποθάνητε,
1741 2348 1838 2399 οῧτός
1852 2370 1968 2407 φησιν,
1983 2357 2037 2393 Οὐ
2052 2354 2190 2407 θανάτῳ
2211 2357 2301 2393 ἀπο-

1279 2417 1445 2454 θανεῖσθε.
1472 2409 1563 2455 Εἶτα
1587 2417 1648 2454 οὔκ
1667 2416 1845 2468 ἀρκεσθεὶς
1861 2418 1910 2468 τῷ
1928 2417 2216 2469 ἀντιφθέγξασθαι
2232 2422 2304 2459 τοῖς

1278 2476 1376 2529 παρὰ
1407 2480 1467 2515 τοῦ
1498 2479 1591 2517 Θεοῦ
1621 2481 1776 2531 ῥηθεῖσι,
1797 2478 1856 2517 καὶ
1875 2478 1922 2523 ὡς
1940 2479 2103 2532 φθονερὸν
2121 2477 2303 2516 διαὸάλλει

1278 2538 1335 2577 τὸν
1368 2539 1592 2591 δημιουργὸν,
1628 2538 1671 2577 ἵν’
1705 2538 1794 2578 οὕτω
1830 2539 1894 2587 τὴν
1933 2539 2072 2587 ἀπάτην
2107 2542 2303 2591 εἰσαγαγεῖν

1279 2604 1293 2620 ²¹
1308 2599 1468 2647 δυνηθείη
1483 2630 1493 2648 ,
1521 2599 1579 2637 καὶ
1595 2599 1658 2646 τὴν
1676 2606 1824 2652 γυναῖκα
1850 2601 2081 2644 ὑποσκελίσας
2098 2601 2157 2639 τὸν
2176 2603 2302 2638 οἰκεῖον

1280 2659 1410 2698 σκοπὸν
1426 2659 1682 2713 ἀποπληρώσῃ.
1697 2663 1751 2699 Οὐ
1767 2661 1916 2714 θανάτῳ,
1934 2661 2051 2714 φησὶν,
2063 2663 2302 2699 ἀποθανεῖσθε.

1280 2718 1382 2774 ’ᾘδει
1397 2720 1464 2772 γὰρ
1485 2725 1502 2759 ὁ
1521 2722 1630 2769 Θεὸς,
1647 2715 1735 2773 ὅτιῇ
1754 2721 1794 2759 ἂν
1810 2721 1926 2773 ἡμέρᾳ
1944 2722 2077 2774 φάγητε
2093 2723 2154 2759 ἀπ’
2174 2723 2278 2759 αὐτοῦ
2292 2751 2303 2769 ,

1282 2782 1583 2834 διανοιχθήσονται
1613 2785 1709 2834 ὑμῶν
1739 2783 1770 2821 οἱ
1804 2783 1992 2835 ὀφθαλμοὶ,
2027 2782 2087 2821 καὶ
2110 2780 2227 2821 ἔσεσθε
2258 2784 2304 2826 ὡς

1283 2842 1364 2890 θεοὶ,
1384 2843 1611 2893 γινώσκοντες
1630 2843 1736 2882 καλὸν
1757 2843 1816 2882 καὶ
1834 2843 1996 2897 πονηρόν.
2016 2843 2105 2882 Ἰδοὺ
2123 2843 2162 2882 τὸ
2182 2843 2304 2895 δέλεαρ

1284 2904 1387 2941 ἅπαν.
1408 2904 1607 2956 Πληρώσας
1624 2905 1692 2958 γὰρ
1709 2904 1773 2952 τὴν
1788 2904 1914 2943 κύλικα
1933 2905 2144 2957 δηλητηρίου
2165 2905 2305 2958 φαρμά-

1285 2980 1358 3012 κου,
1376 2965 1529 3004 ἐπέδωκε
1547 2969 1590 3018 τῆ
1606 2966 1764 3017 γυναικὶ,
1783 2970 1805 3013 ἡ
1827 2966 1862 3004 δὲ
1880 2967 1920 3005 τὸ
1944 2967 2134 3018 θανάσιμον
2154 2968 2236 3005 ἰδεῖν
2264 2967 2303 3004 οὐ

1287 3029 1493 3077 βουληθεῖσα
1509 3043 1517 3050 ·
1544 3027 1684 3066 ἐδύνατο
1702 3026 1791 3079 γὰρ,
1812 3027 1908 3079 εἴπερ
1929 3027 2106 3075 ἐὸούλετο,
2125 3029 2165 3065 ἐκ
2183 3041 2305 3079 προοι·

1285 3086 1372 3138 μίων
1392 3093 1492 3127 τοῦτο
1509 3091 1655 3140 γνῶναι·
1679 3090 1756 3126 ἀλλ’
1785 3088 1964 3127 ἀκούσασα
1991 3089 2075 3140 παρ’
2103 3091 2205 3126 αὐτοῦ
2219 3117 2228 3135 ,
2251 3087 2304 3125 ὅτι

262 3145 469 3186 esumliunc
484 3144 723 3198 prohibuisset
739 3146 849 3197 Deus,
865 3146 950 3197 quia
964 3147 1066 3187 sciret
1090 3148 1210 3187 oculos
1238 3159 1260 3188 Β
1286 3149 1342 3187 διὰ
1369 3155 1468 3188 τοῦτο
1499 3149 1561 3197 τὴν
1595 3149 1788 3200 μετάληψιν
1814 3148 1985 3188 ἐκώλυσεν
2003 3151 2022 3186 ὁ
2040 3149 2152 3198 Θεὸς,
2183 3147 2303 3194 ἐπειδὴ

307 3279 324 3304 l·
341 3274 463 3319 [Savil.
477 3274 572 3307 addit
586 3275 618 3306 'in
635 3286 738 3317 marg.
750 3282 778 3309 τί
789 3281 846 3317 ὅτι,
859 3278 1121 3322 sententiamque
1135 3279 1271 3312 omnino

264 3329 499 3371 interrogative
517 3325 717 3369 distinguit]

308 3392 319 3405 e
336 3381 488 3421 Quinque
514 3379 591 3412 Msz
614 3382 780 3420 γ-ςύτκσθαι.
800 3379 890 3411 Iusta
921 3380 1018 3413 iidem
1044 3388 1190 3423 effosam-2.
1208 3389 1265 3423 έ-,ὺς

265 3442 353 3467 ω’,ῖνευ
379 3435 550 3472 ἀτέχ-ῖτθκι.

1349 3281 1361 3299 d
1379 3280 1492 3312 Monet.
1512 3285 1587 3325 αὐτῇ
1607 3285 1748 3327 ῥηθέντα.
1767 3280 1872 3324 Aliqui
1889 3278 2003 3313 melius
2020 3284 2127 3318 αὐτοις.

1348 3341 1359 3355 0
1379 3331 1437 3363 Alii
1453 3339 1714 3376 ἀπουθεγγομένῳ-

1344 3395 1354 3409 ἢ
1373 3383 1433 3417 Alii
1449 3388 1566 3427 δυνηθῇ.
