2516 3791
640 199 682 228 IN
721 198 816 228 (ἿΑΡ.
850 196 994 228 xxvtt.

99 285 189 340 ρίαν.
198 283 326 323 Ὂῦτω
337 282 404 336 γὰρ
417 282 456 321 ἂν
467 282 526 321 καὶ
535 281 597 329 τὴν
613 282 711 334 παρὰ
722 283 880 320 τοῧΘεοῧ
892 280 1024 319 εὔνοιαν
1034 279 1123 330 μετὰ

95 344 276 398 δαψιλείας
294 343 534 392 ἐπισπάσησθε
543 373 552 390 ,
573 343 633 381 καὶ
654 348 754 394 ἡμεῖς
776 342 1034 395 προθυμότερον
1059 340 1122 386 τὴν

1033 194 1194 226 ΟΕΝΕΞ.
1233 193 1399 223 nouit„

1440 192 1534 222 Liv.
2053 173 2143 218 (ΗΓΒ

1194 291 1323 323 racem,
1341 284 1441 329 parat
1457 289 1493 313 se
1508 275 1614 312 ctiam
1630 273 1703 326 ipse
1720 281 1758 309 ut
1774 271 1898 323 majori
1914 269 2032 308 studio
2050 271 2144 307 illsuu

1198 339 1289 376 eolat
1311 354 1317 375 z
1338 337 1461 376 codem
1478 335 1582 374 modo
1598 343 1630 374 et
1648 348 1709 372 uos
1728 333 1757 371 si
1777 332 1973 371 viderimus·
1992 340 2146 368 vesti-uui

95 406 181 460 πρὸς
207 409 296 456 ὑμᾶς
316 404 541 443 διδασκαλίαν
565 404 813 455 ποιησώμεθα,
830 406 975 456 ὁρῶντες
995 404 1042 445 εἷς
1069 401 1124 451 ἔρ·
1148 402 1171 433 C
1199 400 1233 437 iu
1248 399 1385 437 divinis
1401 399 1599 451 profectum
1616 427 1625 445 ,
1649 405 1681 434 et
1698 409 1760 433 vos
1779 409 1817 432 ca
1835 408 1914 444 quae
1933 408 1951 429 a
1974 392 2074 429 nobis
2095 392 2145 429 ‹li—

95 483 155 519 γον
183 469 286 518 ἡμῶν
329 465 554 506 ἐκδαίνουσαν
587 464 650 513 τὴν
681 464 892 515 συμὸουλήν.
931 462 1033 501 Ἐπεὶ
1066 461 1125 499 καὶ

95 528 264 580 γεωργὸς,
284 527 423 566 ἐπειδὰν
443 526 500 579 ἴδῃ
516 530 578 574 τῆς
598 529 661 579 γῆς
674 525 737 573 τὴν
755 524 1022 572 ἐπιτηδειότητα
1040 523 1126 560 πολ-

95 588 159 636 λὴν
190 588 413 642 παρέχουσαν
440 591 534 642 αὐτῷ
566 592 634 627 τῶν
662 590 807 641 καρπῶν
836 586 899 633 τὴν
924 584 1046 637 φορὰν,
1066 584 1125 621 καὶ

95 650 195 695 αὐτὸς
215 650 304 701 μετὰ
323 650 479 694 πλείονος
497 653 560 696 τῆς
574 650 726 695 σπουδῆς
743 648 830 700 πρὸς
844 646 921 690 τοὺς
938 649 1001 692 τῆς
1019 661 1126 697 γεωρ-

95 712 172 764 γίας
193 712 317 758 πόνους
339 712 573 752 ἐπαποδύεται
589 727 596 735 ·
619 712 677 750 τὸν
706 711 806 748 αὐτὸν
837 709 878 755 δὴ
908 708 1034 761 τρόπον
1064 708 1124 745 καὶ

93 777 198 825 ἡμεῖς
213 773 253 812 ἂν
277 773 484 825 θεασοίμεθα
505 773 568 819 τὴν
589 771 680 810 κατὰ
701 771 791 811 Θεὸν
811 772 907 820 ὑμῶν
931 767 1124 820 προκοπὴν,

96 835 156 872 καὶ
177 836 230 873 ὅτι
251 835 295 873 τὰ
311 836 395 886 παρ’
409 837 510 885 ἡμῶν
529 833 700 885 λεγόμενα
721 830 778 869 διὰ
796 834 864 868 τῶν
889 830 998 882 ἔργων
1018 829 1124 868 ἐνδεί-

96 900 242 935 κνυσθαι
269 896 498 943 σπουδάζετε,
516 894 659 933 πλείονα
681 895 740 931 καὶ
758 892 854 931 αὐτοὶ
873 891 931 930 τὸν
947 890 1048 929 πόνον
1069 892 1125 929 τὸν

100 957 344 996 διδασκαλικὸν
365 956 628 1008 ἐπιδειξόμεθα·
651 954 711 992 ἅτε
741 953 866 997 εἰδότες
892 953 945 992 ὅτι
970 955 1008 992 οὐ
1038 952 1127 990 κατὰ

98 1022 234 1072 πετρῶν
271 1017 479 1071 σπείρομεν,
510 1020 587 1057 ἀλλ’
611 1019 657 1061 εἷς
685 1016 837 1068 λιπαρὰν
864 1015 923 1053 καὶ
952 1014 1127 1066 βαθόγεων

99 1081 367 1132 καταὸάλλομεν
380 1080 424 1120 τὰ
444 1080 642 1133 σπέρματα.

154 1141 223 1180 Διὰ
241 1142 309 1196 γὰρ
323 1146 424 1181 τοῦτο
438 1143 516 1180 καθ’
537 1141 688 1188 ἑκάστην
704 1140 838 1194 ἡμέραν
859 1140 920 1188 τὴν
938 1140 1023 1193 πρὸς
1042 1142 1133 1190 ὑμᾶς

102 1204 330 1242 διδασκαλίαν
352 1203 559 1255 ποιούμεθα,
578 1203 634 1241 ἵνα
657 1203 717 1241 καὶ
737 1205 834 1253 ὑμεῖς
852 1201 1078 1255 κερδάναντές
1100 1217 1134 1239 τι

101 1264 276 1316 χρήσιμον
300 1267 453 1303 ἐντεῦθεν
475 1264 669 1312 ἀπέλθητε,
690 1263 750 1302 καὶ
767 1262 812 1301 τὰ
827 1265 889 1310 τῆς
909 1265 1034 1316 ἀρετῆς
1051 1265 1134 1314 ὑμῖν

103 1325 312 1374 αὐξάνηται,
339 1326 399 1365 καὶ
424 1329 527 1377 ἡμεῖς
557 1328 704 1377 ὁρῶντες
731 1328 828 1376 ὑμῶν
858 1324 922 1372 τὴν
952 1323 1134 1376 προκοπὴν

103 1386 365 1439 εὐφρανώμεθα.
386 1387 447 1435 Μὴ
467 1387 535 1439 γὰρ
555 1387 675 1429 ἁπλῶς
696 1387 756 1424 καὶ
776 1388 853 1439 εἰκῇ
873 1386 986 1438 λέγειν
1007 1385 1133 1437 βουλό-

105 1452 213 1499 μεθα,
245 1448 336 1487 ὥστε
365 1448 423 1487 τὸν
450 1451 534 1502 παρ’
566 1450 663 1499 ὑμῶν
696 1447 836 1487 ἔπαινον
860 1446 1134 1500 καρπώσασθαι,

103 1509 163 1547 καὶ
190 1509 246 1548 ἵνα
273 1510 506 1563 κροτήσαντες
547 1513 645 1561 ὑμεῖς
680 1509 957 1562 ἀναχωρήσητε;
991 1509 1045 1547 Οὐ
1077 1509 1134 1547 διὰ

104 1576 215 1618 τοῦτο,
231 1571 280 1623 μὴ
297 1571 448 1624 γένοιτο,
465 1571 555 1610 ἀλλὰ
571 1570 628 1609 διὰ
646 1569 711 1617 τὴν
736 1571 906 1623 ὠφέλειαν
928 1570 991 1618 τὴν
1008 1570 1134 1622 ὑμετέ-

105 1648 179 1685 ραν.
200 1632 306 1684 Ἐμοὶ
327 1633 487 1685 μέγιστος
509 1633 646 1676 ἔπαινος
669 1633 729 1670 καὶ
751 1632 909 1685 ἀρκετὸς,
929 1632 960 1671 εἴ
984 1648 1037 1676 τις
1066 1632 1136 1671 ἀπὸ

106 1697 167 1740 τῆς
182 1694 307 1738 κακίας
326 1695 383 1732 ἐπὶ
407 1693 471 1741 τὴν
500 1693 626 1747 ἀρετὴν
648 1693 923 1744 μεταὸάλλοιτο,
944 1693 975 1732 εἴ
999 1710 1051 1738 τις
1070 1694 1138 1746 πρὸ

106 1755 226 1794 τούτου
258 1755 411 1808 ῥᾴθυμος
441 1755 511 1804 ὢν,
547 1757 732 1799 σπουδαῖος
764 1758 803 1794 ἐκ
835 1757 897 1802 τῆς
920 1758 1004 1809 παρ’
1036 1759 1138 1807 ἡμῶν

107 1817 334 1868 ὑπομνήσεως
353 1816 497 1869 γένηται
513 1833 521 1841 ·
538 1822 638 1856 τοῦτο
657 1817 716 1855 καὶ
747 1818 825 1869 ἐμοὶ
839 1817 1015 1870 ’μέγιστον
1043 1817 1140 1870 φέρει

106 1879 163 1918 τὸν
185 1879 324 1918 ἔπαινον
342 1880 402 1918 καὶ
427 1879 490 1926 τὴν
520 1878 758 1933 παραμυθίαν,
784 1879 844 1917 καὶ
873 1881 954 1931 ὑμῖν
980 1878 1068 1918 πολὺ
1101 1880 1140 1918 τὸ

108 1940 229 1994 κέρδος
247 1941 306 1979 καί
336 1941 394 1979 τὸν
423 1943 571 1980 πλοῦτον
595 1941 652 1979 τὸν
679 1940 926 1992 πνευματικόν.
946 1941 1051 1980 Ἀλλὰ
1081 1942 1140 1980 καὶ

107 2002 162 2041 ὅτι
183 2002 245 2054 μὲν
271 2002 405 2050 πολλὴν
434 2002 644 2046 ἐπιδείξεσθε
663 2002 726 2050 τὴν
749 2002 920 2051 σπουδὴν,
943 2005 1006 2041 οὐκ
1032 2005 1140 2056 ἀμφι-

110 2063 231 2102 ὅάλλω
248 2080 254 2087 ·
274 2057 351 2102 οἶδα
366 2063 434 2118 γὰρ
453 2064 506 2102 ὅτι
528 2063 741 2103 θεοδίδακτοί
762 2066 860 2112 ἐστε,
876 2064 1057 2116 δυνάμενοι
1082 2070 1141 2108 καὶ

111 2125 236 2168 ἀλλους
255 2128 436 2163 νουθετεῖν.
453 2124 522 2162 Διὰ
536 2129 637 2162 τοῦτο
665 2127 813 2162 ἐνταῦθα
833 2124 965 2171 στήσας
982 2124 1045 2172 τὴν
1062 2125 1143 2178 περὶ

110 2185 230 2223 τούτου
252 2185 452 2236 συμὸουλὴν
463 2216 473 2233 ,
493 2187 556 2231 τῆς
580 2185 745 2232 συνήθους
764 2185 899 2238 ἅψομαι
918 2185 1144 2229 διδασκαλίας

111 2247 151 2284 ἐκ
167 2248 236 2283 τῶν
251 2250 311 2284 τοῦ
334 2245 509 2300 μακαρίου
531 2247 710 2291 Μωϋσέως
739 2247 920 2299 ῥημάτων,
951 2249 1082 2298 μᾶλλον
1106 2246 1142 2285 δὲ

111 2310 179 2345 τῶν
200 2307 299 2360 παρὰ
313 2311 373 2346 τοῦ
395 2307 494 2360 ἁγίου
524 2307 730 2359 Πνεύματος
746 2309 790 2346 δι’
820 2309 925 2347 αὐτοῦ
949 2312 1034 2360 ἡμῖν
1056 2311 1149 2362 εἷρη-

113 2369 245 2419 μένων,
275 2368 386 2422 μικρά
410 2385 490 2407 τινα
523 2371 571 2413 εἷς
603 2370 643 2408 τὸ
671 2369 776 2421 μέσον
803 2370 982 2422 προσθεὶς,
1018 2373 1145 2410 ἐκεῖθεν

112 2433 194 2481 ὑμῖν
214 2430 365 2483 σήμερον
387 2430 449 2477 τὴν
471 2429 626 2469 ἑστίασιν
655 2430 921 2483 παραθήσομαι.
950 2431 1147 2471 Ἠκούσατε

1199 469 1339 507 cuntur,
1354 459 1454 497 sactis
1470 458 1626 496 studiose
1640 457 1798 509 implere,
1815 456 1983 507 majorem
1997 453 2146 491 docendi

1198 521 1356 558 laborem
1370 520 1620 558 exhibebimus
1638 535 1644 555 ε
1665 527 1786 570 utpote
1808 517 1974 564 scientes,
1998 530 2058 553 nos
2083 530 2147 552 uon

1199 582 1233 620 iu
1255 582 1363 634 petris
1383 581 1574 626 seminare,
1598 580 1657 618 sed
1689 580 1722 618 iu
1754 578 1876 631 pingui
1907 587 1936 616 et
1973 576 2147 630 profunda

1197 651 1302 680 terra.

1154 1135 1178 1165 D
1255 1140 1291 1176 9,
1317 1137 1366 1175 Ea
1387 1137 1481 1175 enim
1507 1137 1553 1174 de
1573 1149 1678 1174 causa
1697 1134 1860 1186 quotidie
1890 1134 1992 1171 tobis
2020 1135 2154 1171 concio*

1204 1214 1355 1250 namur,
1373 1208 1411 1236 ut
1427 1197 1565 1249 aliquid
1588 1196 1848 1246 lucrifaciatis,
1868 1205 1900 1234 et
1928 1195 2077 1233 virtutes
2099 1209 2156 1231 ve-

1203 1271 1284 1300 strse
1301 1269 1460 1299 crescant
1474 1290 1483 1309 ‚
1500 1273 1634 1310 nosque
1652 1259 1814 1297 laetemur
1828 1266 1986 1296 vestrum
1999 1256 2158 1295 videntes

1205 1323 1418 1376 profectum.
1442 1320 1632 1372 Numquid
1652 1319 1746 1358 enim
1770 1327 1900 1357 temere
1918 1327 1951 1356 et
1970 1318 2006 1355 in
2026 1332 2159 1355 vanum

1203 1384 1322 1423 dicere
1336 1384 1504 1422 volumus
1516 1414 1525 1429 ‚
1542 1391 1582 1420 ut
1597 1396 1616 1420 a
1631 1381 1734 1420 vobis
1748 1379 1898 1418 laudum
1917 1379 2054 1417 fructus
2075 1379 2159 1416 rcci-

1203 1447 1345 1500 piamus
1358 1476 1370 1497 ‚
1393 1455 1427 1484 et
1455 1455 1494 1483 ut
1515 1444 1725 1498 plaudentes
1755 1442 1922 1480 manibus
1959 1440 2158 1479 recedatis?

1206 1511 1284 1549 Non
1300 1508 1367 1546 hoc
1384 1517 1584 1560 spectamus
1604 1521 1616 1557 ;
1638 1505 1731 1545 absit
1747 1520 1755 1541 ε
1774 1504 1837 1543 sed
1855 1513 2010 1543 vestram
2024 1502 2160 1539 utilita-

1207 1580 1289 1609 tem.
1315 1570 1398 1608 Mea
1417 1569 1575 1607 maxima
1592 1569 1670 1606 laus
1691 1577 1741 1605 est
1763 1576 1796 1605 et
1816 1579 1976 1604 summus
1996 1564 2159 1617 plausus,

1208 1631 1237 1669 si
1253 1631 1334 1682 quis
1349 1645 1368 1668 a
1388 1630 1489 1669 vitiis
1507 1629 1555 1668 ad
1573 1629 1745 1668 virtutem
1765 1636 1991 1666 convertatur
2003 1655 2012 1673 ,
2035 1625 2062 1662 si
2081 1625 2161 1675 quis

1207 1701 1309 1730 antea
1326 1691 1450 1742 deses,
1473 1689 1857 1742 noso-ajadhortationc
1873 1687 2055 1726 studiosus
2074 1687 2133 1723 liat
2153 1702 2159 1721 τ

1209 1753 1276 1792 hoc
1289 1763 1322 1792 et
1339 1753 1428 1791 mihi
1444 1752 1644 1790 maximum
1661 1751 1765 1789 affert
1781 1749 1949 1789 solatium
1959 1757 1993 1786 et
2006 1746 2161 1792 laudem,

1210 1825 1243 1853 et
1261 1815 1362 1853 vobis
1381 1815 1524 1852 lucrum
1539 1823 1573 1851 et
1592 1812 1740 1851 divitias
1758 1810 1978 1864 spirituales.
2003 1808 2075 1848 Sed
2094 1823 2162 1846 nou

1162 1888 1185 1919 Ε.
1212 1877 1379 1929 ambigo,
1405 1876 1491 1927 quin
1512 1876 1666 1913 multum
1692 1873 1803 1912 studii
1830 1871 2028 1911 exhibituri
2051 1871 2129 1908 sitis
2153 1887 2159 1905 :

1214 1939 1286 1977 scio
1303 1938 1399 1976 enim
1413 1952 1477 1977 vos
1491 1952 1511 1975 a
1527 1938 1602 1975 Deo
1619 1936 1742 1974 doctos
1761 1949 1851 1984 esse,
1872 1947 2044 1987 posseque
2058 1932 2165 1970 etiam

1213 2001 1301 2039 alios
1325 1999 1526 2038 admonere.
1552 2001 1701 2051 Propter
1724 1996 1791 2034 hoe
1814 1995 1874 2033 hic
1901 1995 2026 2033 sistens
2047 2007 2165 2031 mcum

1213 2061 1402 2100 consilium
1415 2091 1427 2111 ,
1460 2073 1608 2112 pergam
1642 2058 1687 2096 ad
1716 2058 1858 2096 solitam
1889 2056 2090 2094 doctrinam
2124 2069 2168 2092 ex

1214 2123 1333 2162 verbis
1348 2122 1444 2160 beati
1464 2121 1575 2161 Mosis
1587 2150 1599 2171 ‚
1622 2120 1694 2158 imo
1711 2119 1868 2172 Spiritus
1884 2117 1994 2155 sancti
2012 2131 2073 2169 per
2088 2130 2168 2153 eum

1213 2183 1393 2235 loquentis
1417 2199 1425 2219 t
1448 2192 1482 2220 et
1510 2182 1573 2220 uhi
1599 2195 1713 2234 pauca
1741 2179 1906 2231 quaedam
1935 2192 2169 2231 proposuero,

1216 2244 1432 2284 hodiernum
1462 2244 1567 2283 vobis
1603 2243 1705 2280 illinc
1732 2241 1941 2280 convivium
1976 2253 2167 2291 apponam.

1220 2306 1378 2345 Audistis
1392 2320 1507 2359 nuper
1521 2304 1700 2358 quomodo
1712 2303 1824 2344 Jacob
1840 2302 1959 2341 omnia
1972 2301 2103 2340 faciens
2119 2315 2171 2339 se-

1219 2368 1374 2408 cundum
1394 2369 1588 2407 consilium
1613 2367 1801 2416 Rebeccae,
1821 2364 1933 2417 patris
1954 2363 2170 2402 benedictio-

1218 2445 1300 2469 nem
1318 2429 1532 2484 arripuerit,
1553 2428 1808 2479 laudatumque
1823 2428 1961 2464 furtum
1989 2423 2172 2463 commise-

112 2492 234 2546 πρῴην
269 2492 363 2535 ὅπως
396 2491 487 2530 κατὰ
513 2491 577 2539 τὴν
610 2491 809 2543 συμὸουλὴν
844 2494 908 2538 τῆς
951 2491 1146 2539 Ῥεδέκκας
1156 2522 1204 2548 524
1217 2492 1279 2544 rit,
1293 2492 1372 2531 ideo
1385 2501 1419 2530 et
1431 2490 1821 2544 cooperatoremDeum
1832 2486 1973 2535 habuit,
1984 2494 2171 2523 etconatus

113 2554 254 2592 ἅπαντα
276 2552 555 2606 διαπραξάμενος
571 2556 590 2591 ὁ
611 2553 743 2592 Ἰακὼὸ
758 2584 767 2602 ,
786 2553 850 2601 τὴν
877 2554 975 2608 παρὰ
1002 2560 1061 2594 τοῦ
1078 2572 1146 2595 πα·

112 2615 193 2668 τρὸς
225 2614 383 2666 εὐλογίαν
418 2615 660 2663 ἐπεσπάσατο,
696 2614 759 2663 τὴν
794 2615 978 2663 ἐπαινετὴν
1012 2617 1145 2665 ἐκείνην

114 2675 248 2723 κλοπὴν
268 2675 546 2727 ἐπιδειξάμενος,
567 2677 610 2714 δι’
629 2677 648 2715 ὃ
672 2676 733 2715 καὶ
758 2679 822 2723 τῆς
840 2676 938 2729 παρὰ
964 2681 1024 2716 τοῦ
1054 2681 1147 2718 Θεοῦ

115 2736 295 2789 συνεργίας
314 2737 518 2785 ἀπήλαυσε,
546 2738 606 2776 καὶ
623 2740 671 2782 εἷς
690 2738 788 2790 ἔργον
816 2738 954 2785 ἐξῆλθεν
983 2741 1077 2792 αὐτῷ
1106 2740 1146 2779 τὸ

117 2797 392 2849 σπουδαζόμενον
407 2814 415 2821 ·
443 2800 520 2837 ἀλλ’
550 2798 670 2846 ἐπειδὴ
706 2802 858 2838 ἐντεῦθεν
877 2802 972 2852 αὐτῷ
994 2799 1101 2844 πολὺς
1128 2805 1146 2840 ὁ

114 2857 236 2910 φθόνος
253 2858 405 2897 ἐτίκτετο
425 2859 522 2912 παρὰ
541 2865 601 2899 τοῦ
620 2859 751 2909 ζΗσαῦ,
770 2861 830 2899 καὶ
851 2862 937 2915 πρὸς
956 2861 1056 2914 φόνον
1074 2863 1146 2901 λοι-

118 2919 182 2957 πὸν
204 2920 482 2972 παρεσκευάζετο
496 2937 503 2944 ·
532 2925 707 2960 ατοιοῦτον
728 2922 797 2976 γὰρ
816 2923 911 2961 τουτὶ
933 2923 972 2962 τὸ
991 2923 1144 2975 ὀλέθριον

163 3032 176 3046 ¹‘
193 3032 314 3074 [Coisl.
340 3037 416 3067 οὕτω
442 3040 500 3081 γὰρ
526 3040 574 3069 καὶ
599 3041 708 3074 esaum.
735 3041 984 3071 ἐπιστήσεσθε...
1013 3045 1132 3076 ποιητό-

119 3089 211 3127 μεθκ.
233 3084 323 3116 luffa
342 3085 375 3117 id
393 3089 568 3128 ἀποῦὐετκι,
587 3094 620 3118 ct.
632 3086 731 3129 paulo
748 3096 825 3130 post
844 3094 880 3123 ἂν
898 3094 1130 3132 θεασώμεθα-η.

121 3138 315 3180 ssinrszzo-a]

167 3200 180 3214 ³
197 3189 276 3221 Post
289 3197 530 3234 παρεσκευάζετο
556 3190 641 3223 male
656 3191 688 3223 in
708 3190 816 3225 Editis
833 3191 1002 3237 legebatur
1017 3197 1032 3227 ὁ
1048 3196 1136 3228 ἅδε).-

123 3249 192 3285 εὸς,
211 3253 284 3284 quae
305 3253 370 3274 vox
389 3244 422 3275 in
447 3242 604 3276 omnihus
627 3254 709 3286 pene
722 3245 956 3288 Manuscriptis
974 3244 1088 3287 [etiam
1104 3248 1136 3278 in

124 3293 360 3336 (10=sl.]deest.
385 3295 478 3327 Infra
493 3303 569 3338 post
586 3295 654 3328 haec
673 3294 791 3335 verba=
818 3303 890 3343 ῥίζα
909 3303 967 3343 γὰρ
985 3304 1037 3331 τοῦ
1054 3305 1139 3342 φόνου
1175 3298 1242 3341 ipsu
1270 3296 1337 3330 lucc
1367 3295 1464 3328 uerba
1483 3302 1529 3329 ικὶ
1547 3301 1658 3342 καρπὸς
1672 3303 1722 3330 τοῦ
1741 3301 1842 3341 foa-1¹02
1861 3301 1873 3329 ὁ
1895 3303 1974 3340 γεῖος
1990 3294 2085 3327 addit
2109 3304 2182 3337 post

125 3362 138 3380 ο
160 3351 270 3390 ρθονος,
289 3348 458 3390 Interpres
481 3348 593 3392 legisse
613 3347 743 3380 videtur
767 3365 816 3383 και
835 3356 949 3394 καρπὸς
969 3359 1020 3385 τοῦ
1038 3357 1139 3394 φθάνω

92 3401 94 3403 ’
129 3405 142 3432 'o
160 3406 251 3443 γένος,
271 3401 316 3433 sic
331 3401 417 3433 enini
437 3408 543 3434 totum
561 3400 729 3434 transtulit
748 3431 750 3434 ,
770 3401 887 3434 Radix
905 3405 991 3435 enim
1007 3403 1141 3435 honust-

1168 2561 1194 2589 A
1216 2555 1293 2608 ejus
1324 2554 1414 2592 bene
1445 2552 1614 2591 successit
1634 2567 1642 2588 :
1660 2550 1723 2589 sed
1743 2549 1827 2601 quia
1846 2548 1942 2586 Esaii
1971 2546 2018 2584 ob
2036 2545 2074 2583 id
2102 2545 2171 2597 ipsi

1217 2615 1322 2655 valde
1338 2615 1542 2665 invidebat,
1557 2622 1591 2652 et
1605 2627 1640 2651 se
1653 2611 1701 2650 ad
1714 2610 1846 2649 caedem
1860 2607 2104 2661 praeparabat:
2122 2607 2170 2645 ita

1217 2678 1312 2717 enim
1331 2691 1367 2715 se
1386 2676 1494 2714 habet
1513 2674 1607 2713 mala
1626 2673 1703 2711 haec
1731 2671 1872 2709 affectio
1883 2685 1893 2718 ;
1914 2684 1982 2707 non
2007 2678 2087 2706 ante
2110 2668 2170 2706 de-

1216 2739 1326 2788 sistit,
1347 2738 1458 2776 donec
1473 2751 1492 2774 a
1507 2750 1543 2774 se
1559 2744 1703 2787 captum
1719 2733 1755 2770 in
1771 2745 1926 2784 praeceps
1940 2730 2104 2783 dejiciat,
2123 2729 2169 2767 ita

1217 2810 1258 2839 ut
1277 2800 1323 2837 ad
1340 2798 1526 2837 homicidii
1539 2805 1659 2836 currat
1673 2795 1798 2834 scelus.
1816 2792 1936 2832 Radix
1947 2792 2041 2830 enim
2054 2792 2171 2831 homi-

1218 2861 1301 2900 cidii
1318 2859 1456 2898 invidia
1470 2890 1479 2908 ,
1494 2861 1555 2909 [et
1574 2859 1712 2896 fructus
1731 2855 1878 2894 invidiae
1895 2854 2131 2893 homicidium
2142 2856 2170 2904 ].

1219 2924 1271 2960 Ita
1289 2931 1323 2960 et
1351 2937 1370 2959 a
1396 2920 1574 2974 principio
1604 2919 1672 2956 suit
1698 2918 1790 2956 inter
1809 2917 1900 2955 Ca'i'n
1923 2926 1957 2955 et
1981 2916 2083 2955 Abel.
2107 2916 2173 2954 Ille

1166 3037 1217 3069 dii
1236 3038 1376 3079 invidia,
1407 3036 1582 3079 etsi-acuas
1612 3034 1747 3065 invidite
1774 3033 1997 3065 homicidium.
2023 3032 2089 3066 Sed
2115 3045 2173 3075 po-

1167 3098 1288 3122 strema
1302 3090 1418 3122 Graeca
1435 3087 1534 3120 verba
1548 3113 1556 3127 ‚
1575 3092 1622 3121 καὶ
1641 3093 1753 3132 tupi-1³25
1769 3093 1820 3120 τοῦ
1838 3091 1942 3131 ρθόνου
1964 3090 1978 3120 ὸ
1999 3094 2096 3132 γένος,
2116 3098 2174 3118 nce

1169 3142 1256 3186 apud
1285 3142 1399 3174 Mon-et.
1425 3141 1473 3173 xc!
1496 3139 1597 3174 smil.
1625 3150 1685 3172 nec
1701 3137 1791 3182 apud
1816 3138 1918 3171 ullum
1936 3140 2176 3181 Manus-eripio-

1170 3207 1243 3226 rum
1261 3193 1413 3237 leguntur
1431 3205 1436 3223 t
1457 3204 1516 3224 nec
1533 3200 1642 3223 tamen
1660 3203 1719 3223 suo
1742 3191 1846 3222 Marte
1864 3190 1916 3222 illa
1941 3193 2112 3224 inseruisse
2131 3194 2176 3222 vi-

1171 3245 1268 3278 detur
1282 3247 1459 3286 Interfui-(¹5,
1470 3252 1502 3276 et
1515 3251 1591 3275 sunt
1602 3255 1676 3276 vere
1686 3243 1787 3286 <ligna
1797 3242 2051 3287 Chrys-osteum.
2064 3243 2176 3285 [Coisl.

1178 3351 1304 3397 :ssu-103]

2233 1510 2362 1547 Appl-ffl-

2176 1562 2223 1579 §113
2266 1553 2362 1589 rejicit

2176 1594 2363 1630 Chr-westw-

2178 1646 2252 1663 mus.

2207 2809 2299 2837 Radix
2319 2810 2370 2836 Ιιο-

2186 2853 2297 2879 niicidii
2328 2853 2373 2877 iu-

2186 2895 2274 2922 vicli-¹.
