2516 3791
114 311 277 352 1.C0r..7

113 361 161 380 21.

113 554 183 582 Μία
203 564 230 582 v.
245 563 295 583 22.

111 1656 294 1697 Dan.3.14.

110 2142 191 2170 Ihm.
203 2154 229 2170 v.
249 2143 294 2175 16.

106 2326 185 2354 Ibid.
204 2336 294 2365 v.17.

107 2574 297 2612 Dan.2.27.

109 2817 189 2845 Dan.
202 2816 229 2856 4.
246 2816 295 2847 18.

317 158 405 205 772
749 158 788 189 s.

314 240 376 279 sed
387 242 597 293 peccatum?
617 240 690 279 Hoc
706 241 750 279 de
763 242 873 280 servis
891 253 1030 291 quoque
1044 238 1116 277 diei
1134 246 1260 291 potest.

313 302 450 341 Servus
467 311 632 341 vocatus
645 306 703 340 es?
724 303 813 340 Non
829 304 878 339 sit
902 303 972 338 tibi
999 313 1113 338 curce.
1134 298 1262 349 Vides,

315 371 354 400 ut
369 377 492 402 rursus
506 363 642 400 nudum
661 376 734 401 esse
753 374 879 399 nomen
894 360 1075 399 servitutis
1091 359 1266 409 ostendat,

826 159 1003 190 JOANMS
1039 157 1260 187 CHRYSOST
1269 175 1278 185 .

1319 156 1521 186 ARCHIEP.
1559 157 1907 190 CONSTANTINOP-

1339 239 1470 288 μᾶλλον
1489 239 1569 289 μένε
1588 242 1623 278 ἐν
1642 241 1685 291 τῇ
1704 240 1850 294 δουλείᾳ
1873 242 1941 281 Διὰ
1957 243 2013 290 τί,
2042 243 2085 282 Ο
2108 244 2175 297 γὰρ
2194 247 2227 283 ἐν
2245 246 2361 300 Κυρίῳ

1337 298 1476 345 κληθεὶς
1493 299 1628 348 δοῦλος,
1654 301 1878 355 ἀπελεύθερος
1905 303 2034 355 Κυρίου
2053 305 2157 344 ἐστίν.
2174 300 2274 349 Εἶδες
2303 307 2362 356 μέ-

1336 374 1396 412 γρι
1423 360 1656 412 προσηγορίας
1688 360 1751 407 τὴν
1784 362 1992 410 δουλείαν,’
1976 380 2010 402 εν
2039 368 2089 417 τῷ
2118 365 2300 417 πράγματι
2328 365 2362 404 δὲ

314 438 395 462 cum
412 425 527 463 virtus
546 422 815 462 adfuel-itpsed
832 430 867 459 et
886 424 920 459 si
929 429 1036 473 potes
1041 422 1138 474 fieri
1155 421 1264 470 liber,
1289 430 1312 460 Β
1336 419 1398 468 ἰὴν
1417 420 1627 472 ἐλευθερίαν;
1640 421 1743 466 Τίνος
1763 421 1798 461 δὲ
1825 423 1939 461 ἕνεκεν
1961 426 2074 476 ἀφῆκε
2095 425 2208 475 με’νειν
2225 427 2362 473 δοῦλον;

313 489 437 537 magis
457 494 561 523 utere
575 500 585 520 :
603 484 670 522 hoc
683 493 747 531 est,
763 485 934 521 Permane
952 483 1073 536 potius
1094 482 1131 520 in
1154 482 1265 521 servi-

312 555 399 584 tute.
423 546 541 592 Quam
553 545 598 582 ob
619 544 788 582 causam?
813 545 887 595 Qui
905 547 1008 582 enim
1031 547 1071 581 in
1091 545 1264 582 Domino

311 615 474 644 vocatus
490 614 546 643 est
560 619 706 652 servus,
714 606 873 643 libertus
887 613 944 642 est
958 606 1133 642 Domini.
1151 604 1263 644 Vides

312 668 452 705 nomine
465 667 539 704 solo
554 676 656 705 tenus
669 681 742 704 esse
754 666 976 714 servitutem,
997 680 1034 704 re
1048 675 1167 703 autem
1187 666 1264 718 ipsa

310 727 535 766 libertatem?
547 728 622 765 Cur
638 742 746 780 porro
761 740 902 766 servum
917 740 1060 764 manere
1073 726 1263 779 permisit?

310 789 359 826 Ut
370 787 544 825 libertatis
557 787 797 840 praestantiam
813 801 1050 839 cognosceres.
1063 789 1154 826 Nam
1172 789 1264 826 sicut

309 850 422 888 multo
442 850 556 902 majus
575 864 616 887 ac
640 850 765 901 majori
787 850 1025 888 admiratione
1037 849 1190 901 dignum
1210 859 1262 888 est

309 910 418 948 illaesa
436 925 577 949 servare
593 910 704 948 trium
721 925 915 963 puerorum
938 925 1085 963 corpora
1100 920 1262 950 manente

309 971 461 1019 fornace,
482 985 589 1022 quam
604 970 704 1009 illam
723 971 969 1023 exstinguere:
986 971 1037 1009 sic
1056 972 1171 1010 multo
1186 987 1261 1010 ma—

306 1032 366 1083 jus
386 1041 419 1069 et
430 1031 678 1070 admirabilius
693 1041 869 1082 est‚quam
888 1032 1025 1070 solvere
1035 1032 1257 1083 servitutem,

310 1102 471 1130 manente
490 1093 552 1130 illa
583 1092 783 1130 libertatem
808 1091 1002 1130 ostendere.
1026 1092 1112 1130 Ideo
1139 1093 1259 1131 dixit:

312 1155 365 1191 Et
379 1157 412 1191 si
428 1162 533 1205 potes
549 1154 638 1205 sieri
672 1154 778 1203 liber,
801 1155 924 1205 magis
955 1161 1077 1196 utere‚·
1096 1153 1166 1191 hoc
1193 1164 1258 1203 est,

312 1215 444 1253 Servus
464 1229 586 1253 mane:
608 1214 830 1254 verissimam
862 1214 955 1252 enim
974 1214 1135 1267 possides
1153 1214 1261 1253 liber-

311 1284 430 1314 tatem.

364 1341 402 1376 9.
418 1337 531 1377 Visne
545 1337 581 1375 in
593 1337 858 1389 magistratibus
868 1337 974 1377 etiam
988 1338 1086 1378 istud
1100 1340 1263 1378 cernere}>

313 1399 391 1436 Rex
421 1399 489 1436 fuit
511 1399 852 1449 Nabuchodonosor,
872 1400 933 1450 qui
953 1402 1130 1439 fornacem
1155 1416 1262 1452 quam

310 1459 617 1497 vehementissime
637 1461 775 1498 curavit
800 1461 959 1512 accendi,
981 1477 1022 1500 ac
1043 1472 1112 1500 tres
1134 1477 1262 1515 pueros

311 1519 346 1557 in
371 1521 528 1558 medium
545 1521 697 1569 adduci,
708 1521 870 1572 juvenes,
890 1523 1059 1572 desertos,
1084 1524 1180 1562 omni
1200 1539 1261 1562 au-

310 1581 400 1619 xilio
433 1581 634 1632 destitutos,
656 1597 788 1631 servos,
814 1583 987 1634 captivos,
1023 1593 1194 1622 extorres.
1216 1585 1264 1623 Et

310 1641 397 1692 quid
411 1641 485 1679 ait?
503 1643 543 1680 Si
556 1657 661 1689 vere,
681 1643 838 1690 Sedrac‚
865 1645 1006 1691 Misac,
1027 1644 1069 1682 A
1073 1646 1260 1698 bdenago,

312 1704 402 1741 deos
417 1717 519 1742 meos
545 1717 623 1741 non
641 1704 784 1751 colitis,
802 1712 840 1742 et
867 1706 1077 1757 imaginem
1104 1721 1265 1744 auream

309 1779 429 1817 quam
462 1767 584 1803 statui
609 1779 687 1803 non
719 1767 920 1805 adoratis?
941 1766 1041 1813 Quid
1075 1781 1157 1819 ergo
1186 1768 1265 1806 illi?

308 1826 420 1876 Vide,
436 1841 505 1878 quo
534 1837 638 1880 pacto
674 1827 789 1865 virtus
819 1842 891 1876 eos,
911 1828 972 1879 qui
994 1829 1128 1881 captivi
1151 1839 1264 1878 erant,

310 1887 424 1938 magis
443 1888 558 1940 regios
577 1903 684 1940 quam
703 1902 822 1941 regem
848 1889 967 1941 ipsum
995 1889 1205 1940 reddiderit,
1223 1906 1265 1930 ac

311 1949 425 1987 multo
440 1949 626 1987 excelsiori
638 1950 757 1988 animo
774 1950 944 2002 praeditos
958 1951 1037 1990 illos
1059 1952 1262 1991 ostenderit.

311 2011 390 2048 Non
406 2011 500 2048 enim
518 2021 699 2063 tamquam
713 2025 831 2063 regem
844 2012 1076 2064 alloquentes,
1095 2013 1158 2052 sed
1173 2024 1263 2053 tam·

312 2085 419 2123 quam
432 2086 513 2109 cum
527 2072 646 2123 aliquo
659 2072 728 2110 sibi
742 2072 885 2111 subdito
902 2087 1099 2113 sermonem
1113 2085 1265 2114 serentes

313 2145 395 2169 eum
409 2132 540 2170 fiducia
557 2134 831 2186 respondebant.
851 2137 942 2173 Non
958 2149 1050 2187 opus
1062 2138 1260 2185 habemus,

313 2193 493 2243 inquiunt,
515 2208 583 2232 nos
605 2196 652 2233 de
671 2198 792 2232 verbo
808 2197 880 2235 hoc
907 2198 1136 2248 respondere
1167 2201 1259 2250 regi.

312 2255 392 2292 Non
408 2254 538 2303 verbis,
556 2254 617 2292 sed
637 2255 742 2293 rebus
753 2255 839 2307 ipsis
850 2255 1187 2295 demonstrationem
1202 2272 1264 2296 ex-

313 2314 529 2353 liibebimus.
551 2317 624 2354 Est
642 2317 749 2354 Deus
769 2319 811 2353 in
827 2317 938 2364 caelo,
960 2325 1096 2368 potens
1122 2322 1266 2371 eripere

316 2390 397 2414 nos.
418 2377 640 2415 Beneficium
659 2392 679 2414 a
697 2377 847 2416 Daniele
865 2387 1049 2431 acceptum
1076 2379 1112 2417 in
1133 2395 1264 2419 memo-

314 2437 405 2475 riam
424 2437 477 2475 illi
495 2447 706 2476 revocarunt
725 2438 854 2476 iisdem
872 2439 925 2476 usi
946 2439 1164 2491 verbis,quae
1181 2456 1264 2494 pro-

313 2498 420 2550 pheta
459 2507 543 2536 tunc
562 2498 726 2551 protulit.
750 2498 850 2545 Quid
875 2499 971 2537 enim
1001 2500 1062 2538 ille
1087 2501 1263 2540 dicebat?

319 2562 409 2597 Non
423 2568 477 2598 est
495 2574 695 2612 magorum
717 2560 1011 2600 Gazarenorum
1020 2591 1032 2608 ,
1053 2562 1264 2602 (11ιαῖιίωο-

313 2636 399 2659 rum
417 2624 592 2669 verbum,
609 2622 713 2674 quod
724 2624 885 2674 requirit
895 2637 985 2660 νεῖ.-
1007 2624 1076 2661 sed
1087 2633 1143 2662 est
1158 2625 1264 2663 Deus

314 2685 355 2719 in
376 2684 480 2721 coelis
506 2683 684 2721 revelans
716 2686 917 2732 mysteria.
946 2682 1047 2722 Hanc
1071 2684 1183 2736 igitur
1208 2686 1263 2724 illi

313 2758 435 2782 vocem
455 2744 489 2781 in
509 2745 716 2782 memoriam
744 2752 926 2795 revocant,
948 2753 988 2783 ut
1014 2745 1263 2785 modestiorem

314 2804 417 2842 illum
445 2804 609 2842 reddant.
633 2804 769 2843 Deinde
796 2805 898 2843 addit
923 2806 1108 2859 Scriptura
1127 2822 1135 2843 ε
1151 2808 1206 2846 Et
1229 2812 1264 2847 si

314 2880 403 2912 non,
426 2875 558 2904 notum
577 2869 625 2904 sit
645 2869 726 2913 tibi,
746 2881 834 2915 rex,
849 2869 944 2920 quia
962 2866 1052 2906 deos
1081 2876 1164 2907 tuos
1185 2882 1263 2907 non

313 2928 528 2973 colinum&
543 2931 750 2979 imaginem
765 2943 1063 2982 auream‚quarn
1072 2933 1257 2978 statuisti,

314 3002 391 3025 non
405 2989 624 3026 adoramus.
636 2988 729 3027 Vide
742 2989 917 3041 juvenum
937 2990 1158 3043 sapientiam.
1169 2992 1261 3029 Nam

314 3058 351 3086 ut
371 3063 424 3099 ne,
442 3049 502 3099 qui
529 3059 612 3087 tunc
631 3049 792 3099 aderant,
817 3051 933 3088 Deum
950 3050 1173 3090 infirmitatis
1199 3066 1258 3090 ac-

314 3119 488 3157 cusarent,
504 3110 531 3147 si
548 3110 636 3147 sorte
651 3110 822 3162 collapsos
836 3111 915 3150 illos
930 3112 965 3150 in
978 3112 1155 3151 fornacem
1171 3113 1260 3152 mori

315 3171 530 3223 rontigisset,
561 3171 753 3222 potentiam
773 3173 848 3223 ejus
876 3183 956 3211 ante
975 3174 1188 3213 confitentur
1205 3174 1260 3212 di-

313 3241 442 3276 ‹·(·nte5‚
458 3232 530 3270 Est
557 3232 660 3270 Deus
677 3234 718 3268 in
736 3233 843 3278 coeh),
864 3237 930 3285 qui
948 3243 1070 3285 potest
1101 3249 1168 3273 nos
1191 3238 1260 3274 eri-

309 3308 396 3341 pere
413 3309 425 3329 :
446 3307 486 3330 nc
501 3301 616 3331 autem
631 3305 752 3331 rursus
761 3307 841 3331 enin
859 3295 1038 3334 flammam
1052 3297 1257 3346 evasissent,

312 3353 482 3392 mercedis
501 3370 539 3391 cu:
563 3355 697 3407 praemii
719 3368 820 3393 causa
844 3356 917 3395 Deo
934 3357 1068 3395 servire
1088 3367 1255 3409 putaren-

1335 480 1414 520 Ἵνα
1440 485 1504 528 τῆς
1535 481 1729 534 ἐλευθερίας
1759 482 1871 534 μάθῃς
1902 483 1965 531 τὴν
1995 486 2207 560 περιουσίαν.
2222 486 2362 534 οΩσπερ

1335 541 1403 594 γὰρ
1431 547 1492 581 τοῦ
1511 542 1635 581 σὸέσαι
1654 542 1718 590 τὴν
1745 543 1892 595 κάμινον
1915 544 1978 591 τὴν
1999 545 2056 583 ἔπι
2074 549 2142 583 τῶν
2161 549 2265 597 τριῶν
2281 546 2363 584 παί-

1336 603 1403 641 δων
1427 603 1515 641 πολυ
1535 602 1850 656 θαυμαστότερον’
1832 621 1874 651 ην
1892 605 1932 642 τὸ
1949 605 2115 654 μενούσης
2132 608 2239 651 αὐτῆς
2261 608 2363 653 ἀσινῆ

1339 664 1549 717 διατηρῆσαι
1563 680 1607 701 τα
1624 663 1793 715 σώματα·
1820 664 1910 703 ουτω
1927 671 1987 704 τοῦ
2002 668 2106 704 λῦσαι
2124 666 2187 713 την
2207 666 2362 704 δουλείαν

1336 725 1377 763 τὸ
1397 724 1565 775 μενούσης
1580 727 1686 771 αὐτ-’ῆς
1702 726 1810 770 δεῖξαι
1827 725 1890 772 τὴν
1906 726 2100 778 ἐλευθερίαν
2113 729 2232 780 πολλῷ
2247 727 2361 777 μεῖζόν

1337 787 1411 824 ἔστι
1437 785 1496 823 καὶ
1529 786 1818 840 θαυμαστότερον.
1852 787 1921 825 Διὰ
1952 788 2052 826 τοῦτο’
2081 803 2184 839 φησιν
2199 803 2206 811 ·
2228 789 2274 826 Εἰ
2303 788 2362 826 καὶ

1338 845 1481 884 δύνασαι
1495 846 1669 899 ἐλεύθερος
1682 847 1857 897 γενέσθαι,
1876 849 2006 898 μᾶλλον
2023 852 2156 899 χρῆσαι
2170 864 2177 871 ·
2192 848 2361 893 τουτέστι,

1338 907 1419 957 μένε
1440 908 1557 951 δοῦλος
1573 924 1580 931 ·
1599 908 1661 955 τὴν
1683 908 1749 961 γὰρ
1778 910 2015 957 ἀληθεστάτην
2031 912 2121 961 ἔχεις
2153 910 2359 961 ἐλευθερίαν.

1390 1338 1512 1377 Βούλει
1538 1340 1597 1378 καὶ
1628 1340 1684 1378 ἐπὶ
1706 1342 1774 1377 τῶν
1805 1340 1982 1393 ἀρχόντων
2009 1344 2109 1380 τοῦτο
2130 1343 2228 1390 ἷδεῖν;
2250 1345 2361 1382 Βασι-

1337 1399 1414 1445 λεὺς
1427 1396 1469 1447 ἦν
1495 1405 1513 1440 ὃ
1546 1402 1877 1454 Ναὸουχοόονόσορ,
1910 1403 1970 1441 καὶ
1989 1403 2050 1450 τὴν
2078 1404 2222 1455 κάμινον
2252 1407 2364 1457 ἀνῆψε

1338 1461 1426 1512 μετὰ
1438 1463 1571 1508 πολλῆς
1588 1466 1649 1509 τῆς
1670 1464 1900 1516 σφοδρότητος
1913 1494 1922 1511 ,
1944 1464 2002 1502 καὶ
2022 1463 2100 1507 τοὺς
2121 1471 2213 1516 τρεῖς
2238 1465 2364 1506 παῖδας

1337 1525 1383 1565 εἷς
1412 1523 1515 1573 μέσον
1541 1524 1745 1575 παρήγαγε,
1761 1524 1873 1572 νέους,
1893 1525 2059 1576 ἐρήμους,
2083 1525 2242 1576 οὐδεμίαν
2261 1525 2363 1576 ἔχον-

1336 1600 1398 1627 τας
1412 1584 1644 1635 προστασίαν,
1659 1584 1816 1633 δούλους,
1828 1585 2090 1637 αἰχμαλώτους,
2105 1587 2283 1628 ἀπόλιδας.
2301 1585 2369 1623 Και

1337 1644 1371 1682 τί
1383 1660 1508 1696 φη;σιν
1522 1646 1564 1682 Εἰ
1581 1646 1732 1692 ἀληθῶς,
1746 1645 1905 1699 Σεδρὰκ,
1918 1646 2041 1684 Μισὰκ
2053 1676 2062 1694 ,
2078 1645 2286 1697 Ἀίδεναγω,
2299 1652 2370 1690 τοῖς

1338 1708 1424 1748 θεοῖς
1458 1721 1522 1756 μου
1550 1707 1587 1742 οὐ
1613 1705 1821 1757 λατρεύετε,
1842 1723 1901 1744 και
1919 1710 1963 1758 τῇ
1993 1706 2098 1746 εἰκόνι
2120 1710 2164 1758 τῇ
2184 1710 2298 1759 χρυσῇ
2312 1737 2321 1755 ,
2345 1711 2367 1759 ᾗ

1337 1765 1487 1812 ἔστησα,
1505 1768 1542 1805 οὐ
1555 1771 1801 1818 προσκυνεῖτε,
1823 1766 1871 1805 Τί
1892 1770 1950 1805 οὐν
1972 1768 2116 1816 ἐκεῖνοι,
2137 1769 2274 1807 Θέασαι
2296 1771 2370 1812 πῶς

1338 1827 1500 1874 αὐτοὺςὴ
1533 1827 1639 1880 ἀρετὴ
1660 1826 1909 1879 αἰχμαλώτους
1947 1828 2048 1872 ὄντας
2077 1827 2370 1881 βασιλικωτέρους

1337 1888 1480 1936 ἐποίησε
1508 1892 1567 1926 τοῦ
1595 1888 1787 1940 βασιλέως,
1815 1890 1875 1928 καὶ
1897 1888 2108 1942 ὑψηλότερον
2133 1891 2246 1927 αὐτῶν
2265 1888 2370 1933 ἔδειξε

1337 1951 1377 1989 τὸ
1403 1950 1577 2003 φρόνημα.
1607 1952 1661 1988 Οὐ
1690 1949 1757 2002 γὰρ
1782 1952 1828 1993 ὡς
1851 1953 1986 2001 βασιλεῖ
2008 1950 2263 2002 διαλεγόμενοι,
2292 1951 2371 1988 ἀλλ’

1337 2010 1458 2064 ὥσπερ
1487 2010 1571 2064 πρὸς
1591 2010 1742 2057 ὑπήκοον
1769 2010 1827 2048 τὸν
1855 2010 1957 2062 λόγον
1984 2010 2143 2063 ἔχοντες,
2163 2010 2253 2049 οὕτω
2281 2010 2369 2062 μετὰ

1338 2072 1537 2126 παῤῥησίας
1554 2071 1790 2125 ἀπεκρίνοντο.
1811 2074 1864 2111 Οὐ
1885 2072 1988 2124 χρεία
2003 2102 2013 2121 ,
2033 2071 2154 2125 φασὶν,
2175 2072 2268 2110 ἐστὶν
2284 2076 2368 2123 ἡμῖν

1337 2134 1416 2185 περὶ
1434 2138 1494 2172 τοῦ
1513 2133 1668 2186 ῥήματος
1691 2133 1810 2173 τούτου
1830 2135 2062 2187 ἀποκριθῆναι
2082 2135 2131 2185 τῷ
2153 2135 2299 2184 βασιλεῖ.
2315 2135 2368 2172 Οὐ

1338 2194 1394 2232 διὰ
1426 2195 1607 2245 ῥημάτων,
1627 2194 1717 2233 ἀλλὰ
1739 2194 1795 2232 διὰ
1823 2194 2041 2246 πραγμάτων
2061 2193 2280 2244 ποιησόμεθα
2305 2193 2369 2241 τὴν

1338 2254 1524 2298 ἀπόδειξιν.
1551 2254 1656 2294 Ἔστι
1686 2255 1775 2298 Θεὸς
1807 2258 1840 2293 ἐν
1867 2257 2002 2309 οὐρανῷ
2022 2255 2162 2298 δυνατὸς
2191 2254 2366 2299 ἐξελέσθαι

1336 2319 1442 2367 ἡμᾶς.
1463 2315 1676 2367 Ἀνέμνησαν
1704 2316 1805 2355 αὐτὸν
1822 2321 1885 2365 τῆς
1910 2318 1968 2356 ἐπὶ
1995 2321 2056 2355 τοῦ
2077 2317 2212 2364 Δανιὴλ
2235 2319 2369 2369 εὐεργε-

1338 2377 1436 2425 σίας,
1471 2377 1557 2415 αὐτὰ
1583 2377 1628 2416 τὰ
1660 2379 1801 2431 ῥήματα
1829 2378 2001 2427 εἰπόντες,
2033 2378 2122 2432 ἅπερ
2147 2382 2165 2417 ὁ
2187 2379 2369 2432 προφήτης

1338 2432 1413 2477 εἶπε
1443 2439 1532 2478 τότε.
1552 2439 1600 2478 Τί
1620 2439 1688 2494 γὰρ
1707 2442 1835 2484 ἐκεῖνος
1867 2441 2002 2492 ἔλεγεν;
2033 2441 2112 2479 Οὐκ
2148 2440 2221 2478 ἔστι
2247 2440 2368 2491 μάγων

1338 2500 1564 2552 Γαζαρηνῶν,
1592 2501 1780 2540 Χαλδαίων
1800 2501 1839 2540 τὸ
1861 2505 1957 2555 ῥῆμα
1974 2532 1983 2549 ,
2004 2501 2022 2539 ὃ
2041 2503 2058 2538 ὃ
2077 2499 2238 2552 βασιλεὺς
2262 2504 2368 2539 ἀπαι-

1338 2565 1408 2598 τεῖ·
1430 2563 1506 2599 ἀλλ’
1524 2561 1598 2599 ἔστι
1617 2561 1705 2605 Θεὸς
1726 2564 1760 2600 ἐν
1779 2564 1933 2616 οὐρανοῖς
1954 2561 2214 2600 ἀποκαλύπτων
2232 2561 2366 2612 μυστή-

1340 2638 1407 2675 ρια.
1444 2622 1585 2670 Ταύτης
1617 2617 1674 2661 οὐν
1697 2623 1797 2661 αὐτὸν
1821 2621 2126 2672 ἀναμιμνήσκουσι
2145 2625 2206 2668 τῆς
2230 2624 2367 2674 φωνῆς,

1337 2684 1428 2722 ὥστε
1446 2686 1591 2730 ποιῆσαι
1606 2684 1872 2737 ἐπιεικέστερον.
1896 2677 1985 2721 Εἶτά
2004 2699 2088 2735 φησι
2104 2698 2110 2705 ·
2129 2683 2198 2721 Καὶ
2213 2683 2272 2722 ἐὰν
2295 2683 2367 2734 μὴ,

1336 2745 1489 2796 γνωστὸν
1507 2744 1596 2782 ἔστω
1615 2761 1667 2783 σοι
1683 2774 1692 2790 ,
1709 2746 1852 2796 βασιλεῦ
1867 2774 1876 2791 ,
1903 2745 1956 2782 ὅτι
1974 2749 2043 2787 τοῖς
2060 2747 2145 2788 θεοῖς
2168 2760 2227 2783 σου
2247 2746 2284 2782 οὐ
2298 2746 2366 2783 λα·-

1335 2805 1512 2859 τρεύομεν,
1533 2805 1591 2843 καὶ
1610 2809 1652 2858 τῇ
1666 2806 1771 2843 εἰκόνι
1787 2809 1830 2857 τῇ
1846 2809 1973 2858 χρυσῇ,
1989 2799 2013 2857 ᾗ
2027 2805 2176 2851 ἔστησας
2187 2836 2196 2853 ,
2213 2807 2250 2843 οὐ
2261 2821 2367 2857 προσ-

1336 2871 1516 2918 κυνοῦμεν.
1540 2867 1638 2921 υΟρα
1671 2866 1794 2919 σοφίαν
1823 2869 1892 2904 τῶν
1912 2865 1997 2904 νέων
2017 2865 2170 2904 ἐκείνων.
2195 2866 2275 2905 Ἵνα
2304 2865 2367 2916 μὲν

1334 2929 1402 2982 γὰρ
1419 2928 1467 2979 μὴ
1482 2931 1700 2979 καταγνῶσιν
1716 2926 1893 2966 ἀσθένειαν
1908 2931 1967 2965 τοῦ
1984 2929 2076 2966 Θεοῦ
2097 2928 2128 2965 οἳ
2147 2926 2225 2965 τότε
2239 2926 2367 2980 παρόν-

1335 3005 1390 3032 τες
1402 3019 1410 3035 ,
1421 2991 1450 3027 εἷ
1462 2988 1617 3039 συμὸαίη
1630 2987 1845 3039 ἐμπεσόντας
1857 2987 1978 3032 αὐτοὺς
1990 2988 2036 3030 εἷς
2046 2987 2110 3034 τὴν
2123 2987 2268 3038 κάμινον
2282 2989 2367 3026 ἀπο-

1336 3054 1461 3098 θανεῖν,
1479 3049 1711 3102 προλαὸόντες
1730 3048 1963 3101 ὡμολόγησαν
1992 3049 2095 3086 αὐτοῦ
2120 3047 2182 3094 τὴν
2200 3047 2344 3097 δύναμιν
2357 3079 2367 3095 ,

1336 3111 1488 3155 εἰπόντες
1503 3141 1513 3159 ,
1537 3110 1591 3150 ὅτι
1610 3109 1715 3149 Ἔστι
1733 3111 1821 3154 Θεὸς
1841 3112 1875 3148 ἐν
1893 3111 2048 3161 οὐρανῷ,
2071 3108 2106 3152 ὃς
2127 3107 2273 3147 δύναται
2294 3108 2367 3153 ἐξε-

1335 3172 1455 3211 λέσθαι
1472 3176 1565 3222 ἡμᾶς
1578 3186 1585 3194 ·
1602 3171 1658 3209 ἵνα
1673 3171 1708 3210 δὲ
1724 3171 1772 3222 μὴ
1786 3170 1890 3209 πάλιν
1904 3169 2124 3223 διαφυγόντες
2145 3169 2207 3216 τὴν
2227 3168 2339 3221 φλόγα
2356 3200 2365 3217 ,

1335 3236 1543 3285 νομισθῶσιν
1563 3234 1620 3272 ἐπὶ
1638 3235 1750 3284 μισθῷ
1767 3232 1826 3271 καὶ
1844 3231 1975 3283 ἀμοιὸῇ
1996 3232 2046 3284 τῷ
2066 3232 2148 3281 Θεῷ
2176 3228 2364 3276 δουλεύειν,

1336 3296 1522 3347 ἐπήγαγον,
1550 3294 1604 3333 ὅτι
1622 3295 1692 3332 Καὶ
1709 3293 1767 3333 ἐὰν
1787 3292 1858 3344 μὴ,
1879 3291 2030 3344 γνωστὸν
2054 3291 2144 3329 ἔστω
2164 3305 2237 3337 σοι,
2262 3293 2363 3340 βασι-

1335 3359 1416 3407 λεῦ’,
1434 3356 1485 3395 ὅτι
1522 3363 1589 3400 τοῖς
1621 3360 1709 3399 θεοῖς
1730 3371 1788 3394 σου
1808 3356 1845 3393 οὐ
1866 3352 2096 3405 λατρεύομεν,
2114 3352 2172 3391 καὶ
2196 3353 2238 3402 τῇ
2261 3351 2365 3389 εἰκόνι
