2516 3791
99 2027 182 2055 pacto
196 2032 288 2060 quon-

99 2061 165 2089 dam

97 2108 233 2132 strueret.

744 135 760 143 a

743 143 781 165 b.

324 122 414 166 812
817 136 996 166 somnis
1030 135 1270 165 cunrsosr.

1311 136 1514 166 ARCfflEP.
1552 136 1903 167 CONSTAN'HNOP.

322 216 421 268 quod
442 224 592 255 tractare
615 225 691 254 tum
720 226 864 269 paratus
891 230 1014 264 eram,
1044 216 1089 253 in·
1109 214 1324 261 medium-101
1343 215 1487 254 ἐκείνου.
1517 215 1664 266 ι’Ὑμεῖς
1693 216 1755 268 μὲν
1780 218 1849 270 γὰρ
1877 218 1961 262 ἴσως
1985 219 2211 270 ἐπιλέλησθε,
2242 222 2300 261 διὰ
2329 224 2368 262 τὸ

325 292 418 316 nunc
436 291 578 328 quoque
608 276 765 330 proferre
785 277 957 324 conabor,
976 284 1016 312 ut
1034 275 1113 327 ipsa
1145 274 1273 312 simili·
1292 273 1317 302 Α

324 338 412 377 tudo
429 338 599 377 doctrinae
618 337 898 376 recordationem
918 334 1086 387 temporis
1098 335 1196 373 illius
1212 349 1271 373 ex-

323 397 416 435 citet.
435 399 512 436 Vos
530 395 623 435 enim
648 395 794 433 fortasse
828 407 922 430 nunc
956 392 1038 430 estis
1074 392 1190 442 obliti,
1206 406 1270 431 nos

322 459 451 497 multos
470 458 612 496 interim
630 469 806 494 sermones
822 454 867 492 de
879 454 960 491 aliis
975 453 1080 492 rebus
1089 453 1267 492 habuisse,

321 521 414 558 Nam
430 532 570 556 reverso
582 531 602 555 a
622 516 813 568 longinqua
833 514 895 552 illa
906 514 1187 567 peregrinatione
1206 529 1268 567 pa-

322 590 374 619 tre
386 589 518 627 nostro,
536 577 772 617 necessarium
802 576 882 625 fuit,
903 575 1021 614 omnia
1052 589 1267 615 commemo-

316 656 409 689 rare,
421 654 498 692 quae
512 640 547 677 in
567 639 738 678 comitatu
757 637 973 686 acciderant,
991 650 1032 674 ac
1044 636 1175 675 deinde
1185 650 1267 675 cum

319 702 512 754 gentilibus
531 700 725 752 disputare,
755 707 795 736 ut
821 698 887 736 hos
918 697 956 736 vi
981 697 1192 736 calamitatis
1224 697 1269 736 ad

318 764 499 802 meliorem
522 763 663 813 frugem
681 768 876 809 revocatos,
895 758 959 810 qui
987 757 1124 796 deserto
1152 758 1265 810 genti-

316 825 406 862 lium
424 838 541 862 errore
557 837 630 861 sese
653 820 699 858 ad
720 835 782 859 nos
820 819 1052 869 contulerant,
1070 833 1136 871 pro
1166 819 1266 858 virili

317 885 617 933 confirmaremus,
637 897 677 920 ac
705 881 923 929 doceremus,
947 879 1091 931 quantis
1112 880 1265 919 tenebris

314 946 467 995 liberati,
488 945 535 983 ad
557 953 691 983 tantam
707 943 824 981 lucem
836 941 996 981 veritatis
1017 941 1263 979 accurrissent.

316 1008 399 1046 Post
417 1006 480 1044 illa
499 1020 622 1044 rursus
641 1003 764 1042 multis
782 1002 909 1041 diebus
940 1010 1142 1054 martyrum
1168 1001 1264 1040 festi-

315 1069 487 1108 vitatibus
505 1067 610 1120 potiti
639 1079 785 1112 sumus,
813 1078 927 1115 neque
958 1063 1108 1116 tempori
1138 1077 1264 1101 conve-

315 1131 412 1170 niens
431 1130 569 1180 fuisset,
591 1141 653 1166 nos
671 1127 734 1178 qui
749 1127 856 1179 juxta
879 1134 1078 1177 martyrum
1103 1125 1264 1177 sepulcra

313 1205 546 1241 versaremur,
559 1202 680 1229 earum
698 1187 860 1237 laudum,
878 1200 955 1237 quae
968 1185 1188 1238 martyribus
1203 1184 1263 1223 de-

312 1255 454 1303 hentur,
476 1260 632 1290 exsortes
654 1247 844 1288 discedere.
861 1245 1037 1286 Successit
1059 1246 1116 1283 his
1132 1245 1178 1284 ad
1195 1246 1261 1284 ah-

311 1313 513 1353 stinendum
532 1328 552 1351 a
575 1310 786 1365 juramentis
813 1307 1006 1347 cohortatio
1031 1322 1037 1343 :
1067 1320 1148 1345 cum
1168 1307 1263 1345 enim

312 1385 422 1414 totam
439 1374 654 1414 rusticorum
670 1370 849 1410 nationem
868 1369 904 1406 in
925 1367 1050 1406 urbem
1069 1367 1262 1419 ingressam

312 1450 547 1484 cerneremus,
569 1435 634 1472 hos
662 1433 725 1471 illo
753 1432 944 1470 instructos
963 1444 982 1467 a
1005 1428 1106 1467 nobis
1132 1427 1261 1468 viatico

313 1497 513 1536 censuimus
528 1494 774 1533 dimittendos.

360 1562 399 1596 Ξ.
420 1557 536 1598 Vobis
557 1555 702 1608 quidem
717 1568 786 1592 non
801 1553 904 1591 facile
922 1552 1030 1590 suerit
1048 1551 1261 1605 disputatio-

308 1633 387 1656 nem
405 1618 548 1668 referre,
568 1630 676 1668 quam
691 1624 769 1654 tum
788 1613 958 1653 adversus
979 1613 1127 1664 gentiles
1151 1612 1258 1650 insti-

306 1680 440 1718 tuimus
458 1695 465 1715 :
485 1692 549 1730 ego
567 1691 652 1717 vcro
677 1689 815 1728 semper
839 1675 876 1712 in
900 1673 957 1712 his
976 1673 1203 1724 exercitatus,
1227 1683 1260 1711 et

306 1741 390 1779 huie
408 1740 582 1793 palaestrae
599 1737 777 1787 addictus,
793 1735 893 1774 nullo
914 1735 1056 1786 negotio
1072 1734 1195 1786 paucis
1215 1748 1259 1772 ex

304 1803 362 1853 iis,
373 1816 451 1853 quae
463 1810 541 1839 tum
552 1799 730 1849 diximus,
743 1797 913 1851 repetitiS,
924 1805 1046 1849 potero
1060 1795 1168 1833 totius
1179 1809 1258 1833 ora-
1280 1812 1304 1843 C

303 1863 409 1901 tionis
446 1860 646 1914 argumenti
686 1859 789 1899 vobis
826 1856 1035 1896 memoriam
1080 1855 1255 1894 refricare.

139 1939 219 1966 Deus
234 1940 287 1966 110-
304 1925 495 1971 Quodnam
513 1937 597 1975 ergo
615 1922 685 1960 fuit
700 1918 977 1973 argumentum?
999 1917 1257 1965 Quaerebamus

102 1981 194 2007 ’ΜΝ
231 1991 289 2018 quo
302 2001 372 2038 quo
387 1995 489 2039 pacto
504 1987 599 2024 Deus
620 1998 640 2022 a
659 1982 838 2036 principio
860 1980 979 2033 generi
997 1979 1154 2017 humano
1178 1993 1257 2032 pro·

301 2048 453 2098 videret,
468 2057 501 2086 et
521 2061 592 2098 quo
615 2054 718 2098 pacto
737 2057 815 2095 quae
840 2042 943 2080 utilia
961 2042 1075 2079 forent
1098 2040 1254 2092 doceret,

301 2124 382 2147 cum
395 2109 501 2147 nullae
513 2115 690 2146 exstarent
701 2106 823 2154 literae,
831 2118 946 2155 neque
957 2103 1150 2154 Scripturae
1161 2101 1254 2140 datae

298 2179 412 2210 essent
427 2186 434 2207 :
452 2179 486 2208 et
501 2168 719 2208 ostendimus
735 2181 797 2219 per
813 2164 1147 2217 contemplationem
1159 2178 1253 2202 crea-

299 2241 461 2269 turarum
493 2228 586 2267 illud
612 2228 659 2266 ad
685 2227 752 2266 Dei
778 2226 1016 2278 cognitionem
1035 2238 1109 2263 esse
1137 2223 1254 2262 declu-

296 2302 394 2331 ctum
417 2308 425 2328 :
450 2305 520 2343 quo
541 2299 698 2342 tempore
722 2303 787 2327 vos
815 2301 884 2325 non
907 2300 1015 2324 manu
1036 2285 1253 2338 prehensos,

293 2363 330 2392 at
348 2363 464 2392 mente
478 2367 540 2406 per
558 2351 762 2390 universam
782 2357 979 2387 creaturam
995 2346 1223 2385 circumduxi
1242 2377 1252 2397 ,

295 2416 420 2454 caelum
443 2412 649 2462 ostendens,
675 2421 816 2460 terram,
841 2423 951 2458 mare,
977 2408 1075 2446 lacus
1084 2438 1094 2457 ,
1117 2408 1251 2459 fontes,

295 2477 444 2527 ssuvios,
465 2489 607 2526 aequora
629 2474 816 2523 immensa,
838 2480 954 2524 prata,
977 2469 1156 2522 pomaria,
1186 2470 1252 2508 sso-
1279 2489 1302 2517 D

297 2547 409 2576 rentes
424 2546 568 2589 segetes,
583 2533 760 2572 fructibus
780 2541 924 2570 onustas
936 2531 1095 2582 arboreS,
1108 2531 1245 2570 obtecta

297 2599 501 2637 nemoribus
526 2596 701 2635 montium
726 2593 907 2633 culmina:
934 2602 1010 2631 tum
1038 2606 1180 2644 quoquc
1205 2591 1250 2631 de

298 2660 490 2698 seminibus
502 2689 512 2708 ,
533 2658 578 2696 de
593 2656 749 2695 oleribus
764 2685 774 2704 ,
791 2654 835 2692 de
854 2653 1017 2702 floribus,
1046 2652 1090 2691 dc
1118 2653 1250 2705 plantis

297 2730 369 2758 tam
388 2720 578 2758 fructuosis
596 2732 705 2770 quam
726 2715 969 2764 infructuosis,
1000 2714 1045 2753 de
1062 2713 1184 2752 bestiis
1204 2714 1250 2753 ci-

300 2782 444 2820 curibus
463 2781 571 2820 simul
598 2789 632 2818 et
649 2778 862 2832 agrestibus,
883 2776 1101 2828 aquatilibus
1123 2785 1156 2814 et
1182 2785 1250 2814 ter-

299 2843 481 2892 restribus,
497 2856 575 2893 quae
595 2840 766 2893 ancipites
786 2840 821 2877 in
842 2847 988 2889 utraque
1007 2836 1088 2876 sede
1107 2836 1248 2888 vivunt,

298 2904 342 2943 de
369 2905 414 2942 iis
443 2918 520 2955 quie
547 2916 663 2941 aerem
693 2900 817 2954 pennis
845 2909 975 2949 secant,
1005 2899 1050 2936 de
1071 2898 1142 2936 illis
1169 2912 1249 2950 quae

299 2965 399 3004 humi
416 2973 557 3017 repunt,
572 2963 685 3014 deque
699 2962 786 3014 ipsis
802 2960 926 2999 mundi
940 2961 1121 2998 clementis
1137 2959 1249 2998 multa

298 3027 461 3076 disserui,
480 3035 514 3063 ct
534 3025 568 3062 in
589 3024 739 3075 singulis
759 3037 827 3060 una
848 3036 934 3060 voce
953 3021 1061 3060 simul
1077 3020 1247 3058 acclama-

299 3089 425 3127 bamus
451 3101 596 3135 omncs,
623 3100 704 3123 cum
727 3099 823 3122 mens
844 3093 961 3122 nostra
988 3092 1038 3121 tot
1059 3083 1248 3121 immensas
1274 3091 1298 3121 E

99 3163 282 3201 Psal.91.6.
298 3165 380 3202 opes
410 3163 532 3201 capere
560 3161 628 3185 non
663 3155 805 3198 posset:
838 3147 959 3196 Quam
995 3144 1248 3196 magnificata

127 1020 213 1047 Festa
227 1030 301 1048 mar-

112 1068 209 1099 tyrum
222 1067 300 1090 etre-

110 1102 218 1139 liquiae.

243 2066 288 2092 in-

343 3281 356 3297 t·
377 3275 463 3311 llaec,
483 3284 553 3315 quw
570 3270 613 3303 ad
637 3270 730 3313 liujus
747 3268 890 3301 homiliae
913 3266 1035 3300 habitae
1058 3275 1186 3312 tempus
1205 3267 1306 3312 perti-

296 3335 386 3360 ιιι-ιιι.
407 3324 555 3368 pluribus
570 3323 771 3357 excussimus
788 3322 820 3356 in
835 3321 961 3354 Mouito
978 3330 1087 3363 supra.

1344 275 1471 325 μεταξὺ
1499 275 1631 320 πολλὰς
1661 280 1868 329 γεγενῆσθαι
1887 278 2054 323 διαλέξεις
2072 283 2170 331 ἡμῖν,
2197 282 2256 320 καὶ
2280 283 2368 331 ὑπὲρ

1342 336 1467 388 ἑτέρων
1487 336 1718 388 πραγμάτων.
1737 338 1808 377 Καὶ
1822 338 1890 391 γὰρ
1906 338 2061 384 ἐλθόντος
2075 344 2135 378 τοῦ
2150 342 2280 395 πατρὸς
2299 343 2369 381 ἀπὸ

1341 400 1403 443 τῆς
1426 404 1563 450 μακρᾶς
1600 398 1820 448 ἀποδημίας,
1845 401 2033 452 ἀναγκαῖον
2068 396 2111 448 ἦν
2143 401 2187 440 τὰ
2211 401 2302 440 κατὰ
2329 402 2368 440 τὸ

1342 458 1574 509 στρατόπεδον
1588 458 1770 510 συμὸάντα
1784 459 1924 498 ἅπαντα
1940 463 2060 508 εἰπεῖν,
2079 462 2138 500 καὶ
2155 462 2244 514 μετὰ
2257 466 2368 502 ταῦτα

1340 520 1425 571 πρὸς
1442 518 1622 566 ἽΞλληνας
1646 519 1904 569 ἀποτείνεσθαι,
1936 521 2028 560 ὥστε
2057 522 2197 568 τούτους
2218 523 2287 562 ἀπὸ
2305 526 2368 570 τ’ῆς

1340 588 1519 632 συμφορᾶς
1536 579 1692 632 βελτίους
1712 581 1932 632 γενομένους,
1951 582 2011 620 καὶ
2027 583 2112 634 πρὸς
2130 587 2227 635 ἡμᾶς
2245 587 2284 623 ἐκ
2305 588 2368 631 τῆς

1339 640 1550 688 Ἑλληνικῆς
1580 641 1888 692 αὐτομολήσαντας
1916 642 2072 690 πλάνης,
2097 646 2172 694 μετ’
2187 645 2367 696 ἀκριὸείας

1341 703 1502 754 ῥιζῶσαι,
1527 702 1587 740 καὶ
1616 701 1771 749 διδάξαι,
1805 701 1877 741 οἵου
1899 702 1961 754 μὲν
1994 705 2250 756 ἀπηλλάγησαν
2285 705 2366 743 σκό-

1337 777 1414 804 τους
1426 791 1435 808 ,
1455 761 1516 814 οἴῳ
1536 761 1572 800 δὲ
1591 763 1834 815 προσέδραμον
1850 763 2015 810 ἀληθείας
2033 764 2135 816 φωτί.
2150 767 2239 803 Μετ’
2256 768 2366 804 ἐκεῖνο

1336 822 1455 871 πάλιν,
1475 823 1607 868 πολλὰς
1625 823 1759 876 ἡμέρας
1779 827 1840 871 τῆς
1861 827 1929 862 τῶν
1950 825 2136 878 μαρτύρων
2157 825 2364 865 ἀπελαύσα-

1338 899 1399 933 μεν
1420 884 1646 938 πανηγύρεως
1660 916 1670 934 ,
1687 885 1746 924 καὶ
1762 885 1905 937 ἄκαιρον
1925 879 1968 932 ἦν
1985 887 2020 924 ἐν
2040 887 2160 939 τάφοις
2180 886 2363 940 μαρτύρων

1337 945 1597 997 διατρίέοντας,
1626 949 1695 984 τῶν
1726 951 1798 989 τοῖς
1834 946 1985 998 μάρτυσι
2018 947 2222 1001 πρεπόντων
2253 950 2364 999 ἐγκω-

1336 1004 1424 1055 μίων
1454 1004 1618 1059 ἀμοίρους
1649 1009 1825 1045 ἀπελθεῖν.
1860 1008 1986 1045 Ταῦτα
2018 1007 2062 1045 τὰ
2100 1007 2260 1060 ἐγκώμια
2292 1009 2362 1047 διε-

1336 1066 1454 1111 δέξατο
1480 1067 1586 1106 πάλιν
1605 1071 1627 1116 ἡ
1648 1067 1729 1120 περὶ
1758 1070 1828 1105 τῶν
1859 1067 1971 1119 ὅρκων
1995 1068 2220 1121 παραίνεσις·
2242 1070 2363 1117 ἐπειδὴ

1334 1126 1401 1179 γὰρ
1420 1127 1483 1175 τὴν
1502 1128 1682 1181 ἀγροικίαν
1711 1131 1851 1167 ἅπασαν
1871 1133 1933 1176 τῆς
1962 1129 2097 1173 πόλεως
2127 1129 2260 1182 εἴδομεν
2289 1132 2364 1169 ἐπι-

1336 1187 1460 1235 Caeam,
1478 1189 1716 1240 ἐὸουλήθημεν
1733 1192 1847 1234 αὐτοῖς
1867 1188 1983 1234 δόντες
2008 1189 2128 1242 ἐφόδια
2144 1195 2257 1230 ταῦτα
2269 1222 2281 1243 ,
2299 1191 2363 1230 οὕ-

1334 1265 1401 1292 τως
1417 1247 1538 1294 αὐτοὺς
1554 1250 1732 1303 ἐκπέμψαι
1753 1252 1834 1303 παρ’
1854 1253 1955 1301 ἡμῶν
1974 1251 2143 1296 ἅπαντας.

1388 1552 1492 1604 Ὑμῖν
1527 1552 1588 1603 μὲν
1620 1547 1678 1590 οῧν
1706 1551 1762 1589 διὰ
1780 1555 1890 1590 ταῦτα
1909 1551 1971 1589 οὐκ
1996 1551 2037 1589 ἂν
2065 1550 2118 1597 εἴη
2140 1551 2282 1590 δυνατὸν
2301 1555 2360 1605 ῥᾳ-

1333 1614 1414 1658 δίως
1433 1617 1626 1667 ἀνενεγκεῖν
1654 1614 1718 1661 τὴν
1736 1614 1815 1653 τότε
1847 1617 1932 1664 ἡμῖν
1958 1613 2146 1663 γενομένην
2165 1613 2253 1665 πρὸς
2272 1613 2360 1653 ’Έλ-

1333 1675 1439 1722 ληνας
1457 1675 1601 1722 ζήτησιν
1615 1691 1622 1698 ·
1641 1675 1709 1727 ἐγὼ
1731 1674 1765 1713 δὲ
1784 1678 1801 1712 ὁ
1819 1674 1877 1712 διὰ
1901 1673 2029 1717 παντὸς
2048 1675 2082 1711 ἐν
2101 1673 2233 1718 τούτοις
2255 1676 2362 1727 ἐσχο-

1332 1736 1466 1785 λακὼς,
1493 1736 1552 1775 καὶ
1580 1737 1709 1784 ταύτην
1729 1736 1818 1789 ἔχων
1839 1735 2002 1787 μελέτην,
2034 1739 2145 1788 ῥᾷστα
2166 1736 2250 1789 πρὸς
2272 1740 2362 1788 ὑμᾶς

1333 1797 1433 1847 ὀλίγα
1451 1800 1518 1836 τῶν
1539 1797 1617 1836 τότε
1646 1797 1838 1850 εἰρημένων
1855 1795 1978 1845 εἰπὼν,
2004 1796 2195 1848 ὁλοκλήρου
2211 1801 2273 1844 τῆς
2291 1801 2361 1836 τῶν

1332 1858 1444 1910 λόγων
1464 1858 1659 1902 ὑποθέσεως
1688 1861 1888 1910 ἀναμνῆσαι
1921 1857 2126 1908 δυνήσομαι.
2142 1857 2207 1902 Τίς
2237 1852 2295 1896 οὖν
2317 1853 2361 1906 ἦν

1328 1923 1412 1971 ἡμῖν
1440 1924 1462 1967 ἠ
1494 1920 1675 1970 ὑπόθεσις,
1698 1920 1913 1971 Ἐζητοῧμεν
1934 1924 2008 1964 πῶς
2036 1920 2071 1965 ἐξ
2099 1922 2212 1974 ἀρχῆς
2236 1924 2254 1959 ὁ
2273 1921 2362 1966 Θεὸς

1330 1985 1431 2033 ἡμῶν
1463 1982 1621 2035 προενόει
1639 1986 1700 2021 τοῦ
1726 1982 1864 2035 γένους,
1887 1981 2040 2026 καὶπῶς
2068 1981 2114 2021 τὰ
2141 1981 2361 2035 συμφέροντα

1327 2044 1566 2090 δέπαίδευσεν,
1594 2043 1672 2082 οὔτε
1703 2043 1924 2096 γραμμάτων
1953 2042 2072 2092 ὄντων,
2102 2042 2191 2091 οὔτε
2209 2045 2358 2096 Γραφῶν

1329 2106 1509 2144 δοθεισῶν·
1534 2105 1594 2143 καὶ
1614 2105 1811 2155 ἐδείκνυμεν
1833 2104 1886 2142 ὅτι
1903 2104 1958 2142 διὰ
1979 2108 2040 2151 τῆς
2058 2104 2148 2142 κατὰ
2167 2103 2231 2152 τὴν
2246 2104 2359 2143 κτίσιν

1328 2166 1473 2222 θεωρίας
1492 2166 1576 2218 πρὸς
1596 2165 1658 2213 τὴν
1679 2166 1781 2203 αὐτοῦ
1811 2165 2021 2216 Οεογνωσίαν
2052 2164 2332 2217 ἐχειραγώγησεν
2351 2181 2358 2189 ·

1328 2225 1384 2264 ὅτε
1414 2226 1473 2263 καὶ
1502 2225 1693 2277 λαὸόμενος
1713 2228 1811 2276 ὑμῶν
1834 2225 1912 2277 οὐχὶ
1940 2229 2002 2272 τῆς
2020 2226 2136 2277 χειρὸς
2152 2255 2162 2273 ,
2184 2225 2276 2264 ἀλλὰ
2295 2229 2358 2272 τῆς

1328 2287 1495 2334 διανοίας,
1516 2290 1696 2339 πανταχοῦ
1723 2289 1785 2333 τῆς
1804 2285 1948 2329 κτίσεως
1979 2286 2207 2339 περιήγαγον,
2228 2285 2359 2331 δεικνὺς

1327 2348 1480 2399 οὐρανὸν,
1517 2348 1576 2386 καὶ
1608 2351 1685 2399 γῆν,
1713 2347 1772 2385 καὶ
1801 2346 1988 2395 θάλατταν,
2025 2347 2084 2386 καὶ
2117 2348 2264 2399 λίμνας,
2298 2348 2360 2387 καὶ

1325 2409 1461 2460 πηγὰς,
1491 2408 1549 2447 καὶ
1578 2407 1777 2459 ποταμοὺς,
1799 2408 1858 2446 καὶ
1878 2408 2015 2459 πελάγη
2040 2408 2183 2463 μακρὰ,
2205 2408 2265 2447 καὶ
2283 2411 2358 2448 λει-

1327 2472 1443 2520 μῶνας
1457 2500 1466 2517 ,
1489 2470 1548 2507 καὶ
1564 2469 1810 2522 παραδείσους,
1831 2470 1890 2507 καὶ
1917 2473 2082 2521 κομῶντα
2102 2471 2146 2508 τὰ
2161 2470 2244 2517 λήϊα
2259 2499 2269 2517 ,
2298 2471 2357 2509 καὶ

1326 2529 1514 2583 βριθόμενα
1530 2536 1600 2574 τοῖς
1620 2536 1765 2582 καρποῖς
1791 2530 1836 2568 τὰ
1852 2530 1992 2582 δένδρα,
2014 2531 2074 2569 καὶ
2090 2533 2357 2583 καλυπτομένας

1325 2594 1464 2644 δρυμοῖς
1484 2592 1634 2644 κορυφὰς
1658 2593 1745 2644 ὀρῶν
1763 2607 1770 2614 ·
1792 2592 1849 2630 ὅτε
1870 2592 1929 2629 καὶ
1949 2591 2029 2644 περὶ
2049 2592 2274 2643 σπερμάτων,
2295 2594 2356 2632 καὶ

1322 2653 1402 2706 περὶ
1422 2655 1587 2704 βοτανῶν,
1607 2653 1666 2691 καὶ
1681 2653 1760 2705 περὶ
1772 2653 1912 2699 ἀνθέων,
1931 2653 1987 2690 καὶ
2001 2653 2080 2705 περὶ
2097 2656 2211 2705 φυτῶν
2225 2654 2354 2706 ἐγκάρ-

1323 2730 1398 2752 πων
1414 2729 1449 2751 τε
1463 2714 1522 2752 καὶ
1541 2713 1721 2765 ἀκάρπων,
1739 2713 1797 2751 καὶ
1814 2713 1894 2765 περὶ
1913 2713 2063 2764 ἀλόγων,
2082 2713 2223 2766 ἡμέρων
2238 2730 2275 2752 τε
2293 2717 2354 2753 καὶ
2401 2717 2407 2724 ’

1325 2774 1469 2827 ἀγρίων,
1490 2775 1637 2827 ἐνύδρων
1655 2790 1692 2812 τε
1710 2774 1768 2812 καὶ
1787 2774 1973 2827 χερσαίων,
1991 2775 2049 2812 καὶ
2068 2775 2258 2827 ἀμφιῧίων,
2274 2776 2353 2828 περὶ

1324 2838 1392 2874 τῶν
1412 2835 1470 2873 τὸν
1489 2835 1575 2888 ἀέρα
1592 2835 1800 2886 τεμνόντων,
1822 2835 1900 2888 περὶ
1920 2839 1989 2875 τῶν
2004 2836 2118 2888 χαμαὶ
2139 2838 2353 2889 συρομένων,

1324 2896 1382 2935 καὶ
1415 2897 1495 2948 περὶ
1530 2898 1644 2934 αὐτῶν
1677 2899 1744 2934 τῶν
1776 2901 1835 2935 τοῦ
1864 2897 1991 2940 παντὸς
2023 2897 2204 2950 στοιχείων
2240 2897 2355 2936 πολλὰ

1323 2958 1517 3010 διελέχθην,
1530 2957 1589 2995 καὶ
1606 2959 1683 2995 καθ’
1705 2957 1850 2996 ἕκαστον
1868 2958 2068 3009 ἐπεὸοῶμεν
2090 2962 2188 3011 κοινῇ
2209 2959 2350 3007 πάντες,

1324 3019 1511 3066 ἀτονούσης
1532 3023 1616 3070 ἡμῖν
1636 3019 1720 3070 πρὸς
1748 3019 1805 3058 τὸν
1835 3019 1974 3073 ἄπειρον
2003 3021 2150 3059 πλοῦτον
2182 3022 2244 3065 τῆς
2270 3022 2351 3058 δια-

1323 3080 1416 3124 νοίας
1434 3110 1443 3128 ,
1472 3079 1531 3118 καί
1561 3081 1600 3118 τὸ
1626 3087 1695 3119 πᾶν
1730 3080 1941 3118 καταλαόεῐν
1976 3080 2024 3131 μὴ
2059 3081 2269 3131 δυναμένης·
2290 3080 2352 3124 Ὡς

1323 3141 1540 3192 ἕμεγαλύνθη
1573 3142 1616 3180 τὰ
1650 3142 1734 3195 ἔργα
1767 3158 1826 3181 σου
1839 3171 1849 3190 ,
1882 3141 1990 3193 Κύριε
2003 3157 2010 3164 ·
2044 3141 2159 3179 πάντα
2187 3144 2220 3181 ἐν
2247 3142 2350 3194 σοφίᾳ

1386 3275 1399 3290 ³
1416 3265 1495 3308 ch.
1519 3268 1678 3300 {nufias-2.
