2516 3791
346 139 436 200 788

341 250 433 284 sum,
457 235 618 286 illusum,
649 243 868 285 accusatum,
898 235 1014 287 sputis
1047 233 1288 286 conspersum,

339 296 558 347 flagellatum
575 312 583 333 ε
603 295 757 334 haeccine
768 305 861 344 sunt,
876 308 1009 346 quaeso,
1031 295 1142 346 digna
1160 296 1288 346 regno.o

339 357 453 396 Vides
473 372 554 396 eum
575 357 687 396 oculis
715 356 799 394 fidei
819 354 1038 408 respexisse,
1059 369 1129 394 non
1152 370 1192 394 ea
1211 371 1290 407 quae

339 418 555 470 apparebant
573 416 806 470 expendisse?
840 417 1031 468 Propterea
1050 431 1164 467 neque
1191 418 1290 455 Deus

338 478 433 516 nuda
444 478 552 517 verba
565 476 801 530 expendebat,
820 476 881 514 scd
903 486 941 515 ut
970 477 1031 515 ille
1056 477 1093 516 in
1109 477 1287 517 divinita-

337 547 423 589 tem,
442 539 493 577 sic
512 540 607 576 Deus
627 538 664 576 in
683 551 743 576 cor
760 538 909 576 latronis
923 539 1148 591 respiciebat,
1163 548 1198 578 et
1216 540 1284 578 ait:

777 152 816 184 S.
852 153 1030 185 JOANNIS
1064 152 1306 183 CHRYSOST.

136 603 322 644 Luc-2343·
339 602 468 639 Hodie
483 613 634 637 mecum
653 601 729 637 eris
749 602 790 637 in
806 600 1008 651 paradiso.
1029 600 1105 638 Hoc
1135 600 1214 639 loco
1233 609 1286 639 at-

337 661 494 699 tendite:
516 659 691 711 siquidem
717 659 867 711 quaestio
886 674 956 699 non
982 661 1144 713 vulgaris
1170 661 1288 701 exori-

168 731 323 771 θηρεύο-
338 731 406 759 ῐιιι·.
426 721 520 758 Nam
537 720 744 771 Manichaei,
766 735 867 760 canes
886 721 976 760 muti
1001 730 1035 760 et
1056 722 1190 773 rabidi,
1210 738 1287 776 spe-

134 783 200 799 nntm
218 775 323 802 restitit

134 813 307 844 Μιιιιίςίιωο-

134 865 211 884 runi.

337 781 425 819 ciem
446 781 592 833 quidem
606 796 680 835 prae
700 796 736 821 se
750 783 867 821 ferunt
882 782 1078 832 modestiae,
1094 783 1189 822 intus
1200 798 1286 822 vero

336 857 482 895 gravem
506 857 636 881 canum
671 843 847 882 insaniam
874 844 1007 892 fovent,
1039 853 1072 882 et
1096 844 1175 884 ovis
1195 845 1288 898 pelle
1307 848 1331 879 C

335 905 461 957 lupum
475 905 718 943 occultant.At
735 914 773 943 tu
788 919 831 943 ne
846 905 945 956 quod
960 915 1108 958 apparet
1119 906 1285 958 aspicias,

334 981 461 1006 verum
491 967 586 1005 intus
605 967 771 1005 latentem
800 967 958 1005 belluam
988 968 1200 1020 pervestiga.
1223 969 1288 1007 Isti

333 1041 416 1080 ergo
434 1028 554 1066 locum
567 1028 663 1066 hunc
682 1027 890 1080 arripientes
907 1027 1008 1066 aiunt
1027 1044 1035 1064 :
1059 1028 1162 1066 Dixit
1181 1029 1286 1067 Chri-

334 1099 429 1139 stus,
445 1091 595 1136 Amen,
629 1104 744 1128 amen
765 1091 851 1127 dico
876 1092 958 1137 tibi,
993 1091 1107 1128 hodie
1137 1104 1285 1130 mecum

334 1154 408 1189 eris
425 1154 467 1188 in
480 1152 663 1203 paradiso
683 1167 691 1188 :
712 1150 823 1201 igitur
838 1151 914 1203 jam
933 1151 1024 1189 faeta
1043 1160 1094 1189 est
1107 1151 1284 1190 bonorum

333 1212 521 1250 retributio
540 1221 573 1250 ct
593 1212 771 1264 superflua
794 1212 863 1250 erit
880 1212 1104 1251 resurrectio.
1126 1213 1166 1251 Si
1188 1213 1284 1252 enim

332 1273 396 1311 illo
424 1273 484 1311 die
504 1273 594 1311 latro
618 1273 713 1311 bona
738 1273 883 1325 recepit,
909 1287 1037 1325 corpus
1062 1281 1179 1311 autem
1207 1274 1284 1326 ejus

331 1334 492 1373 nondum
518 1333 564 1372 ad
589 1334 686 1372 hunc
717 1348 827 1385 usque
854 1333 950 1372 diem
980 1333 1197 1384 resurrexit,
1215 1348 1286 1373 non

330 1396 398 1434 crit
428 1395 594 1448 deinceps
623 1408 813 1447 corporum
845 1394 1066 1433 resurrectio.
1099 1395 1287 1445 Numquid

330 1456 554 1495 intellexistis
570 1455 666 1506 quod
683 1455 854 1504 diximus,
877 1469 922 1492 an
935 1469 1020 1494 vero
1048 1454 1175 1493 iterum
1194 1454 1287 1494 illud

330 1517 402 1556 dici
422 1532 560 1556 necesse
581 1517 662 1554 est?
682 1516 827 1563 Amen,
851 1530 968 1553 amen
986 1517 1072 1554 dico
1107 1519 1188 1564 tibi,
1212 1518 1280 1555 ho-

331 1580 393 1617 die
411 1592 559 1616 mecum
579 1580 652 1616 eris
669 1580 710 1615 in
726 1578 924 1628 paradiso.
945 1577 1131 1628 Ingressus
1149 1587 1200 1616 est
1219 1577 1288 1629 igi-
1308 1595 1333 1624 1)

330 1650 400 1690 tur,
429 1639 558 1691 inquit,
579 1639 616 1676 in
636 1637 843 1690 paradisum
861 1637 952 1675 latro
970 1651 1040 1675 non
1061 1651 1143 1676 cum
1164 1652 1288 1690 corpo-

330 1716 393 1740 re:
414 1715 483 1752 quo
514 1700 608 1738 enim
637 1708 755 1752 pacto,
777 1713 858 1737 cum
887 1698 1069 1751 sepultum
1101 1713 1172 1738 non
1199 1710 1290 1739 esset

330 1777 459 1816 corpus
483 1763 583 1814 ejus,
612 1775 724 1812 neque
750 1759 987 1811 dissolutum,
1018 1769 1052 1799 et
1085 1760 1122 1799 in
1153 1761 1288 1801 cineres

330 1823 543 1863 redactum?
564 1836 677 1873 neque
694 1821 831 1859 dictum
844 1835 996 1872 usquam
1012 1821 1081 1859 fuit
1102 1822 1287 1861 resuscita-

330 1895 407 1924 tum
431 1885 532 1923 illum
558 1898 578 1922 a
601 1882 746 1922 Christo
778 1881 897 1920 fuisse.
919 1881 1027 1928 Quod
1055 1882 1085 1920 si
1114 1882 1286 1922 latronem

330 1946 545 1996 introduxit,
567 1954 601 1983 et
618 1945 751 1995 absque
772 1957 918 1995 corpore
938 1943 1041 1981 bonis
1060 1944 1195 1996 potitus
1219 1954 1286 1997 est,

331 2009 558 2046 manifestum
590 2015 642 2044 est
689 2004 847 2058 corporis
894 2005 1186 2044 resurrectionem
1217 2020 1288 2046 non

329 2084 415 2107 esse.
436 2070 528 2107 Nam
544 2068 573 2106 si
591 2067 750 2120 corporis
778 2075 867 2105 esset
895 2067 1117 2117 resurrectio,
1143 2082 1213 2106 non
1231 2068 1288 2106 di-

329 2130 459 2168 xisset:
476 2130 603 2167 Hodie
619 2142 765 2166 mecum
780 2129 854 2166 eris
868 2129 909 2165 in
924 2129 1125 2179 paradiso,
1149 2128 1224 2179 sed,
1244 2130 1286 2168 In

330 2201 488 2244 tempore
519 2189 859 2237 consummationis,
897 2188 1040 2240 quando
1077 2191 1287 2229 resurrectio

331 2267 524 2305 corporum
546 2251 624 2291 erit.
642 2250 748 2297 Quod
773 2250 802 2287 si
826 2250 904 2301 jam
926 2250 1099 2289 latronem
1124 2251 1288 2290 introdu-

329 2314 396 2363 xit,
413 2328 542 2366 corpus
571 2322 689 2351 autem
713 2313 788 2363 ejus
811 2311 897 2349 foris
923 2321 1130 2364 corruptum
1148 2327 1287 2352 reman-

329 2375 374 2413 sit
391 2406 400 2425 ,
422 2375 525 2427 plane
545 2374 658 2425 liquet
678 2387 867 2425 corporum
894 2373 1187 2412 resurrectionem
1215 2389 1286 2414 non

328 2450 415 2474 esse.
442 2438 556 2487 Atque
588 2435 662 2472 haec
681 2433 828 2485 quidem
862 2433 915 2471 illi
939 2449 947 2470 :
964 2435 1040 2486 jam
1061 2449 1145 2474 vero
1164 2451 1241 2487 quae
1265 2451 1285 2475 a

328 2497 430 2535 nobis
446 2496 721 2549 proficiscuntur
741 2494 812 2533 acci
817 2494 889 2547 pite
900 2509 912 2545 3
931 2494 1003 2533 imo
1021 2509 1107 2534 vero
1122 2510 1190 2534 non
1207 2511 1284 2547 quae

328 2573 347 2596 a
378 2558 504 2608 nobis,
538 2557 605 2610 sed
633 2571 712 2608 quae
746 2570 766 2593 a
803 2570 901 2594 sacra
935 2556 1122 2609 Scriptura
1163 2567 1279 2596 sunt:

329 2634 441 2671 neque
476 2619 570 2658 enim
615 2633 693 2670 quae
729 2627 846 2655 nostra
883 2627 966 2656 sunt
1003 2618 1157 2657 dicimus
1174 2649 1184 2669 ,
1223 2619 1284 2658 sed

328 2696 405 2732 quae
437 2681 592 2734 Spiritus
620 2679 744 2718 sancti.
780 2679 879 2727 Quid
911 2679 993 2717 ais?
1023 2694 1092 2718 non
1121 2681 1219 2720 venit
1246 2681 1283 2720 in

328 2743 612 2781 communionem
643 2755 855 2780 coronarum
879 2741 991 2779 caro?
1018 2741 1089 2781 Sed
1121 2741 1157 2780 in
1185 2756 1283 2781 com-

329 2803 532 2841 munionem
567 2802 710 2854 quidcm
752 2802 919 2840 laborum
962 2801 1084 2851 venit,
1123 2803 1282 2855 praemiis

328 2879 412 2902 vero
439 2864 632 2917 privatur?
665 2872 699 2901 et
729 2862 870 2914 quando
899 2862 1107 2901 certandum
1138 2863 1284 2914 quidem

328 2926 410 2975 suit,
425 2926 593 2977 majorem
610 2933 745 2976 partem
761 2923 930 2961 sudorum
948 2923 1127 2973 sustinuit,
1141 2923 1284 2975 quando

329 3001 412 3025 vcro
432 2999 639 3024 coronarum
654 2994 791 3036 tempus
806 2984 933 3034 adfuit,
959 2984 1076 3022 anima
1096 2985 1170 3022 sola
1182 2998 1282 3022 coro-

128 3052 313 3089 R1¹1n··4-¹0·
330 3048 466 3086 natur?
494 3048 573 3085 Non
606 3045 708 3084 audis
745 3045 898 3083 Paulum
930 3045 1137 3083 dicentem?
1172 3045 1283 3084 Stare

128 3103 157 3122 2.
178 3095 246 3121 Cor.
261 3093 292 3122 5.

132 3144 176 3163 Ιυ.

331 3124 399 3148 nos
418 3117 561 3161 oportet
579 3116 670 3145 ante
693 3107 866 3144 tribunal
883 3108 1041 3151 Christi,
1070 3115 1110 3145 ut
1135 3107 1282 3159 reserat

329 3173 591 3223 unusquisque
615 3170 771 3220 propria
798 3170 979 3219 corporis,
1008 3175 1123 3219 prout
1147 3169 1277 3219 gessit,
1294 3181 1338 3206 εει

327 3236 407 3271 sive
431 3234 584 3276 bonum,
606 3233 686 3269 sive
715 3230 859 3267 malum
874 3233 890 3266 P
913 3230 991 3267 Non
1026 3228 1131 3266 audis
1162 3229 1279 3280 ipsum
1305 3218 1330 3248 Α

132 3313 154 3330 ι.
172 3304 242 3330 (νιν.
267 3303 451 3333 15.1·111·sus
463 3292 639 3330 dicentem
656 3306 663 3327 :
685 3293 838 3342 Oportet
860 3289 1022 3326 mortale
1036 3290 1107 3327 hoc
1119 3290 1280 3327 induere

128 3344 164 3371 ξι]

327 3355 672 3399 immortalitatem,
704 3359 738 3389 et
756 3350 1001 3402 corruptibile
1023 3351 1096 3388 ltoc
1118 3351 1277 3388 induere

1344 154 1549 187 Ancmsst‘.
1586 158 1936 191 CONSTANTINOP-

1363 236 1439 276 οὔτε
1455 241 1472 276 6
1490 239 1579 283 Θεὸς
1593 240 1637 279 τὰ
1657 241 1798 293 ῥήματα
1818 242 1960 290 ἐξήταζε
1978 245 2022 283 τὰ
2042 246 2145 297 ψιλὰ,
2168 248 2242 286 ἀλλ’
2265 248 2384 304 ὥσπερ

1363 298 1460 348 οἶτος
1476 298 1562 344 εἶδεν
1580 309 1627 351 εἷς
1648 307 1711 355 τὴν
1727 309 1885 359 θεότητα,
1897 310 2004 356 οὕτως
2019 314 2036 349 ὃ
2049 313 2137 357 Θεὸς
2154 308 2240 353 εἶδεν
2253 319 2300 360 εἷς
2319 316 2382 364 τὴν

1360 372 1506 425 καρδίαν
1525 378 1586 412 τοῦ
1611 376 1760 424 ληστοῦ,
1786 376 1846 415 καί
1879 393 1984 430 φησι·
2005 377 2167 432 Σήμερον
2197 383 2271 431 μετ’
2297 383 2383 432 ἐμοῦ

1361 439 1422 491 ἔσῃ
1451 443 1485 479 ἐν
1504 443 1554 493 τῷ
1579 442 1791 495 παραδείσῳ.
1810 443 1983 483 Ἐνταῦθα
2009 446 2218 499 προσέχετε·
2243 448 2384 499 ζήτημα

1359 506 1426 560 γὰρ
1448 509 1486 547 οὗ
1501 508 1540 548 τὸ
1556 509 1659 562 τυχὸν
1679 510 1875 563 ἐπιφύεται.
1893 512 1963 550 Καὶ
1978 511 2046 565 γὰρ
2067 515 2098 551 οἳ
2118 516 2333 566 Μανιχαῖοι,
2353 518 2384 553 οἱ

1358 575 1476 626 κύνες,
1503 579 1534 616 οἱ
1553 576 1657 616 ἐννεοὶ
1681 577 1742 615 καὶ
1771 578 1982 627 λυττῶντες,
2012 579 2053 618 τὸ
2077 582 2201 632 σχῆμα
2231 579 2293 631 μὲν
2309 583 2383 620 ἐπι-

1357 643 1549 683 δείκνυνται
1569 644 1776 694 ἐπιεικείας,
1802 644 1866 692 τὴν
1893 645 2053 698 χαλεπὴν
2081 646 2116 685 δὲ
2145 647 2239 685 ἔνδον
2265 647 2383 700 ἔχουσι

1354 713 1422 749 τῶν
1439 714 1549 750 κυνῶν
1573 711 1712 763 μανίαν,
1732 711 1791 750 καὶ
1819 710 2104 765 κατακρύπτουσι
2139 716 2182 765 τῇ
2210 714 2294 766 δορᾷ
2322 717 2381 752 τοῦ

1354 778 1530 830 προὸάτου
1551 778 1608 817 τὸν
1634 778 1751 817 λύκον.
1777 778 1882 817 Ἀλλὰ
1913 778 1962 829 μὴ
1998 778 2038 817 τὸ
2066 778 2270 832 φαινόμενον
2290 778 2383 831 ἴδῃς,

1357 843 1447 883 ἀλλὰ
1474 846 1514 884 τὸ
1549 845 1642 884 ἔνδον
1671 845 1909 899 κεκρυμμένον
1933 845 2051 899 θηρίον
2079 845 2250 890 ἐξέτασον.
2275 840 2383 885 Οὗτοι

1354 912 1466 950 τοίνυν
1486 912 1732 963 ἐπιλαὸόμενοι
1761 916 1821 951 τοῦ
1843 912 1973 965 χωρίου
1999 912 2119 952 τούτου
2137 913 2259 966 φασίν·
2288 907 2382 952 εἶπεν

1353 983 1371 1018 ὃ
1397 977 1563 1032 Χριστός·
1601 978 1732 1030 Ἀμὴν,
1764 979 1859 1030 ἀμὴν
1892 979 1983 1032 λέγω
2011 996 2087 1027 σοι,
2119 980 2271 1034 σήμερον
2305 984 2381 1032 μετ’

1353 1048 1437 1096 ἐμοῦ
1468 1045 1529 1097 ἔσῃ
1559 1045 1594 1084 ἓν
1623 1048 1673 1098 τῷ
1705 1046 1928 1099 παραδείσῳ·
1960 1049 2081 1086 οὐκοῦν
2109 1047 2292 1091 ἀντίδοσις
2315 1047 2382 1095 ἤδη

1351 1115 1471 1168 γέγονε
1497 1119 1566 1155 τῶν
1607 1117 1768 1169 ἀγαθῶν,
1801 1115 1861 1155 καὶ
1890 1117 2034 1169 περιττὴ
2066 1120 2088 1165 ἡ
2119 1116 2318 1162 ἀνάστασις.
2338 1120 2384 1157 Εἰ

1351 1185 1418 1241 γὰρ
1450 1189 1483 1226 ἐν
1513 1185 1626 1237 ἐκείνῃ
1667 1189 1710 1237 τῇ
1749 1185 1865 1239 ἡμέρᾳ
1904 1185 2080 1226 ἀπέλαὸεν
2117 1189 2136 1225 6
2177 1187 2312 1239 λῃστὴς
2340 1187 2385 1226 τὰ

1353 1247 1487 1300 ἀγαθὰ,
1515 1247 1555 1286 τὸ
1583 1247 1619 1286 δὲ
1648 1250 1753 1298 σῶμα
1782 1247 1884 1285 αὐτοῦ
1909 1248 1970 1286 οὐκ
1999 1246 2126 1295 ἀνέστη
2153 1247 2286 1287 οὐδέπω
2324 1252 2384 1290 καὶ

1352 1318 1517 1371 τήμερον,
1539 1319 1600 1357 οὐκ
1627 1317 1725 1356 ἔσται
1753 1316 1927 1368 σωμάτων
1942 1317 2062 1356 λοιπὸν
2077 1317 2278 1362 ἀνάστασις.
2295 1311 2385 1370 Ἆρα

1354 1385 1518 1433 ἐνοήσατε
1548 1384 1589 1424 τὸ
1621 1384 1762 1438 λεχθὲν,
1791 1383 1814 1431 ἢ
1845 1384 1998 1437 δεύτερον
2030 1384 2112 1424 αὐτὸ
2138 1385 2243 1424 πάλιν
2274 1387 2382 1424 εἰπεῖν

1355 1453 1510 1506 ἀνάγκη,
1531 1451 1657 1504 Ἀμὴν,
1679 1451 1772 1504 ἀμὴν
1792 1451 1883 1504 λέγω
1910 1468 1962 1491 σοι
1978 1482 1988 1502 ,
2024 1451 2177 1505 σήμερον
2203 1455 2279 1504 μετ’
2300 1455 2384 1505 ἐμοῦ

1356 1521 1415 1573 ἔσῃ
1444 1522 1478 1559 ἐν
1499 1523 1548 1574 τῷ
1572 1519 1786 1573 παραδείσῳ.
1812 1521 1984 1567 Εἰσῆλθεν
2007 1514 2085 1569 οὖν,
2105 1521 2226 1573 φησὶν,
2249 1522 2297 1565 εἷς
2325 1521 2383 1560 τὸν

1356 1587 1566 1639 παράδεισον
1581 1590 1599 1625 6
1616 1586 1750 1639 λῃστὴς
1771 1589 1808 1625 οὗ
1831 1586 1919 1638 μετὰ
1938 1589 1997 1625 τοῦ
2015 1585 2197 1637 σώματος·
2216 1589 2289 1630 πῶς
2303 1586 2384 1640 γὰρ,

1356 1652 1461 1692 ὁπότε
1485 1654 1548 1691 οὐκ
1576 1652 1685 1706 ἐτάφη
1711 1653 1751 1692 τὸ
1772 1655 1878 1705 σῶμα
1905 1654 2025 1701 αὐτοῦ,
2054 1653 2133 1691 οὔδε
2153 1653 2289 1701 διελύθη
2323 1654 2385 1692 καὶ

1357 1719 1449 1763 κόνις
1473 1718 1625 1770 ἐγένετο;
1652 1718 1712 1758 καὶ
1731 1719 1884 1770 οὐδαμοῦ
1912 1718 2066 1771 εἴρηται,
2092 1719 2145 1758 ὅτι
2165 1719 2352 1768 ἀνέστησεν
2367 1723 2386 1759 6

1357 1789 1507 1843 Χριστὸς
1526 1788 1642 1828 αὐτόν.
1662 1790 1708 1828 Εἰ
1726 1788 1762 1829 δὲ
1781 1787 1948 1841 εἰσήγαγε
1965 1789 2023 1828 τὸν
2035 1789 2186 1843 λῃστὴν,
2202 1789 2262 1828 καὶ
2275 1791 2384 1845 χωρὶς

1356 1864 1416 1899 τοῦ
1432 1858 1593 1911 σώματος
1614 1858 1796 1906 ἀπήλαυσε
1815 1861 1884 1897 τῶν
1908 1861 2060 1910 ἀγαθῶν,
2079 1857 2221 1907 εὔδηλον
2241 1858 2295 1898 ὅτι
2312 1858 2384 1898 σώ-

1358 1946 1467 1982 ματος
1493 1931 1554 1968 οὐκ
1572 1928 1662 1969 ἔστιν
1686 1927 1885 1972 ἀνάστασις.
1906 1929 1952 1967 Εἰ
1966 1927 2034 1983 γὰρ
2055 1922 2096 1976 ἦν
2117 1927 2280 1980 σώματος
2300 1928 2383 1968 ἀνά-

1357 2015 1495 2047 στασις,
1522 2001 1583 2038 οὐκ
1610 1998 1650 2037 ἂν
1679 1991 1773 2038 εἷπε·
1801 1997 1962 2052 Σήμερον
1983 1999 2057 2050 μετ’
2078 2000 2162 2049 ἐμοῦ
2184 1999 2246 2051 ἔσῃ
2275 2001 2308 2038 ἐν
2332 2001 2385 2052 τῷ

1356 2065 1579 2120 παραδείσῳ,
1600 2067 1677 2105 ἀλλ’
1690 2096 1700 2114 ,
1717 2067 1751 2105 ἐν
1773 2067 1822 2118 τῷ
1841 2068 1953 2119 καιρῷ
1971 2068 2033 2113 τῆς
2064 2065 2283 2115 συντελείας,
2302 2065 2384 2104 ὅταν

1357 2133 1532 2185 σωμάτων
1560 2133 1748 2178 ἀνάστασις
1786 2128 1822 2185 ᾗ.
1862 2135 1908 2172 Εἰ
1946 2132 1982 2172 δὲ
2021 2132 2088 2180 ἥδη
2126 2132 2290 2184 εἰσήγαγε
2325 2132 2384 2170 τὸν

1356 2200 1505 2251 λῃστὴν,
1523 2199 1562 2238 τὸ
1584 2199 1619 2239 δὲ
1640 2203 1742 2251 σῶμα
1763 2202 1866 2238 αὐτοῦ
1882 2198 2007 2252 φθαρὲν
2028 2199 2160 2251 ἔμεινεν
2177 2198 2263 2248 ἔξω,
2286 2199 2384 2246 εὔδη-

1355 2266 1414 2304 λον
1431 2266 1484 2305 ὅτι
1510 2266 1683 2318 σωμάτων
1702 2266 1889 2310 ἀνάστασις
1911 2268 1972 2304 οὐκ
1996 2266 2082 2305 ἔστι.
2101 2268 2224 2305 Ταῦτα
2241 2267 2385 2304 ἐκεῖνοι·

1358 2333 1498 2386 δέχεσθε
1518 2333 1553 2372 δὲ
1572 2334 1692 2373 λοιπὸν
1709 2333 1769 2373 καὶ
1789 2334 1833 2372 τὰ
1853 2336 1937 2387 παρ’
1954 2336 2068 2385 ἡμῶν,
2086 2336 2217 2386 μᾶλλον
2231 2334 2266 2373 δὲ
2282 2336 2320 2373 οὔ
2341 2334 2385 2374 τὰ

1355 2403 1438 2453 παρ’
1456 2403 1570 2453 ἡμῶν,
1590 2400 1679 2439 ἀλλὰ
1695 2401 1739 2440 τὰ
1757 2401 1854 2455 παρὰ
1870 2403 1932 2447 τῆς
1951 2401 2042 2445 Οείας
2061 2402 2223 2455 Γραφῆς·
2256 2403 2294 2440 οὗ
2319 2401 2388 2454 γὰρ

1355 2469 1399 2508 τὰ
1419 2469 1576 2521 ἡμέτερα
1594 2469 1754 2521 λέγομεν,
1774 2468 1863 2509 ἀλλὰ
1892 2468 1936 2508 τὰ
1963 2475 2023 2509 τοῦ
2046 2469 2144 2522 ἁγίου
2162 2468 2382 2521 Πνεύματος.

1354 2537 1401 2576 Τί
1427 2537 1556 2589 λέγεις;
1581 2539 1618 2576 οὗ
1642 2543 1798 2576 κοινωνεῖ
1819 2540 1888 2576 τῶν
1916 2537 2092 2590 στεφάνων
2119 2541 2141 2585 ἦ
2171 2536 2274 2589 σάρξ;
2294 2538 2386 2576 Ἀλλ’

1354 2607 1388 2644 ἐν
1418 2605 1480 2656 μὲν
1514 2610 1584 2649 τοῖς
1604 2604 1720 2648 πόνοις
1739 2604 1984 2653 ἐκοινώνησεν,
2015 2608 2050 2644 ἐν
2080 2603 2116 2643 δὲ
2147 2611 2217 2649 τοῖς
2246 2611 2380 2656 μισθοῖς

1355 2676 1598 2728 ἀποστερεῖται
1612 2690 1621 2722 3
1636 2674 1695 2712 καὶ
1714 2673 1770 2712 ὅτε
1792 2672 1853 2724 μὲν
1875 2673 2103 2725 ἀγωνίζεσθαι
2119 2673 2200 2723 ἔδει,
2220 2673 2259 2711 τὸ
2275 2674 2380 2714 πλέον

1354 2740 1492 2786 ἐδέξατο
1509 2744 1577 2779 τῶν
1593 2739 1749 2793 ἱδρώτων
1763 2756 1770 2763 ·
1786 2739 1842 2778 ὅτε
1862 2739 1897 2778 δὲ
1915 2739 2093 2791 στεφάνων
2105 2740 2240 2792 καιρὸς,
2256 2740 2344 2791 μόνη
2356 2745 2379 2788 ἠ

1354 2808 1447 2862 ψυχὴ
1469 2813 1715 2861 στεφανοῦται;
1741 2810 1818 2847 Οὐκ
1841 2806 1977 2851 ἀκούεις
2004 2812 2064 2847 τοῦ
2093 2807 2234 2846 Παύλου
2263 2808 2380 2860 λέγον-

1354 2891 1429 2924 τος,
1448 2875 1500 2914 ὅτι
1515 2876 1750 2928 Παραστῆναι
1767 2878 1860 2925 ἡμᾶς
1877 2875 1926 2912 δεῖ
1940 2873 2132 2926 ἔμπροσθεν
2152 2879 2211 2914 τοῦ
2225 2875 2380 2927 βήματος

1354 2945 1414 2981 τοῦ
1437 2944 1612 2995 Χριστοῦ,
1634 2942 1689 2979 ἵνα
1710 2941 1854 2986 ἕκαστος
1874 2941 2064 2992 κομίσηται
2082 2941 2126 2981 τὰ
2143 2941 2213 2981 ἴδια
2232 2947 2292 2982 τοῦ
2314 2943 2382 2982 σώ-

1356 3027 1462 3062 ματος
1475 3038 1484 3055 ,
1503 3009 1587 3062 πρὸς
1607 3009 1628 3046 ἃ
1644 3008 1802 3060 ἔπραξεν,
1826 3007 1893 3047 εἴτε
1916 3009 2056 3060 ἀγαθὸν,
2072 3008 2141 3048 εἴτε
2160 3010 2284 3058 κακόν;
2303 3013 2380 3050 Οὐκ

1355 3077 1488 3121 ἀκούεις
1505 3077 1608 3115 αὐτοῦ
1624 3075 1781 3127 λέγοντος
1797 3076 1902 3116 πάλιν
1914 3093 1922 3101 ·
1949 3079 2011 3115 Δεῖ
2021 3077 2060 3115 τὸ
2075 3077 2195 3124 θνητὸν
2210 3080 2310 3117 τοῦτο
2328 3080 2379 3117 ἐν-

1355 3145 1522 3184 δύσασθαι
1546 3143 1748 3192 ἀθανασίαν,
1764 3143 1824 3182 καὶ
1841 3143 1880 3181 τὸ
1895 3142 2045 3196 φθαρτὸν
2058 3147 2157 3181 τοῦτο
2172 3143 2377 3182 ἐνδύσασθαι

1353 3211 1565 3264 ἀφθαρσίαν;
1584 3211 1637 3249 Τὸ
1654 3209 1787 3258 θνητὸν,
1802 3215 1919 3257 ποῖον;
1936 3209 1998 3256 τὴν
2014 3207 2144 3261 ψυχὴν,
2162 3207 2236 3254 ἢτὸ
2250 3211 2373 3259 σῶμα;

1352 3279 1506 3327 Εὔδηλον
1531 3278 1583 3316 ὅτι
1607 3278 1646 3316 τὸ
1666 3279 1828 3328 σῶμα·ἡ
1855 3276 1923 3329 γὰρ
1947 3275 2041 3329 ψυχὴ
2065 3276 2162 3328 φύσει
2185 3276 2373 3324 ἀθάνατος,

1348 3345 1582 3385 ο·“>)»’
1685 3345 1770 3358 *⁸
1859 3343 1955 3382 'm‘
2031 3342 2089 3382 ii*
2240 3343 2248 3356 ’

1369 3363 1468 3395 νΙΠῗΟν
1490 3369 1520 3383 ,ιι
1542 3362 1641 3396 ψυσεῑ
1663 3361 1702 3383 TO
1723 3361 1838 3395 σῶμα.
1865 3363 1874 3382 2
1944 3361 1963 3382 α
1985 3360 2030 3382 ‘rto
2077 3361 2098 3381 α
2125 3359 2371 3395 πξρῑΧΟπῖΟυσῑ
