2566 3791
715 235 755 272 :N
795 236 896 272 cae.

102 329 171 369 ἀπὸ
191 327 304 374 πάσης
326 325 416 370 ἰλύσις
452 325 511 364 καὶ
545 325 674 378 τύρὸης
715 329 899 377 βιωτικῆς,
931 325 990 363 καὶ
1017 322 1131 361 πολλὰ

101 389 237 444 χαίρειν
254 389 406 431 εἰπόντες
424 393 494 430 τοῖς
513 388 707 440 αἰσχίστοις
726 389 784 426 καὶ
805 386 1040 429 ἀτοπωτάτοις
1060 385 1131 423 πά-

100 456 176 491 θεσι
206 451 291 504 πρὸς
318 449 382 496 τὴν
416 449 592 503 μακαρίαν
609 449 743 497 ἐκείνην
767 449 858 496 ζωὴν
891 450 1130 500 ἐπειχθῶμεν,

102 511 190 550 ’,καὶ
221 513 265 550 τὰ
285 511 469 564 ἀπόρρητα
494 510 628 563 ἀγαθὰ,
647 511 668 548 ἃ
686 510 877 561 ἡτοίμασεν
899 513 917 548 ὃ
940 509 1029 550 (θεὸς
1061 513 1131 549 τοῖς

102 576 287 626 ἀγαπῶσιν
306 572 406 611 αὐτόν
419 588 426 596 ·
443 567 490 611 ὧν
512 572 644 624 γένοιτο
659 572 791 616 πάντας
803 575 897 622 ἡμᾶς
917 569 1104 614 ἀξιωθῆναι
1121 596 1130 612 ,

104 635 225 688 χάριτι
263 635 323 673 καὶ
357 634 598 687 φιλανθρωπίᾳ
633 637 694 671 τοῦ
727 633 855 686 Κυρίου
882 634 983 682 ἡμῶν
1015 629 1132 674 Ἰησοῦ

106 698 278 748 Χριστοῦ,
299 696 376 747 μεθ’
395 690 433 734 οὗ
460 698 510 749 τῷ
531 696 666 748 Πατρὶ,
685 695 760 745 ἅμα
778 697 828 746 τῷ
844 693 932 745 ἁγίῳ
949 690 1130 741 Πνεύματι

103 757 204 806 δόξα,
222 757 365 811 κράτος,
379 757 486 808 τιμὴ,
505 761 564 795 νῦν
583 756 643 795 καὶ
663 756 732 804 ἀεὶ,
755 755 814 793 καὶ
833 756 882 797 εἰς
896 751 976 797 τοὺς
1003 752 1130 793 αἰῶνας

105 821 173 856 τῶν
193 817 339 856 αἰώνων.
357 817 476 867 Ἀμήν;

469 959 484 977 ³
500 947 680 996 ῡΜῐΛῐΑ
712 956 757 995 κ’.

101 1079 246 1128 Ἐξῆλθε
267 1079 302 1120 δὲ
323 1082 352 1120 Κ
358 1080 412 1119 άϊν
432 1081 502 1120 ἀπὸ
517 1080 706 1133 προσώπου
720 1083 780 1119 τοῦ
795 1082 908 1127 Θεοῦ,
923 1080 983 1118 καὶ
993 1080 1129 1133 ᾤκησεν

212 1145 246 1182 ἕν
266 1145 312 1195 γῇ
334 1142 426 1181 Nate
442 1143 626 1182 κατέναντι
642 1142 770 1193 Ἐδὲμ,
789 1142 849 1181 καὶ
868 1141 913 1181 τὰ
934 1141 1022 1189 ἑξῆς.

157 1267 253 1320 Φέρε
278 1267 384 1307 πάλιν
402 1270 464 1315 τῆς
487 1267 691 1311 ἀκολουθίας
711 1267 863 1320 σήμερον
883 1269 951 1306 τῶν
976 1268 1129 1319 ἀνεγνω-

103 1329 240 1382 σμένων
274 1330 471 1382 ἁψάμενοι,
508 1331 661 1368 ἐντεῦθεν
694 1333 775 1381 ὑμῖν
804 1329 868 1376 τὴν
901 1329 1129 1368 διδασκαλίαν

103 1394 334 1444 παραθῶμεν,
354 1391 413 1430 καὶ
441 1390 481 1430 ἔκ
507 1394 569 1438 τῆς
601 1389 723 1444 βίῧλου
741 1397 802 1431 τοῦ
824 1392 998 1444 μακαρίου
1024 1394 1131 1431 Μωῦ-

103 1453 192 1497 ’σέως
222 1453 286 1500 τὴν
316 1453 447 1499 συνήθη
470 1451 618 1497 διάλεξιν
650 1452 737 1506 πρὸς
756 1455 848 1505 ὑμᾶς
879 1452 1130 1504 ποιησώμεθα,

103 1516 236 1565 ’μᾶλλον
255 1514 290 1554 δὲ
309 1515 349 1552 ἐκ
374 1517 443 1553 τῶν
462 1518 522 1553 τοῦ
541 1513 745 1566 Πνεῦματος
774 1513 901 1565 λογίων
915 1545 924 1562 ,
952 1514 1042 1566 ἅπερ
1072 1513 1130 1552 διὰ

100 1578 165 1622 τῆς
178 1575 298 1614 τούτου
317 1574 476 1628 γλώττης
490 1579 584 1626 ἡμᾶς
600 1575 752 1620 ἐδίδαξεν
768 1579 789 1623 ἡ
811 1575 885 1614 θεία
899 1575 1015 1628 χάρις.
1035 1575 1127 1613 Ἀλλ’

100 1637 156 1675 ἵνα
172 1636 382 1690 σαφέσι-ερας
397 1639 477 1688 ὑμῖν
498 1636 640 1689 γένηται
659 1639 676 1674 ὃ
694 1636 811 1689 λόγος,
837 1639 1025 1688 ἀναγκαῖον
1043 1640 1128 1676 ὑπο-

102 1700 233 1748 μνῆσαι
256 1697 320 1745 τὴν
354 1698 522 1752 ὑμετέραν
554 1698 693 1750 ἀγάπην
725 1701 793 1737 τῶν
825 1698 892 1746 ἤδη
937 1698 1129 1751 ῥηθέντων,

101 1759 161 1797 καὶ
177 1758 261 1798 ὅπου
289 1759 352 1806 τὴν
378 1759 605 1798 διδασκαλίαν
634 1759 877 1811 κατελύσαμεν
893 1789 902 1807 ,
921 1759 978 1797 ἵνα
1001 1763 1128 1798 ἐκεῖθεν

102 1820 210 1868 αὐτὴν
243 1820 395 1872 σήμερον
418 1820 670 1868 ἀναλαὸόντες,
700 1821 791 1858 οὕτω
809 1819 894 1866 ’τῆς
926 1822 1037 1873 ἀρχῆς
1060 1824 1129 1858 ’τῶν

104 1882 374 1932 ἀνεγνωσμένων
394 1880 576 1933 ἁψώμεθα.
596 1880 692 1919 Ὶστε
713 1881 780 1934 γὰρ
798 1881 851 1920 ὅτι
876 1881 939 1928 τὴν
960 1880 1050 1919 κατὰ
1071 1881 1129 1919 τὸν

103 1941 191 1980 Κοίῖν
219 1942 278 1979 καὶ
304 1942 363 1980 τὸν
379 1940 485 1979 Ἀὃελ
516 1941 677 1980 ὑπόθεσιν
704 1943 907 1989 κινήσαντες
933 1942 1128 1993 ἐδείκνυμεν

103 2002 137 2047 ἐξ
168 2003 282 2041 αὐτῶν
296 2005 366 2041 τῶν
386 2003 645 2056 γεγενημένων,
665 2003 725 2041 καὶ
759 2003 793 2048 ἐξ
823 1998 870 2042 ὧν
897 2003 1042 2047 ἕκαστος
1067 2003 1130 2048 τὰς

102 2064 222 2108 θυσίας
236 2065 346 2103 αὐτῶν
364 2064 580 2117 προσήνεγκε
595 2067 644 2118 τῷ
666 2065 828 2118 Δεσπότῃ
839 2095 849 2113 ,
869 2065 962 2108 ὅπως
976 2065 1130 2116 ἔγκειται

101 2129 145 2177 τῇ
164 2121 318 2181 ἡμετέρα
348 2126 449 2179 φύσει
477 2130 499 2174 ἡ
531 2129 657 2178 γνῶσις
680 2130 748 2166 τῶν
768 2127 953 2179 πρακτέων
970 2128 1029 2165 καὶ
1059 2130 1127 2166 τῶν

102 2187 151 2238 μὴ
176 2188 374 2239 πρακτέων,
391 2187 452 2226 καὶ
465 2187 518 2226 ὅτι
538 2188 777 2232 αὖτεξουσίους
790 2192 885 2239 ἡμᾶς
904 2188 1091 2242 εἰργάσατο
1110 2192 1128 2228 ὁ

98 2251 168 2287 τῶν
188 2249 350 2287 ἁπάντων
379 2249 588 2303 δημιουργὸς
602 2280 612 2298 ,
647 2249 706 2288 καὶ
741 2251 922 2303 πανταχοῦ
957 2251 1026 2289 ἀπὸ
1064 2254 1127 2298 τῆς

96 2309 240 2362 γνώμης
262 2314 324 2359 τῆς
341 2311 515 2364 ἡμετέρας
541 2310 564 2358 ἢ
586 2311 809 2366 κατακρίνει,
826 2310 848 2358 ἢ
867 2319 1030 2365 στεφανοῖ
1041 2313 1127 2366 (ἀπὸ

97 2371 166 2426 γὰρ
185 2372 312 2420 ταύτης
331 2377 392 2412 τοῦ
413 2373 474 2424 μὲν
497 2372 696 2420 ἀπόὸλητος
714 2372 854 2425 γέγονεν
873 2377 895 2421 ἠ
917 2374 1036 2425 θυσία,
1065 2380 1126 2415 τοῦ

99 2432 135 2470 δὲ
154 2432 198 2471 τὰ
224 2435 319 2486 δῶρα
351 2434 567 2488 προσεδέχθη
582 2438 594 2484 )
608 2465 618 2483 ,
637 2434 698 2474 καὶ
715 2435 770 2475 ὅτι
796 2437 951 2475 ἐντεῦθεν
973 2437 1040 2476 ὑπὸ
1063 2441 1125 2490 βα-

98 2494 243 2538 σκανίας
267 2495 417 2541 κινηθεὶς
447 2498 464 2534 ὁ
493 2496 581 2535 Κᾶῖν
601 2496 660 2535 ἐπὶ
685 2497 742 2536 τὸν
766 2500 826 2537 τοῦ
851 2499 999 2551 ἀδελφοῦ
1024 2500 1124 2552 φόνον

99 2554 264 2606 ὥρμησε,
279 2555 338 2594 καὶ
361 2556 449 2608 μετὰ
467 2556 531 2604 τὴν
552 2557 694 2596 ἀνοσίαν
714 2558 844 2607 ταύτην
870 2559 1016 2615 πρᾶξιν,
1046 2565 1126 2614 βου-

97 2615 242 2666 λομένου
268 2620 328 2655 τοῦ
354 2620 447 2657 Θεοῦ
477 2618 731 2658 ἐκκαλέσασθαι
758 2620 860 2659 ’ἀύτὸν
886 2623 934 2665 εἰς
965 2621 1127 2674 ἐξομολό·

97 2683 199 2728 ’γησιν
231 2680 300 2716 τῶν
320 2679 601 2731 ἡμαρτημένων,
627 2680 706 2719 ὀὐδὲ
742 2681 832 2721 οὕτω
866 2682 906 2721 τὸ
941 2682 1125 2737 φάρμακον

97 2740 160 2784 τῆς
173 2738 324 2791 ἰατρείας
346 2739 505 2789 ἐδέξατο,
522 2740 614 2780 ἀλλὰ
640 2744 690 2795 τῷ
711 2745 857 2796 μυσαρῷ
886 2743 1006 2796 ἐκείνῳ
1032 2744 1125 2797 φόνῳ

96 2798 138 2837 τὸ
154 2800 275 2850 ψεῦδος
303 2800 457 2852 συνάψας
486 2802 550 2850 τὴν
585 2802 745 2855 χαλεπὴν
780 2804 915 2852 ἐκείνην
950 2805 1123 2858 τιμωρίαν

98 2860 337 2910 ἐπεσπάσατο,
363 2862 423 2901 καὶ
457 2863 585 2915 γυμνὸν
616 2864 676 2904 καὶ
703 2865 832 2918 ἔρημον
866 2868 988 2906 ἑαυτὸν
1017 2867 1124 2907 κατέ-

97 2936 204 2968 σϊησε
235 2925 298 2969 τῆς
327 2923 455 2962 ἄνωθεν
492 2928 622 2977 ῥοπῆς,
655 2927 850 2981 ὑπόδειγμα
881 2934 1124 2982 σωφρονισμοῦ

97 2988 184 3020 πᾶσι
203 2988 273 3027 τοῖς
302 2984 390 3035 ’μετὰ
407 2989 518 3024 ταῦτα
542 2987 786 3040 προκείμενος,
803 2989 862 3028 καὶ
882 2990 938 3029 διὰ
956 2993 1019 3037 τῆς
1038 2993 1125 3029 ἀπο-

96 3043 252 3096 φάσεως,
271 3039 313 3091 ἧς
331 3044 491 3095 ἐδέξατο,
514 3049 619 3088 παντὶ
642 3052 691 3102 τῷ
719 3054 788 3090 τῶν
815 3051 1006 3104 ἀνθρώπων
1032 3052 1124 3103 γένει

96 3104 347 3157 διαλεγόμενος,
366 3107 425 3146 καὶ
445 3110 627 3163 μονονουχὶ
654 3113 744 3163 βοῶν
766 3113 826 3150 καὶ
849 3112 979 3163 λέγων·
1002 3112 1124 3163 μηδεὶς

142 3233 157 3253 ⁴
173 3235 253 3278 neg.
272 3247 355 3270 unus
371 3243 420 3273 καὶ
434 3245 634 3286 ἀπολάὸωμευ
650 3248 691 3278 τὰ
708 3249 881 3291 &trappa-ia.

143 3291 156 3305 ·
171 3286 249 3319 Haec
271 3288 415 3322 Romilia
438 3298 511 3324 tota
531 3291 626 3326 deest
645 3295 679 3327 in
698 3295 847 3329 Colbert.
862 3295 988 3330 Codice
1010 3307 1101 3330 num.

102 3339 177 3370 362.
199 3337 285 3371 thid.
300 3339 428 3395 aliquot
442 3343 519 3378 Mss.
537 3352 571 3377 et
585 3346 721 3380 coislin.
740 3347 829 3381 hunc
845 3351 1018 3392 scripturae
1034 3357 1108 3382 tex·

103 3397 172 3421 tum
197 3390 350 3425 uomitum
365 3393 426 3425 XX
444 3395 616 3439 praefigunt
635 3411 640 3429 ε
660 3405 714 3433 καὶ
732 3404 804 3443 ἔγνω
828 3409 899 3436 κάίν
916 3408 969 3441 τὴν
986 3411 1107 3445 γυναῖκα

102 3446 209 3485 ajx-03,
230 3448 277 3477 καὶ
303 3448 485 3480 asma-:2072
513 3452 608 3483 ι”τειεν
632 3448 710 3489 ῐῗῖνὼς
729 3452 804 3496 (siv)
820 3459 867 3488 mi
891 3458 922 3493 ἦν
947 3457 1107 3497 οἰκοῖομῶκ

937 237 997 271 ἰν.
1037 235 1198 269 GENES.

2067 236 2144 266 201

1239 235 1397 267 HOMU„
1437 236 1515 266 XX.

1205 320 1375 371 simisque
1391 318 1638 357 affectionibus
1651 348 1662 368 ,
1679 317 1726 355 ad
1741 317 1880 354 beatam
1901 317 1999 354 illam
2027 317 2152 363 vitam,

1205 392 1238 420 et
1251 381 1448 420 ineffabilia
1466 381 1527 419 illa
1543 381 1650 426 bona,
1672 394 1750 431 quae
1761 380 1858 416 Deus
1871 392 1907 415 se
1922 377 2156 429 diligentibus

1205 443 1436 496 pta-paravit,
1477 441 1681 480 festinemus
1698 456 1706 477 :
1738 454 1817 491 quae
1853 439 2019 477 omnibus
2054 439 2157 476 nobis

1205 505 1457 552 concedantur,
1475 503 1588 556 gratia
1608 512 1640 541 et
1651 501 1869 555 benignitate
1882 500 2026 539 Domini
2049 501 2157 537 nostri

1205 568 1287 605 Jcsu
1308 566 1457 613 Christi,
1483 579 1564 604 cum
1586 580 1656 616 quo
1686 566 1802 613 Patri,
1823 563 1930 602 simul
1955 573 1988 601 ct
2005 561 2156 614 Spiritui

1204 637 1325 665 sancto
1341 628 1385 665 sit
1401 627 1527 678 gloria,
1543 627 1747 679 imperium,
1768 626 1893 672 honor,
1911 638 2005 663 nunc
2017 633 2051 662 et
2066 637 2157 662 sem-

1204 703 1278 741 per,
1294 698 1326 727 et
1340 689 1375 727 in
1391 690 1519 727 saecula
1539 689 1763 727 soeculorum.
1776 691 1900 727 Amen.

1522 936 1733 985 HOM‘HJA
1763 934 1849 985 XX.

1206 1071 1381 1124 Egressus
1402 1080 1453 1110 est
1468 1080 1586 1109 autem
1603 1070 1689 1109 Cain
1713 1085 1732 1108 a
1755 1070 1846 1108 facie
1865 1070 1929 1108 Dei
1941 1101 1952 1122 7
1970 1079 2003 1108 et
2019 1070 2142 1111 habita

1258 1133 1312 1173 vit
1331 1133 1366 1170 in
1384 1142 1477 1172 terra
1493 1132 1590 1171 Naid
1603 1148 1620 1170 e
1636 1131 1781 1185 regione
1795 1131 1924 1182 Edem,
1937 1135 2154 1187 eit—reliqua.

1258 1261 1294 1298 1.
1318 1261 1391 1310 Age
1410 1259 1541 1296 iterum
1557 1257 1667 1296 hodie
1690 1257 1725 1295 in
1742 1271 1868 1296 manus
1887 1267 2064 1297 sumentes
2079 1273 2159 1310 quae

1203 1320 1241 1358 in
1267 1320 1355 1358 serie
1379 1319 1466 1358 lecta
1491 1328 1585 1369 sunt,
1605 1318 1688 1357 inde
1706 1319 1811 1357 vohis
1829 1318 2028 1357 doctrinam
2049 1334 2159 1373 appo-

1203 1397 1344 1428 namus,
1366 1391 1400 1420 et
1429 1381 1575 1421 solitum
1599 1396 1645 1420 ex
1668 1381 1773 1419 libris
1791 1382 1886 1420 beati
1908 1376 2020 1419 Musis
2044 1382 2158 1420 collo—

1203 1445 1328 1496 quium
1340 1444 1550 1494 habeamus,
1566 1443 1637 1482 imo
1649 1458 1694 1482 ex
1709 1443 1822 1481 sancti
1838 1443 1994 1496 Spiritus
2010 1443 2159 1495 eloquiis

1203 1519 1280 1556 quae
1314 1520 1379 1558 per
1409 1505 1593 1558 prophetae
1618 1505 1781 1555 linguam
1809 1504 1932 1543 divina
1964 1505 2075 1556 gratia
2096 1520 2159 1543 nos

1202 1567 1338 1608 docuit.
1368 1570 1440 1611 Sed
1469 1582 1540 1619 quo
1566 1565 1788 1609 manifestior
1815 1581 1930 1606 sermo
1957 1576 2076 1608 noster
2102 1567 2158 1616 sit,

1202 1637 1318 1683 oper'ae
1340 1632 1499 1685 pretium
1524 1631 1646 1682 fuerit,
1678 1639 1717 1668 ut
1745 1630 1783 1667 in
1816 1629 2026 1668 memoriam
2057 1629 2160 1667 vobis

1203 1693 1412 1744 referamus,
1430 1693 1492 1731 ubi
1513 1693 1714 1732 doctrinam
1733 1706 1848 1744 nuper
1866 1691 2126 1730 absolverimus
2145 1721 2156 1740 ‚

1205 1763 1243 1792 ut
1262 1754 1386 1793 eadem
1415 1754 1523 1792 hodie
1545 1753 1708 1806 repetita,
1735 1752 1780 1790 de
1798 1766 1893 1790 nunc
1912 1752 2012 1790 lectis
2040 1751 2159 1789 dicere

1204 1815 1432 1867 incipiamus.
1471 1815 1580 1853 Scitis
1621 1814 1716 1852 enim
1744 1827 1807 1851 nos
1835 1822 2086 1865 argumentum
2113 1812 2158 1850 de

1205 1877 1292 1915 Cain
1315 1876 1453 1915 etAbel
1468 1875 1666 1915 narravisse
1680 1905 1690 1924 ‚
1710 1874 1933 1914 ostendentes
1950 1883 2022 1912 tam
2049 1889 2093 1912 ex
2114 1875 2157 1912 iis

1203 1952 1282 1989 quae
1307 1939 1398 1976 sacta
1429 1947 1534 1988 sunt,
1555 1952 1663 1990 quam
1681 1951 1726 1976 cx
1747 1936 1790 1974 iis
1806 1936 1852 1974 de
1879 1936 2011 1987 quibus
2024 1936 2159 1974 obtule-

1204 2009 1287 2038 runt
1302 2000 1457 2039 Domino
1487 1999 1678 2045 sacrificia,
1712 1996 1891 2048 quomodo
1913 1996 2159 2035 faciendorum

1203 2069 1237 2099 et
1255 2075 1324 2100 non
1344 2057 1586 2099 *faciendorum
1602 2059 1737 2112 agnitio
1750 2067 1886 2096 naturae
1903 2067 2031 2097 nostrae
2052 2057 2157 2096 insita

1202 2123 1262 2174 sit,
1284 2132 1318 2161 et
1346 2123 1506 2161 omnium
1523 2121 1703 2173 Opificem
1726 2134 1790 2158 nos
1817 2119 1921 2157 liberi
1941 2119 2081 2157 arbitrii
2102 2120 2157 2158 se—

1203 2185 1302 2235 cisse,
1321 2193 1427 2236 atque
1437 2184 1572 2235 ubique
1584 2183 1641 2222 vel
1656 2195 1835 2230 coronare,
1853 2181 1910 2219 vel
1923 2181 2158 2220 condemnare

1202 2246 1399 2285 secundum
1418 2246 1528 2285 animi
1543 2244 1655 2283 no's‘tri
1674 2243 1896 2297 propositum
1907 2243 1969 2291 (ob
1982 2243 2050 2281 hoc
2063 2243 2158 2281 enim

1201 2307 1421 2347 sacrificium
1442 2306 1531 2345 Cain
1568 2305 1799 2358 repudiatum
1833 2304 1915 2353 fuit,
1943 2303 2036 2343 dona
2073 2319 2158 2344 vero

1202 2370 1294 2409 Abel
1318 2373 1490 2422 accepta),
1514 2377 1620 2420 atque
1639 2366 1723 2405 inde
1742 2366 1918 2405 invidiam
1938 2375 2052 2404 ortam
2073 2366 2155 2403 Cai-

1201 2445 1289 2471 num
1307 2431 1344 2470 in
1363 2430 1497 2470 caed'em
1515 2429 1637 2468 fratris
1656 2428 1920 2477 exstimulasse‚
1942 2427 2004 2479 qui
2022 2436 2055 2465 et
2074 2436 2156 2479 post

1200 2494 1354 2547 impium
1373 2492 1534 2540 facinus,
1556 2490 1698 2529 volente
1720 2491 1796 2528 Deo
1822 2489 1938 2542 ipsum
1962 2502 2156 2541 provocare

1200 2554 1248 2594 ad
1279 2554 1534 2595 consessionem
1564 2561 1803 2605 peccatorum,
1838 2564 1951 2601 neque
1965 2550 2016 2587 sie
2045 2563 2156 2587 reme-

1143 2037 1189 2062 171

1154 2075 1179 2103 A

2175 1088 2361 1124 Cen.4.16.

1199 2615 1303 2656 dium
1328 2616 1488 2655 sanitatis
1515 2614 1670 2666 accepit,
1698 2612 1761 2651 sed
1783 2611 1929 2651 scelesto
1959 2611 2154 2650 homicidio

1200 2678 1427 2718 mendacium
1443 2675 1643 2728 conjunxit,
1666 2683 1699 2712 et
1721 2687 1867 2726 gravem
1888 2673 1989 2710 illam
2012 2687 2153 2725 poenam

1199 2741 1270 2780 sihi
1298 2739 1514 2785 conciliavit,
1537 2749 1760 2789 supernaque
1787 2734 1901 2787 gratia
1937 2747 1973 2772 se
2002 2733 2153 2773 nudavit

1200 2802 1349 2856 posteris
1375 2801 1411 2838 in
1442 2797 1668 2837 correctionis
1696 2797 1901 2849 exemplum
1929 2796 2149 2848 propositus,

1198 2874 1303 2916 atque
1322 2863 1367 2901 ad
1381 2861 1588 2901 sententiam
1606 2859 1640 2897 in
1660 2872 1696 2896 se
1714 2867 1904 2910 acceptam,
1922 2856 2018 2895 omni
2033 2857 2152 2895 homi-

1198 2940 1285 2964 num
1306 2924 1424 2977 generi
1447 2921 1626 2973 loquitur,
1649 2919 1749 2972 quasi
1772 2919 1928 2957 clamans
1950 2928 1984 2956 et
2005 2918 2149 2957 dicens:

1199 2990 1253 3027 Ne
1276 2987 1344 3025 tale
1358 2984 1446 3037 quid
1467 2983 1563 3021 ullus
1582 2991 1741 3020 vestrum
1760 2994 1930 3032 umquam
1947 2980 2090 3026 audeat,
2110 2996 2152 3018 ne

1199 3049 1235 3087 in
1255 3048 1390 3086 similes
1404 3043 1538 3084 incidat
1559 3056 1690 3095 poenas.
1717 3042 1871 3081 Vidistis
1886 3041 2029 3080 Domini
2054 3042 2152 3080 beni-

1200 3111 1389 3164 gnitatem,
1426 3104 1607 3159 quomodo
1639 3119 1702 3143 sua
1734 3105 1769 3142 in
1813 3105 1917 3143 illum
1947 3119 2049 3157 poena
2082 3118 2151 3142 non

1138 3248 1234 3280 πόλιν.
1246 3241 1324 3280 itu-33
1341 3242 1388 3273 sic
1404 3239 1524 3281 legitur
1538 3248 1667 3280 semper
1683 3238 1715 3269 in
1731 3235 1793 3269 hac
1810 3236 1945 3270 homilia
1963 3238 1996 3269 in
2012 3237 2145 3271 coislin.

1139 3305 1171 3328 ct
1192 3294 1294 3329 Savit.
1315 3294 1396 3325 etin
1420 3292 1492 3323 aliis
1515 3288 1726 3334 quibusdam.

1183 3350 1196 3375 s
1213 3349 1292 3389 Reg.
1313 3355 1395 3377 uuus
1417 3359 1470 3382 tm
1494 3350 1591 3389 ἀρχὴν
1616 3352 1674 3376 τῶν
1699 3347 1941 3384 ἀναγνωσθέντων
1966 3351 2149 3384 ποιήσωμεν,

1141 3409 1172 3434 et
1190 3399 1314 3434 ibidem
1340 3394 1409 3432 Ᾰξε)
1432 3401 1591 3440 ὑπόμνησιν
1608 3403 1784 3433 κινήσαντες.
