2483 3791
263 240 348 286 152
663 252 702 283 S.

261 352 361 382 rum,
381 344 417 375 et
442 344 699 388 cognoverunt
725 335 829 387 quod
849 335 941 372 nudi
961 340 1097 370 essent.
1112 328 1211 374 Quid

261 399 390 447 fecisti,
411 413 431 436 o
456 397 610 437 mulier?
629 397 708 434 Non
741 396 853 433 solum
884 392 1083 446 pernicioso
1113 402 1212 427 acce-

263 469 327 513 pto
352 458 498 497 consilio
524 457 638 508 legem
656 471 676 493 a
696 457 771 493 Deo
789 454 910 491 datam
929 449 1155 497 conculcasti,
1181 456 1215 485 et

265 520 476 559 mandatum
501 516 729 565 contemsisti,
743 524 775 552 et
798 515 833 551 in
856 522 991 550 tantam
1010 509 1138 550 venisti
1161 509 1215 546 in·
1243 519 1264 548 B

266 579 558 634 temperantiam,
583 586 623 614 ut
650 590 719 613 non
750 582 911 612 contenta
940 581 992 610 tot
1017 579 1216 609 tantorum-

269 657 336 694 que
373 640 557 686 fruitione,
582 637 690 675 etiam
716 635 864 673 unicum
887 634 955 671 hoc
980 632 1122 683 lignum
1139 661 1148 679 ,
1171 629 1216 668 de

267 717 337 754 quo
351 716 394 740 ne
409 698 607 739 comederes
627 705 841 749 praeceperat
860 694 1048 739 Dominus,
1064 705 1149 730 ausa
1169 690 1216 729 sis

268 775 419 812 sumere,
438 769 472 798 et
497 759 568 798 fide
591 757 715 796 habita
737 757 780 795 iis
804 770 882 807 quae
903 769 922 793 a
941 762 1102 806 serpente
1121 751 1217 790 dicta

268 833 371 874 sunt,
398 821 543 861 fidelius
575 818 710 872 putasti
735 818 835 856 iltius
866 815 1053 854 consilium
1070 845 1079 862 ‚
1109 827 1216 865 quam

269 884 478 924 mandatum
503 897 524 920 a
554 880 743 919 Conditore
772 879 918 925 datum,
942 886 975 915 et
1004 876 1040 913 in
1078 883 1219 913 tantum

271 946 418 999 decepta
446 958 501 994 es,
524 951 564 980 ut
597 956 640 980 ne
676 940 779 980 venia
818 938 962 991 quidem
996 937 1104 988 digna
1141 934 1218 973 sis?

270 1008 368 1046 Num
390 1005 485 1043 enim
504 1002 663 1056 ejusdem
687 1010 821 1039 naturae
837 1008 912 1038 erat
928 998 990 1049 qui
1008 997 1077 1034 'noc
1098 1010 1222 1034 consu-

269 1067 390 1106 lebat?
404 1066 463 1104 Ex
482 1064 634 1104 subditis
653 1072 686 1101 et
703 1061 828 1111 servis,
847 1069 880 1098 et
896 1060 963 1097 sub
979 1068 1039 1096 tua
1054 1065 1224 1110 potestate

271 1137 357 1167 erat.
373 1127 493 1174 Quare
519 1125 569 1163 sic
593 1124 743 1176 teipsam
766 1121 922 1169 foedasti,
944 1128 977 1157 et
997 1118 1061 1156 illo
1082 1117 1221 1165 relicto,

272 1197 418 1242 propter
451 1201 557 1238 quem
588 1186 739 1223 formata
768 1197 818 1233 es,
844 1181 889 1219 ad
917 1181 1019 1233 cujus
1048 1178 1226 1216 auxilium

274 1249 450 1302 producta
483 1261 534 1297 es,
557 1247 658 1299 cujus
688 1244 905 1296 dignitatum
922 1255 958 1280 es
978 1240 1176 1293 particeps,
1196 1247 1229 1276 et
1252 1253 1275 1283 (3

277 1325 359 1348 cum
378 1323 450 1361 quo
475 1307 634 1361 ejusdem
661 1321 697 1345 es
719 1304 923 1344 substantiae
949 1311 981 1341 et
995 1302 1106 1350 vocis,
1123 1302 1160 1339 in
1176 1301 1228 1338 sa-

277 1371 519 1409 lniliaritatem
552 1367 723 1421 serpentis
753 1366 876 1405 venire
903 1363 1119 1412 sustinuisti,
1143 1371 1181 1400 ut
1208 1377 1228 1399 a

280 1431 423 1470 diabolo
453 1444 516 1483 per
543 1429 635 1467 hane
659 1427 810 1466 bestiam
838 1426 1013 1477 acciperes
1043 1423 1231 1462 consilium

276 1492 461 1531 manifeste
494 1490 711 1530 contrarium
740 1488 784 1526 iis
811 1502 888 1538 quae
918 1500 938 1523 a
963 1487 1038 1524 Deo
1065 1494 1148 1523 sunt
1174 1485 1229 1522 in-

273 1554 551 1607 junctazneque
582 1551 633 1589 sic
660 1557 821 1589 aversata
856 1561 891 1585 es
921 1546 1048 1595 illum,
1078 1545 1140 1583 sed
1168 1560 1229 1597 spe

277 1613 536 1667 promissionis,
553 1612 598 1650 de
617 1612 696 1650 cibo
715 1611 778 1649 illo
797 1622 935 1648 sumere
954 1622 1039 1644 ausa
1058 1607 1122 1644 es?
1142 1606 1228 1644 Esto

278 1677 390 1728 igitur
398 1691 409 1726 3
429 1675 578 1727 teipsam
597 1673 633 1711 in
657 1681 798 1710 tantum
816 1668 1057 1722 praecipitium
1078 1667 1229 1719 depule-

278 1737 343 1788 ris,
365 1746 398 1775 et
419 1737 554 1774 honore
580 1734 737 1772 maximo
757 1731 956 1785 privaveris
973 1746 980 1766 :
999 1744 1105 1780 quare
1125 1739 1157 1767 et
1176 1729 1230 1768 vi-

279 1812 361 1836 rum
380 1806 483 1835 tantae
497 1796 610 1834 ruinae
627 1794 763 1833 socium
779 1788 892 1830 facis?
908 1800 942 1829 et
957 1791 1060 1842 cujus
1077 1799 1111 1827 te
1126 1789 1230 1841 adju-

277 1859 404 1897 tricem
425 1872 499 1896 esse
512 1856 710 1909 oportebat,
728 1854 827 1892 illius
843 1853 934 1890 facta
953 1865 989 1889 es
1008 1850 1228 1901 insidiatrix,

280 1929 314 1958 et
329 1920 375 1958 ob
388 1919 579 1957 minimum
592 1916 662 1956 cibi
678 1915 783 1954 illum
797 1927 939 1965 quoque
954 1922 1071 1951 tecum
1082 1927 1101 1949 a
1119 1912 1232 1964 gratia

280 1980 349 2018 Dei
379 1977 588 2017 abalienas?
613 1977 703 2024 Quae
731 1984 765 2013 te
792 1973 1000 2026 prodigiosa
1030 1973 1168 2011 insania
1195 1973 1232 2012 in

281 2048 416 2078 tantam
441 2037 629 2077 audaciam
657 2034 825 2074 induxit?
840 2035 920 2073 Non
951 2033 1037 2072 satis
1060 2043 1135 2071 erat
1168 2034 1234 2072 tibi

279 2101 421 2139 beatam
444 2100 537 2137 hanc
565 2098 679 2138 vitam
702 2109 825 2147 agere,
856 2104 889 2133 et
914 2109 1060 2147 corpore
1090 2095 1236 2145 quidem

280 2161 429 2210 vestiri,
455 2173 569 2210 neque
593 2157 787 2210 corporalis
818 2156 869 2194 rei
894 2155 1046 2207 alicujus
1076 2155 1237 2206 indigam

282 2221 381 2260 esse?J
405 2220 570 2259 omnibus
595 2219 633 2256 in
660 2216 826 2270 paradiso
855 2215 939 2264 frui,
959 2224 1106 2267 excepto
1131 2216 1237 2254 unico

282 2282 351 2320 hoc
366 2280 490 2333 ligno?
510 2278 670 2318 xisibilia
689 2278 808 2315 omnia
827 2275 894 2314 sub
909 2284 1028 2315 vestra
1049 2289 1122 2313 esse
1140 2285 1239 2327 pote-

284 2351 386 2389 state,
404 2350 437 2380 et
464 2350 498 2379 te
526 2354 599 2378 esse
624 2338 786 2377 omnium
810 2336 1020 2374 dominam?
1035 2335 1106 2374 Sed
1136 2336 1238 2374 vanis

285 2403 430 2456 decepta
446 2400 754 2455 promissionibus,
774 2397 922 2451 sperasti
948 2397 1055 2435 etiam
1077 2396 1113 2434 in
1141 2412 1237 2435 snm-

285 2478 385 2502 mum
399 2462 584 2516 pervenire
596 2461 741 2499 honoris
754 2458 962 2510 fastigium?
973 2458 1111 2497 idcirco
1124 2458 1237 2496 disces

285 2540 324 2564 re
339 2526 428 2578 ipsa,
441 2533 475 2562 te
488 2538 558 2562 non
575 2523 691 2561 solum
707 2521 768 2559 illa
781 2534 850 2558 non
867 2528 1135 2570 assequuturam
1149 2533 1235 2568 esse,

287 2587 347 2627 sed
367 2595 400 2624 et
418 2584 582 2623 omnibus
595 2584 672 2636 jam
689 2597 708 2620 a
727 2583 804 2620 Deo
821 2581 887 2619 tibi
906 2580 1000 2620 datis
1020 2580 1235 2632 privandam

287 2657 321 2687 et
334 2648 496 2700 teipsam,
510 2655 544 2684 et
559 2645 681 2685 virum
699 2659 706 2680 :
721 2652 825 2694 atque
847 2642 883 2680 in
903 2650 1036 2679 tantam
1065 2641 1236 2694 poeniten-

288 2709 374 2747 tiam
392 2707 554 2757 venictis,
575 2714 615 2744 ut
642 2713 675 2743 et
693 2718 792 2742 serus
811 2711 926 2742 vester
951 2701 1053 2740 dolor
1078 2703 1233 2751 futurus,
1261 2717 1286 2747 E

289 2779 322 2808 et
350 2770 528 2819 malignus
551 2767 705 2815 daemon,
734 2765 796 2817 qui
819 2764 888 2802 hoc
909 2763 1120 2802 damnosum
1138 2763 1242 2802 vobis

291 2830 478 2870 consilium
500 2826 674 2880 suggessit
692 2826 844 2874 risurus,
857 2824 1030 2875 vobisque
1051 2823 1242 2862 insultatu-

290 2906 352 2930 rus
381 2891 440 2937 sit,
463 2898 583 2941 utpote
607 2886 824 2939 jacentibus,
844 2895 878 2924 ct
908 2884 1030 2923 eadem
1058 2899 1136 2935 quae
1168 2885 1242 2936 ipse

291 2951 414 3005 passis.
432 2949 574 2988 Etenim
593 2948 685 2986 sicut
704 2947 764 2984 ille
783 2961 890 2998 supra
905 2960 1012 2997 quam
1032 2944 1178 2983 decebat
1197 2945 1242 2983 de

291 3026 327 3050 se
353 3011 515 3059 sentiens,
535 3024 554 3046 a
577 3022 737 3046 concessa
761 3007 935 3058 dignitate
959 3005 1188 3054 deturbatus,
1209 3015 1242 3043 et

1259 2061 1285 2090 1)

291 3094 309 3117 e
328 3079 424 3118 caelis
450 3078 486 3116 in
507 3086 636 3115 terram
662 3075 818 3126 dejectus
849 3083 900 3112 cst
918 3089 925 3110 ε
945 3073 1035 3112 istuc
1066 3073 1184 3126 ipsum
1208 3083 1241 3111 ct

332 3224 345 3239 ¹·
361 3208 477 3245 Morel.
505 3210 528 3242 ὦ
552 3208 651 3251 γύναια
669 3210 700 3240 οὐ
723 3213 811 3249 μόνον
834 3210 926 3246 otiari-a
951 3212 1004 3244 τὴν
1022 3210 1171 3253 ὀλεθρίαν.
1191 3203 1293 3238 Savil.

289 3275 322 3300 et
337 3267 414 3298 MSS.
439 3264 462 3296 ὦ
481 3264 580 3303 γῦναι;
596 3262 643 3293 διὰ
668 3263 696 3291 τί
718 3265 769 3295 τὴν
786 3262 923 3304 &RQ-11¹2„
943 3262 1031 3300 «μμ-ς’.
1048 3259 1123 3290 Mox
1145 3269 1226 3289 unns
1246 3260 1294 3290 ‹35-

289 3321 514 3365 δωρημὲνον,ὓῑ
537 3311 621 3343 infra
647 3319 684 3353 τῇ
707 3313 884 3350 ἀπολαύσει,
903 3310 1025 3341 omisso
1040 3312 1181 3356 τοσαύτῃ.
1195 3307 1294 3342 Paulo

288 3378 364 3414 post
377 3365 492 3400 Morcl.
508 3371 552 3407 μὴ
572 3367 754 3409 ἐράψασῦνι,
771 3360 822 3393 alii
846 3369 888 3401 μὴ
911 3365 1052 3404 ἆρχσφχι,

332 3423 347 3446 1“
364 3421 424 3453 Alii
448 3420 579 3453 κοινωνὸς
605 3421 655 3451 τῆς
677 3417 818 3451 ἐξοινίας.

741 251 926 283 JOANMS
960 248 1199 280 cnm'sos‘r.
1238 245 1444 287 Anauni).
1483 233 1839 273 consumunmt

1282 329 1314 365 Τ
1320 327 1329 363 ί
1355 326 1568 372 πεποίηκας,
1596 318 1646 362 ⁸5)
1666 325 1786 376 γύναι,
1807 326 1861 364 Οὐ
1883 324 1984 376 μόνον
2004 323 2111 371 αὐτὴν
2134 322 2197 370 τὴν
2218 324 2297 361 ὄλεέ

1284 387 1381 439 θρίαν
1405 386 1605 437 συμὸουλὴν
1629 386 1797 437 δεξαμένη
1823 387 1882 425 τὸν
1902 385 1998 438 παρὰ
2017 391 2077 424 τοῦ
2092 387 2183 425 Θεοῦ
2208 386 2302 422 δεδο*

1286 447 1386 497 μένον,
1407 448 1509 498 νόμον
1529 447 1775 494 κατεπάτησας
1787 475 1797 492 ,
1816 447 1876 485 καὶ
1898 446 2075 500 ἐξύὸρισας
2095 448 2142 490 εἷς
2161 445 2223 492 τὴν
2244 447 2302 482 ἐν’-

1286 509 1409 556 τολὴν,
1438 509 1498 546 καὶ
1531 507 1681 560 τοσαύτῃ
1715 508 1855 560 ἐχρήσω
1889 511 1950 560 τῇ.
1967 507 2141 559 ἀκρασίᾳ,
2173 510 2219 550 ὡς
2255 505 2303 556 μὴ

1288 572 1500 622 ἀρκεσθῆναι
1519 572 1561 622 τῇ
1581 568 1732 620 τοσαύτῃ
1753 568 1959 617 ἀπολαύσει,
1976 568 2066 607 ἀλλὰ
2084 568 2215 606 καὶτοῦ
2234 566 2307 609 ἑνὸς

1289 630 1411 679 ξύλου,
1440 625 1478 669 οἷ
1507 629 1718 682 προσέταξεν
1755 633 1773 668 ὃ
1801 629 1981 676 Δεσπότης
2007 627 2056 679 μὴ
2086 627 2306 679 ἐφάψασθαι,

1287 692 1482 743 ἐτόλμησας
1496 690 1726 729 ἐπιλαὸέσθαι
1737 721 1746 739 ,
1763 690 1823 728 καὶ
1837 689 2041 733 ἐπίστευσας
2057 695 2128 731 τοῖς
2141 688 2238 740 παρὰ
2248 691 2308 725 τοῦ

1287 753 1395 806 ὄφεως
1426 753 1620 804 εἰρημένοις
1634 781 1643 799 ,
1678 752 1736 791 καὶ
1772 751 2056 804 ἀξιοπιστοτέραν
2091 749 2155 796 τὴν
2188 748 2308 787 τούτου

1287 814 1486 865 συμὲουλὴν
1512 815 1672 865 ἐνόμισας
1696 817 1758 860 τῆς
1782 811 1880 866 παρὰ
1906 816 1966 850 τοῦ
1991 810 2309 863 δημιουργήσαντος

1289 876 1443 923 δοθείσης
1463 878 1615 923 ἐντολῆς,
1641 875 1700 914 καὶ
1725 874 1895 921 τοσαύτην
1917 876 2136 920 ἀπατηθεῖσα
2156 872 2308 919 ἀπάτην,

1290 940 1336 980 ὡς
1357 938 1446 987 μηδὲ
1466 936 1673 989 συγγνώμης
1701 930 1788 974 εἶναι
1812 935 1938 983 ἀξίαν,
1962 935 2025 982 Μὴ
2050 934 2118 987 γὰρ
2142 934 2311 986 ὃμογενής

1292 1014 1344 1036 σοι
1381 993 1424 1044 ἦν
1455 1001 1473 1036 ὃ
1497 998 1560 1043 τὴν
1594 997 1794 1048 συμὸουλὴν
1823 996 2042 1047 εἷσαγαγών;
2070 998 2151 1034 Τῶν
2188 998 2312 1034 ὑποτε-

1292 1059 1474 1109 ταγμένων
1523 1058 1711 1110 ἐτύγχανε,
1753 1059 1821 1096 τῶν
1858 1057 1987 1095 δούλων
2034 1059 2102 1096 τῶν
2146 1057 2212 1096 ὑπὸ
2248 1055 2313 1102 τὴν

1295 1118 1357 1165 σὴν
1391 1119 1544 1163 ἐξουσίαν
1575 1120 1828 1170 τυγχανόντων.
1850 1119 1954 1162 Τίνος
1978 1119 2090 1157 ἕνεκεν
2113 1118 2203 1157 οὕτω
2231 1135 2314 1158 σαυ-

1294 1179 1356 1226 τὴν
1383 1180 1627 1232 κατῄσχυνας,
1657 1180 1717 1217 καὶ
1754 1182 1880 1218 ἐκεῖνον
1908 1182 2174 1228 καταλιποῦσά,
2206 1181 2251 1218 δι’
2278 1180 2314 1218 ὃν

1297 1241 1575 1293 ἐδημιουργῆθης
1587 1269 1596 1287 ,
1610 1235 1638 1293 ᾧ
1658 1240 1743 1294 πρὸς
1768 1240 1928 1292 βοήθειαν
1944 1240 2151 1293 παρήχθης,
2170 1235 2199 1292 ᾧ
2215 1239 2316 1278 1’κοιο

1297 1303 1401 1346 νωνὸς
1430 1306 1492 1349 τῆς
1518 1302 1615 1346 ἀξίας
1644 1301 1785 1354 ἐγένου,
1815 1302 1875 1341 καὶ
1907 1301 2105 1353 ὃμοούσιος,
2134 1302 2193 1340 καὶ
2226 1301 2316 1353 ὁμό-

1297 1378 1408 1416 φωνος
1423 1394 1433 1412 ,
1452 1366 1502 1416 ;ῷ
1521 1364 1596 1415 ὄφει
1617 1365 1663 1407 εἷς
1683 1363 1821 1414 ὁμιλίαν
1842 1365 1950 1402 ἐλθεῖν
1972 1363 2162 1411 κατεδέξω,
2180 1363 2240 1402 καὶ
2260 1362 2318 1401 διὰ

1299 1428 1358 1462 τοῦ
1385 1423 1503 1477 θηρίου
1525 1424 1647 1462 τούτου
1673 1424 1734 1471 τὴν
1753 1424 1850 1476 παρὰ
1877 1427 1936 1463 τοῦ
1963 1424 2125 1463 διαὲόλου
2157 1423 2319 1468 δέξασθαι

1300 1485 1512 1535 συμὸουλὴν,
1546 1485 1605 1523 καὶ
1633 1488 1787 1538 φανερῶς
1812 1485 2019 1528 ἀπεναντίας
2037 1479 2142 1524 οὖσαν
2170 1489 2232 1532 τῆς
2260 1490 2321 1524 τοῦ

1301 1546 1619 1598 δημιουργήσαντος
1632 1545 1850 1597 νομοθεσίας,
1863 1545 1940 1584 οὐδὲ
1957 1546 2064 1590 οὕτως
2079 1547 2321 1600 ἀπεστράφης,

1302 1608 1391 1647 ἀλλὰ
1409 1611 1452 1660 τῇ
1482 1607 1597 1646 ἐλπίδι
1625 1610 1687 1653 τῆς
1717 1607 1938 1658 ὑποσχέσεως
1966 1607 2230 1658 κατετόλμησας
2260 1611 2323 1654 τῆς

1303 1669 1548 1721 μεταλήψεως,
1582 1667 1702 1707 Ἔστω
1746 1667 1858 1705 τοίνυν
1873 1683 1880 1690 ·
1916 1667 2044 1715 σαυτὴν
2079 1670 2127 1711 εἷς
2161 1671 2322 1706 τοσοῦτον

1302 1731 1455 1784 κρημνὸν
1472 1730 1680 1780 κατήγαγες,
1695 1729 1756 1768 καὶ
1769 1733 1832 1776 τῆς
1845 1733 1949 1779 τιμῆς
1963 1733 2024 1776 τῆς
2039 1729 2324 1782 ὑπερὸαλλούσης

1303 1791 1560 1843 ἀπεστέρησας·
1590 1791 1682 1834 τίνος
1708 1790 1822 1829 ἕνεκεν
1849 1790 1909 1829 καὶ
1941 1791 1999 1828 τὸν
2025 1791 2133 1843 ἄνδρα
2163 1791 2324 1829 κοινωνὸν

1304 1853 1496 1903 λαμὲάνεις
1524 1857 1584 1890 τοῦ
1614 1853 1772 1904 χαλεποῦ
1791 1852 1930 1891 οτούτου
1958 1852 2198 1904 πταίσματος,
2218 1853 2277 1891 καὶ
2296 1848 2326 1904 ᾧ

1307 1914 1429 1966 βοηθὸς
1449 1907 1536 1952 εἶναι
1550 1914 1701 1966 ἐτάχθης
1712 1944 1721 1961 ,
1737 1913 1858 1952 τούτου
1878 1913 2058 1957 ἐπίὸουλος
2073 1913 2152 1966 γίνῃ
2165 1943 2175 1961 ,
2189 1914 2250 1952 καὶ
2269 1913 2325 1951 διὰ

1306 1983 1433 2028 μικρᾶς
1451 1975 1613 2027 βρώσεως
1638 1976 1701 2020 τῆς
1718 1974 1848 2018 εὐνοίας
1865 1977 1927 2021 τῆς
1944 1974 2042 2028 παρὰ
2060 1979 2120 2014 τοῦ
2145 1977 2237 2014 Θεοῦ
2266 1976 2326 2013 ἀλ-

1305 2038 1454 2089 λοτριοῖς
1478 2039 1637 2075 κάκεῖνον
1665 2035 1755 2087 μετὰ
1782 2038 1932 2083 σαυτῆς,
1951 2035 2044 2074 Ποία
2065 2035 2190 2087 μανίας
2217 2039 2327 2089 ὓπερ-

1308 2097 1393 2143 &ok->1
1427 2098 1474 2140 εἷς
1502 2096 1675 2143 τοσαύτην
1709 2113 1747 2135 σε
1776 2096 1840 2143 την
1871 2096 2005 2147 τόλμαν
2035 2096 2166 2149 ἤγαγεν
2177 2112 2188 2146 ;
2223 2095 2327 2136 ἁΟὐκ

1307 2158 1408 2210 ἤρκει
1433 2174 1488 2196 σοι
1510 2159 1568 2196 τὸν
1597 2157 1841 2210 ἀταλαίπωρον
1868 2158 1929 2208 ζῇν
1962 2157 2048 2208 βίον,
2068 2158 2108 2196 τὸ
2135 2160 2238 2209 σῶμα
2266 2159 2329 2208 μὲν

1307 2221 1544 2270 περικεῖσθαι,
1566 2218 1711 2268 μηδενὸς
1731 2217 1766 2256 δὲ
1787 2219 1920 2256 δεῖσθαι
1938 2221 2007 2256 τῶν
2037 2221 2267 2270 σωματικῶν,
2289 2219 2330 2256 τὸ

1308 2279 1447 2317 πάντων
1465 2282 1533 2317 τῶν
1564 2281 1598 2316 ἓν
1622 2281 1672 2331 τῷ
1700 2278 1902 2331 παραδείσῳ
1932 2278 2121 2317 ἀπολαύειν
2140 2280 2231 2327 πλὴν
2257 2280 2330 2323 ἑνὸς

1310 2340 1432 2387 ξύλους
1456 2341 1496 2378 τὸ
1514 2341 1629 2379 πάντα
1648 2339 1691 2378 τὰ
1716 2340 1876 2392 ὁρώμενα
1901 2340 1967 2379 ὑπὸ
1987 2340 2050 2387 τὴν
2071 2340 2226 2385 ἐξουσίαν
2243 2336 2330 2380 εἶναι

1310 2401 1373 2448 τὴν
1403 2400 1585 2453 ὑμετέραν,
1610 2401 1670 2439 καὶ
1699 2400 1762 2447 τὴν
1788 2400 1879 2439 κατὰ
1903 2401 2043 2439 πάντων
2069 2401 2181 2454 ἀρχὴν
2205 2405 2332 2449 κεκτῆ-

1310 2467 1413 2511 σθαι,
1433 2464 1507 2500 ἀλλ’
1526 2464 1746 2509 ἀπατηθεῖσα
1764 2467 1840 2506 ταῖς
1860 2461 1977 2500 ἐλπίσι
1992 2463 2254 2514 προσεδόκησας
2271 2464 2332 2502 καὶ

1311 2527 1357 2568 εἷς
1391 2523 1497 2571 αὐτὴν
1524 2523 1586 2570 τὴν
1618 2523 1786 2561 ἀνωτάτω
1816 2523 1967 2576 κορυφὴν
1994 2523 2109 2572 ἥξειν,
2138 2523 2207 2563 Διὰ
2233 2529 2333 2563 τοῦτο

1312 2585 1452 2638 μαθήσῃ
1469 2586 1512 2623 δι’
1530 2587 1643 2622 αὐτῶν
1659 2587 1727 2622 τῶν
1743 2584 1972 2636 πραγμάτων,
1990 2584 2045 2623 ὅτι
2064 2587 2101 2623 οὗ
2119 2585 2221 2635 μόνον
2240 2585 2334 2623 ἐκεί-

1311 2661 1377 2683 νων
1397 2648 1459 2684 οὖκ
1482 2644 1641 2697 ἐπιτεύξῃ
1655 2674 1664 2692 ,
1682 2645 1772 2683 ἀλλὰ
1789 2645 1848 2683 καὶ
1862 2645 2002 2683 πάντων
2021 2648 2091 2683 τῶν
2107 2645 2176 2692 ἤδη
2193 2645 2334 2695 δεδομέ-

1312 2723 1378 2745 νων
1402 2706 1651 2760 ἀποστερῆσεις
1673 2706 1732 2744 καὶ
1747 2706 1892 2753 σαυτὴν,
1909 2705 1968 2744 καὶ
1987 2705 2044 2743 τὸν
2063 2705 2190 2759 ἄνδρα,
2209 2706 2267 2743 καὶ
2285 2707 2334 2748 εἷς

1312 2769 1483 2813 τοσαύτην
1509 2768 1609 2814 ἥξετε
1640 2765 1872 2818 μεταμέλειαν
1889 2769 1935 2809 ὡς
1953 2769 2044 2817 ὑμᾶς
2075 2766 2137 2817 μὲν
2171 2767 2334 2820 ἄπρακτα

1314 2829 1600 2881 μεταγινώσκειν,
1620 2829 1678 2867 τὸν
1700 2828 1736 2866 δὲ
1758 2828 1907 2881 πονηρὸν
1928 2828 2077 2880 δαίμονα
2102 2828 2159 2866 τὸν
2179 2828 2242 2876 τὴν
2262 2831 2336 2867 ὀλε-

1314 2891 1410 2943 θρίαν
1434 2890 1562 2937 ταύτην
1582 2888 1780 2940 συμὸουλὴν
1809 2889 2040 2941 εἰσαγαγόντα
2055 2894 2070 2910 ⁰
2082 2891 2259 2942 ἐπιγελᾷν,
2276 2890 2337 2928 καὶ

1313 2952 1549 3002 ἐπεμῧαίνειν,
1575 2951 1634 2988 ἅτε
1665 2950 1706 2996 δὴ
1726 2950 1846 2988 λοιπὸν
1866 2950 2054 3001 κειμένοις,
2085 2951 2143 2989 καὶ
2172 2951 2215 2989 τὰ
2247 2951 2337 2990 αὐτὰ

1315 3013 1434 3064 ἐκείνῳ
1451 3011 1650 3051 πεπονθόσι.
1671 3011 1841 3063 Καθάπερ
1857 3011 1923 3064 γὰρ
1947 3013 2072 3056 ἐκεῖνος
2097 3012 2142 3050 τὰ
2160 3011 2247 3064 ὑπὲρ
2271 3010 2337 3057 τὴν

1315 3073 1412 3117 ἀξίαν
1444 3074 1637 3126 φρονήσας,
1655 3070 1724 3125 [καὶ
1747 3076 1810 3119 τῆς
1838 3072 2118 3126 παρασχεθείσης
2137 3072 2233 3116 ἀξίας
2263 3071 2337 3115 ἐξε-

1374 3213 1387 3227 ⁶
1403 3204 1466 3237 Sex
1481 3204 1557 3235 Mss.
1575 3205 1681 3238 τοὺτου
1702 3209 1876 3246 πτώματος.
1894 3200 1957 3234 Alii
1971 3203 2076 3236 τοὺτου
2090 3206 2288 3243 πταίσματος.

1373 3255 1388 3278 ‘¹
1406 3256 1484 3297 Rog.
1504 3268 1586 3288 unus
1601 3262 1650 3291 οὐκ
1666 3263 1783 3301 ἤρκεσε·

1375 3314 1385 3325 ⁰
1402 3307 1461 3338 ΛΗῙ
1488 3314 1648 3352 ἐπεγγελᾴυ
1677 3309 1753 3341 Mox
1779 3305 1894 3340 Morel.
1913 3312 1951 3340 τὰ
1975 3309 2051 3340 αὐτὰ
2077 3310 2156 3349 αὐτῷ
2183 3320 2251 3340 πεπ.
2271 3304 2332 3337 Alit

1331 3358 1445 3391 melius
1461 3365 1567 3402 ἐκείνῳ.
