2516 3791
696 182 735 212 tx
774 183 873 213 CU‘.
916 182 976 212 Vt.

119 266 172 304 διὰ
193 265 254 312 τὴν
275 265 405 311 πολλὴν
428 264 654 316 εὐαρέστησιν
681 267 793 309 ζῶντα
817 266 918 304 αὐτὸν
940 264 1136 314 μετέθηκα,

118 325 245 369 δεικνὺς
273 326 333 365 καὶ
357 332 428 368 τοῖς
453 324 515 372 τὴν
545 324 670 377 ἀρετὴν
701 329 897 376 μετιοῦσιν,
917 325 1006 364 ὅσων
1029 341 1136 364 κατα-

115 387 264 431 ξιοῦνται
296 388 364 424 τῶν
401 387 558 436 ἀμοιὸὥν
571 414 581 431 ,
620 386 679 424 καὶ
707 386 914 436 βουλόμενος
947 385 1024 429 τοὺς
1057 385 1136 431 ἑξῆς

113 447 130 469 ¹³
142 446 298 494 ζηλωτὰς
319 446 449 486 ἐκείνου
475 449 712 492 καταστῆσαι,
731 447 790 484 καὶ
809 446 873 493 τὴν
888 447 997 494 αὐτὴν
1013 446 1134 498 ἐκείνῳ

114 508 255 559 βαδίσαι
285 508 372 547 ὁδόν.
395 508 497 547 Ἐπεὶ
524 507 650 555 τοίνυν,
676 507 815 546 πάντων
843 507 963 546 λοιπὸν
984 507 1041 545 ἐπὶ
1069 506 1133 553 τὴν

113 569 237 608 κακίαν
255 570 590 620 αὐτομολησάντων,
607 568 644 606 σὲ
668 568 770 619 μόνον
798 562 895 620 εὗρον
921 570 955 606 ἐν
979 566 1132 619 τοσούτῳ

113 631 238 678 πλήθει
250 631 437 682 δυνάμενον
458 630 740 668 ἀνακαλέσασθαι
756 632 815 666 τοῦ
831 629 1050 681 προπάτορος
1068 626 1132 673 τὴν

114 692 333 744 παράὸασιν,
362 691 451 742 μετὰ
470 694 531 729 σοῦ
560 690 681 737 στήσω
698 689 760 736 τὴν
779 689 948 736 διαθήκην
977 703 1054 739 μου.
1085 687 1131 726 ‘H

112 752 180 805 γὰρ
192 757 258 791 τῶν
275 752 496 804 βεὸιωμένων
511 767 566 790 σοι
578 751 701 802 πρᾶξις
715 749 913 794 ἀξιόπιστόν
929 764 968 787 σε
981 748 1131 788 δείκνυσι

112 812 198 863 πρὸς
216 813 255 850 τὸ
271 813 430 857 δέξασθαι
446 813 506 854 τὰς
526 814 610 864 παρ’
629 814 713 862 ἐμοῦ
731 810 881 854 ἐντολάς.
902 805 992 849 Εἶτα
1008 810 1063 848 ἵνα
1081 810 1130 860 μὴ

112 874 298 913 καὶταῦτα
318 874 452 912 ἀκούων
471 877 490 912 ὁ
520 873 650 916 δίκαιος
678 874 806 915 ἐκεῖνος
838 871 888 910 ἔτι
918 873 1052 924 ἀθυμῇ,
1084 875 1131 915 ὡς

113 933 213 984 μόνος
244 934 380 985 μέλλων
422 933 777 985 καταλειφθήσεσθαι,
822 931 1132 987 παραμυθούμενος

113 996 228 1041 αὐτὸν,
247 998 293 1040 ὡς
312 997 420 1034 εἰπεῖν
432 1026 441 1042 ,
461 996 567 1034 πάλιν
588 994 690 1047 φησίν
705 1010 712 1017 ·
734 994 926 1046 Εἰσελεύσῃ
947 994 983 1032 δὲ
1003 996 1050 1038 εἷς
1066 993 1129 1041 τὴν

112 1057 259 1095 κιόωτὸν
279 1057 339 1104 σὺ,
360 1058 418 1095 καὶ
443 1060 474 1095 οἱ
499 1056 565 1095 υἱοί
585 1073 663 1104 σου,
676 1048 742 1094 ’καὶ
762 1059 783 1102 ἦ
811 1056 895 1107 γυνή
916 1071 996 1103 σου,
1015 1055 1074 1093 καὶ
1094 1059 1130 1094 αἱ

113 1123 270 1167 γυναῖκες
289 1121 358 1156 τῶν
389 1121 471 1156 υἱῶν
491 1134 552 1156 σου
582 1117 670 1169 μετὰ
695 1121 768 1155 σοῦ.
800 1118 845 1155 Εἰ
870 1116 937 1169 γὰρ
960 1117 1020 1155 καὶ
1041 1115 1129 1155 πολὺ

114 1182 174 1224 τῆς
207 1184 266 1218 τοῦ
291 1180 423 1218 δικαίου
456 1182 581 1231 ἀρετῆς
608 1178 803 1225 ἐλείποντο,
837 1180 915 1216 ἀλλ’
942 1178 1038 1229 ὅμως
1069 1181 1132 1224 τῆς
1158 1188 1182 1218 E

112 1240 394 1293 ὓπερῧαλλούσης
411 1241 548 1279 ἐκείνων
565 1239 689 1284 κακίας
709 1240 807 1283 ἐκτὸς
827 1234 929 1287 ἦσαν.
946 1239 1077 1283 Ἄλλως
1095 1241 1131 1279 δὲ

112 1301 171 1339 καὶ
199 1302 255 1339 διὰ
277 1300 335 1339 δύο
366 1301 494 1344 ταύτας
519 1300 580 1344 τὰς
605 1300 719 1343 αἰτίας
749 1304 812 1346 τῆς
843 1300 1018 1352 σωτηρίας
1038 1303 1130 1340 ἀπο-

111 1362 253 1401 λαύουσι
268 1374 278 1410 ·,
295 1357 378 1414 μίαν
399 1362 461 1412 μὲν
474 1393 483 1409 ,
504 1364 551 1405 εἷς
570 1361 675 1412 τιμὴν
703 1365 764 1399 τοῦ
788 1360 921 1400 δικαίου
937 1377 945 1384 ·
963 1361 1038 1406 ἔθος
1064 1362 1132 1415 γὰρ

111 1426 160 1475 τῷ
186 1422 417 1475 φιλανθρώπῳ
432 1424 514 1474 Θεῷ
539 1428 645 1474 τιμᾷν
664 1421 740 1465 τοὺς
769 1424 872 1461 αὐτοῦ
891 1421 1049 1471 δούλους,
1072 1423 1132 1461 καὶ

110 1486 312 1538 χαρίζεσθαι
331 1486 445 1528 ἀὐτοῖς
462 1485 631 1528 πολλάκις
648 1483 711 1530 τὴν
742 1483 868 1537 ἑτέρων
897 1484 1073 1537 σωτηρίαν
1085 1515 1095 1533 ,
1115 1484 1134 1523 ὃ

110 1546 168 1584 καὶ
184 1546 241 1584 ε’πὶ
257 1551 315 1585 τοῦ
333 1545 506 1598 μακαρίου
522 1545 666 1584 Παύλου
685 1545 869 1594 πεποίηκε,
886 1550 944 1584 τοῦ
966 1545 1133 1585 διδασκοί-

110 1609 169 1646 λου
193 1611 256 1655 τῆς
277 1607 498 1659 οἰκουμένης,
526 1612 586 1646 τοῦ
603 1612 784 1658 πανταχοῦ
813 1606 875 1650 τὰς
901 1609 1042 1651 ἀκτῖνας
1071 1611 1132 1653 τῆς

110 1669 238 1712 οἰκείας
265 1668 489 1712 διδασκαλίας
513 1667 685 1720 ἀφιέντος.
707 1667 834 1705 ἹΙνίκα
863 1667 931 1721 γὰρ
957 1662 1055 1712 οὗτος
1075 1668 1134 1706 ἐπὶ

109 1728 172 1775 τὴν
191 1728 334 1779 Ῥώμην
362 1729 527 1780 ἀνήγετο,
550 1731 721 1781 χειμῶνος
747 1727 839 1766 κατὰ
863 1727 925 1775 τὴν
955 1729 1132 1766 θάλατταν

110 1791 238 1829 πολλοῦ
259 1790 456 1841 γενομένου,
476 1790 535 1828 καὶ
554 1790 694 1828 πάντων
711 1792 781 1827 τῶν
801 1791 835 1827 ἐν
851 1792 901 1841 τῷ
921 1789 1033 1843 πλοίῳ
1053 1789 1133 1843 περὶ
1147 1812 1196 1837 22³

112 1853 218 1898 αὐτῆς
237 1855 298 1898 τῆς
313 1851 486 1903 σωτηρίας
509 1850 725 1898 δεδοικότων,
748 1850 807 1889 καὶ
827 1850 989 1901 οὐδεμίαν
1010 1851 1134 1888 ἐλπίδα
1158 1850 1184 1879 Α

111 1913 267 1964 χρηστὴν
289 1912 438 1964 ἐχόντων
459 1911 515 1950 διὰ
535 1912 574 1950 τὸ
595 1915 654 1950 τοῦ
675 1911 864 1951 κλυδωνίου
883 1911 1043 1963 μέγεθος,
1066 1928 1133 1951 κα-

110 1975 212 2018 λέσας
232 1974 388 2017 ἅπαντάς
404 1989 533 2026 φησιν·
556 1975 772 2024 Εὐθυμεῖτε,
803 1974 935 2026 ἄνδρες.
960 1973 1132 2020 Ἀποὸολὴ

109 2051 177 2089 γαρ
204 2038 318 2087 {aoy-ic,
339 2034 481 2085 ουδεμία
501 2033 601 2072 ἔσται
628 2033 662 2078 ἐξ
685 2037 786 2084 ἡμῶν
803 2033 897 2080 πλὴν
919 2037 979 2072 τοῦ
997 2034 1132 2073 πλοίου.

111 2096 210 2147 Παρέ
212 2112 276 2142 στη
292 2096 359 2148 γάρ
379 2111 438 2146 μοι
461 2095 570 2146 ταύτῃ
598 2111 641 2146 τῃ
669 2094 766 2132 νυκτὶ
786 2099 847 2132 τοῦ
875 2097 1042 2141 Θεοῦ,οὗ
1059 2097 1132 2146 εἰμι

110 2172 168 2193 και
186 2156 363 2208 λατρεύω,
381 2156 524 2207 ἄγγελος
542 2155 673 2206 λέγων,
694 2155 743 2205 μὴ
760 2155 867 2207 φοὸοῦ
880 2186 890 2203 ,
909 2157 1053 2203 Παῦλε,
1072 2173 1131 2195 κε-

108 2217 272 2269 χάρισται
293 2217 360 2270 γάρ
379 2233 433 2256 σοι
453 2220 470 2255 ὁ
488 2216 578 2260 Θεὸς
596 2216 731 2260 πάντας
755 2216 833 2260 τοὺς
850 2217 1021 2260 πλέοντας
1041 2217 1131 2269 μετὰ

108 2282 179 2316 σοῦ.
202 2272 300 2321 Εἶδες
327 2281 401 2322 πῶς
425 2281 446 2324 ἡ
477 2277 584 2331 ἀρετὴ
615 2281 675 2316 τοῦ
704 2277 826 2329 ἀνδρὸς
854 2277 918 2324 τὴν
952 2278 1129 2330 σωτηρίαν

109 2340 250 2382 ἐκείνοις
273 2339 501 2392 προεξένησε;
528 2341 660 2390 μᾶλλον
682 2339 716 2377 δὲ
738 2341 804 2392 οὐχ
821 2343 843 2386 ἡ
873 2339 980 2391 ἀρετὴ
1005 2340 1128 2391 μόνον,

109 2396 288 2438 ἀλλὰκαὶ
312 2404 334 2447 ἡ
354 2400 597 2453 φιλανθρωπία
625 2405 685 2439 τοῦ
703 2400 897 2440 Δεσπότου.
924 2401 995 2440 Τὸν
1025 2402 1129 2440 αὐτὸν

108 2461 149 2508 δὴ
170 2461 295 2514 τρόπον
315 2462 374 2500 καὶ
395 2465 452 2499 νῦν
473 2461 529 2499 διὰ
558 2461 641 2512 μίαν
668 2460 730 2511 μὲν
752 2463 866 2500 αἰτίαν
893 2461 1023 2510 ταύτην
1040 2479 1048 2486 ·
1082 2463 1126 2501 δι’

108 2523 227 2575 ἑτέραν
248 2524 302 2571 δὲ,
321 2522 441 2570 ἐπειδὴ
457 2522 619 2561 ε’ὅούλετο
646 2522 757 2573 ζύμην
773 2523 851 2562 τινὰ
867 2524 927 2562 καὶ
944 2524 1040 2576 ῥίζαν
1066 2528 1127 2563 τοῦ

108 2585 291 2635 μέλλοντος
309 2587 357 2627 εἷς
374 2584 414 2622 τὸ
429 2583 506 2630 ἑξῆς
522 2583 747 2622 συνίστασθαι
759 2584 876 2637 γένους
895 2586 1128 2638 καταλειφθῆ-

107 2663 162 2685 ναι
177 2663 184 2671 ·
200 2648 261 2686 οὐκ
274 2645 398 2693 ,ἐπειδὴ
418 2645 585 2685 ἀδύνατον
607 2640 649 2692 ἦν
665 2648 716 2698 τῷ
731 2648 814 2699 Θεῷ
832 2646 892 2686 καὶ
908 2647 1037 2686 ἄνωθεν
1056 2647 1125 2686 ποί-

107 2713 158 2746 λιν
179 2707 384 2755 διαπλάσαι,
402 2707 462 2745 καὶ
489 2706 523 2751 ἐξ
545 2707 618 2750 ἑνὸς
644 2707 750 2757 μόνου
773 2707 814 2745 τὸ
840 2707 937 2759 γένος
957 2708 1124 2753 αὖξῆσαι·

107 2770 182 2806 ἀλλ’
209 2768 327 2816 ἐπειδὴ
349 2767 457 2813 οὕτως
482 2767 669 2820 ἐδοκίμασε
695 2768 758 2817 τὴν
777 2768 907 2807 οἰκείαν
925 2769 1125 2822 ἀγαθότητα

58 2842 63 2848 ·
108 2830 328 2880 μιμούμενος.

159 2891 289 2930 Σκόπει
310 2891 345 2930 δὲ
373 2891 432 2930 καὶ
451 2891 508 2930 διὰ
534 2893 602 2929 τῶν
624 2891 701 2937 ἑξῆς
718 2895 778 2930 τοῦ
795 2893 888 2932 Θεοῦ
906 2892 970 2940 τὴν
989 2894 1123 2945 ἀγαθό-

106 2969 209 3001 τητα.
230 2953 371 3006 Ὥσπερ
387 2952 486 3005 γὰρ’
472 2968 506 2990 εν
526 2955 568 3004 τῇ
589 2953 715 3005 ἀπειλῇ
737 2955 800 2999 τῆς
822 2953 1013 3007 τιμωρίας,
1034 2955 1122 3004 μετα

104 3018 162 3053 τοῦ
183 3017 250 3052 τῶν
271 3012 462 3066 ἀνθρώπων
485 3013 603 3089 γένους
628 3013 689 3052 καὶ
713 3013 758 3052 τὰ
785 3014 894 3061 κτήνη
914 3014 974 3052 καὶ
995 3015 1041 3053 τὰ
1061 3016 1122 3068 ἑρ-

105 3074 205 3121 πετὲ,
223 3074 284 3113 καὶ
301 3074 345 3112 τὰ
366 3073 519 3122 πετεινὰ,
537 3090 596 3112 και
609 3074 654 3113 τὰ
673 3074 776 3128 θηρία
793 3074 984 3113 ἀπολέσθαι
1003 3069 1122 3114 εἶπεν·

106 3135 194 3173 οὕτω
212 3135 270 3174 καὶ
289 3136 433 3173 ἐνταῦθα
449 3134 506 3173 διὰ
527 3135 584 3173 τὸν
604 3134 735 3173 δίκαιον
757 3151 817 3173 και
844 3137 883 3173 ἐκ
900 3134 1032 3174 τούτων
1049 3137 1121 3174 εἷσ-

107 3199 256 3249 αχθῆναι
268 3199 314 3240 εἷς
326 3196 389 3242 τὴν
410 3196 558 3234 κιὲωτὸν
575 3196 634 3248 ἀφ’
651 3195 797 3234 ἑκάστου
813 3195 932 3246 γένους
949 3196 1120 3248 προστάτ-

105 3272 156 3294 τει
178 3257 259 3307 μίαν
284 3256 463 3308 συζυγίαν,
484 3256 576 3295 ὥστε
596 3256 737 3307 σπέρμα
760 3255 821 3294 καὶ
839 3257 1002 3309 ἀπαρχὴν
1022 3257 1119 3308 γενέ-

1016 181 1176 212 Gumis.

1216 182 1374 212 nmine.
1414 180 1543 213 xxiv.
2072 170 2154 218 261

1211 279 1314 303 carus
1325 265 1497 313 fuit‚eum
1510 265 1636 303 vivum
1650 266 1830 316 transtuli,
1847 277 2044 306 monstrans
2053 272 2161 308 omni-

1211 325 1279 364 bus
1300 326 1442 365 virtutis
1457 326 1655 365 cultoribus
1666 335 1815 378 quantas
1829 327 2044 366 mercedeset
2061 331 2160 367 retri-

1209 386 1372 425 butiones
1387 386 1645 440 adipiscantur,
1661 396 1695 427 et
1717 387 1862 440 cupiens
1876 397 1913 425 ut
1927 389 2042 426 eaeteri
2064 389 2161 427 illius

1209 447 1402 487 imitatores
1415 449 1554 499 fierent,
1577 449 1808 501 eamdemque
1825 449 1920 488 viam
1937 449 2161 501 ingrederen-

1208 518 1277 547 tur.
1296 510 1473 547 Caeterum
1502 510 1598 561 quia,
1619 510 1699 548 aliis
1714 510 1881 548 omnibus
1901 520 2020 563 postca
2051 512 2159 549 mali-

1208 569 1293 606 tiam
1307 570 1535 618 sectantibus,
1557 581 1589 609 te
1607 571 1724 609 solum
1748 571 1866 610 inveni
1888 572 1923 610 in
1943 580 2040 610 tanta
2063 573 2162 610 mul-

1206 630 1373 680 titudine,
1397 631 1458 681 qui
1481 631 1586 683 primi
1605 633 1761 684 parentis
1783 634 2094 685 transgressionem
2107 648 2161 672 re-

1206 704 1332 729 vocare
1343 692 1470 743 possis,
1483 700 1597 729 tecum
1607 701 1757 730 statuam
1767 703 2010 731 testamentum
2024 709 2155 732 meum.

1205 751 1297 789 Nam
1313 751 1415 789 bonae
1432 761 1501 790 tuoe
1523 752 1607 790 vitae
1634 767 1739 804 opera
1758 753 1940 792 declarant
1959 755 2102 793 fidelem
2128 765 2160 793 te

1206 811 1242 849 in
1261 811 1683 864 suscipiendismandatis
1694 814 1795 852 meis.
1811 816 1972 866 Denique
1988 831 2030 853 ne
2041 816 2160 854 adhuc

1201 873 1321 925 justus
1350 873 1425 911 haec
1443 873 1592 912 audiens
1613 884 1772 924 mineat,
1794 876 1895 926 quasi
1910 876 2006 914 solus
2023 877 2097 929 ipse
2112 878 2156 915 li-

1205 933 1384 973 berandus
1396 935 1455 983 sit,
1472 935 1602 973 iterum
1617 936 1855 975 consolatione
1869 951 1965 985 eum,
1981 937 2159 983 utdieam‚

1203 994 1426 1043 demulcens,
1441 995 1530 1034 dicit
1547 1013 1554 1034 :
1570 998 1804 1049 Ingredieri5
1819 1007 1949 1036 autem
1967 1002 2009 1036 in
2027 1013 2162 1037 aream

1207 1065 1261 1103 tu,
1284 1065 1319 1095 et
1323 1058 1410 1110 filii
1427 1060 1496 1104 tui,
1514 1066 1549 1096 et
1562 1073 1663 1097 ua'or
1678 1067 1760 1106 lua,
1780 1068 1815 1098 et
1834 1061 2162 1112 uxores-filiorum

1207 1127 1373 1157 tuorum.
1394 1120 1484 1157 Nam
1505 1119 1586 1157 lieet
1605 1119 1758 1158 multum
1774 1134 1794 1157 a
1810 1120 2043 1173 virtutejusti
2063 1122 2162 1159 illius

1206 1178 1396 1228 abfuerint,
1417 1179 1523 1218 alieni
1545 1189 1660 1218 tamen
1677 1190 1775 1220 crant
1796 1196 1814 1218 a
1831 1181 2058 1233 gravioribus
2076 1182 2161 1221 illo-

1209 1254 1288 1277 rum
1302 1240 1471 1292 pcccatis.
1490 1241 1587 1279 Alias
1606 1255 1747 1292 quoque
1763 1241 1810 1280 ob
1831 1241 1922 1281 duas
1948 1243 2053 1281 hasce
2072 1258 2160 1281 cau-

1207 1314 1263 1339 sas
1284 1300 1398 1339 salute
1411 1301 1513 1353 potiti
1525 1311 1621 1341 sunt.
1642 1303 1734 1351 Una,
1748 1302 1965 1342 inhonorem
1974 1304 2078 1356 justi.
2096 1305 2161 1344 So·
2176 1316 2255 1343 sulci
2289 1316 2366 1343 nous

1207 1360 1254 1399 let
1267 1362 1362 1399 enim
1380 1363 1532 1401 clemens
1548 1364 1645 1402 Deus
1668 1363 1838 1402 honoiem
1869 1364 1965 1403 hunc
1984 1365 2069 1404 dare
2091 1380 2164 1404 ser-
2177 1363 2368 1425 fl'o‘ffssssfvffi'g

1208 1423 1262 1461 vis
1277 1423 1366 1472 suis,
1386 1433 1425 1462 ut
1443 1439 1503 1463 eoi
1507 1439 1567 1463 um
1584 1425 1698 1477 gratia
1722 1435 1756 1464 ct
1780 1426 1841 1463 alii
1872 1426 2024 1465 salutem
2045 1427 2163 1466 nanci-
2178 1440 2260 1467 alios

1207 1493 1365 1523 scantur.
1388 1485 1429 1523 Id
1446 1486 1542 1537 quod
1563 1495 1597 1525 et
1611 1486 1715 1525 beato
1735 1488 1846 1526 Paulo
1865 1501 2070 1527 concessum
2100 1498 2163 1536 est,

1207 1543 1379 1595 magistro
1401 1544 1455 1582 illi
1492 1545 1602 1594 orbis,
1634 1546 1696 1597 qui
1726 1547 1859 1598 ubique
1894 1561 1967 1585 suae
1995 1546 2165 1585 doctrina:

1208 1604 1328 1643 radios
1352 1606 1546 1644 emittebat.
1572 1607 1875 1658 Quandoquidem
1894 1622 1977 1646 cum
2008 1608 2069 1646 ille
2092 1609 2167 1647 Ro—

1208 1679 1304 1704 mam
1318 1666 1516 1718 navigaret,
1538 1677 1615 1706 orta
1631 1668 1667 1706 in
1688 1669 1778 1706 mari
1796 1678 2004 1722 tempestate
2026 1684 2166 1722 magna,

1207 1727 1255 1764 ita
1274 1736 1314 1765 ut
1327 1742 1447 1765 omnes
1463 1728 1570 1767 saluti
1590 1744 1661 1768 suae
1676 1730 1853 1779 timerent,
1872 1731 2081 1782 nullamque
2104 1731 2167 1769 bo-

1208 1802 1290 1826 nam
1306 1802 1404 1841 spem
1433 1798 1578 1841 propter
1591 1790 1755 1842 procellae
1771 1791 2033 1829 vehementiam
2055 1791 2167 1829 habe—

1207 1858 1285 1887 rent
1300 1879 1309 1896 ,
1346 1850 1482 1888 vocatis
1521 1851 1689 1890 omnibus
1721 1851 1811 1890 dicit
1846 1868 1854 1888 ε
1889 1854 1999 1890 Βοηο
2032 1856 2165 1891 animo

1207 1918 1340 1958 estote,
1363 1913 1453 1948 viri.
1466 1911 1641 1950 Amissio
1656 1915 1759 1950 enim
1773 1916 1917 1951 animoe
1935 1914 2081 1953 nullius
2092 1917 2164 1953 erit
2183 1907 2274 1947 ‘²4

1206 1985 1254 2008 ez·
1276 1974 1398 2019 nobis,
1421 1982 1678 2025 praeterquam
1702 1977 1824 2012 navis.
1860 1975 2029 2014 Adstitit
2061 1979 2166 2014 enim

1207 2034 1304 2069 mihi
1323 2034 1397 2071 hac
1417 2043 1529 2072 nocte
1548 2035 1638 2084 Dei,
1657 2037 1765 2085 cujus
1778 2049 1863 2073 sum
1887 2045 1922 2074 et
1949 2040 2012 2074 cui
2037 2039 2164 2076 deser-

1208 2095 1282 2139 vio,
1302 2094 1463 2145 angelus
1477 2095 1608 2133 dicens
1626 2111 1635 2132 ε
1650 2096 1710 2133 Ne
1738 2097 1874 2134 timeas
1890 2097 2018 2134 Paule
2034 2113 2044 2133 :
2058 2099 2164 2137 dedit

1204 2157 1308 2192 enim
1341 2157 1412 2193 tibi
1429 2156 1538 2193 Deus
1569 2169 1700 2194 omnes
1717 2159 1785 2208 qui
1801 2165 1925 2195 tecum
1959 2161 2161 2211 navigant.

1204 2215 1341 2254 Vidisti
1354 2216 1537 2267 quomodo
1554 2216 1672 2255 virtus
1695 2216 1765 2256 viri
1784 2217 1934 2256 salutem
1954 2218 2026 2257 illis
2045 2221 2161 2259 conci-

1201 2276 1306 2315 liavit
1325 2277 1343 2314 Ξ)
1363 2277 1435 2315 imo
1449 2291 1518 2315 non
1539 2277 1654 2316 virtus
1672 2287 1825 2325 tantum,
1848 2278 1910 2317 sed
1923 2288 1956 2318 et
1973 2280 2160 2320 clementia

1202 2338 1362 2376 Domini.
1388 2338 1509 2377 Simili
1527 2338 1634 2377 modo
1656 2348 1689 2377 et
1708 2339 1777 2378 hoc
1804 2339 1881 2378 loeo
1896 2341 2030 2379 sactum
2047 2351 2110 2391 est,
2127 2353 2161 2381 et

1200 2399 1276 2438 haec
1296 2400 1412 2452 prima
1438 2414 1542 2439 causa
1562 2400 1653 2438 fuit:
1670 2400 1780 2439 altera
1806 2415 1890 2440 vero
1909 2401 1974 2440 ista
1991 2418 1999 2438 :
2018 2403 2159 2442 volebat

1199 2460 1415 2499 fermentum
1441 2460 1587 2512 aliquod
1607 2469 1641 2500 et
1675 2461 1833 2500 radicem
1858 2462 1906 2500 ad
1943 2463 2157 2514 posteritatis

1200 2522 1487 2560 constitutionem
1504 2521 1705 2572 relinquere
1717 2537 1725 2557 τ
1737 2536 1805 2560 non
1825 2523 1921 2574 quod
1936 2524 2158 2575 impossihile

1200 2592 1289 2621 esset
1304 2584 1381 2620 Deo
1405 2582 1534 2620 iterum
1561 2582 1714 2620 formare
1734 2583 1926 2633 hominem,
1944 2593 1977 2622 et
2007 2599 2052 2622 ex
2084 2600 2154 2624 uno

1199 2643 1335 2711 generis
1360 2643 1491 2682 iterum
1506 2652 1736 2695 augmentum
1752 2644 1891 2694 sace1·e;
1917 2644 1978 2683 sed
1999 2645 2082 2697 quia
2102 2647 2153 2686 sic

1199 2704 1265 2758 ipsi
1284 2704 1402 2743 visum
1415 2713 1466 2742 est
1486 2718 1550 2758 pro
1571 2704 1675 2743 solita
1687 2704 1918 2757 benignitate.

1250 2892 1285 2929 5.
1310 2889 1461 2928 Attende
1481 2889 1592 2941 igitur
1611 2888 1675 2926 Dei
1690 2888 1887 2929 bonitatem
1904 2891 2009 2930 etiam
2027 2907 2089 2946 per
2108 2910 2148 2933 ea

1194 2967 1272 3005 quae
1282 2960 1492 3003 sequuntur.
1512 2951 1602 2989 Nam
1613 2950 1704 2988 sicut
1719 2950 1981 2992 interminando
1993 2968 2145 3006 poenam,

1192 3028 1274 3052 cum
1293 3012 1479 3050 hominum
1500 3024 1625 3062 genere
1639 3011 1859 3063 etjumenta,
1882 3022 1915 3052 et
1931 3015 2087 3066 reptilia,
2113 3026 2144 3054 et

1193 3073 1367 3122 volatilia,
1385 3081 1418 3110 et
1435 3072 1526 3110 seras
1542 3071 1700 3124 peritura
1716 3072 1812 3111 dixit
1837 3090 1845 3111 :
1866 3075 1914 3113 ita
1927 3085 1959 3113 et
1979 3076 2036 3114 hic
2062 3091 2144 3129 pro-

1194 3145 1270 3188 pter
1290 3135 1429 3186 justum
1452 3133 1613 3184 imperat,
1647 3142 1686 3171 ut
1713 3133 1959 3174 introducatur
1974 3137 2008 3174 in
2022 3152 2141 3176 arcam

1191 3209 1235 3234 ex
1251 3208 1465 3245 unoquoque
1484 3193 1626 3231 illorum
1645 3207 1771 3245 genere
1788 3211 1853 3248 par
1872 3211 1998 3246 unum,
2033 3207 2071 3236 ut
2096 3199 2141 3236 sit

1192 3270 1306 3295 semen
1336 3263 1368 3292 et
1391 3253 1557 3306 primitia?
1588 3254 1831 3295 multitudiuis
1860 3267 1978 3310 postea
2001 3259 2140 3298 suturae.

147 3366 163 3391 Β
180 3365 233 3398 Sic
248 3364 350 3399 Savlt.
365 3373 397 3398 et.
414 3364 509 3398 multi
525 3365 601 3399 Mss.
621 3369 757 3406 ζηλωτὰς
775 3368 883 3399 ἐκείνου
905 3373 1101 3404 καταστῆσαι.
1120 3362 1233 3397 Metel.
1253 3367 1387 3404 ζηλωτάς
1404 3365 1493 3397 αὑτοῦ
1510 3371 1705 3401 καταστῆναι.

2181 1867 2251 1894 Act.
2263 1876 2368 1905 27-22·
