2516 3791
699 258 741 287 IN
781 259 881 288 CAP-
921 259 998 288 XX.
1037 258 1121 288 GEN

98 342 212 381 Ὅπου
231 339 297 392 γὰρ
315 338 457 390 ὁμόνοια
485 339 662 389 τοσαύτη,
683 341 755 379 ἐκεῖ
780 340 920 379 πάντων
939 343 1006 379 τῶν
1026 343 1114 391 ἀγα-

95 405 162 441 θῶν
182 405 203 448 ἡ
224 401 382 448 σύνοδος,
411 402 483 438 ἐκεῖ
501 403 522 446 ἡ
542 401 681 451 εἷρήνη,
708 403 777 440 ἐκεῖ
797 405 818 447 ἡ
836 402 976 453 ἀγάπη,
1004 404 1074 440 ἐκεῖ
1093 405 1115 448 ἡ

94 462 319 515 εὖφροσύνηὴ
332 461 574 513 πνευματική·
595 464 748 513 οὐδαμοῦ
770 462 923 514 πόλεμος
935 494 944 510 ,
962 464 1116 513 οὐδαμοῦ

94 525 211 576 μάχη,
242 525 393 575 οὐδαμοῦ
425 524 534 577 ἔχθρα
564 525 623 562 καὶ
654 525 865 577 φιλονεικία·
895 526 984 563 ἀλλὰ
1005 528 1116 562 ταῦτα

92 585 206 624 πάντα
233 585 388 624 ἐκποδὼν
416 585 549 637 γίνεται
567 615 576 633 ,
596 587 658 631 τῆς
679 584 774 637 ῥίζης
794 589 860 623 τῶν
882 587 1034 636 ἀγαθῶν,
1055 588 1116 631 τῆς

91 646 250 699 ὁμονοίας
268 647 380 698 λέγω,
397 651 508 684 ταῦτα
527 646 642 685 πάντα
657 646 900 698 ἀφανιζούσης.
918 645 1115 684 Ἀπέστειλε

93 707 127 747 δὲ
148 708 336 760 Ἁὸιμέλεχ
365 707 526 759 βασιλεὺς
547 707 721 761 Γεράρων,
739 707 798 744 καὶ
818 707 922 744 ἔλαὸε
936 706 998 753 τὴν
1019 706 1114 758 Σάῤ-

90 773 167 821 ῥαν.
192 768 260 807 Καὶ
288 771 444 815 εἰσῆλθεν
465 771 483 806 ὁ
499 769 590 811 Θεὸς
608 767 693 819 πρὸς
725 767 911 818 Ἀδιμέλεχ
942 769 999 805 ”gv
1018 766 1115 819 ὕπνῳ

90 830 152 876 τὴν
172 829 298 876 νύκτα,
326 829 384 867 καὶ
414 822 526 866 εἶπεν·
547 827 618 866 ἰδοὺ
640 827 682 865 σὺ
704 827 934 873 ἀποθνήσκεις
953 827 1034 878 περὶ
1052 830 1115 874 τῆς

88 891 259 941 γυναικὸς,
287 884 328 935 ἧς
346 889 485 932 ἔλαὸες·
503 889 590 934 αὕτη
617 888 654 926 δέ
671 891 744 927 ἐστι
764 893 987 939 συνῳκηκυῖα
1003 888 1113 940 ἀνδρί.

87 949 182 1002 “Opoe
201 953 294 988 Θεοῦ
312 949 591 1002 φιλανθρωπίαν·
610 948 730 996 ἐπειδὴ
747 943 817 986 εἶδε
827 949 884 987 τὸν
905 948 1037 988 δίκαιον
1058 949 1114 987 διὰ

86 1011 143 1049 τὸν
158 1013 218 1048 τοῦ
235 1010 381 1049 θανάτου
396 1009 500 1063 φόὸον
517 1010 682 1062 γενναίως
700 1009 885 1061 ἐνεγκόντα
897 1012 961 1056 τ’ἧς
974 1010 1114 1064 Σάρρας

88 1070 150 1118 τὴν
170 1071 364 1124 ἀφαίρεσιν,
393 1071 452 1109 καὶ
475 1070 533 1109 τὸν
555 1071 701 1123 βασιλέα
720 1074 766 1115 ὡς
789 1070 940 1124 ἀδελφὴν
964 1076 1025 1110 τοῦ
1059 1074 1114 1110 δι-

88 1131 186 1171 καίου
203 1132 310 1176 οὕτως
327 1132 433 1180 αὐτὴν
451 1133 632 1184 ἀγόμενον,
656 1133 776 1171 λοιπὸν
793 1132 855 1179 τὴν
873 1133 1003 1171 οἰκείαν
1030 1133 1113 1186 πρό-

86 1210 180 1233 νοιαν
197 1195 449 1242 ἐπιδείκνυται,
467 1198 554 1246 ὁμοῦ
573 1195 631 1234 καὶ
645 1195 702 1233 τὸν
718 1195 850 1233 δίκαιον
866 1196 1112 1248 περιφανέστε-

88 1271 143 1308 ρον
166 1256 393 1304 ἀποδεικνὺς,
422 1256 482 1295 καὶ
506 1256 570 1303 τὴν
596 1256 738 1308 Σάρῤαν
770 1260 832 1303 τῆς
859 1256 991 1310 ὕὸρεως
1009 1258 1107 1295 ἐλευ-

85 1319 206 1370 θερῶν,
222 1318 280 1356 καὶ
299 1318 356 1356 τὸν
379 1317 527 1369 βασιλέα
545 1317 778 1355 ἀπαλλάττων
796 1321 858 1364 τῆς
874 1318 1106 1371 παρανομίας.

86 1379 155 1417 Καὶ
173 1380 362 1425 εἰσῆλθενὸ
382 1378 472 1422 Θεὸς
499 1378 585 1430 πρὸς
602 1377 790 1431 Ἀὸιμέλεχ
809 1381 843 1417 ἐν
862 1379 960 1431 ὕπνῳ
975 1379 1039 1425 τὴν
1058 1378 1112 1417 νύ-

84 1455 162 1478 κτα.
183 1441 272 1478 ,Κατ’
291 1439 404 1487 αὐτὸν,
424 1438 522 1492 φησὶ,
539 1439 597 1478 τὸν
616 1443 676 1477 τοῦ
697 1439 804 1478 ὕπνου
824 1441 944 1492 καιρὸν
964 1440 1110 1494 ἐξαρπά-

85 1516 143 1540 σαι
159 1499 260 1538 αὖτὸν
277 1500 484 1552 βουλόμενος
498 1502 561 1546 τῆς
577 1501 814 1554 παρανομίας,
830 1501 990 1547 ἐνέθηκεν
1006 1503 1111 1540 αὐτοῦ

83 1566 125 1614 τῇ
152 1562 287 1614 διανοίᾳ
305 1562 369 1610 τὴν
387 1566 531 1614 γνῶσιν,
557 1563 617 1602 καὶ
641 1563 685 1601 τὰ
703 1563 918 1602 λανθάνοντα
944 1567 1036 1618 αὐτῷ
1063 1567 1110 1608 εἷς

83 1627 155 1676 φῶς
171 1624 283 1675 ἤγαγε
295 1655 304 1670 ,
327 1625 387 1663 καὶ
406 1624 514 1663 πολὺν
533 1625 592 1663 τὸν
612 1625 717 1678 φόὸον
739 1627 832 1678 αὐτῷ
862 1626 1014 1665 ἐπέτεινε
1026 1657 1035 1674 ,
1050 1629 1109 1667 τὸν

83 1685 228 1724 θάνατον
249 1687 453 1734 ἀπειλήσας.
476 1687 722 1734 Ἀποθνήσκεις
740 1687 820 1741 γὰρ,
841 1688 939 1740 φησὶ,
954 1689 1109 1741 περὶτῆς

82 1747 259 1798 γυναικὸς,
274 1741 315 1793 ἧς
332 1747 469 1792 ἔλαέες·
487 1747 576 1794 αὕτη
605 1748 641 1787 δέ
667 1750 741 1786 ἐστι
759 1755 982 1801 συνῳκηκυῖα
998 1751 1107 1802 ἀνδρί.

84 1807 245 1859 Αὸιμέλε
222 1825 273 1860 57
300 1808 335 1847 δὲ
369 1811 434 1861 οὗγ
467 1809 582 1861 ἥψατο
618 1810 737 1855 αὔτης.
766 1811 891 1848 Ἰαῦτα
923 1809 958 1849 δὲ
992 1811 1108 1849 πάντα

83 1869 232 1920 ἐγίνετο,
262 1869 317 1907 ινα
333 1873 355 1916 ἡ
376 1873 435 1907 τοῦ
455 1871 548 1908 Θεοῦ
574 1870 766 1922 ἐπαγγελία
784 1873 806 1917 ἡ
824 1873 870 1915 εἷς
902 1871 961 1910 τὸν
984 1887 1109 1924 πατρι-

83 1929 196 1981 άρχην
224 1931 272 1973 εἷς
304 1930 402 1981 ἔργον
429 1929 562 1982 ἐξέλθῃ.
582 1930 730 1977 Ἐπειδὴ
761 1930 828 1985 γὰρ
859 1931 928 1983 πρὸ
959 1932 1108 1985 βραχέος

81 1991 254 2043 ὑπέσχετο
275 1992 370 2044 αὐτῷ
385 1992 442 2030 τὸν
463 1992 586 2030 Ἰσαὰκ
601 1992 846 2044 τεχθήσεσθαι,
866 1991 966 2045 ἐγγὺς
979 1993 1015 2032 δὲ
1035 1996 1106 2032 λοι-

78 2051 141 2089 πὸν
174 2055 191 2090 ὃ
216 2051 336 2104 καιρὸς
367 2046 422 2101 ἦν,
450 2052 493 2091 ἵν’
525 2048 583 2091 οῧν
611 2053 659 2104 μὴ
689 2053 887 2104 λυμήνηταί
915 2070 949 2092 τι
976 2058 1018 2107 τῇ
1046 2060 1106 2094 τοῦ

77 2114 170 2151 Θεοῦ
195 2113 406 2165 ἐπαγγελίᾳ,
435 2117 598 2153 τοσοῦτον
628 2113 732 2166 φόὸον
750 2118 799 2166 τῷ
815 2114 1003 2167 Ἀὸιμέλεχ
1027 2117 1103 2154 ἐπι-

77 2173 224 2222 τίθησιν,
262 2173 334 2218 ὓὼς
374 2174 668 2226 καταπληχθέντα
706 2175 807 2214 αὐτὸν
843 2175 891 2226 μὴ
927 2177 1102 2226 τολμῆσαι

74 2235 274 2286 ἐφάψασθαι
300 2238 360 2281 τῆς
387 2234 538 2287 Σάρῥας.
564 2235 633 2273 Διὰ
646 2235 715 2289 γὰρ
732 2239 833 2274 τοῦτο
847 2235 1062 2289 προσέθηκεν
1078 2241 1099 2284 ἡ

75 2295 149 2333 θεία
177 2295 319 2348 Γραφὴ,
349 2295 402 2335 ὅτι
430 2296 618 2349 Ἀὸιμέλεχ
644 2298 711 2349 οὐχ
731 2296 848 2349 ἥψατο
867 2299 992 2343 αὐτῆς·
1011 2297 1101 2336 ἀλλὰ

74 2357 132 2395 καὶ
163 2359 387 2410 ἀπολογεῖται
419 2357 507 2412 ὑπὲρ
542 2362 602 2396 τοῦ
630 2360 880 2409 τολμήματος,
906 2358 967 2396 καί
995 2374 1100 2411 φησι,

74 2419 198 2471 Κύριε,
222 2419 315 2462 ἔθνος
335 2419 466 2458 δίκαιον
494 2419 554 2457 καὶ
576 2421 720 2471 ἀγνοοῦν
740 2422 900 2467 ἀπολεῖς,
934 2419 997 2467 Μὴ
1031 2420 1099 2472 γὰρ

74 2481 177 2518 αὐτοῦ
206 2480 324 2528 εἰδὼς,
349 2480 452 2532 φησὶ,
479 2486 629 2532 γυναῖκα
648 2476 752 2519 οὖσαν
773 2482 892 2529 αὐτὴν,
913 2485 1015 2520 τοῦτο
1030 2498 1098 2520 πε-

76 2540 222 2589 ποίηκα,
253 2541 301 2592 μὴ
320 2541 390 2593 γὰρ
419 2543 584 2589 ἀδικῆσαι
606 2540 814 2593 βουλόμενος
836 2542 894 2580 τὸν
914 2542 1026 2591 ξένον,
1048 2543 1097 2594 μὴ

71 2602 139 2654 γὰρ
168 2606 214 2646 ὡς
245 2608 392 2654 γυναῖκα
423 2603 692 2655 ἀφαιρούμενος,
713 2602 776 2646 Ὡς
795 2603 946 2656 ἀδελφὴν
962 2604 1098 2655 μέλλων

71 2662 262 2713 λαμὸάνειν
304 2667 406 2701 τοῦτο
434 2664 688 2715 διεπραξάμην,
718 2664 865 2715 νομίζων
899 2665 957 2702 καὶ
987 2665 1096 2717 ταύτῃ

70 2723 253 2774 Ετιμήσειν
272 2725 331 2763 καὶ
357 2724 472 2763 αὐτόν.
492 2724 617 2768 Ἔθνος
636 2720 693 2763 οῦν
712 2727 854 2777 ἀγνοοῦν
876 2725 935 2764 καὶ
965 2725 1096 2765 δίκαιον

71 2785 230 2832 ἀπολεῖς,
250 2785 350 2823 Μετὰ
368 2790 428 2824 τοῦ
447 2785 600 2834 δικαίου,
627 2787 711 2838 φησὶ
722 2817 732 2835 ,
759 2786 978 2834 πεποιηκότα
995 2803 1039 2837 με
1058 2787 1097 2826 τὸ

70 2845 285 2897 ἐπιχείρημα
317 2848 480 2894 ἀπολεῖς;
516 2841 606 2886 Εἶτα
633 2847 844 2900 σαφέστερον
874 2852 983 2887 ποιῶν
1008 2848 1096 2901 ὅπερ

70 2905 178 2958 ἔλεγε,
205 2908 320 2959 φησίν·
349 2909 428 2946 Οὐκ
444 2909 544 2952 αὖτός
575 2924 634 2959 μοι
660 2905 768 2958 εἶπεν,
797 2910 850 2949 ὅτι
880 2910 1012 2963 ἀδελφή
1031 2927 1096 2961 μου

69 2968 155 3015 ἐστὶ,
173 2984 232 3006 και
253 2969 341 3014 αὕτη
363 2973 544 3019 μοιείπεν,
561 2969 614 3008 ὅτι
629 2971 774 3023 ἀδελφός
798 2987 863 3022 μου
893 2971 987 3019 ἐστί,
1006 2971 1096 3010 Σκό-

70 3044 127 3066 πει
144 3033 218 3073 πῶς
238 3034 330 3082 st7ov
350 3030 413 3077 τὴν
433 3030 596 3080 ὁμόνοιαν
617 3047 675 3068 και
697 3031 760 3079 τὴν
783 3033 1001 3085 συμφωνίαν.
1025 3033 1095 3072 Καὶ

71 3091 186 3138 αὐτὸς,
206 3106 307 3142 φησι,
335 3091 436 3130 τοῦτο’
453 3107 511 3142 μοι
528 3095 622 3140 εἰπε,
653 3091 711 3129 καὶ
741 3091 827 3141 αὕτη
852 3094 1010 3133 συνέθετο
1024 3100 1095 3139 τοῖς

69 3153 150 3203 παρ’
181 3154 285 3190 αὐτοῦ
304 3152 434 3205 λεγομέ
436 3169 516 3196 ν.οις
542 3152 603 3191 Ἐν
628 3156 765 3207 καθαρα
793 3155 936 3208 καρδία,
962 3171 1022 3193 και
1059 3158 1094 3194 ἐν

69 3212 270 3265 δικαιοσύνῃ
289 3229 416 3267 χειρων
445 3213 596 3260 ἐποίησα
614 3218 733 3262 τοῦτο,
754 3215 873 3266 φησίν
893 3218 959 3268 οὐχ
974 3215 1093 3269 ὥσπερ

112 3345 124 3358 ³
143 3329 181 3369 1¹33
192 3338 270 3378 ὕπνῳ
283 3333 338 3367 bic
353 3343 386 3367 et
398 3334 483 3367 infra
495 3335 588 3369 deest.
599 3337 632 3369 in
646 3335 787 3371 Savilet.
799 3336 833 3370 in
847 3337 974 3381 aliquot
986 3338 1077 3379 Mss„

69 3386 127 3419 sed
143 3386 284 3420 habetur
299 3386 333 3420 in
357 3387 472 3420 Morcl.
493 3397 526 3420 et
551 3387 634 3423 aliis.
664 3398 766 3433 atque
786 3391 886 3423 etiam
909 3389 1028 3435 legitur
1046 3390 1078 3424 in

70 3437 193 3471 Bibtiis.

1128 258 1196 289 Es.
1239 259 1404 289 ιιοΜιι..
1442 260 1549 290 xm'.
2053 251 2136 297 531

1128 340 1175 405 ‘⁴3⁰
1187 339 1261 392 dia,
1284 342 1334 380 ibi
1354 343 1528 383 bonorum
1544 343 1744 390 confluxus,
1759 343 1811 384 ihi
1830 358 1916 397 pax,
1938 346 1985 383 ibi
2001 348 2142 395 caritas,

1188 401 1237 439 ihi
1271 403 1467 455 spiritualis
1499 405 1619 443 laetitia
1647 420 1654 441 :
1686 404 1826 442 nullum
1858 405 2016 455 bellum,
2043 409 2140 447 nulla

1188 463 1287 500 rixa:
1309 479 1481 516 nusquam
1500 467 1694 506 inimicitiae
1712 476 1745 504 et
1761 467 1937 505 contentio
1953 484 1960 504 :
1981 470 2044 507 sed
2067 470 2142 508 haec

1188 522 1306 560 omnia
1329 537 1347 560 e
1362 524 1479 562 medio
1508 526 1683 564 tolluntur
1699 540 1760 578 per
1779 529 2016 578 concordiam,
2028 529 2141 568 bono·

1188 597 1268 620 runi
1296 585 1456 622 oninium
1483 586 1658 636 radicem,
1683 603 1761 639 quie
1794 591 1912 630 omnia
1940 592 2000 629 illa
2032 591 2140 629 simul

1187 643 1315 681 abolet.
1338 647 1447 683 Misit
1473 655 1602 685 autem
1628 648 1857 690 Abimeleclt
1878 667 1945 690 rex
1973 647 2139 691 Geraro-

1187 718 1287 749 rum,
1311 713 1347 742 et
1362 709 1509 757 accepit
1527 708 1699 747 Sarrum.
1720 712 1757 747 5.
1779 714 1830 750 Et
1852 717 2011 752 intravit
2033 716 2139 753 Deus

1187 764 1482 804 adAbtmeleck
1503 770 1544 804 in
1558 782 1692 806 somno
1713 780 1840 819 noctu,
1854 782 1890 810 et
1900 775 1997 812 dizit
2013 791 2021 811 :
2036 777 2141 814 Ecce

1188 834 1228 863 tu
1246 829 1418 865 morieris
1429 837 1584 880 propter
1605 831 1816 878 mulierem,
1840 848 1956 884 qzcam
1977 838 2140 874 abstuli·

1185 889 1236 924 sti
1258 902 1268 922 :
1291 890 1367 926 ista
1388 897 1518 927 autem
1539 893 1828 930 contubernalis
1843 903 1900 932 est
1921 899 2021 933 viro.
2046 898 2141 936 Vide

1186 947 1251 986 Dei
1260 948 1483 988 clementiam
1496 951 1595 1002 :quia
1603 951 1694 990 vidit
1705 953 1842 1004 justum
1854 964 1997 1007 propter
2006 966 2140 997 metum

1185 1010 1311 1048 mortis
1327 1011 1471 1049 Sarrum
1492 1012 1558 1050 sibi
1578 1013 1734 1052 ablatam
1751 1028 1824 1052 esse
1836 1016 1973 1055 fortiter
1988 1019 2090 1067 serre,
2107 1030 2141 1058 et

1185 1085 1304 1123 regem
1323 1086 1398 1110 eam
1413 1082 1450 1111 ut
1471 1088 1627 1112 sororem
1642 1076 1731 1127 justi
1750 1075 1939 1125 abducere,
1954 1093 2055 1117 suam
2076 1080 2138 1119 de-

1185 1146 1284 1170 mum
1309 1132 1466 1171 declarat
1485 1135 1758 1187 providentiam,
1774 1137 1914 1189 justum
1933 1154 2073 1190 quoque
2091 1142 2139 1179 il-

1183 1193 1385 1232 lustriorem
1409 1194 1541 1243 reddit,
1563 1205 1596 1233 et
1618 1197 1762 1235 Sarrum
1782 1198 1828 1235 ab
1858 1198 2000 1251 injuria,
2021 1215 2140 1252 regem

1185 1267 1267 1293 vero
1284 1269 1301 1292 a
1317 1265 1459 1306 peccato
1478 1256 1617 1294 liberat.
1632 1259 1685 1295 Et
1699 1261 1876 1306 intravit,
1894 1260 2019 1312 inquit,
2037 1264 2140 1301 Deus

1184 1316 1238 1352 ad
1255 1316 1487 1354 Abimelech
1517 1320 1558 1354 in
1585 1332 1720 1356 somno
1745 1329 1872 1359 noctu.
1897 1323 1964 1359 Per
1993 1322 2136 1375 ipsum,

1183 1375 1320 1427 inquit,
1341 1377 1455 1415 somni
1491 1387 1630 1431 tempus
1666 1380 1801 1433 eripere
1832 1395 1914 1420 eum
1941 1384 2064 1422 volens
2093 1385 2140 1423 ab

1182 1436 1379 1489 iniquitate,
1401 1439 1500 1478 dedit
1515 1441 1625 1478 menti
1646 1442 1722 1493 ejus
1743 1443 1925 1482 scientiam
1948 1453 1981 1482 et
2000 1446 2140 1484 occulta

1181 1499 1437 1551 manifestavit,
1458 1501 1685 1553 multumque
1698 1513 1833 1542 metum
1849 1505 1950 1543 auxit
1970 1505 2136 1544 intermi-

1182 1560 1298 1598 nando
1313 1570 1475 1600 mortem.
1496 1564 1678 1602 Morieris
1693 1565 1810 1616 enim,
1828 1565 1944 1617 inquit
1959 1597 1969 1615 ,
1983 1577 2139 1620 propter

1182 1621 1395 1669 mulierem,
1419 1637 1539 1675 quam
1558 1626 1758 1664 abstulisti
1771 1642 1781 1662 .-
1799 1629 1876 1664 ista
1900 1637 2030 1666 autem
2046 1644 2137 1668 eon-

1182 1683 1396 1721 tubernalis
1418 1693 1472 1722 est
1490 1687 1592 1723 viro.
1607 1686 1645 1723 4.
1662 1687 1703 1723 A
1707 1688 1894 1725 bimeleclz
1916 1698 2045 1727 alitem
2058 1705 2136 1728 non

1181 1745 1357 1795 tetigerat
1385 1745 1510 1782 illam.
1541 1745 1625 1784 Haec
1650 1756 1767 1785 autem
1792 1749 1910 1786 omnia
1932 1750 2020 1788 sacta
2039 1761 2135 1801 sunt,

1181 1811 1220 1840 ιιι
1241 1804 1306 1841 Dei
1335 1805 1526 1856 promissio
1552 1807 1646 1844 sacta
1678 1809 1888 1859 patriarchae
1914 1810 2132 1862 impleretur.

1179 1863 1372 1904 Enimvero
1387 1866 1472 1917 quia
1487 1868 1594 1919 paulo
1611 1878 1712 1907 antea
1729 1869 1795 1922 ipsi
1812 1871 2021 1922 promiserat
2036 1873 2134 1912 Isaac

1177 1939 1249 1964 esse
1267 1927 1483 1965 nasciturum
1501 1958 1511 1976 ,
1530 1938 1562 1966 et
1580 1943 1692 1981 prope
1711 1930 1832 1969 aderat
1851 1941 1990 1984 tempus
2006 1949 2014 1969 ε
2037 1943 2074 1971 ιιι
2091 1949 2134 1972 ne

1176 1987 1264 2038 quid
1284 1989 1440 2027 officeret
1465 1990 1691 2041 promissioni
1714 1993 1793 2041 Dei,
1811 2001 1948 2031 tantum
1968 1994 2132 2034 timorem

1176 2048 1212 2086 in
1231 2050 1437 2088 Abimeleeh
1461 2051 1632 2101 immisit,
1649 2062 1688 2090 ut
1705 2054 1889 2105 perculsus
1908 2056 2027 2094 animo
2041 2058 2107 2095 Sar
2119 2080 2131 2086 -

1174 2122 1251 2147 ram
1273 2110 1445 2162 attingere
1470 2125 1538 2149 non
1573 2111 1730 2150 auderet.
1759 2114 1909 2166 Propter
1937 2115 2005 2153 hoc
2036 2117 2131 2154 enim

1174 2172 1303 2224 adjecit
1320 2174 1444 2214 divina
1464 2176 1661 2228 Scriptura.
1680 2178 1723 2215 A
1728 2179 1914 2217 Inmelecli
1944 2194 2024 2218 non
2042 2185 2128 2219 teti-

1171 2244 1280 2285 gerat
1300 2236 1445 2274 illam:
1467 2236 1530 2276 sed
1556 2246 1590 2275 et
1606 2237 1652 2276 de
1671 2238 1828 2278 facinore
1846 2254 1882 2278 se
1906 2241 2063 2280 defendit
2090 2257 2132 2281 ac

1170 2296 1284 2335 dicit:
1303 2299 1488 2347 Domine,
1507 2308 1658 2352 gentem
1666 2303 1817 2353 justam
1833 2311 1869 2340 et
1885 2306 2130 2354 ignorantem

1168 2359 1332 2409 perdes?
1351 2360 1539 2411 Numquid
1559 2361 1694 2411 sciens,
1715 2362 1856 2414 inquit,
1878 2378 2027 2403 uxorem
2053 2366 2130 2418 ejus

1170 2433 1265 2469 esse,
1297 2420 1366 2458 hoc
1400 2421 1496 2459 feci?
1524 2422 1698 2474 numquid
1731 2423 1863 2475 injuria
1900 2427 2128 2478 peregrinum

1170 2481 1310 2519 afficere
1331 2482 1452 2520 volens
1467 2483 1485 2520 ⁴?
1501 2483 1677 2535 numquid
1696 2495 1734 2523 ut
1764 2499 1914 2524 uxorem
1934 2488 2010 2540 ejus
2028 2489 2127 2525 aufo-

1170 2556 1248 2580 rens
1263 2542 1281 2580 ἒ)
1295 2544 1346 2581 Ut
1365 2557 1521 2582 sororem
1536 2559 1614 2582 eam
1635 2555 1845 2598 accepturus
1864 2547 1931 2584 hoc
1946 2548 2014 2598 egi,
2030 2557 2127 2585 ratus

1169 2602 1237 2640 hoc
1256 2604 1400 2642 nomine
1418 2614 1451 2642 et
1468 2605 1564 2642 hunc
1583 2614 1615 2642 et
1637 2605 1738 2643 illam
1758 2607 1938 2645 honorari.
1962 2609 2127 2646 Gentem

1169 2661 1304 2714 igitur,
1323 2665 1473 2715 justam
1504 2672 1541 2702 et
1567 2667 1811 2716 ignorantem
1842 2667 2007 2718 perdes?
2026 2682 2127 2705 mene

1164 2723 1254 2774 justi
1269 2723 1388 2761 officio
1407 2724 1570 2762 functum
1590 2723 1715 2776 perdes
1728 2725 1745 2762 ἶ)
1760 2726 1899 2764 Deinde
1919 2727 2051 2766 clarius
2067 2729 2124 2766 as·

1168 2781 1282 2820 ferens
1317 2781 1414 2833 quod
1449 2781 1604 2831 dicebat,
1636 2782 1750 2834 inquit
1772 2799 1779 2819 z
1807 2784 1844 2821 5.
1874 2786 2014 2824 Nonne
2046 2789 2125 2838 ipse

1170 2844 1266 2880 mihi
1286 2844 1398 2889 dixit,
1414 2843 1529 2881 Soror
1548 2857 1634 2880 mea
1650 2852 1719 2888 est,
1739 2852 1775 2881 et
1790 2847 1874 2896 ipsa
1892 2847 1988 2884 milii
2008 2847 2121 2893 dixit,

1170 2905 1312 2942 Frater·
1347 2917 1452 2942 mens
1492 2911 1548 2941 est
1565 2907 1582 2939 P
1616 2903 1710 2943 Vide
1748 2918 1830 2943 cum
1864 2916 1995 2957 quanto
2043 2922 2124 2946 con-

1168 2980 1271 3004 sensu
1306 2974 1339 3003 et
1370 2965 1556 3003 concordia
1586 2966 1652 3003 hoc
1688 2967 1835 3017 egerint.
1870 2968 1916 3006 Et
1950 2969 2037 3022 ipse,
2071 2971 2123 3008 in-

1169 3028 1258 3079 quit,
1275 3027 1342 3065 lioc
1363 3027 1450 3065 mihi
1479 3026 1585 3076 dixit,
1605 3037 1639 3065 et
1662 3027 1738 3080 ipsa
1763 3027 1978 3082 adstipulata
1998 3040 2048 3069 est
2070 3031 2124 3069 di-

1166 3088 1232 3126 ctis
1261 3089 1348 3141 ejus.
1370 3091 1419 3126 In
1448 3089 1561 3125 corde
1588 3101 1699 3140 puro,
1721 3097 1758 3126 et
1787 3091 1828 3126 in
1848 3092 2007 3143 justitia
2040 3106 2121 3129 ma-

1166 3150 1380 3202 nmcmseci
1408 3150 1492 3194 hoc,
1523 3148 1658 3199 inquit,
1689 3162 1757 3187 uon
1784 3159 1822 3188 ut
1855 3150 2013 3202 iniquam
2047 3167 2120 3190 rem

1131 1818 1155 1849 C

1119 3227 1141 3256 E
1164 3217 1336 3259 facturus
1354 3215 1416 3254 sed
1429 3224 1466 3253 ιιι
1481 3215 1678 3267 legitimam
1691 3225 1723 3254 et
1743 3204 1877 3256 licitam
1895 3218 2119 3272 irreprehen-

1159 3339 1174 3363 b
1191 3339 1325 3380 Septem
1342 3337 1389 3369 Ms
1378 3349 1419 3369 s.
1438 3341 1475 3375 ὡς
1492 3343 1737 3378 καταπτῆξαι-ιτα.

1157 3389 1318 3434 c[Coisl
1339 3396 1371 3420 et
1388 3389 1489 3421 Struit.
1517 3398 1650 3432 τιμήσειν
1667 3405 1718 3425 αυτ
1726 3400 1756 3426 ον
1796 3391 1872 3425 Mox
1897 3393 1984 3425 Cois!
2022 3393 2119 3425 imbri

1114 3449 1247 3484 μετα-Η·
1269 3446 1388 3478 ἀποκεὶς
1405 3441 1542 3473 omittit.
1555 3442 1566 3483 J
