2516 3791
719 171 762 201 nv
799 171 901 201 ew.
943 171 1039 201 vui.
1077 170 1238 200 onnes.
1279 171 1438 201 nonu..
1482 171 1609 201 xxvi.
2076 161 2166 207 285

120 254 282 307 πρόνοιαν
310 255 370 290 τοῦ
394 254 462 290 τῶν
492 251 684 304 ἀνθρώπων
705 252 836 303 γένους,
866 253 925 291 καὶ
954 253 1006 291 ὅτι
1025 252 1139 291 πάντα
1209 261 1321 304 gerat,
1343 267 1384 291 ae
1403 268 1439 291 se
1455 253 1575 291 onmia
1596 253 1682 290 olim
1704 262 1736 290 et
1756 253 1802 291 ab
1822 253 1924 292 initio
1942 265 2088 308 propter
2110 273 2166 296 sa-

121 316 249 354 ἅνωθεν
269 313 329 351 καὶ
347 312 383 357 ἐξ
403 315 516 364 ἀρχῆς
533 312 848 365 ἐπραγματεύσατο
867 313 923 352 διὰ
939 313 1003 360 τὴν
1022 329 1140 359 σωτη-
1209 314 1318 352 lntem
1337 323 1491 353 nostram
1511 314 1644 353 secisse.
1664 314 1787 365 Itaque
1805 315 1868 352 etsi
1888 315 2027 367 puniat,
2045 318 2108 354 etsi
2129 319 2164 356 in

120 375 193 428 ρίαν
215 373 278 420 τὴν
297 372 485 426 ἡμετέραν.
510 372 584 412 Κᾶν
601 373 730 425 κολάζῃ
752 374 876 421 τοίνυν,
896 375 960 412 κᾶν
975 376 1136 425 τιμωρῆ-
1209 387 1273 412 nos
1289 375 1563 424 animadvertat,
1580 389 1624 413 ex
1647 374 1768 412 eadem
1787 375 1946 413 bonitate
1963 390 2026 414 sua
2042 377 2117 416 haec
2132 388 2165 416 et

116 451 193 482 ται,
223 434 292 472 ἀπὸ
321 436 383 480 τῆς
411 436 520 479 αὐτῆς
538 434 752 485 ἀγαθότητος
777 435 837 472 καὶ
863 439 973 473 ταῦτα
995 438 1138 472 κάκεῖνα
1210 434 1271 472 illa
1298 436 1393 474 facit.
1411 437 1488 474 Non
1515 435 1609 473 enim
1638 436 1695 473 vei
1720 436 1905 474 affectione
1927 437 1985 474 vel
2011 437 2061 475 ira
2083 452 2162 490 poe-

115 503 217 535 ποιεῖ.
236 494 328 534 Οὐδὲ
344 494 412 549 γὰρ
433 494 537 533 πάθει
557 496 614 533 καὶ
634 497 720 548 ὀργῇ
742 495 803 539 τὰς
817 496 987 548 τιμωρίας
1002 496 1137 546 ἐπάγει,
1210 510 1291 533 nam
1324 497 1428 535 infert
1447 513 1454 533 ε
1473 497 1533 535 sed
1564 496 1734 535 malitiam
1767 497 1973 536 exscindere
2007 499 2096 548 vult,
2121 513 2164 537 ne

116 556 205 596 ἀλλὰ
227 555 290 603 τὴν
313 556 439 594 κακίαν
461 556 632 609 ι’ἐγκόψαι
651 556 877 607 βουλόμενος,
899 557 958 595 καὶ
977 556 1067 594 ὥστε
1087 556 1136 606 μὴ
1210 558 1302 594 ultra
1325 558 1582 609 progrediatur.
1605 559 1697 604 Quia
1718 568 1750 596 et
1773 573 1881 608 nune,
1904 559 1994 597 sicut
2013 560 2160 607 auditis,

113 618 203 658 πάνυ
233 617 339 664 αὐτὴν
367 617 551 669 προὸἧναι.
586 618 687 655 Ἐπεὶ
720 616 778 655 καὶ
803 623 858 656 νῦν
872 647 881 663 ,
909 619 957 659 ὡς
981 617 1136 660 ἀκούετε,
1207 617 1389 655 diluvium
1407 619 1453 655 ob
1473 619 1563 656 nihil
1579 619 1679 656 aliud
1698 620 1969 670 imluxit‚‹pia1n
1987 630 2024 658 ut
2040 636 2162 660 curam

114 678 360 728 κατακλυσμὸν
389 678 434 716 δι’
464 677 561 716 οὐδὲν
581 677 695 729 ἕτερον
717 677 903 728 ἐπήγαγεν,
925 675 1014 714 ἀλλὰ
1030 675 1136 721 κηδό-
1208 687 1327 728 ageret
1352 693 1473 716 eorum
1506 679 1567 729 qui
1599 679 1777 729 iniquitati
1801 695 1838 717 se
1867 681 2091 721 dediderant.
2117 683 2163 720 Et

115 755 215 790 μενος
242 741 311 777 τῶν
338 739 423 792 πρὸς
451 738 623 785 τοσαύτην
641 737 768 776 κακίαν
790 736 930 780 ἑαυτοὺς
949 735 1136 774 ἐκδεδωκό-
1207 738 1338 788 qualis,
1355 738 1506 788 inquies,
1522 753 1605 776 cura
1620 739 1709 787 hanc,
1725 754 1846 777 omnes
1860 756 1950 791 aqua
1966 744 2131 781 susfiwari
2146 745 2163 781 Ξ)

112 817 192 839 των.
219 800 287 838 Καὶ
305 798 401 846 ποία,
421 799 518 851 φησὶ,
540 798 749 849 κηδεμονία,
769 798 809 835 τὸ
827 797 960 839 πάντας
981 795 1048 834 ὑπὸ
1067 799 1136 834 τῶν
1160 799 1183 829 Ε
1209 799 1262 835 Ne
1280 808 1409 837 temere
1430 799 1599 850 loquaris,
1620 799 1740 843 homo,
1761 800 1822 837 sed
1843 810 1943 850 grato
1963 803 2081 841 animo
2101 818 2161 841 ac-

113 860 245 898 ὑδάτων
265 861 507 911 ἀναιρεθῆναι;
532 858 594 905 Μὴ
613 857 877 909 ἀπερισκέπτως
893 855 1053 908 φθέγγου,
1073 856 1135 893 ἅν·
1205 859 1285 911 cipe
1295 873 1333 896 ea
1345 874 1450 910 quara
1462 860 1616 897 Domino
1630 868 1712 896 sunt
1726 861 1869 907 saeta,ct
1880 861 1967 898 scies
1979 862 2044 899 lioc
2056 864 2162 901 etiarn

113 927 246 974 θρωπε,
269 922 346 958 ἀλλ’
368 920 559 972 εὐγνώμονι
579 918 715 971 διανοίᾳ
739 918 783 956 τὰ
799 917 895 970 παρὰ
915 921 975 954 τοῦ
996 918 1135 956 Δεσπό-
1205 933 1280 957 esse
1302 921 1467 958 maximin
1497 934 1590 959 curae
1617 930 1878 971 argumentum.
1897 923 1988 959 Nam
2018 937 2076 960 eos
2100 925 2162 974 qui

110 999 170 1022 του
189 982 354 1034 γινόμενα
378 982 497 1033 δέχου,
525 980 585 1019 καὶ
610 980 689 1019 τότε
716 979 833 1031 γνώσῃ
854 978 936 1026 ὅσης
955 978 1015 1017 καὶ
1034 984 1134 1018 τοῦτο
1204 980 1255 1018 sic
1270 980 1516 1019 incurabiliter
1532 990 1690 1033 peccant,
1706 990 1740 1019 et
1755 981 1918 1032 quotidie
1932 983 2079 1021 vulnera
2093 984 2162 1022 sibi

113 1042 268 1095 μάλιστα
286 1042 507 1093 κηδεμονίας.
531 1042 585 1080 Τὸ
600 1041 668 1093 γὰρ
685 1040 762 1083 τοὺς
776 1040 819 1078 τὰ
835 1040 1008 1086 ἀνήκεστα
1022 1041 1133 1092 ἁμαρ·
1204 1039 1387 1092 infligunt,
1408 1051 1440 1080 et
1461 1042 1578 1080 ulcera
1595 1042 1664 1080 sibi
1686 1044 1782 1080 omni
1803 1056 1887 1080 cura
1904 1043 2088 1095 superiora
2105 1044 2162 1083 in-

109 1105 274 1148 τάνοντας
291 1134 299 1150 ,
330 1104 389 1142 καὶ
418 1105 493 1141 καθ’
523 1102 674 1149 ἑκάστην
703 1101 838 1153 ἡμέραν
870 1100 914 1139 τὰ
947 1101 1131 1153 τραύματα
1203 1103 1333 1148 serunt,
1356 1117 1401 1140 ex
1424 1112 1521 1141 tanto
1550 1104 1644 1141 malo
1671 1103 1854 1153 liberasse,
1877 1118 1992 1142 nonne
2012 1119 2160 1144 summa:

111 1166 342 1208 ἐπιτείνοντας
360 1195 369 1206 .
402 1165 461 1203 καὶ
493 1163 537 1202 τὰ
557 1163 642 1210 ἕλκη
669 1163 793 1200 ἀνίατα
813 1163 1073 1215 ἐργαζομένους,
1093 1163 1131 1200 ἐκ
1202 1173 1277 1202 erat
1296 1164 1519 1216 prudentiae?
1539 1165 1585 1202 Et
1602 1165 1678 1218 ipsc
1695 1165 1869 1217 puniendi
1885 1165 2026 1215 modus,
2046 1181 2161 1206 nonne

107 1229 170 1273 τῆς
188 1225 313 1270 κακίας
332 1225 582 1270 ἀπαλλάττειν,
602 1224 680 1276 οὐχὶ
699 1222 907 1274 κηδεμονίας
929 1218 970 1270 ἧν
990 1226 1051 1269 τῆς
1071 1239 1133 1274 με-
1202 1223 1299 1260 omni
1314 1222 1532 1274 benignitate
1553 1223 1679 1275 plenus
1695 1223 1771 1261 est?
1790 1223 1862 1262 Eos
1878 1225 1971 1262 enim
1989 1226 2052 1276 qui
2071 1227 2160 1265 alio-

107 1288 253 1339 γίστης;
291 1286 360 1325 Καὶ
391 1286 492 1329 αὐτὸς
531 1285 566 1323 δὲ
602 1289 620 1324 ὁ
649 1287 712 1331 τῆς
741 1283 914 1336 τιμωρίας
942 1284 1068 1335 τρόπος
1092 1285 1130 1322 οὐ
1201 1284 1288 1334 quin
1312 1293 1448 1321 naturae
1479 1283 1642 1322 debitum
1667 1285 1821 1323 soluturi
1842 1295 1955 1333 erant,
1975 1287 2026 1325 sic
2049 1302 2160 1340 poena:

107 1349 224 1395 πάσης
249 1347 350 1399 γέμει
378 1346 637 1399 φιλανθρωπίας
655 1363 664 1393 ;
696 1347 749 1384 Τὸ
772 1346 840 1398 γὰρ
871 1344 949 1389 τοὺς
969 1345 1028 1384 καὶ
1050 1346 1129 1384 ἄνευ
1200 1346 1278 1383 loco
1315 1346 1427 1384 vitam
1460 1345 1659 1398 deponere,
1692 1355 1732 1384 ut
1762 1361 1805 1385 nc
1842 1362 1982 1386 sensum
2013 1349 2158 1399 quidem

106 1409 228 1448 τούτου
249 1409 438 1460 μέλλοντας
451 1408 491 1446 τὸ
504 1411 567 1454 τῆς
583 1407 715 1460 φύσεως
729 1407 831 1459 χρέος
846 1406 1003 1452 ἐκτίνειν,
1021 1406 1130 1451 οὕτως
1142 1436 1190 1462 244
1202 1406 1326 1444 mortis
1353 1406 1543 1455 baberent,
1575 1406 1636 1444 sed
1668 1407 1804 1458 absque
1835 1407 1969 1447 doloris
2000 1410 2159 1448 cruciatu

108 1470 247 1514 ἀλύπως
269 1471 304 1507 ἐν
325 1468 421 1521 μέρει
447 1468 618 1521 τιμωρίας
639 1467 702 1515 τὴν
723 1467 815 1515 ζωὴν
835 1466 1044 1512 ἀποθέσθαι,
1069 1466 1129 1505 καὶ
1156 1474 1178 1502 Α
1201 1467 1418 1520 supplicium
1432 1468 1606 1518 subirent,
1621 1478 1761 1519 quantae
1773 1483 1840 1507 non
1857 1470 1963 1509 fuerit
1978 1470 2160 1524 sapientiae

108 1530 197 1580 μήτε
214 1530 373 1576 αἴσθησιν
388 1533 447 1568 τοῦ
462 1528 691 1581 γεγενημένου
706 1529 841 1576 λαὸεῖν,
857 1530 934 1566 ἀλλ’
949 1527 1129 1571 ἀνωδύνως
1200 1537 1235 1566 et
1259 1529 1452 1567 bonitatis?
1468 1529 1565 1576 Quin
1589 1530 1618 1567 si
1645 1530 1725 1581 quis
1750 1531 1870 1569 animo
1896 1532 1956 1584 pio
1981 1533 2160 1585 expendat

106 1591 167 1630 καὶ
181 1590 351 1643 ἀναλγητὶ
367 1589 431 1637 τὴν
443 1590 615 1644 τιμωρίαν
632 1589 807 1637 δέξασθαι,
817 1589 929 1637 πόσης
942 1590 1004 1627 οὐκ
1021 1588 1060 1627 ἂν
1075 1589 1128 1636 εἴη
1200 1589 1349 1639 sactum,
1374 1604 1444 1628 non
1473 1591 1589 1629 solum
1620 1605 1745 1644 nempe
1775 1591 1818 1630 iis
1845 1593 1905 1643 qui
1937 1594 2053 1645 puniti
2078 1604 2160 1633 sunt

105 1652 225 1705 σοφίας
235 1652 295 1690 καὶ
310 1651 541 1704 ἀγαθότητος,
559 1652 628 1690 Καὶ
643 1652 727 1690 αὐτὸ
741 1651 920 1704 γὰρπάλιν
934 1650 1024 1694 εἴτις
1034 1652 1129 1690 εὐσε-
1199 1650 1371 1688 beneficia
1403 1665 1478 1689 esse
1509 1652 1650 1701 collata,
1669 1651 1731 1690 sed
1758 1661 1791 1691 et
1818 1654 1978 1705 posteris,
1999 1655 2059 1705 qui
2086 1655 2159 1693 duo

102 1713 156 1751 Cet
167 1715 325 1765 λογισμῷ
341 1712 537 1763 καταμάθοι
550 1712 838 1765 τὸγεγενημένον,
849 1711 902 1750 ὅτι
915 1714 977 1750 οὐκ
991 1715 1037 1756 εἷς
1053 1711 1130 1757 τοὺς
1201 1711 1358 1748 maxima
1369 1711 1453 1750 inde
1466 1722 1697 1764 perceperunt
1711 1713 1817 1761 bona,
1829 1723 1905 1752 tum
1920 1715 2017 1765 quod
2035 1715 2159 1754 iisdem

105 1774 367 1827 τιμωρηθέντας
388 1774 490 1824 μόνον
512 1774 557 1811 τὰ
572 1776 635 1820 τῆς
654 1773 852 1826 εὐεργεσίας
871 1773 1021 1824 γέγονεν,
1039 1773 1129 1812 ἀλλὰ
1202 1773 1236 1810 in
1261 1773 1365 1810 malis
1386 1787 1454 1811 non
1478 1773 1548 1811 sint
1567 1774 1737 1824 involuti,
1756 1784 1832 1813 tum
1848 1776 1945 1826 quod
1964 1790 2009 1814 ex
2027 1776 2158 1829 liujus—

107 1835 166 1873 καὶ
197 1837 228 1871 οἳ
255 1837 303 1878 εἰς
324 1834 363 1872 τὸ
382 1834 460 1879 ἑξῆς
481 1834 663 1885 μέλλοντες
683 1835 822 1873 ἔσεσθαι
842 1834 900 1872 δύο
916 1833 961 1872 τὰ
981 1834 1130 1886 μέγιστα
1201 1834 1298 1872 modi
1317 1834 1420 1873 factis
1440 1835 1614 1872 cautiores
1633 1845 1666 1873 et
1682 1837 1948 1889 temperatiores
1967 1839 2157 1887 evaserint,

104 1897 258 1935 ἐντεῦθεν
282 1895 533 1949 ἐκαρπώσαντο
558 1895 689 1946 ἀγαθὰ,
708 1901 721 1916 ‘¹
734 1894 790 1945 [τό
809 1911 846 1933 τε
868 1895 916 1946 μὴ
937 1897 1069 1933 ἁλῶναι
1095 1898 1130 1934 ἐν
1201 1905 1371 1946 quantam
1398 1896 1595 1947 gratiarum
1616 1898 1791 1935 actionem
1817 1912 1883 1950 pro
1905 1898 1978 1936 illis
1996 1900 2071 1937 Deo
2089 1914 2158 1938 non

103 1963 173 2001 τοῖς
203 1959 316 2001 αὐτοῖς
348 1957 408 1995 καὶ
433 1956 473 1995 τὸ
493 1958 532 1995 ἐκ
553 1956 685 1995 τούτων
711 1959 780 1994 τῶν
799 1957 1038 2008 γεγενημένων
1059 1973 1128 1995 σω·
1200 1956 1379 1994 debeant?
1396 1957 1539 1994 Etenim
1554 1957 1683 2009 posteri
1698 1972 1800 2010 poena
1816 1959 1977 2008 illorum,
1995 1969 2027 1997 et
2044 1969 2155 2009 metu,

102 2018 348 2071 φρονεστέρους
362 2018 596 2069 γεγενῆσθαι,]
612 2017 724 2064 πόσην
741 2019 804 2056 οὐκ
818 2017 966 2070 ὤφειλον
982 2021 1032 2070 τῷ
1047 2021 1130 2070 Θεῷ
1202 2031 1245 2055 ne
1256 2017 1378 2056 eadem
1392 2032 1471 2069 quae
1484 2017 1536 2055 illi
1553 2027 1768 2070 paterentur,
1781 2019 1944 2057 meliores
1958 2020 2040 2058 sacti
2055 2030 2156 2059 sunt:

101 2079 205 2132 χάριν
234 2080 322 2132 ὑπὲρ
351 2079 480 2118 τούτων
513 2081 715 2131 ὁμολογεῖν,
743 2079 797 2118 ὅτι
820 2080 879 2117 καὶ
909 2082 953 2131 τῇ
976 2079 1130 2132 τιμωρία
1154 2090 1177 2119 Β
1201 2092 1242 2116 ac
1258 2088 1425 2130 praeterea
1441 2093 1545 2117 omne
1563 2079 1711 2117 malitiae
1728 2080 1942 2118 fermentum
1959 2082 2157 2127 sublatum,

101 2140 242 2178 ἐκείνων
257 2140 316 2178 καὶ
335 2143 385 2192 τῷ
405 2140 473 2178 δέει
489 2145 549 2178 τοῦ
571 2139 620 2191 μὴ
642 2139 686 2178 τὰ
706 2139 796 2177 αὐτὰ
815 2144 938 2178 παθεῖν
955 2141 1129 2193 σωφρονέ-
1201 2148 1234 2177 et
1258 2139 1380 2178 nullus
1408 2140 1554 2178 relictus
1581 2140 1651 2177 fuit
1670 2140 1720 2178 eis
1740 2141 1886 2178 malitiae
1905 2150 1939 2179 et
1958 2142 2160 2193 iniquitatis

101 2216 216 2252 στεροι
243 2201 426 2252 γεγόνασιν
445 2202 477 2238 οἱ
498 2200 587 2251 μετὰ
605 2204 716 2239 ταῦτα
731 2229 741 2245 ,
757 2201 816 2239 καὶ
837 2203 887 2253 τῷ
907 2201 1048 2248 ἁπάσης
1065 2203 1129 2246 τῆς
1200 2200 1379 2252 magister.
1394 2200 1510 2241 Vides
1535 2200 1716 2251 quomodo
1739 2210 1773 2239 et
1797 2216 1908 2254 poenae
1931 2212 1963 2241 et
1983 2204 2161 2256 supplicia

100 2261 226 2305 κακίας
243 2262 301 2300 καὶ
321 2261 491 2314 πονηρίας
507 2261 572 2309 τὴν
588 2261 699 2312 ζύμην
717 2265 957 2314 ἀναιρεθῆναι,
978 2263 1037 2301 καὶ
1055 2278 1129 2312 μη-
1198 2262 1371 2300 beneficia
1399 2263 1484 2313 sint,
1507 2271 1540 2300 et
1560 2263 1627 2301 Dei
1652 2277 1734 2315 erga
1765 2264 1946 2303 hominem
1968 2266 2161 2318 providen-

99 2321 182 2360 δένα
203 2324 477 2375 καταλειφθῆναι
497 2322 706 2361 διδάσκαλον
723 2325 839 2367 αὐτοῖς
852 2327 916 2370 τῆς
929 2325 1054 2368 κακίας
1067 2325 1129 2363 καὶ
1199 2323 1286 2361 tiam
1317 2324 1522 2362 declarent?
1546 2324 1593 2362 Et
1619 2324 1650 2362 si
1679 2325 1758 2375 quis
1782 2326 1868 2364 velit
1893 2327 1968 2365 haec
1989 2342 2009 2365 a
2033 2327 2160 2380 primis

100 2385 163 2429 τῆς
182 2383 348 2435 πονηρίας
367 2398 374 2419 ;
409 2377 509 2427 Εἶδες
532 2386 607 2426 πῶς
628 2383 688 2422 καὶ
708 2386 744 2422 αἱ
764 2384 924 2429 κολάσεις
944 2386 1047 2424 αὐτοῦ
1067 2386 1128 2424 καὶ
1199 2394 1232 2423 et
1258 2385 1304 2423 ab
1334 2385 1436 2423 initio
1461 2399 1683 2433 enumerare,
1711 2387 1865 2426 inveniet
1891 2402 2012 2426 omnes
2039 2403 2160 2441 poenas

99 2445 134 2480 αἱ
155 2443 323 2496 τιμωρίαι
344 2443 536 2496 εὐεργεσίαι
556 2443 689 2495 μᾶλλόν
708 2447 788 2493 εἰσι,
809 2445 868 2484 καὶ
883 2445 947 2492 τὴν
962 2446 1126 2499 πρόνοιαν
1199 2446 1267 2484 hac
1294 2445 1340 2484 de
1370 2461 1476 2485 causa
1502 2447 1750 2499 peccatoribus
1783 2448 1982 2487 intentatas,
2004 2451 2096 2488 Nam
2126 2459 2160 2487 et

100 2506 207 2542 αὐτοῦ
238 2504 394 2555 μάλιστα
426 2504 489 2552 τὴν
517 2505 595 2557 περὶ
623 2505 686 2552 τὴν
714 2509 782 2544 τῶν
814 2506 1006 2558 ἀνθρώπων
1026 2507 1127 2559 φύσιν
1201 2507 1315 2545 Adam
1334 2518 1538 2560 peccantem
1554 2523 1622 2547 non
1637 2509 1788 2561 puniens
1805 2519 1956 2559 tantum,
1970 2511 2030 2548 scd
2048 2521 2079 2549 et
2099 2512 2159 2549 be-

100 2565 311 2614 δεικνύουσι;
334 2565 403 2604 Καὶ
418 2565 450 2604 εἴ
467 2582 518 2610 τις
536 2566 722 2618 βουληθείη
740 2567 868 2606 ἄνωθεν
889 2569 948 2607 καὶ
964 2568 999 2613 ἐξ
1017 2572 1129 2622 ἀρχῆς
1199 2568 1327 2606 neficio
1345 2583 1562 2621 prosequens
1576 2569 1741 2621 paradiso
1757 2571 1871 2622 ejecit.
1888 2571 1935 2608 Et
1951 2572 2056 2622 quale
2067 2572 2158 2610 dicis

99 2630 210 2665 ταῦτα
234 2626 562 2678 ἀπαριθμήσασθαι,
585 2627 726 2679 εὑρήσει
748 2628 818 2667 ἀπὸ
837 2632 897 2667 τοῦ
917 2633 1021 2669 αὐτοῦ
1040 2647 1127 2669 σκο-
1199 2629 1436 2679 beneficium,
1457 2630 1562 2667 etiam
1592 2629 1750 2682 paradisi
1781 2631 1854 2669 vita
1886 2632 2084 2670 excidisse?
2105 2634 2158 2671 Ne

101 2690 167 2725 ποῦ
189 2688 328 2731 ἁπάσας
343 2687 407 2731 τὰς
421 2688 596 2741 τιμωρίας
615 2688 818 2746 ι’ἐπείγοντα
831 2696 904 2735 τοῖς
919 2693 994 2742 ἡμα
1001 2692 1129 2745 ρτηκό-
1200 2690 1412 2744 simpliciter
1425 2691 1585 2729 attendas
1599 2690 1644 2728 ad
1662 2705 1700 2729 ea
1721 2706 1799 2741 qua:
1820 2701 2003 2742 geruntur,
2016 2692 2157 2741 dilecte,

102 2762 168 2785 σιν.
190 2747 292 2786 Ἐπεὶ
313 2748 372 2786 καὶ
390 2748 448 2787 τὸν
464 2748 587 2801 Ἀδὰμ,
607 2749 712 2796 ἡνίκα
731 2751 884 2803 παρέὸη,
913 2754 950 2791 οὐ
971 2753 1127 2798 κολάζων
1201 2766 1312 2804 neque
1326 2752 1439 2790 obiter
1457 2767 1535 2803 quae
1551 2766 1570 2789 a
1591 2753 1666 2790 Deo
1682 2752 1774 2790 fiunt
1793 2752 1956 2791 addiscas
1973 2769 1981 2790 :
1997 2753 2058 2792 sed
2077 2770 2156 2807 pro-

103 2807 205 2858 μόνον
221 2837 231 2855 ,
252 2808 340 2847 ἀλλὰ
362 2809 421 2848 καὶ
442 2811 629 2862 εὐεργετῶν
656 2810 799 2856 ἐξέὸαλε
819 2816 880 2850 τοῦ
899 2814 1126 2865 παραδείσου.
1151 2826 1176 2857 C
1200 2814 1351 2852 fundum
1367 2813 1463 2851 illius
1474 2813 1643 2851 bonitatis
1660 2813 1806 2863 intuere,
1819 2823 1852 2852 et
1865 2815 2024 2855 invenies
2037 2817 2156 2856 omnia

103 2869 174 2908 Καὶ
203 2869 306 2918 ποία,
326 2870 428 2923 φησὶν
444 2899 454 2917 ,
483 2871 664 2924 εὐεργεσία
692 2872 733 2911 τὸ
765 2874 925 2912 ἐκπεσεῖν
940 2878 1003 2922 τ’ῆς
1022 2877 1058 2914 ἐν
1077 2879 1127 2929 τῷ
1199 2876 1324 2915 eadem
1342 2875 1388 2914 de
1405 2890 1510 2914 causa
1528 2875 1574 2913 ab
1591 2876 1668 2928 ipso
1689 2875 1779 2915 fieri.
1796 2877 1866 2915 Dic
1885 2877 1980 2916 enim
2002 2878 2107 2928 mihi,
2124 2869 2155 2917 si

102 2930 305 2984 παραδείσῳ
342 2932 539 2984 διαγωγῆς;
585 2932 648 2980 Μὴ
681 2933 802 2979 ἁπλῶς
830 2941 901 2979 τοῖς
934 2937 1129 2988 γινομένοις
1200 2937 1329 2986 Adam,
1343 2946 1533 2990 postquam
1549 2936 1599 2975 sic
1613 2945 1853 2988 transgressus
1867 2947 1930 2988 est,
1945 2939 2072 2978 iisdem
2091 2940 2155 2979 ad·

102 2989 270 3043 πρόσεχε,
306 2992 484 3044 ἀγαπητὲ,
527 2993 616 3044 μηδὲ
648 2994 834 3048 παρέργως
861 2995 906 3034 τὰ
937 2998 1034 3051 παρὰ
1065 3003 1125 3038 τοῦ
1198 2999 1270 3037 huc
1284 2999 1355 3036 frui
1372 2998 1559 3051 potuisset,
1580 3012 1650 3048 quo
1686 3013 1755 3037 non
1782 2999 1998 3039 excidisset?
2018 3002 2110 3040 Nam
2123 3003 2154 3040 si

102 3053 195 3090 Θεοῦ
225 3052 391 3104 γινόμενα
421 3054 691 3105 καταμάνθανε,
722 3055 813 3094 ἀλλὰ
840 3057 925 3110 πρὸς
953 3058 994 3096 τὸ
1023 3059 1128 3110 βάθος
1198 3060 1306 3099 tantis
1325 3059 1509 3112 promissis
1528 3059 1695 3112 acceptis,
1715 3070 1912 3113 serpentem
1931 3061 2155 3115 deceptorem

105 3111 296 3151 κατόπτευε
313 3115 377 3160 τῆς
396 3116 528 3161 πολλῆς
555 3115 658 3154 αὐτοῦ
685 3116 915 3168 ἀγαθότητος,
943 3119 1004 3157 καὶ
1024 3121 1127 3174 εὑρή-
1198 3121 1352 3170 audivit,
1368 3130 1402 3158 et
1426 3119 1571 3158 insidias
1588 3120 1748 3173 admisit,
1765 3136 1852 3173 quas
1874 3137 1937 3175 per
1963 3137 2045 3163 eum
2073 3124 2155 3163 dia—

149 3232 166 3257 b
190 3231 318 3274 [Savil.
335 3233 368 3265 in
386 3244 492 3275 marg.
510 3243 528 3266 e
544 3245 615 3267 var.
635 3233 711 3267 lect.
729 3240 850 3279 ἐκκόψαι
867 3237 882 3277 ]
1190 3241 1206 3265 b
1230 3240 1332 3274 Savil.
1352 3239 1384 3273 in
1405 3248 1496 3273 textu
1512 3249 1544 3273 ct
1557 3240 1694 3284 quidam
1709 3242 1788 3276 Mss.
1804 3248 1974 3288 ἐπάγοντος.
1990 3247 2105 3280 Mon-el.
2124 3256 2158 3281 ει

147 3293 161 3308 ·
185 3285 263 3316 llaec
288 3295 360 3327 qua:
386 3286 479 3318 uncis
502 3285 705 3319 clauduntur
727 3298 768 3319 ex
796 3299 864 3320 uno
891 3296 1022 3323 tantum
1047 3291 1107 3324 Ms.
1144 3292 1199 3325 alii
1216 3297 1366 3336 ἐπάγοντα
1382 3293 1493 3337 [quod
1509 3295 1652 3338 conjecit
1669 3294 1801 3339 Savil.].

105 3336 264 3378 eruimus,
282 3335 339 3369 sed
356 3336 508 3370 ridentur
525 3337 568 3371 ad
583 3339 699 3372 seriem
717 3339 893 3383 quadrare.
