2566 3791
686 253 728 282 lN
766 253 868 283 CAl‘.

52 344 128 383 ἀλλ’
143 340 200 381 ἐπὶ
216 342 259 392 τῇ
275 341 342 377 τῶν
364 336 500 376 οἰκείων
519 335 628 390 ἔργων
650 335 831 388 παρρησία
843 351 850 359 ·
872 336 1003 387 μᾶλλον
1030 333 1066 371 δὲ

907 252 954 282 V.
992 248 1154 280 miuus.
1190 249 1346 280 llOMlL.
1387 248 1489 280 xxi.

2006 255 2098 301 219

1142 331 1275 371 fiducia
1294 333 1522 387 propriorum
1544 345 1694 386 operum
1711 347 1718 368 :
1741 332 1812 370 imo
1832 346 1947 384 neque
1966 333 2000 371 in
2027 335 2099 372 illis

52 403 139 457 μηδὲ
153 401 210 441 ἐπὶ
224 400 333 452 ταύτῃ
351 399 441 451 μέγα
457 403 606 451 φρονεῖν,
621 398 710 436 ἀλλὰ
721 397 799 436 τότε
819 399 950 448 μᾶλλον
967 411 1069 435 κατε·
1084 423 1130 448 ‚⁸5
1144 394 1299 432 multum
1317 393 1362 433 de
1390 408 1426 433 se
1442 394 1585 443 sentire,
1611 392 1673 432 sed
1691 402 1775 432 tunc
1791 394 1906 445 magis
1925 395 2099 432 humilem

49 465 194 505 στοίλθαι
214 462 273 502 καὶ
293 461 501 512 μετριάζειν,
519 459 602 499 ὅταν
625 459 733 498 πολὺν
761 460 818 498 τὸν
842 461 991 498 πλοῦτον
1008 461 1070 504 τῆς
1096 462 1121 490 Λ
1144 464 1179 492 et
1196 454 1397 493 modestum
1414 469 1488 494 csse
1501 464 1653 508 oportet,
1664 469 1747 493 cum
1765 468 1911 507 magnas
1924 455 2101 494 virtutum

49 529 174 579 α’ρετῆς
193 528 399 575 συναγαγεῖν
426 523 643 573 δυνηθῶμεν·
672 520 762 559 οὕτω
794 521 862 574 γὰρ
883 521 943 559 καὶ
973 519 1070 558 αὐτοὶ

49 586 138 638 μετὰ
158 585 349 637 ἀσφαλείας
366 584 423 622 τὸν
443 582 653 635 συλλεγέντα
672 584 821 622 πλοῦτον
840 588 854 603 “
866 581 1069 632 συνάξομεν,

47 648 106 687 καὶ
135 647 197 695 τὴν
218 645 314 699 παρὰ
332 650 392 684 τοῦ
417 648 509 684 Θεοῦ
539 644 672 683 εὔνοιαν
701 643 981 693 ἐπισπασάμεθα.
1002 641 1070 679 Διὰ

48 709 116 763 γὰρ
133 713 234 748 τοῦτο
252 710 312 746 καὶ
327 711 345 746 ὁ
366 706 515 760 Χριστος
532 705 627 757 ἔλεγε
647 711 718 750 τοῖς
745 708 936 756 μαθηταῖς,
954 700 1070 741 ‘'O-tow

49 771 163 809 πάντα
189 768 380 816 ποιήσητε,
396 767 536 818 λέγετε,
556 766 610 805 δ’τι
629 769 763 818 ἀχρεῖοι
796 763 911 803 δοῦλοί
944 766 1069 814 ἐσμεν·

49 834 228 883 πανταχοῦ
263 828 508 868 καταστέλλων
538 829 650 865 αὐτῶν
679 826 722 864 τὰ
754 825 979 878 φρονήματα,
1011 823 1070 861 καὶ

49 892 176 930 πείθων
208 889 270 941 μὲν
303 893 573 942 μετριοφρονεῖν,
608 887 667 925 καὶ
700 885 750 937 μὴ
778 884 985 937 ἐπαίρεσθαι
1013 884 1070 923 ἐπὶ

49 950 327 1005 κατορθώμασιν,
342 949 418 988 ἀλλ’
439 948 564 986 εἰδέναι
584 949 630 991 ὡς
643 951 665 994 ἡ
687 946 836 999 μεγίστη
853 946 959 998 ἀρετὴ
982 945 1070 992 αὕτη

48 1012 203 1062 μάλιστα
221 1011 361 1050 πάντων
381 1008 454 1049 ἐστὶ
478 1010 518 1047 τὸ
544 1010 580 1047 ἐν
600 1007 869 1061 κατορθώμασιν
891 1007 974 1046 ὄντα
993 1006 1071 1045 τινὰ

49 1073 256 1124 μετριάζειν.

100 1133 192 1172 Ἀλλ’
212 1132 270 1171 ἐπὶ
288 1131 350 1179 τὴν
377 1130 582 1170 ἀκολουθίαν
609 1129 715 1169 πάλιν
738 1129 985 1182 ἐπανέλθωμεν
1009 1134 1071 1170 τοῦ

46 1194 172 1247 λόγου,
193 1194 253 1232 καὶ
272 1193 403 1244 ἴδωμεν
422 1190 500 1236 τοὺς
529 1191 605 1238 ἑξῆς
634 1191 832 1244 τεχθέντας.
858 1191 965 1235 Εἰκὸς
1001 1191 1070 1244 γὰρ

46 1255 139 1295 κατὰ
159 1256 282 1309 μικρὸν
303 1255 486 1308 προϊόντας
506 1253 645 1304 μείζονα
664 1254 836 1306 θησαυρὸν
861 1256 983 1306 εὑρεῖν,
1011 1253 1071 1292 καὶ

47 1317 155 1356 πολὺν
170 1317 229 1355 καὶ
243 1317 373 1369 ἅερατον
390 1317 554 1354 πλοῦτον.
573 1315 642 1354 Καὶ
662 1314 782 1362 ἔζησε,
800 1314 918 1366 φησὶν,
938 1313 1069 1362 Ἐνὼς,

47 1372 144 1422 οὗτος
165 1381 183 1416 ὁ
214 1381 274 1416 τοῦ
304 1377 378 1424 Σὴθ
398 1377 486 1421 υἱὸς,
507 1376 568 1422 ἔτη
600 1376 723 1414 ἑκατὸν
758 1376 984 1425 ἐνενήκοντα,
1010 1376 1070 1415 καὶ

46 1439 207 1490 ἐγέννησε
223 1438 280 1477 τὸν
300 1439 444 1485 Καϊνᾶν,
461 1438 520 1476 καὶ
552 1439 685 1476 Καϊνᾶν
711 1437 874 1488 ἐγέννησε
901 1437 959 1476 τὸν
988 1439 1070 1476 Μα-

46 1500 172 1547 λελεὴλ
183 1530 192 1548 ,
205 1499 264 1537 καὶ
281 1498 470 1545 Μαλελεὴλ
488 1497 650 1549 ἐγέννησε
662 1498 721 1536 τὸν
737 1498 869 1550 Ἰαρὲδ,
880 1498 940 1536 καὶ
956 1498 1071 1551 Ἰαρὲδ

46 1560 207 1612 ἐγέννησε
225 1561 283 1600 τὸν
306 1558 436 1612 Ἑνώχ.
466 1560 536 1598 Καὶ
564 1559 683 1607 ἔζησεν
707 1559 828 1612 Ἑνὼχ
856 1558 916 1607 ἔτη
946 1561 1070 1599 ἑκατὸν

46 1623 212 1670 ἑξήκοντα
236 1622 356 1668 πέντε,
377 1622 437 1660 καὶ
459 1621 621 1673 ἐγέννησε
643 1622 700 1660 τὸν
720 1623 951 1661 Μαθουσάλα.
972 1623 1070 1670 Εὐη-

49 1684 193 1737 ρὲστησε
214 1683 267 1731 δὲ,
288 1682 372 1735 φησὶ
388 1713 396 1729 ,
417 1685 467 1735 τῷ
482 1685 564 1734 Θεῷ
581 1682 702 1735 Ἑνὼχ
712 1713 721 1730 ,
737 1683 797 1721 καὶ
817 1683 934 1731 ἔζησεν
952 1683 1074 1737 Ἑνὼχ

48 1745 137 1796 μετὰ
152 1745 192 1783 τὸ
210 1747 373 1795 γεννῆσαι
389 1744 489 1782 αὐτὸν
506 1744 564 1782 τὸν
578 1744 796 1782 Μαθουσάλα
815 1743 876 1792 ἔτη
893 1745 1053 1784 διακόσια
1064 1775 1074 1792 ,

47 1807 107 1844 καὶ
128 1806 307 1859 ἐγέννησεν
332 1804 425 1850 υἱοὺς
452 1805 512 1843 καὶ
535 1805 744 1857 θυγατέρας,
765 1805 824 1844 καὶ
854 1807 1010 1856 ἐγένοντο
1040 1809 1074 1844 αἱ

47 1868 177 1921 ἡμέραι
209 1866 330 1919 Ἑνὼχ
355 1867 415 1914 ἔτη
449 1867 632 1918 τριακόσια
665 1866 832 1914 ἑξήκοντα
866 1867 980 1906 πέντε.
1006 1867 1075 1905 Καὶ
1098 1876 1122 1906 C

49 1928 279 1981 εὐηρέστησεν
311 1928 432 1980 Ἑνὼχ
463 1931 514 1981 τῷ
550 1930 652 1980 Θεῷ,
689 1928 750 1966 καὶ
788 1931 854 1980 οὐχ
880 1927 1076 1981 εὑρίσκετο,

49 1991 137 2029 διότι
158 1990 344 2041 μετέθηκεν
365 1990 466 2028 αὐτὸν
493 1993 511 2028 ὁ
535 1989 635 2034 Θεός.
657 1992 710 2028 Οὐ
731 1991 846 2034 καλῶς
866 1990 1002 2042 ἔλεγον,
1023 1990 1077 2029 ὅτι

48 2052 225 2105 προϊόντες
243 2050 350 2089 πολὺν
371 2051 430 2089 καὶ
448 2051 578 2103 ἄφατον
596 2051 787 2104 εὑρήσομεν
807 2053 956 2090 πλοῦτον
975 2067 1077 2090 πνευ-

50 2114 196 2165 ματικὸν
229 2115 263 2151 ἐν
294 2113 427 2156 τούτοις
452 2118 522 2155 τοῖς
541 2112 726 2163 ὀνόμασιν;
758 2111 893 2151 Ἐννόει
921 2112 988 2166 γάρ
1017 2129 1075 2164 μοι

49 2175 208 2220 ἐνταῦθα,
226 2172 407 2224 ἀγαπητὲ,
421 2172 481 2211 καὶ
499 2177 560 2211 τοῦ
580 2173 714 2210 δικαίου
740 2173 805 2220 τὴν
837 2173 983 2226 ἀρετὴν,
1015 2174 1075 2212 καὶ

48 2238 108 2272 τοῦ
127 2237 255 2287 ἀγαθοῦ
275 2236 366 2273 Θεοῦ
395 2233 458 2281 τὴν
489 2233 777 2287 ὑπερὸάλλουσαν
798 2234 1074 2286 φιλανθρωπίαν,

47 2296 108 2335 καὶ
125 2299 186 2343 τῆς
205 2295 296 2338 θείας
317 2297 458 2348 Γραφῆς
483 2294 547 2341 τὴν
568 2294 761 2348 ἀκρίῧειαν.
781 2294 914 2342 Ἔζησε
928 2325 938 2344 ,
957 2295 1074 2348 φησὶν,

48 2356 167 2409 Ἑνὼχ
186 2356 245 2404 ἔτη
278 2356 400 2394 ἑκατὸν
421 2355 586 2403 ἑξήκοντα
605 2357 726 2405 πέντε,
755 2358 815 2396 καὶ
836 2356 999 2408 ἐγέννησε
1016 2357 1075 2395 τὸν

50 2418 266 2456 Μαθουσάλα
278 2448 287 2465 ,
307 2417 367 2456 καὶ
390 2417 604 2470 εὖηρέστησε
617 2448 626 2465 ,
643 2418 761 2470 φησὶν,
781 2417 902 2471 Ἑνὼχ
919 2421 970 2472 τῷ
991 2421 1074 2472 Θεῷ

51 2479 140 2529 μετὰ
157 2479 197 2516 τὸ
215 2482 379 2531 γεννῆσαι
395 2479 498 2517 αὐτὸν
515 2479 573 2518 τὸν
587 2479 819 2519 Μαθουσάλα.
839 2480 1074 2520 'Amuli-mecm

50 2541 111 2578 καὶ
128 2540 247 2592 ἄνδρες
274 2540 334 2578 καὶ
355 2547 534 2592 γυναῖκες,
553 2541 613 2579 καὶ
631 2541 915 2581 παιδευέσθωσαν
937 2546 996 2581 τοῦ
1018 2544 1074 2581 δι-

1142 515 1289 554 divitias
1309 530 1496 568 congerere
1516 531 1706 569 possumus
1731 532 1739 553 ε
1763 516 1814 554 sic
1833 516 1927 554 enim
1965 525 1998 554 et
2031 516 2097 568 ipsi

1144 577 1306 616 collectas
1317 578 1462 616 divitias
1477 587 1553 616 tuto
1569 578 1823 625 custodiemus,
1839 587 1872 616 et
1886 577 2101 616 benevolen-

1143 638 1229 676 tiam
1250 640 1314 677 Dei
1329 640 1430 677 nobis
1444 640 1728 679 conciliabimus.
1746 640 1941 680 Enimvero
1958 648 2102 692 propter

1143 698 1210 736 hoc
1231 709 1264 737 et
1284 700 1448 738 Clu-istus
1474 700 1663 752 discipulis
1694 701 1769 738 suis
1802 701 1970 739 dicebat:
2003 702 2100 739 Cum
2116 713 2228 753 Luc-JJ
2256 721 2303 742 ιο.

1143 763 1276 798 omnia
1290 762 1478 813 feceritis,
1503 762 1632 807 dicite,
1657 763 1822 799 Inutiles
1833 765 1934 800 servi
1952 776 2098 800 sumus.-

1144 819 1180 858 in
1197 820 1365 859 omnibus
1384 836 1508 859 eorum
1529 822 1782 860 confidentiam
1813 823 2008 874 reprimens
2025 853 2034 864 ,
2067 833 2102 861 et

1143 881 1189 920 ad
1217 881 1429 920 modestiam
1448 897 1505 921 eos
1525 897 1705 932 revocans,
1733 892 1774 921 ut
1801 883 1904 920 bonis
1932 884 2101 935 operibus

1143 956 1212 982 non
1232 943 1461 994 extollantur,
1483 943 1545 982 sed
1569 944 1681 982 sciant
1706 943 1904 982 maximam
1923 944 2101 983 virtutum

1143 1004 1268 1042 essein
1289 1004 1394 1043 bonis
1418 1005 1585 1057 operibus
1618 1004 1776 1044 modeste
1796 1014 1830 1043 et
1862 1005 2049 1044 humiliter
2065 1020 2102 1044 se

1143 1065 1288 1104 habere.

1195 1126 1233 1165 4.
1255 1128 1367 1165 Porro
1386 1126 1435 1166 ad
1453 1136 1659 1166 contextum
1691 1127 1864 1166 sermonis
1883 1126 2070 1166 redeamus
2091 1159 2102 1178 ,

1144 1197 1176 1227 et
1198 1188 1382 1228 'videamus
1416 1203 1475 1228 eos
1505 1189 1568 1241 qui
1596 1199 1718 1242 postea
1740 1190 1815 1228 nati
1845 1199 1942 1228 sunt.
1960 1191 2101 1229 Proba-

1143 1251 1217 1289 bile
1245 1260 1297 1289 est
1321 1251 1429 1299 enim,
1454 1265 1517 1289 nos
1537 1251 1712 1304 paulatim
1733 1251 1957 1304 procedendo
1989 1252 2103 1304 majo-

1143 1323 1199 1351 res
1225 1312 1431 1351 inventuros
1449 1326 1524 1350 esse
1542 1313 1726 1351 thesauros
1743 1322 1776 1351 ct
1794 1313 1984 1352 immensas
2007 1313 2104 1352 divi-

1144 1374 1224 1413 tias.
1241 1375 1280 1413 9.
1295 1376 1350 1412 Et
1364 1377 1468 1413 vixit
1482 1376 1606 1421 Enos,
1627 1377 1692 1413 hic
1712 1376 1956 1428 Setlzifilius,
1977 1389 2102 1413 annos

1145 1443 1299 1474 centu'm
1319 1439 1550 1489 nonaginta,
1575 1445 1613 1474 et
1632 1440 1766 1489 genuit
1789 1438 1971 1483 Cainam,
1987 1439 2052 1475 w.
2066 1445 2103 1474 et

1147 1497 1315 1535 Cainam
1345 1500 1479 1549 genuit
1513 1497 1720 1544 MalaleeL
1755 1499 1819 1536 45.
1846 1508 1882 1536 et
1910 1498 2105 1536 sslalaleel

1143 1561 1276 1610 genuit
1306 1559 1445 1605 Jared,
1477 1558 1539 1598 48.
1572 1568 1609 1597 et
1639 1561 1765 1598 Jared
1794 1563 1928 1612 genuit
1945 1562 2099 1599 Enoch.

1145 1622 1208 1658 91.
1229 1621 1283 1658 Et
1300 1623 1405 1658 vixit
1419 1622 1560 1659 Enoch
1581 1625 1699 1660 annis
1713 1631 1869 1660 centum
1896 1625 2104 1674 sexaginta

1146 1683 1330 1734 quinque,
1359 1691 1396 1719 et
1412 1686 1545 1735 genuit
1574 1684 1824 1722 Mathusala.
1850 1685 1914 1722 (2⁵2.
1945 1685 2103 1722 Placuit

1146 1754 1277 1784 autem
1303 1747 1444 1784 Enoch
1473 1747 1571 1784 Deo.
1595 1748 1650 1784 Et
1685 1749 1789 1784 vixit
1823 1748 1962 1784 Enoch
1994 1755 2102 1798 post-

1147 1820 1265 1858 quam
1299 1810 1432 1858 genuit
1451 1806 1684 1845 ,Mathusala
1701 1837 1713 1853 ,
1751 1809 1868 1845 annis
1897 1809 2100 1855 ducentis,

1147 1876 1184 1904 et
1201 1871 1334 1919 genuit
1348 1868 1454 1916 filios
1473 1877 1509 1905 et
1519 1869 1651 1921 filias.
1681 1869 1746 1906 525.
1775 1869 2005 1921 Etsuerunt
2023 1870 2104 1906 dies

1148 1930 1287 1967 Enoch
1322 1931 1483 1966 trecenti
1518 1932 1725 1981 sexaginta
1756 1931 1938 1982 quinque.
1959 1931 2021 1967 524.
2051 1931 2105 1967 Et

1145 1990 1296 2041 placuit
1309 1991 1449 2028 Enoch
1472 1991 1567 2038 Deo,
1584 1999 1618 2028 et
1635 2004 1711 2027 non
1729 1993 1910 2029 itu-entus
1924 2000 1995 2041 est,
2010 1993 2105 2043 quia

1149 2052 1351 2090 transtulit
1370 2052 1479 2090 illum
1499 2053 1618 2090 Deus.
1633 2053 1727 2090 Num
1742 2052 1830 2090 bene
1849 2052 2025 2101 dicebam,
2041 2067 2104 2090 nos

1146 2107 1372 2166 procedendo
1391 2126 1564 2164 magnum
1581 2113 1790 2151 thesaurum
1806 2113 1842 2151 in
1860 2113 1934 2151 illis
1950 2114 2104 2152 nomini-

1146 2175 1214 2213 bus
1235 2175 1441 2212 inventuros
1462 2175 1567 2212 esse?
1588 2173 1846 2213 Animadverte
1865 2175 1974 2223 enim,
2004 2175 2104 2213 obse-

1146 2250 1220 2285 cro,
1239 2235 1314 2284 hic,
1344 2235 1484 2284 dilecte,
1512 2235 1649 2287 etjusti
1668 2235 1840 2274 virtutem
1869 2245 1902 2273 et
1934 2236 2018 2274 boni
2039 2236 2105 2274 Dei

1145 2297 1326 2349 ingentem
1338 2296 1854 2350 benignitatem,etScripturae
1867 2297 2104 2349 diligentiam.

1147 2360 1202 2397 Et
1212 2360 1317 2397 vixit
1330 2359 1470 2396 Enoch
1483 2360 1600 2397 annis
1612 2367 1765 2396 centum
1779 2362 1987 2411 sexaginta
1999 2362 2106 2411 quin·

1147 2434 1234 2473 que,
1253 2428 1291 2458 et
1304 2423 1439 2472 genuit
1462 2420 1709 2459 Mathusala.
1726 2422 1780 2458 Et
1792 2419 1945 2473 placuit
1967 2423 2108 2459 Enoch,

1145 2483 1244 2529 Deo,
1265 2490 1474 2534 postquam
1501 2485 1636 2533 genuit
1670 2483 1916 2521 Mathusala.
1946 2482 2107 2521 Audiant

1145 2543 1216 2582 viri
1237 2553 1271 2581 et
1295 2543 1478 2592 mulieres,
1510 2552 1545 2581 et
1576 2542 1717 2581 discant
1730 2543 1819 2596 justi
1838 2543 2022 2592 virtutem,
2043 2558 2105 2581 nec
2121 2566 2235 2604 ,χαψε
2253 2578 2309 2594 „on

50 2602 148 2640 καίου
178 2601 242 2648 τὴν
273 2601 419 2654 ἀρετὴν,
440 2602 500 2640 καὶ
530 2602 579 2653 μὴ
605 2603 842 2654 νομιζέτωσαν
874 2603 932 2643 τὸν
960 2604 1072 2656 γάμον
1097 2618 1122 2649 D
1145 2614 1272 2658 putent
1284 2604 1429 2657 nuptias
1445 2605 1481 2642 in
1501 2618 1606 2642 causa
1627 2618 1700 2642 esse
1719 2604 1912 2655 quominus
1927 2605 2007 2655 quis
2030 2606 2104 2642 Deo
2120 2611 2149 2635 in

49 2662 197 2713 κώλυμα
209 2656 392 2714 εἶναιπρὸς
401 2662 464 2710 τὴν
479 2663 706 2716 εὐαρέστησιν
721 2664 785 2712 τὴν
803 2665 887 2718 πρὸς
902 2666 960 2705 τὸν
970 2666 1073 2706 Θεόν.
1146 2667 1297 2720 placeat.
1319 2667 1413 2705 Nam
1432 2665 1566 2703 idcirco
1584 2664 1708 2704 divina
1729 2665 1914 2717 Scriptura
1945 2666 2049 2703 semel
2072 2675 2106 2704 et
2120 2656 2218 2719 {¹¹:3¹³OE
2235 2661 2311 2717 ’ΨΥ

1147 2728 1278 2766 iterum
1292 2726 1330 2765 id
1344 2726 1563 2778 significavit
1577 2725 1700 2764 dicens
1714 2742 1721 2762 :
1737 2726 1871 2765 Genuit
1886 2727 2105 2776 Mathusala‚
2122 2735 2215 2760 mines
2249 2732 2310 2759 Deo

2228 2619 2310 2635 tansi!

49 2723 117 2761 Διὰ
137 2723 205 2777 γὰρ
227 2727 330 2762 τοῦτο
351 2724 411 2762 καὶ
431 2723 523 2769 ἅπαξ
555 2725 614 2764 καὶ
640 2725 799 2778 δεύτερον
826 2728 1075 2778 ἐπεσημήνατο

48 2784 197 2836 λέγουσα
211 2788 233 2831 ἡ
250 2785 325 2824 θεία
347 2787 375 2824 Γ
379 2785 471 2838 ραφὴ
485 2815 494 2833 ,
515 2785 569 2825 ὅτι
587 2786 750 2836 ἐγέννησε
762 2787 820 2826 τὸν
835 2789 1074 2839 Μαθουσάλα,

49 2846 107 2884 καὶ
125 2845 202 2884 τότε
221 2845 451 2899 εὐηρέστησε,
466 2846 526 2885 καὶ
543 2847 648 2886 πάλιν
667 2848 707 2887 τὸ
736 2848 820 2887 αὐτὸ
845 2850 1073 2889 ἐδιπλασίασε

48 2907 216 2958 λέγουσα,
229 2907 297 2946 Καὶ
312 2908 523 2962 εὖηρέστησε
539 2909 630 2959 μετὰ
647 2910 687 2948 τὸ
698 2913 865 2962 γεννῆσαι
882 2912 999 2960 αὐτὸν,
1017 2911 1074 2951 ἵνα

50 2969 99 3019 μή
120 2984 171 3012 τις
192 2968 318 3021 νομίσῃ
340 2970 587 3021 ἐμποδίζεσθαι
604 2972 689 3025 πρὸς
717 2971 778 3020 τὴν
795 2972 925 3020 ταύτης
941 2974 1074 3028 κατόρ-

50 3033 166 3068 θωσιν.
181 3029 267 3068 Ἐὰν
282 3030 349 3083 γὰρ
361 3030 538 3083 νήφωμεν,
550 3032 628 3071 οὔτε
642 3033 772 3084 γάμος,
787 3034 866 3072 οὔτε
878 3035 1074 3089 ἀνατροφὴ,

49 3091 128 3130 οὔτε
144 3091 259 3145 ἔτερόν
279 3109 314 3131 τι
333 3092 523 3143 ἐμποδίσαι
538 3097 623 3145 ἡμῖν
643 3095 829 3143 δυνήσεται
847 3098 896 3141 εἷς
911 3096 973 3144 τὴν
994 3100 1073 3136 εὐα-

53 3151 212 3205 ρέστησιν
229 3152 292 3200 τὴν
313 3154 398 3206 πρὸς
416 3155 473 3193 τὸν
495 3154 599 3194 Θεόν.
616 3155 706 3194 Ἰδοὺ
726 3156 794 3211 γὰρ
818 3157 879 3196 καὶ
897 3152 994 3203 οὗτος
1009 3162 1072 3206 τῆς

53 3215 156 3259 αὐτῆς
177 3216 261 3264 ἡμῖν
281 3214 412 3266 φύσεως
429 3216 624 3268 τυγχάνων,
644 3217 704 3255 καὶ
728 3218 806 3258 οὔτε
825 3218 930 3270 νόμου
954 3219 1072 3258 δοθέν-

53 3288 127 3319 τος,
146 3273 222 3311 οὔτε
246 3276 394 3328 Γραφῶν
425 3277 592 3327 κειμένων
616 3281 686 3316 τῶν
714 3280 965 3329 διδασκουσῶν,
992 3281 1070 3320 οὔτε

1146 2799 1181 2828 et
1205 2799 1288 2828 tunc
1307 2787 1454 2841 placuit.
1478 2787 1526 2825 Et
1551 2786 1646 2825 idem
1668 2787 1863 2838 ingeminat
1894 2802 1935 2826 ac
1964 2789 2076 2841 repeti

1146 2850 1267 2889 dicens
1289 2866 1297 2887 τ
1318 2851 1372 2887 Et
1400 2849 1552 2901 placuit
1582 2856 1790 2900 postquam
1821 2852 1956 2899 genuit
1973 2864 1985 2885 .·
2006 2858 2045 2887 ut
2065 2864 2108 2888 ne

1147 2911 1228 2963 quis
1254 2911 1448 2949 arbitretur
1466 2909 1691 2947 obstaculum
1722 2909 1850 2947 virtuti
1877 2925 1951 2949 esse
1983 2912 2108 2964 conju-

1147 2974 1262 3026 gium.
1285 2973 1366 3020 Qua
1386 2972 1414 3010 si
1432 2971 1540 3010 sobrii
1561 2985 1697 3019 sumus,
1719 2985 1831 3023 neque
1845 2972 2026 3021 educatio,
2043 2988 2104 3011 ne-

1146 3050 1216 3087 que
1235 3034 1457 3087 conjugium,
1480 3047 1593 3083 neque
1621 3031 1721 3070 aliud
1742 3032 1829 3083 quid
1848 3034 1953 3072 nobis
1974 3035 2104 3085 oberit,

1148 3096 1340 3148 quominus
1371 3095 1574 3147 placeamus
1606 3095 1694 3131 Deo.
1724 3094 1818 3133 Ecce
1852 3095 1946 3134 enim
1978 3106 2011 3134 et
2046 3097 2105 3135 hic

1146 3157 1306 3210 ejusdem
1327 3165 1459 3194 natura:
1478 3164 1564 3203 erat,
1580 3156 1682 3207 cujus
1702 3165 1735 3193 et
1752 3171 1815 3195 nos
1835 3171 1958 3196 sumus
1974 3174 1981 3194 :
2000 3168 2033 3196 et
2047 3173 2105 3196 ne-

1146 3234 1214 3271 que
1228 3219 1286 3256 lex
1306 3216 1436 3256 tradita
1452 3225 1541 3265 erat,
1565 3230 1677 3267 neque
1696 3217 1891 3270 Scriptura:
1913 3219 2102 3265 docebant,

1147 3295 1259 3332 neque
1271 3277 1370 3317 aliud
1379 3277 1577 3329 quidquam
1592 3277 1637 3314 ad
1653 3278 1834 3330 sapientia·
1846 3279 2103 3332 philosophiae-

53 3335 170 3387 ἑτέρου
195 3335 284 3379 τινὸς
313 3337 359 3380 εἷς
385 3338 587 3391 φιλοσοφίαν
614 3339 812 3395 ἐνάγοντος,
844 3342 976 3381 οἴκοθεν
1010 3343 1069 3382 καὶ
1095 3354 1118 3384 Ε
1144 3357 1212 3394 que
1234 3341 1393 3381 studium
1413 3339 1626 3378 deducebat.
1653 3339 1710 3378 Ex
1731 3355 1782 3389 sc,
1804 3351 1836 3379 ct
1859 3355 1904 3380 ex
1924 3341 2105 3381 voluntate

97 3453 109 3466 ·
128 3440 187 3473 Alit
212 3447 389 3483 πήξωμεν,
408 3451 441 3478 et
459 3443 544 3478 infra
563 3451 805 3490 ἑπισπκαώμεθκ.

2123 2775 2266 2812 placeant.

2081 2798 2106 2837 t?
