2516 3791
870 168 927 197 nr.
967 167 1092 196 ΛΝΝΑ
1129 165 1384 196 sulinoa'us.
2064 154 2157 216 3⁰0

107 269 188 297 vero
210 269 290 294 cum
307 253 500 306 gentilibus
517 251 730 306 disputavit,
743 260 776 290 et
794 251 906 289 multa
926 258 1163 303 prosequutus
1181 258 1244 297 est,
1258 262 1412 300 quorum
1426 249 1540 301 capita
1559 250 1663 287 refert
1679 248 1812 287 ibidem
1829 259 1968 288 :utrum
1992 265 2072 288 vero
2088 252 2159 288 lia-‹-

105 319 162 357 vel
177 331 260 363 una,
275 316 330 355 vel
351 315 517 369 pluribus
537 313 770 353 concionibus
787 312 994 361 absolverit,
1011 312 1202 349 incertum.
1221 310 1360 349 Deinde
1375 311 1507 349 multis
1524 312 1659 348 duabus
1673 311 1737 348 SS.
1756 319 1956 363 martyrum
1973 313 2071 356 festa,
2083 327 2159 362 qua:

105 379 345 425 occurrebant,
361 375 530 414 laudibus
552 375 727 413 celebrata
745 375 903 423 fuerunt,
927 382 1004 411 tum
1020 381 1193 425 praescnte
1216 381 1249 410 et
1265 372 1528 424 circumagente
1552 372 1659 422 duce,
1674 372 1800 423 inquit,
1820 372 1888 410 hoc
1907 382 1970 421 cst,
1991 374 2161 411 Flaviano

103 442 268 492 episcopo
287 455 293 475 :
313 438 686 490 na111Cln=ysost01m1s
706 445 782 474 tum
802 449 894 487 aeger
913 433 1010 472 domi
1030 433 1210 485 manebat,
1234 442 1273 472 ut
1293 434 1342 471 ait
1358 434 1433 486 ipse
1457 434 1558 471 initio
1581 433 1746 471 lrlomiliae
1767 434 1817 472 19
1839 437 1885 472 ad
1907 434 2160 482 Antioc-henos,

105 515 212 552 quam
228 510 348 538 contra
359 501 561 553 juramenta
581 499 721 546 habuit,
738 497 942 549 ingratiam
961 494 1191 541 rusticorum,
1213 495 1274 545 qui
1295 495 1523 533 Antiochiam
1543 494 1780 533 adventarant
1803 511 1810 532 ε
1832 495 1907 533 haec
1925 509 2009 534 reio
2028 496 2163 541 concio,

104 571 144 600 ut
157 563 223 600 sert
237 562 376 607 titulus,
391 562 484 599 l'acta
504 561 540 599 in
560 560 749 600 Dominica
762 563 824 607 τῆς
843 555 1113 608 ἐπισωζομένης,
1134 570 1229 594 nunc
1250 564 1302 594 est
1316 555 1455 595 decima
1475 571 1566 595 nona
1578 557 1820 595 llomiliarum
1843 556 1890 594 ad
1907 558 2081 609 populum
2095 560 2167 595 An-

105 623 321 662 tiochenum.
336 624 475 663 Verum
492 631 615 661 contra
631 622 726 660 hunc
742 620 983 659 Homiliarum
1000 617 1162 656 ordinem
1174 617 1323 669 quidam
1341 618 1497 669 insurgit
1511 618 1702 671 scrupulus
1718 633 1725 654 ε
1742 619 1777 655 in
1792 618 1948 656 llomilia
1962 619 2095 671 quippe
2106 618 2166 656 ‹le-

107 685 197 723 eima
216 699 306 723 nona
325 684 376 722 ait
395 684 684 737 Chrysostomus,
706 697 756 731 se,
778 682 868 720 dum
887 689 1088 733 martyrum
1105 678 1184 717 festi
1208 678 1285 717 dies
1307 678 1585 729 celebrarentur,
1600 692 1735 731 aegrum
1757 678 1853 716 domi
1872 680 2040 717 mansisse
2057 695 2064 716 :
2081 689 2116 717 at
2134 680 2167 717 in

105 747 260 786 Humilia
277 746 394 799 prima
412 746 448 784 in
471 749 612 784 Annam
630 744 728 783 nulla
750 743 867 782 morbi
887 742 1034 792 mentio,
1056 741 1128 779 imo
1149 740 1295 780 videtur
1314 741 1594 794 Chrysostomus
1615 750 1698 779 tunc
1718 741 1888 793 temporis
1902 740 1958 780 vel
1977 741 2021 779 dc
2036 751 2170 794 marty-

106 808 207 846 ribus
235 807 420 846 conciones
440 806 619 854 habuisse,
639 805 697 844 vel
718 804 844 843 saltem
870 803 1002 842 habere
1021 803 1200 855 potuisse;
1220 803 1304 841 licet
1323 803 1417 841 enim
1434 817 1504 840 nou
1522 801 1620 841 dicat
1639 817 1806 855 expresse
1830 802 1910 840 illas
1932 818 1968 841 sc
1984 805 2170 842 conciones

107 869 287 917 habuisse,
307 868 345 906 id
360 869 454 907 clare
465 867 567 917 dicit,
586 866 712 905 laudes
725 880 852 919 nempe
867 874 1071 918 martyrum
1090 865 1345 918 impedimento
1361 865 1687 917 fuisse,quominus
1705 864 1806 903 aliud
1823 875 2078 917 argumentum
2099 876 2170 904 tra·

103 939 224 969 ctaret.
249 931 386 969 Verum
411 929 448 967 in
475 942 573 967 more
598 937 650 967 est
675 927 931 981 Chrysostomo
950 927 986 965 in
1009 926 1218 979 hujusmodi
1240 927 1507 967 recensionibus
1529 927 1686 980 plurima
1706 927 1864 975 reticere,
1884 942 1963 978 qua:
1988 930 2171 979 negotium

104 992 277 1030 facessant
300 1006 307 1027 :
330 989 475 1029 aliunde
501 1003 585 1029 vero
611 1004 693 1028 cum
716 989 751 1027 in
768 989 982 1042 praecedenti
1007 989 1176 1037 Humilia,
1191 1004 1270 1040 quae
1292 998 1344 1028 est
1365 989 1504 1028 decima
1528 1003 1620 1028 nona
1643 989 1692 1028 ad
1717 989 1968 1038 Antiochenos,
1988 989 2171 1042 aegritudi-

104 1067 184 1090 nem
213 1066 315 1090 suam
341 1061 663 1101 commemorasset,
683 1051 799 1089 noluit
821 1051 938 1104 prima
964 1051 1130 1090 concione
1150 1051 1185 1089 in
1206 1053 1357 1099 Annam,
1380 1066 1460 1102 quae
1479 1060 1560 1104 post
1576 1051 1677 1089 illam
1693 1050 1817 1089 habita
1834 1050 1915 1100 suit,
1938 1050 2098 1103 idipsum
2119 1066 2171 1089 re-

103 1123 235 1166 petere.
258 1115 395 1154 Verum
425 1128 470 1152 ex
505 1112 647 1151 duobus
675 1112 943 1166 impedimentis
978 1113 1170 1164 quominus
1195 1112 1421 1165 propositum
1446 1113 1515 1150 sibi
1540 1121 1794 1165 argumentum
1826 1121 1992 1162 tractaret
2019 1113 2173 1150 alterum

105 1175 228 1224 tacuit,
248 1188 376 1227 nempe
398 1174 670 1226 aegritudiiiem3
689 1174 842 1213 alterum
860 1174 1088 1225 memoravit,
1110 1174 1284 1212 nimirum
1313 1174 1401 1212 festa
1423 1183 1638 1227 martyrum.
1663 1175 1746 1214 Jam
1776 1174 1862 1212 hinc
1891 1182 2025 1212 constat
2048 1175 2172 1212 Domi-

105 1237 222 1275 nicam
252 1240 314 1283 τῆς
345 1236 606 1288 ἐπισωζομένης
638 1250 707 1274 non
728 1250 802 1275 esse
830 1235 1060 1275 Dominicam
1095 1235 1195 1273 illam
1223 1248 1333 1286 quam
1362 1235 1541 1273 Passionis
1566 1249 1755 1284 vocamus;
1780 1244 1857 1272 tum
1885 1234 1970 1285 quia
2004 1234 2174 1287 pluribus

104 1307 186 1336 ante
223 1298 322 1336 illam
355 1298 483 1336 diebus
515 1297 709 1336 Flavianus
741 1297 949 1345 advenerat,
968 1296 1068 1348 quod
1096 1305 1190 1335 certe
1209 1295 1284 1335 dici
1307 1305 1456 1348 nequeat
1481 1296 1526 1335 de
1549 1296 1739 1335 Dominiea
1765 1296 1961 1346 Passionis,
1983 1305 2062 1334 tum
2088 1298 2174 1348 quia

104 1374 151 1398 ex
183 1373 290 1412 supra
320 1359 428 1398 dictis
454 1359 528 1398 liaec
553 1359 677 1398 concio
707 1358 772 1397 diu
796 1369 878 1412 post
905 1359 1101 1397 Honiiliam
1126 1358 1171 1396 de
1201 1357 1319 1396 reditu
1342 1358 1506 1397 Flaviani
1531 1357 1629 1397 dicta
1651 1358 1830 1409 suit,quoe
1856 1357 2007 1396 homilia
2031 1358 2067 1396 in
2098 1361 2175 1411 ipso

102 1420 164 1458 die
191 1420 334 1459 Paschae
359 1420 481 1458 habita
509 1428 572 1458 est.
589 1421 663 1458 Nec
687 1429 803 1472 potest
831 1434 906 1459 esse
934 1419 1126 1458 Dominica
1154 1421 1217 1465 τῆς
1246 1419 1509 1471 ἓπισωζομένης
1535 1434 1590 1470 ea,
1609 1434 1718 1471 quam
1740 1419 1777 1458 in
1805 1419 1909 1458 Albis
1931 1434 2114 1469 vocamus,
2138 1430 2176 1458 ut

106 1481 221 1520 voluit
249 1481 428 1532 Savilius;
450 1495 514 1520 sex
532 1481 626 1520 enim
658 1481 714 1519 illi
740 1481 817 1520 dies
835 1481 898 1533 qui
931 1482 1024 1520 inter
1045 1480 1183 1519 Pascha
1208 1489 1243 1520 et
1268 1481 1499 1520 Dominicam
1526 1481 1563 1520 in
1584 1481 1686 1521 Albis
1711 1481 1965 1531 intercurrunt,
1987 1497 2058 1521 non
2090 1483 2176 1520 satis

106 1543 255 1582 fuissent
280 1542 329 1581 ad
355 1557 394 1581 ea
422 1542 541 1582 omnia
569 1542 850 1596 complectenda,
872 1556 1000 1596 nempe
1028 1542 1244 1582 Concionem
1270 1542 1316 1581 de
1344 1541 1462 1581 reditu
1484 1543 1663 1593 Flaviani,
1683 1543 1973 1596 Disputationem
2002 1553 2064 1582 aut
2091 1544 2175 1582 Dis-

105 1605 318 1658 putationes,
333 1604 363 1642 si
382 1605 504 1657 plures
518 1605 665 1655 suerint,
682 1613 803 1643 contra
819 1604 982 1657 gentiles,
992 1605 1095 1643 Festa
1114 1613 1319 1656 martyrum
1332 1605 1456 1643 multis
1474 1605 1618 1655 diebus,
1634 1605 1767 1649 πολλὰς
1786 1605 1923 1658 ἡμέρας
1942 1605 2130 1655 celebrata,
2142 1615 2176 1644 ct
2189 1622 2234 1645 συθ

104 1666 357 1718 aegritudinem
385 1665 656 1717 restitutamque
687 1665 933 1705 valetudinem
971 1665 1232 1718 Chrysostomi.
1263 1666 1520 1715 Quamobrem,
1561 1666 1654 1706 nihil
1687 1667 1852 1705 obstante
1886 1667 2056 1720 scrupulo
2095 1667 2174 1717 illo,

104 1742 214 1779 quem
242 1742 350 1780 supra
376 1727 666 1777 memoravimus,
690 1727 818 1766 Leonis
833 1727 957 1765 Allatii
985 1726 1194 1765 sententiam
1221 1727 1486 1779 amplectimur,
1502 1727 1655 1767 dicentis
1673 1741 1748 1767 esse
1763 1728 1993 1767 Dominicam
2009 1729 2173 1781 quintam

108 1798 187 1842 post
215 1789 363 1837 Pascha,
383 1803 462 1840 quae
487 1789 656 1842 praecedit
683 1790 944 1829 Ascensionem.
961 1789 1023 1828 Sic
1050 1788 1169 1827 omnia
1196 1787 1451 1839 quadrabunt5
1473 1802 1557 1827 nam
1580 1790 1703 1828 statim
1728 1799 1808 1842 post
1831 1789 1934 1828 illam
1964 1789 2000 1828 in
2021 1790 2172 1842 gratiam

110 1851 324 1889 rusticorum
336 1850 499 1889 habitam
525 1851 730 1890 concionem
749 1852 910 1905 primum
929 1851 965 1890 in
985 1854 1127 1889 Annam
1144 1864 1343 1889 sermonem
1365 1850 1514 1902 dixerit,
1533 1860 1621 1904 puta
1652 1851 1739 1890 feria
1765 1851 1922 1890 secunda
1947 1861 2030 1890 ante
2043 1854 2173 1891 Ascen-

108 1911 265 1960 sionem3
299 1911 495 1950 secundum
533 1913 619 1951 feria
650 1923 750 1952 sexta
786 1922 866 1966 post
898 1913 1147 1952 Aseensionem
1158 1926 1170 1962 5
1203 1911 1348 1950 tertium
1377 1912 1466 1951 feria
1503 1912 1657 1952 secunda
1696 1912 1932 1951 hebdomadae
1971 1915 2170 1965 sequentis;

107 1982 296 2024 quartum,
323 1973 385 2024 qui
411 1973 536 2026 periit,
562 1973 650 2012 feria
678 1984 822 2026 quarta;
844 1975 1011 2027 quintum
1039 1973 1130 2013 feria
1158 1982 1258 2011 sexta
1267 1988 1279 2024 5
1306 1982 1449 2012 sextum
1473 1983 1553 2026 post
1576 1975 1823 2023 Pentecosten;
1853 1988 1923 2013 non
1953 1974 2024 2013 alia
2051 1984 2170 2014 autem

105 2033 154 2072 de
175 2048 279 2072 eausa
298 2033 404 2072 hosce
423 2048 494 2087 prae
508 2034 588 2073 aliis
603 2034 680 2074 dies
698 2036 934 2089 assignamus,
948 2050 1056 2088 quam
1070 2044 1199 2074 utrem
1214 2035 1292 2075 ficri
1307 2036 1466 2089 potuisse
1479 2036 1704 2076 declaremus
1723 2052 1730 2074 :
1746 2051 1829 2076 nam
1847 2037 1999 2076 fatemur
2011 2038 2171 2090 potuisse

113 2109 291 2134 sermones
312 2095 392 2134 illos
409 2095 444 2134 in
462 2096 539 2135 dies
557 2096 647 2135 alios
664 2096 843 2136 incidisse.

162 2157 336 2207 Quartus,
359 2167 397 2196 ut
411 2157 584 2208 diximus,
605 2173 720 2198 sermo
736 2159 933 2210 intercidit,
955 2168 995 2198 ut
1015 2159 1197 2212 colligitur
1207 2173 1253 2199 ex
1281 2159 1324 2199 iis
1344 2175 1422 2212 quae
1437 2161 1475 2200 in
1505 2161 1630 2214 quinto
1655 2174 1831 2211 sermone,
1849 2160 1910 2213 qui
1925 2161 2003 2213 jam
2021 2170 2170 2213 quartus

108 2219 172 2258 illo
197 2219 326 2258 amisso
353 2220 573 2270 inscribitur,
593 2221 765 2260 dicuntur
793 2236 891 2260 num.
907 2224 944 2270 5,
964 2237 1091 2275 nempe
1115 2222 1151 2260 in
1182 2221 1397 2274 praecedenti
1422 2237 1583 2262 sermone
1611 2223 1789 2276 explicata
1817 2222 1928 2261 fuisse
1955 2222 2032 2260 haeo
2059 2223 2168 2262 verba

106 2280 246 2318 Cantici
268 2283 390 2329 Annae,
409 2282 696 2335 Confirmatum
711 2292 768 2321 est
783 2297 850 2322 cor
868 2297 993 2322 meum
1013 2286 1056 2322 in
1077 2284 1248 2322 Domino
1262 2292 1348 2331 etc.‚
1368 2299 1523 2336 quorum
1547 2284 1795 2337 interpretatio
1817 2297 1886 2322 non
1910 2283 2062 2322 habetur
2077 2284 2112 2322 in
2129 2298 2168 2323 eo

105 2342 170 2393 qui
186 2357 278 2380 nunc
294 2342 418 2381 tertius
438 2352 501 2381 est.
523 2343 590 2381 His
605 2343 697 2383 adde
713 2359 793 2396 qnae
808 2343 1047 2383 disseruimus
1069 2345 1106 2383 in
1125 2345 1230 2383 Praef.
1253 2344 1279 2397 §
1292 2346 1382 2386 VII.

164 2403 275 2441 Primi
288 2404 459 2442 sermonis
472 2404 715 2458 interpretatio
730 2415 781 2444 est
798 2406 988 2445 Frontonis
1001 2407 1145 2458 Ducaei3
1160 2406 1308 2446 secundi
1321 2415 1354 2446 et
1370 2407 1468 2447 tertii
1487 2408 1667 2448 Desiderii
1688 2407 1850 2457 Erasmi3
1867 2408 1984 2459 quarti
1999 2416 2032 2446 et
2048 2408 2165 2458 quinti

107 2464 333 2516 sigismundi
353 2465 507 2515 Gelenii,
525 2481 612 2518 quas
631 2481 752 2506 omnes
771 2468 1078 2521 interpretationes
1097 2478 1261 2509 accurate
1282 2469 1548 2522 castigavimus.

303 3419 398 3445 rom.
434 3420 485 3443 iv.
1942 3408 1990 3443 5.)
