2516 3791
136 617 314 656 [Regni.

124 1352 218 1378 ΙίιιΙι.
238 1351 287 1380 23.

129 1714 307 1755 1.Reg.24.

123 3008 231 3036 March.
254 3007 304 3039 23.

120 3057 148 3075 2.
166 3050 192 3078 3.

337 151 428 195 830
755 165 792 195 s.

335 250 529 287 Dominus
545 248 804 286 humilitatem
821 261 960 292 meam,
980 255 1015 283 et
1035 233 1173 282 recidat
1187 245 1282 282 mihi

335 312 436 347 bona
452 323 523 361 pro
544 310 762 348 maledictis
782 310 896 360 hujus
915 309 956 344 in
980 307 1042 343 die
1062 306 1133 342 hoc
1153 320 1163 341 .·
1184 303 1282 355 quod

333 371 481 421 quidem
494 380 526 409 ct
542 371 671 409 evenit.

384 495 422 532 4.
454 493 550 533 Vide
577 493 715 544 justum
744 489 960 528 intellexisse
996 502 1127 540 magno
1160 489 1279 527 animo

331 555 466 607 perpeti
498 552 655 591 convicia
662 582 674 599 ,
700 551 919 590 occasionem
947 564 1019 589 esse
1040 550 1279 603 adipiscendae

330 616 420 666 glori
424 615 476 652 ae?
487 613 638 651 Hancob
649 627 791 651 causam
798 612 941 650 Saulem
951 611 1144 663 aliquando
1155 622 1279 650 nactus

330 676 420 712 inter
445 674 626 726 geminum
646 673 831 726 parietem,
848 687 929 711 cum
941 682 1030 711 esset
1039 672 1223 711 occidendi
1231 674 1279 711 fa-

329 736 454 783 cultas,
468 735 641 788 pepercit,
655 733 775 785 idque,
790 748 871 772 cum
885 733 1030 772 comites
1039 733 1278 782 hortarentur,

328 805 366 833 ut
380 795 498 847 gladio
512 795 723 834 confoderet.
738 794 809 834 Sed
821 808 935 846 neque
949 803 1023 832 tam
1033 803 1174 846 promta
1187 794 1277 833 occi-

327 857 436 895 dendi
449 858 619 907 facultas,
640 871 751 908 neque
767 856 938 894 comitum
955 855 1018 906 qui
1039 854 1185 893 aderant
1197 869 1280 907 pro·
1302 868 1326 898 Ι)

328 919 488 968 vocatio,
510 932 623 969 neque
636 918 832 956 multarum
853 916 1081 969 injuriarum,
1098 931 1185 967 quas
1198 930 1279 968 per-

326 993 449 1031 pessus
462 980 589 1029 fuerat,
606 978 794 1026 memoria,
807 991 920 1028 neque
942 977 1104 1028 graviora
1120 976 1279 1029 patiendi

327 1041 545 1092 periculum,
564 1041 611 1077 ad
635 1038 884 1090 stringendum
900 1038 1063 1089 gladium
1087 1038 1191 1075 illum
1207 1038 1277 1075 im-

325 1102 456 1154 pellere
474 1111 666 1155 potuerunt
687 1117 694 1137 :
712 1100 851 1139 tametsi
876 1114 989 1150 neque
1014 1099 1189 1137 exercitui
1205 1114 1280 1138 ma—

327 1163 473 1201 nifestus
491 1162 676 1201 homicidii
694 1162 837 1199 futurus
853 1169 948 1209 erat,
973 1160 1003 1198 si
1024 1160 1157 1198 caedem
1179 1160 1280 1198 illam

326 1234 498 1276 patrasset
513 1240 520 1260 :
535 1223 712 1274 siquidem
722 1223 889 1275 spelunca
903 1230 992 1272 erat,
1008 1235 1072 1259 nec
1084 1222 1180 1259 ullus
1191 1222 1282 1260 alius

326 1285 536 1334 aderat,nisi
551 1285 624 1336 ipse
637 1285 742 1322 solus.
752 1284 874 1333 Neque
887 1281 980 1320 dixit
992 1281 1090 1333 quod
1102 1282 1281 1335 quispiam

325 1347 542 1385 adulterium
557 1345 809 1384 commissurus
823 1344 964 1381 dicebat
984 1359 991 1379 :
1014 1345 1192 1382 Tenebroe
1207 1347 1281 1382 cir-

324 1422 411 1446 cum
435 1422 495 1446 me
509 1417 545 1445 et
563 1410 681 1454 muri,
709 1407 805 1458 quid
830 1408 972 1443 timeo?
1002 1404 1063 1442 sed
1083 1405 1279 1443 insomnem

326 1469 470 1506 oculum
489 1468 697 1521 spectabat,
723 1475 756 1504 et
784 1466 917 1504 sciebat
946 1465 1097 1503 infinitis
1115 1466 1278 1518 partibus

324 1529 579 1581 splendidiores
610 1542 684 1566 esse
712 1528 784 1565 sole
809 1526 954 1564 Domini
982 1527 1116 1564 oculos.
1139 1526 1277 1566 Idcirco

322 1589 372 1628 sic
391 1590 509 1628 omnia
536 1590 663 1641 agebat
688 1597 722 1626 et
747 1587 961 1638 loquebatur
988 1595 1171 1637 tamquam
1199 1588 1276 1640 ipso

322 1660 513 1703 praesente,
544 1659 578 1688 et
605 1650 650 1688 de
674 1650 718 1687 iis
745 1662 825 1699 quae
851 1647 1080 1698 dicebantur,
1098 1648 1277 1700 judicium

322 1713 463 1750 ferente.
487 1712 545 1749 Ait
560 1723 655 1763 ergo,
671 1712 762 1748 Non
780 1710 954 1763 inferam
970 1722 1130 1746 manum
1149 1724 1276 1748 meam

322 1775 363 1809 in
372 1775 558 1811 christum
566 1773 738 1810 Domini.
749 1772 829 1809 Non
837 1769 987 1822 respicio
998 1769 1275 1822 improbitatem,

322 1833 383 1871 sed
397 1833 547 1886 respicio
560 1832 782 1885 dignitatem.
798 1832 920 1881 Neque
930 1830 1020 1868 mihi
1033 1830 1130 1868 dicat
1146 1831 1276 1882 aliquis

320 1894 424 1932 illum
440 1908 512 1933 esse
526 1894 721 1932 violentum
735 1906 776 1930 ac
785 1891 966 1929 nefarium
981 1906 989 1927 :
1007 1905 1072 1943 ego
1095 1891 1189 1929 enim
1207 1891 1274 1930 Dei

321 1956 458 1995 (alculo
477 1955 650 1994 honoiem
667 1954 801 2004 defero,
820 1952 984 2004 quamvis
1011 1952 1181 2020 indignus
1209 1953 1275 1991 iste

322 2079 381 2116 hic
399 2079 534 2117 honore
554 2077 720 2116 videatur
748 2074 930 2126 indignus.
961 2074 1117 2113 Audiam
1135 2076 1195 2126 qui
1216 2091 1272 2114 sa-

323 2138 479 2176 cerdotes
505 2146 752 2190 aspernantur,
770 2135 909 2174 discant
930 2144 1099 2186 quantam
1122 2136 1180 2174 hic
1200 2137 1275 2189 regi

324 2199 558 2238 reverentiam
575 2196 794 2236 exhibuerit.
814 2195 973 2233 Tametsi
992 2195 1107 2234 multo
1131 2196 1276 2248 dignior

323 2269 375 2297 est
393 2260 526 2298 honore
547 2274 588 2297 ac
614 2256 840 2297 veneratione
865 2255 1039 2305 sacerdos,
1062 2270 1170 2307 quam
1198 2272 1273 2308 rex,

324 2331 454 2372 quanto
462 2322 506 2359 ad
515 2321 684 2373 majorem
691 2318 799 2357 ctiam
806 2325 952 2359 vocatus
960 2325 1009 2354 est
1016 2317 1272 2370 principatum.

324 2383 471 2421 Discant
493 2397 562 2420 non
583 2380 761 2434 judicare,
792 2392 856 2417 nec
882 2391 1004 2430 poenas
1033 2378 1188 2429 exigere,
1211 2380 1274 2418 sed

323 2444 450 2496 subjici
471 2458 511 2482 ac
533 2442 668 2481 cedere.
690 2442 783 2479 Nam
802 2447 841 2477 tu
865 2437 1010 2489 quidem
1028 2438 1142 2478 vitam
1161 2454 1274 2479 sacer-

324 2506 416 2544 dotis
455 2505 603 2543 minime
632 2501 743 2551 nosti,
769 2500 998 2551 quantumvis
1028 2500 1185 2553 abjectus
1212 2502 1274 2540 ille

323 2567 420 2606 sitae
434 2567 517 2607 vilis
535 2582 542 2602 :
560 2565 620 2603 hic
640 2577 723 2604 vero
745 2571 868 2602 cuncta
890 2561 1001 2613 probe
1031 2570 1175 2600 noverat
1194 2577 1273 2613 quae

323 2629 408 2667 Sa'ul
419 2637 577 2680 patrarat
592 2643 598 2663 :
614 2624 847 2664 nihilominus
863 2623 913 2660 sic
925 2621 1082 2661 delatum
1095 2622 1149 2661 illi
1161 2638 1181 2661 a
1196 2625 1272 2663 Deo

322 2690 565 2741 principatum
581 2686 821 2726 reverebatur.
840 2682 949 2731 Quod
962 2693 1091 2733 autem,
1108 2685 1272 2735 quamvis

323 2765 380 2789 eos
405 2751 515 2803 probe
542 2749 700 2798 noveris,
723 2746 829 2786 venia
858 2754 975 2783 tamen
995 2754 1027 2783 et
1047 2747 1272 2786 excusatione

321 2813 490 2863 indignus
504 2812 563 2858 sis,
578 2810 604 2847 si
616 2808 841 2860 magistratus
850 2815 1063 2854 contemnas,
1074 2820 1138 2846 nec
1149 2821 1270 2848 eorum

319 2873 424 2912 dictis
435 2872 666 2924 obtemperes,
679 2868 760 2907 audi
774 2883 843 2920 quo
855 2877 956 2921 pacto
963 2867 1059 2906 hunc
1071 2869 1172 2907 nobis
1182 2883 1270 2922 prae-

322 2944 457 2973 tcxtum
478 2947 595 2986 perca
619 2931 781 2969 Christus
806 2928 987 2981 cripuerit,
1007 2943 1086 2980 quae
1104 2928 1139 2967 in
1161 2944 1270 2970 evan-

320 2995 411 3048 gelio
426 2994 668 3045 dixitzSuper
682 2992 909 3030 cathedram
933 2991 1069 3039 Moysi
1087 2992 1267 3030 sederunt

318 3061 452 3098 scriboe
471 3065 505 3095 et
526 3057 717 3094 Pharisoei
737 3069 747 3088 :
770 3055 901 3089 omnia
915 3065 1004 3104 ergo
1018 3066 1269 3105 quaecumque

318 3121 486 3158 dixerint
526 3118 635 3153 vobis
661 3113 856 3167 facienda
884 3113 1025 3164 βιαία»,-
1055 3115 1268 3151 secundum

317 3201 409 3225 rvero
429 3197 545 3236 opera
560 3195 692 3220 eorum
714 3180 833 3217 nolite
845 3180 996 3231 facere.
1020 3179 1177 3218 Videsne
1196 3194 1265 3231 quo

354 3316 363 3329 ⁸
383 3307 499 3337 Nescio
528 3316 584 3335 cur
602 3303 692 3336 dicat
718 3301 843 3334 nullum
867 3300 966 3333 :ilium
993 3299 1152 3340 a<lfuissc3
1172 3299 1308 3332 adm-ant

308 3360 393 3389 euim
410 3358 508 3399 ipsius
526 3354 657 3389 Daxidis
675 3353 805 3391 milites,
825 3361 979 3385 narrante
997 3353 1179 3395 Scriptura.

322 2017 494 2055 xideatur.
513 2019 593 2056 Non
609 2015 704 2054 enim
720 2029 839 2053 meum
859 2022 910 2052 est
928 2013 996 2052 hoc
1016 2014 1161 2064 crimen,
1177 2014 1273 2066 quod
1283 1991 1361 2058 Ἥ

831 163 1017 195 JOANNIS
1052 161 1293 193 CHRYSOST.
1335 161 1539 191 ARCfflEP.
1579 162 1938 195 CONSTANTINOP-

1355 243 1406 283 υἱὲ
1431 243 1607 296 Σαρουία;
1641 244 1761 298 Ἄφετε
1793 246 1892 284 αὐτὸν
1917 250 2155 299 καταρᾶσθαι,
2187 247 2280 291 ὅπως
2309 250 2375 287 ἴδοι

1355 304 1417 352 τὴν
1438 304 1645 343 ταπείνωσίν
1666 321 1732 356 μου
1748 305 1887 360 Κύριος,
1906 307 1965 345 καὶ
1981 308 2166 359 ἀνταποδῷ
2187 324 2246 358 μοι
2262 310 2374 360 ἀγαθὰ

1356 366 1431 403 ἀντὶ
1450 369 1511 413 τῆς
1532 366 1687 419 κατάρας
1707 368 1809 405 αὑτοῦ
1827 369 1889 413 τῆς
1905 370 1940 407 ἐν
1960 370 2003 420 τῇ
2023 368 2139 420 ἡμέρᾳ
2153 368 2275 419 ταύτῃ·
2290 369 2375 421 ὅπερ

1354 422 1410 466 οὖν
1427 426 1487 465 καὶ
1506 426 1653 478 ἐγένετο.

1406 489 1515 542 Ὁρᾷς
1535 490 1610 533 πῶς
1632 482 1719 527 οἶδεν
1741 491 1758 527 6
1779 488 1926 537 δίκαιος,
1945 489 1999 528 ὅτι
2023 490 2062 528 τὸ
2077 489 2192 543 φέρειν
2211 490 2375 542 γενναίως

1353 551 1414 595 τὰς
1429 550 1614 604 λοιδορίας,
1632 549 1771 602 ἀφορμὴ
1791 551 1945 594 πλείονος
1960 552 2215 602 εὐδοκιμήσεως
2228 552 2374 603 γίνεται,

1353 612 1422 652 Διὰ
1454 611 1555 651 τοῦτό
1586 628 1670 650 ποτε
1692 611 1751 650 καὶ
1776 612 1833 650 τὀν
1863 611 1981 651 Σαοὺλ
2002 612 2084 651 εἴσω
2104 614 2226 652 διπλοῦ
2244 614 2374 666 τειχίου

1351 673 1490 721 λαὸὼν,
1522 673 1582 711 καὶ
1615 672 1732 725 κύριος
1767 672 1815 711 ὢν
1846 669 2065 726 ἀποσφάξαι,
2104 673 2283 726 ἐφείσατο·
2314 675 2372 712 καὶ

1346 738 1476 782 ταῦτα,
1505 735 1574 771 τῶν
1608 733 1791 786 παρόντων
1817 733 2029 772 κελευόντων
2048 734 2184 780 ὠθῆσαι
2206 734 2245 772 τὸ
2268 734 2372 787 ξίφος.

1347 795 1440 834 Ἀλλ’
1474 795 1551 833 οὔτε
1586 795 1625 833 τὸ
1655 797 1718 840 τῆς
1749 794 1901 839 ἐξουσίας
1938 794 2098 844 εὔκολον,
2131 795 2210 834 οὔτε
2229 796 2269 834 τὸ
2287 798 2372 847 παρ’

1348 856 1474 909 ἑτέρων
1510 855 1780 907 παροξύνεσθαι,
1826 856 1905 894 οὔτε
1941 856 1980 894 τὸ
2014 856 2128 895 πολλὰ
2163 857 2373 895 πεπονθέναι

1349 917 1443 955 δεινὰ
1456 947 1465 964 ,
1499 916 1577 954 οὔτε
1611 916 1651 954 τὸ
1685 918 1882 968 προσδοκᾷν
1920 916 2101 956 πείσεσθαι
2129 917 2375 971 χαλεπώτερα,

1349 977 1591 1030 συνεχώρησεν
1622 977 1765 1015 ἑλκύσαι
1797 977 1836 1015 τὸ
1876 976 1988 1029 ξίφος·
2023 978 2138 1015 καίτοι
2167 995 2208 1030 γε
2227 978 2304 1017 οὐδὲ
2323 982 2376 1031 τῷ

1348 1038 1573 1090 στρατοπέδῳ
1590 1037 1795 1091 κατάφωρος
1813 1037 1955 1088 ἔμελλεν
1970 1037 2110 1076 ἔσεσθαι
2125 1038 2255 1086 ταύτην
2272 1041 2374 1093 ἔργα·

1348 1100 1495 1150 σάμενος
1517 1099 1581 1146 τὴν
1600 1099 1748 1151 σφαγήν.
1789 1098 1972 1145 Σπήλαιον
1994 1098 2062 1152 γὰρ
2077 1094 2119 1147 ἦν
2133 1128 2143 1146 ,
2162 1105 2176 1121 ³
2188 1102 2248 1138 καὶ
2265 1101 2373 1145 οὐδεὶς

1349 1159 1462 1214 ἔτερος
1481 1162 1610 1212 παρῆν,
1630 1158 1720 1197 ἀλλὰ
1740 1159 1840 1210 μόνος
1857 1158 1971 1203 αὐτός.
2004 1159 2074 1198 Καὶ
2089 1161 2150 1198 οὐκ
2166 1153 2273 1209 εἶπεν,
2289 1161 2375 1215 ὅπερ

1348 1238 1399 1266 τις
1429 1221 1588 1274 μοιχείαν
1614 1220 1843 1273 ἐργαζόμενος
1874 1220 1992 1272 ἔλεγε,
2019 1220 2149 1264 Σκότος
2167 1221 2286 1274 κύκλῳ
2307 1239 2373 1274 μου

1349 1284 1407 1322 καὶ
1426 1290 1550 1336 τοῖχοι,
1569 1282 1602 1320 τί
1623 1282 1862 1334 εὖλαόοῦμαι,
1891 1281 1969 1321 ἀλλ’
1988 1281 2080 1335 ἑώρα
2102 1283 2159 1321 τὸν
2179 1283 2370 1334 ἀκοίμητον

1347 1346 1542 1397 ὀφθαλμὸν,
1577 1344 1635 1382 καὶ
1658 1345 1733 1396 ᾔδει
1759 1344 1812 1383 ὅτι
1833 1344 2004 1396 ὀφθαλμοὶ
2022 1344 2153 1398 Κυρίου
2174 1349 2371 1398 μυριοπλα-

1347 1406 1428 1450 σίως
1458 1406 1557 1453 ἡλίου
1594 1405 1847 1459 φωτεινότεροι.
1897 1404 1966 1442 Διὰ
1997 1409 2098 1444 τοῦτο
2125 1406 2240 1445 πάντα
2265 1407 2371 1452 οὕτως

1346 1468 1496 1520 ἔπραττέ
1523 1483 1560 1505 τε
1594 1467 1652 1505 καὶ
1679 1465 1819 1518 ἔλεγεν,
1847 1468 1894 1510 ὡς
1924 1466 2054 1505 ἐκείνου
2086 1467 2281 1519 παρόντος,
2311 1471 2371 1506 καὶ

1347 1529 1542 1572 δικάζοντος
1559 1533 1629 1571 τοῖς
1652 1527 1875 1579 λεγομένοις,
1905 1526 1964 1564 καί
1984 1543 2106 1579 φησιν,
2134 1530 2187 1567 Οὐ
2210 1528 2258 1578 μὴ
2279 1532 2369 1567 ἐπα-

1344 1589 1443 1640 γάγω
1473 1605 1534 1636 την
1559 1589 1663 1640 χεῖρά
1696 1603 1761 1638 μου
1793 1587 1850 1626 ἐπι
1872 1588 2016 1662 γριστὸν
2034 1587 2176 1640 Κυρίου.
2203 1591 2314 1640 Οὐχ(
2301 1607 2371 1642 ορω

1343 1649 1406 1696 τὴν
1431 1648 1650 1701 πονηρίαν,α
1629 1648 1706 1687 ἀλλ
1722 1651 1792 1721 ὁρῶ
1810 1646 1874 1694 τὴν
1892 1647 2002 1691 ἀξίαν.
2019 1648 2082 1695 Μή
2101 1663 2160 1699 μοι
2174 1649 2306 1700 λεγέτω
2319 1667 2371 1695 τις

1343 1710 1397 1749 ὅτι
1428 1710 1538 1762 βίαιος
1567 1710 1627 1748 καὶ
1655 1725 1779 1762 μιαρος
1799 1712 1910 1752 οὗτος·
1943 1708 2010 1761 ε’γω
2031 1709 2099 1762 γὰρ
2116 1709 2179 1758 τὴν
2199 1715 2259 1749 τοῦ
2277 1713 2370 1751 Θεου

1343 1788 1436 1822 τιμω
1466 1773 1606 1824 ψῆφον,
1637 1770 1701 1808 κᾶν
1729 1773 1825 1813 οὗτος
1854 1769 1991 1814 ἀνάξιος
2012 1770 2190 1823 φαίνηται.
2220 1774 2273 1811 Οὐ
2301 1772 2371 1826 γάρ

1343 1836 1437 1873 ἐστιν
1467 1833 1548 1885 ἐμὸν
1582 1832 1769 1885 ἔγκλημα,
1795 1831 1836 1870 τὸ
1850 1835 1969 1871 τοῦτον
1987 1832 2123 1877 ἀνάξιον
2140 1836 2288 1885 φανῆναι
2307 1838 2370 1882 τῆς

1343 1898 1461 1947 τιμῆς.
1497 1895 1729 1934 Ἀκουέτωσαν
1745 1893 1820 1933 ὅσοι
1839 1897 2113 1948 καταφρονοῦσιν
2132 1895 2264 1948 ἱερέων,
2283 1912 2369 1947 μαν-

1344 1957 1540 1997 θανέτωσαν
1568 1956 1650 2004 ὅσην
1683 1956 1865 1995 εὐλάὲειαν
1897 1950 1994 2000 οἶτος
2012 1956 2093 2008 περὶ
2113 1957 2260 2008 βασιλέα
2285 1962 2368 1998 ἐπε-

1343 2019 1486 2064 δείξατο.
1516 2018 1641 2058 Καίτοι
1660 2017 1749 2057 πολὺ
1772 2017 2004 2070 ι’τιμιώτερος
2023 2018 2082 2055 καὶ
2102 2019 2368 2072 αἷδεσιμώτερος

1344 2080 1515 2132 βασιλέως
1540 2082 1557 2118 6
1585 2079 1715 2132 ἱερεὺς,
1748 2079 1825 2118 ὅσον
1850 2079 1908 2116 καὶ
1935 2078 1991 2117 ἐπὶ
2012 2078 2153 2129 μείζονα
2182 2080 2293 2133 ἀρχὴν
2311 2083 2367 2121 κε’-

1343 2143 1480 2188 κληται.
1525 2139 1806 2179 Μανθανέτωσαν
1839 2139 1889 2190 μὴ
1921 2138 2074 2192 κρίνειν,
2110 2141 2199 2190 μηδὲ
2228 2142 2367 2186 εὐθύνας

1343 2203 1517 2249 ἀπαιτεῖν,
1536 2200 1614 2239 ἀλλ’
1643 2201 1901 2240 υποτάσσεσθαι
1919 2201 1979 2238 καὶ
2004 2200 2120 2240 εἴκειν.
2146 2200 2197 2239 Συ
2221 2201 2283 2252 μὲν
2299 2203 2366 2254 γὰρ

1342 2278 1398 2301 τον
1425 2277 1484 2300 του
1505 2261 1648 2313 ἱερέως
1643 2261 1730 2309 Θίον,
1750 2277 1814 2299 καν
1847 2262 2006 2313 φαυλος
1995 2265 2016 2307 ἠ
2035 2276 2086 2304 τις
2105 2277 2164 2300 και
2180 2264 2357 2315 ἠμελημέ-

1342 2338 1417 2369 νος,
1448 2324 1509 2361 οὐκ
1529 2316 1641 2366 οἶδας·
1662 2326 1759 2366 οὗτος
1777 2321 1813 2360 δὲ
1831 2321 1907 2373 ᾔδει
1928 2337 1993 2372 μετ
1996 2321 2236 2375 ’ἀκριὸείας’
2214 2340 2366 2373 απαντα,

1340 2385 1406 2424 ὅσα
1435 2383 1595 2431 ἐποίησεν
1622 2386 1640 2422 6
1667 2382 1807 2422 Σαούλ·
1836 2383 1916 2421 ἀλλ’
1935 2382 2029 2433 gum<
2048 2399 2108 2422 και
2127 2383 2233 2429 οὕτως
2249 2388 2367 2437 ᾐδεῖτο

1341 2445 1404 2492 τὴν
1432 2444 1529 2497 παρὰ
1558 2448 1617 2482 τοῦ
1643 2446 1735 2483 Θεοῦ
1764 2445 1918 2481 δοθεῖσαν
1948 2444 2072 2497 ἀρχήν.
2121 2444 2204 2484 ’Ότι
2237 2446 2272 2486 δὲ
2300 2448 2363 2486 κᾶν

1341 2506 1439 2551 εἰδὼς
1452 2501 1493 2559 ἧς
1509 2506 1679 2560 ἀκριὸῶς,
1697 2507 1758 2544 οὐκ
1778 2505 1869 2558 ἔχεις
1887 2505 2098 2557 ἀπολογίαν,
2119 2507 2195 2545 οὐδὲ
2211 2508 2363 2561 συγγνώ-

1343 2584 1410 2619 μην
1430 2599 1438 2615 ,
1462 2570 1686 2620 καταφρονῶν
1717 2569 1786 2605 τῶν
1806 2566 2035 2619 προεστώτων
2049 2597 2059 2614 ,
2079 2568 2138 2606 καὶ
2154 2570 2364 2622 παρακούων

1341 2632 1408 2667 τῶν
1422 2628 1636 2681 λεγομένων,
1661 2629 1805 2667 ἄκουσον
1825 2631 1900 2672 πῶς
1914 2629 1972 2666 καὶ
1986 2628 2116 2676 ταύτην
2130 2631 2231 2680 ἡμῶν
2249 2633 2362 2672 ἀνεῖλε

1341 2690 1403 2738 τὴν
1421 2690 1594 2743 πρόφασιν
1615 2693 1633 2728 6
1646 2689 1797 2741 Χριστὸς
1811 2719 1820 2735 ,
1847 2689 1892 2726 δι’
1909 2683 1956 2727 ὧν
1972 2706 2074 2742 φησιν
2088 2692 2122 2728 ἐν
2138 2692 2362 2743 εὐαγγελίοις,

1341 2751 1425 2790 Ἐπὶ
1444 2754 1505 2797 τῆς
1524 2749 1693 2802 καθέδρας
1712 2750 1892 2793 Μωϋσέως
1908 2750 2069 2789 ἐκάθισαν
2084 2754 2115 2790 οἱ
2131 2761 2362 2803 γραμματεῖς,

1340 2812 1398 2850 καὶ
1419 2815 1449 2850 οἱ
1481 2813 1691 2863 Φαρισαῖοι·
1726 2811 1841 2849 πάντα
1869 2805 1925 2849 οῧν
1953 2810 2017 2850 ὅσα
2047 2811 2086 2849 ἂν
2116 2812 2258 2851 εἴπωσιν
2280 2817 2361 2866 ὑμῖν

1339 2880 1468 2920 ποιεῖν,
1491 2879 1621 2910 ποιεῖτε
1636 2888 1643 2894 ·
1671 2871 1762 2909 κατὰ
1786 2871 1820 2910 δὲ
1844 2874 1888 2910 τὰ
1907 2872 1990 2924 ἔργα
2013 2874 2124 2910 αὐτῶν
2150 2873 2198 2924 μὴ
2217 2882 2360 2916 ποιεῖτε,

1339 2934 1447 2986 Ὁρᾷς
1472 2935 1545 2976 πῶς
1568 2928 1614 2971 ὧν
1635 2936 1652 2970 6
1668 2932 1739 2984 βίος
1759 2932 1848 2971 οὕτω
1867 2933 2112 2985 διεφθαρμένος
2128 2929 2190 2983 ἧν,
2209 2939 2254 2979 ὡς
2270 2937 2361 2983 ἄξιος

1338 2989 1425 3034 εἶναι
1446 2994 1609 3040 διαὸολῆς
1634 3000 1704 3036 τοῖς
1729 2993 2033 3045 μαθητευομένοις,
2055 2995 2183 3033 τούτων
2207 2997 2269 3044 τὴν
2296 3014 2360 3037 πα-

1339 3057 1488 3110 ραίνεσιν
1514 3058 1575 3093 οὐκ
1599 3055 1812 3105 ἓ’ἠτίμασεῃ
1835 3055 1911 3094 οὐδὲ
1932 3054 1997 3101 τὴν
2025 3055 2169 3108 διδαχὴν
2190 3057 2356 3107 ἐξέὸαλε;

1337 3120 1461 3158 Ταῦτα
1490 3116 1525 3155 δὲ
1550 3116 1660 3168 λέγω,
1688 3116 1765 3169 οὐχὶ
1783 3119 1851 3154 τῶν
1869 3116 1987 3168 ἱερέων
2004 3124 2211 3170 κατηγορεῖν
2231 3122 2356 3171 βουλό-

1338 3194 1452 3230 μενος·
1476 3177 1523 3229 μὴ
1552 3177 1700 3228 γένοιτο·
1725 3177 1784 3214 καὶ
1814 3177 1879 3229 γὰρ
1903 3181 2000 3228 ὑμεῖς
2026 3177 2197 3231 μάρτυρες
2215 3175 2276 3228 ἦτε
2297 3184 2358 3228 τῆς

1388 3297 1405 3323 b
1422 3296 1517 3330 Colb.
1537 3305 1569 3329 et
1586 3298 1667 3340 Πομ.
1689 3305 1865 3343 τιμιώτερον
1882 3303 1930 3332 καὶ
1948 3301 2187 3345 muhamas-refov-

1390 3361 1402 3374 ι·
1418 3348 1598 3382 (jolna-10
1616 3358 1647 3382 et
1665 3351 1744 3392 urg.
1765 3356 1922 3392 ὴτῐμωεεν.

2493 3192 2501 3348 2...-...
2494 3141 2501 3146 ,
2502 2899 2506 2945 ι’
2504 2821 2506 2850 ..

2440 3678 2497 3791 tl
