2516 3791
155 1662 335 1691 precandum

149 1715 214 1732 cum
241 1713 337 1740 perse-

150 1747 289 1774 vorantia.

196 2281 261 2310 Non
275 2285 341 2308 sunt
359 2272 511 2310 Proinde
534 2287 599 2324 par
631 2281 694 2318 est,
728 2279 766 2307 ut
791 2270 882 2307 nihil
908 2269 1079 2307 curiosius
1102 2281 1313 2319 quaeramus,
1343 2268 1365 2298 D

155 2324 266 2350 curiose
292 2324 337 2349 in-

153 2365 295 2400 quirenda

152 2405 206 2432 Dei
220 2416 318 2443 opera.

351 111 451 158 568
757 127 795 158 s.

349 213 442 257 mia,
466 223 635 248 sororem
665 211 805 248 Laban
825 210 930 258 Syri,
958 211 1031 247 sibi
1059 211 1100 244 in
1128 220 1298 244 uxorem.

351 271 564 321 Considera,
592 271 757 318 obsecro,
787 270 928 318 dilecte,
954 268 1084 305 divinae
1109 266 1302 317 Scripturae

349 331 584 383 diligentiam,
606 330 783 381 quomodo
815 329 905 366 nihil
937 340 1153 378 supervacue
1182 334 1302 378 ponat.

350 393 422 429 Cur
441 392 535 429 enim
552 392 652 428 nobis
668 399 806 428 aetatem
826 391 922 426 Isaac
946 387 1135 437 significat,
1152 395 1185 424 et
1199 386 1301 434 dicit,

350 455 450 490 Erat
483 461 611 489 autem
654 454 768 488 Isaac
805 449 1068 500 quadraginta
1112 461 1303 485 annorum

349 514 506 565 quando
521 514 665 561 accepit
685 512 919 547 Rebeccam?
934 509 1013 545 Non
1033 507 1166 557 absque
1187 521 1303 556 causa,

348 587 459 623 neque
484 581 636 609 temere:
653 568 715 607 sed
745 569 828 619 quia
858 568 959 606 nobis
984 577 1104 619 postea
1137 568 1304 606 Rebeccae

350 632 569 669 sterilitatem
600 639 807 667 narraturus
842 638 937 675 erat,
963 637 995 665 et
1027 642 1071 665 ex
1106 628 1305 679 precatione

345 694 432 744 justi
461 691 736 744 procreationem
757 690 868 742 prolis
893 689 945 726 illi
970 703 1167 726 concessam
1182 688 1304 736 fuisse,

347 753 471 791 docere
492 767 554 790 nos
579 752 675 804 cupit
697 750 979 802 magnitudinem
995 749 1174 801 patientiae
1194 750 1304 799 Isaac,

347 823 381 851 et
407 814 500 851 clare
520 812 676 851 indicare
705 821 837 862 quanto
858 821 1016 863 tempore
1039 810 1162 847 liberis
1184 824 1302 847 carue-

347 874 393 912 rit
411 890 418 910 :
436 884 475 911 ut
497 883 530 912 et
552 888 616 911 nos
635 873 840 910 :emulantes
854 872 1006 924 justum,
1028 869 1162 907 assidui
1194 870 1306 907 simus
1331 876 1354 906 B

347 935 383 972 in
417 934 551 972 divinis
571 934 760 986 precibus,
781 933 810 970 si
843 931 984 984 quando
1015 930 1153 981 aliquid
1179 945 1198 967 a
1232 932 1307 969 Deo

345 997 564 1048 petierimus.
587 995 624 1033 Si
648 995 743 1032 enim
760 995 880 1045 justus
899 993 971 1041 ille,
989 991 1038 1028 ita
1061 991 1194 1029 virtute
1220 1006 1307 1043 prae-

346 1055 459 1103 ditus,
477 1066 510 1093 et
540 1065 635 1093 tanta
662 1056 727 1093 Dei
747 1053 989 1093 benevolentia
1017 1053 1147 1099 fruens,
1173 1061 1308 1090 tantam

344 1132 418 1170 prae
451 1132 486 1155 se
519 1118 603 1154 tulit
633 1116 866 1154 constantiam
891 1125 923 1153 ct
956 1124 1094 1152 tantum
1134 1113 1305 1161 studium,

346 1179 515 1216 continuo
538 1180 653 1216 Deum
671 1177 817 1225 or,ando
839 1177 887 1214 ita
904 1186 943 1213 ut
963 1175 1039 1213 sols
1042 1183 1158 1213 eretur
1175 1175 1309 1212 Rebec-

348 1253 396 1276 cae
415 1239 606 1276 sterilitas:
622 1238 707 1290 quid
727 1208 888 1275 dicemus
903 1251 978 1284 nos,
992 1235 1173 1301 quitantis
1189 1249 1310 1287 pecca-

347 1308 466 1337 torum
499 1300 664 1337 onelibus
696 1298 905 1351 premimur,
925 1305 958 1334 et
987 1310 1098 1346 neque
1122 1294 1309 1332 minimam

347 1360 490 1397 virtutis
503 1360 591 1412 justi
614 1368 750 1412 partem
765 1358 1007 1396 ostendimus:
1025 1356 1086 1394 sed
1100 1364 1133 1393 et
1153 1355 1180 1393 si
1198 1369 1308 1407 pario

350 1429 509 1472 tempore
520 1420 680 1458 studium
693 1418 838 1469 aliquod
852 1428 885 1456 et
900 1417 1121 1467 diligentiam
1135 1415 1308 1454 exhibue-

351 1481 482 1527 rimus,
519 1481 752 1533 torpescimus
788 1489 820 1517 et
855 1479 1031 1516 resilimus
1045 1508 1054 1525 ,
1086 1477 1154 1514 nisi
1188 1476 1306 1514 statim

351 1542 616 1579 exaudiamur?
635 1544 821 1593 Propterea
838 1555 911 1589 oro,
934 1548 973 1576 ut
995 1553 1039 1576 ex
1058 1538 1100 1575 iis
1119 1552 1198 1587 qua:
1211 1538 1307 1589 justo
1332 1546 1355 1576 C

351 1601 405 1638 illi
426 1611 617 1639 evenerunt
636 1601 778 1649 eruditi,
802 1613 997 1649 numquam
1017 1611 1190 1635 cessemus
1209 1611 1308 1634 orare

351 1664 481 1711 Deum,
504 1672 541 1700 ut
562 1663 720 1713 ignoscat
740 1661 843 1699 nobis
861 1668 1016 1712 peccata,
1038 1657 1098 1696 sed
1119 1658 1256 1695 fervens
1275 1665 1308 1694 et

351 1735 503 1764 aestuans
534 1725 752 1763 desiderium
788 1723 1085 1761 ostendamus:et
1118 1734 1185 1758 non
1217 1733 1308 1771 aegre

351 1788 519 1832 seramus,
541 1801 652 1837 neque
676 1785 852 1837 segniores
880 1784 1003 1832 simus,
1024 1783 1051 1821 si
1087 1796 1156 1820 non
1189 1781 1309 1819 statim

351 1849 552 1887 audiamur.
574 1847 749 1885 Fortassis
773 1846 866 1884 enim
897 1844 1074 1883 Dominus
1106 1842 1310 1881 continuam

352 1919 508 1948 nostram
530 1908 754 1947 sedulitatem
775 1907 950 1960 sapienter
970 1919 1136 1943 exercens
1156 1904 1203 1941 ita
1226 1917 1309 1955 pro-

353 1971 530 2018 crastinat,
548 1979 586 2007 ut
600 1968 797 2007 mercedem
815 1982 956 2019 quoque
971 1966 1150 2018 patientiae
1166 1964 1312 2016 recipia—

352 2045 432 2067 mus
450 2046 457 2066 :
474 2040 507 2067 et
524 2031 605 2080 quia
621 2030 695 2081 ipse
710 2038 850 2080 tempus
866 2028 931 2066 scit
944 2026 1084 2078 quando
1100 2026 1202 2064 nobis
1217 2025 1304 2062 utile

353 2101 403 2129 est
421 2092 559 2142 assequi
584 2090 680 2142 quod
700 2090 902 2141 quaerimus.
920 2091 1044 2138 Neque
1062 2088 1155 2125 enim
1182 2101 1244 2124 nos
1264 2086 1312 2123 ita

358 2152 490 2189 scimus
508 2152 594 2202 quid
616 2151 717 2188 nobis
734 2150 832 2197 utile,
847 2159 886 2186 ut
906 2150 980 2201 ipse
999 2147 1179 2187 evidenter
1198 2146 1311 2191 novit,

357 2212 418 2263 qui
448 2212 554 2249 etiam
581 2211 786 2250 abscondita
813 2211 940 2247 mentis
970 2218 1096 2246 nostrae
1123 2199 1313 2258 cognoscit.

356 2347 470 2383 neque
503 2341 702 2370 scrutemui
735 2345 773 2368 ea
801 2345 879 2381 quae
901 2344 919 2367 a
947 2331 1022 2367 Deo
1050 2328 1313 2381 proxideutui:

356 2393 416 2431 scd
436 2394 527 2444 giati
549 2392 746 2430 admodum
765 2391 889 2439 simus,
909 2400 942 2427 et
964 2390 1184 2427 admiremur
1200 2389 1314 2440 justo-

356 2469 436 2492 rum
455 2469 477 2491 x
483 2455 615 2491 irtutes.
638 2455 729 2491 Nam
750 2461 939 2504 postquam
957 2450 1051 2488 dixit
1072 2449 1174 2487 nobis
1190 2449 1314 2487 divina

357 2516 558 2567 Scriptura,
579 2523 663 2565 quot
689 2527 864 2551 annorum
893 2512 1001 2549 fuerit
1027 2513 1139 2559 Isaac,
1159 2510 1249 2548 dicit
1280 2518 1313 2547 et

355 2575 400 2613 de
428 2576 585 2613 Rebecca
614 2588 725 2611 uxore
745 2574 835 2625 ejus,
857 2572 953 2623 quod
985 2572 1115 2609 sterilis
1139 2571 1216 2609 suit.
1247 2571 1313 2609 Vi-

358 2636 417 2685 de,
442 2636 601 2685 obsecro,
617 2634 705 2687 justi
731 2633 931 2685 religiosam
945 2642 1110 2670 mentem.
1138 2631 1316 2678 Quoniam

359 2698 453 2734 enim
478 2697 570 2734 vidit
597 2705 761 2733 naturam
795 2693 1076 2741 claudicantem,
1100 2692 1147 2730 ad
1181 2701 1317 2729 naturae

362 2758 592 2795 Conditorem
609 2756 784 2807 confugit,
798 2755 984 2792 etvincula
1002 2763 1138 2791 naturae
1155 2753 1320 2806 precibus

361 2820 499 2856 solvere
530 2818 722 2856 festinavit.
744 2819 808 2855 21.
840 2818 1078 2868 Deprecatus
1113 2817 1214 2852 enim
1248 2823 1316 2860 est,

363 2879 501 2929 inquit,
524 2882 637 2916 Isaac
659 2893 770 2929 super·
790 2879 960 2914 Rebecca
981 2890 1100 2913 uxore
1118 2890 1203 2922 sua,
1227 2877 1320 2928 quia

363 2941 504 2978 sterilis·
535 2948 630 2976 wat
655 2942 775 2977 Lnum
805 2938 871 2975 hoc
897 2937 931 2974 in
961 2936 1088 2989 primis
1103 2950 1217 3003 opera)
1242 2952 1320 3004 pie—

833 127 1022 158 jammis
1058 126 1310 157 CHRYSOST.
1352 126 1562 156 ARCHiEP.
1602 127 1967 158 CONSTANTINOP.

1374 206 1507 244 Σκόπει
1531 223 1610 258 μοι,
1630 208 1811 260 ἀγαπητὲ,
1830 213 1893 256 τῆς
1922 210 2014 253 θείας
2041 211 2183 262 Γραφῆς
2210 209 2274 256 τὴν
2296 210 2398 262 ἀκρί-

1374 266 1484 313 ὅειαν,
1502 266 1596 310 ὅπως
1615 267 1709 306 οὐδὲν
1733 269 1916 322 παρέργως
1941 269 2066 316 τίθησι.
2083 270 2187 313 Τίνος
2205 269 2271 322 γὰρ
2287 287 2398 308 ενεκεν

1373 330 1457 376 ἡμῖν
1485 327 1542 364 τὸν
1569 328 1692 379 χρόνον
1719 333 1778 367 τοῦ
1799 329 1960 368 Ἰσαὰκ
1945 330 2232 406 επισημαίνεται,
2246 330 2306 368 καί
2327 346 2398 382 φη-

1375 403 1449 434 σιν,
1476 381 1587 425 ’Ἦνῗ
1569 405 1605 427 οε
1633 389 1757 427 Ἰσαὰκ
1791 394 1876 429 ἐτῶν
1909 392 2187 444 τεσσαράκοντα,
2212 391 2268 429 ὅτε
2296 391 2400 429 ε’)αὲε

1373 447 1438 494 τὴν
1461 447 1670 497 εΡεὸῖέκκαη
1692 452 1772 502 Οὐχ
1796 451 1932 498 ἁπλῶς,
1950 451 2025 489 οὐδὲ
2052 453 2150 497 εἷκη·
2177 451 2255 489 ἀλλ’
2280 450 2398 497 ἐπειδὴ

1376 509 1494 559 μέλλει
1521 508 1608 560 μετὰ
1639 525 1748 548 ταυτα
1764 514 1836 586 υτης
1865 509 1968 548 Ρεοέ
1957 526 2055 554 κ-κας
2087 514 2170 560 ἡμῖν
2207 512 2401 561 διηγεῖσθαι

1375 568 1436 615 τὴν
1460 569 1662 622 στείρωσιν,
1677 586 1737 607 και
1759 570 1813 609 ὅτι
1841 569 1874 614 ἐξ
1901 572 2006 622 εὗχῆς
2029 575 2089 608 τοῦ
2117 570 2251 608 δικαίου
2275 570 2319 608 τὰ
2339 586 2401 617 της

1375 630 1598 674 παιδοποιίας
1620 633 1707 683 αὐτῇ
1737 630 1874 682 γέγονε,
1893 630 2053 682 βούλεται
2082 630 2218 674 διδάξαι
2241 633 2334 681 ἡμᾶς
2363 631 2403 669 τὸ

1377 690 1518 742 μέγεθος
1539 695 1600 738 τῆς
1627 694 1804 742 ὑπομονῆς
1824 697 1883 730 τοῦ
1911 691 2053 737 Ἰσαὰκ,
2074 691 2134 729 καὶ
2162 698 2317 742 σημᾶναι
2344 692 2401 730 τὸν

1375 751 1499 805 χρόνον
1529 753 1700 806 ἀκριὸῶς,
1723 753 1799 791 ὅσον
1825 756 1858 792 ἕν
1895 752 2042 804 ἀπαιδίᾳ
2076 752 2232 804 γέγονεν·
2251 752 2308 790 ἵνα
2344 753 2403 790 καὶ

1376 813 1478 860 ἡμεῖς
1488 807 1666 858 ζηλοῦντες
1678 812 1735 850 τὸν
1753 812 1897 859 δίκαιον,
1917 811 2007 849 οὕτω
2023 811 2308 864 προσεδρεύωμεν
2330 818 2405 854 ταῖς

1377 871 1463 923 πρὸς
1489 871 1546 909 τὸν
1583 873 1672 911 Θεὸν
1705 873 1871 921 ἱκεσίαις,
1898 871 2038 911 ἐπειδὰν
2074 871 2224 922 αἰτῶμεν
2255 888 2289 909 τι
2320 874 2403 925 παρ’

1379 933 1494 969 αὐτοῦ.
1520 933 1565 970 Εἰ
1593 932 1660 985 γὰρ
1685 937 1702 971 ὃ
1729 933 1858 977 δίκαιος
1883 928 1993 980 οὗτος,
2022 931 2132 976 οὕτως
2151 933 2308 986 ἐνάρετος
2339 931 2406 980 ὢν,

1379 992 1438 1029 καὶ
1458 993 1630 1038 τοσαύτης
1651 993 1782 1037 εὐνοίας
1810 994 1995 1032 ἀπολαύων
2022 993 2120 1047 παρὰ
2144 997 2202 1031 τοῦ
2225 995 2330 1040 Θεοῦ,
2349 1009 2409 1031 το-

1380 1051 1509 1099 σαύτην
1535 1053 1753 1092 ἐπεδείκνυτο
1779 1053 1932 1099 σπουόὴν
1963 1054 2022 1091 καὶ
2049 1053 2292 1100 εὖτονίαν,τὸν
2320 1054 2409 1092 Θεὸν

1381 1114 1544 1160 διηνεκῶς
1569 1117 1802 1166 παρακαλῶν,
1819 1114 1909 1153 ὥστε
1927 1116 2031 1152 λῦσαι
2052 1117 2113 1160 τῆς
2136 1113 2330 1158 “Ρε8ε’κκας
2348 1113 2411 1160 τὴν

1381 1174 1582 1226 στείρωσιν,
1601 1175 1635 1212 τί
1663 1175 1704 1213 ἂν
1734 1175 1890 1226 εἴποιμεν
1917 1178 2017 1225 ἡμεῖς
2051 1178 2082 1212 οἱ
2113 1178 2265 1213 τοσαῦτα
2287 1174 2410 1227 φορτία

1385 1236 1651 1289 ἁμαρτημάτων
1672 1235 1808 1288 ἔχοντες
1831 1235 2053 1286 ἐπικείμενα,
2067 1236 2126 1274 καὶ
2152 1234 2239 1286 μηδὲ
2263 1235 2303 1273 τὸ
2321 1237 2411 1273 πολ-

1381 1297 1504 1335 λοστὸν
1524 1302 1584 1335 τοῦ
1608 1296 1740 1335 δικαίου
1760 1297 1880 1335 τούτου
1905 1295 2007 1349 μέρος
2027 1295 2310 1347 ἐπιδεικνύμενοι,
2323 1294 2413 1334 ἀλλὰ

1382 1358 1446 1395 κᾶν
1474 1359 1558 1410 πρὸς
1585 1358 1703 1410 ὀλίγον
1738 1358 1890 1405 σπουδήν
1925 1374 2002 1396 τινα
2030 1356 2301 1408 ἐπιδειξώμεθα,
2330 1372 2411 1408 ναρ-

1381 1421 1508 1461 κῶντες
1524 1419 1583 1456 καὶ
1601 1420 1849 1465 ἀποπηδῶντες
1861 1449 1870 1466 ,
1890 1421 1919 1456 εἰ
1935 1418 1983 1469 μὴ
2002 1422 2125 1456 Οᾶττον
2148 1415 2409 1463 εἷσακουσθείη-

1383 1496 1464 1530 μεν,
1479 1479 1552 1517 Διὰ
1571 1483 1690 1528 τοῦτο,
1709 1481 1905 1534 παρακαλῶ
1917 1510 1926 1527 ,
1951 1482 1989 1517 ἐκ
2008 1481 2076 1516 τῶν
2096 1481 2146 1531 τῷ
2167 1478 2289 1530 δικαίῳ
2303 1477 2413 1528 τούτῳ

1381 1540 1588 1590 συμὸάντων
1621 1541 1883 1591 παιδευόμενοι,
1910 1541 2084 1591 μηδέποτε
2121 1539 2316 1590 παυώμεθα
2354 1539 2412 1577 τὸν

1382 1601 1471 1638 Θεὸν
1497 1603 1778 1652 παρακαλοῦντες
1802 1601 1890 1652 ὑπὲρ
1912 1605 1974 1647 τῆς
1997 1600 2252 1653 συ·[[ι·;ρ·ἡσειι)ς
2271 1603 2340 1637 τῶν
2361 1601 2413 1637 οἷ-

1383 1660 1484 1698 κείων
1521 1662 1840 1712 πλημμελημάτων
1855 1692 1864 1709 ,
1893 1661 1984 1699 ἀλλὰ
2017 1660 2146 1714 θερμὴν
2178 1660 2238 1697 καὶ
2273 1660 2412 1703 ζέουσαν

1382 1721 1577 1774 προθυμίαν
1623 1722 1920 1773 ἐπιδεικνυώμεθα
1935 1753 1944 1769 ,
1976 1721 2035 1759 καὶ
2074 1721 2122 1771 μὴ
2164 1720 2415 1772 ἀσήάλλωμεν,

1385 1781 1472 1833 μηδὲ
1502 1781 1722 1835 ὀκνηρότεροι
1750 1782 1945 1835 γινώμεθα,
1965 1784 1992 1821 εἰ
2026 1781 2073 1833 μὴ
2101 1785 2224 1820 Οᾶττον
2253 1782 2414 1818 εἰσακου-

1382 1842 1558 1893 σθείημεν.
1574 1841 1678 1887 Ἴσως
1697 1843 1877 1897 γὰρ,ἴσως
1905 1843 2127 1896 σοφιζόμενος
2145 1845 2246 1893 ἡμῶν
2266 1841 2328 1888 τὴν
2356 1842 2414 1878 δι-

1384 1907 1491 1950 ηνεκῆ
1516 1904 1725 1957 προσεδρίαν
1750 1908 1768 1943 ὃ
1791 1905 1992 1952 Δεσπότης,
2017 1903 2306 1950 διαναὸάλλεται,
2333 1905 2414 1953 βου-

1384 1964 1527 2015 λόαενος
1568 1965 1626 2002 καὶ
1660 1982 1722 2012 της
1760 1967 1937 2017 ὑπομονῆς
1979 1968 2012 2015 ἡ
2007 1971 2073 2007 μᾶς
2109 1963 2323 2014 κομίσασθαι
2357 1963 2415 2001 τὸν

1387 2026 1522 2076 μισθὸν,
1538 2026 1598 2063 καὶ
1627 2041 1683 2064 τον
1704 2027 1824 2079 καιρὸν
1849 2043 1878 2064 ε.
1869 2042 2002 2074 ·οως,κ
1981 2027 2057 2063 κάῡ
2075 2023 2111 2062 ὃν
2131 2026 2231 2062 λυσιτ
2212 2023 2291 2062 -εελ
2275 2039 2307 2066 ες
2326 2025 2416 2061 ἐστιν

1389 2090 1473 2137 ἡμῖν
1494 2089 1562 2124 τῶν
1586 2087 1871 2138 σπουοαζομένων
1899 2089 2087 2138 ἐπιτυχεῖν.
2107 2084 2200 2123 Οὐδὲ
2221 2083 2288 2136 γὰρ
2310 2082 2418 2125 οὕτως

1387 2151 1488 2196 ἡμεῖς
1515 2147 1615 2197 ἴσμεν
1639 2147 1678 2183 τὸ
1708 2147 1880 2200 συμφέρον
1912 2150 2064 2194 ἑαυτοῖς,
2083 2149 2129 2189 ὡς
2151 2146 2250 2188 αὐτὸς
2266 2144 2418 2197 ἀκριὸῶς

1389 2206 1594 2254 ἐπίσταται,
1615 2209 1633 2244 ὃ
1652 2205 1696 2243 τὰ
1716 2207 1898 2260 ἀπόρρητα
1920 2211 1980 2253 τῆς
2000 2206 2151 2250 διανοίας
2175 2207 2322 2244 ἑκάστου
2339 2207 2417 2243 ἐπι-

1389 2267 1568 2317 στάμενος.
1591 2269 1644 2304 Δι’
1671 2267 1877 2320 ὃπροσιῆκει
1904 2267 2010 2318 μηδὲν
2038 2267 2326 2320 περιεργάζεσθαι
2359 2267 2418 2303 καὶ

1387 2330 1690 2379 πολυπραγμονεῖν
1706 2332 1774 2366 τῶν
1791 2328 1887 2382 παρὰ
1902 2334 1960 2367 τοῦ
1983 2330 2075 2367 Θεοῧ
2094 2327 2283 2378 γινομένων
2294 2357 2303 2373 ,
2326 2326 2416 2364 ἀλλὰ

1388 2389 1519 2436 πολλὴν
1536 2388 1598 2435 τὴν
1623 2389 1886 2440 εὐγνωμοσύνην
1907 2389 2174 2436 ἐπιδείκνυσθαι,
2195 2388 2254 2426 καὶ
2279 2387 2416 2438 Θαυμά-

1389 2452 1456 2494 ζειν
1474 2453 1542 2487 τῶν
1563 2450 1703 2488 δικαίων
1724 2450 1785 2494 τὰς
1802 2450 1936 2503 ἀρετάς.
1957 2448 2104 2495 Ἐπειδὴ
2125 2448 2194 2500 γὰρ
2214 2443 2306 2486 εἶπεν
2325 2451 2410 2498 ἡμῖν

1388 2512 1409 2552 ἡ
1427 2509 1500 2546 Οεία
1530 2509 1674 2562 Γραφὴ,
1694 2509 1783 2548 ὅσων
1807 2512 1891 2548 ἐτῶν
1915 2504 1956 2556 ἦν
1978 2509 2121 2556 Ἰσαὰκ,
2140 2508 2232 2559 λέγει
2257 2508 2315 2545 καὶ
2340 2508 2420 2558 περὶ

1387 2569 1577 2613 Ῥείέκκας
1590 2573 1652 2616 τῆς
1667 2570 1828 2621 γυναικὸς
1848 2572 1968 2614 αὐτοῦ,
1983 2569 2037 2607 ὅτι
2052 2575 2171 2619 στεῖρα
2185 2564 2239 2615 ἦν.
2260 2567 2336 2606 Θέα
2360 2583 2419 2618 μοι

1389 2634 1448 2668 τοῦ
1464 2630 1597 2668 δικαίου
1613 2631 1678 2669 τὸ
1671 2631 1839 2683 φιλόθεον.
1861 2629 2008 2676 Ἐπειδὴ
2030 2629 2097 2682 γὰρ
2114 2623 2182 2667 εἶδε
2197 2628 2418 2680 χωλεύουσαν

1390 2708 1452 2738 την
1482 2691 1596 2744 φύσιν,
1618 2691 1675 2729 ἐπὶ
1694 2691 1751 2729 τὸν
1779 2707 1841 2737 της
1864 2690 1999 2767 φύσεξ)ς
2028 2690 2236 2742 δημιουργὸν
2270 2688 2420 2740 ἔῖραμε,

1392 2753 1451 2790 καὶ
1470 2752 1514 2790 τὰ
1538 2751 1649 2802 δεσμὰ
1672 2755 1736 2798 τῆς
1756 2751 1887 2803 φύσεως
1913 2750 1969 2788 διὰ
1992 2754 2055 2797 τῆς
2083 2753 2188 2802 εὐχῆς
2210 2749 2301 2787 λύειν
2321 2748 2422 2794 ἠπεί-

1392 2830 1483 2866 γετο.
1502 2813 1640 2852 Εοεετο
1658 2813 1747 2866 γὰρ,
1768 2828 1892 2865 φησιν,
1908 2811 2033 2850 Ἰσαὰκ
2053 2827 2133 2863 περι
2146 2810 2337 2853 (Ρεὸέκκας
2362 2812 2423 2855 τ’ἦς

1394 2891 1554 2926 γυναικος
1589 2878 1713 2923 αὐτοῦ,
1738 2874 1792 2913 ὅτι
1821 2879 1941 2927 στεῖρα
1972 2877 2027 2920 ἠν.
2060 2872 2127 2911 Εν
2154 2875 2255 2910 τοῦτο
2286 2886 2422 2923 πρωτον

1397 2936 1490 2980 ἄξιον
1529 2938 1699 2983 ζητησαι,
1725 2934 1816 2978 τίνος
1850 2935 1982 2982 ἕνεκεν,
2005 2933 2080 2986 βίου
2108 2937 2193 2971 οὐσα
2225 2935 2424 2982 θαυμαστου

365 3001 454 3038 tium
486 3010 522 3037 ut
550 3015 763 3050 quzwramus,
787 3013 909 3049 quare,
934 3012 1014 3036 cum
1041 3007 1074 3035 et
1107 2997 1197 3050 ipsa,
1213 3006 1246 3035 ct
1265 2998 1321 3035 vir
1349 3003 1371 3032 E
1398 3013 1457 3034 και
1485 2996 1594 3043 αυτὴ,
1615 2997 1674 3034 καὶ
1701 3000 1719 3035 ὁ
1744 2996 1832 3050 ἀνὴρ
1867 2997 1991 3043 αὖτης,
2017 2994 2076 3032 καὶ
2102 2995 2232 3039 πολλῆς
2266 2995 2328 3038 τῆς
2357 3007 2424 3029 σω-

367 3063 443 3114 ejus
476 3061 556 3099 xite
584 3061 714 3097 fueiint
738 3059 893 3109 eximiae,
915 3068 948 3096 et
971 3058 1076 3096 ambo
1103 3057 1323 3096 continentiae

411 3180 424 3193 «¹
452 3168 554 3201 Saxil.
574 3175 607 3198 ct
622 3178 704 3197 unus
720 3164 833 3197 Codex
851 3171 1016 3210 ἀμρέτεροι
1034 3168 1244 3207 ἐπεμελοῦντο,
1264 3168 1312 3197 καὶ
1327 3166 1379 3196 οὐκ

366 3227 542 3264 Elapsum...

366 3289 451 3318 parf,

366 3324 427 3355 liae
449 3322 595 3355 Humilia
611 3327 802 3361 excerptum
822 3319 935 3361 habes,
947 3331 1044 3360 supra
1059 3320 1156 3352 Tom.
1178 3319 1245 3359 111,
1261 3330 1292 3362 p.
1305 3319 1381 3358 849,

566 3224 608 3252 ε”τι
627 3229 685 3252 τῶν
703 3223 859 3263 αμαρτιῶν
876 3221 909 3255 ἦν
924 3221 1009 3261 &psov
1022 3227 1028 3234 ⁸
1059 3219 1119 3259 εἶχε
1133 3218 1244 3253 ταύτην
1261 3221 1278 3253 ἡ
1302 3220 1379 3248 στεί-

443 3288 463 3304 ·.
483 3272 580 3302 Hunc
598 3281 675 3301 vero
694 3269 802 3301 locum
821 3268 917 3309 longa
934 3269 1026 3310 serie,
1046 3275 1079 3300 et
1102 3275 1150 3309 ut,
1171 3267 1315 3305 videtur,
1340 3277 1380 3298 ex

1400 3057 1568 3109 φροσύνης
1601 3058 1826 3110 ῧάμφότεροι
1870 3055 2162 3106 ἐπιμελούμενοι,
2198 3059 2314 3106 στεῖρα
2360 3056 2421 3099 ἠν,

1412 3162 1432 3194 l.
1456 3164 1485 3201 l,
1505 3163 1537 3194 in
1562 3161 1707 3194 llomilia
1724 3160 1766 3194 de
1791 3173 1858 3194 non
1882 3159 2074 3204 evulgandis
2098 3158 2240 3191 fratrum
2264 3157 2421 3199 peccatis.

1413 3212 1479 3246 Ubi
1495 3212 1608 3245 eadem
1634 3215 1703 3256 ipsa
1723 3212 1764 3245 ad
1782 3212 1913 3246 literam
1941 3211 2061 3254 ubique,
2086 3221 2169 3253 pene
2193 3211 2361 3249 dicuutur,
2389 3217 2423 3240 et

1416 3264 1571 3297 desinunt
1591 3277 1665 3308 pag.
1685 3267 1760 3306 35¹,
1779 3266 1819 3303 E,
1836 3265 1892 3297 lin.
1911 3265 2110 3306 [Utramque
2126 3263 2348 3295 recensionem
2366 3262 2416 3293 iu-

1419 3325 1467 3350 tcr
1485 3328 1517 3350 se
1537 3317 1712 3351 contulisse
1729 3316 1868 3350 multum
1883 3314 2041 3359 juvabit]
