2433 3775
11 805 120 842 Ephes.
138 803 168 833 6.

13 843 129 884 ¹45¹&

213 157 272 204 26
633 170 672 200 S.

207 269 287 293 sum
311 253 572 308 permittamus.
594 253 693 302 Quin
714 262 747 291 et
770 252 902 305 linguae
920 251 1073 303 diligens
1087 250 1154 288 ha-

207 316 324 355 benda
345 325 397 354 est
421 314 597 364 custodia,
623 323 656 353 et
674 313 769 352 oculi
794 313 980 352 muniendi
1003 320 1104 360 sunt,
1124 319 1158 349 et

207 392 307 416 mens
324 376 510 430 purganda
521 405 531 423 ‚
550 384 583 414 et
600 384 769 428 perpetuo
783 374 829 412 ad
844 387 1003 425 pugnam
1015 380 1158 424 paratos

207 453 281 477 esse
300 437 477 487 convenit,
496 436 598 488 quasi
626 436 700 472 fera
727 434 845 484 aliqua
864 447 926 470 nos
942 431 1103 480 invadat,
1125 439 1159 468 et

205 500 332 538 laedere
356 507 514 537 conetur.
541 499 691 548 Propter
719 494 817 545 quod
835 492 982 531 caelestis
1000 492 1064 529 illa
1082 491 1159 528 ani-

206 574 277 609 ma,
291 560 414 598 doctor
428 557 600 609 gentium,
610 555 733 605 lingua
747 553 956 603 orbis,nihil
968 566 1037 590 non
1052 565 1159 603 agens

205 635 272 674 pro
290 620 402 658 salute
420 617 691 668 discipulorum,
706 623 895 667 postquam
910 613 1020 663 dixit,
1039 613 1160 651 Acci-

203 685 284 733 pite
307 687 550 718 armaturam
575 678 666 720 Dei‚·
688 675 818 714 iterum
845 674 1006 727 subjicit,
1035 684 1069 713 et
1097 689 1160 713 nos

206 741 365 792 undique
393 739 570 788 muniens,
590 747 624 776 et
643 737 793 775 invictos
811 737 958 786 faciens,
975 736 1025 775 sic
1045 735 1134 774 dicit
1151 752 1158 773 :

205 803 313 841 State
321 804 440 854 igitur
452 802 618 839 accincti
629 800 770 838 lumbis
780 801 922 837 vestris
930 801 971 836 in
982 801 1160 847 veritate,

205 872 243 901 et
273 863 400 900 induti
426 862 623 899 thoracem
636 861 753 913 fidei,
772 860 938 898 calceati
955 861 1070 912 pedes
1087 873 1160 898 ve-

207 933 305 963 stros
335 926 378 961 in
404 924 690 974 praeparatione
738 921 930 973 evangelii
957 923 1079 972 pacis.
1113 922 1162 957 In

209 987 385 1023 omnibus
396 987 580 1029 assumite
589 991 740 1021 scutum
742 983 844 1036 fidei
845 1012 857 1029 ,
869 985 910 1019 in
923 996 998 1034 quo
1006 984 1162 1033 possitis

210 1050 341 1085 omnia
356 1046 435 1083 tela
446 1045 553 1083 illius
565 1047 690 1096 ignita
702 1046 956 1095 exstinguere,
969 1043 1165 1094 etgaleam

207 1109 394 1146 salutaris
419 1108 594 1157 accipite,
611 1113 648 1142 et
661 1104 837 1156 gladium
863 1104 1040 1154 Spiritus,
1061 1103 1166 1154 quod

209 1175 263 1204 est
298 1165 461 1202 verbum
486 1164 576 1201 Dei.
615 1161 751 1202 Vidisti
791 1160 970 1212 quomodo
1002 1160 1165 1198 omnium

208 1226 369 1264 membra
387 1223 592 1272 muniverit,
606 1232 640 1260 et
655 1222 757 1273 quasi
772 1221 807 1259 in
823 1221 988 1274 praelium
1005 1235 1166 1273 egressu-

210 1302 268 1325 ros
282 1286 442 1340 primum
457 1299 541 1323 zona
556 1284 688 1336 cingat,
706 1297 776 1334 quo
794 1283 1033 1335 expeditiores
1054 1284 1167 1321 simus

210 1349 256 1387 ad
275 1362 434 1397 cursum,
455 1345 538 1384 dein
559 1345 686 1383 induat
705 1359 768 1382 nos
784 1345 945 1395 thorace,
965 1358 1010 1382 ne
1028 1359 1049 1382 a
1064 1345 1167 1397 jacu-

152 1435 161 1441 -
211 1410 256 1448 lis
283 1409 529 1457 vulneremur,
553 1406 615 1445 sed
634 1415 667 1444 et
686 1405 795 1459 pedes
821 1405 989 1456 munivit,
1010 1415 1044 1444 et
1061 1405 1169 1443 undi-

213 1486 281 1523 que
299 1470 452 1510 armavit
472 1469 566 1507 fide?
586 1468 683 1517 Haee,
702 1468 767 1518 ait,
786 1468 863 1505 haee
883 1467 996 1519 ignita
1020 1467 1087 1505 tela
1105 1467 1171 1505 ho-

215 1533 279 1571 stis
309 1532 534 1583 exstinguere
563 1529 706 1583 poterit.
731 1529 906 1576 Quaenam
936 1537 1056 1566 autem
1091 1537 1173 1566 sunt

216 1595 286 1632 tela
306 1592 473 1631 diaboli?
499 1591 606 1630 Malae
636 1589 944 1643 eoncupiscentiae,
977 1589 1173 1627 immundae

216 1653 467 1706 cogitationes,
487 1651 677 1704 perniciosi
695 1651 857 1701 affectus,
875 1651 994 1700 furor,
1008 1648 1174 1688 inviden-

216 1717 278 1765 tia,
291 1714 442 1763 invidia,
459 1714 524 1763 ira,
539 1713 677 1761 odium,
697 1712 856 1765 pecuniae
877 1710 1174 1763 concupiscentia,

217 1785 251 1815 et
266 1784 385 1814 caetera
403 1773 518 1812 omnis
534 1772 692 1825 ignavia.
708 1772 806 1823 Haec,
824 1771 888 1820 ait,
906 1771 1024 1809 omnia
1042 1771 1175 1809 exstin-

220 1852 327 1889 guere
345 1835 476 1889 poterit
493 1834 634 1886 gladius
652 1833 821 1886 Spiritus.
837 1834 885 1872 Et
898 1832 989 1884 quid
1006 1831 1099 1882 dieo,
1113 1846 1175 1870 ex-

220 1896 427 1950 stinguere?
449 1895 570 1933 Etiam
598 1895 716 1947 ipsum
735 1894 848 1932 hostis
867 1903 974 1947 caput
992 1902 1178 1946 amputare

219 1959 367 1998 valebit.
388 1956 523 1998 Vidisti
548 1955 729 2007 quomodo
744 1955 928 1994 roboravit
947 1955 1143 2007 discipulos
1159 1955 1176 1992 .9

221 2019 399 2073 quomodo
415 2033 473 2057 eos
497 2027 598 2055 antea
618 2031 699 2055 cera
718 2016 918 2066 molliores,
937 2016 1030 2054 ferro
1048 2015 1175 2053 fortio-

222 2096 278 2120 res
291 2081 433 2121 effecit?
448 2078 629 2128 Quoniam
644 2078 738 2115 enim
755 2077 858 2115 nobis
872 2077 1008 2114 bellum
1022 2086 1087 2124 est,
1107 2090 1176 2114 non

225 2142 396 2180 adversus
413 2154 553 2178 earnem
568 2148 601 2177 ct
617 2137 841 2189 sanguinem,
860 2137 921 2176 sed
937 2136 1111 2176 adversus
1126 2137 1178 2176 in-

226 2217 410 2256 corporeas
441 2202 591 2241 virtutes
613 2216 620 2236 :
641 2199 719 2237 ideo
743 2212 857 2249 neque
885 2199 1088 2237 carnalibus
1117 2213 1180 2237 nos

227 2265 335 2303 armis
354 2263 521 2311 munivit,
541 2261 602 2300 sed
618 2275 717 2298 arma
738 2269 856 2298 nostra
877 2260 995 2298 omnia
1012 2260 1180 2312 spiritua-

228 2327 276 2365 lia
296 2335 392 2373 sunt,
411 2325 462 2363 sic
484 2322 660 2362 radiantia
675 2352 684 2369 ,
705 2331 744 2360 ut
764 2336 886 2360 eorum
913 2322 1089 2374 fulgorem
1109 2321 1181 2360 dae-

231 2402 315 2427 mon
334 2388 394 2425 ille
407 2386 524 2424 malus
543 2385 633 2423 ferre
651 2392 812 2434 nequeat.

286 2514 323 2550 6.
354 2510 507 2548 Talibus
523 2509 633 2560 igitur
647 2507 755 2546 armis
771 2506 902 2555 induti,
917 2521 961 2545 ne
977 2507 1185 2546 horreamus

234 2586 392 2626 pugnam
408 2601 417 2618 ‚
444 2585 487 2609 ne
515 2569 695 2621 fugiamus
721 2582 965 2620 congressum3
987 2568 1049 2606 sed
1078 2583 1188 2620 neque

235 2633 356 2685 ignavi
390 2632 513 2670 simus.
545 2631 638 2669 Nam
664 2630 777 2678 sicut,
808 2628 910 2667 nobis
936 2629 1187 2681 vigilantibus,

237 2695 417 2745 malignus
431 2692 571 2730 daemon
586 2705 782 2742 numquam
796 2704 977 2728 armorum
987 2701 1191 2730 nostrorum

238 2755 363 2793 virtuti
390 2753 619 2806 praevalebit,
640 2753 669 2789 si
687 2751 909 2790 voluerimus
938 2751 1056 2790 irritas
1077 2753 1190 2791 faeere

241 2818 316 2870 ejus
348 2814 625 2853 machinationes
661 2829 668 2850 :
705 2813 754 2852 sic
782 2813 811 2851 si
840 2812 976 2851 desides
1002 2814 1191 2864 fuerimus,

243 2878 340 2916 nulla
362 2877 463 2914 nobis
483 2875 618 2913 utilitas
648 2875 736 2924 erit,
761 2874 1048 2926 quandoquidem
1071 2876 1194 2915 inimi-

245 2954 306 2977 cus
321 2938 445 2977 salutis
459 2947 584 2975 nostrae
601 2951 796 2987 numquam
813 2936 997 2988 dormitat,
1016 2947 1050 2976 ct
1065 2939 1195 2990 omnia,

245 3014 322 3053 qum
354 2999 459 3038 saluti
494 3007 620 3036 nostra·
651 2999 798 3047 obsunt,
821 3008 998 3051 operatur.
1028 3000 1196 3052 Undique

246 3063 356 3115 igitur
375 3075 552 3099 armemus
577 3074 639 3097 nos
671 3060 778 3112 ipsos,
797 3069 830 3098 et
849 3075 868 3097 a
885 3060 1003 3099 verbis
1026 3069 1196 3115 tempere-

249 3139 347 3174 mus,
364 3132 397 3161 et
413 3123 458 3159 ab
477 3122 644 3174 operibus
673 3121 911 3159 abstineamus
923 3152 933 3172 ,
951 3137 1029 3174 quae
1053 3138 1115 3162 nos
1132 3125 1196 3163 lae-

709 169 890 200 JOANle
925 167 1166 200 CHRYSOST.
1207 166 1412 197 ARCHlEP⁴
1451 164 1808 195 CONSTANTINOP-

1230 248 1289 286 καὶ
1309 249 1476 293 διηνεκῶς
1500 246 1683 298 ἐναγώνιον
1706 241 1814 294 εἶναι,
1837 245 1995 299 καθάπερ
2023 245 2141 298 θηρίου
2164 246 2254 290 τινὸς

1229 307 1403 352 ἐπιόντος,
1433 307 1493 345 καὶ
1518 307 1740 358 λυμήνασθαι
1767 310 1853 359 ἡμῖν
1885 308 2152 359 ἐπιχειροῦντος.
2187 307 2255 346 Διὰ

1229 367 1298 420 γὰρ
1329 371 1430 406 τοῦτο
1461 367 1521 406 καὶ
1545 371 1566 414 ἡ
1594 367 1840 421 οὐρανομήκης
1870 367 1985 414 ἐκείνη
2005 368 2122 420 ψυχὴ,
2143 372 2160 406 ὁ
2187 371 2257 406 τῶν

1230 429 1335 466 ἐθνῶν
1363 427 1586 476 διδάσκαλος,
1607 431 1629 474 ἡ
1649 431 1787 479 γλῶττα
1806 433 1868 476 τ’ῆς
1884 429 2106 480 οἰκουμένης,
2130 431 2148 466 ὃ
2171 428 2258 478 ὑπὲρ

1230 491 1293 536 τῆς
1321 492 1390 527 τῶν
1421 488 1711 539 μαθητευομένων
1731 489 1906 543 σωτηρίας
1931 490 2071 528 ἅπαντα
2091 505 2258 544 πραγμα-

1183 553 1208 584 G
1230 550 1412 601 τευόμενος
1421 579 1430 597 ,
1443 548 1562 598 εἰπὼν,
1573 549 1783 588 Ἀναλάὸετε
1791 550 1854 597 τὴν
1867 551 2064 590 πανοπλίαν
2077 555 2136 590 τοῦ
2148 553 2241 590 Θεοῦ
2250 578 2260 596 ,

1231 611 1336 651 πάλιν
1373 611 1545 663 ἐπήγαγε,
1575 610 1743 650 πάντοθεν
1775 614 1871 661 ἡμᾶς
1906 613 2166 666 περιφράττων,
2201 611 2261 650 καὶ

1233 671 1444 726 ἀχειρώτους
1475 672 1700 725 ἐργαζόμενος
1714 701 1724 720 ,
1761 670 1852 710 οὕτω
1887 672 1997 724 λέγων
2012 688 2020 696 ·
2055 674 2171 719 Στῆτε
2203 666 2261 710 οῦν

1233 732 1506 787 περιεζωσμένοι
1533 732 1596 780 τὴν
1629 731 1735 785 ὀσφὺν
1764 734 1862 783 ὑμῶν
1886 733 1920 771 ἐν
1943 732 2106 785 ἀληθεία,
2127 733 2186 771 καὶ
2207 735 2264 771 ἐν-

1234 795 1421 846 δυσάμενοι
1433 793 1450 815 ¹’
1462 795 1520 833 τὸν
1537 794 1680 846 θώρακα
1694 797 1756 840 τῆς
1765 793 1916 838 πίστεως
1927 825 1937 843 ,
1956 794 2015 832 καὶ
2033 794 2264 845 ὑποδησάμε-

1234 872 1285 894 νοι
1298 855 1375 900 τοὺς
1393 855 1501 899 πόδας
1519 857 1553 893 ἐν
1575 854 1761 907 ἑτοιμασίᾳ
1778 860 1837 894 τοῦ
1864 855 2063 907 εὐαγγελίου
2081 858 2144 902 τῆς
2160 855 2257 908 εἰρή-

1235 933 1314 964 νης,
1336 917 1394 955 ἐπὶ
1416 923 1520 955 πᾶσιν
1537 915 1769 959 ἄναλαέόντες
1786 916 1843 954 τὸν
1863 916 1980 967 θυρεὸν
2000 918 2064 962 τῆς
2092 915 2243 959 πίστεως
2256 946 2266 964 ,

1237 980 1272 1016 ἐν
1292 973 1320 1031 ᾧ
1335 978 1519 1026 δυνήσεσθε
1535 971 1651 1016 πάντα
1669 976 1713 1015 τὰ
1730 976 1814 1029 βέλη
1840 981 1899 1015 τοῦ
1916 980 2070 1029 πονηροῦ
2090 976 2134 1016 τὰ
2152 993 2267 1016 πεπυ-

1241 1039 1380 1093 ρωμένα
1395 1040 1518 1078 σέέσαι
1533 1070 1543 1088 ,
1566 1039 1626 1077 καὶ
1641 1038 1705 1086 τὴν
1725 1038 2002 1092 περικεφαλαίαν
2020 1042 2079 1076 τοῦ
2095 1039 2268 1092 σωτηρίου

1239 1101 1398 1149 δέξασθε,
1422 1101 1481 1140 καὶ
1506 1099 1569 1147 τὴν
1603 1100 1782 1152 μάχαιραν
1810 1105 1870 1138 τοῦ
1901 1099 2124 1151 Πνεύματος,
2151 1101 2170 1139 ὅ
2197 1103 2269 1139 ἐστι

1241 1163 1336 1213 ῥῆμα
1357 1162 1462 1199 Θεοῦ.
1484 1153 1586 1203 Εἶδες
1606 1160 1722 1198 πάντα
1738 1160 1781 1198 τὰ
1806 1160 1895 1211 μέλη
1915 1160 2009 1204 ὅπως
2037 1160 2246 1214 περιέφραξε
2260 1192 2270 1210 ,

1239 1225 1299 1264 καὶ
1322 1225 1479 1277 καθάπερ
1497 1240 1547 1268 τις
1575 1226 1624 1268 εἰς
1645 1223 1798 1275 πόλεμόν
1814 1240 1892 1262 τινα
1913 1224 2049 1275 μέλλων
2072 1225 2272 1277 ἐξαγαγεῖν,

1240 1286 1331 1325 οὕτω
1343 1289 1481 1339 πρῶτον
1507 1285 1568 1337 μὲν
1589 1289 1631 1336 τῇ
1650 1285 1739 1337 ζώνῃ
1757 1284 1978 1338 ἠσφαλίσατο
1991 1316 2000 1334 ,
2023 1285 2114 1324 ὥστε
2134 1285 2274 1325 εὔκολον

1241 1342 1330 1387 εἶναι
1355 1352 1440 1399 ἡμῖν
1459 1348 1516 1386 τὸν
1537 1347 1677 1401 δρόμον,
1700 1346 1822 1386 ἔπειτα
1841 1347 1899 1385 τὸν
1928 1347 2071 1399 θώρακα
2101 1348 2272 1395 ἐνέδυσεν,

1241 1409 1297 1448 ἵνα
1317 1408 1365 1460 μὴ
1381 1409 1448 1447 ὑπὸ
1464 1411 1532 1447 τῶν
1552 1409 1663 1460 βελῶν
1688 1407 1948 1458 πληττώμεθα,
1973 1408 2033 1446 καὶ
2060 1407 2140 1452 τοὺς
2167 1408 2275 1453 πόδας

1241 1470 1484 1523 ἠσφαλίσατο,
1508 1470 1568 1508 καὶ
1592 1468 1812 1521 πανταχόθεν
1828 1472 1870 1521 τῇ
1894 1469 2009 1508 πίστει
2029 1469 2275 1522 περιέφραξεν,

1242 1531 1339 1579 Αὕτη
1362 1531 1450 1583 γὰρ,
1470 1530 1555 1578 αὕτη
1569 1562 1578 1579 ,
1597 1530 1700 1583 φησὶ,
1724 1530 1784 1568 καὶ
1808 1529 1853 1568 τὰ
1874 1530 1958 1582 βέλη
1978 1534 2039 1569 τοῦ
2063 1535 2215 1584 πονηροῦ
2231 1531 2275 1570 τὰ

1247 1592 1486 1645 πεπυρωμένα
1507 1592 1630 1631 σὲέσαι
1647 1592 1842 1639 δυνήσεται.
1858 1590 1950 1630 Τίνα
1970 1591 2007 1629 δέ
2026 1593 2101 1630 ἐστι
2119 1596 2178 1629 τοῦ
2198 1593 2273 1630 δια-

1248 1654 1352 1693 δόλου
1373 1654 1416 1692 τὰ
1443 1653 1549 1705 βέλη,
1569 1656 1613 1692 Αἱ
1633 1653 1781 1706 πονηραὶ
1804 1652 1997 1704 ἐπιθυμίαι,
2027 1655 2057 1691 οἱ
2086 1652 2276 1705 ἀκάθαρτοι

1244 1715 1430 1767 λογισμοὶ,
1462 1715 1507 1753 τὰ
1540 1715 1634 1762 πάθη
1662 1714 1707 1752 τὰ
1733 1714 1894 1768 ὀλέθρια,
1918 1715 2023 1765 θυμὸς
2039 1746 2048 1764 ,
2081 1714 2275 1766 βασκανία,

1246 1776 1365 1829 φθόνος
1378 1805 1389 1823 ,
1419 1776 1525 1831 ὀργὴ,
1557 1783 1656 1828 μῖσος
1669 1806 1679 1824 ,
1711 1775 1904 1828 χρημάτων
1945 1776 2112 1827 ἐπιθυμία
2163 1777 2222 1814 καὶ
2252 1780 2273 1823 ἡ

1247 1838 1336 1886 ἄλλη
1358 1837 1477 1877 ἅπασα
1496 1837 1658 1892 ῥᾳθυμία.
1675 1840 1799 1876 Ταῦτα
1812 1868 1822 1885 ,
1848 1837 1971 1890 φησὶν,
1992 1837 2131 1876 ἅπαντα
2151 1837 2277 1875 σὸέσαι

1249 1900 1433 1946 δυνήσεται
1451 1902 1472 1945 ἡ
1499 1899 1657 1951 μάχαιρα
1674 1899 1741 1938 ’τοῦ
1767 1899 1984 1949 Πνεύματος.
2019 1899 2089 1938 Καὶ
2118 1899 2152 1936 τί
2185 1898 2277 1950 λέγω

1248 1960 1390 2008 ogiam
1409 1960 1480 1999 Καὶ
1499 1959 1561 2007 τὴν
1580 1960 1736 2012 κεφαλὴν
1755 1960 1862 2007 αὐτὴν
1882 1964 1942 1997 τοῦ
1963 1960 2132 2011 πολεμίου
2154 1962 2279 1999 ἀποτε-

1251 2027 1326 2073 μεῖν
1351 2021 1548 2068 δυνήσεται.
1570 2014 1672 2066 Εἶδες
1691 2023 1765 2064 πῶς
1785 2020 1954 2073 ἐνεῦρωσε
1981 2019 2059 2064 τοὺς
2087 2024 2279 2071 μαθητευθ-

1251 2081 1392 2133 μένους,
1411 2085 1484 2125 πῶς
1500 2086 1607 2134 κηροῦ
1626 2081 1896 2133 μαλακωτέρους
1913 2081 2014 2124 ὄντας
2027 2081 2168 2133 σιδήρου
2183 2085 2281 2134 στεῤ·

1252 2143 1408 2196 ῥοτέρους
1432 2143 1635 2197 εἰργάσατο,
1651 2141 1799 2188 Ἐπειδὴ
1822 2142 1890 2195 γὰρ
1917 2145 2001 2193 ἡμῖν
2022 2145 2059 2180 οὐ
2088 2143 2173 2194 πρὸς
2193 2138 2282 2193 αἷμα

1252 2204 1311 2243 καὶ
1331 2204 1445 2256 σάρκα
1463 2207 1480 2241 ὁ
1499 2203 1669 2254 πόλεμος,
1690 2203 1780 2242 ἀλλὰ
1799 2203 1884 2255 πρὸς
1904 2203 1967 2247 τὰς
1997 2205 2205 2255 ἀσωμάτους
2225 2207 2282 2243 δυ-

1254 2265 1396 2316 νάμεις,
1421 2264 1477 2302 διὰ
1494 2268 1595 2302 τοῦτο
1614 2265 1690 2302 οὐδὲ
1714 2264 1758 2301 τὰ
1782 2263 1873 2302 ὅπλα
1892 2267 1976 2315 ἡμῖν
1994 2265 2146 2317 σαρκικὰ
2167 2265 2283 2318 περιέ-

1256 2332 1373 2373 θηκεν,
1394 2326 1485 2364 ἀλλὰ
1503 2325 1619 2364 πάντα
1643 2326 1864 2377 πνευματικὰ
1877 2357 1886 2374 ,
1910 2327 1970 2365 καὶ
1990 2327 2097 2371 οὕτως
2117 2327 2284 2366 ἀποστίλ-

1257 2388 1386 2435 Εοντα,
1421 2386 1512 2425 ὥστε
1545 2386 1633 2437 μηδὲ
1661 2386 1723 2433 τὴν
1751 2389 1790 2425 ἐκ
1819 2387 1947 2426 τούτων
1983 2387 2106 2439 αἴγλην
2135 2392 2284 2440 ἐνεγκεῖν

1259 2448 1426 2487 δύνασθαι
1443 2449 1502 2487 τὸν
1521 2448 1670 2501 πονηρὸν
1688 2450 1817 2487 ἐκεῖνον
1838 2449 1997 2499 δαίμονα.

1311 2513 1468 2549 Τοιαῦτα
1488 2509 1600 2547 τοίνυν
1631 2509 1722 2548 ὅπλα
1760 2509 1976 2561 ἐνδεδυμένοι
2004 2510 2053 2561 μὴ
2089 2511 2286 2563 φρίττωμεν

1257 2572 1319 2620 τὴν
1340 2571 1471 2619 πάλην,
1490 2570 1578 2621 μηδὲ
1592 2570 1655 2618 τὴν
1672 2571 1875 2622 συμπλοκὴν
1890 2571 2181 2624 φεύγιι)μεν,ἀλλὰ
2198 2574 2287 2623 μηδὲ

1261 2636 1479 2687 ῥᾳθυμῶμεν.
1499 2631 1636 2684 ςὨσπερ
1653 2632 1721 2684 γὰρ
1740 2632 1917 2684 νηφόντων
1936 2635 2038 2683 ἡμῶν
2055 2635 2116 2670 οὐκ
2143 2633 2184 2670 ἄν
2205 2649 2288 2672 ποτε

1260 2694 1476 2748 περιγένοιτο
1496 2696 1513 2731 ὁ
1529 2694 1678 2744 πονηρὸς
1703 2692 1837 2744 δαίμων
1860 2695 1987 2737 ἐκεῖνος
2005 2696 2069 2739 τῆς
2090 2696 2158 2731 τῶν
2172 2694 2288 2733 ὅπλων

1260 2763 1274 2780 ‘¹
1288 2758 1483 2807 δυνάμεως,
1503 2755 1562 2793 ἐὰν
1582 2755 1787 2806 βουλώμεθα
1820 2755 1933 2807 ἄκυρα
1956 2757 2061 2793 αὐτοῦ
2080 2759 2227 2803 ποιῆσαι
2245 2757 2289 2795 τὰ

1266 2817 1524 2871 μηχανήματα·
1546 2816 1651 2860 οὕτως
1667 2815 1725 2854 ἐὰν
1744 2819 1952 2869 ῥαθυμῶμεν
1968 2844 1977 2861 ,
1999 2815 2095 2855 οὐδὲν
2113 2819 2199 2868 ἡμῖν
2213 2818 2291 2870 ὄφε-

1264 2883 1320 2924 λος
1342 2880 1460 2925 ἔσται,
1488 2881 1547 2915 τοῦ
1570 2878 1738 2928 πολεμίου
1759 2881 1820 2924 τ’ῆς
1836 2876 2011 2929 ἡμετέρας
2028 2878 2200 2930 σωτηρίας
2219 2880 2293 2926 διη-

1264 2944 1370 2986 νεκῶς
1394 2938 1644 2992 ἐγρηγορότος,
1672 2938 1732 2976 καὶ
1754 2938 1869 2976 πάντα
1896 2938 1988 2977 κατὰ
2015 2941 2078 2985 τῆς
2120 2940 2294 2994 σι·)τηριάς

1265 3006 1366 3054 ἡμῶν
1383 2999 1693 3053 διαπραττομένου.
1721 3000 1948 3051 Πανταχόθεν
1968 3000 2081 3038 τοίνυν
2098 3001 2292 3052 ὃπλίζωμεν

1268 3064 1425 3110 ἑαυτοὺς,
1451 3062 1510 3101 καὶ
1542 3060 1707 3113 ῥημάτων
1732 3061 1945 3113 φειδόμενοι,
1979 3062 2038 3100 καὶ
2075 3062 2294 3114 πραγμάτων

1271 3124 1482 3177 ἀπεχόμενοι
1501 3126 1569 3161 τῶν
1590 3122 1757 3173 βλάπτειν
1775 3126 1868 3172 ἡμᾶς
1889 3121 2102 3173 δυναμένων,
2121 3123 2180 3160 καὶ
2205 3123 2295 3173 μετὰ

249 3185 331 3223 dere
356 3192 520 3237 possunt5
551 3191 583 3220 ct
603 3196 684 3220 eum
712 3182 925 3221 abstinentia
944 3198 964 3222 a
988 3184 1100 3234 cibis,
1121 3195 1197 3225 tum
1221 3197 1242 3226 n
1270 3190 1333 3233 τῆς
1362 3187 1498 3237 ἀποχῆς
1518 3186 1585 3222 τῶν
1609 3183 1817 3236 βρωμάτων,
1840 3184 1899 3221 καὶ
1919 3186 1981 3229 τῆς
2012 3184 2119 3231 ἄλλης
2149 3186 2295 3237 ἀρετῆς,

295 3299 462 3332 1Ὀ)ἰ“1ῐῐ].
481 3304 531 3333 τὸν
549 3304 668 3343 θώρακα
686 3308 736 3337 τῆς
753 3302 941 3338 δικαιοσύνης.

1291 3298 1428 3340 gebatur
1451 3310 1455 3328 :
1476 3302 1643 3341 δυνάμεως,
1660 3302 1727 3332 ἀλλ’
1745 3305 1794 3333 ἐὰν
1816 3303 2014 3342 βουλώμεθα,
2034 3303 2080 3332 καὶ
2102 3305 2198 3343 ἄκυρα
2210 3302 2298 3332 αὑτοῦ

296 3363 307 3375 ·
327 3352 381 3383 sie
397 3351 537 3393 quinque
566 3351 640 3383 Mss.
659 3359 691 3381 et
716 3350 817 3382 Saril.
840 3353 877 3382 ln
892 3350 1003 3383 Movet.
1021 3358 1129 3383 autem
1147 3352 1190 3383 ita
1208 3349 1256 3383 lc<
1293 3358 1451 3393 ποιήσομεν
1470 3356 1516 3384 τά.
