2516 3791
96 966 121 983 1.
140 955 209 984 Cor.
232 954 276 985 15.

95 1005 142 1025 ιο,

88 1992 159 2017 Gen.
182 1986 227 2018 18.

85 2040 135 2068 27.

299 185 390 231 358
727 200 766 228 s.

296 292 367 321 tem
403 283 478 334 ejus
511 281 690 319 discamus
720 279 978 324 humilitatem,
1010 273 1110 312 addit
1142 288 1150 308 :
1185 274 1246 309 Eo

297 343 403 394 quod
417 349 668 394 persequutus
690 354 773 378 sum
793 338 1012 377 Ecclesiam
1040 334 1127 370 Dei.
1148 330 1248 377 Quid

298 403 387 455 agis,
407 417 426 440 o
443 401 578 440 Paule?
592 399 768 438 Dominus
783 412 846 450 per
857 392 1138 434 mjsericordjam
1146 405 1248 429 suam

297 464 431 502 delevit
451 473 483 501 ct
499 461 635 499 dimisit
651 460 767 498 omnia
782 466 924 511 peecata
938 465 1014 504 tua,
1027 462 1060 492 et
1073 462 1112 491 tu
1129 467 1166 490 ea
1187 451 1248 490 ad-

297 524 370 563 hue
389 523 540 562 subinde
563 535 697 570 versas,
718 529 752 557 et
783 516 985 556 memoras?
1005 514 1127 552 Etiam
1146 529 1154 549 :
1175 512 1247 550 scio

297 585 403 631 enim,
421 583 549 633 inquit,
565 591 598 619 et
616 595 685 618 non
702 580 825 631 ignoro
838 578 1035 616 Dominum
1050 588 1169 612 meum
1184 573 1247 611 illa

297 643 474 681 dimisisse
497 657 504 678 :
527 640 588 679 sed
604 640 693 678 dum
711 653 852 677 mecum
867 637 1052 676 considero
1066 649 1144 686 quae
1156 635 1247 672 fece-

296 703 377 750 rim,
394 711 427 740 et
445 701 550 740 video
564 700 697 739 divinae
707 697 957 737 misericordiae
976 696 1144 749 pelagus:
1161 703 1246 732 tunc

294 763 404 814 probe
430 762 529 800 disco
555 776 612 800 me
631 761 744 813 gratia
765 769 798 798 et
816 757 1060 798 misericordia
1087 756 1154 795 Dei
1172 770 1247 794 esse

292 822 330 860 id
345 823 439 874 quod
458 837 550 862 sum.
572 823 665 861 Nam
686 836 766 859 cum
790 821 954 868 dixisset,
975 821 1066 857 Non
1086 832 1170 856 sum
1187 819 1246 854 di·
1266 828 1291 857 D

291 898 389 935 gnus
408 886 544 921 vocari
554 883 764 935 apostolus,
776 882 932 933 eoquod
947 879 1247 918 EcelesiamDei

293 957 377 981 sum
387 952 654 995 persequutus,
673 941 855 980 subdidit:
873 942 1015 978 Gratia
1029 947 1157 977 autem
1169 939 1248 976 Dei

292 1018 376 1041 sum
395 1005 437 1040 id
454 1004 558 1055 quod
572 1002 751 1052 sumEgo
770 999 1180 1052 quidem,inquit‚tanta
1197 999 1246 1036 fe-

291 1065 395 1101 rebar
414 1064 572 1111 insania5
596 1061 787 1100 ineffabilis
807 1071 923 1099 autem
944 1060 1019 1112 ejus
1046 1059 1187 1097 bonitas
1212 1067 1246 1096 et

292 1125 407 1176 gratia
425 1124 667 1162 remissionem
684 1122 797 1160 dedit.
817 1121 971 1162 Vidistis
985 1121 1140 1158 animam
1155 1134 1245 1158 con-

290 1187 425 1236 tritam,
450 1196 482 1224 01
501 1185 708 1223 memoriam
726 1193 967 1237 peccatorum,
983 1195 1061 1233 quae
1081 1190 1162 1219 ante
1178 1181 1246 1219 ba-

291 1248 462 1300 ptismum
475 1246 712 1295 commiserat,
729 1253 899 1297 perpetuo
913 1243 1216 1281 circumferentem
1228 1243 1246 1280 9

291 1309 397 1346 Illum
417 1317 450 1345 et
476 1322 542 1345 nos
569 1306 760 1354 imitemur,
785 1314 955 1343 eteorum
979 1318 1059 1355 quae
1085 1312 1165 1355 post
1181 1303 1248 1341 ba-

289 1369 462 1421 ptismum
471 1367 682 1405 admisimus
693 1365 852 1418 quotidie
860 1379 1043 1413 memores,
1063 1365 1247 1402 continuo-

289 1444 356 1480 que
376 1429 461 1467 eain
481 1437 597 1466 mente
621 1437 811 1476 versantes,
832 1440 1027 1476 numquam
1055 1424 1245 1477 permitta-

289 1504 369 1527 mus
389 1499 427 1526 ut
440 1491 601 1541 ipsorum
621 1488 887 1525 obliviscamur.
908 1486 984 1523 Hoc
997 1486 1092 1523 enim
1104 1486 1243 1522 frenum
1267 1491 1291 1521 E

291 1549 445 1587 sufficiet
470 1550 517 1587 ad
533 1547 800 1586 humiliandum
823 1561 900 1595 nos,
917 1554 948 1583 et
969 1546 1015 1584 ad
1034 1545 1244 1584 modestiam

288 1610 576 1661 ingenerandam.
603 1608 649 1645 Et
668 1608 756 1659 quid
774 1607 855 1645 dico
873 1606 1024 1643 Paulum
1048 1615 1184 1644 tantum
1211 1615 1245 1644 et

287 1671 394 1707 talem
408 1670 528 1707 virum
545 1670 562 1706 Ξ)
577 1668 643 1707 Vis
665 1668 787 1706 videre
801 1667 906 1704 etiam
926 1681 984 1704 eos
1003 1666 1065 1717 qui
1082 1666 1118 1704 in
1132 1666 1244 1705 veteri

288 1730 362 1781 lege
387 1730 471 1767 hinc
495 1728 652 1766 maxime
676 1728 899 1776 claruerunt,
920 1726 1014 1777 quod
1035 1735 1115 1778 post
1138 1727 1242 1764 innu-

286 1805 379 1828 mera
400 1791 491 1828 bona
506 1804 623 1842 opera,
641 1789 901 1827 etineffabilem
911 1787 1004 1840 apud
1019 1788 1136 1825 Deum
1151 1788 1246 1825 fidu-

286 1851 377 1888 ciam
398 1850 547 1888 modesti
583 1849 746 1887 fuerint?
785 1847 880 1886 Audi
907 1848 992 1899 quid
1014 1847 1109 1886 dicat
1131 1849 1245 1900 patri-

285 1913 404 1959 archa,
415 1921 600 1964 postquam
616 1909 904 1948 consuetudinem
922 1924 1004 1947 cum
1015 1911 1090 1948 Deo
1101 1910 1243 1960 habuit,

287 1983 318 2012 et
338 1975 428 2011 facta
450 1982 500 2011 est
527 1972 558 2010 ei
591 1971 780 2024 promissio
804 1987 812 2007 :
835 1972 918 2023 Ego
939 1979 1082 2019 autem,
1114 1970 1244 2022 inquit,

288 2045 391 2074 terra
407 2049 492 2073 sum
513 2043 550 2072 et
569 2036 682 2071 einis.

1286 2125 1301 2149 s

339 2160 376 2197 5.
393 2159 571 2196 Caeterum
591 2156 673 2207 quia
690 2156 723 2193 in
738 2154 953 2208 patriarchae
966 2155 1180 2193 mentionem
1192 2155 1242 2193 in·
1253 2126 1290 2191 522.

288 2219 451 2267 cidimus,
468 2218 497 2255 si
514 2218 644 2269 placet,
659 2230 698 2253 ea
715 2230 792 2266 quae
810 2215 919 2253 hodje
938 2216 1028 2253 lecta
1049 2225 1241 2267 sunt,pro—

287 2293 460 2332 ponamus
480 2277 618 2316 caritati
638 2285 775 2323 vestrae,
794 2290 864 2326 quo
881 2275 951 2313 illis
979 2275 1165 2327 explicatis
1183 2275 1242 2314 vi-

287 2341 435 2378 deamus
448 2336 775 2388 excellentemjusti
789 2336 970 2375 virtutem.
989 2337 1051 2373 51.
1067 2337 1121 2373 Et
1135 2350 1245 2373 acce-

285 2403 355 2452 pit,
384 2400 515 2450 inquit,
545 2399 576 2435 Τ
576 2399 696 2434 karra
719 2396 874 2433 Abram
894 2404 931 2433 et
952 2397 1124 2433 ΝαεΙιονΥ
1139 2396 1244 2446 filios

288 2474 389 2506 suos,
411 2468 447 2497 et
463 2461 534 2496 Lot
547 2457 771 2509 filiumfilii
786 2459 846 2494 sui
865 2472 876 2491 .-
895 2465 929 2494 et
951 2457 1088 2494 Saram
1107 2471 1245 2494 nurum

288 2536 413 2567 suam,
429 2533 585 2558 uxorem
599 2527 728 2555 autem
746 2517 788 2554 A
792 2519 867 2554 brae
870 2517 958 2569 felii
975 2519 1049 2563 sul,
1065 2528 1101 2554 et
1113 2518 1245 2556 eduxit

289 2597 350 2620 eos
367 2596 413 2619 ex
434 2590 537 2618 terra
552 2579 841 2624 Chaldaeorum,
858 2587 898 2615 ut
911 2578 1247 2629 proficiscerentur

289 2647 330 2680 in
350 2652 493 2680 terram
515 2642 545 2678 C
548 2642 843 2684 Izananoeorum,
867 2648 903 2676 et
920 2641 1030 2676 venit
1050 2647 1170 2691 usque
1194 2641 1248 2676 ad

291 2705 485 2749 Charran,
509 2709 544 2738 et
573 2702 767 2737 habitavit
796 2699 892 2736 illic.
916 2700 980 2737 52.
1015 2700 1245 2751 Etsuerunt

291 2779 347 2802 om
355 2778 420 2801 nes
440 2764 519 2799 (lies
539 2763 571 2798 T
571 2762 698 2798 harroe
713 2763 754 2797 in
773 2761 969 2808 Charran,
981 2762 1079 2797 anni
1090 2760 1246 2798 ducena

289 2827 472 2877 quinque,
490 2831 524 2859 el
542 2829 713 2858 mortuus
726 2829 781 2858 est
801 2823 843 2857 in
859 2821 1053 2858 Clzarran.
1072 2821 1243 2859 Animum

290 2885 491 2935 diligenter,
511 2883 670 2930 obsecro,
693 2881 735 2918 iis
755 2895 832 2932 quae
859 2881 947 2919 lecta
967 2891 1048 2919 sunt
1072 2881 1242 2920 adlnibea-
1264 2900 1286 2930 B

291 2959 385 2992 mus,
406 2953 445 2981 ut
464 2952 613 2980 mentem
633 2956 767 2989 eorum,
795 2956 874 2992 quae
891 2941 926 2979 in
949 2942 1092 2994 scriptis
1118 2942 1241 2992 latent,

290 3002 608 3057 deprehendamus.
632 3002 723 3039 Ecce
734 3002 827 3039 enim
839 3016 923 3039 mox
939 3002 974 3039 in
995 3002 1172 3055 principio
1186 3003 1241 3042 vi-

289 3068 393 3103 ‹letur
407 3079 480 3102 esse
497 3063 657 3114 quzcstio.
678 3062 769 3100 Nam
783 3076 863 3100 cum
877 3063 937 3100 ille
954 3063 1077 3101 beatus
1089 3064 1242 3116 proplie-

290 3138 336 3174 tu,
372 3128 484 3164 Moses
516 3124 659 3174 inquam
676 3153 688 3174 ,
712 3123 869 3161 dixerit:
890 3124 1054 3176 Accepit
1091 3127 1242 3163 Tharra

290 3190 442 3226 Abram
455 3194 488 3223 et
501 3186 671 3233 Naclmr,
683 3193 717 3221 et
728 3185 859 3222 eduxit
874 3199 921 3222 ex
930 3193 1031 3223 terra
1041 3187 1071 3224 C
1073 3187 1241 3225 1ιαῖιίωο-

291 3256 435 3295 summ!
445 3246 979 3298 proficiscerenturinterram
997 3247 1236 3285 Clmnanoen-

291 3325 370 3348 rum
389 3326 398 3345 .·
414 3317 447 3346 et
462 3310 567 3345 venie
586 3320 704 3357 usque
718 3307 771 3343 ad
784 3307 977 3352 (Ἴωνι-(ιιι,
998 3316 1032 3345 el
1048 3309 1238 3346 habitavit

290 3373 393 3411 illic:
415 3370 536 3407 beatus
551 3366 749 3418 Stephanus
764 3366 905 3406 „ludaeos
923 3367 1082 3417 laudans,
1099 3369 1234 3420 inquit:

802 195 986 229 JOANMS
1021 191 1260 224 cflssx‘sosr.
1299 191 1507 221 ARCHIEP.
1545 189 1901 220 CONSTANTINOP-

1318 271 1408 309 ἀλλὰ
1430 274 1496 324 βοᾷ
1517 271 1577 310 καὶ
1590 271 1697 322 λέγει,
1715 272 1769 311 ὅτι
1786 271 1996 323 Ἔλάχιστός
2010 272 2083 322 εἶμι
2098 273 2167 309 τῶν
2187 270 2338 310 ἀποστό-

1316 333 1400 380 λων,
1426 332 1486 370 καὶ
1513 334 1576 370 οὐκ
1595 332 1667 383 εἰμὶ
1689 332 1805 375 ἱκανὸς
1821 333 2002 370 καλεῖσθαι
2021 332 2223 375 ἀπόστολος.
2247 326 2338 369 Εἶτα

1316 391 1372 428 ἵνα
1400 391 1461 440 τὴν
1491 391 1687 444 ὕπερὸολῆν
1712 393 1815 430 αὐτοῦ
1834 393 2075 434 παιδευθῶμεν
2091 393 2153 436 τῆς
2171 406 2338 428 ταπεινο-

1317 451 1508 504 φροσύνης,
1527 453 1722 505 προσέθηκε
1739 483 1748 497 ,
1770 452 1870 491 Διότι
1894 452 2018 496 ἐδίωξα
2035 453 2100 499 τὴν
2123 452 2339 499 Ἐκκλησίαν

1316 517 1376 550 τοῦ
1393 514 1498 552 Θεοῦ.
1524 512 1573 551 Τί
1588 519 1710 561 ποιεῖς,
1726 505 1754 550 ὦ
1775 514 1896 550 Παῦλε
1911 528 1923 559 3
1942 512 1987 551 ‘O
2004 512 2186 560 Δεσπότης
2202 512 2260 551 διὰ
2275 513 2338 560 τὴν

1316 573 1446 612 οἰκείαν
1466 573 1667 626 φιλοτιμίαν
1684 571 1920 625 συνεχώρησε,
1937 572 1996 610 καὶ
2013 573 2202 624 ἀπήλειψεν
2223 573 2339 610 ἅπαν-

1317 650 1360 672 τα
1380 634 1424 672 τὰ
1439 633 1674 686 ἡμαρτημένα
1696 649 1762 681 σοι,
1782 633 1842 671 καὶ
1860 632 1901 671 σὺ
1922 635 2033 671 ταῦτα
2053 632 2235 685 στρέφεις,
2255 632 2341 679 Ναὶ,

1316 688 1410 741 οἶδα,
1444 696 1550 749 φησὶ,
1583 695 1644 733 καὶ
1666 696 1730 732 οὐκ
1760 696 1873 746 ἀγνοῶ
1893 699 1952 732 τοῦ
1976 693 2157 731 Δεσπότου
2178 697 2238 731 τοῦ
2253 695 2340 744 ἐμοῦ

1315 757 1377 804 τὴν
1406 757 1526 796 λύσιν·
1553 755 1632 794 ἀλλ’
1658 754 1739 793 ὅταν
1770 754 1921 801 ε’ννοήσω
1942 753 1986 792 τὰ
2010 754 2086 804 ἐμοὶ
2112 753 2338 805 εἰργασμένα,

1316 818 1375 856 καὶ
1395 818 1458 856 ἴδω
1482 818 1522 856 τὸ
1539 817 1689 868 πέλαγος
1705 819 1767 862 τῆς
1785 819 1846 854 τοῦ
1857 817 1950 854 Θεοῦ
1961 815 2240 867 φιλανθρωπίας,
2261 815 2342 853 τότε

1318 879 1482 929 μανθάνω
1504 880 1636 925 καλῶς,
1665 877 1717 915 ὅτι
1750 877 1870 930 χάριτι
1891 879 1992 914 αὐτοῦ
2016 876 2075 914 καὶ
2098 875 2342 929 φιλανθρωπίᾳ

1316 939 1388 990 εἰμὶ
1406 939 1427 978 δ’
1441 942 1526 989 εἶμι,
1556 937 1678 976 Εἰπὼν
1695 937 1764 989 γὰρ
1779 937 1832 975 ὅτι
1847 939 1924 976 Οὔκ
1939 937 2009 987 εἰμὶ
2028 937 2143 980 ἱκανὸς
2159 939 2341 976 καλεῖσθαι

1316 998 1531 1045 ἀπόστολος,
1559 998 1648 1036 διότι
1675 998 1799 1042 ἐδίωξα
1827 998 1890 1044 τὴν
1911 997 2130 1044 Ἐκκλησίαν
2154 1002 2213 1036 τοῦ
2232 1000 2340 1046 Θεοῦ,

1317 1059 1472 1110 ἐπήγαγε
1486 1075 1493 1082 ·
1507 1058 1638 1111 Χάριτι
1653 1058 1689 1096 δὲ
1705 1060 1797 1097 Θεοῦ
1815 1059 1887 1108 εἰμι
1898 1060 1917 1096 ὅ
1934 1060 2018 1108 εἶμι.
2035 1058 2132 1110 Ἐγὼ
2151 1058 2226 1108 μὲν,
2242 1058 2342 1110 φησὶ,

1316 1119 1486 1167 τοσαύτην
1501 1119 1732 1170 ἐπεδειξάμην
1751 1118 1812 1166 τὴν
1830 1118 1957 1168 μανίαν
1974 1135 1981 1142 ·
1997 1123 2019 1165 ἦ
2039 1118 2074 1156 δὲ
2091 1119 2221 1171 ἄφατος
2237 1121 2343 1157 αὐτοῦ

1317 1181 1491 1231 ἀγαθότης
1524 1179 1582 1218 καὶ
1611 1184 1634 1226 ἧ
1660 1179 1763 1232 χάρις
1795 1178 1858 1226 τὴν
1887 1179 2111 1231 συγχώρησιν
2139 1179 2341 1231 ἐχαρίσατο.

1317 1235 1419 1284 Εἶδες
1446 1241 1561 1293 ψυχὴν
1592 1240 1889 1292 συντετριμμένην
1906 1270 1916 1287 ,
1945 1240 2004 1278 καὶ
2026 1244 2093 1278 τῶν
2110 1241 2178 1292 πρὸ
2196 1244 2256 1278 τοῦ
2273 1243 2340 1291 βα-

1318 1302 1514 1353 πτίσματος
1536 1302 1798 1353 ἡμαρτημένων
1820 1302 1986 1348 διηνεκῶς
2006 1300 2068 1348 τὴν
2085 1301 2226 1352 μνήμην
2241 1316 2343 1353 περι-

1318 1363 1505 1415 φέρουσαν,
1525 1365 1656 1402 Τοῦτον
1679 1362 1720 1410 δὴ
1743 1362 1802 1401 καὶ
1824 1365 1925 1413 ἡμεῖς
1951 1362 2202 1413 μιμησώμεθα,
2221 1362 2341 1400 καὶτὰ

1319 1423 1408 1473 μετὰ
1441 1424 1480 1462 τὸ
1512 1425 1698 1475 βάπτισμα
1730 1427 1815 1474 ἡμῖν
1843 1423 2097 1475 ἡμαρτημένα,
2131 1426 2241 1460 ταῦτα
2261 1422 2342 1460 καθ’

1318 1483 1468 1531 ἑκάστην
1492 1483 1628 1537 ἡμέραν
1658 1483 1937 1536 μιμνησκόμενοι
1950 1513 1960 1531 ,
1980 1483 2039 1522 καὶ
2061 1485 2226 1530 διηνεκῶς
2242 1485 2275 1521 ἐν
2295 1485 2340 1533 τῇ

1823 1545 1998 1596 μηδέποτε
2022 1549 2259 1597 συγχωρῶμεν
2292 1546 2339 1587 εἷς

1316 1605 1425 1652 λήθην
1445 1609 1538 1656 ἡμᾶς
1563 1609 1675 1644 αὐτῶν
1695 1609 1872 1656 ἐμπεσεῖν.
1903 1605 2035 1649 Ἱκανὸς
2052 1607 2118 1656 γὰρ
2137 1610 2222 1655 ἡμῖν
2238 1607 2340 1657 χαλι-

1317 1544 1453 1598 Etoevoiqt
1479 1545 1767 1599 περιστρέφθνῒὲς
1777 1576 1787 1593 ,

1315 1666 1370 1709 νὸς
1390 1671 1491 1704 τοῦτο
1504 1667 1689 1718 γενήσεται
1708 1668 1792 1720 πρὸς
1812 1667 1851 1706 τὸ
1871 1668 2101 1705 συνεστάλθαι
2121 1667 2180 1705 καὶ
2201 1666 2342 1718 μετριά-

1317 1728 1397 1770 ζειν.
1425 1727 1494 1765 Καὶ
1525 1727 1559 1765 τί
1586 1727 1678 1778 λέγω
1697 1729 1866 1775 Παῦλον,
1893 1727 1950 1765 τὸν
1975 1733 2134 1766 τοσοῦτον
2160 1728 2219 1764 καὶ
2239 1729 2340 1774 τηλι-

1316 1792 1437 1826 κοῦτον
1453 1804 1463 1837 ;
1481 1788 1606 1832 Θέλεις
1627 1789 1710 1826 ἰδεῖν
1733 1788 1793 1825 καὶ
1811 1788 1890 1831 τοὺς
1906 1790 1938 1826 ἐν
1959 1792 2001 1839 τῇ
2019 1790 2164 1840 Halata*
2184 1790 2339 1826 ἐντεῦθεν

1317 1849 1473 1900 μάλιστα
1503 1849 1800 1900 εὐδοκιμήσαντας
1815 1880 1825 1897 ,
1858 1850 2004 1888 ἀπὸτοῦ
2033 1850 2230 1903 μετριάζειν
2250 1849 2341 1900 μετὰ

1317 1910 1425 1963 μυρία
1456 1910 1737 1963 κατορθώματα,
1768 1910 1828 1947 καὶ
1861 1910 1923 1957 τὴν
1956 1911 2086 1963 ἄφατον
2114 1911 2340 1963 παῤῥησίαν;

1316 1973 1438 2011 Ἄκουε
1465 1976 1524 2010 τοῦ
1546 1971 1766 2024 πατριάρχου
1799 1971 1979 2019 λέγοντος,
2011 1971 2099 2022 μετὰ
2118 1970 2180 2018 τὴν
2200 1970 2338 2021 ὁμιλίαν

1316 2034 1377 2082 τὴν
1409 2034 1494 2086 πρὸς
1522 2033 1579 2072 τὸν
1610 2034 1720 2081 Θεὸν,
1751 2034 1839 2084 μετὰ
1865 2033 1928 2081 τὴν
1959 2032 2169 2085 ἐπαγγελίαν
2198 2031 2260 2079 τὴν
2292 2034 2340 2075 εἷς

1318 2095 1418 2132 αὐτὸν
1439 2094 1692 2146 γεγενημένην·
1715 2094 1810 2147 Ἐγὼ
1831 2095 1867 2133 δέ
1883 2097 1954 2146 εἶμι
1974 2097 2019 2146 γῆ
2038 2094 2097 2132 καὶ
2115 2094 2253 2137 σποδός.

1370 2154 1462 2193 Ἀλλ’
1486 2155 1607 2202 ἐπειδὴ
1629 2160 1689 2194 τοῦ
1713 2156 1934 2208 πατριάρχου
1959 2155 2160 2206 ἐμνήσθην,
2189 2158 2218 2193 εἰ
2233 2156 2338 2203 δοκεῖ,

1314 2215 1358 2253 τὰ
1386 2215 1537 2267 σήμερον
1562 2215 1827 2266 ἀναγνωσθέντα
1847 2219 2032 2267 προθῶμεν
2061 2216 2118 2253 ἐπὶ
2136 2218 2197 2261 τῆς
2213 2215 2338 2265 ὑμετέ-

1318 2291 1377 2327 ρας
1416 2276 1572 2327 ἀγάπης,
1615 2274 1671 2313 ῗνα
1701 2281 1810 2314 ταῦτα
1841 2275 2095 2320 ἀναπτύξαντες
2126 2276 2254 2326 ἴδωμεν
2277 2279 2339 2322 τῆς

1316 2338 1442 2389 ἀρετ-’ῆς
1460 2339 1519 2373 τοῦ
1541 2335 1674 2374 δικαίου
1695 2335 1756 2383 τὴν
1775 2336 1983 2387 ὗπερέολήν.
2017 2336 2085 2375 Καὶ
2104 2336 2221 2384 ἔλαὸε,
2241 2337 2338 2388 φησὶ,

1315 2397 1442 2448 Θείρρα
1468 2397 1525 2435 τὸν
1550 2395 1688 2448 ”Α6ραμ
1707 2397 1767 2434 καὶ
1785 2397 1843 2435 τὸν
1862 2396 1995 2449 Νοτιὼρ
2013 2396 2092 2440 τοὺς
2110 2397 2200 2441 υἱοὺς
2220 2400 2337 2444 αὐτοῦ,

1316 2457 1375 2496 καὶ
1395 2458 1451 2495 τὸν
1473 2457 1556 2495 Λὼτ
1575 2458 1633 2496 τὸν
1654 2458 1725 2496 υἱὸν
1739 2463 1798 2496 τοῦ
1814 2461 1888 2496 υἱοῦ
1912 2460 2030 2503 αὐτοῦ,
2047 2459 2107 2496 καὶ
2129 2458 2191 2505 τὴν
2217 2459 2338 2512 Σάραν

1316 2518 1380 2565 τὴν
1419 2519 1557 2572 νύμφην
1587 2521 1713 2568 αὐτοῦ,
1752 2525 1901 2571 γυναῖκα
1933 2520 1969 2557 δὲ
1999 2519 2138 2570 Ἀὅραμ
2170 2523 2229 2558 τοῦ
2262 2523 2338 2558 υἱοῦ

1318 2583 1438 2618 αὐτοῦ·
1468 2581 1526 2618 καὶ
1551 2580 1716 2631 ἐξήγαγεν
1738 2580 1860 2624 αὐτοὺς
1878 2583 1916 2618 ἐκ
1936 2583 1998 2626 τῆς
2013 2580 2131 2632 χώρας
2152 2583 2220 2618 τῶν
2238 2581 2338 2618 Χαλ-

1318 2642 1435 2689 δαίων,
1455 2644 1666 2693 πορευθῆναι
1694 2644 1741 2684 εἷς
1763 2640 1825 2688 τὴν
1850 2645 1914 2692 γῆν
1940 2645 2008 2679 τῶν
2028 2641 2258 2688 Χαναναίων,
2278 2641 2338 2678 καὶ

1317 2697 1419 2749 ἦλθεν
1449 2702 1513 2746 ἕως
1539 2702 1682 2754 Χαρρὰν
1703 2702 1761 2740 καὶ
1778 2702 1982 2755 κατῴκησεν
2000 2704 2087 2740 ἐκεῖ·
2108 2702 2166 2739 καὶ
2182 2702 2337 2754 ἐγένοντο

1316 2770 1425 2802 πᾶσαι
1467 2766 1502 2801 αἱ
1531 2764 1660 2816 ἡμέραι
1687 2763 1815 2816 Θοίρῤα
1840 2765 1874 2800 ἐν
1910 2762 2053 2814 Χαρρὰν
2089 2761 2149 2809 ἔτη
2177 2763 2338 2802 διακόσια

1315 2825 1435 2870 πέντε,
1475 2824 1534 2862 καὶ
1563 2824 1731 2862 ἀπέθανεν
1766 2826 1800 2862 ἐν
1829 2823 1986 2875 Χαρράν.
2026 2823 2125 2861 Μετὰ
2159 2823 2337 2876 ἀκριὸείας

1314 2885 1561 2938 προσέχωμεν,
1600 2886 1815 2938 παρακαλῶ,
1848 2890 1919 2928 τοῖς
1954 2887 2248 2936 ἀναγνωσθεῖσιν,
2281 2885 2337 2923 ἵνα

1313 2949 1511 2997 δυνηθῶμεν
1536 2948 1748 2985 καταλαὲεῖν
1772 2947 1829 2985 τὸν
1847 2951 1924 2984 νοῦν
1944 2949 2012 2984 τῶν
2031 2946 2335 2999 ἐγγεγραμμένων.

1314 3007 1403 3046 Ἰδοὺ
1428 3008 1494 3061 γὰρ
1524 3009 1558 3045 ἐν
1589 3006 1784 3060 προοιμίοις
1813 3008 1905 3044 δοκεῖ
1931 3007 2070 3057 ζήτημα
2094 3002 2182 3045 εἶναι
2205 3009 2239 3045 ἐν
2266 3014 2336 3050 τοῖς

1315 3069 1520 3120 εἰρημένοις.
1540 3071 1612 3108 Τοῦ
1637 3068 1706 3120 γὰρ
1733 3067 1906 3119 μακαρίου
1929 3068 2048 3107 τούτου
2063 3068 2255 3119 προφήτου,
2277 3073 2336 3106 τοῦ

1317 3130 1492 3173 Μωϋσέως
1530 3129 1637 3182 λέγω,
1679 3129 1856 3177 εἰπόντος,
1887 3129 1940 3167 ὅτι
1967 3128 2103 3167 Ἔλαὸε
2125 3130 2252 3181 Θάῤῥα
2277 3130 2335 3168 τὸν

1314 3187 1453 3239 Ἄδραμ
1483 3188 1542 3226 καὶ
1565 3188 1621 3225 τὸν
1646 3186 1798 3240 λαχὼρ,
1826 3187 1885 3225 καὶ
1909 3186 2074 3238 ἐξήγαγεν
2095 3188 2134 3224 ἐκ
2152 3189 2216 3238 γῆς
2239 3189 2335 3226 Χαλ-

1315 3248 1432 3294 δαίων,
1461 3251 1668 3300 πορευθῆναι
1694 3251 1740 3291 εἷς
1763 3247 1825 3293 τὴν
1850 3251 1913 3299 γῆν
1934 3251 2002 3285 τῶν
2020 3248 2226 3286 Χαναναίων
2243 3278 2252 3295 ,
2275 3249 2332 3286 καὶ

1314 3305 1416 3355 ἦλθεν
1449 3310 1512 3353 ἕως
1535 3309 1693 3361 Χαρρὰν,
1716 3309 1774 3347 καὶ
1797 3308 1999 3360 κατιξικησεν
2017 3310 2107 3346 ἐκεῖ·
2126 3313 2143 3347 ὁ
2164 3310 2333 3360 μακάριος

1316 3370 1490 3422 Στέφανος
1510 3371 1735 3420 ἐγκωμιάζων
1752 3369 1827 3413 τοὺς
1843 3370 2027 3412 Ἰουδαίους
2044 3369 2163 3419 φησίν·
2186 3369 2228 3408 Ὁ
2242 3371 2330 3410 Θεὸς
