2516 3791
116 701 237 728 Jer.10.
256 706 302 726 11.

124 1722 218 1750 Ilebr.
233 1729 260 1757 7.
277 1717 308 1759 (4.

313 106 412 160 414

313 202 488 240 nedictus
507 199 662 238 Abram
683 200 769 237 Deo
795 199 999 242 altissimo,
1027 197 1094 246 qui
1118 193 1263 230 creavit

310 264 451 301 caelum
467 270 502 300 et
522 270 676 300 terram.
691 261 754 298 ΞΟ.
775 260 812 296 E
816 267 829 296 t
850 258 1068 294 benedictus
1082 255 1191 290 Deus
1207 251 1265 288 al-

312 326 497 369 tissimus,
518 325 585 374 qui
601 321 763 359 tradidit
776 320 951 355 inimicos
969 324 1052 352 tuos
1072 316 1114 350 in
1127 323 1266 349 manus

315 394 418 423 tuas.
442 385 520 421 Non
536 383 652 420 solum
671 381 789 431 ipsum
802 375 998 423 benedixit,
1018 373 1081 412 sed
1099 382 1133 411 et
1151 373 1268 410 Deum

317 444 546 497 glorificavit.
567 443 617 479 Ut
630 440 725 477 dixit
741 438 850 486 enim,
870 436 1103 474 Benedictus
1114 433 1269 471 Abram

315 508 401 544 Deo
422 505 624 547 altissimo,
649 502 716 552 qui
734 499 881 536 creavit
897 496 1034 534 caelum
1053 504 1090 533 et
1110 503 1268 542 terram,

314 582 334 604 a
348 564 516 604 creaturis
525 562 694 601 virtutem
701 560 768 597 Dei
783 558 883 596 nobis
894 556 1108 595 declaravit.
1125 555 1165 593 Si
1177 553 1272 592 enim

316 628 412 663 Deus
424 633 474 662 est
492 623 553 660 ille
572 621 632 672 qui
653 619 826 673 produxit
845 619 974 656 caelum
987 625 1020 654 et
1037 625 1184 664 terram,
1201 627 1271 652 non

317 695 398 725 sunt
417 686 492 737 jam
518 683 570 721 dii
591 681 654 733 qui
670 682 716 719 ab
741 679 950 718 hominibus
981 678 1148 716 coluntur
1172 691 1179 712 :
1204 676 1274 713 Dii

319 748 426 796 enim,
452 745 580 796 inquit,
607 746 674 796 qui
693 742 831 780 caelum
855 749 890 778 et
913 749 1056 778 terram
1077 738 1274 789 nonfece—

321 816 427 856 runt,
449 813 621 858 pereant.
642 804 892 851 Benedictu57
918 800 1045 850 inquit,
1066 800 1186 844 Deus,
1209 799 1276 848 qui
1297 803 1321 832 D

319 868 482 906 tradidit
503 867 681 902 inimicos
711 872 794 900 tuos
819 865 861 899 in
887 873 1025 898 manus
1051 868 1149 896 tuas.
1168 857 1275 905 Vide,

317 943 393 977 oro,
414 925 592 978 quomodo
612 939 682 963 non
706 924 823 962 solum
838 923 977 974 justum
1002 919 1189 972 praedicat,
1209 916 1271 955 sed

317 998 352 1027 et
370 989 437 1027 Dei
458 986 659 1026 subsidium
683 984 853 1036 agnoscit.
873 983 995 1032 Neque
1018 980 1112 1019 enim
1140 979 1274 1029 absque

319 1049 420 1087 illius
443 1048 555 1099 gratia
570 1046 741 1099 potuisset
755 1053 848 1082 tanta
863 1042 1019 1095 potentia
1036 1041 1191 1078 munitos
1202 1039 1278 1077 vin-

321 1124 411 1149 cere.
431 1111 506 1160 Qui
526 1108 702 1155 tradidit,
723 1105 852 1156 inquit,
874 1105 1053 1141 inimicos
1070 1111 1154 1140 tuos
1176 1117 1183 1137 ε
1204 1101 1278 1153 ipse

329 1180 382 1209 est
411 1170 474 1222 qui
504 1178 619 1207 totum
632 1176 799 1219 operatus
823 1175 886 1215 est,
914 1165 988 1217 ipse
1015 1172 1066 1201 est
1088 1162 1151 1214 qui
1173 1162 1278 1200 fortes

323 1232 409 1270 feeit
424 1231 597 1278 infirmos,
619 1229 695 1281 ipse
722 1237 774 1266 est
793 1227 857 1278 qui
880 1240 944 1279 per
958 1225 1107 1263 inermes
1125 1233 1279 1262 armatos

323 1292 455 1344 dejecit
473 1307 480 1327 :
500 1291 547 1329 ab
561 1305 600 1329 eo
617 1299 667 1328 est
681 1289 872 1336 auxilium,
890 1286 986 1338 quod
998 1295 1134 1324 tantam
1146 1285 1197 1322 ibi
1210 1284 1280 1323 vir-

323 1362 436 1391 tutem
455 1351 635 1390 concessit.
655 1352 729 1401 Qui
753 1350 929 1395 tradidit,
949 1347 1081 1398 inquit,
1103 1348 1280 1383 inimicos

325 1423 410 1452 tuos
430 1416 472 1451 in
497 1425 635 1450 manus
658 1420 756 1449 tuas.
780 1409 894 1449 Vides
922 1406 1105 1460 quomodo
1129 1405 1282 1444 ostendit

324 1475 438 1527 ipsius
467 1472 713 1522 concordiam,
742 1479 776 1509 et
804 1484 1021 1523 propensum
1052 1481 1210 1506 amorem
1244 1466 1279 1503 in

325 1536 394 1573 Lot
418 1551 426 1571 :
453 1534 681 1583 declaratque
709 1546 791 1569 eum
824 1545 888 1583 pro
916 1529 1072 1568 inimicis
1101 1529 1187 1566 istos
1216 1527 1282 1564 ha-
1303 1541 1327 1571 E

323 1595 454 1642 buisse,
468 1602 613 1645 propter
624 1607 663 1630 ea
681 1606 760 1642 quae
774 1592 809 1629 in
826 1590 947 1628 fratris
964 1590 1083 1627 filium
1098 1588 1281 1626 fecerant?

327 1657 380 1693 Et
409 1655 516 1692 dedit
544 1656 592 1699 ei,
624 1653 756 1703 inquit,
790 1653 963 1689 decimas
1002 1652 1050 1688 de
1087 1651 1278 1687 omnibus.

324 1716 399 1753 Hoc
421 1724 454 1752 et
467 1714 602 1753 Paulus
614 1713 703 1751 dicit
715 1729 725 1749 .-
740 1713 993 1751 Considerate
1014 1719 1143 1749 autem
1159 1723 1283 1762 quan-

326 1786 386 1816 tus
406 1777 487 1823 ille,
513 1778 576 1813 cui
594 1775 764 1812 decimas
786 1774 941 1811 Abram
959 1773 1191 1824 patriarcha
1211 1772 1282 1808 de-

327 1839 385 1875 dit
399 1839 445 1875 de
462 1837 645 1888 primitiis
661 1851 677 1880 ,·
694 1834 861 1873 videlicet
875 1848 920 1871 ex
936 1832 1058 1885 spoliis
1073 1846 1152 1883 quae
1169 1831 1283 1870 addu-

327 1899 382 1937 xit
401 1906 642 1936 remuneratus
663 1905 715 1933 est
734 1894 1044 1943 Melchisedecem‚
1071 1902 1105 1930 et
1124 1892 1284 1930 decimas

327 1960 358 1997 ei
390 1958 590 2011 segregavit
609 1957 653 1995 de
677 1956 844 1994 omnibus
867 1969 944 2006 quae
965 1954 1084 1992 attulit
1104 1969 1112 1989 z
1134 1967 1198 2006 per
1216 1953 1285 1991 hoc

326 2021 453 2059 doctor
480 2021 595 2057 factus
622 2018 809 2068 omnihus,
831 2026 870 2054 ut
898 2026 1040 2069 gratum
1065 2015 1284 2053 declarantes

329 2082 502 2130 animum,
515 2080 692 2132 primitias
711 2093 834 2118 eorum
853 2093 931 2129 quae
953 2077 1022 2116 sibi
1037 2091 1057 2114 a
1069 2078 1146 2114 Deo
1162 2090 1285 2113 conee-

329 2143 478 2187 duutur‚
499 2141 660 2179 offerant.
677 2143 759 2178 Post
782 2140 858 2177 haee
877 2138 1116 2177 Sodomorum
1136 2151 1200 2173 rex
1218 2150 1284 2188 pa-
1295 2160 1342 2184 353

330 2202 494 2240 triarchae
514 2200 841 2252 magnanimitatem
861 2199 1111 2250 obstupescens
1126 2196 1213 2234 dicit
1229 2196 1258 2234 ei
1277 2212 1284 2232 ε
1309 2197 1334 2225 Α

333 2266 398 2302 91.
431 2265 498 2300 Da
521 2263 616 2299 mihi
642 2264 764 2307 viros,
794 2262 1011 2313 equitatum
1036 2266 1167 2295 autem
1194 2257 1287 2294 tolle

336 2326 418 2361 tibi.
440 2323 594 2360 Honesta
616 2322 709 2372 regis
729 2322 855 2373 gratia,
877 2320 937 2358 sed
958 2319 1042 2358 vide
1059 2318 1147 2370 justi
1167 2318 1286 2370 philo-

335 2385 511 2436 sophiam.
529 2387 592 2422 92.
617 2385 730 2421 Dixit
750 2391 881 2420 autem
899 2381 1053 2418 Abram
1069 2383 1149 2431 regi
1161 2380 1285 2417 Sodo-

335 2459 482 2482 morum
501 2461 510 2480 .·
532 2445 758 2482 Extendam
775 2456 934 2480 manum
952 2455 1076 2479 meam
1093 2442 1147 2478 ad
1160 2443 1287 2478 Deum

337 2506 583 2553 altissimum,
598 2507 665 2557 qui
675 2505 773 2557 feeit
789 2504 924 2541 coelum
942 2511 977 2540 et
998 2511 1156 2547 terram,
1178 2503 1241 2540 25.
1256 2505 1288 2539 si

336 2580 370 2618 a⁴
371 2566 551 2617 funiculo
569 2579 688 2617 usque
703 2565 757 2602 ad
769 2565 1039 2615 sphaeroterem
1049 2563 1288 2600 calceamen-

339 2629 368 2664 η’
396 2629 587 2677 accipiam
614 2627 662 2663 cle
689 2627 866 2662 omnibus
892 2626 966 2661 tuis
989 2639 999 2658 .·
1021 2632 1063 2661 ut
1091 2637 1138 2660 ne
1163 2623 1286 2669 dicas,

338 2689 428 2739 Ego
443 2689 567 2725 ditavi
587 2686 756 2724 Abram.
778 2687 910 2737 Magna
929 2684 1141 2736 patriarch-<e
1159 2684 1193 2721 in
1211 2698 1291 2721 con-

338 2747 537 2785 temnendis
556 2747 694 2786 divitiis
721 2746 849 2784 virtus.
879 2745 926 2782 Et
949 2746 1050 2797 cujus
1075 2744 1188 2796 gratia
1209 2758 1292 2782 cum

335 2809 537 2860 juramento
553 2817 689 2845 recusat
708 2817 740 2845 et
755 2807 843 2845 dicit
861 2822 868 2843 :
890 2807 1114 2844 Extendam
1134 2820 1292 2844 manum

342 2883 467 2906 meam
484 2870 536 2905 ad
556 2871 681 2906 Deum
702 2870 951 2915 altissimum,
975 2871 1042 2920 qui
1058 2870 1203 2905 creavit
1222 2881 1292 2905 cce-
1317 2876 1339 2904 Β

344 2931 426 2967 lum
443 2939 477 2968 et
499 2939 641 2967 terram
659 2934 675 2965 i>

395 2993 433 3027 (i.
455 2991 536 3027 Duo
551 2990 657 3028 simul
671 2990 794 3028 docere
811 2990 889 3029 vult
905 2989 1143 3029 Sodomorum
1161 3002 1292 3039 regem,

343 3066 379 3089 se
398 3051 543 3088 minime
562 3051 637 3102 capi
659 3050 760 3088 donis
781 3066 859 3101 quat
879 3051 925 3088 ab
943 3051 1020 3103 ipso
1040 3051 1293 3095 offerebantur,

343 3121 377 3149 et
397 3125 562 3161 magnam
582 3111 816 3162 philosophia}
838 3112 989 3149 sormam
1010 3110 1166 3149 indicare
1185 3110 1290 3153 velle,

344 3187 386 3210 ac
397 3172 724 3225 pietatisdoctorcm
735 3172 764 3209 ei
780 3172 854 3209 ficri
870 3171 1022 3223 studere,
1037 3186 1077 3210 ac
1090 3171 1118 3210 si
1134 3171 1293 3209 instituat

740 117 777 146 S.
816 115 999 146 JOANMS
1035 111 1274 144 CHRYSOST.

392 3292 403 3303 -·
430 3278 530 3311 saxil.
551 3286 581 3309 et
599 3276 712 3309 Mori-l,
733 3282 880 3323 ἀνέφηνεν.
901 3278 963 3309 Sex
983 3278 1057 3311 Mss.
1080 3283 1218 3322 §wip-qna.

1313 108 1521 137 ARculEP.

1560 105 1644 135 CON
1651 104 1728 134 STA
1736 104 1898 133 NTINOP
1907 124 1916 132 .

1339 187 1523 238 εὐλογητὸς
1540 189 1557 224 6
1576 186 1666 230 Θεὸς
1680 189 1698 223 6
1713 185 1866 238 ὕψιστος,
1883 185 1917 229 ὃς
1933 184 2115 237 παρέδωκε
2127 183 2204 228 τοὺς
2219 184 2363 235 ἐχθρούς

1340 263 1400 286 σου
1421 248 1642 298 ὑποχειρίους
1657 262 1723 285 σοι.
1746 249 1799 285 Οὐ
1821 246 1923 297 μόνον
1939 245 2042 284 αὐτὸν
2058 244 2256 296 εὐλόγησεν,
2273 244 2364 282 ἀλλὰ

1340 308 1471 345 καὶτὸν
1485 307 1574 346 Θεὸν
1589 306 1759 350 ἐδόξασεν.
1776 306 1899 345 Εἰπὼν
1913 306 1993 358 γὰρ,
2011 306 2211 357 Εὐλογητὸς
2225 305 2366 356 Ἄὲραμ

1343 371 1393 421 τῷ
1413 369 1496 419 Θεῷ
1523 370 1574 419 τῷ
1593 366 1747 419 ὑψίστῳ,
1773 366 1808 410 ὃς
1835 367 1950 406 ἔκτισε
1976 366 2034 404 τὸν
2062 367 2203 420 οὐρανὸν
2226 366 2286 403 καὶ
2304 365 2368 413 τὴν

1343 432 1408 479 γῆν
1422 457 1432 475 ,
1463 427 1522 466 καὶ
1558 427 1626 465 ἀπὸ
1661 430 1729 465 τῶν
1759 427 2078 479 δημιουργημάτων
2112 432 2172 465 τοῦ
2190 429 2282 465 Θεοῦ
2305 425 2368 473 τὴν

1345 488 1491 540 δύναμιν
1520 492 1605 538 ἡμῖν
1627 492 1641 508 ³
1656 488 1835 540 ἀνέφηνεν.
1858 489 1904 526 Εἰ
1923 487 1991 539 γὰρ
2018 487 2118 530 αὐτός
2138 489 2211 525 ἐστι
2229 486 2331 532 Θεὸς,
2353 490 2370 524 6

1344 551 1402 588 τὸν
1425 549 1566 601 οὐρανὸν
1589 549 1649 587 καὶ
1665 549 1728 596 τὴν
1750 552 1814 600 γῆν
1833 547 2063 601 παραγαγὼν,
2085 550 2116 586 οἳ
2131 547 2196 586 ὑπὸ
2215 550 2283 585 τῶν
2304 549 2369 585 ἇν-

1345 610 1493 663 θρώπων
1517 610 1787 662 θεραπευόμενοι
1812 612 1875 648 οὐκ
1903 609 1944 647 ἂν
1976 603 2042 648 εἷεν
2070 609 2161 647 Θεοί-
2186 608 2271 647 Θεοὶ
2289 607 2370 660 γὰρ,

1346 672 1470 725 φησὶν,
1501 672 1533 710 οἳ
1561 673 1619 710 τὸν
1655 672 1796 722 οὐρανὸν
1827 671 1888 709 καὶ
1915 671 1979 717 τὴν
2010 674 2075 721 γ’ῆν
2103 671 2164 707 οὐκ
2189 669 2371 716 ἐποίησαν,

1347 733 1608 771 ἀπολέσθωσαν.
1643 732 1860 783 Εὐλογητὸς,
1892 732 1995 783 φησὶν
2011 762 2021 779 ,
2046 733 2064 768 ὃ
2085 730 2187 778 Θεὸς,
2208 730 2243 773 ὃς
2262 730 2373 782 παρέ-

1348 795 1436 831 δωκε
1456 792 1533 836 τοὺς
1553 792 1696 845 ἐχθρούς
1714 807 1774 831 σου
1794 792 2012 845 ὑποχειρίους
2028 808 2096 831 σοι.
2130 791 2207 830 Θέα
2225 806 2284 841 μοι
2299 794 2373 834 πῶς

1349 857 1387 892 οὐ
1408 854 1509 904 μόνον
1529 854 1586 892 τὸν
1605 854 1736 892 δίκαιον
1759 856 1870 901 ἀνακη
1878 853 2004 906 ρύττει,
2022 852 2112 891 ἀλλὰ
2129 853 2188 891 καὶ
2203 856 2262 890 τοῦ
2281 854 2373 891 Θεοῦ

1348 914 1410 960 τὴν
1428 914 1638 965 συμμαχίαν
1658 913 1893 965 ἐπιγινώσκει.
1919 913 2010 952 Οὐδὲ
2025 913 2093 967 γὰρ
2109 913 2190 951 ἄνευ
2205 915 2268 958 τ”ῆς
2283 913 2373 949 ἐκεῖ·

1351 977 1406 1012 θεν
1428 977 1537 1025 ῥοπῆς
1552 974 1706 1020 ἠδυνήθη
1729 977 1798 1011 τῶν
1814 973 1986 1021 τοσαύτην
2007 972 2208 1012 δυναστείαν
2229 973 2373 1024 ‘nepta-

1351 1035 1534 1085 ὅλημένων
1554 1034 1807 1088 περιγενέσθαι.
1838 1034 1904 1078 ιῸς
1927 1035 2131 1086 παρέδωκε,
2162 1035 2269 1086 φησὶ,
2298 1033 2375 1076 τοὺς

1351 1096 1495 1148 ἐχθρούς
1515 1111 1593 1134 σου·
1617 1095 1718 1138 αὐτός
1738 1098 1830 1134 ἐστιν
1851 1098 1869 1133 6
1889 1097 1926 1134 τὸ
1945 1102 2015 1133 πᾶν
2038 1095 2291 1148 ἐργασάμενος,
2310 1097 2374 1132 αὖ-

1351 1157 1408 1201 τός
1425 1160 1518 1196 ἐστιν
1534 1160 1551 1194 6
1567 1155 1645 1200 τοὺς
1660 1156 1821 1209 ἰσχυροὺς
1838 1159 1990 1200 ἀσθενεῖς
2010 1156 2235 1202 καταστήσας
2246 1185 2256 1203 ,
2276 1155 2376 1199 αὐτός

1353 1220 1446 1256 ἐστιν
1478 1221 1496 1256 6
1525 1218 1582 1256 διὰ
1602 1221 1669 1256 τῶν
1693 1219 1832 1257 ἀόπλων
1855 1217 1934 1262 τοὺς
1949 1217 2190 1268 ὡπλισμένους
2209 1231 2375 1267 κατενεγ-

1352 1279 1422 1317 κών
1436 1295 1443 1303 ·
1467 1279 1596 1317 ἐκεῖθέν
1619 1282 1711 1318 ἐστιν
1733 1283 1755 1326 ἡ
1778 1278 1866 1331 ῥοπὴ
1887 1282 1908 1324 ἡ
1937 1278 2107 1325 τοσαύτην
2125 1293 2179 1316 σοι
2195 1277 2257 1325 τὴν
2274 1276 2379 1314 δύνα-

1354 1356 1411 1390 μιν
1431 1339 1699 1393 παρασχομένη.
1719 1338 1787 1383 Ὃς
1803 1340 1984 1390 παρέδωκε
1996 1370 2005 1387 ,
2028 1339 2125 1391 φησὶ,
2143 1338 2221 1382 τοὺς
2236 1337 2377 1391 ἐχθρούς

1354 1417 1413 1440 σου
1434 1401 1652 1453 ὑποχειρίους
1678 1417 1746 1439 σοι.
1768 1400 1877 1453 Ὁρᾷς
1894 1403 1968 1444 πῶς
1985 1400 2156 1439 δείκνυσιν
2190 1401 2294 1438 αὐτοῦ
2313 1399 2377 1445 τὴν

1353 1462 1514 1512 ὁμόνοιαν
1537 1462 1596 1499 καὶ
1609 1461 1673 1507 τὴν
1695 1460 1939 1514 φιλοστοργίαν
1957 1460 2020 1508 τὴν
2036 1461 2116 1513 περὶ
2129 1461 2187 1498 τὸν
2208 1461 2303 1508 Λὼτ,
2320 1459 2379 1498 καὶ

1353 1526 1428 1565 πῶς
1456 1521 1634 1574 ἐμφαίνει,
1666 1521 1719 1559 ὅτι
1754 1522 1814 1560 καὶ
1844 1525 1862 1560 6
1891 1522 2052 1573 Ἀίῗραὰμ
2083 1521 2228 1566 οἰκείους
2258 1522 2380 1566 αὐτοὺς

1354 1583 1496 1635 ἐχθροὺς
1510 1587 1629 1635 ἡγεῖτο
1650 1583 1704 1621 διὰ
1721 1583 1765 1620 τὰ
1785 1586 1833 1626 εἷς
1849 1584 1907 1622 τὸν
1925 1584 2125 1635 ἀδελφιδοῦν
2139 1583 2355 1634 γεγενημένα
2371 1600 2380 1630 ;

1354 1644 1425 1682 Καὶ
1444 1644 1568 1682 ἔδωκεν
1591 1645 1697 1695 αὐτῷ,
1715 1644 1813 1696 φησὶ,
1834 1644 1980 1690 δεκάτην
2002 1644 2071 1682 ἀπὸ
2089 1644 2242 1682 πάντων.
2266 1646 2380 1682 Τοῦτο

1353 1704 1413 1743 καὶ
1442 1705 1582 1748 Παῧλός
1611 1720 1717 1756 φησι·
1748 1706 1924 1756 Θεωρεῖτε
1953 1704 2011 1751 δὲ,
2041 1704 2189 1751 πηλίκος
2214 1700 2332 1753 οῧτος,
2351 1699 2380 1757 ᾧ

1353 1765 1413 1804 καὶ
1435 1765 1583 1812 δεκάτην
1615 1765 1777 1817 Ἀδραὰμ
1810 1766 1936 1804 ἔδωκεν
1957 1767 1996 1803 ἐκ
2023 1768 2091 1804 τῶν
2112 1766 2336 1817 ἀκροθινίων,
2363 1770 2382 1804 6

1353 1826 1576 1880 πατριάρχης
1590 1843 1597 1850 ·
1619 1826 1778 1873 δηλονότι
1795 1828 1834 1864 ἐκ
1852 1830 1920 1865 τῶν
1941 1826 2104 1880 λαφύρων
2118 1856 2128 1873 ,
2152 1821 2200 1865 ὧν
2220 1828 2382 1879 ἐπήγετο,

1354 1888 1530 1940 ἠμείψατο
1553 1888 1611 1926 τὸν
1632 1887 1870 1939 Μελχισεδὲκ,
1887 1887 1947 1926 καὶ
1968 1888 2117 1934 δεκάτην
2138 1890 2231 1940 αὐτῷ
2252 1888 2383 1941 ἀφώρι-

1355 1964 1412 1987 σεν
1442 1947 1511 1986 ἀπὸ
1537 1947 1678 1986 πάντων
1712 1942 1759 1985 ὧν
1789 1948 1994 2000 ἐπεφέρετο·
2018 1951 2171 1987 ἐντεῦθεν
2192 1949 2259 1996 ἤδη
2281 1949 2381 1988 διδά-

1356 2011 1481 2052 σκαλος
1495 2009 1605 2047 ἅπασι
1624 2009 1820 2060 γενόμενος,
1835 2010 1968 2056 πολλὴν
1985 2009 2242 2048 ἐπιδείκνυσθαι
2259 2013 2384 2062 εὐγνω-

1358 2070 1527 2120 μοσύνην,
1558 2069 1618 2107 καὶ
1647 2070 1708 2114 τὰς
1727 2070 1893 2122 ἀπαρχὰς
1912 2070 2101 2121 προσάγειν
2117 2074 2185 2109 τῶν
2206 2071 2305 2124 παρὰ
2323 2076 2384 2110 τοῦ

1357 2132 1448 2169 Θεοῦ
1473 2133 1555 2180 ἡμῖν
1573 2130 1878 2181 παρασχεθέντων.
1915 2124 2005 2169 Εἶτα
2025 2132 2212 2182 ἐκπλαγεὶς
2232 2137 2292 2170 τοῦ
2308 2149 2382 2170 πα-

1356 2192 1523 2244 τριάρχου
1538 2192 1600 2239 τὴν
1620 2192 1884 2243 μεγαλοψυχίαν
1903 2195 1920 2230 6
1938 2192 2099 2243 βασιλεὺς
2114 2193 2281 2244 Σοδόμων
2299 2193 2384 2245 φησὶ

1358 2254 1444 2306 πρὸς
1463 2252 1566 2291 αὐτόν
1580 2269 1587 2276 ·
1607 2253 1673 2296 Δός
1694 2269 1753 2303 μοι
1768 2253 1846 2296 τοὺς
1863 2254 1988 2306 ἄνδρας
2004 2285 2013 2302 ,
2038 2253 2101 2300 τὴν
2119 2253 2155 2292 δὲ
2173 2253 2280 2292 ἵππον
2295 2255 2383 2292 λάὸε

1358 2317 1505 2366 σεαυτῷ.
1524 2313 1623 2360 Καλὴ
1642 2318 1701 2351 τοῦ
1719 2314 1888 2364 βασιλέως
1904 2318 1925 2360 ἡ
1944 2314 2192 2366 εὐγνωμοσύνη
2204 2331 2211 2338 ·
2228 2317 2306 2354 ἀλλ’
2321 2315 2385 2368 ὅρα

1356 2379 1415 2413 τοῦ
1435 2375 1568 2413 δικαίου
1584 2374 1645 2422 τὴν
1666 2375 1880 2427 φιλοσοφίαν.
1909 2370 2000 2414 Isim-t
2015 2376 2050 2414 δὲ
2066 2375 2205 2428 Ἀδραμ
2221 2376 2306 2426 πρὸς
2326 2379 2384 2415 τὸν

1359 2436 1506 2487 βασιλέα
1520 2435 1703 2487 Σοδόμων·
1719 2438 1847 2475 ἐκτενῶ
1864 2437 1927 2484 τὴν
1937 2437 2039 2490 χεῖρά
2054 2453 2118 2487 μου
2132 2437 2217 2489 πρὸς
2226 2437 2282 2474 τὸν
2292 2438 2384 2476 Θεὸν

1357 2498 1414 2536 τὸν
1435 2497 1592 2549 ὕψιστον,
1618 2498 1654 2541 ὃς
1676 2497 1818 2545 ἐποίησε
1837 2497 1895 2536 τὸν
1915 2498 2057 2546 οὐρανὸν
2079 2498 2138 2536 καὶ
2154 2498 2217 2544 τὴν
2246 2502 2324 2550 γῆν,
2352 2500 2382 2535 εἰ

1361 2559 1428 2597 ἀπὸ
1449 2559 1618 2610 σπαρτίου
1641 2558 1705 2602 ἕως
1726 2563 1969 2611 σφαιρωτῆρος
1987 2560 2211 2610 ὑποδήματος
2227 2559 2386 2611 λήψομαι

1362 2621 1431 2658 ἀπὸ
1447 2620 1585 2658 πάντων
1607 2622 1674 2657 τῶν
1695 2624 1778 2667 σῶν,
1798 2620 1855 2659 ἵνα
1873 2621 1920 2671 μὴ
1943 2621 2043 2672 εἴπης
2059 2651 2068 2668 ,
2084 2620 2136 2658 ὅτι
2151 2620 2219 2671 ἐγὼ
2235 2621 2385 2659 πεπλού-

1362 2697 1444 2718 τικα
1471 2681 1527 2718 τὸν
1548 2681 1697 2732 Ἄδραμ.
1731 2682 1854 2728 Πολλὴ
1879 2685 1938 2719 τοῦ
1961 2681 2182 2734 πατριάρχου
2202 2684 2223 2726 ἡ
2242 2681 2322 2734 περὶ
2343 2681 2387 2719 τὰ

1362 2741 1532 2793 χρήματα
1553 2741 1736 2794 ὑπεροψία.
1773 2742 1843 2780 Καὶ
1861 2741 1954 2786 τίνος
1971 2742 2085 2780 ἕνεκεν
2107 2741 2182 2791 μεθ’
2202 2741 2304 2794 ὅρκου
2324 2742 2388 2787 τὴν

1367 2802 1598 2854 ἀπαγόρευσιν
1619 2808 1791 2849 ποιεῖται,
1812 2802 1872 2840 καί
1892 2819 2006 2855 φησιν,
2037 2803 2191 2841 Ἐκτενῶ
2207 2801 2270 2849 τὴν
2289 2803 2390 2855 χεῖρά

1366 2879 1431 2914 μου
1452 2864 1536 2915 πρὸς
1556 2864 1614 2901 τὸν
1633 2863 1724 2902 Θεὸν
1743 2864 1800 2901 τὸν
1820 2862 1976 2915 ὕψιστον,
1992 2864 2027 2907 ὃς
2043 2863 2159 2902 ἔκτισε
2174 2864 2230 2902 τὸν
2247 2865 2388 2915 οὐρανὸν

1367 2925 1425 2962 καὶ
1445 2924 1507 2971 τὴν
1528 2926 1592 2975 γῆν
1612 2941 1620 2970 ;

1419 2986 1614 3037 Ἀμφοτερα
1650 2985 1809 3035 βούλεται
1844 2985 2029 3023 παιδεῦσαι
2054 2984 2112 3022 τὸν
2134 2987 2201 3022 τῶν
2225 2985 2391 3034 Σοδόμων

1369 3046 1515 3096 βασιλέα
1531 3076 1539 3093 ,
1561 3046 1620 3083 καὶ
1634 3047 1687 3084 ὅτι
1706 3046 1871 3098 κρείττων
1893 3045 1967 3082 ἐστὶ
1987 3047 2055 3081 τῶν
2070 3043 2155 3095 παρ’
2178 3047 2280 3082 αὐτοῦ
2296 3046 2393 3082 δεδο-

1370 3106 1496 3157 μένων,
1516 3106 1573 3144 καὶ
1594 3106 1729 3153 πολλὴν
1752 3105 1987 3144 ἐπιδείκνυται
2007 3104 2071 3150 τὴν
2092 3104 2308 3157 φιλοσοφίαν,
2333 3106 2392 3143 καὶ

1369 3167 1564 3211 θεοσεῧείας
1583 3170 1675 3220 αὐτῷ
1693 3167 1898 3209 διδάσκαλος
1916 3165 2072 3216 γενέσθαι
2098 3166 2302 3213 σπουδάζει,
2327 3181 2395 3217 μο-
