2516 3791
848 143 891 173 ΙΝ
924 140 1120 174 GENESIM
1157 140 1304 172 sEnMO
1340 140 1404 170 tx.
2061 146 2153 193 799

102 229 272 284 ἀνθρώπῳ
305 228 378 268 ὄντι
422 229 543 267 δοῦναι
578 225 807 280 συγγνώμην;
846 228 884 266 οὐ
927 227 1044 279 βούλει
1077 227 1124 269 ὡς
1196 224 1260 272 ait,
1283 232 1322 261 ut
1351 224 1458 262 frater
1482 223 1670 262 misereri?
1691 236 1761 263 non
1792 225 1847 264 vis
1875 233 1914 263 ut
1946 226 2150 266 hominihus

98 291 330 343 πνευματικὸς
350 294 454 343 χεῖρα
472 287 609 343 ὀρέξαι,
631 287 688 328 Τὰ
707 287 798 327 κατὰ
826 289 953 328 σαυτὸν
982 287 1121 334 σκόπη-
1193 286 1384 325 concedere
1402 286 1567 326 veniam?
1580 299 1649 325 non
1667 287 1724 326 vis
1737 295 1776 325 ut
1795 286 1992 339 spiritualis
2005 303 2149 328 manum

97 369 168 406 σον,
188 352 246 391 καὶ
264 354 301 391 οὗ
318 351 425 402 δεήσῃ
439 353 500 389 τοῦ
520 349 828 401 συμὸουλεύοντος,
844 348 936 388 ὥστε
951 351 1121 402 βοηθῆσαι
1193 347 1402 399 porrigere?
1418 347 1612 386 Considera
1633 347 1872 386 conditionem
1882 357 1980 386 tuam
1998 364 2005 386 :
2029 358 2062 387 et
2082 364 2149 388 non

95 417 145 453 τῶ
161 414 331 467 κειμένῳ,
360 413 436 451 ἀλλ’
453 411 586 451 οἴκοθεν
608 411 668 450 καὶ
691 411 788 464 παρὰ
806 415 934 451 σαυτοῦ
950 410 1043 456 δέξαι
1058 408 1122 456 τὴν
1193 407 1374 460 indigebis
1395 409 1612 458 consiliario,
1635 409 1694 449 sed
1709 424 1771 463 per
1792 409 2021 462 temetipsum
2031 411 2152 463 jacen—

94 476 311 530 παραίνεσιν.
331 476 416 519 Πῶς
434 474 494 514 καὶ
523 475 590 514 τίνι
620 474 761 528 τρόπῳ;
788 475 939 514 Σκοπῶν
963 472 1121 519 σεαυτὸν,
1191 477 1263 508 tem
1277 470 1447 523 juvabis,
1469 479 1503 510 ct
1527 485 1549 510 a
1577 471 1762 525 temetipso
1789 471 2047 510 admoneberis.
2069 475 2151 520 Quo

94 537 201 591 φησὶ,
222 537 271 589 μὴ
294 537 354 576 καὶ
373 553 414 578 συ
441 539 645 591 πειρασθῇς.
669 538 746 576 Οὐκ
768 529 868 585 εἶπε,
892 534 1031 579 πάντως
1053 533 1122 587 γὰρ
1192 539 1307 583 pacto,
1326 540 1361 570 et
1379 546 1450 584 quo
1465 532 1601 571 modo?
1616 533 1878 572 considerans
1893 536 2148 586 temetipsum,

94 599 154 639 καὶ
180 599 222 640 συ
249 598 462 653 ἁμαρτήσῃ,
481 598 540 638 ἵνα
564 597 614 650 μὴ
639 597 893 651 φορτικώτερον
912 595 1043 648 ποιήσῃ
1061 595 1120 635 τὸν
1191 591 1257 643 ait,
1281 605 1330 631 ne
1347 601 1384 632 et
1408 601 1450 633 tu
1467 597 1641 633 tenteris.
1661 595 1739 633 Non
1756 593 1852 633 dixit
1868 610 1876 632 ε
1898 595 1991 634 Nam
2006 595 2151 634 omnino

94 661 215 715 λόγον·
234 661 324 701 ἀλλὰ
344 665 439 710 πῶς
462 661 524 708 Μή
543 675 632 701 ποτε
651 659 710 699 καὶ
729 659 772 699 συ
793 661 997 712 πειρασθῇς
1016 658 1122 703 {cmg
1191 661 1225 691 et
1246 662 1284 692 tu
1305 655 1481 707 peccabis,
1502 669 1545 695 ne
1560 655 1742 694 molestior
1763 665 1852 695 esset
1869 672 1877 693 :
1897 656 1958 695 sed
1973 657 2152 708 quomodo

95 722 131 763 δὲ
160 723 349 776 ἁμαρτήσῃ
365 752 375 771 ‚
408 722 493 767 ἴσως
523 722 558 761 δὲ
592 724 659 775 οὐχ
686 721 891 774 ἁμαρτήσῃ
927 719 1032 759 Ἐπεὶ
1061 713 1119 759 οὖν
1191 713 1314 754 dixit?
1329 717 1390 755 Ne
1403 716 1546 769 quando
1561 726 1598 757 et
1617 726 1659 757 tu
1676 720 1844 758 tenteris.
1866 718 1960 757 Fieri
1979 719 2073 757 enim
2088 734 2150 773 po-

94 784 222 832 ἄδηλον
240 784 280 824 τὸ
293 785 438 836 μέλλον,
465 783 667 836 προαπόθου
683 798 737 822 σοι
757 780 1056 835 φιλανθρωπίας”
1037 797 1120 835 ερα-
1144 794 1168 825 Ε
1192 785 1274 827 test,
1288 785 1328 816 ut
1348 791 1492 829 pecces:
1513 779 1592 817 ficri
1608 779 1715 818 etiam
1730 787 1859 832 potest,
1876 788 1997 818 utnon
2015 795 2148 833 pecces.

93 860 163 894 νον,
180 847 224 884 32·
239 839 287 884 ὧν
311 849 358 890 εἷς
374 845 432 884 τὸν
449 844 599 892 πλησίον
614 850 742 895 ποιεῖς,
772 843 815 891 ἤν
838 858 925 883 ποτε
953 858 1121 896 περιτρα-
1194 837 1242 876 Et
1258 838 1341 890 quia
1364 838 1539 879 incertum
1557 850 1609 879 est
1628 841 1812 890 futurum,
1828 855 1914 894 para
1932 842 1996 881 tibi
2011 843 2150 882 miseri-

92 905 212 954 πείης,
227 906 361 954 πολλὴν
376 905 532 960 εὑρήσεις
551 904 758 958 συγγνώμης
778 904 958 953 ἀποθήκην
979 907 1122 944 ἀποκει-
1193 901 1324 941 cordiae
1345 904 1540 957 sportulas,
1562 919 1650 957 quas
1678 905 1733 944 illi
1763 905 1895 954 dones,
1929 916 1967 945 ut
1996 921 2059 960 per
2089 908 2152 946 illa

92 966 210 1018 μένην.
232 970 309 1007 Οὐκ
328 962 424 1016 εἷπε,
444 967 492 1019 μή
513 982 597 1006 ποτε
615 966 675 1006 καὶ
695 966 736 1006 συ
756 967 935 1020 ἁμάρτῃς,
959 966 1008 1018 μή
1035 981 1120 1005 ποτε
1192 978 1272 1016 quae
1293 966 1460 1018 proximo
1481 966 1659 1020 impendis
1673 998 1683 1018 ‚
1706 968 1737 1006 si
1756 977 1789 1008 et
1819 978 1857 1007 tu
1876 969 2069 1022 aliquando
2101 971 2153 1008 la-

91 1027 150 1067 καὶ
177 1027 220 1068 συ
246 1028 373 1082 πέσῃς·
398 1028 590 1082 προσέχετε
618 1027 772 1081 ἀκριὸῶς
800 1031 844 1080 τῇ
874 1028 1017 1080 δυνάμει
1051 1043 1122 1067 των
1193 1039 1278 1078 psus
1309 1027 1442 1080 fucris,
1477 1029 1637 1069 invenias
1671 1031 1892 1083 promtuaria
1926 1032 2152 1071 miseratione

93 1090 258 1144 ῥημάτων
289 1092 422 1130 αὐτῶν·
442 1089 550 1138 ἀλλὰ,
570 1090 633 1138 Μή
653 1106 736 1130 ποτε
763 1090 822 1129 καὶ
849 1089 890 1130 σὺ
917 1092 1121 1143 πειρασθῇς.
1192 1088 1329 1127 referta.
1347 1091 1426 1129 Non
1449 1089 1556 1141 dixit,
1570 1092 1624 1130 Ne
1645 1091 1789 1142 quando
1818 1101 1851 1131 et
1883 1102 1922 1131 tu
1957 1107 2090 1145 pecces,
2111 1107 2154 1131 ne

90 1151 246 1198 Ἐδειξεν
273 1152 327 1192 ὅτι
349 1151 521 1206 πειρατὴν
540 1152 668 1205 ἔχομεν
695 1151 818 1204 ἐχθρόν
832 1168 838 1175 ·
853 1154 871 1190 ὃ
891 1151 927 1190 δὲ
952 1151 1122 1205 πειρατὴς
1192 1150 1337 1202 quando
1358 1161 1391 1190 et
1409 1161 1447 1191 tu
1464 1152 1569 1191 cadas
1586 1169 1593 1190 ε
1615 1153 1786 1193 attendite
1803 1154 1994 1205 diligenter
2017 1155 2063 1194 ad
2079 1155 2154 1194 vim

92 1214 156 1265 οὐχ
185 1214 456 1265 ὡμολογημένον
481 1216 544 1261 τῆς
573 1213 759 1258 ἐπιθέσεως
790 1214 849 1252 τὸν
875 1214 997 1265 καιρὸν
1027 1214 1120 1266 ἔχει,
1193 1212 1386 1252 verborum
1407 1213 1591 1267 ipsorum:
1608 1214 1683 1265 sed,
1703 1217 1763 1254 Ne
1781 1215 1926 1267 quando
1942 1224 1978 1255 et
2007 1225 2048 1256 tn
2072 1226 2154 1255 ten-

92 1273 182 1312 ἀλλὰ
209 1274 376 1318 πολλάκις
406 1278 491 1327 ἡμῖν
512 1275 572 1313 καὶ
590 1275 793 1315 καθεύδουσι
822 1275 881 1314 καὶ
908 1278 1119 1328 ῥᾳθυμοῦσιν
1193 1276 1297 1312 teris.
1313 1274 1396 1322 Quo
1409 1275 1517 1314 simul
1533 1275 1728 1327 indicatur,
1743 1290 1806 1316 nos
1821 1277 1954 1316 habere
1968 1277 2154 1316 inimicum

92 1335 301 1375 ἐπιτίθεται·
320 1336 376 1374 διὰ
396 1341 498 1376 τοῦτο
518 1339 676 1380 κάκεῖνος
692 1340 710 1376 ὁ
726 1336 935 1391 προληφθεὶς
962 1337 1121 1389 συγγνώ-
1131 1366 1180 1393 690
1194 1343 1406 1375 tentatorem
1421 1353 1429 1374 ε
1446 1346 1480 1376 et
1496 1346 1647 1376 tentator
1665 1352 1735 1377 non
1757 1347 1931 1378 statutum
1960 1339 2155 1378 insidiandi

93 1413 163 1448 μης
186 1395 298 1446 ἄξιος,
323 1397 444 1445 ἐπειδὴ
471 1398 537 1438 ὑπὸ
564 1401 730 1450 πειρατοῦ
760 1398 864 1438 ἑάλω.
896 1399 950 1438 Οὖ
979 1398 1048 1452 γὰρ
1077 1393 1120 1446 ἧν
1142 1403 1169 1433 Α
1193 1405 1334 1450 tempus
1353 1397 1483 1450 habet5
1502 1398 1712 1452 plerumque
1730 1400 1826 1439 enim
1841 1400 1877 1438 in
1897 1414 1960 1440 nos
1975 1400 2154 1440 dormien-

93 1459 185 1510 αὐτῷ
215 1457 388 1511 φανερὰὴ
413 1459 535 1512 μάχη,
566 1458 643 1498 οὐδὲ
670 1459 942 1511 ὡμολογημένος
963 1463 982 1499 ὃ
1001 1460 1121 1513 καιρὸς
1195 1466 1246 1497 tes
1283 1467 1317 1497 et
1344 1459 1564 1512 negligentes
1598 1460 1775 1514 impetum
1805 1461 1919 1500 facit:
1951 1471 1986 1501 et
2016 1463 2152 1502 idcirco

91 1522 152 1557 τοῦ
173 1519 348 1570 πολέμου,
372 1519 464 1559 ἀλλὰ
480 1523 661 1574 ἀγνοοῦντι
681 1520 841 1571 ἐπέθετο,
862 1521 922 1560 καὶ
942 1521 999 1560 διὰ
1019 1524 1122 1560 τοῦτο
1192 1531 1463 1574 praeoccupatus
1484 1521 1545 1560 ille
1561 1523 1676 1575 magis
1695 1522 1827 1576 dignus
1848 1533 1921 1576 est,
1946 1525 2003 1564 cui
2023 1525 2154 1564 condo-

92 1580 320 1633 περιεγένετο.
337 1580 443 1620 Οὕτω
464 1582 523 1620 καὶ
543 1585 575 1622 οἱ
594 1582 757 1628 πλέοντες
776 1582 839 1630 τὴν
860 1583 1036 1622 θάλατταν
1058 1582 1121 1630 τὴν
1193 1590 1310 1631 netur,
1332 1582 1502 1634 quoniam
1519 1592 1723 1623 atentatore
1743 1594 1869 1638 captus
1884 1595 1949 1624 est.
1962 1588 2041 1626 Non
2060 1588 2154 1626 enim

94 1642 250 1696 μεγάλην
275 1642 404 1689 ταύτην
433 1643 492 1682 καὶ
520 1644 714 1697 εὐρύχωρον
739 1649 890 1684 ποιοῦσι.
921 1645 996 1684 Κᾶν
1030 1645 1121 1691 ἐξου·
1192 1651 1269 1681 crat
1299 1643 1331 1682 ci
1358 1644 1545 1683 manifesta
1576 1659 1719 1698 pugna,
1740 1660 1852 1698 neque
1870 1647 2054 1688 condictus
2078 1649 2155 1688 dies

95 1702 178 1756 ρίων
196 1706 311 1749 αὐτοῖς
330 1704 479 1758 φέρηται
499 1706 538 1744 τὸ
555 1706 703 1758 σκάφος,
724 1705 789 1745 κᾶν
817 1706 934 1755 πάσης
965 1706 1121 1746 ἀπολαύ·
1193 1703 1295 1756 lJclli,
1317 1705 1380 1744 sed
1400 1706 1436 1744 in
1455 1705 1640 1744 incautum
1657 1707 1831 1760 impetum
1852 1708 1948 1759 fecit,
1969 1719 2078 1761 atque
2102 1712 2155 1751 id-

93 1780 179 1804 ωσιν
205 1766 417 1819 ἀσφαλείας,
450 1765 549 1806 ἴδωσι
582 1765 619 1806 δὲ
650 1767 826 1820 πόῤῥωθεν
857 1768 1124 1820 ναυαγήσαντας
1195 1765 1288 1805 circo
1310 1768 1505 1820 superavit.
1525 1767 1586 1807 Sic
1605 1778 1721 1808 nautae
1741 1784 1881 1822 quoque
1900 1771 2050 1823 faciunt,
2072 1787 2154 1812 cum

94 1826 232 1881 ἑτέρους
244 1857 253 1875 ,
272 1830 310 1867 οὐ
336 1827 423 1882 πρὸς
442 1827 506 1875 τὴν
525 1827 657 1866 οἰκείαν
678 1828 886 1882 εὐπρέπειαν
919 1829 1124 1881 βλέποντες,
1195 1841 1258 1880 per
1277 1842 1447 1880 magnum
1473 1838 1507 1867 et
1526 1829 1723 1881 spatiosum
1741 1845 1837 1870 mare
1859 1833 2043 1885 navigant.
2057 1835 2154 1873 Licet

94 1891 156 1936 τῆς
171 1888 310 1928 ἐκείνων
325 1894 581 1942 καταφρονοῦσι
603 1897 782 1944 συμφορᾶς
796 1907 804 1914 ·
834 1890 924 1931 ἀλλὰ
944 1892 983 1930 τὸ
1003 1893 1123 1931 πλοῖον
1196 1889 1297 1929 navis
1311 1889 1465 1929 secundo
1485 1899 1590 1930 vento
1611 1891 1757 1940 seratur,
1771 1892 1853 1931 licet
1871 1895 1967 1932 omni
1988 1896 2153 1935 fruantur

94 1951 294 1999 στήσαντες,
319 1951 380 1990 καὶ
397 1951 459 1996 τὰς
477 1951 628 2005 ἀγκύρας
643 1952 876 2005 χαλάσαντες,
894 1952 1011 1992 καὶτὰ
1031 1953 1125 1993 ἱστία
1194 1951 1396 2003 securitate,
1425 1966 1508 1990 cum
1531 1961 1648 1992 tamen
1669 1952 1824 1992 viderint
1841 1955 1930 1994 alios
1949 1957 2006 1996 vel
2026 1960 2153 2010 procul

94 2012 313 2059 καθελόντες,
331 2013 582 2060 ἐξακοντίζουσι
601 2014 761 2067 σχοίνους
773 2044 783 2063 ,
802 2014 861 2053 καὶ
879 2014 1040 2067 ῥίπτουσι
1060 2031 1123 2053 σα-
1193 2013 1417 2065 naufragium
1440 2014 1568 2063 facere,
1590 2028 1674 2063 non,
1690 2029 1791 2053 suam
1803 2026 1996 2069 spectantes
2013 2020 2151 2058 utilita-

93 2074 208 2124 νίδας,
234 2075 324 2114 ὥστε
351 2076 480 2114 ἐκεῖνον
499 2076 557 2115 τὸν
579 2076 647 2115 ὑπὸ
666 2077 735 2114 τῶν
765 2075 931 2127 κυμάτων
955 2077 1123 2129 βαπτίζε-
1192 2084 1278 2127 tem,
1304 2076 1451 2115 illorum
1471 2085 1701 2116 contemnunt
1720 2077 1958 2118 calamitatem
1979 2096 1987 2117 :
2007 2081 2070 2119 sed
2099 2082 2151 2120 si-

92 2139 172 2175 σθαι
189 2136 360 2187 μέλλοντα
380 2137 451 2180 ἑνὸς
467 2136 599 2175 τούτων
616 2136 957 2189 ἐπιλαμὸανόμενον,
979 2138 1121 2191 διαφεύ-
1191 2145 1289 2176 stunt
1309 2151 1449 2187 navem,
1470 2137 1592 2176 laxant
1611 2138 1818 2187 anchoram,
1839 2138 2032 2179 detrahunt
2057 2142 2151 2193 vela,

90 2213 163 2248 γειν
179 2199 219 2237 τὸ
236 2198 412 2250 ναυάγιον.
429 2197 597 2248 Μίμησαι
615 2199 728 2237 τοίνυν
745 2198 805 2238 καὶ
825 2198 866 2238 σὺ
884 2198 961 2244 τοὺς
977 2199 1120 2250 ναύτας,
1142 2216 1166 2246 B
1193 2200 1340 2253 ejiciunt
1358 2201 1474 2252 funes,
1496 2200 1692 2254 projiciunt
1711 2201 1873 2251 tabulas,
1894 2211 1935 2242 ut
1965 2203 2026 2242 ille
2044 2205 2106 2256 qui
2131 2220 2150 2244 a

91 2259 273 2312 ἄνθρωπε·
293 2259 352 2298 καὶ
370 2258 438 2313 γὰρ
465 2260 525 2299 καὶ
544 2259 586 2298 σὺ
615 2260 790 2299 θάλατταν
816 2261 933 2306 πλέεις
963 2262 1121 2313 μεγάλην
1190 2262 1362 2301 fluctibus
1378 2262 1574 2313 mergitur,
1591 2261 1682 2300 forte
1700 2262 1822 2314 aliquo
1852 2263 1999 2303 illorum
2011 2276 2151 2319 arrepto

92 2320 151 2358 καὶ
166 2320 373 2373 εὐρύχωρον,
389 2321 429 2360 τὸ
447 2323 558 2372 μ’ἥκος
571 2325 632 2360 τοῦ
648 2322 818 2374 παρόντος
839 2322 928 2375 βίου,
944 2323 1120 2363 θάλατταν
1188 2333 1360 2376 emergat.
1387 2323 1534 2362 Imitare
1568 2322 1681 2376 igitur
1708 2332 1742 2363 et
1774 2333 1812 2363 tu
1843 2335 1989 2377 nautas,
2023 2327 2149 2367 homo:

92 2381 195 2433 θηρία
225 2380 371 2434 ἔχουσαν
403 2382 463 2421 καὶ
493 2383 663 2436 πειρατὰς
675 2414 685 2432 ,
720 2383 896 2423 θάλατταν
929 2384 1121 2429 σκοπέλους
1189 2398 1273 2424 nam
1291 2394 1325 2424 et
1346 2393 1384 2424 tu
1408 2399 1506 2424 mare
1523 2384 1672 2437 navigas
1688 2399 1861 2437 magnum
1877 2395 1911 2425 et
1928 2388 2124 2439 spatiosum
2139 2420 2149 2435 ,

93 2441 240 2493 ἔχουσαν
267 2443 326 2481 καὶ
353 2443 523 2488 σπιλάδας
538 2474 547 2492 ,
570 2444 746 2483 θάλατταν
765 2445 834 2484 ὑπὸ
864 2445 1030 2497 κυμάτων
1057 2463 1119 2486 τα-
1188 2459 1314 2499 nempe
1327 2446 1410 2486 vitae
1423 2445 1730 2498 praesentis,quod
1740 2446 1871 2485 multas
1882 2448 2148 2499 habetbelluas,

95 2504 308 2555 ραττομένην
336 2506 475 2544 πολλῶν
495 2505 555 2544 καὶ
575 2505 776 2558 χειμώνων
797 2523 857 2546 και
883 2507 1006 2547 πολλοὶ
1027 2510 1118 2548 πολ-
1188 2508 1321 2562 piratas
1336 2537 1348 2559 ,
1370 2517 1506 2560 petras,
1528 2516 1561 2545 et
1581 2507 1728 2545 latentes
1745 2508 1924 2559 scopulos,
1942 2510 2144 2562 crebrisque

92 2565 192 2609 λάκις
223 2566 282 2604 καὶ
314 2568 348 2605 ἐν
377 2570 420 2619 τῇ
422 2567 600 2630 θαλάττῃ
637 2568 746 2621 ταύτῃ
783 2569 938 2622 ναυαγίῳ
973 2571 1118 2624 περιπί-
1188 2570 1355 2609 turbatur
1372 2568 1554 2619 fluctibus,
1575 2577 1609 2606 et
1629 2568 1664 2606 in
1689 2582 1730 2606 eo
1759 2569 2016 2622 naufragantur
2034 2573 2150 2624 pluri-

91 2641 248 2666 πτουσιν.
264 2627 376 2666 ‘'O-:av
403 2621 460 2667 οῧν
482 2629 558 2680 ἴδῃς
572 2628 650 2667 τινὰ
667 2645 738 2668 των
753 2630 955 2669 πλεόντων“
943 2631 1011 2670 υπό
1028 2648 1119 2677 τινος
1189 2632 1252 2670 mi.
1286 2631 1380 2669 Cum
1406 2629 1519 2681 igitur
1547 2627 1678 2667 videris
1710 2629 1958 2681 navigantium
1991 2632 2148 2684 aliquem

92 2688 328 2739 περιστάσεως
342 2689 544 2738 διαὸολικης
568 2690 790 2730 ἀπολέσαντα
808 2707 865 2730 τον
884 2695 1034 2732 πλοῦτον
1056 2697 1119 2742 τ’ἧς
1187 2692 1321 2731 diaboli
1339 2690 1479 2729 insidiis
1507 2689 1669 2728 amittere
1687 2688 1833 2729 divitias
1853 2691 1979 2731 salutis
1993 2723 2003 2742 ‚
2025 2704 2146 2734 natare

93 2748 266 2799 σωτηρίας
279 2779 288 2797 ,
305 2750 364 2788 καὶ
383 2751 688 2804 κλυδωνιζόμενον,
704 2753 763 2791 καὶ
779 2755 952 2805 μέλλοντα
971 2755 1119 2807 ὗποὸρύ-
1187 2756 1223 2793 in
1243 2752 1428 2801 fluctibus,
1443 2759 1476 2789 et
1489 2751 1566 2803 jam
1576 2750 1866 2803 submergi,siste
1884 2767 2024 2806 navem,
2041 2765 2075 2794 et
2095 2771 2148 2795 re-

92 2823 169 2859 χιον
199 2809 374 2861 γίνεσθαι,
406 2812 532 2859 στῆσόν
563 2829 623 2852 σου
654 2815 694 2853 τὸ
727 2816 861 2863 πλοῖον,
881 2815 946 2854 κᾶν
975 2817 1117 2868 ἑτέρωθι
1186 2815 1282 2853 lictis
1300 2813 1450 2865 negotiis
1469 2812 1553 2858 tuis,
1574 2811 1694 2850 statim
1720 2812 1816 2849 illius
1842 2815 1995 2866 provide
2020 2817 2142 2856 saluti.

93 2870 262 2922 σπεύδῃς,
290 2871 482 2924 προνόησον
502 2877 565 2921 τῆς
589 2875 720 2914 ἐκείνου
739 2878 933 2929 σωτηρίας,
954 2877 999 2916 τὰ
1026 2877 1117 2916 κατα
1139 2894 1163 2925 C
1188 2879 1282 2916 Nam
1298 2889 1435 2913 moram
1452 2888 1521 2912 non
1537 2875 1699 2924 sustinet,
1714 2887 1827 2926 neque
1844 2873 2067 2929 dilationem,
2083 2882 2144 2931 qui

92 2931 217 2969 σαυτὸν
235 2932 346 2983 ἀφείς.
370 2935 424 2971 Οὐ
440 2932 692 2988 γὰρ’ἀνέγεται
710 2939 908 2987 ἀναδολῆς,
930 2939 1007 2978 οὐδὲ
1029 2942 1116 2992 βρα-
1188 2937 1371 2989 submergi
1411 2935 1550 2987 incipit.
1596 2935 1712 2987 Igitur
1745 2936 1866 2975 statim
1898 2952 2044 2978 accurre
2062 2971 2072 2991 ‚
2114 2952 2146 2979 et

92 2992 149 3029 δυ
135 2995 234 3038 τῆτος
249 2996 266 3031 ὁ
283 2993 509 3044 βαπτίζεσθαι
526 2996 673 3047 μέλλων.
688 2998 997 3048 Ἐπίστηθιτοίνυν
1013 3017 1065 3039 τα
1059 3018 1116 3053 so,
1188 3007 1410 3052 quantocyus
1426 3011 1444 3035 e
1459 2993 1629 3035 fluctibus
1647 3010 1730 3035 eum
1748 2997 1858 3050 eripe,
1878 2999 1971 3038 nihil
1993 3015 2060 3040 non
2083 3016 2146 3054 age

90 3051 284 3104 ἐξάρπασον
299 3054 401 3093 αὐτὸν
421 3055 523 3100 ὀξέως
540 3072 600 3095 του
616 3059 803 3099 κλυδωνίου
815 3088 826 3107 ,
841 3062 956 3100 πάντα
976 3062 1117 3110 κίνησον
1190 3071 1230 3100 ut
1243 3061 1363 3114 ipsum
1375 3072 1421 3098 ex
1436 3057 1613 3111 profundo
1629 3057 1794 3098 interitus
1808 3061 1994 3101 extrahas:
2010 3064 2146 3102 etiamsi

92 3112 208 3151 κάλων
238 3113 330 3153 ὥστε
355 3116 457 3154 αὐτὸν
479 3117 718 3169 ἀνιμήσασθαι
751 3122 790 3159 ἐκ
817 3125 878 3160 τοῦ
910 3123 1036 3174 βάθους
1055 3139 1119 3169 της
1193 3133 1227 3162 te
1245 3120 1400 3174 plurima
1422 3119 1562 3171 negotia
1580 3118 1753 3158 aliorsum
1772 3131 1898 3159 vocent
1927 3131 1960 3160 et
1980 3124 2144 3174 trahant,

94 3174 292 3219 απωλείας·
310 3193 373 3215 καν
389 3178 497 3230 μυρία
514 3194 551 3218 σε
566 3178 651 3232 ἕλκῃ
669 3181 860 3233 πράγματα
874 3214 884 3232 ,
902 3184 1048 3235 μηδὲν”
1029 3201 1118 3223 εστι)
1194 3183 1286 3222 nihil
1311 3181 1423 3220 ducas
1445 3181 1560 3232 magis
1583 3181 1818 3237 necessarium
1837 3183 1950 3221 salute
1976 3185 2026 3222 sic
2047 3185 2145 3224 laho-

96 3237 157 3280 τῆς
176 3237 349 3289 σωτηρίας
368 3242 428 3276 τοῦ
451 3239 640 3290 κάμνοντος
661 3244 950 3297 ἀναγκαιότερον·
973 3245 1037 3284 κᾶν
1052 3246 1120 3299 (ap
1194 3244 1326 3293 rantis;
1348 3256 1430 3280 nam
1448 3242 1476 3280 si
1497 3255 1687 3295 parumper
1704 3242 1849 3281 differre
1875 3245 2044 3295 volueris,
2061 3260 2146 3298 per-

99 3297 219 3346 υικρὸν
232 3298 468 3339 αναςαλέσθαι
484 3303 670 3354 βουληθῇς,
687 3304 989 3356 προδώσειςαύτον
1002 3309 1044 3357 τῇ
1060 3311 1120 3345 τοῦ
1195 3306 1299 3344 detur
1314 3311 1518 3355 tempestate
1537 3302 1672 3340 rabida.
1694 3302 1799 3342 Unde
1818 3303 1853 3340 in
1877 3304 1982 3341 tantis
2008 3307 2146 3358 pericu-

99 3372 152 3407 γει.
158 3374 267 3407 ιιυνος
282 3359 317 3403 ὁξ
320 3359 432 3407 jt-ru.
457 3363 520 3401 Διὸ
552 3363 680 3416 τάχους
699 3369 784 3413 ἡμῖν
803 3369 836 3406 ἐν
853 3373 926 3411 ταῖς
948 3369 1121 3408 τοιαύταις
1197 3367 1240 3404 hs
1259 3378 1387 3415 magna
1409 3363 1659 3403 acceleratione
1677 3378 1767 3416 opus
1787 3373 1836 3402 cst
1854 3373 1886 3402 et
1913 3365 2040 3405 studio.
2055 3369 2147 3407 Audi

2507 3522 2516 3791 ,ah-A„-na-2.⁴
2513 3440 2516 3493 -ᾼ-
