2516 3791
630 237 704 267 ἸΝ

91 318 151 357 καὶ
169 317 302 370 σφόδρα
320 316 441 367 πολὺν,
461 317 636 370 ἐμφαίνων
655 321 778 357 ἑαυτοῦ
810 321 872 365 τῆς
903 322 1018 372 ψυχῆς
1051 319 1114 366 τὴν

89 377 228 425 ὀδύνην,
258 378 318 416 καὶ
340 378 403 425 τὴν
424 380 459 416 ἐν
478 380 627 425 διηνεκεῖ
659 382 710 431 τῷ
742 380 857 432 χρόνῳ
890 380 1115 432 ἐγγινομένην

89 440 184 490 αὐτῷ
204 439 354 490 ἀθυμίαν
370 443 433 486 τῆς
448 440 613 483 ἀπαιδίας
634 440 748 480 ἕνεκεν
763 472 772 489 ,
793 442 877 494 φησί
892 457 900 465 ·
926 443 1088 481 Δέσποτα
1102 472 1111 489 ,

86 499 121 536 τί
137 499 289 539 τοιοῦτόν
309 515 368 550 μοι
396 499 537 546 δώσεις;
559 500 647 540 Ἰδοὺ
676 501 743 553 γὰρ
779 503 900 540 λοιπὸν
930 505 977 546 εἰς
1005 506 1114 556 γῆρας

86 559 232 611 ἔσχατον
252 560 404 599 ἐλαύνων
432 561 573 605 ἄτεκνος
606 563 820 614 ἀπολύομαι.
843 563 938 615 ζὈρα
970 566 1044 607 πῶς
1073 565 1112 601 ἐκ

85 621 277 672 προοιμίων
293 624 311 659 ὁ
327 622 457 666 δίκαιος
484 622 702 675 ἐφιλοσόφει,
729 624 898 662 ἀπόλυσιν
917 625 1033 662 καλῶν
1048 622 1111 670 τὴν

85 682 238 720 ἐντεῦθεν
260 682 385 727 ἔξοδον.
408 685 455 722 Οἱ
487 683 556 736 γὰρ
585 683 673 734 μετὰ
705 683 883 736 ἀκριὸείας
902 683 964 730 τὴν
983 683 1111 735 ἀρετὴν

85 743 278 792 μετιόντες,
298 743 438 782 ἐπειδὰν
471 747 533 790 τῆς
564 745 718 782 ἐντεῦθεν
751 745 841 789 ζωῆς
872 747 1110 794 μεταστῶσιν,

84 805 222 849 ἀληθῶς
253 804 374 858 ὥσπερ
407 804 617 843 ἀπολύονται
647 807 716 842 τῶν
755 804 916 855 ἀγώνων,
950 805 1009 843 καὶ
1040 808 1110 844 τῶν

82 864 218 914 δεσμῶν
235 864 401 903 ἀνίενται.
421 865 491 903 Καὶ
520 864 588 917 γὰρ
608 864 820 915 μετάστασίς
851 865 904 909 τίς
937 867 1012 904 ἐστι
1039 871 1110 909 τοῖς

82 924 252 975 ἐναρέτως
286 927 417 976 βιοῦσιν
434 924 504 962 ἀπὸ
525 927 595 962 τῶν
612 925 777 976 χειρόνων
797 925 854 963 ἐπὶ
885 925 928 964 τὰ
959 926 1085 977 βελτίω
1098 958 1108 973 ,

81 984 150 1022 ἀπὸ
168 986 231 1031 τῆς
250 985 464 1037 προσκαίρου
484 986 575 1031 ζωῆς
591 985 648 1024 ἐπὶ
667 985 729 1033 τὴν
748 986 889 1033 διηνεκῆ
909 987 968 1025 κα),
983 987 1109 1026 ἀθάνα-

79 1061 136 1084 τον
163 1046 223 1084 καὶ
240 1045 350 1099 πέρας
368 1049 429 1084 οὐκ
450 1046 609 1099 ἔχουσαν.
627 1046 723 1097 Ἐγὼ
745 1047 779 1085 δὲ
794 1077 803 1094 ,
824 1048 942 1100 φησὶν,
962 1049 1109 1088 ἀπολύο-

81 1119 146 1156 μαι
175 1106 326 1150 ἄτεκνος.
361 1107 431 1145 Καὶ
472 1105 530 1144 ἵνα
559 1106 618 1145 τὸν
648 1106 889 1160 εὔσπλαγχνον
923 1110 1106 1156 Δεσπότην

79 1168 340 1215 ἐπισπάσηται,
360 1168 438 1207 οὐδὲ
454 1168 559 1220 μέχρι
574 1168 702 1207 τούτων
722 1169 825 1219 ἔστη,
838 1171 928 1210 ἀλλὰ
941 1171 976 1209 τί
989 1187 1109 1224 φησιν;

741 236 844 267 CM).
883 236 965 267 XV.
1002 236 1164 266 GENES.

1205 237 1359 268 nonu„
1399 239 1561 271 xxxvt.
2046 235 2135 294 427

1188 320 1320 359 liberis
1344 323 1534 362 dimittor.
1568 325 1758 376 Postquam
1786 340 1917 366 merces
1946 329 2013 381 ipsi
2032 332 2140 370 valde

1187 380 1329 432 copiosa
1350 383 1524 434 promissa
1547 395 1614 433 est,
1635 386 1782 438 exponit
1798 387 1925 426 animm
1949 403 2021 427 suae
2037 391 2139 428 dolo-

1187 454 1261 478 rcm
1285 451 1318 479 et
1347 444 1528 482 tristitiam
1563 455 1708 498 propter
1735 448 1847 499 prolis
1868 449 2037 501 inopiam,
2069 465 2138 501 qua

1185 500 1357 540 diuturno
1371 512 1529 556 tempore
1542 507 1750 558 angebatur,
1770 508 1928 561 dicitque
1944 525 1952 546 :
1972 511 2137 558 Domine,

1184 562 1271 612 quid
1296 564 1365 601 tale
1384 565 1472 603 mibi
1494 567 1625 605 dabis?
1654 569 1744 606 Ecce
1761 570 1855 608 enim
1878 584 1942 621 ego
1962 586 2074 622 usque
2091 572 2139 610 ad

1185 631 1381 661 extremam
1400 636 1574 664 senectam
1594 631 1739 680 perveni
1744 661 1755 679 ,
1780 641 1812 668 et
1830 633 1928 684 prole
1949 647 2068 671 carens
2083 633 2137 672 di-

1184 682 1317 721 mittor.
1337 684 1432 724 Vide
1441 688 1622 736 quomodo
1638 690 1762 740 priscis
1780 692 1852 730 illis
1867 694 2137 746 saeculisjustus

1184 741 1245 780 ille
1261 743 1594 797 philosophabatur,
1609 749 1852 790 dimissionem
1867 767 1997 792 vocans
2009 769 2052 793 ex
2072 756 2138 795 boc

1183 803 1320 841 mundo
1336 805 1544 845 discessum.
1563 809 1655 846 Nam
1679 811 1738 860 qui
1756 811 1868 849 vitam
1884 813 2028 852 honeste
2046 826 2080 854 et
2099 817 2134 855 in

1183 862 1378 904 virtutibus
1388 877 1547 919 egerunt,
1560 869 1706 919 quando
1721 885 1765 908 ex
1777 871 1844 909 bac
1859 873 1932 910 vita
1947 875 2121 927 emigrant

1181 983 1248 1022 bus
1271 995 1305 1024 ct
1329 1001 1348 1024 a
1374 988 1538 1026 vinculis.
1571 989 1636 1028 Est
1666 991 1760 1030 enim
1784 1006 1879 1030 mors
1899 993 1943 1031 iis
1964 996 2025 1045 qui
2045 996 2132 1035 bene

1180 1105 1282 1156 liora,
1311 1123 1331 1146 a
1353 1118 1576 1163 temporanea
1599 1113 1672 1151 vita
1699 1113 1746 1151 ad
1768 1124 1975 1167 perpetuam
1997 1127 2030 1156 et
2059 1119 2133 1157 im-

1181 1169 1365 1208 mortalem
1386 1171 1562 1224 finemque
1584 1187 1652 1212 non
1673 1174 1874 1214 habentem.
1899 1178 1984 1229 Ego
2004 1189 2134 1218 autem

79 1227 124 1266 ‘O
145 1228 180 1266 δὲ
213 1228 284 1273 υἱὸς
313 1229 438 1273 Μαζὲκ
466 1231 529 1276 τῆς
557 1232 752 1281 οἷκογενοῦς
780 1247 845 1282 μου
861 1261 870 1278 ,
897 1233 1017 1280 ἐπειδὴ
1045 1236 1107 1272 οὐχ
1131 1214 1168 1279 ΛΞ,
1180 1229 1366 1279 dimittor,
1382 1231 1512 1283 inquit,
1535 1236 1618 1272 sine
1637 1235 1780 1274 liberis.
1801 1235 1849 1274 Et
1871 1246 1909 1275 ut
1929 1238 2126 1278 misericor-

76 1288 209 1332 ἔδωκάς
236 1305 296 1340 μοι
328 1289 469 1342 σπέρμα
483 1319 494 1338 ,
530 1284 628 1334 οὗτος
659 1291 927 1344 κληρονομήσει.
965 1294 1106 1342 Πολλὴν

77 1349 237 1389 ἐπίτασιν
257 1349 379 1397 ὀδύνης
405 1353 468 1396 τῆς
493 1351 528 1388 ἐν
546 1354 589 1402 τῇ
623 1353 719 1403 ψυχῇ
754 1352 917 1404 ἐμφαίνει
940 1354 1040 1392 ταυτὶ
1061 1355 1106 1393 τὰ

77 1410 230 1463 ῥήματα.
254 1411 449 1464 Μονονουχὶ
482 1412 549 1464 γάρ
580 1428 666 1464 φησι
696 1412 782 1465 πρὸς
818 1412 877 1451 τὸν
897 1414 1009 1452 Θεόν·
1029 1416 1104 1454 οὐδὲ

74 1473 145 1509 τῶν
166 1474 279 1510 αὐτῶν
299 1471 469 1521 ἠξιώθην,
494 1466 542 1510 ὧν
564 1476 582 1512 ὁ
613 1473 808 1525 οἰκογενὴς,
835 1476 912 1512 ἀλλ’
939 1475 1008 1526 ἐγὼ
1041 1476 1104 1528 μὲν

75 1531 196 1583 ἄγονος
213 1533 273 1570 καὶ
292 1533 433 1577 ἄτεκνος
449 1533 703 1584 ἀπελεύσομαι,
726 1528 824 1578 οὗτος
841 1534 876 1573 δὲ
891 1538 908 1573 ὁ
927 1537 1104 1588 οἰκογενής

75 1607 140 1642 μου
163 1593 420 1644 κληρονομήσει
447 1593 491 1632 τὰ
512 1593 609 1646 παρὰ
636 1597 696 1633 σοῦ
722 1611 782 1646 μοι
804 1595 1022 1647 δωρηθέντα,
1042 1597 1102 1636 καὶ

73 1656 184 1691 ταῦτα
204 1652 298 1697 ἅπαξ
324 1654 384 1692 καὶ
415 1654 570 1707 δεύτερον
604 1654 793 1707 ὑπόσχεσίν
815 1671 880 1706 μου
913 1656 1101 1707 δεξαμένου

72 1713 169 1767 παρὰ
188 1717 248 1752 σοῦ
260 1743 269 1760 ,
282 1714 336 1752 ὅτι
349 1718 399 1767 τῷ
412 1714 589 1767 σπέρματί
605 1731 666 1754 σου
679 1714 782 1754 δώσω
796 1715 859 1763 τὴν
875 1720 940 1768 γῆν
958 1716 1100 1764 ταύτην.

71 1774 205 1813 Σκόπει
230 1790 291 1826 μοι
323 1775 382 1813 καὶ
399 1778 552 1814 ἐντεῦθεν
570 1781 630 1814 τοῦ
649 1775 783 1814 δικαίου
800 1776 863 1823 τὴν
881 1778 1029 1829 ἀρετὴν,
1046 1779 1101 1818 ὅτι

71 1835 132 1874 καὶ
166 1835 244 1880 τοὺς
277 1836 463 1887 λογισμοὺς
497 1838 639 1881 τούτους
661 1837 817 1890 στρέφων
839 1839 874 1876 ἐν
897 1842 940 1890 τῇ
966 1841 1100 1893 διανοίᾳ

69 1896 236 1935 οὖδέποτε
256 1897 510 1950 ἐδυσχέρανεν,
533 1897 696 1936 οὐδέποτε
717 1897 806 1949 βαρύ
824 1915 859 1936 τι
893 1900 1099 1951 ἐφθέγξατο·

69 1956 161 1995 ἀλλὰ
175 1957 235 1995 καὶ
249 1961 307 1995 νῦν
326 1959 539 2011 προτραπεὶς
553 1961 592 1997 ἐκ
605 1962 673 1997 τῶν
690 1959 776 2012 πρὸς
796 1960 898 1999 αὐτὸν
917 1962 1098 2013 ῥημάτων,

69 2018 347 2071 παρῥησιάζεται
368 2018 454 2070 πρὸς
472 2019 531 2057 τὸν
548 2019 752 2067 Δεσπότην,
780 2020 840 2058 καὶ
866 2023 935 2058 τῶν
964 2022 1097 2061 ἔνδοθεν

67 2079 246 2130 λογισμῶν
263 2078 326 2125 τὴν
350 2079 509 2132 ταραχὴν
530 2080 727 2127 κατάδηλον
743 2087 855 2128 ποιεῖ,
871 2082 930 2120 καὶ
947 2082 1097 2121 δείκνυσι

67 2142 130 2186 τῆς
159 2142 275 2192 ψυχῆς
302 2141 408 2178 αὐτοῦ
439 2141 478 2179 τὸ
502 2140 624 2184 ἕλκος·
659 2142 703 2178 δι’
725 2141 742 2180 ὃ
762 2142 822 2180 καὶ
858 2149 1002 2195 ταχεῖαν
1031 2143 1095 2189 τὴν

68 2199 222 2252 ἰατρείαν
239 2199 392 2244 ἐδέξατο.
411 2200 482 2238 Καὶ
500 2200 642 2246 εὐθέως,
657 2201 742 2252 φησὶ
755 2231 764 2246 ,
787 2202 883 2254 φωνὴ
903 2205 997 2242 Θεοῦ
1016 2203 1096 2255 ἐγέ-

65 2275 142 2298 νετο
156 2259 242 2314 πρὸς
261 2259 375 2299 αὐτόν.
395 2259 493 2312 εὈρα
511 2262 574 2306 τ’ἦς
599 2262 741 2314 Γραφῆς
757 2261 822 2309 τὴν
836 2263 1095 2315 παρατήρησιν.

65 2319 205 2363 Εὐθέως
219 2348 229 2365 ,
253 2319 370 2371 φησίν.
390 2321 444 2358 Οὐ
473 2319 713 2372 συνεχώρησεν
733 2321 809 2361 οὐδὲ
827 2323 952 2375 μικρὸν
967 2325 1097 2377 δυσχε-

67 2386 167 2432 ρᾶναι
191 2381 249 2419 τὸν
270 2380 417 2428 δίκαιον,
436 2381 526 2420 ἀλλὰ
541 2388 686 2434 ταχεῖαν
703 2382 835 2435 εἰσάγει
848 2383 911 2431 τὴν
931 2400 1096 2439 παραμυ-

64 2440 156 2489 θίαν,
177 2441 237 2478 καὶ
255 2444 318 2488 τῆς
344 2441 457 2488 λύπης
475 2442 514 2480 τὸ
538 2442 680 2494 μέγεθος
711 2445 929 2490 διασκεδάζει
950 2446 1005 2484 διὰ
1025 2450 1094 2485 τῶν

63 2501 148 2554 πρὸς
166 2501 269 2540 αὐτὸν
298 2501 476 2554 ῥημάτων.
501 2504 570 2542 Καὶ
590 2504 710 2552 εὐθὺς,
737 2505 848 2556 φησὶ,
874 2506 970 2558 φωνὴ
1000 2509 1094 2547 Θεοῦ

63 2561 198 2612 ἐγένετο
224 2563 310 2615 πρὸς
337 2563 441 2602 αὐτὸν
476 2564 626 2616 λέγουσα
643 2580 650 2588 ·
687 2568 724 2604 οὗ
759 2568 1017 2620 κληρονομήσει
1055 2585 1094 2608 σε

63 2617 160 2667 οὗτος
170 2653 180 2671 ,
200 2623 279 2662 ἀλλ’
294 2624 329 2667 ὃς
345 2623 560 2668 ἐξελεύσεται
573 2627 612 2664 ἐκ
626 2630 686 2665 σοῦ
698 2657 707 2674 ,
725 2621 823 2672 οὗτος
836 2631 1093 2682 κληρονομήσει

62 2699 114 2722 σε.
133 2685 269 2732 Τοῦτο,
288 2685 390 2737 φησὶ,
419 2686 597 2733 δέδοικας,
623 2688 723 2726 τοῦτό
758 2704 819 2727 σου
847 2689 904 2727 τὸν
924 2692 1092 2742 λογισμὸν

61 2744 242 2796 ταράττει;
259 2745 361 2784 τοῦτό
381 2762 440 2786 σου
457 2746 520 2794 τὴν
537 2748 688 2799 ἀθυμίαν
710 2750 874 2789 ἐπιτείνει
889 2768 899 2796 z,
926 2753 1091 2791 Μάνθανε

59 2805 173 2844 τοίνυν
190 2806 243 2844 δ’τι
262 2809 315 2845 Οὐ
334 2808 591 2861 κληρονομήσει
610 2825 647 2847 σε
668 2804 782 2855 οὗτος·
804 2812 883 2850 ἀλλ’
897 2812 933 2856 ὃς
960 2813 1091 2857 ἐξελεύ-

61 2881 158 2904 σεται
176 2869 216 2905 ἐκ
238 2870 319 2914 σοῦ,
346 2862 444 2912 οὗτος
463 2870 721 2921 κληρονομήσει
738 2888 788 2910 σε.
822 2872 883 2919 Μὴ
913 2874 1000 2927 πρὸς
1027 2875 1090 2922 τὴν

60 2927 159 2978 φύσιν
187 2928 301 2967 τοίνυν
327 2929 401 2981 ἴδῃς
432 2929 496 2977 τὴν
532 2931 769 2983 ἀνθρωπίνην,
799 2933 888 2983 μηδὲ
919 2934 959 2972 τὸ
980 2939 1024 2986 γῆ
1031 2952 1091 2988 ρας

59 2987 166 3027 ἐννόει
185 2989 225 3026 τὸ
247 2989 327 3037 σὸν,
348 2990 439 3040 μήτε
463 2994 526 3037 τῆς
542 2991 659 3043 Σάρας
687 2992 750 3039 τὴν
771 2994 954 3047 στείρωσιν
967 3011 975 3018 ·
999 2996 1090 3035 ἀλλὰ

59 3051 102 3099 τῇ
128 3049 270 3101 δυνάμει
296 3054 380 3101 ἐμοῦ
405 3056 466 3090 τοῦ
487 3053 787 3104 ἐπαγγειλαμένου
814 3055 1011 3104 πεποιθὼς,
1027 3061 1090 3104 τῆς

60 3108 123 3158 μὲν
143 3110 291 3161 ἀθυμίας
321 3111 419 3155 ἐκτὸς
453 3112 571 3164 γίνου,
603 3113 706 3165 δέχου
738 3114 774 3153 δὲ
796 3115 856 3153 καὶ
875 3116 997 3163 ἱκανὴν
1025 3117 1089 3165 τὴν

58 3170 297 3223 παράκλησιν,
319 3172 378 3211 καὶ
397 3179 516 3212 πεῖσον
533 3175 674 3220 σαυτὸν,
694 3176 741 3219 ὡς
761 3175 847 3219 ἕξεις
872 3178 1087 3230 κληρονόμον

58 3231 116 3269 τὸν
136 3233 176 3269 ἐκ
207 3236 267 3270 σοῦ
296 3233 468 3283 μέλλοντα
501 3234 692 3274 τίκτεσθαι.
726 3230 817 3275 Εἶτα
846 3238 967 3286 ἐπειδὴ
1001 3239 1088 3292 ὑπὲρ

59 3291 161 3343 φύσιν
175 3285 218 3339 ἧν
233 3296 255 3339 ἡ
275 3294 466 3346 ἐπαγγελία
481 3325 491 3342 ,
512 3295 571 3333 καὶ
591 3295 688 3334 ἐνίκα
719 3297 887 3349 λογισμὸν
906 3299 1086 3351 ἀνθρώπι-

59 3366 115 3389 νον
137 3353 292 3400 (πολλὴν
310 3354 378 3406 γὰρ
397 3356 492 3407 αὐτῷ
512 3356 660 3394 ἐνεποίει
675 3356 739 3404 τὴν
757 3358 864 3405 ζάλην
883 3358 929 3398 τὰ
943 3361 1005 3406 τῆς
1020 3360 1085 3412 φύ-

61 3427 145 3456 σεως
173 3413 386 3465 κωλύματα,
422 3415 461 3453 τὸ
480 3418 589 3468 γῆρας
617 3417 655 3456 τὸ
683 3419 802 3467 αὐτοῦ,
842 3422 902 3466 τ’ἧς
923 3419 1041 3473 Σάρας
1063 3425 1083 3467 ἢ

1118 2656 1142 2687 C

1111 3329 1137 3358 D

1179 1288 1258 1327 dem
1274 1291 1469 1331 Dominum
1483 1294 1552 1332 sibi
1568 1295 1787 1345 conciliaret,
1806 1311 1873 1335 non
1891 1298 1935 1337 iis
1951 1310 2134 1340 contentus

1178 1349 1245 1388 fuit
1266 1352 1407 1401 verbis;
1423 1354 1484 1392 sed
1505 1355 1594 1406 quid
1612 1356 1727 1394 dicit?
1747 1359 1877 1397 Filius
1897 1369 2026 1398 autem
2042 1365 2134 1401 Ma-

1178 1423 1240 1448 sec
1252 1426 1385 1451 vernae
1404 1429 1509 1464 τηεσε,
1524 1418 1562 1454 5.
1581 1420 1769 1466 quoniam
1789 1432 1867 1456 non
1882 1421 2023 1459 dedisti
2037 1425 2134 1461 milti

1177 1484 1323 1519 semen,
1340 1475 1409 1512 ille
1427 1476 1536 1514 heres
1552 1491 1659 1516 meus
1673 1481 1757 1516 erit.
1777 1479 1958 1531 Ingentem
1973 1482 2132 1522 dolorem

1176 1532 1303 1571 animae
1329 1535 1406 1586 ejus
1425 1535 1607 1576 declarant
1627 1538 1704 1576 baec
1722 1539 1846 1589 verba,
1875 1543 1978 1592 quasi
1998 1543 2133 1584 diceret

1175 1592 1252 1631 Deo
1269 1609 1277 1630 ε
1292 1596 1413 1645 Neque
1428 1610 1466 1634 ea
1481 1611 1560 1635 sum
1574 1607 1785 1650 assequutus
1800 1615 1879 1651 quae
1894 1616 2017 1642 sewus
2031 1618 2132 1644 meus

1173 1653 1403 1704 vernaculus,
1424 1655 1483 1693 sed
1503 1670 1566 1707 ego
1586 1657 1730 1707 quidem
1747 1659 1854 1697 abibo
1867 1661 1942 1698 sine
1957 1662 2032 1700 filio
2048 1679 2055 1699 :
2071 1663 2130 1702 hic

1174 1721 1293 1751 autem
1323 1717 1536 1754 vernaculus
1566 1732 1666 1756 meus
1697 1719 1930 1758 hereditatem
1957 1723 2128 1775 accipiet,

1173 1787 1252 1823 quae
1270 1788 1289 1812 a
1315 1784 1349 1813 tc
1368 1776 1458 1814 mihi
1477 1776 1575 1828 data,
1597 1778 1705 1830 idque
1719 1794 1800 1818 cum
1815 1781 1922 1819 semel
1943 1791 2048 1834 atque
2064 1784 2128 1822 ite-

1174 1848 1254 1871 rum
1273 1836 1544 1886 promissionem
1563 1853 1582 1876 a
1606 1848 1639 1876 te
1658 1841 1853 1892 acceperim
1877 1841 2018 1881 dicente
2035 1860 2042 1880 ε
2060 1845 2128 1883 Se-

1175 1897 1272 1932 mini
1294 1904 1358 1933 tuo
1375 1897 1477 1934 dabo
1500 1907 1643 1937 terram
1663 1901 1778 1938 hanc.
1798 1901 2005 1953 Considera,
2025 1905 2127 1944 obse-

1174 1967 1245 2002 cro,
1266 1965 1299 1993 et
1318 1956 1385 1994 hoc
1401 1958 1479 1996 loco
1491 1959 1579 2010 justi
1595 1960 1778 2008 virtutem,
1793 1964 1972 2012 quomodo
1986 1967 2124 2018 cogita-

1173 2017 1373 2055 tioneshas
1389 2018 1425 2056 in
1443 2020 1561 2058 animo
1576 2035 1732 2069 versans,
1750 2036 1943 2074 numquam
1960 2025 2124 2078 indigna-

1170 2083 1239 2125 tus,
1269 2091 1383 2128 neque
1411 2079 1513 2118 aliud
1540 2080 1675 2119 durum
1707 2082 1875 2132 loquutus
1908 2085 1953 2123 sit
1975 2088 2065 2126 :sed
2091 2098 2126 2127 et

1169 2150 1264 2175 nunc
1282 2138 1472 2190 instigatus
1495 2141 1614 2179 verbis
1637 2156 1715 2192 quae
1736 2143 1903 2194 loquutus
1916 2155 1967 2183 est
1985 2148 2016 2185 ei
2044 2150 2123 2187 Do—

1169 2196 1302 2247 minus,
1338 2213 1468 2251 magna
1498 2200 1631 2239 fiducia
1669 2204 1866 2241 Dominum
1902 2206 2123 2260 alloquitur,

1169 2259 1467 2311 manifestamque
1484 2262 1570 2300 facit
1584 2263 1761 2303 internam
1776 2266 2032 2318 cogitationum
2046 2286 2124 2324 per-

1169 2319 1421 2370 turbationem,
1444 2323 1632 2362 ostendens
1657 2325 1784 2363 animae
1799 2340 1871 2364 suae
1891 2328 2010 2379 ulcus;
2031 2331 2125 2370 unde

1169 2388 1202 2417 et
1215 2381 1451 2420 acceleratum
1464 2384 1598 2437 accepit
1607 2385 1920 2426 medicamentum.
1932 2392 1969 2428 4.
1979 2393 2033 2430 Et
2043 2402 2123 2431 sta-

1170 2444 1238 2479 tim
1255 2457 1336 2480 vox
1351 2445 1556 2497 Deisacta
1574 2455 1631 2484 est
1653 2449 1708 2484 ad
1721 2462 1821 2487 eum.
1838 2450 1934 2488 Vide
1954 2453 2121 2504 Scriptu-

1168 2516 1215 2541 rae
1231 2504 1509 2544 accurationem.
1529 2506 1684 2554 Statim,
1707 2508 1839 2560 inquit.
1861 2510 1939 2548 Non
1960 2514 2123 2563 permisit

1162 2564 1301 2615 justum
1320 2564 1377 2602 vel
1390 2565 1539 2603 minimo
1553 2575 1712 2619 tempore
1728 2569 1826 2620 angi,
1845 2570 1905 2607 sed
1921 2572 2121 2612 festinatam

1166 2624 1197 2662 ei
1224 2625 1499 2662 consolationem
1527 2626 1642 2674 affert,
1674 2636 1707 2664 et
1728 2628 1938 2678 gravitatem
1959 2634 2120 2672 moeroris

1165 2685 1330 2723 emendat
1350 2685 1470 2723 verbis
1501 2700 1580 2736 quae
1610 2695 1695 2724 tunc
1716 2688 1747 2724 ei
1769 2688 1940 2739 loquutus
1973 2702 2038 2730 est.
2064 2696 2120 2733 Ee

1165 2749 1313 2792 statim,
1334 2746 1462 2796 inquit,
1479 2760 1560 2784 vox
1577 2748 1779 2799 Deisezcta
1795 2758 1852 2787 est
1868 2752 1923 2788 acl
1938 2766 2039 2799 eum,
2060 2756 2118 2792 di-

1164 2821 1255 2845 cens
1275 2823 1286 2843 .·
1307 2809 1398 2845 Non
1414 2809 1483 2845 erit
1503 2808 1565 2844 Izic
1585 2808 1693 2846 heres
1714 2817 1814 2856 tuus,
1837 2812 1907 2848 sed
1928 2817 1997 2864 qui
2015 2829 2118 2867 egre-

1165 2869 1294 2906 dietur
1308 2882 1354 2905 ex
1370 2876 1419 2914 te,
1442 2868 1505 2905 hic
1521 2869 1630 2906 heres
1648 2877 1734 2906 tuus
1762 2873 1848 2908 erit.
1870 2871 2037 2923 Hoccine,
2064 2876 2118 2914 in-

1165 2929 1258 2980 quit,
1277 2929 1458 2967 timuisti?
1479 2928 1626 2966 hoccine
1642 2938 1797 2969 mentem
1815 2941 1912 2971 tuam
1928 2935 2118 2974 turbavit?

1163 2991 1309 3029 hoccine
1321 2989 1502 3028 tristitiam
1518 2998 1614 3027 tuam
1631 3000 1736 3041 auget
1748 2992 1766 3029 Ξ)
1779 2992 1878 3031 Scias
1894 2993 2006 3046 igitur
2022 2996 2117 3036 hunc

1164 3065 1232 3089 non
1251 3052 1324 3089 fore
1340 3049 1506 3088 heredem
1523 3059 1639 3099 tuum,
1659 3052 1734 3089 Sed
1748 3056 1816 3104 qui
1834 3057 2051 3107 egredietur
2068 3073 2117 3096 ex·

1164 3121 1213 3161 te,
1235 3113 1297 3150 hic
1317 3113 1426 3149 heres
1443 3119 1530 3148 tuus
1549 3113 1635 3149 erit.
1657 3112 1709 3149 Ne
1728 3112 1839 3164 igitur
1858 3115 1904 3153 ad
1921 3116 2114 3156 humanam

1162 3181 1297 3226 spectes
1312 3180 1489 3221 naturam,
1508 3184 1551 3208 ne
1570 3180 1667 3209 tuam
1683 3182 1869 3224 senectam,
1885 3176 2027 3216 Saraeve
2046 3188 2111 3217 stc-

1161 3234 1331 3272 rilitatem
1345 3231 1463 3269 animo
1484 3231 1609 3269 volvas
1627 3232 1709 3271 :sed
1727 3234 1804 3285 ejus
1818 3235 1880 3286 qui
1898 3236 1963 3274 tibi
1980 3239 2115 3290 promi-

1162 3295 1207 3333 sit
1226 3293 1390 3346 potentiae
1407 3291 1495 3329 bene
1516 3291 1599 3341 fide,
1620 3302 1653 3331 et
1672 3293 1854 3333 tristitiam
1872 3311 2019 3349 ponens,
2037 3301 2113 3337 sus-

1162 3353 1339 3391 ficientcm
1368 3350 1642 3390 consolationem
1673 3353 1807 3406 accipe,
1834 3369 2112 3409 persuasumque

1160 3419 1289 3458 habeas
1309 3428 1342 3457 tc
1360 3417 1526 3458 heredem
1549 3419 1770 3471 habiturum,
1793 3421 1853 3473 qui
1874 3437 1918 3462 ex
1938 3433 1971 3462 tc
1990 3438 2112 3462 nasca-

2123 907 2133 925 )
2168 901 2227 929 Oui
2246 905 2337 931 mori-

1181 936 1263 962 vere
1282 925 1495 977 liberantur,
1517 938 1550 967 et
1563 930 1664 980 quasi
1684 931 1874 969 solvuntur
1891 947 1909 970 a
1930 936 2132 974 certamini·
2147 928 2194 970 m}
2229 944 2337 972 libera—

2147 990 2338 1055 iiiiriiiilniuirltl

1180 1045 1322 1097 vivunt,
1345 1049 1529 1088 translatio
1558 1051 1724 1102 quaedam
1749 1066 1768 1090 a
1789 1054 1972 1106 pejoribus
1990 1057 2033 1095 ad
2057 1073 2160 1111 mesa
2177 1068 2314 1095 vinculis.
