2516 3791
667 199 705 228 m
744 199 847 228 CAP.
887 196 1076 227 xxxviii.

123 287 253 331 ἐκείνης
282 285 395 323 αἰτίαν
425 283 482 321 τὸν
503 282 648 321 θάνατον
678 281 908 333 ἐπενηνέχθαι
926 282 977 332 τῷ
994 279 1067 330 Ἧρ
1087 278 1146 317 καὶ

1116 194 1278 225 Geniis.

1317 194 1472 224 ιιωιιι.
1515 189 1624 224 Lxu.
2079 177 2169 239 (387

1217 292 1321 315 causa
1338 287 1495 316 mortuos
1509 277 1559 315 Er
1573 286 1605 315 et
1623 279 1763 324 Aunan,
1789 275 1896 326 idque
1925 284 2081 313 metuens
2097 290 2172 312 eam

123 350 173 400 τῷ
194 345 326 392 Αὐνὰν,
357 344 416 382 καὶ
445 347 547 382 τοῦτο
577 342 739 385 δεδοικὼς
768 342 826 381 τὸν
849 340 984 392 Σηλὼμ
1001 341 1090 391 αὐτῇ
1110 341 1148 378 οὗ
1173 348 1193 377 B
1218 353 1286 376 non
1311 338 1411 377 dedit
1441 339 1580 385 Selom,
1608 337 1774 390 (pi-'imvis
1807 336 1839 374 ci
1868 336 2103 388 promisisset,
2138 349 2174 375 ut

119 408 260 456 δέδωκε,
278 406 338 445 καὶ
365 409 476 444 ταῦτα
503 403 754 456 ὑποσχόμενος,
781 403 836 441 ἵνα
859 405 931 455 γνῷ
958 403 1002 440 δι’
1032 403 1148 440 αὐτῶν

120 472 188 507 τῶν
220 465 438 521 πραγμάτων
472 468 518 510 ὡς
551 467 613 505 οὐκ
644 465 758 512 ἐκείνη
781 464 876 504 αἰτία
905 468 966 503 τοῦ
995 462 1145 502 θανάτου

120 529 261 573 ἐκείνοις
279 527 482 580 γεγένηται,
518 526 608 566 ἀλλὰ
636 526 693 565 διὰ
722 526 786 573 τὴν
815 525 946 564 οἰκείαν
976 522 1144 576 πονηρίαν

117 590 179 633 τὰς
208 588 381 642 τιμωρίας
400 588 561 640 ἐδέχοντο
576 587 787 636 (Ἁπέκτεινε
803 587 871 640 γὰρ
890 586 1006 631 αὐτὸν,
1027 584 1144 636 φησὶν,

117 655 135 691 ὁ
167 652 274 695 Θεός·
313 650 373 689 καὶ
406 650 524 699 πάλιν,
551 649 791 689 Ἐθανάτωσεν
825 649 926 688 αὐτὸν
946 679 955 696 ,
982 646 1144 699 περὶτοῦ

117 712 312 766 δευτέρου),
343 711 402 751 διὰ
426 716 526 751 τοῦτο
549 712 651 755 αὐτὸς
675 711 839 763 μίγνυται
872 712 1005 762 ἀγνοῶν
1032 710 1076 759 τῇ
1098 710 1145 747 οἷ-

119 774 195 826 κείᾳ
216 773 331 825 νύμφῃ
344 804 354 821 ,
389 771 448 811 καὶ
470 773 636 822 μανθάνει
655 772 712 810 διὰ
731 774 800 810 τῶν
829 771 938 825 ἔργων
957 770 1013 810 ὅτι
1033 771 1098 822 οὐχ
1121 773 1143 816 ἡ

114 835 244 883 ταύτης
271 834 384 883 αἰτία,
413 835 490 872 ἀλλ’
515 837 536 881 ἡ
560 834 700 873 ἐκείνων
721 832 828 872 κακία
848 831 1056 876 ὑπευθύνους
1077 832 1140 870 αὐ-

117 898 195 940 τοὺς
213 900 257 944 τῇ
287 895 438 948 τιμωρίᾳ
458 895 617 946 γενέσθαι
644 894 837 943 πεποίηκε,
858 893 918 932 καὶ
936 893 1146 945 ἐξομολογη-

118 958 264 1008 σάμενος
282 957 322 996 τὸ
341 958 465 996 οἰκεῖον
483 956 692 1010 ἁμάρτημα,
712 956 876 1004 κάκείνην
898 959 960 1003 τῆς
976 955 1149 1007 τιμωρίας

117 1018 341 1067 ἀπαλλάξας,
371 1020 424 1058 Οὐ
451 1017 661 1071 προσέθετο,
690 1018 793 1071 φησὶν
810 1049 820 1066 ,
848 1017 900 1056 ἔτι
927 1020 987 1056 τοῦ
1019 1020 1149 1068 γνῶναι
1171 1024 1195 1055 C

119 1079 247 1126 αὐτήν·
278 1078 411 1125 δεικνὺς
431 1079 482 1119 ὅτι
507 1079 579 1118 οὐδ’
600 1079 640 1117 ἂν
659 1080 700 1118 τὸ
717 1079 884 1133 πρότερον
905 1081 993 1130 αὐτῇ
1013 1079 1150 1130 συνεγέ-

118 1158 208 1189 νετο,
232 1144 260 1180 εἰ
281 1142 330 1193 μὴ
352 1142 474 1194 ἀγνοίᾳ
492 1142 556 1190 τὴν
574 1142 663 1194 μίξιν
682 1142 882 1195 εἰργάσατο.
921 1136 1010 1180 Εἶτα
1030 1141 1150 1189 ἐπειδὴ

121 1204 316 1255 διηγήσατο
344 1206 429 1255 ἡμῖν
456 1208 478 1251 ἡ
508 1204 583 1242 θεία
614 1203 736 1257 Γραφὴ
768 1202 859 1255 μετὰ
888 1203 1068 1256 ἀκριίείας
1089 1203 1152 1250 τὴν

122 1265 354 1317 γεγενημένην
377 1265 515 1313 ἀπάτην
541 1265 610 1304 ὑπὸ
633 1269 695 1312 τῆς
722 1265 874 1319 Θάμαρ,
906 1265 1026 1304 λοιπὸν
1058 1265 1152 1304 διδά-

123 1342 199 1365 σκει
222 1331 338 1378 ἡμᾶς,
367 1326 426 1365 καὶ
448 1326 525 1364 τίνα
553 1326 627 1364 ἐστὶ
656 1326 700 1365 τὰ
721 1329 804 1378 παρ’
835 1328 941 1374 αὐτῆς
965 1326 1154 1377 τικτόμενα

122 1387 257 1426 παιδία.
291 1387 455 1439 Ἐγένετο
470 1387 556 1441 γὰρ,
581 1387 684 1440 φησὶν
699 1418 709 1435 ,
728 1386 832 1434 ἡνίκα
854 1387 980 1434 ἔτικτε,
995 1387 1054 1425 καὶ
1070 1388 1153 1438 τῇδε

122 1443 164 1494 ἦν
187 1449 316 1498 δίδυμα
342 1450 376 1486 ἐν
404 1451 448 1499 τῇ
471 1448 599 1500 γαστρὶ
624 1449 742 1495 αὐτῆς.
791 1447 953 1499 Ἐγένετο
982 1447 1018 1486 δὲ
1043 1450 1077 1486 ἐν
1105 1450 1155 1500 τῷ

121 1509 250 1548 τίκτειν
271 1509 399 1558 αὐτὴν,
417 1513 435 1549 ὁ
455 1504 502 1554 εἶς
520 1509 752 1562 προεξήνεγκε
770 1509 835 1557 τὴν
854 1515 956 1563 χεῖρα
969 1526 976 1533 ·
997 1509 1155 1548 λαὸοῢσα

121 1571 157 1610 δὲ
176 1575 198 1618 ἡ
221 1577 310 1623 μαῖα
330 1571 451 1619 ἔδησεν
481 1572 540 1610 ἐπὶ
565 1572 626 1619 τὴν
644 1577 746 1624 χεῖρα
767 1573 870 1610 αὐτοῦ
891 1570 1067 1618 κόκκινον,
1094 1570 1155 1610 λε’-

1217 401 1400 439 uianil'cste
1431 415 1472 438 ac.
1505 399 1690 439 evidenter
1718 398 1823 436 sciret
1845 397 1960 450 ipsam
1993 411 2062 435 non
2099 397 2174 435 istis.

1216 476 1360 500 causam
1375 462 1484 500 fuisse
1500 461 1643 510 mortis,
1658 459 1719 498 sed
1737 474 1796 497 eos
1818 468 1962 512 propter
1984 473 2084 496 suam
2101 473 2173 496 nia-

1214 522 1331 561 litium
1357 537 1479 576 poenas
1501 523 1642 561 dedisse
1676 521 1854 569 (Occidit
1889 533 1974 558 eum
1992 550 1999 563 ,
2033 519 2146 570 iuquit
2163 551 2170 561 ,
2190 526 2260 550 ‘ivu-
2283 523 2312 551 ἰ·εἶ
2344 536 2355 563 ,-

1215 586 1321 624 Deus
1340 600 1350 621 :
1366 585 1564 635 etiterum,
1586 584 1734 623 Occidit
1749 596 1857 628 eum,
1876 581 1994 632 inquit
2009 580 2115 619 etiam
2129 580 2172 618 de
2194 575 2237 593 ¹⁴''

1214 646 1411 697 secundo),
1430 654 1616 698 propterea
1637 645 1782 695 ignarus
1801 643 1875 695 ipse
1891 657 1972 681 cum
2000 657 2090 680 nuru
2110 657 2172 680 sua

1215 723 1288 747 rem
1312 707 1443 757 habet,
1469 715 1503 746 et
1523 706 1617 745 clare
1636 704 1765 743 didicit
1784 705 1898 757 ipsam
1921 717 1989 742 non
2014 703 2049 741 in
2070 718 2174 741 causa

1215 769 1343 819 fuisse,
1359 768 1423 809 sed
1443 768 1590 806 illorum
1615 766 1790 805 malitiam
1812 780 1870 803 cos
1892 780 1967 803 reos
1991 780 2101 817 poenae
2122 766 2172 802 l'c-

1216 831 1306 871 cisse
1321 847 1328 868 :
1343 840 1377 870 et
1392 831 1572 870 consessus
1584 836 1769 881 peccatum
1784 841 1902 875 suum,
1917 826 2023 863 etiam
2045 825 2142 863 illam
2156 842 2173 863 .·ι

1217 893 1395 946 supplicio
1411 891 1592 931 liberavit.
1616 891 1706 928 Non
1723 890 1885 942 adjecit,
1903 887 2038 938 inquit,
2057 897 2096 926 uc
2114 903 2174 926 co-

1215 961 1413 1005 gnosceret
1433 965 1540 998 eam,
1564 949 1661 1001 quod
1682 948 1840 987 declarat
1856 979 1864 992 ,
1887 962 1999 999 neque
2019 948 2176 1000 priuuuu

1219 1028 1301 1052 cum
1332 1028 1372 1052 ea
1402 1026 1478 1051 rem
1513 1010 1723 1049 habiturum
1757 1008 1884 1059 fuisse,
1920 1008 1950 1045 si
1978 1007 2178 1060 agnovisset

1220 1089 1310 1115 eam.
1332 1073 1473 1113 Deinde
1489 1082 1678 1126 postquam
1691 1070 1885 1121 diligenter
1902 1070 2058 1108 narravit
2077 1071 2179 1108 nobis

1220 1136 1345 1177 divina
1360 1136 1544 1188 Scriptura
1560 1133 1802 1186 deceptionem
1817 1146 1924 1183 quam
1937 1131 2065 1168 fecerat
2079 1131 2178 1169 Tha-

1221 1214 1319 1248 mar,
1332 1205 1589 1249 consequenter
1602 1195 1706 1234 docet
1721 1208 1782 1232 nos
1797 1193 1858 1244 qui
1876 1192 1942 1229 lilii
1959 1192 1988 1229 ei
2006 1192 2076 1229 sint
2094 1192 2177 1230 nati.

1222 1262 1286 1300 27.
1313 1261 1482 1299 Factum
1498 1266 1555 1296 est
1577 1265 1726 1302 autem,
1751 1253 1886 1304 inquit,
1910 1267 1996 1291 cum
2014 1263 2179 1304 pareret,

1222 1330 1336 1360 erant
1353 1319 1508 1373 gemelli
1523 1321 1564 1356 in
1585 1325 1725 1356 ventre
1747 1317 1828 1367 ejus
1845 1314 1907 1352 93.
1929 1315 1982 1352 Et
2002 1328 2089 1352 cum
2105 1330 2177 1366 pa-

1222 1391 1340 1430 reret,
1365 1394 1464 1420 unus
1477 1379 1674 1433 protendit
1694 1390 1853 1415 manum
1871 1392 1881 1411 .-
1901 1377 2180 1428 apprehensam

1223 1453 1353 1483 autem
1370 1443 1556 1482 obstetrix
1573 1442 1729 1479 coccino
1750 1439 1906 1490 ligavit,
1923 1438 2054 1476 dicens
2075 1454 2084 1473 :
2105 1440 2181 1476 llic

1221 1506 1439 1559 egredietur
1463 1505 1623 1556 primus.
1649 1499 1744 1540 vide
1763 1498 1844 1548 hie,
1868 1499 2039 1548 obsecro,
2060 1514 2180 1537 sacra-

1223 1573 1383 1603 mentum
1395 1572 1429 1602 et
1447 1559 1719 1615 praedictionem
1742 1558 1958 1595 futurorum.
1979 1558 2069 1594 Nam
2085 1567 2181 1610 post-

122 1649 230 1684 γουσα
245 1649 253 1657 ·
282 1633 384 1677 αὐτὸς
404 1633 619 1678 ἐξελεύσεται
643 1636 792 1686 πρῶτος,
813 1631 912 1686 ’Όρα
932 1647 991 1684 μοι
1007 1633 1157 1670 ἐνταῦθα
1177 1641 1202 1673 n
1223 1641 1332 1679 quam
1354 1624 1484 1677 ligavit
1515 1620 1690 1661 obstetrix
1710 1632 1856 1657 manum
1888 1617 2030 1655 coccino
2044 1648 2051 1660 ,
2075 1618 2122 1655 ita
2145 1629 2181 1655 ut

105 1694 316 1745 ’μυστήριον
348 1694 408 1733 καὶ
437 1693 732 1746 προαναφώνησιν
761 1697 829 1732 τῶν
859 1692 1059 1746 μελλόντων
1085 1693 1157 1731 ἔσε-

123 1757 214 1792 σθαι.
252 1752 355 1792 Μετὰ
369 1753 437 1805 γὰρ
456 1754 496 1792 τὸ
515 1754 620 1800 δῆσαι
640 1753 703 1800 τὴν
726 1758 835 1804 μαῖαν
858 1755 906 1797 εἷς
920 1752 984 1800 τὴν
1000 1758 1104 1806 χεῖρα
1118 1752 1158 1791 τὸ

124 1815 296 1863 κόκκινον,
318 1814 409 1854 ὥστε
426 1814 624 1862 κατάδηλον
644 1815 747 1853 αὐτὸν
766 1814 940 1866 γενέσθαι,
955 1814 1034 1853 τότε
1051 1815 1155 1852 Ἐπι-

127 1876 303 1928 συνήγαγε
314 1876 377 1923 τὴν
394 1883 511 1930 χεῖρα,
528 1876 587 1914 καὶ
602 1876 742 1923 ἐξῆλθεν
755 1879 773 1916 ὁ
784 1876 930 1929 ἀδελφὸς
940 1878 1058 1915 αὐτοῦ.
1074 1877 1156 1914 Πα-

125 1938 321 1991 ρεχώρησε,
340 1938 437 1991 φησὶ,
453 1940 502 1990 τῷ
520 1940 657 1991 ἀδελφῷ
673 1939 736 1986 τὴν
753 1938 914 1990 πρόοδον,
932 1938 992 1977 καὶ
1009 1942 1026 1977 ὁ
1041 1940 1159 1977 τελευ-

128 2005 227 2043 ταῖος
237 2000 460 2051 νομιζόμενος
475 2003 611 2053 πρῶτος
619 1999 723 2052 ἐξῄει,
732 2000 817 2040 καὶὸ
828 2003 966 2054 πρῶτος
977 2000 1159 2052 νομιζόμε-

129 2076 184 2104 νος
201 2061 277 2111 μετ’
295 2063 424 2100 ἐκεῖνον
443 2062 580 2116 προῄει.
601 2061 673 2100 Καὶ
689 2055 784 2100 εἶπεν
800 2064 822 2108 ἡ
841 2067 941 2113 μαῖα·
961 2061 995 2099 τί
1013 2061 1156 2110 διεκόπη

129 2122 185 2161 διὰ
207 2123 244 2162 σὲ
267 2123 447 2176 φραγμός,
471 2123 539 2162 Καὶ
560 2122 705 2162 ἐκάλεσε
721 2124 760 2162 τὸ
776 2124 886 2175 ὄνομα
906 2125 1011 2162 αὐτοῦ
1026 2123 1158 2179 Φαρές.

127 2183 287 2231 Διακοπὴ
319 2184 386 2236 γὰρ
413 2184 641 2237 ἑρμηνεύεται
668 2185 708 2224 τὸ
730 2185 859 2236 ὄνομα,
886 2184 946 2223 καὶ
972 2186 1155 2238 μερισμὸς,

126 2247 172 2288 ὡς
192 2245 232 2282 ἂν
253 2245 345 2285 εἴποι
362 2262 424 2291 τις.
464 2246 538 2285 Καὶ
559 2246 648 2295 μετὰ
669 2251 788 2286 τοῦτον
811 2246 952 2294 ἐξῆλθεν
973 2249 991 2284 ὁ
1012 2248 1158 2300 ἀδελφὸς

127 2307 230 2345 αὐτοῦ
259 2309 276 2345 ὃ
304 2308 344 2346 τὸ
375 2313 520 2359 σημεῖον
547 2308 607 2346 ἐπὶ
626 2311 689 2355 τῆς
707 2309 824 2361 χειρὸς
849 2310 912 2354 τῆς
932 2308 1043 2353 δεξιᾶς
1062 2307 1157 2354 δεξά-

128 2383 249 2417 μενος,
278 2369 339 2407 καὶ
361 2369 506 2408 ἐκάλεσε
531 2369 571 2408 τὸ
597 2370 710 2421 ὄνομα
731 2371 836 2408 αὐτοῦ
853 2371 956 2423 Ζαρᾶ
969 2399 979 2418 ,
1005 2370 1022 2410 ὃ
1042 2372 1152 2424 ἑρμη-
1175 2390 1199 2420 E

127 2428 259 2467 νεύεται
288 2430 453 2477 ἀνατολή.
489 2431 559 2469 Καὶ
579 2431 631 2469 ὅτι
651 2432 717 2483 οὐχ
735 2431 856 2474 ἁπλῶς
879 2435 991 2468 ταῦτα
1010 2430 1154 2482 γεγένη-

127 2505 204 2537 ται,
232 2490 322 2529 ἀλλὰ
350 2490 456 2536 τύπος
483 2486 525 2539 ἦν
547 2494 617 2530 τῶν
646 2491 844 2542 μελλόντων
870 2491 1033 2539 ἔσεσθαι,
1064 2491 1153 2531 αὐτὰ

128 2551 225 2597 δηλοῖ
242 2551 286 2589 τὰ
303 2551 507 2604 πράγματα.
539 2552 632 2591 Οὐδὲ
650 2552 718 2604 γὰρ
737 2552 829 2591 κατὰ
850 2552 986 2606 φύσεως
1006 2555 1152 2593 ἀκολου-

128 2611 202 2649 θίαν
221 2606 263 2658 {v
278 2613 318 2651 τὸ
335 2613 483 2664 γεγονός.
511 2615 595 2658 Πῶς
612 2631 681 2668 γαρ
696 2609 737 2662 ἦν
758 2615 916 2662 δυνατὸν,
941 2615 1030 2667 μετὰ
1049 2616 1089 2655 τὸ
1103 2617 1152 2655 δε-

128 2674 230 2718 θῆναι
246 2673 309 2720 τὴν
327 2680 429 2727 χεῖρα
447 2677 498 2727 τῷ
512 2675 681 2728 κοκκίνῳ,
702 2676 808 2714 πάλιν
826 2678 1066 2725 συσταλῆναι,
1091 2677 1152 2716 καὶ

129 2734 245 2772 δοῦναι
270 2734 420 2789 πάροδον
446 2739 496 2789 τῷ
528 2737 617 2788 μετὰ
638 2742 771 2786 ταῦτα,
801 2739 831 2776 εἷ
859 2737 909 2789 μὴ
940 2738 1015 2777 θεία
1033 2755 1086 2782 τις
1108 2733 1151 2787 ἧν

129 2794 270 2845 δύναμις
300 2799 322 2842 ἡ
350 2801 460 2836 ταῦτα
487 2802 808 2850 προοικονομοῧσα,
835 2799 895 2838 καὶ
928 2801 1087 2853 καθάπερ
1117 2803 1151 2839 ἐν

128 2862 210 2907 σκιᾶΙ
229 2872 296 2894 τινι
314 2858 583 2909 προδιετυποῧτο
598 2890 608 2908 ,
634 2860 689 2899 ὅτι
710 2859 746 2904 ἐξ
766 2862 878 2913 ἀρχῆς
895 2861 955 2899 καὶ
977 2862 1017 2899 ἐκ
1035 2877 1153 2915 προοι-

129 2916 218 2966 μίων
238 2919 256 2954 ὁ
273 2919 412 2970 ’Ζαρᾶ,
437 2917 523 2971 ὅπερ
550 2920 642 2958 ἐστὶν
663 2922 816 2970 ἀνατολὴ
836 2917 948 2971 (οὗτος
966 2922 1033 2975 γὰρ
1055 2927 1073 2963 ὁ
1088 2922 1149 2960 τύ-

128 2994 190 3021 πος
210 2982 272 3025 τῆς
293 2979 534 3028 Ἐκκλησίας),
555 2981 684 3035 ἤρξατο
702 2984 925 3035 προκύπτειν,
948 2985 1008 3023 καὶ
1029 2985 1152 3038 μικρὸν

127 3040 354 3092 προελθόντος
369 3042 473 3079 αὐτοῦ
494 3043 554 3080 καὶ
570 3044 876 3096 ὑποχωρήσαντος,
895 3048 917 3092 ἡ
937 3046 1063 3097 νομικὴ
1085 3062 1151 3084 πα-

1224 1687 1388 1740 cognosci
1418 1693 1536 1739 posset
1570 1682 1732 1721 exiturus
1748 1711 1757 1729 ,
1786 1689 1870 1718 tunc
1907 1680 1972 1717 99.
2006 1680 2180 1717 Retraaw't

1224 1762 1406 1796 manum,
1436 1756 1472 1785 et
1492 1747 1585 1785 exiit
1611 1745 1739 1796 frater
1760 1743 1853 1794 ejus.
1886 1739 2021 1788 Cessit,
2042 1739 2180 1791 iuquit,

1223 1810 1346 1858 fratri,
1361 1818 1400 1847 ut
1413 1807 1513 1862 prior
1531 1804 1776 1857 egrederetur,
1794 1810 1827 1840 et
1842 1800 1904 1852 qui
1924 1800 2099 1854 posterior
2116 1815 2181 1852 pu-

1225 1872 1386 1917 tabatur,
1419 1868 1520 1922 prior
1538 1866 1647 1914 exiit,
1671 1873 1704 1902 et
1735 1863 1796 1915 qui
1823 1862 1921 1915 prior
1951 1862 2181 1900 existimaba-

1224 1944 1303 1982 tur,
1331 1930 1506 1987 posterior
1541 1941 1702 1980 egrcssus
1735 1934 1797 1964 est.
1833 1925 1887 1963 Et
1922 1925 2021 1962 davit
2059 1926 2181 1961 obste-

1225 1999 1303 2035 trix
1340 2011 1350 2031 :
1398 1994 1527 2045 Quare
1556 1991 1683 2029 divisa
1715 1995 1770 2026 est
1796 1993 1952 2038 propter
1983 1994 2020 2023 te
2051 1999 2155 2036 sepes
2167 1990 2182 2022 Ρ

1227 2060 1279 2099 Et
1299 2057 1458 2095 vocavit
1480 2066 1619 2092 nomen
1636 2053 1718 2104 ejus
1742 2049 1904 2088 Plzares.
1923 2046 2181 2085 Dissectionem

1225 2120 1321 2159 enim
1335 2127 1369 2157 et
1392 2115 1495 2169 quasi
1516 2112 1744 2166 partitionem
1764 2109 1832 2148 hoc
1849 2122 1976 2146 nomen
1990 2107 2180 2159 significat.

1224 2183 1288 2221 50.
1310 2182 1365 2219 Et
1382 2187 1469 2233 post
1503 2178 1606 2216 Ιιιιηε
1639 2185 1811 2227 egressus
1830 2179 1887 2208 est
1912 2170 2043 2222 frater
2073 2172 2177 2222 ejus.

1224 2245 1292 2296 qui
1304 2245 1458 2296 signum
1471 2242 1514 2278 in
1525 2249 1645 2276 manu
1657 2235 1818 2273 dextera
1833 2239 2047 2283 acceperat,
2064 2240 2097 2270 et
2112 2245 2180 2268 vo-

1222 2306 1327 2346 cavit
1359 2315 1500 2341 nomen
1527 2301 1610 2352 ejus
1638 2296 1767 2341 Zara,
1802 2291 1898 2344 quod
1927 2291 2181 2345 interpretatur

1222 2366 1363 2405 Oriens.
1388 2363 1436 2402 Et
1448 2359 1546 2414 quod
1557 2373 1628 2397 non
1647 2367 1776 2396 temere
1795 2364 1827 2393 et
1841 2353 1976 2404 absque
1988 2367 2092 2391 causa
2107 2353 2180 2391 hcc«-

1221 2428 1312 2466 facta
1329 2426 1420 2475 sint,
1434 2423 1496 2463 sed
1509 2422 1626 2474 figura
1640 2419 1846 2457 futurorum
1860 2415 2005 2465 fuerint,
2021 2429 2075 2453 res
2094 2415 2103 2452 i
2106 2429 2179 2467 psa*

1220 2489 1415 2529 declarant.
1441 2487 1565 2536 Neque
1593 2481 1688 2520 enim
1707 2476 1904 2518 secundum
1924 2485 2059 2515 nauum
2082 2476 2178 2513 ordi-

1219 2565 1302 2591 nem
1321 2550 1390 2588 hoc
1407 2549 1544 2587 factum
1565 2552 1628 2583 est.
1647 2537 1838 2589 Quomodo
1859 2537 1954 2576 enim
1973 2546 2046 2575 erat
2065 2538 2177 2590 possi-

1219 2614 1292 2653 bile
1302 2643 1312 2663 ,
1329 2621 1369 2650 ut
1382 2618 1573 2665 postquam
1586 2617 1711 2642 manus
1725 2601 1836 2652 ligata
1849 2599 1918 2636 fuit
1931 2598 2085 2647 coccino,
2101 2598 2175 2651 ipsa

1219 2676 1350 2715 iterum
1365 2669 1656 2713 contraheretur,
1679 2672 1713 2702 ct
1735 2661 1834 2700 daret
1859 2659 2044 2712 posteriori
2068 2669 2179 2697 trans-

1220 2738 1329 2783 itum,
1352 2733 1422 2772 nisi
1438 2730 1565 2770 divina
1581 2724 1747 2778 quaedam
1765 2722 1880 2761 virtus
1897 2721 1973 2758 haec
1991 2721 2090 2773 prius
2105 2721 2179 2759 dis-

1220 2803 1420 2850 pensasset,
1444 2800 1478 2830 et
1500 2789 1592 2828 sicut
1611 2787 1648 2825 in
1671 2784 1800 2823 umbra
1831 2781 1990 2833 quadam
2010 2782 2177 2834 przefigu-

1220 2853 1451 2907 rasset,quod
1463 2851 1584 2891 statim
1597 2846 1752 2886 abinitio
1766 2843 1974 2895 Zara,quod
1987 2853 2038 2882 est
2049 2844 2178 2882 Oriens
2193 2853 2264 2880 zm
2295 2853 2358 2882 ομ·
2370 2864 2380 2878 ι

2194 2895 2339 2921 ticeli-sue.

1222 2920 1307 2969 (hic
1337 2917 1434 2956 enim
1468 2913 1584 2965 figura
1611 2917 1687 2948 erat
1706 2907 1876 2946 Ecclesia:
1891 2911 1923 2955 ),
1956 2915 2179 2958 prospectare

1224 2981 1331 3033 coepit
1350 2995 1357 3016 :
1377 2992 1449 3029 quo
1469 2972 1652 3028 paulisper
1667 2966 1900 3022 procedente,
1916 2980 1957 3004 ac
1971 2980 2055 3004 mox
2073 2976 2180 3004 retro-

1225 3041 1369 3079 cedente
1382 3069 1392 3088 ,
1408 3035 1532 3089 legalis
1545 3029 1748 3071 observatio
1760 3043 1824 3082 per
1837 3027 1970 3066 Phares
1982 3027 2182 3080 significata

131 3101 349 3152 ρατῆρησιςῆ
371 3102 426 3140 διὰ
442 3105 503 3139 τοῦ
523 3103 642 3155 Φαρὲς
660 3105 861 3156 μηνυομένη
881 3108 1078 3156 ἐπεισῆλθε,
1093 3108 1152 3146 καὶ
1226 3099 1464 3142 subintravit,
1489 3109 1568 3147 quae
1590 3101 1777 3146 postquam
1798 3089 1861 3128 diu
1885 3103 2033 3140 regnum
2053 3088 2182 3126 tenuis-

1168 3154 1177 3164 *
1203 3154 1211 3165 f

131 3237 265 3270 σαντος,
279 3227 337 3261 τοῦ
352 3225 452 3276 Ζαρᾶ
465 3225 569 3277 λέγω,
583 3227 821 3277 προελθόντος,
837 3229 1069 3282 παρεχώρησε
1085 3231 1152 3268 πά-

133 3284 184 3320 λιν
205 3285 247 3334 τῇ
266 3283 461 3338 Ἐκκλησία
479 3293 576 3325 πᾶσα
595 3291 617 3333 ἡ
646 3286 820 3336 Ἰουδαϊκὴ
846 3289 1025 3341 πολιτεία,
1048 3291 1152 3330 Ἀλλὰ

129 3161 244 3213 χρόνῳ
258 3163 377 3215 πολλῷ
386 3167 576 3214 κρατοῦσα,
590 3165 696 3203 πάλιν
710 3169 770 3204 τοῦ
784 3166 952 3219 πρότερον
967 3170 1151 3222 ὕπο-χωρή·
1168 3159 1215 3218 ‘'jx''
1227 3174 1277 3204 set
1293 3194 1302 3210 ‚
1319 3178 1358 3200 eo
1379 3159 1439 3212 qui
1469 3157 1570 3211 prius
1589 3161 1761 3203 cesserat,
1785 3150 1875 3189 Zara
1896 3150 2061 3188 videlicet
2076 3180 2084 3194 ,
2107 3164 2182 3186 rur-

1229 3241 1286 3265 sus
1318 3221 1547 3276 procedente,
1573 3214 1678 3254 cessit
1706 3211 1874 3252 Ecclesioe
1895 3211 2010 3249 omnis
2029 3210 2181 3250 Juda'i‘ca

1229 3283 1475 3327 cousuetudo?
1495 3279 1564 3319 Sed
1587 3279 1674 3316 sorte
1699 3289 1792 3314 nunc
1814 3273 1921 3311 suerit
1949 3271 2180 3310 necessarium

178 3422 190 3435 ‘⁸
209 3421 304 3457 lupi,
321 3418 391 3458 ἕπερ
410 3417 484 3447 ἐστὶν
501 3416 764 3458 ἀνατολή,Ζηνα,
781 3419 927 3462 qiwdcn
952 3421 1086 3451 (h-icns.
1103 3419 1171 3451 Vox
1191 3416 1353 3450 llcl›1·ai'ca
1372 3419 1420 3445 cst
1449 3411 1537 3452 mr,
1554 3409 1611 3441 sed
1633 3405 1834 3450 frequentius
1865 3402 1985 3437 ΠἾῚὊ-
2005 3400 2136 3433 Orno-c,
