2516 3791
741 233 780 262 tx
818 232 916 262 CAP.
959 231 1061 261 XLV.

491 388 667 425 omitt
697 386 752 431 ξε.

1102 227 1263 258 GENES.

1304 227 1460 257 uouit„
1503 228 1610 258 va.
2077 233 2099 272 7
2117 231 2167 275 ις)

1516 388 1726 427 Hominis
1758 389 1874 428 va.

119 514 188 553 Καὶ
207 513 395 559 ἀνέὸησαν,
411 513 529 564 φησὶν,
546 511 582 556 ἐξ
601 509 778 561 Αἰγύπτου
788 541 798 558 ,
813 508 872 547 καὶ
895 502 998 555 ἦλθον
1015 507 1063 549 εἷς
1079 505 1140 552 τὴν
1167 511 1191 542 C
1218 510 1264 549 Et
1281 510 1528 560 ascenderunt,
1544 515 1686 564 inquit,
1702 525 1747 550 ex
1765 511 1937 565 AEgypto,
1950 521 1984 550 et
1999 521 2172 549 venerunt
2186 521 2244 546 oen
2265 519 2372 555 33.ιὸ-

170 574 372 614 Χαναναίαν
405 575 491 626 πρὸς
524 571 655 612 Ἰακὼὸ
686 571 745 610 τὸν
775 569 913 622 πατέρα
940 569 1067 614 αὐτῶν,
1084 565 1143 604 καὶ

170 636 379 688 ἅνῆγγειλαν
395 638 506 687 αὐτῷ,
525 635 682 687 λέγοντες
699 664 709 682 ,
723 632 777 672 ὅτι
801 635 819 670 ὁ
837 630 909 674 υἱός
932 644 993 668 σου
1011 626 1143 680 Ἰωσὴφ

172 701 233 750 ζῇ,
251 698 311 736 καὶ
330 697 432 741 αὐτὸς
447 697 549 750 ἄρχει
566 696 684 743 πάσης
704 692 967 746 γῆςΑἷγύπτου.
984 689 1055 729 Καὶ
1074 688 1145 733 ἐξέ-

172 775 238 806 στη
258 758 390 797 ’taxe-‚6
406 762 449 811 τῇ
471 758 621 810 διανοίᾳ·
642 759 680 795 οὐ
697 756 764 808 γὰρ
789 754 990 793 ἐπίστευσεν
1017 753 1144 793 αὐτοῖς.

175 880 297 919 Εἴδετε
327 882 367 918 ἐκ
396 882 466 918 τῶν
499 878 580 932 χθὲς
599 882 684 930 ἡμῖν
710 876 902 930 εἰρημένων
934 879 995 913 τοῦ
1017 872 1149 925 Ἰωσὴφ

121 940 183 988 τὴν
205 940 407 994 φιλοσοφίαν
428 940 487 979 καὶ
505 940 569 987 τὴν
590 940 721 992 ἄφατον
744 937 963 982 ἀνεξικακίαν
1000 936 1042 983 ἣν
1071 934 1151 986 περὶ

120 1002 198 1045 τοὺς
213 1004 337 1040 ἑαυτοῦ
363 1000 531 1054 ἀδελφοὺς
557 1001 773 1049 ἐπεδείξατο,
793 1002 831 1038 οὗ
853 999 957 1050 μόνον
987 997 1150 1048 οὐδεμίαν

122 1063 263 1115 μνήμην
281 1065 348 1101 τῶν
363 1065 410 1107 εἷς
426 1064 528 1102 αὐτὸν
546 1063 788 1116 γεγενημένων
803 1060 1050 1111 ποιησάμενος,
1062 1058 1153 1097 ἀλλὰ

121 1124 182 1164 καὶ
197 1127 310 1168 αὐτοῖς
331 1125 516 1176 μέλλουσιν
533 1125 709 1163 ἐπανιέναι
722 1123 808 1176 πρὸς
819 1122 878 1161 τὸν
897 1122 1035 1174 πατέρα
1054 1125 1155 1159 τοῦτο

124 1187 208 1226 αὐτὸ
224 1187 438 1239 παραινέσας
462 1187 521 1225 καὶ
548 1185 749 1238 συμὸουλὴν
766 1183 978 1236 εἰσαγαγὼν,
994 1183 1085 1222 ὥστε
1106 1181 1154 1233 μὴ

125 1248 294 1295 ἀλλήλους
316 1251 493 1287 αἰτιᾶσθαι
508 1248 596 1301 ὑπὲρ
618 1250 687 1286 τῶν
715 1249 762 1290 εἷς
780 1247 884 1285 αὐτὸν
902 1247 1017 1289 αὐτοῖς
1036 1247 1155 1297 εἰργα-

126 1310 278 1360 σμένων,
299 1310 390 1348 ἀλλὰ
419 1317 535 1349 πᾶσαν
564 1309 671 1362 ὀργὴν
697 1308 941 1350 ἀπελάσαντας
966 1307 1055 1358 μετὰ
1074 1310 1157 1358 ὁμο-

126 1370 220 1414 νοίας
239 1371 304 1418 τὴν
320 1371 517 1423 ὁδοιπορίαν
539 1375 725 1409 ποιεῖσθαι.
747 1369 948 1420 Ἀναγκαῖον
978 1369 1014 1406 δὲ
1037 1368 1158 1406 λοιπὸν

127 1433 280 1485 σήμερον
303 1433 348 1471 τὰ
369 1432 445 1479 ἑξῆς
473 1434 730 1485 ἀποπληρῶσαι
744 1462 754 1480 ,
783 1429 838 1469 ἵνα
869 1430 997 1481 ἴδωμεν
1016 1429 1076 1468 καὶ
1095 1428 1158 1477 τὴν

130 1494 260 1533 τούτων
282 1493 448 1532 ἐπάνοδον
469 1493 531 1540 τὴν
560 1492 645 1545 πρὸς
668 1493 726 1531 τὸν
746 1491 903 1544 πατέρα,
927 1491 987 1530 καὶ
1006 1494 1066 1530 τοῦ
1090 1490 1159 1529 Ἰα-

127 1556 204 1595 κὼὸ
245 1555 308 1602 τὴν
343 1557 392 1600 εἷς
440 1555 616 1607 Αἴγυπτον
649 1555 793 1593 κάθοδον
815 1570 823 1577 ·
839 1556 898 1592 καὶ
926 1553 1021 1596 ὅπως
1055 1553 1157 1592 αὐτὸν

129 1618 145 1639 ¹⁸
159 1618 331 1657 ἁναθάλαι
346 1616 516 1664 πεποίηκε
533 1615 579 1655 τὰ
593 1615 684 1654 κατὰ
697 1615 755 1654 τὸν
772 1615 906 1668 Ἰωσὴφ
924 1615 1158 1668 γνωρισθέντα

129 1682 244 1733 αὐτῷ,
265 1680 325 1718 καὶ
340 1679 462 1732 σχεδὸν
486 1680 608 1727 εἰπεῖν,
623 1677 698 1716 νέον
723 1679 763 1716 ἐκ
786 1678 946 1730 γέροντος
966 1678 1067 1716 αὐτὸν
1089 1680 1159 1730 εἷρ-

129 1741 355 1793 γοίσατο.Ἰ”ι’ς
383 1740 452 1793 γὰρ
481 1740 522 1778 ἂν
551 1740 712 1786 δυνηθείη
743 1742 793 1792 τῷ
812 1739 906 1792 λόγῳ
931 1742 1158 1792 παραστῆσαι

130 1805 194 1852 τὴν
210 1803 350 1851 ἡδονὴν,
367 1804 401 1840 ἐν
417 1797 440 1853 ᾖ
454 1802 534 1842 τότε
553 1802 671 1854 γέγονε
682 1833 692 1850 ,
709 1801 900 1853 πυθόμενος
918 1804 978 1855 ζῇν
998 1802 1055 1840 τὸν
1076 1801 1155 1840 Ἰω-

129 1867 218 1919 σὴφ,
239 1866 298 1905 καὶ
315 1867 349 1903 ἐν
362 1865 517 1916 τοσαύτη
537 1880 686 1917 περιφαν
693 1863 748 1918 εία
763 1865 966 1917 τυγχάνειη
979 1864 1076 1903 Ἰστε
1090 1864 1157 1917 γὰρ

129 1929 300 1979 μάλιστα,
319 1927 374 1966 ὅτι
404 1926 447 1963 τὰ
479 1926 727 1978 ἀπροσδόκητα
756 1928 826 1963 τῶν
856 1927 995 1977 ἀγαθῶν
1024 1925 1157 1972 πολλὴν

129 1989 287 2029 ἐπίτασιν
308 1992 369 2035 τῆς
388 1989 514 2034 ἡδονῆς
547 1986 792 2038 ἐνεργάζεσθαι
809 1986 975 2038 πέφυκεν.
1000 1986 1070 2026 ’“Ὸν
1089 1987 1158 2040 γὰρ

130 2050 266 2102 ἐνόμιζε
287 2051 356 2103 πρὸ
383 2048 558 2088 τοσούτων
578 2049 663 2086 ἑτῶν
683 2046 904 2100 κατάὸρωμα
930 2051 999 2086 τῶν
1029 2048 1158 2101 θηρίων

130 2114 360 2164 γεγενῆσθαι,
379 2110 438 2149 καὶ
466 2109 586 2161 μαθὼν
620 2109 726 2148 πάλιν
759 2109 823 2156 τὴν
854 2108 966 2162 ἀρχὴν
1002 2113 1064 2156 τῆς
1094 2112 1157 2148 Αἷ-

130 2175 262 2226 γύπτου
281 2180 397 2212 πᾶσαν
425 2173 587 2225 κατέχειν
607 2172 722 2217 αὐτὸν,
752 2174 827 2215 πῶς
853 2173 914 2210 οὐκ
944 2171 984 2209 ἂν
1003 2172 1071 2211 ὑπὸ
1098 2177 1158 2211 τοῦ

134 2235 298 2287 μεγέθους
316 2237 379 2282 τῆς
408 2235 535 2282 ἡδονῆς
564 2233 686 2279 {tim-q
705 2236 748 2284 τῇ
777 2232 931 2286 διανοίας
952 2233 1072 2287 “Oi-„¹59
1090 2235 1158 2286 γὰρ

129 2296 397 2350 ὑπερὸάλλουσα
413 2295 546 2346 ἀθυμία
566 2294 767 2346 ἐργάζεται,
787 2297 890 2332 τοῦτο
911 2294 1080 2338 πολλάκις
1098 2294 1158 2333 καὶ

131 2358 362 2409 ἓπιτεταμένη
388 2356 495 2410 χαρά.
515 2356 585 2395 Καὶ
610 2355 704 2394 ἔστιν
725 2356 808 2394 ἰδεῖν
838 2355 987 2399 πολλοὺς
1011 2355 1071 2393 καὶ
1100 2356 1161 2394 δοί-

130 2434 220 2472 κρυα
238 2418 450 2471 προχέοντας
465 2418 536 2456 ἀπὸ
561 2423 673 2469 χαρᾶς
703 2415 1008 2470 ὑπερὸαλλούσης,
1025 2416 1161 2470 ἑτέρους

133 2479 169 2519 δὲ
204 2479 374 2522 πολλάκις
403 2479 462 2517 καὶ
492 2477 740 2525 ἀποπλήκτους
775 2477 994 2529 γινομένους,
1026 2477 1109 2516 ὅταν
1138 2478 1160 2516 ἃ

135 2541 223 2592 μηδὲ
249 2540 512 2594 προσεδόκησαν
529 2539 632 2577 ἴδωσι
650 2538 878 2590 γεγενημένα,
889 2539 949 2576 καὶ
965 2539 1022 2583 οὓς
1041 2543 1162 2586 τεθνη-

1175 2578 1221 2602 621

1271 572 1306 611 in
1330 581 1461 610 terram
1486 573 1654 611 Clianaan
1679 573 1725 611 ad
1742 573 1855 613 Jacob
1881 582 2016 625 patrem
2038 587 2169 611 suum:

1270 643 1303 672 et
1329 634 1582 673 nuntiaverunt
1609 636 1640 673 ei
1663 634 1822 673 dicentes
1845 651 1852 671 :
1874 634 1987 672 Filius
2011 644 2093 672 tuus
2112 636 2173 674 Jo-

1271 695 1358 748 seph
1382 695 1491 742 vivit,
1515 705 1549 733 ct
1567 695 1775 734 dominatur
1804 696 1866 734 toti
1888 705 1990 733 terra?
2012 696 2174 748 AEgypti.

1274 757 1320 796 Et
1337 757 1524 810 obstupuit
1538 758 1670 808 Jacob;
1694 772 1762 796 non
1782 757 1877 796 enim
1893 757 2046 796 credidit
2060 758 2120 795 eis.

1278 883 1315 918 1.
1348 881 1503 920 Vidistis
1525 895 1569 919 ex
1585 881 1642 919 his
1665 896 1743 932 quse
1765 882 1841 919 heri
1865 881 1959 919 dicta
1979 891 2073 929 sunt,
2098 882 2177 934 phi-

1223 942 1422 995 losophiam
1441 942 1603 994 Joscphi,
1621 951 1654 980 et
1669 942 1942 980 inenarrabilem
1956 942 2179 980 elementiam

1225 1019 1333 1056 quam
1363 1019 1444 1057 erga
1476 1005 1602 1043 fratres
1637 1019 1719 1043 suos
1750 1005 1921 1043 exhibuit
1945 1021 1952 1041 :
1972 1019 2034 1043 nec
2065 1006 2180 1043 solum

1225 1066 1361 1103 nullam
1382 1066 1464 1104 fecit
1486 1066 1695 1104 memoriam
1715 1080 1837 1105 eorum
1860 1081 1938 1117 quae
1959 1066 1994 1104 in
2011 1081 2047 1104 se
2065 1066 2182 1104 admi—

1225 1137 1355 1177 serant,
1373 1127 1435 1166 sed
1454 1137 1487 1165 et
1511 1127 1687 1167 redituros
1711 1128 1755 1166 ad
1776 1137 1957 1181 parentem
1979 1128 2182 1175 admonuit,

1227 1188 1383 1241 ipsisque
1411 1188 1603 1226 consilium
1628 1189 1728 1227 dedit
1751 1204 1794 1227 nc
1819 1190 1913 1227 inter
1941 1204 1977 1227 se
1996 1190 2186 1241 jurgemur

1227 1264 1334 1302 super
1350 1250 1407 1288 his
1429 1264 1507 1301 quae
1527 1250 1563 1287 in
1579 1250 1696 1302 ipsum
1710 1249 1942 1299 admiserant,
1960 1248 2022 1287 sed
2041 1248 2185 1287 dimissa

1227 1311 1325 1348 omni
1348 1310 1416 1357 ira,
1440 1310 1590 1363 pacifice
1607 1311 1801 1348 ambulent.
1820 1312 1949 1363 Operae
1966 1310 2122 1362 pretium
2138 1320 2189 1348 est

1227 1382 1347 1411 autem
1371 1373 1499 1425 etjam
1522 1386 1600 1424 quae
1625 1382 1825 1424 sequuntur
1855 1387 2046 1422 recensere,
2072 1382 2110 1411 ut
2134 1375 2188 1411 vi-

1228 1434 1376 1473 deamus
1391 1443 1425 1472 et
1442 1434 1573 1472 horum
1589 1434 1635 1472 ad
1647 1444 1787 1487 patrem
1803 1434 1977 1483 reditum,
1996 1444 2030 1473 et
2043 1434 2189 1473 descen—

1228 1510 1309 1535 sum
1327 1495 1438 1535 Jacob
1458 1495 1494 1533 in
1516 1495 1718 1548 AEgyptum
1739 1511 1747 1532 :
1769 1510 1905 1535 necnon
1933 1496 2114 1547 quomodo
2137 1511 2190 1534 re-

1228 1556 1390 1597 floruerit
1426 1556 1577 1595 audiens
1612 1571 1651 1595 ea
1685 1571 1763 1608 quae
1794 1557 1928 1610 Joseph
1964 1557 2190 1610 spectabant,

1229 1629 1349 1671 atque,
1376 1628 1416 1656 ut
1443 1619 1494 1657 sic
1522 1618 1657 1669 djcam,
1682 1617 1727 1656 de
1747 1633 1828 1657 sene
1851 1619 1998 1671 juvenis
2030 1618 2191 1657 redditus

1228 1682 1287 1720 sit.
1312 1680 1404 1729 Quis
1426 1681 1522 1718 enim
1550 1694 1711 1718 sermone
1735 1679 1923 1732 complecti
1951 1689 2068 1732 posset
2089 1680 2190 1718 volu-

1228 1753 1362 1797 ptatem
1383 1743 1417 1781 in
1438 1756 1509 1793 qua
1528 1751 1612 1780 tune
1630 1741 1754 1792 suerit,
1773 1756 1855 1780 cum
1882 1741 2034 1779 disceret
2056 1742 2190 1794 ,loseph

1229 1806 1367 1853 vivere,
1392 1813 1426 1842 et
1447 1803 1484 1841 in
1503 1812 1602 1841 tanta
1621 1802 1797 1854 dignitate
1827 1802 2061 1840 constitutum
2089 1803 2189 1841 esse?

1229 1868 1477 1919 Inexspectata
1500 1864 1596 1902 enim
1629 1864 1722 1902 bona
1760 1864 1931 1916 majorem
1967 1864 2188 1916 voluptatem

1196 1935 1205 1954 ·'
1229 1929 1357 1967 afferre
1379 1926 1503 1965 solent.
1525 1926 1641 1973 Quem
1663 1925 1758 1963 enim
1786 1925 1935 1978 putabat
1957 1934 2039 1963 ante
2059 1935 2109 1964 tot
2128 1940 2211 1964 an·-

1230 2005 1296 2029 nos
1309 1989 1418 2027 fuisse
1438 2003 1457 2026 a
1477 1987 1602 2026 bestiis
1632 1987 1856 2035 devoratum,
1877 1996 1916 2024 ut
1940 1987 2117 2027 intellexit
2140 1997 2190 2026 te-

1230 2066 1313 2091 nere
1344 2050 1538 2103 imperium
1568 2049 1677 2087 totius
1708 2049 1872 2102 AEgypti,
1904 2049 2085 2100 quomodo
2120 2063 2190 2088 non

1230 2127 1304 2166 prae
1325 2110 1574 2163 magnitudine
1598 2109 1722 2162 gaudii
1751 2119 1866 2148 mente
1893 2110 2067 2149 excessit?
2089 2110 2192 2149 Idem

1229 2175 1326 2213 enim
1352 2175 1465 2211 faeere
1496 2172 1584 2210 solet
1615 2171 1852 2210 immodicum
1878 2171 2066 2224 gaudium,
2094 2171 2191 2222 quod

1231 2236 1356 2287 ingens
1372 2232 1530 2272 tristitia.
1552 2232 1601 2270 Et
1615 2231 1738 2271 videre
1753 2232 1836 2271 licet
1851 2233 1984 2271 multos
2008 2232 2191 2271 effundere

1230 2298 1410 2350 lacrymas
1423 2309 1498 2348 prae
1516 2293 1648 2346 gaudio
1662 2294 1849 2343 immenso,
1869 2295 1959 2333 alios
1975 2294 2082 2333 etiam
2101 2309 2192 2348 szepe

1232 2359 1495 2411 obstupescere,
1529 2355 1673 2407 quando
1696 2355 1774 2394 fieri
1799 2355 1922 2395 vident
1950 2370 1991 2395 ea
2018 2371 2098 2408 quae
2122 2371 2191 2395 non

1232 2427 1525 2473 exspectaverant
1545 2433 1553 2455 :
1572 2426 1606 2456 et
1621 2431 1710 2468 quos
1729 2427 1890 2456 mortuos
1910 2431 1985 2456 esse
2002 2419 2190 2471 putabant,

1233 2490 1378 2534 repente
1406 2480 1512 2519 vivos
1536 2478 1675 2518 vident.
1709 2478 1782 2517 sed
1810 2489 1849 2517 ut
1872 2479 2093 2517 manifestior
2131 2480 2194 2518 fiat

1233 2555 1349 2580 sermo
1369 2549 1502 2589 noster,
1523 2539 1712 2578 audiamus
1731 2554 1810 2590 quae
1831 2541 1919 2577 lecta
1941 2549 2033 2577 sunt.
2058 2540 2120 2577 95.
2140 2541 2192 2578 Ec

134 2602 235 2641 κέναι
253 2601 488 2653 νενομίκασιν,
503 2600 686 2653 “ἐξαίφνης
698 2602 831 2644 ζῶντας
846 2600 1052 2639 θεάσωνται.
1069 2600 1163 2640 Ἀλλ’
1187 2616 1213 2645 Α
1235 2604 1506 2647 ascenderunt,
1525 2601 1655 2652 inquit,
1673 2616 1721 2639 ex
1741 2602 1925 2652 lEgrpto,
1949 2609 1984 2638 el
2001 2609 2192 2638 venerunt

134 2664 190 2703 ἵνα
209 2663 419 2717 σαφέστερος
438 2665 524 2713 ἡμῖν
543 2665 563 2701 ὁ
579 2661 680 2713 λόγος
693 2661 860 2713 γένηται,
881 2663 994 2700 αὐτῶν
1009 2662 1163 2701 ἐπακού-

137 2741 253 2776 σωμεν
272 2728 342 2763 τῶν
362 2723 666 2775 ἀναγνωσθέντων.
689 2723 760 2763 Καὶ
783 2722 973 2772 ἀνέδησαν,
993 2724 1111 2777 φησὶν.
1131 2723 1165 2768 ἐξ

141 2785 337 2837 Αἰγύπτου,
353 2785 412 2823 καὶ
438 2780 541 2832 ἦλθον
570 2787 617 2828 εἷς
649 2787 715 2837 γῆν
748 2784 892 2823 Χαναὰν
920 2785 1008 2839 πρὸς
1035 2785 1167 2824 Ἰακὼὸ

140 2848 197 2886 τὸν
219 2847 354 2898 πατέρα
383 2849 509 2893 αὐτῶν,
533 2847 594 2886 καὶ
623 2846 834 2898 ἀνήγγειλαν
863 2848 958 2899 αὐτῷ
989 2847 1169 2898 λέγοντες,

143 2908 196 2947 ὅτι
212 2907 283 2951 υἱός
303 2923 363 2946 σου
383 2910 402 2945 ὁ
417 2907 549 2961 Ἰωσὴφ
564 2910 627 2960 ζῇ,
646 2907 706 2946 καὶ
726 2909 826 2952 αὐτὸς
846 2908 948 2962 ἄρχει
969 2908 1087 2955 πάσης
1107 2911 1171 2959 γ’ἧς

146 2967 336 3021 Αἰγύπτου.
371 2967 440 3006 Καὶ
468 2967 586 3015 ἐξέστη
616 2971 660 3021 τῇ
693 2968 827 3021 διανοίᾳ
855 2968 1005 3008 Ἰακώὸ·
1040 2971 1077 3007 οὖ
1104 2970 1172 3021 γὰρ

146 3029 345 3069 ἐπίστευσεν
374 3030 499 3072 αὐτοῖς.
519 3027 651 3081 Ὁρᾷς,
680 3028 768 3082 ὅπερ
796 3029 929 3082 ἔλεγον,
950 3031 1003 3069 ὅτι
1027 3029 1173 3069 ἄπιστον

147 3091 242 3143 αὐτῷ
266 3089 378 3134 ἔδοξεν
411 3083 559 3128 εἶναιτὸ
590 3089 749 3142 περὶτοῦ
777 3089 928 3144 Ἰωσὴφ,
947 3093 994 3135 ὡς
1021 3091 1081 3130 καὶ
1111 3091 1174 3138 τὴν

149 3152 300 3190 διάνοιαν
320 3153 423 3189 αὐτοῦ
439 3151 768 3202 παρασαλευθῆναι,
783 3151 843 3189 καὶ
862 3152 1017 3203 ἐνόμιζεν
1034 3152 1174 3198 ἀπάτην

1237 2668 1278 2702 in
1297 2673 1441 2702 terram
1458 2664 1654 2701 Chanaan
1671 2662 1726 2699 ad
1747 2662 1873 2700 Jacob
1892 2670 2043 2713 patrem
2064 2675 2189 2706 suurn,

1238 2727 1303 2764 96.
1336 2733 1372 2762 et
1398 2724 1732 2761 annuntiaverunt
1757 2725 1806 2768 ei,
1835 2723 2005 2760 dicentes
2031 2738 2040 2758 .·
2066 2722 2194 2760 Filius

1242 2795 1327 2824 tuus
1336 2785 1481 2835 Ioseph
1494 2785 1608 2829 vivit,
1625 2791 1662 2820 et
1675 2785 1754 2834 ipse
1768 2783 1993 2820 dominatur
2003 2786 2072 2820 toti
2086 2791 2197 2821 terrae

1242 2848 1417 2899 AEgypti.
1435 2845 1490 2882 Et
1499 2846 1663 2882 excessit
1678 2852 1803 2882 mente
1822 2844 1947 2882 Jacob
1960 2859 1978 2879 ·:
2002 2858 2079 2882 non
2094 2846 2197 2882 enim

1244 2908 1407 2948 credidit
1431 2909 1500 2944 εἰς.
1520 2904 1650 2952 Vides,
1674 2904 1709 2941 id
1731 2904 1828 2956 quod
1849 2904 2029 2954 dicebam,
2045 2905 2199 2943 incredi-

1244 2970 1318 3007 bile
1338 2968 1370 3006 ei
1388 2967 1509 3006 visum
1531 2980 1605 3004 esse
1628 2964 1723 3016 quod
1739 2966 1785 3004 de
1802 2966 1936 3019 „loseph
1967 2967 2201 3005 annuntiaba-

1246 3040 1319 3079 tur,
1340 3029 1389 3067 ita
1406 3037 1446 3066 ut
1468 3035 1584 3065 mente
1604 3035 1865 3070 concuteretur„
1886 3037 1920 3065 et
1938 3041 2016 3078 quae
2038 3042 2059 3065 a
2079 3028 2201 3065 fratri-

1249 3089 1315 3127 bus
1333 3087 1476 3133 fiebant,
1493 3084 1738 3137 deceptionem
1754 3099 1827 3124 esse
1843 3086 2010 3139 putaret?
2023 3087 2097 3133 Qui
2113 3087 2204 3124 enim

1250 3159 1334 3188 tunc
1348 3147 1540 3186 attulerant
1568 3155 1702 3184 vestem
1733 3147 1906 3198 sanguine
1926 3146 2024 3184 hoedi
2044 3147 2208 3197 inquina-

148 3207 295 3250 εἶναιτὰ
314 3211 409 3265 παρὰ
441 3213 510 3249 τῶν
532 3212 690 3263 ἀδελφῶν
718 3211 908 3263 λεγόμενα;
935 3214 982 3252 Οἱ
1003 3212 1072 3266 γὰρ
1099 3213 1177 3251 τότε
1203 3225 1227 3255 Β
1251 3220 1339 3259 tam,
1357 3218 1391 3248 et
1406 3207 1500 3261 patri
1517 3217 1764 3259 persuaserant
1779 3222 1861 3246 eum
1877 3224 1895 3246 a
1913 3208 2036 3247 bestiis
2051 3223 2123 3246 esse
2145 3208 2205 3245 de-

1253 3279 1430 3318 voratum,
1450 3282 1543 3307 nunc
1561 3267 1688 3306 dicunt
1716 3283 1796 3307 eum
1822 3270 1960 3320 vivere,
1984 3279 2016 3308 et
2035 3269 2214 3307 dominari

150 3274 207 3312 τὸν
227 3276 361 3326 χιτῶνα
383 3272 625 3324 εἰσαγαγόντες
648 3274 699 3325 τῷ
725 3271 850 3323 αἵματι
879 3276 939 3311 τοῦ
961 3273 1079 3326 ἐρίφου
1111 3289 1177 3325 μο-

197 3361 213 3384 ¹*
237 3359 358 3402 [savit.
376 3361 409 3392 in
425 3371 530 3403 marg.
545 3370 563 3392 e
579 3371 648 3393 var.
666 3357 745 3392 tect.
764 3361 940 3403 ὰναθῆλαι.]

198 3422 212 3437 ⁸
234 3412 386 3453 Quattuor
398 3413 476 3446 Mss.
494 3413 551 3455 [et.
565 3410 685 3455 Coisl.]
706 3416 838 3457 ἐξαὶρνης
854 3417 1015 3447 θεάσωνται
1036 3418 1062 3445 ἐν
1081 3427 1166 3456 περι-

1200 3365 1300 3405 pan-{qt
1316 3361 1411 3401 πολλῆ
1429 3362 1639 3399 τυγχάνοντας.
1660 3360 1729 3390 ἀλλ’
1746 3361 1804 3391 ἵνα.

2187 562 2234 588 26.

2247 1870 2390 1907 lnexspe-

2203 1919 2277 1940 ctata
2320 1912 2395 1938 huna

2202 1954 2391 1993 jucundiora.
