2516 3791
93 989 275 1018 l.'1⁷‹l13.12.

80 2162 165 2239 giam.
182 2164 263 2194 1313.

83 2529 160 2555 Jl121l.

77 3134 258 3170 Migiztratus

76 3187 154 3209 quast
173 3178 264 3214 paud-¹-

77 3228 149 3253 Ε’ἪΙ.

304 152 395 214 766
777 169 815 199 S.

299 250 401 301 dum,
419 251 584 290 statimne
596 263 642 290 ex
656 251 894 290 torcularibus
914 243 1154 295 haustumsan
1170 259 1251 302 post

298 311 444 363 aliquod
462 321 602 364 tempus
626 312 800 364 elapsum.
830 314 881 349 Ac
899 311 1083 362 Scriptura
1102 309 1250 361 quidem

298 387 361 424 per
381 373 457 411 haec
480 374 560 410 Noe
577 373 710 409 factum
730 380 896 420 excusat3
917 371 979 421 qui
997 385 1082 410 vero
1107 384 1153 408 ex
1170 370 1248 422 ipso

851 169 956 200 JOAN
964 169 1031 199 MS
1065 168 1288 198 CHRYSOST
1296 188 1305 198 .

1344 169 1548 199 ARCHIEP.
1587 170 1936 202 CONSTANTINOP-

1322 250 1443 303 Γραφὴ
1470 251 1527 289 διὰ
1551 251 1681 290 τούτων
1711 255 1935 306 ἀπολογεῖται
1961 254 2046 309 ὑπὲρ
2069 258 2127 294 τοῦ
2147 257 2248 295 Νῶε·
2269 260 2287 295 ὁ
2305 257 2342 294 δὲ

1321 311 1356 356 ἐξ
1375 313 1478 350 αὐτοῦ
1495 313 1688 364 γεννηθεὶς,
1707 316 1724 351 ὁ
1742 315 1784 351 ’δι’
1803 314 1932 353 ἐκείνου
1956 315 2076 360 σωθεὶς
2094 319 2106 365 (
2122 316 2180 355 διὰ
2197 317 2262 369 γὰρ
2277 318 2341 364 τὴν

1320 375 1367 416 εἷς
1386 373 1442 411 τὸν
1466 373 1603 425 πατέρα
1630 374 1736 424 τιμὴν
1759 377 1796 413 οὐ
1816 375 2039 414 συναπώλετο
2056 380 2106 429 τῷ
2122 381 2190 415 τῶν
2210 380 2340 416 λοιπῶν

297 443 491 486 prognatus
513 442 600 482 erat,
617 432 679 483 qui
698 433 744 469 ab
764 432 840 483 ipso
866 441 1026 470 servatus
1042 434 1055 480 (
1070 431 1247 482 siquidem
1261 458 1305 482 551
1322 433 1536 486 κλυδωνίῳ),
1556 436 1594 473 οὐ
1619 435 1704 487 πρὸς
1728 435 1790 483 τὴν
1818 436 1919 489 φύσιν
1950 437 2030 476 ἰδὼν
2062 439 2168 485 αὐτὴν
2181 468 2190 485 ,
2218 440 2255 477 οὐ
2280 443 2341 485 τῆς

297 504 441 546 propter
461 493 663 532 exhibitum
681 492 775 544 patri
794 492 978 543 honorem,
997 506 1066 530 una
1084 506 1164 530 cum
1181 506 1246 530 cae-
1271 497 1294 525 A

296 555 380 593 teris
409 563 615 606 tempestate
642 553 802 591 sublatus
830 568 899 591 non
929 554 1127 606 perierat),
1147 554 1244 592 nulla

295 625 430 653 naturae
441 616 563 653 habita
575 615 726 661 ratione,
744 628 813 652 non
827 614 950 653 salutis
966 614 1116 653 obtentae
1130 629 1244 653 recor-

295 677 410 725 datus,
428 691 496 714 non
518 684 615 713 metu
631 675 679 713 ad
693 675 876 714 meliorem
894 685 1047 714 mentem
1063 676 1245 726 reductus,

292 752 373 775 cum
391 737 510 775 adhuc
525 751 704 789 superesse
716 737 883 788 reliquias
896 747 1051 776 cerneret
1070 738 1132 776 irae
1147 738 1243 778 divi-

292 814 359 848 nze,
399 813 481 836 cum
514 797 664 849 vestigia
693 798 905 837 calamitatis
940 813 1124 851 apparere,
1160 814 1243 838 cum

290 859 406 897 adhuc
437 874 558 898 eorum
597 874 674 909 quae
706 859 908 898 acciderant
939 869 1074 898 metum
1105 861 1238 913 vigere,

291 921 502 958 contumelia
524 929 707 973 parentem
725 920 859 958 affecit.
888 921 963 959 Hoc
993 921 1100 959 etiam
1118 921 1241 960 admo-

292 991 347 1020 net
369 982 506 1034 sapiens
538 980 715 1033 quispiam
741 981 863 1019 dicens
891 997 898 1018 ε
928 983 988 1020 Ne
1004 983 1181 1034 glorieris
1200 985 1241 1021 in

290 1044 527 1082 contumelia
543 1045 667 1095 patris
682 1045 738 1080 tui
754 1059 764 1079 .·
785 1057 863 1080 non
884 1045 986 1080 enim
1002 1052 1058 1081 est
1075 1046 1145 1081 tihi
1157 1044 1240 1095 glo-

288 1108 348 1142 ria
366 1107 489 1156 patris
517 1104 767 1142 contumelia.
788 1106 927 1144 Verum
946 1118 1059 1155 neque
1087 1104 1155 1142 hoc
1175 1119 1239 1143 no-

287 1175 386 1204 verat
415 1166 498 1213 illc3
520 1164 581 1203 sed
610 1174 795 1217 peccatum
822 1165 918 1203 omni
943 1165 1048 1203 venia
1075 1175 1109 1203 ct
1132 1180 1239 1203 excu-
1266 1174 1287 1203 B

286 1226 420 1264 satione
439 1226 628 1277 indignum
646 1225 805 1263 admisit.
835 1226 918 1263 ldeo
946 1226 1078 1278 peccati
1099 1241 1239 1279 poenam

285 1287 492 1325 servitutem
524 1287 687 1337 incurrit,
712 1287 930 1338 fratrumque
960 1301 1082 1326 servus
1110 1297 1161 1325 est
1187 1289 1239 1325 fa-

285 1357 375 1395 ctus,
391 1357 423 1385 et
444 1348 724 1400 praerogativam
743 1348 888 1386 honoris
903 1363 922 1386 a
939 1357 1065 1386 natura
1084 1348 1239 1389 delatam

283 1409 394 1447 animi
411 1409 586 1461 pravitate
606 1409 737 1447 amisit.
754 1409 872 1447 Habes
887 1409 1039 1447 alterum
1054 1410 1238 1449 servitutis

283 1484 404 1521 genus.
427 1470 493 1509 Vis
513 1470 620 1508 etiam
650 1470 794 1508 tertium
814 1470 945 1508 nosse?
965 1471 1116 1508 Duobus
1141 1472 1236 1523 prio-

280 1532 381 1569 ribus
396 1531 541 1581 gravius
560 1540 612 1568 est
632 1531 740 1579 istud,
761 1531 944 1582 multoque
959 1531 1233 1571 formidabilius.

280 1594 371 1631 Nam
392 1592 560 1642 quoniam
579 1592 652 1630 illis
681 1606 750 1629 non
781 1601 831 1629 est
850 1592 1071 1639 emendatus,
1091 1593 1237 1632 vincula

279 1653 381 1691 nobis
400 1653 550 1690 adauxit
566 1654 674 1690 Deus.
696 1652 888 1699 Quodnam
909 1652 1020 1704 igitur
1040 1653 1131 1691 illud
1150 1656 1233 1692 est?

280 1715 488 1766 Principum
503 1728 543 1751 ac
559 1714 834 1766 magistratuum
855 1714 1026 1752 nimirum
1038 1731 1048 1763 3
1077 1729 1145 1753 non
1167 1716 1234 1754 tate

279 1776 382 1827 quale
410 1774 584 1823 mulieris,
607 1789 720 1825 neque
738 1775 808 1812 tale
828 1775 932 1825 quale
953 1789 1149 1826 servorum7
1172 1777 1233 1815 sed

277 1837 391 1874 multo
404 1836 517 1887 magis
528 1835 766 1874 formidabile.
777 1835 911 1876 Videre
922 1845 974 1874 est
988 1836 1101 1887 undiq
1107 1851 1149 1875 ue
1158 1838 1233 1889 gla-

277 1898 355 1936 dios
370 1907 512 1947 acutos,
534 1897 730 1946 carnifices,
744 1897 934 1949 supplicia,
951 1907 1137 1949 tormenta,
1158 1914 1231 1953 poe·
1258 1908 1281 1938 C

278 1974 353 2005 nas,
381 1959 464 1998 vitae
484 1959 648 2010 necisque
676 1968 898 2011 potestatem.
923 1961 973 1998 Ut
997 1969 1115 1998 autem
1144 1961 1233 1999 scias

279 2021 374 2059 hunc
400 2036 538 2072 quoque
566 2020 713 2059 modum
735 2020 957 2074 principatus
989 2036 1034 2060 ex
1053 2022 1234 2061 occasione

279 2082 414 2133 pcccati
439 2092 555 2120 ortum
581 2081 769 2130 habuisse,
790 2097 914 2120 rursus
941 2083 1095 2121 Paulum
1114 2083 1232 2136 ipsum

281 2143 326 2180 de
346 2143 414 2180 hoc
428 2143 738 2195 philosophantem
754 2143 850 2180 audi.
871 2145 912 2182 Si
927 2153 1056 2182 autem
1073 2148 1136 2183 vis
1155 2159 1233 2183 non

283 2207 415 2242 timere
429 2212 670 2255 potestatem,
691 2206 831 2240 bonum
844 2205 930 2255 sac,
955 2205 1085 2255 inquit,
1105 2215 1142 2243 et
1161 2208 1232 2244 ha-

284 2267 387 2303 bebis
409 2265 564 2301 laudem
579 2278 626 2301 ez·
646 2265 732 2301 illa.
747 2264 787 2302 Si
808 2273 937 2302 autem
958 2266 1107 2303 malam
1120 2268 1230 2319 fece-

282 2329 348 2373 ris,
366 2328 477 2364 time.-
498 2339 576 2363 non
594 2328 695 2362 enim
711 2327 794 2363 sine
813 2339 932 2363 causa
949 2327 1125 2378 gladium
1143 2342 1230 2379 por-

283 2396 351 2425 tat.
367 2386 479 2426 vides
495 2395 640 2439 propter
671 2400 743 2435 eos,
772 2386 835 2436 qui
856 2386 992 2424 malum
1012 2397 1230 2440 perpetrant,

282 2458 315 2487 et
327 2448 527 2500 principem
542 2457 575 2485 et
594 2447 755 2499 gladium
773 2447 987 2486 imminere?
1003 2449 1095 2487 Audi
1117 2450 1231 2488 mani-

282 2510 404 2547 festius
418 2509 515 2547 istud
531 2509 649 2560 ipsum
664 2523 800 2547 rursus.
814 2510 964 2547 Vindex
978 2510 1072 2548 enim
1092 2520 1161 2562 est,
1178 2512 1230 2550 in-

281 2571 371 2621 quit,
387 2573 422 2608 ei
433 2573 499 2622 qui
510 2571 657 2608 malum
671 2573 764 2622 agit.
782 2571 903 2621 Neque
918 2570 1026 2621 dixit,
1042 2572 1120 2610 Non
1136 2573 1230 2611 enim
1257 2587 1279 2614 n

280 2633 354 2669 sine
365 2646 467 2669 causa
481 2631 645 2683 princeps
653 2640 719 2669 est:
735 2630 795 2669 sed
807 2631 895 2682 quid
905 2631 922 2669 ἶ)
934 2633 1024 2670 Non
1037 2636 1138 2671 enim
1149 2637 1232 2673 sine

279 2707 399 2732 causa
417 2693 592 2744 gladium
616 2700 757 2743 portat.
780 2694 967 2730 Armatum
988 2692 1146 2744 judicem
1167 2696 1230 2734 tibi

282 2753 447 2805 praefecit.
465 2754 497 2790 [T
502 2762 514 2789 t
530 2753 623 2790 enim
642 2762 741 2804 pater
759 2753 917 2790 filiorum
939 2768 1072 2804 amans,
1088 2756 1151 2794 ubi
1171 2770 1231 2795 nc-

281 2815 454 2865 gligenter
469 2813 586 2851 officio
605 2828 668 2851 suo
691 2814 791 2866 fungi
812 2814 908 2853 videt
923 2815 1016 2864 illos,
1036 2825 1069 2854 et
1088 2827 1231 2870 propter

281 2886 461 2927 paternam
482 2874 737 2925 indulgentiam
757 2889 793 2912 se
806 2875 851 2913 ab
878 2876 950 2913 illis
967 2878 1155 2927 contemni,
1184 2879 1230 2918 ob

281 2950 381 2973 suam
416 2934 609 2972 honitatem
652 2935 855 2987 paedagogis
882 2951 921 2974 ac
954 2939 1231 2991 praeceptoribus

281 2997 501 3035 terribilibus
533 2997 610 3033 illos
627 2997 818 3035 committit
838 3014 846 3034 ε
869 2999 920 3036 sic
938 3008 970 3036 et
986 3014 1004 3036 a
1027 3009 1144 3038 nostra
1172 3015 1229 3040 na-

280 3070 359 3097 tura
378 3073 413 3096 sc
427 3067 642 3097 contemtum
662 3072 804 3096 cernens
820 3061 930 3109 Deus,
953 3061 998 3098 oh
1015 3076 1113 3099 suam
1127 3062 1230 3102 boni-

281 3130 387 3159 tatem
410 3129 586 3170 tamquam
607 3119 784 3167 magistris
803 3134 843 3158 ac
859 3120 1063 3172 paedagogis
1081 3123 1226 3173 quihus·
1254 3132 1273 3160 ti

279 3183 361 3222 dam
381 3181 603 3235 principibus
625 3181 723 3217 illam
738 3181 900 3231 tradidit,
918 3192 955 3220 ut:
975 3184 1226 3235 negligentiam

319 3310 330 3324 n
356 3300 434 3340 neg.
457 3311 537 3331 unus
559 3305 673 3337 ἐκείνοις
691 3303 739 3332 οἶα.
770 3305 1032 3344 {wippo-simmam.
1058 3300 1149 3336 Edit,
1177 3308 1282 3341 ἐκεῖνος

276 3359 323 3388 οῂμ,
343 3359 547 3399 ξςςυῒγῃονξςθη.
570 3353 639 3394 [sat
653 3350 683 3385 tl,
706 3353 737 3383 ln
756 3363 859 3394 tnssl‘g.
877 3353 964 3396 conj.
985 3355 1129 3393 &Xilssohssl

1321 495 1494 547 σωτηρίας
1522 496 1771 545 ἀναμνησθεὶς,
1799 499 1837 535 οὐ
1870 500 1920 549 τῷ
1956 499 2052 551 φόὸῳ
2080 500 2340 552 σωφρονισθεὶς,

1319 559 1407 608 ὁρῶν
1422 556 1472 595 ἔτι
1491 556 1534 594 τὰ
1552 556 1701 608 λείψανα
1718 561 1780 604 τῆς
1794 563 1853 596 τοῦ
1875 560 1966 597 Θεοῦ
1985 560 2130 610 μένοντα
2144 563 2267 612 ὀργῆς,
2282 560 2342 598 καὶ

1318 621 1380 664 τῆς
1396 624 1573 670 συμφορᾶς
1594 617 1639 656 τὰ
1660 617 1740 670 ἴχνη
1770 619 1982 670 φαινόμενα,
2005 620 2064 658 καὶ
2082 620 2140 658 τὸν
2160 624 2228 659 τῶν
2245 637 2340 671 γεγε-

1318 679 1475 729 νημένων
1497 679 1826 736 ἀκμάζονταφόὸον,
1848 678 2022 733 ἐξύὸρισεν
2044 683 2090 725 εἷς
2105 682 2162 720 τὸν
2182 697 2341 734 γεγεννη-

1317 741 1413 778 κότα.
1435 740 1504 779 Διὰ
1523 744 1625 780 τοῦτο
1648 741 1707 778 καί
1732 758 1784 785 τις
1811 742 1913 793 σοφὸς
1938 749 2102 794 παραινεῖ
2128 743 2250 795 λέγων·
2278 743 2338 789 Μὴ

1316 801 1456 846 δοξάζου
1482 803 1516 839 ἓν
1541 802 1666 854 ἀτιμία
1692 802 1823 854 πατρός
1843 819 1902 842 σου
1917 819 1924 826 ·
1943 805 1980 841 οὐ
2003 803 2071 857 γάρ
2094 804 2168 842 ἐστί
2188 820 2242 843 σοι
2259 804 2338 848 δόξα

1314 863 1444 915 πατρὸς
1472 863 1608 914 ἀτιμία.
1626 865 1718 903 Ἀλλ’
1742 864 1817 903 οὐδὲ
1851 870 1950 904 τοῦτο
1975 865 2062 916 ἔγνω
2093 868 2234 910 ἐκεῖνος·
2261 868 2336 905 ἀλλ’

1315 924 1469 978 ἥμαρτεν
1500 925 1675 976 ἁμαρτίαν
1697 927 1814 971 πάσης
1837 926 2043 978 συγγνώμης
2072 927 2130 965 καὶ
2151 926 2339 978 ἀπολογίας

1315 985 1465 1035 μείζονα.
1487 985 1554 1023 Διὰ
1572 989 1671 1023 τοῦτο
1691 986 1861 1038 τιμωρίαν
1883 987 1990 1025 ἔδωκε
2004 990 2066 1033 τῆς
2082 987 2254 1039 ἁμαρτίας
2273 986 2336 1034 τὴν

1314 1046 1491 1092 δουλείαν,
1511 1046 1570 1084 καὶ
1598 1048 1666 1084 τῶν
1692 1047 1847 1099 ἀδελφῶν
1867 1047 2003 1094 οἰκέτης
2023 1048 2179 1099 ἐγένετο,
2196 1047 2254 1086 καὶ
2274 1047 2338 1095 τὴν

1314 1106 1381 1144 ἀπὸ
1401 1110 1465 1153 τῆς
1482 1107 1615 1160 φύσεως
1631 1107 1816 1160 προεδρίαν
1837 1111 1879 1160 τῇ
1891 1112 1952 1155 τῆς
1968 1108 2109 1160 γνώμης
2128 1109 2233 1161 κακία
2253 1125 2337 1162 προ-

1312 1168 1450 1207 έδωκεν.
1486 1167 1574 1207 Ἰδοὺ
1609 1169 1668 1207 καὶ
1702 1168 1859 1222 δεύτερος
1891 1169 2044 1214 δουλείας
2081 1170 2218 1222 τρόπος.
2250 1170 2336 1210 Βού-

1310 1231 1363 1268 λει
1389 1230 1447 1268 καὶ
1470 1230 1584 1282 τρίτον
1610 1234 1752 1281 μαθεῖν,
1776 1231 2042 1283 Φορτικώτερος
2073 1231 2108 1268 δὲ
2143 1226 2239 1276 οὗτος
2266 1235 2335 1270 τῶν

1310 1290 1369 1329 δύο
1383 1294 1451 1329 τῶν
1467 1291 1644 1344 προτέρων
1661 1291 1745 1339 ἐστὶ,
1756 1291 1816 1329 καὶ
1826 1291 1914 1330 πολὺ
1926 1291 2174 1345 φοὸερώτερος.
2187 1292 2334 1340 Ἐπειδὴ

1308 1352 1374 1404 γὰρ
1390 1353 1555 1396 ῧέκείνοις
1572 1355 1633 1391 οὐκ
1653 1353 1903 1405 ἐσωφρονίσθη,
1919 1353 2088 1392 ἐπέτεινεν
2106 1358 2189 1404 ἡμῖν
2210 1357 2227 1392 ὁ
2246 1355 2335 1399 Θεὸς

1308 1413 1353 1451 τὰ
1374 1414 1498 1465 δεσμά.
1515 1414 1579 1455 Τίς
1607 1408 1665 1452 οῧν
1691 1408 1789 1458 οῧτός
1817 1417 1930 1462 ἐστιν,
1946 1414 1992 1453 ‘O
2016 1417 2084 1453 τῶν
2112 1415 2301 1467 ἀρχόντων,
2316 1419 2334 1453 ὁ

1307 1479 1375 1514 τῶν
1395 1475 1554 1520 ἐξουσιῶν
1567 1492 1574 1499 ·
1599 1479 1637 1514 οὐ
1656 1482 1826 1522 τοιοῦτος,
1848 1471 1915 1519 οἷος
1930 1480 1947 1514 ὁ
1966 1479 2028 1522 τ’ἧς
2051 1477 2211 1527 γυναικὸς
2229 1507 2237 1524 ,
2256 1476 2333 1515 οὐδὲ

1307 1541 1469 1583 τοιοῦτος,
1490 1531 1588 1580 οἶοςὸ
1610 1540 1677 1575 τῶν
1709 1537 1851 1583 δούλων,
1877 1537 1966 1575 ἀλλὰ
1989 1539 2109 1589 πολλῷ
2136 1537 2331 1589 φοῧερώτε-

1308 1613 1374 1649 ρος.
1394 1597 1490 1649 Ξίφη
1514 1598 1581 1649 γάρ
1602 1599 1695 1636 ἐστιν
1721 1599 1802 1636 ἰδεῖν
1829 1598 2030 1648 ἠκονημένα
2055 1602 2256 1650 πανταχοῦ,
2273 1600 2333 1646 δη-

1306 1658 1416 1709 μίους,
1439 1659 1610 1704 κολάσεις,
1633 1659 1900 1711 βασανιστήρια,
1925 1658 2109 1710 τιμωρίας,
2135 1658 2197 1705 τὴν
2227 1659 2333 1712 μέχρι

1305 1719 1452 1758 θανάτου
1482 1720 1542 1757 καὶ
1570 1722 1660 1766 ζωῆς
1688 1719 1858 1763 ἐξουσίαν.
1883 1720 1953 1758 Καὶ
1974 1719 2026 1757 ὅτι
2048 1720 2108 1758 καὶ
2146 1714 2244 1763 οὗτος
2270 1723 2333 1766 τῆς

1305 1783 1417 1832 ἀρχῆς
1432 1783 1449 1818 ὃ
1462 1781 1587 1832 τρόπος
1614 1783 1799 1832 ἀναγκαῖος
1818 1780 1875 1818 διὰ
1898 1780 1960 1827 τὴν
1986 1781 2161 1833 ἁμαρτίαν
2182 1781 2329 1833 ἐγένετο,

1304 1842 1451 1880 ἄκουσον
1469 1842 1575 1880 πάλιν
1597 1843 1701 1880 αὐτοῦ
1730 1847 1789 1880 τοῦ
1816 1841 1961 1880 Παύλου
1990 1843 2071 1894 περὶ
2090 1842 2210 1880 τούτου
2237 1845 2331 1895 φιλο-

1304 1907 1495 1956 σοφοῦντος.
1521 1905 1565 1941 Εἰ
1592 1903 1628 1941 δὲ
1653 1904 1761 1946 Θέλεις
1788 1902 1836 1954 μὴ
1858 1903 2039 1956 φοὸεῖσθαι
2071 1902 2134 1950 τὴν
2160 1903 2330 1951 ἐξουσίαν,

1303 1965 1342 2003 τὸ
1368 1964 1495 2016 ἀγαθὸν
1522 1964 1636 2011 ποίει,
1665 1965 1771 2017 φησὶ,
1798 1964 1857 2002 καὶ
1879 1964 1964 2009 ἔξεις
1984 1964 2124 2002 ἔπαινον
2149 1965 2183 2009 ἐξ
2208 1968 2326 2012 αὐτῆς.

1303 2024 1389 2065 Ἐὰν
1407 2025 1442 2063 δὲ
1459 2025 1498 2064 τὸ
1519 2025 1625 2064 κακὸν
1645 2028 1769 2076 ποιῇς,
1790 2025 1896 2077 φοέοῦ
1913 2040 1919 2048 ·
1940 2027 1977 2063 οὗ
1996 2024 2064 2075 γὰρ
2085 2026 2159 2075 εἰκῇ
2180 2024 2243 2072 τὴν
2265 2025 2332 2076 μά-

1303 2102 1429 2140 χαιραν
1447 2093 1557 2139 φορεῖ.
1576 2086 1684 2138 Ὁρᾷς
1700 2086 1752 2124 ὅτι
1769 2086 1826 2124 διὰ
1842 2085 1920 2129 τοὺς
1935 2086 1974 2124 τὸ
1989 2086 2096 2124 κακὸν
2113 2086 2332 2138 πράττοντας

1303 2148 1362 2186 καὶ
1393 2148 1511 2200 ἄρχων
1537 2148 1596 2186 καὶ
1626 2148 1805 2199 μάχαιρα,
1821 2147 1985 2186 Ἄκουσον
2010 2151 2090 2197 γοῦν
2121 2147 2332 2200 σαφέστερον

1302 2212 1403 2247 τοῦτο
1422 2209 1539 2246 πάλιν.
1556 2208 1721 2251 ’Ἔκδικος
1746 2207 1825 2260 γὰρ,
1842 2208 1958 2259 φησὶν,
1982 2207 2057 2245 ἔστι
2082 2209 2132 2260 τῷ
2154 2207 2194 2245 τὸ
2222 2207 2329 2246 κακὸν

1303 2269 1505 2321 πράσσοντι.
1526 2269 1596 2307 Καὶ
1622 2270 1685 2307 οὐκ
1707 2263 1813 2316 εἶπεν,
1834 2270 1871 2306 οὐ
1889 2268 1957 2321 γὰρ
1982 2271 2056 2320 εἰκῇ
2077 2269 2194 2321 ἄρχων
2217 2268 2309 2307 ἐστίν
2323 2286 2330 2293 ·

1304 2329 1394 2368 ἀλλὰ
1406 2329 1457 2377 τί;
1472 2332 1525 2368 Οὐ
1540 2329 1606 2382 γὰρ
1627 2333 1703 2381 εἰκῇ
1725 2329 1788 2376 τὴν
1809 2330 1988 2382 μάχαιραν
2010 2335 2120 2381 φορεῖ.
2138 2329 2331 2380 Ὡπλισμέ-

1302 2406 1358 2429 νον
1387 2406 1440 2429 σοι
1463 2391 1520 2430 τὸν
1545 2390 1712 2437 δικαστὴν
1737 2390 1920 2437 ἐπέστησε.
1940 2389 2110 2443 Καθάπερ
2131 2390 2199 2443 γὰρ
2225 2391 2328 2443 φιλό-

1303 2468 1444 2506 στοργος
1483 2452 1602 2505 πατὴρ
1635 2453 1762 2496 παῖδας
1792 2454 1838 2494 εἷς
1870 2452 1970 2490 αὐτὸν
2002 2455 2250 2504 ῥαθυμοῦντας,
2270 2453 2331 2491 καὶ

1303 2513 1359 2551 διὰ
1379 2513 1441 2561 τὴν
1467 2513 1640 2568 πατρικὴν
1662 2513 1904 2565 φιλοστοργίαν
1937 2517 2235 2566 καταφρονοῦντας
2263 2515 2328 2552 αὐ-

1303 2574 1445 2622 τοῦ,.διὰ
1460 2574 1522 2618 τὴν
1543 2574 1742 2625 ἀγαῡότητα
1766 2574 2004 2626 παιδαγωγοῖς
2028 2574 2088 2611 καὶ
2108 2574 2330 2618 διδασκάλοις

1301 2636 1463 2674 ἐκδίδωσι
1494 2636 1668 2688 φοὸεροῖς·
1694 2635 1783 2673 οὕτω
1809 2635 1869 2672 καὶ
1894 2638 1911 2672 ὁ
1935 2635 2024 2677 Θεὸς
2049 2634 2112 2682 τὴν
2139 2634 2240 2686 φύσιν
2264 2635 2328 2683 τὴν

1300 2697 1472 2749 ἡμετέραν
1499 2700 1779 2749 καταφρονοῦσαν
1803 2698 1924 2742 αὐτοῦ,
1947 2695 2004 2734 διὰ
2023 2695 2086 2742 τὴν
2114 2696 2327 2745 ἀγαθότητα,

1300 2759 1458 2809 καθάπερ
1479 2758 1698 2801 διδασκάλοις
1721 2757 1779 2795 καὶ
1801 2757 2058 2808 παιδαγωγοῖς,
2072 2762 2142 2801 τοῖς
2162 2757 2326 2810 ἄρχουσιν

1300 2819 1481 2865 ἐξέδωκεν,
1499 2818 1590 2856 ὥστε
1613 2818 1735 2861 αὐτοὺς
1765 2817 1973 2870 ἐπιστρέψαι
1998 2819 2110 2856 αὐτῶν
2132 2818 2195 2864 τὴν
2217 2821 2326 2871 ῥᾳθυ-

1302 2880 1396 2931 μίαν.
1416 2881 1523 2927 Ἀλλ’,
1539 2882 1567 2917 εἷ
1592 2879 1776 2931 βούλεσθε,
1797 2879 1856 2916 καὶ
1880 2879 1949 2917 ἀπὸ
1970 2881 2032 2925 τῆς
2060 2880 2222 2923 Παλαιᾶς
2244 2880 2327 2918 αὐτὸ

1298 2946 1399 2981 τοῦτο
1412 2942 1555 2992 ἴδωμεν,
1573 2941 1625 2978 ὅτι
1645 2941 1702 2978 διὰ
1718 2941 1779 2988 τὴν
1800 2940 1970 2992 πονηρίαν
1991 2940 2054 2987 τὴν
2071 2940 2245 2993 ἡμετέραν
2266 2941 2327 2979 καὶ

1300 3007 1360 3050 τῆς
1383 3006 1494 3056 ἀρχῆς
1514 3003 1646 3054 ἐγένετο
1664 3003 1767 3054 χρεία
1787 3002 1930 3049 ταύτης.
1949 3003 2030 3040 Τῶν
2062 3004 2249 3054 προφητῶν
2275 3018 2325 3046 τις

1300 3063 1574 3116 παροξυνόμενος
1589 3063 1646 3102 ἐπὶ
1661 3070 1731 3107 τοῖς
1747 3063 1892 3109 ἀδίκοις,
1905 3062 1996 3101 οὕτω
2010 3062 2083 3107 πώς
2098 3078 2200 3114 φησι·
2219 3061 2234 3081 ¹'
2249 3064 2325 3101 Πα-

1300 3125 1533 3178 ρασιωπήσεις
1549 3125 1584 3161 ἐν
1603 3127 1652 3176 τῷ
1672 3124 1876 3163 καταπίνειν
1895 3124 1952 3163 τὸν
1970 3123 2078 3170 ‹isse-7.
2098 3123 2156 3161 τὸν
2176 3122 2322 3171 δίκαιον,

1298 3187 1356 3224 καὶ
1373 3185 1529 3232 ποιήσεις
1545 3185 1622 3229 τοὺς
1640 3185 1861 3239 ἀνθρώπους,
1882 3187 1928 3229 ὡς
1943 3183 2019 3228 τοὺς
2039 3183 2159 3236 ἰχθύας
2174 3187 2236 3231 τῆς
2257 3187 2321 3222 θα-

1358 3305 1374 3329 ¹¹
1398 3305 1478 3347 ch.
1503 3316 1584 3336 unus
1597 3309 1748 3348 προνοητὰ
1765 3307 1816 3337 τοῦ
1829 3310 1939 3344 κόσμου
1952 3309 2148 3348 παρασιωπᾷς
2164 3304 2194 3332 ἐν
2211 3308 2250 3342 τῷ
2267 3314 2322 3332 κα·

1314 3361 1486 3392 miramon<
1501 3363 1550 3392 τὸν
1569 3359 1676 3390 afr-mm*
1693 3362 1751 3391 ἀπὸ
1766 3363 1816 3390 τοῦ
1832 3358 1950 3392 ἃσεὲοῦς
1965 3358 2012 3387 καὶ
2026 3360 2114 3390 ποιεῖς
2131 3355 2207 3390 τοὺς.
