2483 3791
110 558 184 586 lsai.
203 555 252 585 56.

114 607 159 626 ΙΟ-

109 643 170 668 Jer.
193 639 221 666 5,
243 636 273 666 8.

108 800 195 828 Psal⁴
220 798 270 838 [⁴8.

111 843 155 869 13.

104 1099 191 1126 psal.
214 1097 279 1135 139-

109 1142 118 1156 Ι

106 1154 137 1176 4⁴»

107 1282 291 1319 fllatllidq.

317 143 404 200 114

307 239 406 285 facit,
426 247 461 276 et
472 239 686 291 negligentia
702 254 817 278 mores
832 255 914 279 suos
936 242 972 279 in
991 241 1120 279 ferinos
1140 241 1260 279 vertit.

309 298 448 337 Idcirco
476 308 511 337 et
527 298 652 338 divina
681 301 878 353 Scriptura,
898 310 1043 353 propter
1062 301 1263 338 affectiones

309 359 388 399 illas
407 360 681 398 interturbantes
698 391 708 410 ,
733 361 1033 399 irrationabilium
1055 369 1088 397 et
1106 361 1263 397 ferarum

311 421 454 458 nomina
476 421 520 458 iis
548 421 611 473 qui
633 421 768 459 ratione
795 421 955 473 insigniti
979 429 1061 458 sunt
1086 419 1262 472 imponit,

310 480 490 518 interdum
500 495 602 519 canes
614 482 660 518 ob
681 480 941 533 impudentiam
962 490 995 518 et
1011 480 1185 531 impetum
1197 493 1262 517 vo-

309 551 379 592 cat,
395 541 529 579 dicens:
542 541 668 581 Canes
682 545 790 588 muti,
812 555 890 579 non
903 542 1081 579 valentes
1099 541 1262 586 latrare;

309 602 489 640 interdum
507 603 552 640 ob
571 602 758 640 libidinem
777 617 897 653 equos:
919 604 1023 641 Nam
1039 604 1127 655 equi
1145 604 1262 640 emis-

309 666 404 701 sarii
416 664 518 714 faeti
531 671 634 710 sunt,
659 666 922 716 unusquisque
946 663 1000 700 ad
1012 677 1170 700 uxorem
1180 676 1264 714 pro-

308 726 406 761 ximi
429 727 489 762 sui
508 725 712 762 hinniebat
727 741 742 769 ,-
771 724 951 762 interdum
966 738 1051 763 vero
1068 723 1198 772 asinos,
1219 723 1265 760 ob

308 785 557 837 stupiditatem
592 794 626 823 et
655 785 848 823 ruditatem
866 801 874 822 :
913 787 1170 837 Comparatus
1209 792 1265 822 est

308 846 417 891 enim,
438 846 554 898 inquit
566 846 764 899 Scriptura,
777 849 967 900 jumentis
980 848 1261 899 insipientibus,

307 916 344 945 et
362 909 649 960 sirnilissactus
666 916 722 945 est
739 908 835 953 illis,·
855 907 1050 958 aliquando
1069 907 1177 945 etiam
1193 907 1266 944 leo-

307 982 367 1006 nes
386 978 418 1006 et
436 968 568 1020 pardos
597 978 721 1016 vocat,
741 969 786 1006 ob
810 969 1039 1020 rapacitatem
1057 978 1091 1007 et
1108 967 1262 1006 avidita-

307 1037 378 1065 tem
393 1044 402 1075 3
419 1028 613 1079 aliquando
627 1029 712 1066 item
732 1028 884 1080 aspides,
904 1030 950 1067 ob
969 1028 1262 1066 fraudulentiam:

314 1091 525 1136 Venenum,
545 1089 675 1140 inquit,
697 1090 877 1141 aspidum
890 1091 960 1128 sub
981 1091 1098 1127 labiis
1117 1102 1265 1133 eorum;

309 1163 577 1200 nonnumquam
599 1159 775 1202 serpentes
791 1159 823 1188 et
839 1150 996 1203 viperas,
1012 1150 1058 1187 ob
1075 1149 1188 1188 latens
1207 1162 1266 1187 ve-

308 1224 439 1247 nenum
463 1219 497 1248 et
513 1210 700 1259 malitiam,
719 1211 810 1248 sicut
826 1221 860 1249 et
874 1212 1000 1249 beatus
1021 1212 1174 1250 Joannes
1190 1210 1265 1247 cla-

306 1271 452 1320 mahat,
476 1270 598 1309 dicens
620 1287 627 1308 :
654 1272 853 1323 Serpentes
867 1302 880 1319 ,
900 1274 1102 1324 progenies
1118 1274 1265 1323 vipera-

305 1346 412 1378 rum,
441 1335 526 1384 quis
545 1335 649 1370 vobis
676 1334 1111 1386 dernonstravitficgere
1131 1345 1156 1369 a
1173 1346 1264 1370 ven-

306 1401 396 1430 tura
429 1395 490 1430 ira
515 1397 531 1429 ?
566 1393 713 1445 insuper
749 1403 783 1431 et
820 1393 890 1431 alia
925 1392 1174 1432 affectionibus
1209 1406 1265 1430 re-

305 1453 515 1506 spondentia
540 1454 685 1492 nomina
704 1454 859 1507 imponit
875 1485 885 1503 ,
912 1464 951 1493 ut
977 1455 1028 1493 sic
1046 1454 1102 1493 vel
1122 1453 1266 1492 tandem

305 1514 441 1552 confusi
464 1514 512 1553 ad
528 1530 631 1553 suam
645 1515 838 1567 aliquando
854 1515 1001 1554 redeant
1019 1515 1241 1553 nobilitatem
1255 1545 1264 1564 ,

306 1585 338 1613 et
368 1590 431 1613 suo
457 1577 575 1628 generi
604 1576 912 1628 confoederentur,
947 1576 1275 1627 affectionibusque·

307 1636 380 1673 suis
401 1636 542 1675 divinas
560 1637 654 1689 leges
674 1638 861 1690 praeferant
877 1668 888 1688 ‚
913 1638 1044 1690 quibus
1061 1651 1134 1676 sese
1154 1637 1267 1675 delin-

307 1712 328 1748 q
334 1697 448 1735 uendo
464 1699 717 1750 permiserunt.

360 1821 399 1857 4.
432 1820 504 1858 Sed
530 1821 648 1858 nescio
675 1822 854 1871 quomodo
885 1838 905 1860 a
933 1825 1104 1863 sermonis
1130 1826 1266 1879 impetu

307 1882 475 1933 abreptus
501 1881 547 1919 ad
568 1882 643 1919 haec
664 1882 816 1934 digressi
842 1883 964 1922 simus.
997 1887 1072 1937 Age
1096 1901 1192 1925 nunc
1220 1888 1266 1926 ad

309 1943 514 1981 institutum
550 1943 736 1982 redeamus
755 1959 766 1993 ;
805 1953 839 1982 et
873 1945 1058 1985 videamus
1093 1948 1267 1999 quidnam

312 2003 417 2040 etiam
433 2004 534 2042 aliud
552 2018 615 2042 nos
634 2003 760 2042 docere
781 2006 870 2044 velit
887 2007 1013 2046 beatus
1034 2009 1096 2048 ille
1113 2012 1267 2064 prophe-

312 2073 359 2101 ta.
388 2066 480 2102 Nam
500 2075 539 2103 ut
564 2065 658 2104 dixit
676 2096 687 2115 ,
718 2068 794 2104 Hic
814 2076 869 2106 est
891 2069 987 2107 liber
1007 2076 1268 2123 generationis

313 2126 398 2162 coeli
412 2134 448 2163 et
472 2134 582 2164 terroe
595 2155 606 2172 ,
631 2139 840 2178 progressus
857 2128 951 2167 ultra
966 2159 976 2179 ,
999 2142 1119 2170 narrat
1137 2133 1267 2172 iterum

313 2185 521 2236 diligentius
541 2186 696 2224 hominis
714 2187 974 2229 formationem.
994 2191 1042 2228 Et
1061 2194 1146 2243 quia
1164 2208 1267 2246 supe-

314 2245 387 2283 rius
399 2246 705 2285 breviterdixerat
719 2263 726 2283 :
751 2250 788 2285 E
793 2257 806 2285 t
808 2251 912 2301 fecit
928 2252 1034 2290 Deus
1056 2254 1263 2306 hominem,

314 2307 368 2343 ad
393 2309 599 2359 imaginem
625 2309 701 2345 Dei
715 2309 816 2360 fecit
847 2311 988 2359 illum,
1024 2327 1117 2351 nunc
1143 2314 1232 2354 dicit
1255 2333 1262 2353 :

314 2368 349 2405 7.
374 2369 426 2404 Et
445 2369 637 2420 formavit
658 2369 765 2406 Deus
782 2370 989 2419 hominem,
1003 2374 1200 2424 pulverem
1219 2379 1266 2415 de

314 2437 430 2475 terra,
449 2438 483 2466 ec
501 2432 704 2481 inspiravit
721 2432 762 2466 in
774 2431 921 2482 faciem
932 2435 1013 2485 ejus
1027 2438 1264 2486 spiraculum

315 2493 414 2535 vine,
435 2499 470 2527 et
482 2492 624 2543 factus
650 2499 707 2529 est
735 2492 848 2529 homo
869 2495 911 2529 in
929 2498 1104 2534 animam
1123 2501 1266 2537 viven-

311 2559 398 2588 tem.
415 2552 590 2601 Magnum
603 2560 654 2589 est
673 2551 769 2602 quod
790 2552 849 2590 hic
864 2552 966 2605 dicit,
981 2565 1013 2593 et
1033 2565 1176 2610 stupore
1187 2560 1266 2612 ple-

309 2625 421 2659 num,
446 2611 710 2663 humanamque
732 2614 980 2654 transcendens
1005 2627 1181 2657 mentem:
1210 2624 1265 2659 Et

303 2674 494 2723 formavit
507 2703 518 2720 ,
544 2674 659 2724 inquit
671 2704 683 2723 ,
708 2675 815 2713 Deus
834 2677 1049 2726 hominem,
1066 2681 1264 2732 pulverem

306 2734 480 2786 accipiens
501 2736 548 2772 de
575 2744 692 2773 terra.
716 2735 818 2774 Sicut
841 2737 886 2775 de
905 2739 1071 2779 omnibus
1090 2744 1261 2782 creaturis

307 2794 511 2833 visibilibus
566 2795 731 2834 dicebam
786 2797 1037 2839 universorum
1084 2803 1260 2855 Opificem

305 2855 422 2893 omnia
444 2866 568 2907 praeter
589 2857 752 2896 humanae
770 2869 904 2897 naturae
924 2875 1058 2900 morem
1073 2877 1176 2915 agere
1190 2895 1201 2915 ,
1222 2877 1259 2905 ut

301 2931 366 2969 per
387 2917 453 2954 hoc
474 2918 664 2957 ineffabilis
680 2919 791 2971 ipsius
812 2931 1027 2961 monstretur
1050 2925 1186 2964 virtus:
1210 2928 1256 2967 ita

303 2987 336 3015 et
360 2978 396 3015 in
423 2978 578 3017 hominis
600 2981 808 3019 formatione
837 2983 1057 3024 inveniemus
1079 3000 1172 3026 nunc
1204 2991 1257 3027 sa-

303 3039 520 3077 ctumNidc
544 3041 637 3077 enim
665 3042 975 3096 quoniodo‘super
1001 3061 1109 3097 aquas
1129 3058 1256 3088 terr-'un

300 3099 464 3137 fundavit
482 3130 491 3147 ,
510 3099 545 3136 id
560 3101 653 3151 quod
675 3102 760 3140 citra
781 3103 890 3142 fidem
910 3105 1063 3145 humana
1080 3110 1169 3148 ratio
1184 3126 1251 3149 non

1289 2352 1320 2378 96

1291 2390 1317 2418 Α
1335 2382 1352 2417 6
1368 2380 1456 2423 Θεὸς
1475 2380 1554 2418 ετὸν
1586 2381 1779 2434 ἄνθρωπον,
1801 2385 1884 2432 χοῦν
1905 2379 1974 2417 ἀπὸ
2005 2381 2067 2424 τῆς
2087 2380 2171 2428 γῆς,
2201 2378 2261 2415 καὶ
2289 2378 2361 2414 ἐνε-

729 158 769 189 5.
803 159 983 190 JOANNIS
1017 158 1260 190 CHRYSOST.
1297 158 1504 189 ARCHIEP.
1543 159 1895 190 CONSTANTINOP-

1335 240 1375 277 τὸ
1390 239 1502 278 καίειν
1517 240 1626 291 λέγω,
1648 241 1711 287 τὴν
1722 242 1849 280 οἰκείαν
1871 242 2042 294 ἐνέργειαν
2059 245 2119 282 οὐκ
2139 242 2336 287 ἐπεδείξατο
2350 274 2360 291 ,

1338 305 1355 338 ὁ
1374 301 1409 338 δὲ
1432 302 1610 352 ἄνθρωπος
1623 332 1631 347 ,
1647 300 1695 340 τὸ
1708 303 1838 356 ἥμερον
1858 306 1956 350 ζῶον,
1969 304 2008 342 τὸ
2023 304 2173 356 λογικὸν,
2193 303 2232 341 τὸ
2247 307 2360 342 ἐπιει-

1339 360 1417 408 κὲς,
1437 362 1482 400 τὰ
1509 362 1647 400 ἐναντία
1665 366 1708 414 τῇ
1738 363 1847 416 οἰκεία
1873 363 1972 416 φύσει
2004 364 2274 416 διαπράττεται,
2301 364 2361 402 καὶ

1338 422 1395 459 διὰ
1422 423 1593 474 ῥᾳθυμίαν
1625 425 1671 466 εἰς
1693 423 1755 471 τὴν
1789 428 1858 462 τῶν
1893 426 2020 478 θηρίων
2053 426 2220 476 ὠμότητα
2240 426 2359 465 ἑαυτὸν

1288 497 1312 527 C
1337 484 1462 536 ἐξάγει.
1478 486 1544 523 Διὰ
1564 489 1663 524 τοῦτο
1682 486 1741 523 καὶ
1760 490 1782 533 ἡ
1803 487 1878 524 θεία
1897 487 2018 540 Γραφὴ
2039 488 2122 540 πρὸς
2141 486 2186 525 τὰ
2203 487 2298 532 πάθη
2317 486 2361 524 τὰ

1338 547 1544 598 ἐνοχλοῦντα
1573 545 1664 584 οὕτω
1689 547 1748 585 καὶ
1766 547 1827 591 τὰς
1846 551 1914 586 τῶν
1942 548 2076 599 ἀλόγων
2102 547 2361 600 προσηγορίας,

1338 608 1518 659 πολλαχοῦ
1536 607 1571 644 δὲ
1591 607 1650 644 καὶ
1677 610 1745 645 τῶν
1767 607 1894 659 Οηρίων
1921 615 1991 651 τοῖς
2009 608 2101 661 λόγῳ
2117 608 2361 658 τετιμημένοις

1339 668 1545 716 ἐπιτίθησιν
1562 668 1644 707 ποτὲ
1665 668 1725 719 μὲν
1748 669 1853 712 κύνας
1874 671 2028 707 καλοῦσα
2043 669 2101 706 διὰ
2120 669 2159 706 τὸ
2176 668 2361 721 ἀναίσχυν-

1337 746 1396 768 τον
1421 730 1480 767 καὶ
1500 730 1622 781 ἰταμόν
1640 746 1647 753 ·
1679 729 1781 773 Κύνες
1809 729 1893 782 γὰρ,
1917 730 2034 782 φησὶν,
2063 729 2172 776 ἐνεοί,
2192 731 2230 767 οὐ
2257 729 2361 767 δυνά-

1722 791 1786 805 x'xx
1817 791 1832 805 e!
1969 792 1984 803 Ν

1339 806 1434 841 μενοι
1454 793 1631 829 ὑλακτεῖν·
1651 807 1734 830 ποτε
1755 807 1789 829 οε
1820 806 1945 834 ιππους
1966 790 2022 828 σιὰ
2049 791 2088 829 τὸ
2114 791 2240 841 λάγνον
2253 806 2260 813 ·
2282 789 2361 829 Ἵπ-

1336 867 1396 890 ποι
1410 851 1477 903 γὰρ
1498 853 1706 903 θηλυμανεῖς
1725 852 1891 903 ἐγένοντο,
1906 853 2050 896 ἕκαστος
2063 851 2119 890 ἐπὶ
2138 851 2200 898 τὴν
2215 858 2375 902 γυναῖκα,

1337 917 1396 950 τοῦ
1415 912 1562 959 πλησίον
1588 914 1869 964 χρεμετίζοντες·
1891 913 1976 952 ποτὲ
2002 912 2038 950 δὲ
2069 913 2186 959 ὄνους,
2217 911 2274 950 διὰ
2300 911 2363 958 τὴν

1338 973 1587 1023 ἀγνωμοσύνην
1602 974 1685 1011 ι’καί
1708 974 1770 1020 τὴν
1794 975 1911 1013 ἄνοιαν
1924 989 1931 997 ·
1953 973 2256 1025 Παρασυνεὲλῆθη
2274 973 2362 1024 γὰρ,

1338 1033 1442 1085 φησὶ,
1474 1040 1543 1078 τοῖς
1568 1035 1710 1081 κτήνεσι
1735 1041 1806 1078 τοῖς
1833 1035 2010 1082 ἀνοήτοις,
2028 1035 2086 1072 καὶ
2115 1033 2279 1083 ὡμοιώθη
2300 1036 2363 1071 αὗ-

1337 1099 1424 1136 τοῖς·
1443 1094 1526 1132 ποτὲ
1556 1094 1591 1133 δὲ
1610 1095 1751 1139 λέοντας
1777 1095 1836 1133 καὶ
1854 1096 2066 1147 παρδάλεις,
2096 1094 2154 1132 διὰ
2185 1095 2224 1133 τὸ
2245 1095 2361 1147 ἁρπα-

1338 1155 1456 1193 κτικὸν
1491 1155 1551 1193 καὶ
1581 1156 1844 1194 πλεονεκτικόν·
1871 1157 1956 1194 ποτὲ
1991 1156 2025 1194 δὲ
2047 1156 2218 1204 ἀσπίδας,
2249 1155 2306 1193 διὰ
2324 1156 2364 1194 τὸ

1339 1216 1498 1268 δολερόν·
1519 1216 1584 1260 Ἰὸς
1604 1217 1691 1270 γὰρ,
1708 1217 1826 1269 φησὶν,
1842 1217 1998 1255 ἀσπίδων
2025 1217 2092 1255 ὑπὸ
2117 1216 2162 1254 τὰ
2174 1217 2276 1268 χείλη
2296 1217 2362 1253 αὖ-

1521 1278 1623 1292 ἱἈῖἱΙ

1291 1288 1316 1317 D
1338 1280 1406 1315 τῶν
1424 1293 1431 1301 ·
1449 1295 1533 1316 ποτε
1552 1293 1588 1317 οε
1604 1295 1696 1331 οφεις
1713 1279 1772 1317 καὶ
1796 1279 1906 1331 ἔχεις,
1927 1278 1984 1316 διὰ
1997 1279 2053 1317 τὸν
2072 1279 2120 1316 ἰὸν
2141 1278 2199 1316 καὶ
2218 1277 2280 1325 τὴν
2297 1293 2361 1316 πο-

1337 1338 1472 1391 νηρίαν,
1495 1339 1609 1383 καθὼς
1623 1340 1682 1377 καὶ
1706 1342 1723 1377 6
1739 1339 1910 1393 μακάριος
1930 1339 2095 1384 Ἰωάννης
2111 1337 2215 1387 ἐὲόα,
2233 1339 2341 1389 λέγων
2355 1354 2363 1362 ·

1338 1400 1461 1453 Ὄφεις
1476 1431 1485 1448 ,
1505 1401 1705 1452 γεννήματα
1722 1402 1880 1453 ἐχιδνῶν,
1892 1401 1945 1444 τίς
1959 1399 2132 1444 ὑπέδειξεν
2147 1403 2229 1450 ὑμῖν
2245 1405 2363 1452 φυγεῖν

1340 1462 1408 1500 ἀπὸ
1423 1466 1485 1508 τῆς
1505 1462 1697 1513 μελλούσης
1716 1465 1839 1515 ὀργῆςς
1859 1462 1941 1500 dxcii
1964 1462 2065 1514 ἕτερα
2085 1461 2120 1500 δὲ
2135 1461 2364 1508 κατάλληλα-

1338 1529 1408 1567 τοῖς
1427 1523 1571 1562 πάθεσιν
1601 1523 1755 1574 ὀνόματα
1775 1523 1918 1574 ἐπάγει,
1950 1522 2009 1560 ἵνα
2035 1523 2098 1560 κᾶν
2128 1521 2237 1565 οὕτως
2266 1522 2364 1559 αἰδε-

1340 1583 1476 1627 σθέντες
1496 1584 1558 1636 ὀψέ
1577 1601 1661 1623 ποτε
1690 1585 1774 1637 πρὸς
1798 1585 1858 1632 τὴν
1877 1585 2007 1623 οἰκείαν
2027 1584 2197 1635 εὐγένειαν
2219 1583 2366 1621 ε’-τανέλ-

1341 1650 1426 1684 Οωσι
1438 1676 1447 1692 ,
1465 1646 1524 1683 καὶ
1546 1646 1760 1685 σπείσωνται
1782 1647 1866 1698 πρὸς
1880 1646 1919 1684 τὸ
1940 1645 2101 1697 ὁμογενὲς
2109 1676 2119 1693 ,
2138 1645 2198 1683 καὶ
2213 1644 2291 1688 τοὺς
2305 1648 2365 1682 τοῦ

1339 1711 1430 1748 Θεοῦ
1461 1708 1585 1759 νόμους
1608 1709 1879 1760 προτιμοτέρους
1899 1708 2101 1760 ἡγήσωνται
2131 1707 2201 1743 τῶν
2228 1704 2364 1743 οἰκείων

1339 1773 1476 1814 παθῶν,
1497 1764 1545 1813 οἶς
1565 1770 1622 1808 διὰ
1641 1770 1810 1822 ῥᾳθυμίαν
1827 1768 1968 1812 ἑαυτοὺς
1984 1767 2230 1806 ἐκδεδωκασιν.

1392 1831 1483 1869 Ἀλλ’
1509 1832 1570 1869 οὐκ
1589 1825 1684 1876 οἶδα,
1710 1835 1784 1875 πῶς
1808 1832 1875 1869 ὑπὸ
1895 1833 1957 1876 τῆς
1975 1833 2034 1868 τοῦ
2056 1829 2160 1879 λόγου
2187 1827 2297 1880 ῥύμης
2317 1829 2365 1871 εἷς

1339 1896 1449 1930 ταῦτα
1465 1892 1642 1944 ἐξέὸημεν.
1663 1892 1760 1944 Φέρε
1777 1893 1818 1939 δὴ
1838 1892 1957 1930 λοιπὸν
1987 1891 2229 1939 ἐπανέλθωμεν
2247 1889 2304 1927 ε’πὶ
2325 1889 2365 1927 τὸ

1293 1964 1316 1993 E
1339 1954 1578 2007 προκείμενον,
1602 1954 1661 1992 καὶ
1683 1954 1812 2004 ἴδωμεν
1836 1952 1869 1990 τί
1885 1952 1943 1990 καὶ
1963 1951 2079 2003 ἕτερον
2100 1951 2252 2002 σήμερον
2270 1953 2365 2000 ἡμᾶς

1343 2015 1435 2032 ,κκιγ

1339 2026 1473 2059 οιοαςαι
1496 2016 1658 2067 βούλεται
1677 2019 1695 2054 6
1715 2015 1885 2068 μακάριος
1908 2007 2005 2057 οἶτος
2024 2012 2217 2065 προφήτης.
2242 2010 2363 2049 Εἰπὼν

1337 2076 1422 2129 γὰρ,
1458 2076 1554 2123 Αὕτη
1575 2079 1596 2122 ἡ
1619 2076 1738 2127 βίὸλος
1764 2075 1930 2126 γενέσεως
1961 2077 2105 2125 οὐρανοῦ
2132 2087 2170 2110 τε
2198 2071 2258 2110 καὶ
2277 2075 2364 2123 γῆς,

1337 2136 1468 2188 προϊὼν
1495 2139 1666 2189 διηγεῖται
1696 2141 1780 2187 ἡμῖν
1814 2136 1919 2175 πάλιν
1946 2134 2193 2186 ἀκριὸέστερον
2212 2132 2276 2180 τὴν
2303 2136 2364 2171 τοῦ

1339 2196 1520 2249 ἀνθρώπου
1545 2197 1786 2249 δημιουργίαν.
1807 2197 1877 2236 Καὶ
1905 2194 2026 2242 ἐπειδὴ
2054 2193 2218 2246 ἀνωτέρω
2240 2193 2364 2231 συντό-

1338 2274 1411 2308 μως
1430 2252 1526 2306 εἰπε,
1555 2258 1624 2297 Καὶ
1651 2258 1812 2303 ἐποίησεν
1828 2261 1845 2295 6
1862 2257 1952 2300 Θεὸς
1972 2256 2031 2294 τὸν
2057 2255 2251 2306 ἄνθρωπον,
2281 2256 2360 2292 κατ’

1337 2319 1451 2357 εἰκόνα
1473 2320 1564 2357 Θεοῦ
1585 2319 1745 2366 ἐποίησεν
1771 2319 1884 2366 αὐτὸν,
1908 2323 1965 2356 νῦν
1990 2332 2075 2369 φησι
2089 2347 2098 2364 ,
2121 2315 2191 2354 Καὶ
2211 2315 2360 2353 ἔπλασεν

1335 2441 1485 2493 φύσησεν
1505 2443 1553 2485 εἰς
1567 2443 1606 2480 τὸ
1623 2442 1808 2493 πρόσωπον
1830 2443 1934 2479 αὐτοῦ
1953 2439 2062 2485 πνοὴν
2077 2441 2167 2485 ζωῆς
2178 2469 2186 2485 ,
2203 2437 2263 2475 καὶ
2280 2437 2356 2488 ἐγέ-

1333 2518 1410 2540 νετο
1431 2505 1448 2540 ὁ
1472 2503 1649 2554 ἅνθρωπος
1680 2505 1726 2546 εἷς
1745 2502 1862 2555 ψυχὴν
1883 2504 2010 2545 ζῶσαν.
2033 2499 2138 2550 Μέγα
2159 2499 2198 2537 τὸ
2219 2497 2360 2552 εἰρημέ-

1333 2579 1400 2611 νον,
1435 2564 1495 2602 καὶ
1524 2567 1655 2610 πολλῆς
1685 2564 1882 2611 ἐκπλήξεως
1911 2563 2029 2614 γέμον,
2065 2562 2122 2599 καὶ
2147 2561 2356 2612 ὓπερὸαἷνον

1333 2625 1485 2663 διάνοιαν
1517 2626 1755 2677 ἀνθρωπίνην·
1786 2625 1854 2663 Καὶ
1886 2625 2033 2671 ἔπλασε,
2066 2623 2185 2675 φησὶν,
2221 2626 2239 2661 6
2267 2623 2357 2666 Θεὸς

1331 2687 1388 2724 τὸν
1419 2687 1612 2737 ἄνθρωπον,
1634 2687 1751 2725 λαδὼν
1770 2691 1854 2738 χοῦν
1877 2686 1944 2724 ἀπὸ
1964 2688 2025 2731 τῆς
2043 2688 2118 2735 γῆς.
2136 2682 2280 2734 ”Ω.σπερ
2298 2684 2355 2722 ἐπὶ

1330 2752 1398 2787 τῶν
1430 2750 1632 2799 κτισμάτων
1663 2753 1730 2787 τῶν
1751 2748 1936 2800 ὁρωμένων
1963 2746 2126 2784 ἁπάντων
2144 2744 2274 2795 ἔλεγον,
2300 2743 2355 2782 ὅτι

1330 2810 1538 2853 ἀπεναντίας
1558 2813 1599 2859 τῇ
1629 2808 1727 2861 φύσει
1747 2813 1790 2860 τῇ
1811 2807 2008 2859 ἀνθρωπίνῃ
2030 2806 2167 2843 ἅπαντα
2185 2804 2354 2857 διαπράτ-

1328 2887 1424 2908 τεται
1442 2874 1459 2908 6
1476 2873 1544 2908 τῶν
1563 2870 1652 2908 ὅλων
1682 2870 1909 2922 δημιουργὸς,
1937 2868 1993 2906 ἰ’να
2023 2867 2081 2905 καὶ
2114 2865 2169 2902 διὰ
2191 2864 2312 2903 τούτου
2330 2868 2352 2911 ἡ

1282 2936 1304 2965 Β
1328 2932 1456 2983 ἅφατος
1476 2933 1579 2969 αὐτοῦ
1606 2932 1751 2981 δύναμις
1781 2933 1900 2983 δειχθῇ
1919 2946 1926 2953 ·
1950 2928 2037 2967 οὕτω
2056 2928 2115 2966 καὶ
2135 2927 2192 2964 ἐπὶ
2213 2928 2274 2971 τῆς
2293 2930 2353 2964 τοῦ

1327 2991 1508 3044 ἀνθρώπου
1541 2993 1760 3035 διαπλάσεως
1785 2992 1973 3042 εὑρήσομεν
2006 2994 2064 3026 νῦν
2086 2988 2233 3039 γεγονός.
2253 2986 2349 3037 ςὈραι

1324 3052 1412 3105 γὰρ,
1440 3053 1501 3100 τὴν
1528 3056 1593 3105 γῆν
1618 3054 1675 3090 ἐπὶ
1698 3056 1766 3090 τῶν
1794 3054 1927 3090 ὑδάτων
1948 3049 2189 3100 {flagianum-32,
2208 3047 2293 3098 ὅπερ
2309 3049 2346 3085 οὐ

1314 3121 1422 3166 χωρεῖ
1450 3115 1608 3158 δέξασθαι
1635 3115 1797 3166 λογισμὸς
1830 3113 2041 3166 ἀνθρώπινος
2062 3111 2140 3148 ἄνευ
2163 3109 2316 3152 πίστεως
2336 3139 2346 3155 ,

339 3232 351 3245 c
369 3223 491 3253 Omnes
513 3221 578 3253 fere
596 3228 643 3256 καὶ
657 3231 710 3260 τὴν
729 3232 837 3259 ἄνοιαν.
859 3227 970 3259 Mosei·
991 3235 1038 3264 καὶ
1054 3234 1101 3266 διά
1117 3239 1171 3271 τὴν
1188 3240 1298 3269 ἄνοιαν.
1335 3236 1436 3268 Savii,
1455 3245 1487 3268 et
1511 3237 1625 3269 Morcl.
1646 3243 1693 3271 τὸν
1715 3243 1871 3282 ἄνθρωπον
1889 3239 1985 3269 >affl-a
2000 3241 2081 3277 χοὶ-ι.
2102 3233 2227 3264 Vocem
2245 3235 2342 3264 λαὸὼν

340 3275 355 3298 (Ῑ
374 3275 509 3307 Coislin.
528 3280 575 3308 καὶ
592 3281 680 3319 ἕτερα.
702 3281 800 3310 mh&
815 3285 1004 3318 κατάλληλα.

1334 3297 1446 3329 postea
1472 3289 1611 3322 subinde
1634 3290 1892 3333 Clirysostomus
1913 3287 2098 3319 narrationi
2118 3298 2181 3318 suae
2207 3283 2340 3322 inserit,

337 3334 347 3346 ³
367 3328 416 3357 11ss
436 3327 526 3369 Rvgi'l
548 3327 623 3359 MSS.
640 3334 672 3357 ct
688 3327 784 3359 Colb.
803 3337 900 3372 atque
917 3331 963 3363 sic
980 3331 1098 3377 legitur
1120 3337 1152 3368 in
1169 3338 1293 3371 Bibliis.
1330 3340 1387 3373 sed
1404 3353 1468 3373 non
1486 3350 1520 3374 ut
1539 3341 1692 3375 biblicam
1709 3350 1801 3384 pum.
