2516 3791
701 174 744 203 ΙΝ
781 174 881 203 CAP.
921 174 1039 204 xxtx.
1077 173 1239 203 GENES.

125 259 378 310 ἀποδεξάμενος
394 262 412 298 ὁ
430 261 498 297 τῶν
518 258 683 297 ἁπάντων
716 258 915 308 Δεσπότης,
935 258 1017 298 οκαὶ
1047 261 1152 311 ἀρκε-

130 323 222 368 σθεὶς
239 325 340 373 ἡμῶν
372 325 415 374 τῇ
441 324 597 373 ὑπακοῇ,
627 320 815 373 ἐπιῧλέψαι
842 321 895 373 ἐφ’
922 325 1017 371 ἡμᾶς
1047 335 1156 359 κατα-

125 384 244 436 ξιώσῃ.
265 383 352 422 Ἐὰν
372 385 440 437 γὰρ
458 386 560 422 τοῦτο
578 385 724 429 ποιῆσαι
743 382 987 429 καταδέξηται,
1002 383 1036 420 ἐν
1057 380 1152 431 πάσῃ

124 445 298 499 ἀσφαλείᾳ
319 448 413 496 ἡμᾶς
434 444 667 491 καταστήσει·
694 443 901 496 'limeis-tam
924 442 993 495 γὰρ
1006 473 1016 490 ,
1035 442 1152 495 φησὶν,

125 507 201 546 ἀντὶ
219 511 298 555 τοῦ,
321 507 483 560 προνοίας
504 505 654 553 ἀξιώσω,
675 511 778 559 χεῖρα
797 504 923 557 ὀρέξω,
956 507 990 543 ἐν
1022 504 1152 542 ἅπασιν

124 570 379 622 ἀντιλήψομαι,
398 568 459 613 τὰς
480 569 563 622 παρ’
589 571 739 619 ἐμαυτοῦ
760 566 960 620 φιλοτιμίας
977 565 1064 616 μετὰ
1087 565 1150 602 δα-

123 632 259 684 ψιλείας
278 631 430 685 παρέξω.
447 633 570 670 Ταῦτα
589 624 646 668 οὖν
668 630 808 668 ἅπαντα
829 628 1018 679 μετίωμεν,
1040 642 1153 679 παρα-

124 697 239 742 καλῶ,
268 694 323 732 ἵνα
348 693 520 745 ἐπιὸλέψῃ
551 693 611 732 καὶ
633 692 686 744 ἐφ’
714 695 810 742 ἡμᾶς
835 693 853 728 ὁ
872 688 1072 735 Δεσπότης,
1093 687 1153 726 καὶ

123 755 352 807 δυνηθείημεν
372 755 432 794 καὶ
453 755 510 792 τὸν
533 753 691 805 παρόντα
717 751 789 804 βίον
819 751 959 794 ἀλύπως
984 749 1153 793 διανύσαι,

123 819 183 856 καὶ
210 820 278 854 τῶν
316 816 513 868 μελλόντων
543 817 682 866 ἀγαθῶν
712 816 912 865 ἐπιτυχεῖν,
944 811 1066 864 χάριτι
1094 811 1154 849 καὶ

123 877 367 931 φιλανθρωπίᾳ
407 881 466 915 τοῦ
514 876 644 928 Κυρίου
688 878 790 925 ἡμῶν
824 876 940 921 Ἰησοῦ
958 874 1152 925 ξΧριστοῧ,

123 943 198 992 μεθ’
229 933 268 978 οὗ
308 942 358 992 τῷ
388 938 504 992 Πατρὶ
537 938 612 989 ἅμα
642 940 692 990 τῷ
723 935 812 989 ἁγίῳ
840 935 1021 987 Πνεύματι
1059 933 1152 981 δόξα,

121 1002 259 1056 κράτος,
277 1000 383 1052 τιμὴ,
404 1005 461 1039 νῦν
489 1000 548 1039 καὶ
579 999 646 1049 ἀεὶ,
678 999 738 1038 καὶ
767 1001 815 1043 εἷς
837 997 916 1043 τοὺς
940 1000 1067 1040 αἰῶνας
1081 1000 1151 1035 τῶν

122 1063 272 1102 αἰώνων.
295 1063 416 1114 Ἀμήν.

494 1189 674 1227 omum
701 1186 767 1232 νς’.

124 1306 214 1351 Eine
234 1312 269 1351 δὲ
286 1311 415 1350 Ἰακὼὸ
435 1312 520 1366 πρὸς
541 1312 662 1351 Λάδαν
677 1328 684 1335 ·
703 1311 831 1356 ἀπόδος
846 1326 905 1361 μοι
924 1308 987 1356 τὴν
1007 1309 1154 1361 γυναῖκά

177 1389 244 1424 μου
262 1389 269 1396 ·
293 1374 544 1426 πεπληρωνται
568 1373 636 1426 γὰρ
656 1376 692 1412 αἱ
713 1372 868 1425 ἡμέραι,
893 1370 987 1415 ὅπως
1009 1369 1153 1408 εἰσέλθω

176 1435 263 1487 πρὸς
283 1435 404 1481 αὐτήν.

179 1559 262 1598 Ἀπὸ
283 1561 346 1605 τῆς
367 1558 507 1610 ἀγάπης
522 1563 582 1597 τοῦ
603 1557 752 1606 Ἰακὼὸ,
773 1558 815 1606 ἣν
834 1557 915 1610 περὶ
933 1556 995 1603 τὴν
1015 1555 1156 1609 Ῥαχὴλ

123 1620 323 1665 ἐπεδείξατο
336 1651 346 1668 ,
380 1623 427 1664 εἷς
466 1619 530 1667 τὴν
566 1620 709 1659 Παύλου
747 1620 887 1671 ἀγάπην
922 1618 1155 1670 μεταστάντες

123 1683 221 1736 χθὲς,
252 1683 312 1721 καὶ
333 1682 372 1721 τὸ
402 1682 544 1734 μέγεθος
571 1686 630 1721 τοῦ
661 1681 742 1735 περὶ
773 1682 831 1720 τὸν
869 1679 1022 1733 Χριστὸν
1047 1680 1154 1718 πόθου

124 1748 228 1784 αὐτοῦ
248 1745 528 1796 καταμαθόντες,
549 1745 707 1796 καθάπερ
731 1743 798 1781 ὑπὸ
825 1742 938 1795 ῥύμης
955 1742 1046 1786 τινὸς
1065 1758 1151 1795 σφο-

126 1806 290 1860 δροτέρας
317 1807 590 1854 ἐξελκυσθέντες,
620 1808 682 1844 οὐκ
711 1806 762 1844 ἔτι
790 1804 982 1857 ἰσχύσαμεν
1013 1803 1071 1843 ἐπὶ
1089 1802 1153 1850 τὴν

125 1867 330 1906 ἀκολουθίαν
353 1870 553 1906 ἐπανελθεῖν
580 1871 640 1905 τοῦ
663 1867 778 1918 λόγου.
806 1866 958 1918 Διόπερ,
983 1868 1012 1904 εἰ
1041 1866 1153 1912 δοκεῖ,

126 1929 278 1981 σήμερον
305 1936 376 1973 τοῖς
403 1929 481 1976 ἑξῆς
514 1927 772 1976 ἐπεξελθόντες,
799 1926 844 1966 τὰ
865 1926 1048 1980 λειφθέντα
1073 1929 1156 1965 ἀνα-

124 1990 390 2042 πληρώσωμεν,
420 1990 478 2028 ἵνα
512 1990 571 2028 καὶ
599 1992 637 2028 ἐκ
669 1993 738 2028 τῶν
772 1989 923 2041 σήμερον
957 1988 1154 2041 λεγομένων

126 2055 300 2105 ἀρκοῦσαν
320 2051 489 2104 ὠφέλειαν
506 2050 790 2104 καρπωσάμενοι,
811 2050 917 2095 οὕτως
936 2050 1055 2089 οἴκαδε
1070 2052 1155 2089 ἐπα-

124 2113 313 2164 νέλθωμεν.
344 2113 492 2160 Ἐπειδὴ
522 2113 589 2165 γὰρ
618 2112 804 2165 ἐπληρώθη
825 2116 843 2151 ὁ
861 2116 930 2151 τῶν
951 2112 1042 2151 ἑπτὰ
1067 2114 1153 2151 ἐτῶν

125 2175 289 2228 ἀριθμὸς,
308 2177 378 2213 Καὶ
391 2170 500 2222 ἦσαν,
517 2175 634 2226 φησὶν,
652 2174 798 2214 ἐνώπιον
817 2173 948 2213 Ἰακὼὸ
964 2177 1010 2217 ὡς
1025 2173 1155 2226 ἡμέραι

85 2271 95 2279 ,
124 2234 238 2286 ὀλίγαι
254 2239 272 2274 ὁ
292 2239 453 2279 τοσοῦτος
472 2235 593 2288 χρόνος
612 2235 669 2274 διὰ
688 2236 726 2273 τὸ
747 2239 887 2288 ἀγαπᾷν
910 2235 1012 2274 αὐτὸν
1034 2233 1155 2281 αὐτὴν,

124 2292 200 2335 εἶπε
219 2301 269 2350 τῷ
285 2297 410 2336 Λάὸαν
427 2313 435 2321 ·
453 2297 581 2341 ἀπόδος
598 2312 657 2348 μοι
672 2296 735 2343 τὴν
755 2297 902 2350 γυναῖκά
915 2312 980 2348 μου
994 2312 1001 2320 ·
1018 2296 1154 2343 πεπλή-

125 2374 253 2408 ρωνται
276 2359 344 2412 γὰρ
364 2363 400 2398 αἱ
417 2359 547 2412 ἡμέραι
563 2375 643 2410 μου,
664 2359 758 2404 ὅπως
772 2359 914 2397 εἰσέλθω
933 2358 1019 2413 πρὸς
1035 2359 1154 2406 αὐτήν.

126 2421 310 2472 Συνήγαγε
337 2420 373 2458 δὲ
400 2420 524 2459 Αάέαν
552 2420 687 2464 πάντας
710 2420 788 2465 τοὺς
816 2420 943 2474 ἄνδρας
966 2425 1027 2459 τοῦ
1046 2420 1154 2459 τόπου

124 2483 184 2522 καὶ
203 2483 346 2530 ἐποίησε
363 2483 420 2520 τὸν
439 2482 565 2534 γάμον.
585 2482 656 2520 Καὶ
676 2482 810 2534 ἐγένετο
829 2481 982 2534 ἑσπέρα,
1005 2482 1065 2521 καὶ
1085 2483 1152 2520 λα-

125 2545 196 2583 Εὼν
229 2545 351 2584 Αάὸαν
384 2545 491 2583 Λείαν
519 2543 581 2591 τὴν
610 2544 783 2596 θυγατέρα
813 2547 936 2591 αὐτοῦ,
968 2545 1152 2598 εἰσήγαγεν

1164 1153 1212 1176 539

1279 172 1435 202 nonni„
1479 173 1569 202 mi.
2086 162 2177 207 ‹3225›

1227 270 1341 295 meam
1380 256 1630 295 liberalitatem
1669 256 1899 308 profundam.
1944 257 2028 295 llaec
2071 258 2180 309 igitur

1224 319 1343 357 omnia
1359 318 1552 368 faciamus,
1569 318 1716 357 obsecro
1730 347 1740 366 ,
1764 327 1801 356 ut
1817 318 1983 370 respiciat
1997 333 2035 356 su
2042 334 2102 371 per
2118 334 2179 357 nos

1225 384 1400 422 Dominus
1412 415 1422 430 V,
1457 399 1527 435 quo
1549 393 1583 422 et
1603 393 1810 436 praesentem
1836 382 1946 422 vitam
1968 383 2103 434 absque
2119 385 2179 422 tri-

1222 445 1316 483 stitia
1334 445 1570 497 transigamus
1583 476 1593 495 ,
1613 454 1646 483 et
1665 446 1782 483 sutura
1801 445 1893 483 bona
1917 444 2082 495 consequi
2100 460 2178 497 pos-

1221 505 1333 543 simus
1346 536 1356 551 ‚
1379 507 1492 557 gratia
1511 516 1545 544 et
1567 506 1782 557 benignitate
1802 506 1945 545 Domini
1967 506 2075 545 nostri
2092 508 2176 546 Jcsu

1221 566 1376 614 Christi,
1397 582 1477 604 cum
1493 582 1563 618 quo
1582 569 1677 606 Patri
1699 568 1806 606 simul
1825 577 1859 606 ct
1877 568 2028 622 Spiritui
2056 577 2177 606 sancto

1221 627 1266 664 sit
1289 628 1402 678 gloria
1419 658 1428 676 ‚
1454 629 1643 681 imperium
1659 660 1667 673 ,
1691 630 1824 678 honor,
1845 645 1939 669 nunc.
1959 640 1991 668 ct
2011 644 2148 683 semper
2162 660 2173 680 ,

1187 708 1199 735 r,
1222 698 1254 726 et
1275 689 1310 726 in
1331 690 1458 728 saecula
1475 690 1700 731 saecuiorum.
1726 694 1846 730 Amen.

1518 1178 1726 1216 110M1L1A
1757 1178 1854 1218 Lvl.

1223 1309 1326 1347 Dixit
1345 1318 1465 1348 autem
1483 1311 1596 1350 Jacob
1617 1310 1664 1348 ad
1683 1310 1807 1348 Laban
1828 1326 1835 1347 :
1852 1312 1906 1348 Da
1927 1309 2015 1348 mihi
2031 1325 2179 1351 uxorem

1274 1384 1390 1408 meam
1411 1387 1418 1407 :
1442 1371 1581 1424 impleti
1601 1381 1683 1411 sunt
1703 1372 1800 1410 enim
1818 1370 1895 1410 dies
1908 1402 1920 1423 ,
1942 1381 1981 1410 ut
2001 1372 2182 1425 ingrediar

1274 1431 1320 1470 ad
1334 1446 1426 1470 eam.

1276 1567 1311 1602 1.
1335 1564 1420 1603 Heri
1436 1579 1456 1603 a
1468 1564 1659 1603 dilectione
1674 1566 1806 1616 Jacob,
1824 1580 1932 1617 quam
1946 1581 2028 1619 erga
2046 1569 2182 1608 Rache-

1220 1625 1290 1664 lem
1297 1626 1476 1675 exhibuit,
1489 1626 1535 1664 ad
1544 1627 1646 1665 Pauli
1662 1627 1845 1665 caritatem
1855 1637 1887 1665 et
1899 1629 2184 1680 magnitudinem

1219 1687 1371 1737 amoris,
1392 1702 1500 1739 quem
1517 1701 1599 1739 erga
1619 1688 1803 1726 Christum
1817 1689 1981 1739 gerebat,
1997 1699 2185 1728 transeun-

1219 1758 1284 1797 tes,
1307 1749 1409 1799 quasi
1427 1749 1474 1786 ab
1498 1748 1696 1801 impetuoso
1718 1749 1874 1799 quodam
1896 1759 2049 1788 torrente
2069 1750 2185 1803 rapti,

1220 1823 1289 1847 non
1312 1809 1494 1862 potuimus
1512 1809 1560 1847 ad
1579 1810 1705 1847 seriem
1727 1819 1759 1847 et
1778 1819 1982 1848 contextum
2005 1811 2180 1849 sermonis

1221 1871 1374 1923 regredi.
1389 1871 1487 1919 Ideo,
1502 1870 1532 1909 si
1548 1870 1676 1923 placet,
1692 1870 1803 1909 hodie
1817 1871 1997 1923 sequentia
2012 1872 2184 1925 aggressi,

1222 1948 1261 1972 ea
1282 1948 1361 1985 quae
1382 1943 1466 1972 tunc
1487 1933 1610 1972 relicta
1629 1942 1711 1971 sunt
1739 1933 1954 1987 impleamus
1980 1951 1987 1971 :
2011 1943 2051 1972 ut
2068 1949 2112 1973 ex
2142 1936 2186 1974 iis

1221 2010 1299 2047 quae
1328 1995 1437 2034 hodie
1469 1995 1641 2034 dicuntur
1668 2005 1833 2049 percepta
1857 1996 2014 2035 utilitate
2029 1997 2150 2048 aliqua
2168 2028 2178 2048 ,

1222 2057 1372 2096 domum
1385 2066 1599 2110 repetamus.
1619 2057 1734 2107 Igitur
1750 2066 1937 2109 postquam
1949 2057 2119 2110 impletus
2133 2068 2186 2097 est

1222 2127 1356 2170 septem
1369 2132 1545 2156 annorum
1565 2131 1753 2166 numerus,
1774 2119 1836 2156 ΩΟ.
1853 2120 2110 2171 Etfuerunt‚
2131 2119 2186 2158 in-

1222 2180 1324 2230 quit,
1346 2193 1479 2218 coram
1499 2180 1624 2217 Jacob
1652 2181 1766 2231 quasi
1789 2180 1870 2217 dies
1893 2182 2011 2232 pauci
2030 2189 2080 2218 tot
2101 2180 2184 2218 anni

1223 2243 1270 2279 ob
1285 2244 1428 2279 amoris
1440 2242 1742 2287 vehementiam,
1756 2242 1819 2279 91.
1835 2242 1938 2279 dim
1952 2242 2006 2279 ad
2020 2244 2158 2280 Laban
2172 2259 2183 2278 :

1223 2303 1290 2340 Da
1307 2304 1405 2340 mihi
1434 2316 1593 2341 uxorem
1618 2316 1745 2339 meam
1765 2318 1776 2338 .·
1800 2303 1952 2355 impleti
1972 2306 2076 2341 enim
2094 2313 2185 2342 sunt

1223 2365 1305 2403 dies
1320 2367 1414 2411 mei,
1434 2373 1477 2403 ut
1490 2364 1690 2416 ingrediar
1702 2364 1757 2401 ad
1768 2378 1866 2401 eam.
1883 2367 1947 2403 92.
1964 2366 2183 2418 Congrega-

1226 2429 1279 2464 vit
1299 2435 1430 2464 autem
1449 2427 1590 2464 Laban
1616 2438 1748 2463 omnes
1766 2427 1875 2463 viros
1903 2426 1979 2464 loci
1990 2456 2002 2473 ,
2028 2428 2183 2480 etfecit

1223 2490 1390 2539 nuptias.
1407 2488 1471 2525 25.
1488 2488 1525 2524 E
1529 2495 1542 2524 t
1557 2487 1710 2535 sactum
1724 2495 1780 2524 est
1796 2500 1967 2539 vespere,
1983 2495 2022 2525 et
2033 2490 2181 2539 accepit

1221 2550 1361 2586 Laban
1372 2547 1626 2600 Liamfiliam
1640 2560 1770 2593 suam,
1792 2548 2084 2600 introduxitque
2094 2562 2180 2586 eam

2200 1326 2273 1353 (icn.
2303 1333 2348 1364 29.

2198 1375 2246 1395 21.

1222 2609 1276 2645 ad
1293 2608 1432 2646 Jacob.
1462 2605 1597 2645 Vidisti
1617 2619 1699 2643 cum
1724 2615 1855 2656 quanta
1880 2606 1966 2644 olim
1999 2606 2180 2645 honestate
2194 2624 2227 2652 1„
2243 2627 2381 2653 §mmm

1222 2668 1365 2721 nuptias
1394 2667 1557 2719 egerint?
1590 2665 1721 2704 Audite
1743 2666 1804 2716 qui
1833 2666 2004 2705 satanicas
2029 2681 2177 2720 pompas
2213 2668 2380 2723 ⁰⁰P¹³³f¹ff¹m

1222 2728 1465 2778 admiramini,
1485 2737 1518 2765 et
1532 2726 1651 2765 statim
1666 2727 1712 2764 ab
1728 2726 1830 2765 initio
1846 2728 2054 2780 nuptiarum
2069 2728 2178 2767 liouc-
2193 2718 2311 2746 pompa,
2335 2720 2379 2736 '¹¹‘

125 2606 234 2652 αὐτὴν
274 2607 359 2658 πρὸς
395 2605 538 2644 ’lam-36³.
575 2599 676 2650 Εἶδες
702 2606 742 2644 τὸ
770 2605 919 2645 παλαιὸν
958 2605 1036 2657 μεθ’
1071 2606 1154 2654 ὅσης
1174 2616 1198 2646 C

126 2666 336 2717 σεμνότητος
355 2665 434 2710 τοὺς
445 2666 579 2718 γάμους
593 2664 795 2712 ἐπετέλουν;
817 2664 1001 2703 Ἀκούσατε
1022 2668 1053 2704 οἱ
1073 2665 1154 2718 περὶ

124 2727 187 2771 τὰς
205 2727 394 2772 σατανικὰς
411 2729 557 2778 πομπὰς
574 2726 803 2778 ἐπτοημένοι,
824 2727 883 2765 καὶ
903 2727 936 2772 ἐξ
959 2730 1070 2766 αὐτῶν
1084 2730 1153 2766 τῶν
2193 2750 2321 2778 vehitur.

125 2789 319 2840 προοιμίων
340 2789 384 2826 τὰ
408 2790 519 2839 σεμνὰ
546 2793 606 2828 τοῦ
626 2789 741 2840 γάμου
763 2788 1068 2842 καταισχύνοντες.
1092 2789 1153 2837 Μή

125 2865 192 2887 που
210 2850 328 2897 αὐλοί,
351 2849 400 2900 μή
418 2866 484 2888 που
505 2850 690 2901 κύμὸαλα;
706 2850 755 2901 μή
776 2866 842 2889 που
858 2856 993 2904 χορεῖαι
1007 2866 1152 2890 σατανι-

126 2911 204 2958 καί,
231 2911 335 2955 Τίνος
366 2911 435 2965 γὰρ
465 2911 598 2958 ἕνεκεν,
621 2911 697 2950 εἶπέ
728 2927 808 2963 μοι,
833 2911 1005 2959 τοσαύτην
1036 2912 1151 2964 λύμην

127 2974 250 3017 εὐθέως
279 2973 474 3024 ἐπεισάγεις
504 2974 550 3016 εἷς
570 2972 634 3019 τὴν
659 2972 790 3021 οἰκίαν,
813 2974 873 3012 καὶ
899 2973 976 3019 τοὺς
996 2973 1065 3012 ἀπὸ
1091 2979 1153 3021 τῆς

127 3037 259 3081 σκηνῆς
293 3034 354 3073 καὶ
386 3037 448 3080 τῆς
477 3034 675 3087 ὀρχήστρας
713 3036 846 3080 καλεῖς,
876 3034 933 3073 ἵνα
970 3035 1059 3086 μετὰ
1091 3039 1154 3082 τῆς

129 3096 274 3148 ἀκαίρου
292 3096 448 3142 δαπάνης
461 3095 520 3134 καὶ
537 3094 599 3141 τὴν
619 3099 680 3142 τῆς
700 3095 805 3148 κόρης
823 3096 961 3149 λυμήνῃ
977 3097 1155 3150 σωφροσύ-

127 3173 203 3204 νην,
222 3157 282 3195 καὶ
303 3158 359 3195 τὸν
387 3157 462 3196 νέον
483 3155 791 3209 ἀναισχυντότερον
817 3157 967 3209 ἐργάσῃ,
994 3160 1153 3209 Ἀγαπη-

128 3219 187 3257 τὸν
205 3217 288 3271 γὰρ,
308 3218 367 3256 καὶ
383 3219 466 3257 ἄνευ
477 3217 607 3256 τούτων
623 3220 692 3255 τῶν
709 3218 1005 3268 ὑπεκκαυμάτων,
1022 3219 1156 3266 ἐκείνην

130 3279 193 3325 τὴν
215 3279 354 3325 ἡλικίαν
380 3281 569 3327 δυνηθῆναι
594 3279 716 3331 πράως
739 3281 890 3330 ἐνεγκεῖν
911 3280 969 3318 τὸν
997 3284 1157 3334 χειμῶνα

175 3378 186 3390 r
213 3366 313 3399 Snvil.
333 3375 366 3399 et
388 3367 503 3400 More-l.
533 3373 704 3411 αἱρεῖσθε-ῖς,
725 3367 821 3400 multi
837 3369 913 3401 Mss.
932 3375 980 3403 mk
997 3376 1140 3416 ὰρεπθεῖς.

1223 2801 1349 2830 statem
1366 2789 1537 2828 dedecore
1554 2788 1710 2826 afficitis.
1732 2789 1828 2826 Num
1844 2798 1928 2827 tunc
1946 2789 2070 2828 tibiae?
2090 2804 2179 2829 num

1224 2862 1307 2890 tunc
1319 2851 1505 2904 cymbala?
1517 2863 1602 2888 num
1611 2858 1694 2887 tunc
1703 2849 1837 2888 choreae
1846 2849 2052 2889 diabolicae?
2061 2852 2179 2899 Quare

1228 2913 1338 2962 enim,
1354 2911 1413 2949 dic
1426 2911 1535 2961 mihi,
1548 2920 1686 2948 tantum
1697 2910 1818 2949 statim
1831 2911 1878 2949 ab
1892 2911 1994 2950 initio
2006 2911 2180 2951 damnum

1231 2974 1370 3012 inducis
1393 2973 1427 3011 in
1449 2973 1596 3011 domum
1617 2981 1732 3021 tuam,
1752 2981 1786 3010 et
1806 2986 1864 3011 eos
1881 2973 1943 3024 qui
1966 2973 2000 3011 in
2018 2974 2131 3012 scenis
2147 2984 2182 3013 et

1231 3035 1421 3074 orchestris
1451 3047 1594 3086 operam
1614 3033 1731 3072 locant
1755 3047 1879 3082 vocas,
1899 3044 1939 3073 ut
1959 3049 2041 3073 cum
2057 3035 2184 3074 intem-

1231 3098 1372 3150 pestivo
1393 3105 1511 3134 sumtu
1539 3094 1691 3145 virginis
1716 3093 1824 3133 laedas
1851 3096 2128 3146 continentiam,
2152 3105 2185 3134 et

1230 3161 1396 3212 juvenem
1418 3156 1715 3209 impudentiorem
1734 3156 1871 3195 facias?
1893 3158 2063 3210 optabile
2091 3159 2183 3196 euim

1233 3231 1265 3259 et
1283 3220 1436 3258 arduum
1451 3227 1523 3256 erat
1534 3248 1544 3267 ,
1557 3217 1690 3269 absque
1704 3217 1776 3257 illis
1791 3219 1977 3257 fomitibus
1994 3220 2091 3257 illam
2105 3228 2191 3259 art-‘11

1233 3292 1302 3320 tem
1316 3281 1472 3334 potuisse
1486 3279 1666 3319 moderate
1679 3280 1770 3319 ferre
1779 3289 2020 3334 tempestatem
2031 3281 2186 3319 affectio-
