2566 3791
411 194 497 240 192
819 192 859 221 S.

407 275 493 312 beas
510 303 520 322 ,
541 286 654 325 neque
678 282 842 312 naturam
875 287 1045 325 agnoscas
1066 289 1074 310 :
1098 287 1162 311 cur
1180 273 1352 311 adversus

403 334 507 373 illum
521 334 569 373 ad
580 335 715 373 bellum
729 344 763 372 te
778 334 936 383 instruis,
947 335 1010 385 qui
1025 334 1123 372 nulla
1137 342 1171 371 te
1184 333 1353 385 injuriam

403 396 545 434 affecit?
567 396 656 447 quid
679 396 763 434 item
787 396 898 433 habes
918 394 1018 445 quod
1033 393 1241 445 parentibus
1261 392 1353 444 obji-
1377 393 1404 423 Ι)

403 456 488 505 cias,
512 471 599 507 quos
623 466 717 494 tanta
737 455 903 493 moestitia
931 455 1089 504 affligere
1113 452 1302 500 deliberas,
1320 461 1354 490 et

401 526 525 554 auctor
552 531 625 554 esse
650 515 819 553 terribilis
842 513 1044 565 tragoediae,
1071 522 1110 550 ut
1137 513 1276 565 primus
1303 512 1354 551 eis

401 577 593 615 violentam
605 577 696 613 hanc
710 584 860 613 mortem
874 574 1063 612 ostendas?
1080 574 1153 612 Has
1173 573 1246 612 illis
1262 588 1351 612 mer·-

402 637 503 675 cedes
522 636 642 674 reddis
672 645 740 674 tuae
760 635 978 674 educationis
994 635 1011 673 Ξ)
1032 637 1123 683 Quae
1141 634 1276 674 diaboli
1295 649 1354 674 ars

401 697 438 734 in
459 697 526 734 hoc
558 706 590 734 te
615 696 791 748 flagitium
819 696 996 748 impulit?
1027 699 1085 734 An
1106 695 1224 734 dicere
1253 705 1353 748 potes

401 757 684 795 benevolentiam
703 756 852 794 Domini
881 770 964 808 erga
994 756 1115 805 illum,
1141 756 1260 809 ipsum
1288 756 1354 795 ad-

401 832 543 856 versum
572 827 606 857 te
621 827 845 869 arrogantem
876 817 1099 856 reddidisse?
1123 818 1246 855 Nonne
1264 831 1354 869 prae-

401 893 530 917 cavens
563 880 609 917 ob
648 880 740 917 hanc
774 878 1040 930 sanguinariam
1066 887 1166 916 tuam
1200 887 1352 916 mentem

401 939 552 992 subjecit
568 940 672 978 illum
690 940 781 988 tibi,
801 949 835 977 et
854 949 922 977 tuae
944 933 1299 991 potestatisubdidit,
1319 948 1354 978 et

400 1000 510 1046 dixit,
523 1003 624 1051 Quia
637 1002 692 1039 ad
710 1010 745 1038 te
765 1002 964 1038 conversio
980 1001 1099 1047 illius,
1119 1008 1156 1037 et
1176 1009 1218 1037 tu
1233 1002 1352 1050 ipsius

401 1063 688 1099 dominaberis?
702 1062 795 1098 Nam
815 1061 883 1098 hoc
909 1060 954 1097 de
983 1059 1103 1097 fratris
1134 1060 1352 1111 subjectione

401 1122 650 1173 accipiendum
676 1131 741 1160 est.
764 1124 857 1161 Sunt
877 1121 972 1158 enim
988 1121 1100 1170 aliqui
1118 1120 1288 1171 dicentes,
1307 1120 1351 1159 de

400 1182 574 1221 sacrificio
590 1183 636 1221 ab
654 1198 694 1221 eo
713 1183 833 1221 oblato
854 1184 971 1220 Deum
994 1181 1078 1219 talia
1095 1181 1233 1220 dixisse
1249 1197 1257 1218 ε
1281 1181 1353 1220 Ad

401 1251 437 1280 te
461 1246 674 1290 conversio,
696 1243 825 1293 inquit,
853 1242 988 1281 scilicet
1009 1241 1094 1280 doni
1108 1243 1230 1289 illius,
1253 1251 1291 1281 et
1310 1251 1351 1281 tu

400 1307 518 1355 ipsius
539 1306 799 1343 dominaberis
817 1320 825 1341 :
845 1304 883 1342 id
902 1314 964 1352 est,
986 1317 1026 1341 eo
1046 1303 1185 1342 frueris.
1206 1304 1253 1342 Et
1272 1303 1351 1343 ideo

401 1374 593 1416 utrumque
611 1379 753 1404 sensum
771 1365 873 1414 dixi,
893 1364 1094 1415 relinquens
1114 1374 1240 1403 vestrae
1264 1380 1352 1417 pru-

399 1425 542 1471 dentiae,
556 1426 594 1464 id
612 1425 708 1477 quod
726 1425 834 1464 dictis
847 1425 960 1477 magis
976 1439 1175 1477 congruum
1193 1425 1350 1476 videtur,

400 1485 618 1536 eligendum.
638 1486 731 1524 Mihi
748 1486 843 1523 enim
862 1485 1006 1525 videtur
1022 1486 1066 1523 de
1085 1486 1193 1524 fratre
1209 1500 1282 1524 esse
1297 1486 1353 1525 di-

895 191 1082 223 JolxNNis
1116 190 1359 221 CHRYSOST.
1400 190 1603 219 ARCHIEP.
1640 190 2000 221 CONSTANTINOP.

1424 275 1446 318 ἡ
1467 271 1593 321 μανίας
1613 272 1666 314 τίς
1693 275 1714 318 ἡ
1747 271 1877 321 λύσσα;
1909 272 2050 320 Ἔστω,
2077 273 2249 325 πηρωθεὶς
2275 272 2332 310 τὸν
2357 274 2450 323 λογι-

1426 331 1513 382 σμὸν
1529 331 1651 369 οὐδένα
1668 331 1769 383 λόγον
1782 336 1865 384 ποιῇ
1883 335 1946 379 τ’ἤς
1961 335 2146 385 ἀδελφικῆς
2167 333 2361 380 διαθέσεως,
2374 333 2450 370 οὔτε

1425 391 1488 438 τὴν
1509 390 1609 442 φύσιν
1638 392 1746 439 αὐτὴν
1765 392 2024 443 ἐπιγινώσκεις·
2051 393 2140 432 ἀλλὰ
2160 393 2194 431 τί
2212 394 2297 445 πρὸς
2316 392 2373 430 τὸν
2397 395 2452 430 οὐ·

1426 451 1481 489 δὲν
1499 451 1693 498 ἠδικηκότα
1711 452 1820 496 οὕτως
1844 452 2120 504 ἐξεπολεμώθης,
2145 455 2181 492 τί
2213 455 2272 498 καὶ
2298 460 2369 498 τοῖς
2390 469 2452 504 γο-

1424 516 1538 551 νεῦσιν
1573 512 1663 565 ἔχων
1691 514 1849 565 ἐγκαλεῖν
1887 515 2087 562 θτοσαύτην
2114 518 2228 558 αὐτοῖς
2260 515 2451 567 κατήφειαν

1423 573 1811 626 περιὸαλεῖνβουλεύῃ,
1833 574 1892 612 καὶ
1926 576 2080 628 ἀρχηγὸς
2115 576 2273 627 γενέσθαι
2301 581 2360 614 τοῦ
2387 591 2451 628 φο-

1425 634 1526 686 ὅεροῢ
1548 633 1668 674 τούτου
1690 634 1865 686 δράματος
1879 664 1888 682 ,
1913 635 1974 673 καὶ
2001 639 2138 687 πρῶτος
2161 636 2219 674 τὸν
2243 636 2352 686 βίαιον
2372 640 2451 674 τοῦν

1423 711 1481 733 τον
1502 696 1647 734 θάνατον
1670 697 1786 739 αὐτοῖς
1822 695 2014 743 ὑποδεῖξαι,
2042 695 2183 739 Ταύτας
2216 699 2330 739 αὐτοῖς
2357 699 2448 734 ἀπο-

1424 756 1524 800 δίδως
1543 756 1605 799 τὰς
1626 756 1774 807 ἀμοιὸὰς
1791 759 1853 803 τῆς
1874 758 2088 810 ἀνατροφῆς;
2109 756 2200 794 Ποία
2211 759 2270 794 τοῦ
2290 755 2450 795 διαὸόλου

1425 817 1568 868 μηχανὴ
1599 819 1646 860 εἷς
1678 816 1806 863 ταύτην
1837 832 1876 855 σε
1897 816 1960 863 τὴν
1981 817 2104 869 πρᾶξιν
2122 816 2360 869 παρώρμησε;
2387 817 2449 863 Μὴ

2061 877 2146 916 ατοῦ
2173 883 2287 916 κοινοῖ,
2309 877 2448 915 πάντων

1422 877 1489 929 γὰρ
1517 877 1617 930 ἔχεις
1639 880 1769 926 εἰπεῖν,
1797 877 1851 917 ὅτι
1879 882 1900 925 ἡ
1931 878 2044 916 εὔνοια

1423 938 1624 985 Δεσπότου,
1654 942 1676 985 ἡ
1702 939 1782 991 περὶ
1809 939 1925 985 αὐτὸν,
1959 941 2153 990 ἐπαρθῆναι
2179 939 2282 977 αὐτὸν
2308 937 2450 984 ἐποίησε

1422 998 1514 1036 κατὰ
1537 1004 1614 1046 σοῦ;
1635 1000 1730 1051 Οὐχὶ
1745 998 1932 1051 προλαὸὼν
1955 999 2011 1038 διὰ
2039 994 2169 1046 ταύτην
2186 1015 2246 1038 σου
2267 998 2330 1045 τὴν
2359 1014 2451 1050 <povi-

1422 1057 1487 1104 κὴν
1517 1058 1659 1109 γνώμην
1681 1059 1847 1103 ὑπέταξεν
1865 1060 1979 1105 αὐτὸν,
2010 1059 2069 1096 καὶ
2094 1060 2161 1097 ὑπὸ
2189 1059 2251 1106 τὴν
2281 1059 2344 1105 σὴν
2362 1058 2451 1102 ἐξου-

1423 1117 1500 1156 σίαν
1519 1112 1606 1156 εἶναι
1621 1118 1812 1166 πεποίηκε,
1830 1119 1890 1157 καὶ
1918 1113 2034 1168 εἶπεν,
2056 1118 2110 1157 ὅτι
2135 1120 2230 1171 Πρὸς
2255 1119 2292 1157 σὲ
2314 1122 2336 1165 ἡ
2364 1121 2451 1156 ἀπο-

1422 1178 1555 1231 στροφὴ
1582 1181 1710 1228 αὐτοῦ,
1738 1179 1798 1217 καὶ
1827 1179 1868 1218 σὺ
1897 1181 1999 1217 αὐτοῦ
2025 1178 2158 1230 ἅρξεις;
2186 1180 2256 1218 Καὶ
2280 1179 2347 1232 γὰρ
2369 1180 2450 1230 περὶ

1421 1243 1484 1287 τῆς
1519 1245 1580 1279 τοῦ
1609 1241 1757 1293 ἀδελφοῦ
1791 1243 1967 1291 ὑποταγῆς
1992 1244 2093 1279 τοῦτο
2129 1240 2362 1291 ἐκλαμὸάνειν
2389 1242 2450 1278 δεῖ.

1422 1301 1503 1340 Εἰσὶ
1514 1301 1680 1354 γάρτινες
1690 1301 1848 1352 λέγοντες
1859 1330 1868 1347 ,
1890 1301 1944 1340 ὅτι
1960 1301 2040 1354 περὶ
2055 1304 2115 1347 τῆς
2130 1301 2247 1345 Θυσίας
2262 1305 2324 1348 τῆς
2338 1317 2449 1354 προσ-

1425 1362 1621 1414 ενεχθείσης
1655 1365 1740 1414 παρ’
1764 1363 1868 1400 αὐτοῦ
1893 1366 1910 1401 ὃ
1937 1362 2027 1406 Θεὸς
2050 1363 2134 1416 πρὸς
2159 1363 2259 1401 αὐτὸν
2289 1362 2448 1415 διελέχθη

1422 1423 1467 1462 τὰ
1486 1428 1646 1472 τοιαῦτα,
1660 1423 1712 1462 ὅτι
1732 1424 1827 1476 Πρὸς
1844 1423 1904 1471 σὲ,
1920 1423 2022 1476 φησὶ,
2041 1426 2063 1470 ἡ
2083 1423 2283 1475 ἀποστροφὴ
2301 1425 2449 1471 θαύτοῦ,

1423 1489 1483 1522 τοῦ
1502 1484 1632 1537 δώρου,
1651 1484 1711 1523 καὶ
1730 1483 1771 1523 σὺ
1787 1484 1897 1536 ἄρξεις
1929 1487 2052 1532 αὐτοῦ,
2069 1484 2145 1522 ἀντὶ
2166 1488 2246 1532 τοῦ,
2273 1484 2314 1522 σὺ
2344 1488 2448 1523 αὐτοῦ

402 1554 511 1584 ctum.
535 1548 590 1583 Et
608 1547 771 1598 sactum
803 1554 860 1584 est
881 1575 893 1592 ‚
927 1559 1014 1584 cum
1047 1555 1173 1584 essent
1206 1549 1280 1598 ipsi
1311 1549 1353 1585 in
1367 1574 1413 1598 163
1425 1544 1644 1588 ἀπολαύσεις.
1663 1544 1731 1582 Διὰ
1749 1548 1850 1583 τοῦτο
1865 1539 1922 1583 οῧν
1941 1544 2122 1597 ἀμφότερα
2144 1544 2250 1583 εἰπὼν
2269 1548 2449 1596 καταλιμ-

401 1620 550 1658 campo,
577 1610 744 1645 surrexit
769 1608 871 1644 Cain
902 1615 1039 1645 contra
1061 1607 1168 1645 Abel
1184 1609 1353 1659 fratrem
1377 1613 1403 1641 Α

401 1680 526 1712 suum,
550 1675 587 1704 et
617 1668 757 1705 occidit
787 1668 911 1704 illum.
945 1667 1174 1708 Horrendum
1197 1668 1353 1719 facinus,

402 1727 589 1778 periculosi
604 1741 724 1776 ausus,
737 1727 979 1765 abominabile
991 1742 1095 1779 opus,
1107 1727 1354 1767 irremissibile

401 1796 600 1838 peccatum,
611 1788 762 1825 efferatae
773 1787 900 1824 animae
914 1787 1148 1839 propositum.
1163 1788 1351 1840 Surrexit,

401 1848 530 1898 inquit,
548 1856 687 1885 contra
707 1848 748 1885 Α
752 1849 826 1901 bel·
829 1849 995 1898 fratrem
1013 1862 1137 1894 suum,
1155 1857 1192 1886 et
1211 1851 1353 1888 occidit

400 1909 527 1946 illum.
550 1909 582 1945 Ο
602 1908 879 1957 abominabilem
915 1922 1061 1946 manum
1080 1907 1089 1948 l
1120 1922 1141 1946 o
1166 1908 1351 1949 dexteram

401 1968 644 2006 miserabilem
662 1968 671 2008 l
692 1969 765 2006 imo
796 1982 865 2006 non
895 1983 1041 2006 manum
1063 1978 1200 2021 oportet
1223 1984 1351 2008 vocare

401 2029 676 2068 abominabilem
704 2039 737 2067 et
760 2030 1021 2079 miserabilem,
1036 2029 1097 2067 sed
1115 2039 1268 2069 mentem
1292 2032 1350 2070 cui

401 2090 603 2128 membrum
622 2089 781 2128 servivit.
796 2089 968 2127 Dicamus
979 2089 1090 2140 igitur
1102 2089 1167 2140 sic,
1191 2104 1212 2128 ο
1239 2091 1352 2129 auda-

402 2163 478 2187 cem
497 2159 664 2199 mentem,
686 2159 720 2187 et
736 2148 1015 2186 abominabilem
1037 2158 1071 2187 et
1089 2150 1349 2192 miserabilem!

401 2219 434 2247 et
452 2209 629 2261 quidquid
645 2210 716 2247 diei
726 2218 856 2261 potest,
879 2223 950 2246 non
982 2209 1066 2247 satis
1083 2211 1234 2251 dicetur.
1254 2213 1353 2259 Quo-

402 2270 508 2308 modo
538 2284 607 2308 non
647 2270 832 2321 obtorpuit
872 2270 949 2321 ejus
994 2272 1147 2309 manus?
1176 2274 1353 2322 quomodo

403 2331 519 2383 potuit
544 2345 673 2383 ponere
700 2330 884 2382 gladium,
922 2339 956 2367 et
996 2330 1157 2382 infligere
1183 2333 1353 2384 plagam?

402 2391 582 2442 quomodo
606 2405 676 2429 non
705 2390 861 2429 avolavit
876 2405 897 2428 a
923 2405 1068 2442 corpore
1095 2392 1244 2430 anima?
1264 2409 1351 2445 quo-

402 2450 508 2488 modo
544 2450 660 2489 valuit
692 2450 830 2502 operari
865 2459 939 2487 tam
971 2450 1162 2488 nefandum
1187 2453 1350 2493 facinus?

402 2510 580 2561 quomodo
600 2524 671 2548 non
690 2511 822 2548 inflexa
844 2519 907 2559 est,
935 2518 969 2548 et
998 2510 1086 2548 Cain
1107 2525 1176 2549 non
1201 2515 1354 2554 mutavit

403 2571 638 2609 sententiam?
662 2570 840 2622 quomodo
861 2584 931 2608 non
956 2571 1129 2622 cogitavit
1158 2576 1357 2614 naturam?

402 2631 582 2683 quomodo
596 2645 665 2669 non
676 2631 931 2682 consideravit,
946 2641 1136 2682 antequam
1154 2633 1353 2674 adoriretur

401 2694 519 2742 nefas,
556 2693 670 2745 operis
707 2692 843 2730 finem?
873 2691 1049 2742 quomodo
1077 2693 1243 2732 sustinuit
1274 2707 1353 2748 post

402 2754 538 2791 facinus
557 2783 567 2801 ,
584 2752 704 2790 videre
723 2766 851 2804 corpus
873 2753 992 2790 fratris
1013 2753 1179 2805 spiritum
1201 2756 1353 2796 efflantis

401 2823 435 2851 ct
455 2813 660 2865 palpitantis
679 2813 952 2864 superterram?
966 2813 1144 2864 quomodo
1163 2817 1278 2868 potuit
1296 2819 1351 2856 vi-

402 2874 485 2912 clere
510 2883 690 2911 mortuum
709 2883 742 2912 ct
761 2873 861 2911 humi
885 2875 1095 2926 projectum,
1116 2885 1150 2913 et
1174 2891 1192 2914 a
1219 2887 1351 2930 specta-

404 2936 484 2973 culo
511 2949 580 2973 non
605 2936 724 2972 statim
744 2934 939 2973 dissolutus
969 2935 1048 2974 est?
1072 2937 1165 2975 Nam
1183 2952 1264 2977 cum
1289 2954 1352 2979 nos

403 3005 481 3048 post
500 3005 552 3033 tot
578 3009 752 3033 annorum
774 3009 976 3044 numerum,
997 3010 1078 3034 cum
1096 2998 1258 3048 quotidie
1273 3014 1351 3038 mo-
1376 3014 1399 3044 c

402 3058 530 3097 rientes
559 3056 737 3107 videmus,
774 3057 942 3107 quamvis
975 3058 1130 3096 naturali
1161 3069 1288 3111 morte,
1320 3071 1353 3101 et

1377 2281 1401 2311 Β

445 3206 456 3218 ⁰
474 3197 553 3237 ling.
577 3206 659 3226 unus
680 3203 713 3226 (τι
734 3194 869 3227 Coislin.
887 3199 1016 3242 τοσαύτῃ
1039 3201 1137 3237 αὐτοῖς
1153 3204 1310 3244 κατηφείᾳ,
1331 3199 1404 3231 Mox

401 3246 537 3279 Coislin.
556 3251 607 3279 τοῦ
631 3251 756 3291 φοέεροῦ
771 3250 876 3281 τούτου
893 3254 1082 3293 πράγματος.

443 3300 455 3317 ’“
473 3300 625 3339 Quintum·
644 3299 718 3329 Mss.
737 3306 769 3329 ct
785 3299 885 3331 Smil.
905 3307 956 3334 τοῦ
976 3309 1069 3336 κοινοῦ
1085 3305 1236 3337 δεσπότου.

444 3359 453 3369 ··
472 3352 481 3392 Ι
494 3354 579 3383 κὺτοῦ
596 3348 784 3381 addidimus
801 3362 817 3381 r
831 3351 986 3395 Savum]

1424 1606 1524 1644 ποίνω
1547 1607 1590 1656 τῇ
1611 1605 1765 1657 ὑμετέρᾳ
1781 1604 1955 1652 (συνέσει,
1971 1605 2013 1643 ἵν’
2034 1606 2120 1657 ὅπερ
2146 1605 2185 1643 ἂν
2205 1609 2284 1656 ὑμῖν
2300 1608 2448 1645 ἀκολου-

1424 1665 1560 1718 θότερον
1591 1669 1700 1717 φανῇ,
1726 1665 1866 1710 δέξησθε
1898 1666 1955 1703 καὶ
1991 1667 2089 1704 αὐτοὶ
2115 1670 2229 1704 τοῦτο.
2258 1667 2362 1716 Ἐμοὶ
2382 1667 2450 1719 γὰρ

1424 1727 1518 1765 δοκεῖ
1544 1726 1626 1778 περὶ
1645 1728 1704 1763 τοῦ
1726 1727 1875 1778 ἀδελφοῦ
1896 1729 2054 1778 εἰρῆσθαι
2073 1732 2185 1765 τοῦτο.
2206 1727 2276 1765 Καὶ
2295 1727 2448 1779 ἐγένετο,

1423 1787 1542 1838 φησὶν,
1565 1789 1599 1825 ἐν
1618 1789 1668 1839 τῷ
1688 1781 1776 1824 εἶναι
1803 1786 1927 1830 αὐτοὺς
1944 1789 1979 1824 ἐν
1997 1790 2047 1840 τῷ
2067 1787 2175 1839 πεδίῳ
2187 1817 2196 1835 ,
2215 1788 2340 1834 ἀνέστη
2359 1788 2448 1826 Κοίῖν

1424 1847 1481 1886 ἐπὶ
1506 1847 1611 1886 Ἄὸελ
1630 1848 1687 1885 τὸν
1717 1848 1864 1899 ἀδελφὸν
1879 1851 1981 1886 αὐτοῦ
1994 1878 2004 1896 ,
2030 1849 2089 1886 καὶ
2113 1848 2312 1887 ἀπέκτεινεν
2331 1850 2447 1887 αὐτόν.

1423 1908 1569 1960 Φοὸερὰ
1590 1910 1612 1954 ἡ
1628 1906 1772 1961 πρᾶξις,
1796 1907 2009 1946 ἐπικίνδυνον
2025 1909 2064 1946 τὸ
2088 1909 2280 1960 τόλμημα,
2307 1908 2450 1960 μυσαρὰ

1422 1973 1444 2016 ἡ
1464 1969 1701 2022 ἐπιχείρησις,
1725 1969 1966 2021 ἀσύγγνωστον
1985 1970 2024 2008 τὸ
2044 1970 2240 2023 ἁμάρτημα
2254 2001 2264 2018 ,
2279 1974 2449 2023 τεθηριω-

1424 2031 1530 2083 μένης
1543 2033 1658 2083 ψυχῆς
1674 2034 1694 2077 ἡ
1715 2029 1852 2081 γνώμη.
1873 2030 2012 2077 Ἀνέστη
2024 2061 2033 2079 ,
2064 2031 2181 2083 φησὶν,
2201 2032 2258 2070 ἐπὶ
2272 2030 2376 2070 Ἄὸελ
2390 2032 2449 2069 τὸν

1422 2092 1568 2144 ἀδελφὸν
1584 2093 1702 2137 αὐτοῦ,
1722 2090 1781 2128 καὶ
1801 2090 2000 2129 ἀπέκτεινεν
2021 2091 2136 2131 αὐτόν.
2155 2091 2204 2130 Ὢ
2232 2099 2359 2144 μιαρᾶς
2372 2108 2450 2144 χει-

1426 2152 1496 2204 ρός·
1519 2151 1547 2188 ὣ
1570 2151 1681 2196 δεξιᾶς
1711 2152 1861 2196 ἐλεεινῆς
1874 2166 1881 2172 ·
1903 2153 2035 2201 μᾶλλον
2054 2151 2090 2190 δὲ
2116 2154 2153 2189 οὐ
2172 2151 2235 2197 τὴν
2252 2158 2354 2204 χεῖρα
2373 2154 2450 2190 ἐλε-

1424 2211 1517 2258 εινὴν
1537 2212 1588 2248 δεῖ
1607 2212 1724 2248 καλεῖν
1747 2209 1805 2247 καὶ
1818 2211 1959 2262 μιαρὰν,
1978 2210 2068 2248 ἀλλὰ
2089 2211 2152 2258 τὴν
2170 2212 2330 2263 γνώμην,
2351 2207 2449 2262 ᾗκαὶ

1423 2273 1463 2311 τὸ
1490 2272 1593 2323 μέλος
1623 2271 1880 2322 ὑπηρετήσατο.
1908 2270 2075 2322 Εἴπωμεν
2103 2271 2216 2310 τοίνυν
2253 2272 2381 2316 οὕτως·
2419 2272 2448 2310 ὧ

1424 2333 1565 2383 γνώμης
1596 2334 1790 2383 τολμηρᾶς,
1817 2331 1877 2369 καὶ
1905 2338 2052 2384 μιαρᾶς,
2087 2333 2146 2370 καὶ
2178 2336 2328 2380 ἐλεεινῆς
2346 2364 2355 2381 ,
2389 2333 2448 2371 καὶ

1424 2394 1509 2444 ὅπερ
1525 2393 1564 2431 ἂν
1585 2392 1675 2430 εἴποι
1698 2408 1770 2440 τις,
1791 2392 1885 2431 οὐδὲν
1906 2392 1998 2436 ἄξιον
2018 2396 2100 2444 ἐρεῖ.
2121 2395 2203 2437 Πῶς
2220 2395 2279 2432 οὐκ
2296 2395 2448 2446 ἐνάρκη-

1425 2469 1482 2492 σεν
1499 2456 1602 2491 αὐτοῦ
1616 2456 1637 2499 ἢ
1652 2452 1750 2505 χείρ,
1773 2455 1848 2495 πῶς
1870 2452 2024 2500 ἠδυνήθη
2040 2458 2252 2507 εἶκατασχεῖν
2277 2456 2316 2494 τὸ
2336 2455 2446 2508 ξίφος,

1425 2514 1483 2552 καὶ
1505 2513 1568 2560 τὴν
1587 2513 1724 2564 πληγὴν
1747 2515 1953 2565 ἐπαγαγεῖν;
1971 2516 2045 2557 πῶς
2065 2517 2125 2553 οὐκ
2144 2515 2282 2564 ἀπέπτη
2300 2521 2359 2555 τοῦ
2379 2517 2448 2555 σώ-

1426 2590 1533 2626 ματος
1561 2578 1582 2621 ἡ
1613 2574 1730 2626 ψυχή
1761 2577 1835 2617 πῶς
1860 2573 2002 2625 ἴσχυσεν
2027 2575 2074 2618 εἷς
2105 2575 2202 2627 ἔργον
2234 2580 2375 2629 ἀγαγεῖν
2409 2578 2448 2616 τὸ

1425 2635 1560 2673 ἀνόσιον
1586 2638 1687 2673 τοῦτο
1714 2634 1905 2685 τολμημα;
1929 2638 2003 2679 πῶς
2034 2638 2095 2674 οὐκ
2133 2637 2361 2689 ἐπεκάμφθη,
2390 2638 2448 2676 καὶ

1426 2697 1595 2747 μετέὸαλε
1625 2695 1687 2742 τὴν
1724 2694 1885 2746 γνώμην,
1917 2699 1992 2739 πῶς
2011 2698 2073 2734 οὐκ
2091 2696 2214 2735 ἔλαὸεν
2237 2697 2367 2736 ἔννοιαν
2386 2701 2449 2744 τῆς

1424 2757 1576 2809 φύσεωςς
1596 2760 1670 2800 πῶς
1703 2759 1765 2795 οὐκ
1798 2756 1978 2809 ἐλογίσατο
2015 2758 2083 2810 πρὸ
2110 2761 2172 2803 τῆς
2200 2759 2449 2811 ἐπιχειρήσεως

1423 2818 1572 2861 τὸτέλος
1590 2823 1649 2856 τοῦ
1668 2817 1868 2869 γινομένου;
1898 2820 1972 2860 πῶς
1998 2817 2123 2869 ἤνεγκε
2156 2818 2245 2869 μετὰ
2265 2819 2327 2866 τὴν
2350 2819 2450 2857 ἀναί-

1426 2895 1516 2932 ρεσιν
1536 2880 1616 2917 ἰδεῖν
1634 2879 1674 2917 τὸ
1692 2881 1795 2928 σῶμα
1815 2881 1874 2915 τοῦ
1890 2878 2036 2930 ἀδελφοῦ
2058 2885 2204 2930 σπαῖρον
2218 2879 2277 2917 ἐπὶ
2295 2883 2358 2926 τῆς
2371 2884 2452 2931 γῆς;

1424 2943 1497 2983 πῶς
1515 2940 1636 2991 ἴσχυσε
1662 2939 1852 2977 θεάσασθαι
1876 2941 1979 2988 σῶμα
2001 2939 2121 2990 νεκρὸν
2144 2939 2201 2976 ἐπὶ
2231 2943 2291 2986 τῆς
2314 2943 2377 2990 γῆς
2397 2942 2452 2993 ἐρ’-

1426 3000 1687 3054 ῥιμμένον,καὶ
1715 3002 1752 3038 οὗ
1778 2999 1915 3046 διελύθη
1949 2999 2045 3042 εὐθὺς
2075 3000 2144 3039 ἀπὸ
2179 3003 2244 3045 τῆς
2279 3000 2377 3047 οέας;
2406 3004 2450 3040 Εἰ

1424 3063 1492 3114 γὰρ
1514 3066 1615 3113 ἡμεῖς
1636 3060 1725 3111 μετὰ
1740 3060 1911 3100 τοσούτων
1923 3062 2009 3098 ἐτῶν
2025 3060 2168 3112 ἀριθμὸν
2181 3089 2190 3107 ,
2210 3063 2286 3098 καθ’
2301 3062 2450 3109 ἑκάστην

1484 3201 1497 3224 s
1515 3205 1624 3233 Συνέσει
1636 3225 1642 3235 ,
1658 3204 1731 3242 ὅπερ
1748 3203 1783 3232 ἂν
1809 3201 1876 3239 ὑμῖν
1892 3201 2087 3235 καταλλήλως
2101 3206 2160 3235 τοῖς
2176 3203 2339 3243 εἰρημένοις
2356 3208 2454 3244 φανεῖ-

1439 3261 1500 3284 ται·
1526 3257 1604 3284 κατὰ.
1631 3256 1718 3284 τοῦτο
1746 3254 1793 3283 καὶ
1816 3253 1898 3283 αὐτοὶ
1923 3254 1956 3282 τὸ
1981 3254 2111 3282 τοιοῦτον
2138 3252 2268 3288 δέξασθε.
2294 3256 2370 3292 ἐμοί.
2397 3251 2452 3283 Sic

1442 3301 1576 3345 qnidam
1595 3304 1673 3336 Mss.

1489 3365 1500 3378 ³
1520 3355 1636 3396 lli-gius
1653 3366 1734 3385 {inus
1754 3361 1931 3395 mvn-(ayst-
1949 3358 1981 3387 τὸ
2000 3357 2084 3397 ξῖςας.
