2516 3791
123 1241 149 1260 ι.
166 1233 241 1269 Reg.
256 1242 304 1273 24.

109 3330 286 3360 Sacrificium

319 151 411 196 880
739 164 777 194 s.

319 249 421 286 tibus
435 250 503 286 tibi
517 249 762 287 maledicam.
777 246 877 284 Idem
890 246 925 283 in
941 244 1143 298 Olympicis
1160 252 1270 281 certa-

318 308 476 347 minibus
507 308 666 347 aecidere
694 307 831 346 videbit
863 306 993 357 quivis.
1026 306 1148 355 Neque
1175 304 1270 341 enim

318 369 451 407 athleta
487 379 625 408 tantum
663 382 828 406 coronam
867 375 1022 417 gestans,
1059 378 1173 415 neque
1208 364 1271 415 qui

318 430 477 468 laborem
503 445 544 468 ac
570 430 735 468 sudorem
764 427 910 480 pertulit
934 426 1056 475 modo,
1083 439 1212 465 verum
1237 434 1271 463 et

319 491 349 529 is
376 491 438 542 qui
472 491 596 529 laudat
629 491 812 536 victorem,
832 501 901 525 non
936 486 1123 525 minimam
1152 486 1271 524 laudis

318 551 418 590 illius
442 553 662 604 voluptatem
689 549 861 602 decerpit.
893 549 1121 601 Quapropter
1148 557 1182 586 ct
1208 561 1272 599 ego

319 629 389 652 non
419 615 534 652 solum
568 625 777 663 generosum
806 611 911 648 illum
935 624 976 647 ac
1005 609 1272 661 magnanimum

321 676 365 712 ob
381 673 490 712 animi
515 671 783 725 philosophiam
799 672 944 709 beatum
963 670 1131 723 praedico,
1146 685 1273 709 verum

319 745 351 773 et
370 749 433 774 vos
455 735 502 773 ob
524 734 741 772 benevolum
769 747 852 785 erga
883 733 987 770 illum
1015 732 1187 771 animum.
1207 733 1274 771 Ille

318 810 471 847 namque
503 795 651 833 certavit
680 808 720 832 ac
751 794 854 844 vicit,
885 809 1122 845 coronamque
1150 793 1234 832 tulit
1265 810 1271 830 :

316 871 379 895 vos
395 864 516 894 autem
530 855 613 906 quia
633 854 820 893 victoriam
849 854 1034 901 laudastis,
1050 868 1118 892 uon
1141 854 1274 892 medio-

318 930 412 953 crem
441 928 577 952 coronae
610 922 746 965 partem
772 913 876 951 vobis
906 912 1054 950 tulistis.
1085 913 1136 950 Ut
1164 913 1276 963 igitur

321 976 467 1014 uberior
481 975 527 1013 sit
546 975 650 1013 vobis
667 974 733 1012 ista
750 974 928 1026 voluptas,
950 988 991 1011 ac
1012 974 1148 1011 fructus
1163 974 1275 1012 abun-

319 1037 474 1088 dantior,
496 1036 652 1088 agedum
683 1035 838 1086 reliquas
866 1049 1009 1086 quoque
1036 1034 1145 1087 hujus
1167 1036 1278 1073 histo-

316 1099 382 1137 riae
422 1107 540 1151 partes
572 1096 674 1136 vohis
708 1097 963 1149 persolvamus.
999 1097 1090 1134 Cum
1122 1096 1279 1135 historiae

315 1159 465 1211 scriptor
494 1167 800 1197 commemorasset
843 1157 968 1205 verba,
998 1157 1129 1208 quibus
1159 1159 1281 1198 David

317 1221 450 1259 caedem
465 1220 689 1273 reprobavit,
705 1219 875 1272 subjecit:
887 1221 976 1257 Non
989 1222 1163 1271 permisit
1180 1221 1274 1268 illis,

319 1291 359 1320 ut
376 1291 577 1334 surgerent
592 1290 627 1319 et
647 1283 864 1319 occiderent
882 1281 976 1319 Saia
993 1297 1000 1317 :
1017 1281 1124 1319 simul
1143 1291 1176 1320 et
1193 1282 1276 1320 illo-

316 1358 399 1381 rum
417 1344 555 1382 animos
576 1343 625 1381 ad
643 1342 776 1381 caedem
802 1352 976 1395 promtos,
993 1352 1025 1381 et
1045 1343 1154 1395 hujus
1171 1344 1277 1382 forti—

315 1405 481 1443 tudinem
498 1405 741 1443 demonstrare
761 1406 898 1443 volens.
922 1407 968 1442 At
987 1405 1092 1443 multi
1111 1419 1194 1446 sane
1214 1406 1276 1457 qui

315 1466 486 1505 videntur
519 1467 784 1519 philosophari,
814 1467 952 1505 etiamsi
983 1467 1053 1519 ipsi
1077 1467 1114 1505 in
1142 1482 1178 1506 se
1205 1482 1274 1506 non

315 1527 494 1578 recipiunt
516 1526 776 1573 homicidium,
796 1526 923 1563 nolunt
952 1535 1068 1564 tamen
1099 1526 1187 1565 alios
1209 1527 1273 1578 qui

314 1587 447 1625 caedem
472 1595 598 1639 parant
623 1587 797 1625 cohibere.
818 1589 864 1624 At
888 1601 958 1624 non
982 1586 1032 1624 ita
1051 1587 1188 1636 David,
1209 1588 1271 1626 sed

313 1646 461 1698 perinde
485 1660 526 1684 ac
544 1646 572 1683 si
589 1645 794 1698 depositum
815 1644 965 1696 aliquod
984 1645 1190 1698 accepisset,
1209 1662 1274 1699 pro

315 1721 385 1757 quo
396 1706 571 1744 rationem
580 1705 788 1744 redditurus
800 1715 901 1756 esset,
910 1706 958 1744 ita
969 1720 1038 1744 non
1048 1715 1189 1744 tantum
1199 1707 1274 1760 ipsc

815 164 923 194 JOAN
933 163 999 192 MS
1034 161 1276 192 CHRYSOST.

313 1830 471 1869 volentes
503 1830 676 1879 coercuit,
703 1830 840 1867 satelles
870 1829 1028 1882 optimus
1053 1839 1086 1868 et
1114 1832 1271 1884 corporis

313 1901 431 1930 custos
457 1906 521 1944 pro
548 1892 648 1929 hoste
675 1892 803 1930 factus.
822 1892 945 1943 Itaque
964 1905 1034 1930 non
1053 1893 1228 1931 aberrarit
1251 1908 1270 1931 a

313 1967 410 2003 vero,
423 1953 485 2004 qui
500 1954 612 2004 dicat,
631 1953 810 1993 Davidem
825 1953 864 1991 id
881 1953 1050 2006 temporis
1070 1953 1106 1991 in
1125 1954 1271 2005 gravius

314 2015 482 2054 incidisse
497 2015 703 2065 discrimen,
719 2030 826 2066 quam
843 2015 960 2068 ipsum
974 2015 1129 2054 Saiilem.
1148 2018 1270 2069 Neque

1322 163 1342 190 Α
1352 161 1524 191 nomm).
1564 162 1923 194 CONSTANTffiOP.

1344 259 1406 287 τας
1438 244 1553 294 μόνον,
1583 245 1674 283 ἀλλὰ
1704 247 1764 284 καὶ
1788 250 1806 285 ὁ
1834 248 2036 298 θαυμαστὴς
2061 251 2120 286 τοῦ
2151 251 2369 297 νενικηκότος

1345 307 1406 343 οὐκ
1426 305 1545 356 ὀλίγην
1573 307 1612 344 ἐκ
1638 309 1700 353 τῆς
1726 307 1897 360 εὐφημίας
1924 309 2056 355 ἐκείνης
2084 315 2278 362 καρποῦται
2304 312 2367 359 τὴν

1346 365 1485 413 ἡδονήν.
1509 367 1578 406 Διά
1601 382 1654 405 τοι
1673 371 1774 406 τοῦτο
1798 369 1876 421 οὐχὶ
1894 370 1952 408 τὸν
1972 377 2125 421 γενναῖον
2156 364 2282 409 ἐκεῖνον
2308 375 2369 418 τῆς

1347 428 1548 481 φιλοσοφίας
1569 429 1751 481 μακαρίζω
1769 429 1884 480 μόνον,
1906 431 1996 469 ἀλλὰ
2015 432 2076 469 καὶ
2095 435 2185 482 ὑμᾶς
2204 435 2266 478 τῆς
2289 433 2368 486 περὶ

1347 489 1449 527 αὐτὸν
1474 489 1616 533 εὐνοίας.
1636 490 1833 528 Ἐπάλαισε
1861 491 1924 542 μὲν
1945 491 2012 545 γὰρ
2034 495 2182 541 ἐκεῖνος,
2210 493 2269 530 καὶ
2298 493 2370 530 ἐνί-

1347 565 1455 597 κησε,
1483 550 1542 589 καὶ
1573 550 1813 603 ἐστεφανώθη·
1843 551 2088 596 ἐπαινέσαντες
2115 553 2151 592 δὲ
2181 553 2244 600 τὴν
2272 554 2370 601 νίκην

1347 615 1460 662 ὑμεῖς,
1483 615 1520 650 οὖ
1539 613 1661 664 μικρὸν
1681 617 1740 651 τοῦ
1759 614 1929 665 στεφάνου
1948 615 2051 666 μέρος
2067 615 2231 659 λαὸόντες
2252 617 2371 663 ἀπήλ-

1348 677 1436 712 θετε.
1460 673 1525 712 Ἵν’
1557 668 1614 712 οῧν
1636 674 1763 725 μείζων
1783 677 1805 721 ἡ
1829 674 1934 722 ἡδονὴ
1955 675 2097 727 γένηται
2122 676 2182 714 καὶ
2207 677 2311 715 πλέον
2332 678 2372 716 τὸ

1347 735 1466 788 κέρδος
1480 765 1489 783 ,
1510 735 1590 788 φέρε
1616 737 1674 774 καὶ
1694 736 1738 774 τὰ
1757 736 1948 788 λειπόμενα
1975 740 2036 784 τῆς
2058 738 2212 791 ἱστορίας
2231 740 2372 777 ἀποδῶ-

1349 812 1410 846 μεν
1438 800 1530 847 ὑμῖν.
1559 796 1680 835 Εἰπὼν
1707 797 2040 851 γὰρὸσυγγραφεὺς
2059 799 2104 836 τὰ
2134 799 2299 851 ῥήματα,
2328 801 2372 838 δι’

1348 852 1395 895 ὧν
1419 858 1648 910 παρῃτήσατο
1661 858 1724 906 τὴν
1745 859 1894 911 σφαγὴν,
1915 860 2102 911 ἐπήγαγεν,
2125 860 2178 898 ὅτι
2196 863 2274 899 Οὐκ
2289 861 2373 899 ἔδω-

1349 935 1407 957 κεν
1441 921 1554 962 αὐτοῖς
1585 922 1776 967 ἀναστῆναι
1807 920 1867 958 καὶ
1896 923 2100 959 ἀποκτεῖναι
2139 923 2198 960 τὸν
2235 921 2373 971 Σαοὺλ,

1301 999 1326 1028 D
1350 983 1436 1031 ὁμοῦ
1451 981 1509 1018 καὶ
1522 980 1586 1026 τὴν
1600 980 1739 1019 ἐκείνων
1761 982 1948 1032 ἐπιθυμίαν
1963 982 2026 1029 τὴν
2045 985 2126 1034 περὶ
2141 983 2205 1030 τὴν
2223 983 2373 1035 σφαγὴν,

1352 1041 1410 1080 καὶ
1429 1042 1493 1088 τὴν
1514 1041 1674 1094 ἀνδρείαν
1693 1041 1755 1089 τὴν
1777 1041 1900 1080 τούτου
1920 1042 2027 1086 δεῖξαι
2051 1045 2266 1095 βουλόμενος.
2290 1044 2374 1083 Καί-

1354 1120 1405 1142 τοι
1427 1120 1467 1154 γε
1492 1103 1613 1142 πολλοὶ
1642 1106 1711 1141 τῶν
1737 1105 1887 1155 ἐχθρῶν,
1909 1104 1968 1142 καὶ
1987 1106 2018 1142 οἵ
2041 1106 2218 1150 δοκοῦντες
2236 1107 2373 1157 φιλοσο-

1354 1170 1440 1217 φεῖν,
1460 1165 1522 1203 κᾶν
1544 1164 1641 1202 αὐτοὶ
1662 1165 1710 1215 μὴ
1731 1164 1988 1209 καταδέξωνται
2008 1167 2154 1215 ἀνελεῖν,
2173 1168 2228 1219 ὑφ’
2247 1166 2373 1219 ἑτέρων

1354 1227 1568 1278 ἀναιρεῖσθαι
1588 1224 1646 1275 μέ)
1655 1227 1778 1269 λοντας
1798 1228 1860 1263 οὐκ
1877 1225 1916 1263 ἂν
1933 1225 2066 1265 ἕλοιντο
2085 1229 2253 1265 κωλῦσαι.
2274 1227 2319 1266 Ὁ
2339 1227 2375 1265 δὲ

1352 1287 1462 1325 Δαυὶδ
1482 1289 1548 1338 οὐχ
1573 1286 1701 1334 οὕτως,
1725 1288 1801 1325 ἀλλ’
1830 1285 1950 1339 ὥσπερ
1971 1287 2048 1326 τινὰ
2073 1287 2377 1340 παρακαταθήκην

1350 1347 1480 1396 Meam,
1497 1348 1557 1385 καὶ
1577 1346 1714 1398 μέλλων
1736 1349 1843 1394 αὐτῆς
1868 1347 2009 1391 εὐθύνας
2032 1348 2183 1398 διδόναι,
2205 1350 2242 1386 οὗ
2273 1350 2376 1399 μόνον

1350 1409 1450 1452 αὐτὸς
1480 1410 1544 1460 οὐχ
1573 1408 1690 1461 ἥψατο
1716 1411 1776 1446 τοῦ
1811 1408 2003 1460 πολεμίου,
2034 1408 2124 1447 ἀλλὰ
2155 1409 2214 1447 καὶ
2241 1409 2377 1461 ἑτέρους

1351 1469 1578 1521 βουλομένους
1619 1471 1752 1507 ἀνελεῖν
1794 1469 1947 1508 ἐκώλυσε
1960 1500 1969 1516 ,
2007 1470 2263 1522 σωματοφύλαξ
2299 1471 2375 1508 ἀντὶ

1348 1532 1516 1582 πολεμίου
1536 1531 1717 1583 γενόμενος
1736 1531 1795 1569 καὶ
1815 1531 1999 1584 δορυφόρος
2013 1532 2164 1583 ἄριστος.
2185 1531 2296 1570 “Ωστε
2315 1534 2377 1570 οὐκ

1348 1593 1388 1630 ἄν
1406 1609 1458 1636 τις
1478 1592 1628 1645 ἁμάρτοι
1649 1591 1706 1629 τὸν
1728 1591 1839 1629 Δαυὶδ
1857 1593 1988 1641 μᾶλλον
2008 1591 2156 1645 κινδύνῳ
2171 1591 2248 1630 τότε
2271 1609 2375 1646 περι-

1346 1653 1568 1692 πεπτωκέναι
1585 1651 1690 1691 εἰπὼν
1697 1683 1705 1700 ,
1723 1651 1746 1698 ἢ
1762 1652 1820 1690 τὸν
1840 1651 1971 1690 Σαούλ.
1995 1654 2048 1690 Οὐ
2064 1652 2132 1704 γὰρ
2151 1651 2208 1690 τὸν
2225 1653 2376 1706 τυχόντα

1345 1717 1464 1767 ἀγῶνα
1483 1714 1659 1766 ὑπέμεινε,
1687 1713 1792 1752 παντὶ
1811 1713 1932 1767 τρόπῳ
1954 1713 2157 1758 σπουδάζων
2178 1715 2281 1754 αὐτὸν
2299 1715 2374 1760 ἐξε-

1343 1776 1464 1815 λέσθαι
1488 1778 1550 1822 τῆς
1569 1777 1757 1822 ἐπιὲουλῆς
1783 1778 1846 1822 τῆς
1869 1775 1954 1827 παρ’
1983 1775 2142 1813 ἐκείνων·
2167 1775 2243 1814 οὐδὲ
2269 1777 2377 1822 οὕτως

1345 1837 1512 1875 ἐδεδοίκει
1532 1836 1669 1887 μέλλων
1692 1837 1792 1880 αὐτὸς
1814 1836 2097 1888 ἀποσφάττεσθαι
2114 1866 2124 1884 ,
2147 1839 2194 1880 ὡς
2213 1837 2376 1876 ἐδεδοίκει

1346 1899 1483 1950 μήποτε
1498 1901 1566 1936 τῶν
1583 1900 1807 1951 στρατιωτῶν
1820 1914 1873 1942 τις
1888 1896 2002 1941 ἐνδοὺς
2017 1900 2066 1949 τῷ
2079 1900 2178 1949 θυμῷ
2194 1898 2374 1950 διαφθείρῃ

1344 1960 1400 1998 τὸν
1424 1960 1624 2013 ἄνθρωπον·
1653 1959 1711 1998 διὰ
1737 1964 1836 1998 τοῦτο
1856 1959 1916 1997 καὶ
1950 1958 2183 2011 δικαιολογίαν
2210 1959 2374 2007 τοιαύτην

1343 2020 1520 2069 συνέθηκε.
1541 2020 1610 2059 Καὶ
1635 2020 1701 2073 γὰρ
1720 2023 1935 2073 κατηγόρουν
1959 2019 2020 2071 μὲν
2049 2022 2198 2068 ἐκεῖνοι,
2218 2037 2373 2073 κατηγο-

313 2077 407 2114 enim
444 2077 523 2115 leve
557 2086 733 2114 certamen
762 2077 1030 2129 periculumque
1057 2078 1268 2127 sustinebat,
1281 2111 1326 2135 761
1345 2088 1435 2135 ρεῖτο
1455 2082 1491 2121 δὲ
1511 2085 1529 2120 ὁ
1547 2082 1735 2129 καθεύδων,
1769 2084 1974 2133 ἀπελογεῖτο
1995 2081 2030 2119 δὲ
2050 2086 2067 2120 ὃ
2086 2081 2253 2134 πολέμιος
2267 2113 2277 2129 ‚
2307 2083 2375 2121 ἐδί-

313 2137 401 2175 dum
417 2137 584 2176 omnibus
602 2137 718 2175 modis
734 2137 929 2175 conabatur
950 2138 1054 2176 illum
1069 2139 1114 2176 ab
1127 2139 1268 2178 insidiis

313 2198 461 2250 eripere,
487 2213 575 2249 quas
594 2199 626 2236 ei
652 2199 825 2250 parabant
844 2198 974 2236 milites
993 2215 1000 2235 ε
1016 2213 1128 2250 neque
1145 2202 1267 2252 perin-

313 2258 358 2297 de
377 2260 557 2298 metuebat
575 2274 618 2297 ne
635 2259 710 2311 ipse
735 2258 974 2308 occideretur,
995 2273 1036 2297 ac
1053 2261 1268 2299 formidabat

312 2334 356 2358 ne
391 2321 470 2371 quis
520 2321 678 2359 militum
715 2320 776 2358 irae
819 2321 1014 2371 obsequens
1055 2321 1268 2361 interficeret

313 2382 497 2420 hominem
521 2398 528 2419 :
553 2395 699 2432 eamque
729 2381 775 2419 ob
802 2395 945 2419 causam
966 2382 1143 2433 ejusmodi
1172 2397 1267 2421 com-

313 2452 453 2481 mentus
484 2453 535 2481 est
566 2442 843 2481 excusationem.
881 2445 999 2493 Atque
1034 2443 1089 2481 illi
1120 2444 1264 2495 quidem

314 2505 540 2553 accusabant,
559 2504 790 2542 accusabatur
818 2512 936 2541 autem
954 2504 1043 2542 Saiil
1064 2504 1265 2557 dormiens,

314 2566 375 2604 sed
393 2566 552 2604 defendit
573 2566 750 2615 inimicus,
768 2567 864 2603 Deus
885 2580 970 2604 vero
988 2566 1104 2618 judex
1122 2578 1209 2617 erat,
1227 2583 1267 2608 ac

314 2627 468 2666 Davidis
502 2627 710 2666 sententiam
747 2627 985 2665 confirmavit.
1021 2629 1142 2679 Neque
1173 2632 1266 2669 enim

314 2689 446 2739 absque
462 2689 528 2726 Dei
545 2688 712 2741 praesidio
728 2687 899 2726 valuisset
916 2687 998 2725 illos
1016 2689 1169 2728 furentes
1188 2692 1267 2730 vin-

316 2764 392 2788 cere
413 2766 420 2786 :
444 2750 503 2788 sed
519 2750 592 2787 baec
609 2759 682 2787 erat
698 2749 763 2786 Dei
781 2748 894 2799 gratia
911 2749 945 2786 in
966 2750 1148 2802 prophetae
1164 2752 1268 2792 labiis

315 2810 486 2858 residens,
507 2825 584 2861 quac
605 2810 718 2849 veluti
739 2809 919 2847 suadelam
945 2811 1139 2861 quamdam
1160 2812 1268 2852 adde-

315 2871 376 2908 bat
397 2871 494 2908 illius
509 2871 636 2909 verbis.
652 2871 809 2908 Tametsi
825 2885 893 2909 non
907 2871 985 2911 leve
1001 2883 1222 2913 momentum
1236 2885 1269 2914 et

314 2933 436 2972 Dwid
456 2933 527 2970 huc
550 2932 686 2979 attulit,
706 2932 766 2983 qui
790 2933 958 2983 quoniam
978 2934 1059 2972 illos
1088 2937 1267 2988 superiore

316 3001 471 3043 tempore
513 2991 563 3028 sie
604 2991 818 3041 instituerat,
859 2991 992 3030 idcirco
1035 2993 1071 3031 in
1115 2996 1266 3034 articulo

314 3053 516 3092 certaminis
549 3061 689 3103 paratos
721 3052 800 3089 illos
827 3067 867 3089 ac
900 3053 1093 3105 morigeros
1124 3057 1263 3108 reperit.

316 3115 506 3152 Przrsuerat
525 3113 618 3150 enim
635 3112 706 3149 illis
728 3126 794 3149 uon
816 3122 853 3150 ut
871 3113 957 3150 belli
975 3114 1051 3152 dux
1071 3115 1262 3165 militibus,

311 3175 372 3212 scd
389 3185 429 3212 ut
445 3174 621 3216 sacerdos,
634 3174 778 3224 jamque
798 3174 962 3225 spelunca
983 3175 1041 3213 illa
1058 3186 1129 3214 erat
1150 3178 1262 3216 cccle-

311 3237 375 3273 sia.
396 3236 454 3274 Sic
469 3234 770 3286 qumnadmodum
791 3234 920 3284 aliquis
941 3236 1095 3290 episcopi
1117 3240 1260 3277 sortitus

311 3297 509 3342 niunus,ad
535 3297 616 3333 illos
644 3295 846 3333 concionem
874 3295 1038 3347 babebat,
1061 3312 1100 3336 ac
1121 3310 1259 3350 peracta

1293 2148 1317 2177 A
1341 2147 1424 2189 καζε
1449 2143 1486 2182 δὲ
1501 2147 1518 2182 ὁ
1535 2144 1644 2190 Θεὸς,
1662 2143 1720 2181 καὶ
1741 2136 1803 2190 ςιτῆν
1832 2147 1893 2181 τοῦ
1912 2143 2023 2181 Δαυὶδ
2043 2145 2156 2195 ψῆφον
2185 2144 2371 2195 ἐκύρωσεν.

1341 2207 1394 2244 Οὔ
1414 2204 1481 2256 γὰρ
1508 2205 1588 2242 ἄνευ
1619 2208 1682 2251 τῆς
1712 2207 1770 2241 τοῦ
1802 2206 1895 2243 Θεοῦ
1924 2208 2033 2256 ῥοπῆς
2056 2204 2200 2256 ἴσχυσεν
2233 2204 2273 2242 ἂν
2303 2208 2371 2243 τῶν

1341 2265 1558 2316 μαινομένων
1580 2265 1717 2303 ἐκείνων
1746 2264 2006 2316 περιγενέσθαι·
2037 2265 2114 2303 ἀλλ’
2139 2269 2161 2311 ἡ
2192 2270 2252 2304 τοῦ
2279 2268 2372 2306 Θεοῦ

1338 2325 1442 2378 χάρις
1460 2321 1501 2372 ἦν
1523 2329 1544 2372 ἡ
1562 2331 1632 2369 τοῖς
1657 2326 1808 2378 χείλεσιν
1831 2325 2053 2377 ἐγκαθημένη
2084 2330 2145 2364 τοῦ
2165 2326 2344 2379 προφήτου
2357 2359 2368 2375 ,

1339 2387 1399 2426 καὶ
1418 2387 1528 2426 πειθώ
1556 2403 1634 2426 τινα
1655 2389 1758 2427 δοῦσα
1782 2393 1852 2430 τοῖς
1876 2387 2027 2440 ῥήμασιν
2053 2387 2208 2431 ἐκείνοις.
2236 2390 2288 2427 Οὐ
2313 2405 2369 2440 μι-

1339 2447 1420 2500 κρὸν
1448 2448 1483 2486 δὲ
1511 2448 1600 2486 καὶὸ
1616 2449 1725 2486 Δαυὶδ
1749 2448 1975 2487 συνεὸάλετο·
1999 2448 2117 2496 ἐπειδὴ
2148 2449 2216 2501 γὰρ
2247 2449 2369 2494 αὐτοὺς

1339 2509 1396 2548 τὸν
1422 2509 1615 2562 ἔμπροσθεν
1633 2509 1756 2562 χρόνον
1782 2508 1890 2552 οὕτως
1915 2510 2099 2557 ἐπαίδευε,
2125 2510 2181 2548 διὰ
2202 2514 2302 2549 τοῦτο
2331 2513 2366 2549 ἐν

1339 2573 1388 2622 τῷ
1413 2574 1524 2623 καιρῷ
1553 2573 1621 2608 τῶν
1650 2570 1792 2623 ἀγιίΝων
1823 2571 2172 2624 παρεσκευασμένους
2201 2565 2279 2623 εἶρε
2308 2574 2367 2611 καὶ

1340 2631 1504 2676 εἴκοντας.
1522 2634 1574 2671 Οὐ
1595 2632 1662 2684 γὰρ
1683 2635 1730 2675 ὡς
1752 2632 1945 2684 στρατηγὸς
1962 2634 2200 2684 στρατιωτῶν,
2227 2634 2304 2671 ἀλλ’
2320 2636 2366 2677 ὡς

1340 2692 1466 2745 ἱερεὺς,
1496 2693 1603 2737 οὕτως
1632 2694 1745 2731 αὐτῶν
1777 2692 2020 2745 προειστήκει,
2048 2692 2108 2730 καὶ
2130 2686 2171 2739 ’ῗν
2198 2695 2368 2740 ἐκκλησία

1340 2754 1379 2792 τὸ
1400 2755 1570 2801 σπήλαιον
1587 2756 1697 2792 ἐκεῖνο
1711 2753 1842 2792 λοιπόν.
1860 2753 1928 2791 Καὶ
1942 2753 2010 2805 γὰρ
2025 2753 2144 2806 ὥσπερ
2160 2770 2211 2797 τις
2227 2756 2366 2794 ἐπισκο-

1340 2814 1409 2862 πὴν
1437 2815 1574 2868 λαχὼν,
1602 2814 1690 2853 οὕτω
1711 2815 1796 2868 πρὸς
1831 2815 1952 2857 αὐτοὺς
1989 2815 2177 2861 ἐποιήσατο
2205 2817 2365 2866 ὁμιλίαν·

1340 2876 1399 2914 καὶ
1419 2876 1507 2927 μετὰ
1520 2876 1582 2923 τὴν
1599 2876 1736 2926 ὁμιλίαν
1754 2875 1885 2922 ταύτην
1905 2876 2022 2914 θυσίαν
2043 2876 2209 2928 ἀνήνεγκε
2229 2881 2364 2928 θαυμα-

1340 2937 1426 2984 στήν
1450 2953 1527 2975 τινα
1556 2936 1614 2975 καὶ
1633 2937 1839 2989 παράδοξον,
1858 2939 1896 2975 οὐ
1914 2937 2044 2989 μόσχον
2062 2937 2262 2982 καταθύσας
2276 2967 2286 2984 ,
2303 2941 2364 2977 οὐκ

1343 2998 1457 3050 ἀρνίον
1484 2997 1729 3050 κατασφάξας,
1750 2999 1841 3046 ἀλλ’,
1860 2997 1877 3035 δ
1899 2999 2018 3050 πολλῷ
2046 2998 2175 3036 τούτων
2200 2999 2364 3050 τιμιώτε-

1339 3074 1394 3110 ρον
1419 3054 1473 3108 ἦν,
1492 3059 1675 3112 πραότητα
1707 3059 1765 3096 καί
1797 3059 1984 3097 ἐπιείκειαν
2016 3059 2152 3103 ἀναθεὶς
2183 3064 2232 3112 τῷ
2259 3063 2361 3114 Θεῷ,

1336 3120 1394 3158 καὶ
1413 3121 1469 3159 τὸν
1490 3121 1611 3172 ἄλογον
1628 3120 1825 3164 καταθύσας
1843 3120 1963 3170 θυμὸν,
1988 3120 2047 3158 καὶ
2063 3121 2125 3168 τὴν
2147 3121 2251 3174 ὀργὴν
2273 3125 2362 3160 ἀπο-

1335 3181 1468 3224 κτείνας
1482 3212 1490 3224 ,
1509 3182 1567 3219 καὶ
1587 3180 1762 3234 νεκρώσας
1780 3181 1822 3219 τὰ
1847 3181 1934 3231 μέλη
1961 3181 2004 3220 τὰ
2029 3182 2087 3220 ἐπὶ
2110 3185 2172 3227 τῆς
2191 3185 2267 3233 γῆς.
2292 3183 2362 3221 Καὶ

1334 3241 1468 3292 ἐγένετο
1495 3242 1595 3286 αὐτὸς
1621 3243 1679 3280 καὶ
1703 3244 1838 3294 ἱερεῖον,
1858 3241 1917 3280 καὶ
1940 3242 2069 3295 ἱερεὺς,
2092 3242 2150 3280 καὶ
2173 3244 2360 3289 θυσιαστή-

1336 3318 1416 3355 ριον.
1442 3302 1491 3341 “O
1510 3320 1546 3341 τε
1565 3303 1633 3354 γὰρ
1657 3303 1896 3355 προσενεγκὼν
1916 3303 1977 3350 τὴν
1996 3303 2178 3356 πραότητα
2208 3303 2266 3340 καὶ
2294 3303 2356 3349 τὴν

109 3383 193 3411 „mn
232 3360 475 3412 „meent-ion(-
500 3357 712 3396 sacrificium
733 3356 877 3400 obtulit,
910 3357 1013 3408 idque
1049 3360 1259 3399 admirabile
1284 3369 1305 3395 (ἱ
1333 3365 1517 3403 ἐπιείκειαν
1545 3366 1728 3416 λογισμὸς,
1754 3365 1775 3409 ἥ
1800 3381 1833 3402 τε
1861 3365 2028 3403 ἐπιείκεια
2057 3365 2112 3401 καὶ
2146 3367 2165 3409 ἢ
2202 3364 2357 3415 πραότης

2462 1084 2466 1155 l

2463 1182 2466 1225 ι

2464 1231 2466 1253 Ι
