2516 3791
840 155 878 184 m
920 153 1116 185 GENEStM

474 287 641 327 ΛΟΓΟΣ
669 291 712 341 γ’.

83 410 162 451 *Τι’
189 413 263 450 ἐστι
280 411 341 458 τὸ,
363 412 452 450 Καθ’
471 412 651 464 ὁμοίωσιν,
680 413 741 452 καὶ
774 413 864 457 τίνος
894 412 1021 460 ἕνεκεν,
1051 415 1112 450 τοῦ

135 474 227 513 Θεοῦ
249 472 403 518 εἰπόντος
422 476 491 512 τῶν
513 474 641 528 θηρίων
658 478 752 527 ἡμᾶς
772 475 906 528 ἄρχειν,
923 476 988 527 οὐχ
1006 473 1112 528 ἄρχο-

137 549 212 585 μεν,
232 533 291 572 καὶ
309 534 361 574 ὅτι
383 535 592 587 κηδεμονίας
609 540 709 575 τοῦτο
728 538 871 583 πολλῆς.

134 709 276 765 εὨσπερ
294 714 363 751 τῶν
387 713 598 766 σπειρόντων
626 713 746 766 ὄφελος
773 710 880 759 οὐδὲν,
907 710 988 750 ὅταν
1017 710 1114 763 παρὰ

82 771 146 818 τὴν
167 772 244 811 ὁδὸν
265 773 309 812 τὰ
332 774 519 828 σπέρματα
541 774 726 828 ῥίπτηται·
745 771 853 816 οὕτως
882 771 958 810 οὐδὲ
977 774 1036 810 τοῦ
1053 770 1114 809 λε’-

83 849 201 886 γοντος
220 835 319 873 ἔσται
334 853 368 874 τι
388 837 506 885 πλέον,
525 837 607 875 ὅταν
629 835 678 886 μὴ
693 835 778 888 πρὸς
794 833 856 882 τὴν
880 835 948 872 τῶν
971 832 1116 873 ἀκουόν-

82 909 152 932 των
186 894 340 933 διάνοιαν
365 901 383 936 ὁ
414 897 512 950 λόγος
540 897 707 950 φέρηται,
737 897 813 933 ἀλλ’
836 895 956 939 ἁπλῶς
985 896 1032 938 εἷς
1058 893 1116 933 τὸν

85 955 171 1008 ἀέρα
200 957 404 1009 διαχυθεῖσα
426 961 488 1005 τῆς
524 961 640 1011 φωνῆς
671 960 693 1003 ἦ
724 956 905 1009 ἁπήχησις
923 956 1116 1002 Πάνόνητον

83 1017 336 1070 καταλιμπάνῃ
351 1019 409 1058 τὸν
421 1018 609 1071 ἀκροατήν.
622 1018 747 1056 Ταῦτα
762 1017 797 1055 δὲ
816 1019 898 1069 ὑμῖν
918 1020 983 1071 οὐχ
998 1018 1118 1062 ἁπλῶς

84 1076 227 1131 εἴρηκα,
251 1079 328 1117 ἀλλ’
345 1079 400 1119 ἵνα
421 1080 469 1132 μὴ
490 1080 575 1134 πρὸς
594 1080 638 1119 τὰ
658 1078 877 1133 ἁπλούστερα
896 1081 965 1117 τῶν
982 1078 1116 1130 νοημά-

83 1155 152 1177 των
175 1133 236 1186 ῆτε
255 1142 441 1194 κεχηνότες
471 1141 587 1193 μόνον,
605 1141 695 1180 ἀλλὰ
724 1141 785 1179 καὶ
812 1144 881 1179 τῶν
918 1140 1117 1193 βαθυτέρων

84 1201 390 1253 κατατολμήσητε.
410 1205 455 1242 Εἰ
483 1203 550 1257 γὰρ
568 1203 616 1255 μὴ
635 1208 692 1242 νῦν
713 1201 958 1254 καταὸαίημεν
977 1202 1063 1254 πρὸς
1079 1200 1118 1240 τὸ

86 1262 190 1313 βάθος
211 1266 280 1301 τῶν
309 1265 472 1317 Γραφῶν,
490 1263 574 1303 ὅταν
598 1267 710 1316 κοῦφα
738 1262 802 1314 μὲν
830 1266 914 1314 ἡμῖν
947 1262 992 1302 τὰ
1020 1265 1117 1301 κῶλα

84 1323 170 1376 πρὸς
188 1323 227 1362 τὸ
252 1323 438 1377 νήχεσθαι,
466 1323 624 1378 ὀξύτερον
645 1324 680 1363 δὲ
716 1323 756 1361 τὸ
786 1324 886 1375 ὄμμα
921 1323 1037 1362 οὐκέτι
1065 1326 1116 1375 τῷ

83 1387 226 1439 πονηρῷ
257 1389 320 1432 τῆς
340 1389 472 1440 τρυφῆς
499 1384 747 1437 ἐνοχλούμενον
779 1384 947 1437 ῥεύματι,
978 1383 1117 1438 διαρκέ-

85 1461 205 1498 στερον
226 1446 262 1485 δὲ
283 1447 322 1486 τὸ
346 1451 509 1498 πνεῦμά,
527 1445 619 1485 ὥστε
653 1445 702 1497 μὴ
735 1445 1005 1497 ἀποπνίγεσθαι,
1033 1445 1118 1485 πότε

84 1506 373 1559 καταδησάμεθα;
390 1507 502 1547 ζὈταν
520 1506 633 1561 τρυφὴ
655 1506 715 1545 καὶ
734 1506 887 1550 ἑστίασις
906 1501 928 1559 ᾖ
950 1507 1010 1546 καὶ
1027 1507 1117 1558 μέθη

83 1568 143 1607 καὶ
162 1569 319 1623 τράπεζα
346 1569 563 1622 ἀδδηφαγίας
589 1569 746 1622 γέμουσα
754 1583 766 1619 5
799 1568 906 1606 Ἀλλὰ
929 1569 1008 1607 τότε
1041 1567 1118 1607 οὐδὲ

85 1646 164 1678 κινη
188 1635 270 1678 ῆναι
293 1633 430 1686 ῥᾴδιον,
452 1630 543 1670 οὕτω
564 1630 604 1669 τὸ
631 1629 719 1683 βαρὺ
740 1633 803 1676 τῆς
830 1633 962 1683 τρυφῆς
980 1630 1119 1683 φορτίον

86 1691 198 1735 πιέζει
213 1692 276 1740 τὴν
295 1693 424 1745 ψυχήν.
445 1694 528 1744 Οὐχ
541 1695 645 1744 ὁρᾶτε
669 1690 722 1729 ὅτι
748 1690 809 1729 καὶ
827 1693 858 1729 οἱ
879 1691 992 1735 λίθους
1012 1692 1120 1730 πολυ-

86 1755 195 1798 τελεῖς
211 1754 380 1808 εὑρίσκειν
402 1754 605 1806 βουλόμενοι
619 1781 628 1799 ,
649 1755 712 1791 οὐκ
728 1752 800 1790 ἄνω
818 1753 915 1806 παρὰ
932 1753 989 1792 τὸν
1006 1755 1121 1805 αἰγια-

86 1815 145 1854 λὸν
178 1816 369 1867 καθήμενοι
405 1816 465 1855 καὶ
498 1815 542 1854 τὰ
579 1814 719 1866 κύματα
754 1817 979 1867 ἀριθμοῦντες
1015 1814 1123 1859 οὕτως

87 1877 285 1930 εὑρίσκουσι
303 1876 319 1897 ¹³
333 1878 372 1916 τὸ
391 1877 613 1928 ζητούμενον,
633 1877 709 1914 ἀλλ’
740 1879 787 1920 εἷς
818 1876 902 1913 αὐτὸ
929 1876 1120 1915 καταδύον-

85 1954 145 1977 ται
163 1938 203 1976 τὸ
224 1939 345 1990 βάθος·
366 1938 480 1976 καίτοι
499 1938 604 1981 πολὺς
634 1937 695 1988 μὲν
716 1939 734 1974 ὁ
753 1936 856 1980 πόνος
886 1939 920 1976 ἐν
947 1941 990 1990 τῇ
1019 1938 1123 1986 ζητή-

87 2015 162 2048 σει,
184 1999 292 2043 πολὺς
316 1999 352 2039 δὲ
373 2003 391 2038 ὁ
411 1999 564 2042 κίνδυνος
581 2000 616 2036 ἐν
636 2001 679 2051 τῇ
699 1997 831 2051 εὑρέσει
839 1998 921 2048 ,καὶ
949 1999 1039 2050 μετὰ
1058 1999 1121 2047 τὴν

86 2060 220 2115 εὕρεσιν
248 2061 367 2115 κέρδος
395 2061 510 2108 οὐδέν,
531 2060 578 2099 Τι’
595 2060 663 2113 γὰρ
684 2059 724 2097 ἂν
746 2060 836 2113 μέγα
858 2060 1048 2112 εἰσενέγκοι
1075 2063 1124 2105 εἷς

85 2122 144 2160 τὸν
167 2123 238 2174 βίον
256 2123 314 2161 τὸν
335 2122 506 2174 ἡμέτερον
525 2121 629 2159 λίθων
648 2121 782 2175 εὕρεσις
798 2123 1019 2171 πολυτελῶν,
1040 2122 1123 2163 Εἴθε

87 2181 149 2232 μὲν
166 2177 224 2221 οὖν
245 2183 294 2234 μὴ
319 2183 458 2234 μεγάλα
481 2183 647 2234 εἰσήγαγε
666 2182 772 2220 κακά.
795 2183 848 2221 Τὸ
877 2183 945 2235 γὰρ
973 2183 1124 2237 ἀνατρέ-

85 2259 151 2282 πον
169 2247 270 2295 ἡμῶν
293 2244 357 2292 τὴν
373 2243 465 2290 ζωὴν
483 2243 543 2282 καὶ
563 2243 681 2282 πάντα
701 2243 772 2281 ἅνω
788 2243 848 2282 καὶ
872 2245 970 2282 κάτω
989 2249 1122 2293 ποιοῦν,

85 2304 181 2343 οὐδὲν
199 2305 315 2360 ἕτερόν
338 2308 447 2353 ἐστιν7
466 2305 488 2352 ἢ
510 2309 532 2352 ἦ
561 2308 630 2344 τῶν
652 2305 846 2358 χρημάτων
879 2306 1000 2357 μανία.
1028 2307 1123 2346 Ἀλλ’

86 2365 180 2417 ὅμως
198 2368 258 2406 καὶ
271 2367 386 2420 ψυχὴν
406 2367 466 2406 καὶ
481 2370 584 2417 σῶμα
604 2369 728 2406 ἐκείνοι
748 2366 928 2419 προΐενται
951 2372 1013 2415 τῆς
1032 2370 1120 2421 ἐφη-

87 2429 193 2481 μέρου
211 2432 340 2482 τροφῆς
360 2429 489 2478 ἕνεκεν,
515 2429 574 2466 καὶ
593 2432 662 2467 τῶν
691 2429 856 2480 κυμάτων
886 2432 1123 2481 κατατολμῶ-

88 2505 142 2528 σιν
157 2507 165 2514 ·
184 2493 333 2530 ἐνταῦθα
354 2491 390 2530 δὲ
405 2494 443 2530 οὐ
463 2490 637 2538 κίνδυνος,
657 2492 695 2528 οὗ
709 2490 812 2534 πόνος
835 2491 944 2536 οὕτως
959 2494 1121 2530 ἐπιτετα-

87 2553 206 2603 μένος,
236 2555 312 2592 ἀλλ’
328 2552 443 2605 ὀλίγος
464 2551 524 2591 καὶ
545 2555 669 2604 κοῦφος
681 2579 691 2598 ,
705 2552 765 2590 καὶ
783 2546 880 2596 οὗτος
895 2552 951 2590 διὰ
967 2552 1031 2599 τὴν
1050 2555 1120 2591 τῶν

86 2615 341 2668 εὑρισκομένων
363 2614 532 2667 φυλακήν.
549 2614 607 2652 Τὰ
639 2613 706 2667 γὰρ
736 2615 813 2665 μετ’
846 2613 1003 2658 εὐκολίας
1028 2616 1120 2667 εὑρι-

85 2677 238 2728 σκόμενα
249 2708 259 2726 ,
273 2677 332 2716 καὶ
351 2675 640 2729 εὐκαταφρόνητα
656 2678 797 2720 πολλοῖς
814 2670 897 2714 εἶναι
921 2677 1024 2715 δοκεῖ.
1041 2679 1119 2716 Οὐκ

85 2737 158 2776 ἔστι
179 2739 344 2790 κυμάτων
364 2737 503 2792 ταραχὴ
534 2740 568 2776 ἐν
599 2740 649 2790 τῷ
675 2738 821 2789 πελάγει
848 2739 918 2775 τῶν
947 2739 977 2777 Γ
981 2741 1115 2791 ραφῶν,

85 2800 174 2838 ἀλλὰ
204 2801 331 2844 παντὸς
357 2801 495 2851 λιμένος
522 2799 723 2852 εὖδιώτερον
750 2805 850 2839 τοῦτο
880 2800 919 2839 τὸ
946 2801 1116 2853 πέλαγος·

83 2864 144 2900 οὐκ
166 2861 259 2900 ἔστιν
289 2861 439 2952 ἀνάγκη
453 2861 538 2913 πρὸς
564 2860 642 2905 τοὺς
677 2862 838 2915 ζοφεροὺς
870 2865 932 2910 τῆς
960 2862 1115 2902 ἀὸύσσου

564 2923 696 2937 κκκκκ

1127 287 1175 311 65⁶

1138 323 1164 352 Λ

1154 151 1299 183 sumno
1339 152 1404 182 ιιι.
2050 143 2140 204 750

1529 287 1699 327 SERMO
1728 289 1793 328 111.

1188 410 1295 461 Quid
1314 412 1363 449 sit
1384 410 1511 459 illud,
1535 411 1590 450 Ad
1618 410 1913 462 similitudinem,
1933 422 1968 452 el
1996 429 2076 466 qua
2094 417 2142 454 cle
2159 419 2231 445 Cen.

1239 484 1382 518 causa,
1405 486 1493 510 cum
1513 473 1655 511 dixerit
1674 474 1782 512 Deus
1803 488 1871 512 nos
1891 475 2085 514 dominari
2101 480 2144 514 in

1233 533 1358 583 feras,
1376 547 1454 570 non
1464 533 1720 582 dominemur,
1740 543 1775 574 et
1793 536 1866 574 hoc
1880 550 2032 590 rizagnae
2051 551 2143 590 erga

1239 605 1308 630 nos
1323 607 1426 632 curoe
1442 604 1715 647 argumentum
1737 611 1827 635 esse.

1241 706 1278 744 1.
1297 704 1611 752 Quemadmodum
1631 709 1721 747 nihil
1740 710 1935 762 proficiunt
1960 711 2020 763 qui
2040 712 2143 750 semi-

1186 775 1284 816 nant,
1305 780 1388 804 cum
1407 781 1508 807 secus
1528 769 1626 808 viam
1648 771 1783 809 semina
1803 772 1900 824 jacta
1919 773 2051 811 suerint
2070 789 2077 809 :
2093 773 2144 812 sic

1186 840 1298 878 neque
1309 829 1469 881 proderit
1491 829 1520 868 is
1541 831 1601 882 qui
1624 831 1726 881 dicit,
1749 833 1778 870 si
1796 833 1843 871 ad
1865 844 2018 872 mentem
2036 834 2142 873 audi-

1188 897 1307 928 tolum
1333 890 1446 928 oratio
1476 906 1546 929 non
1579 893 1728 944 ser-,atui
1759 894 1820 932 scd
1849 910 1956 934 sonus
1981 896 2080 935 vocis
2108 896 2145 934 in

1142 958 1164 988 B
1187 963 1304 989 aciem
1323 960 1454 990 temcie
1471 952 1626 992 diffusus
1647 955 1844 994 auditorem
1863 958 1962 995 nulla
1980 967 2145 1012 pcr1c0p11

1187 1011 1343 1050 utilitate
1369 1013 1560 1066 relinquat.
1596 1016 1680 1054 tiaec
1705 1026 1826 1056 autem
1850 1033 1870 1056 a
1892 1033 1948 1057 me
1973 1034 2044 1058 non
2070 1033 2146 1058 sine

1188 1086 1294 1111 causa
1307 1073 1402 1112 dicta
1425 1085 1508 1114 sunt
1527 1075 1647 1128 vobis,
1671 1076 1794 1117 sedne
1811 1079 1988 1118 faciliores
2009 1089 2148 1118 tantum

1188 1135 1378 1174 sententias
1398 1137 1586 1189 appetatis,
1612 1152 1740 1177 verum
1763 1141 2013 1191 profundiores
2040 1141 2149 1179 ctiam

1189 1196 1462 1248 aggrediamini.
1482 1198 1560 1236 Nisi
1583 1199 1679 1237 enim
1703 1200 1779 1252 jam
1796 1200 1842 1238 ad
1875 1201 2149 1254 Scripturarum

1188 1256 1358 1295 interiora
1374 1257 1644 1308 descendamus,
1664 1259 1754 1298 dum
1767 1260 1813 1299 ad
1829 1263 2025 1300 natandum
2039 1278 2148 1316 cxpe-

1189 1317 1267 1355 dita
1286 1318 1389 1357 nobis
1414 1329 1497 1357 sunt
1516 1320 1692 1372 membra,
1716 1323 1805 1360 dum
1831 1324 1970 1362 acutius
1999 1334 2148 1363 cernunt

1187 1378 1298 1430 oculi,
1321 1393 1434 1431 neque
1453 1379 1666 1419 deliciarum
1686 1382 1899 1423 humoribus
1925 1386 2145 1424 conturban-

1187 1448 1260 1487 tur,
1284 1440 1375 1479 dum
1398 1442 1614 1480 constantior
1637 1453 1689 1482 est
1712 1445 1874 1497 spiritus,
1901 1455 1940 1484 ut
1960 1461 2004 1485 ne
2030 1448 2143 1486 suffo-

1189 1516 1320 1554 cemur,
1347 1503 1490 1554 quando
1515 1503 1796 1545 descendemus?
1821 1510 1876 1545 An
1902 1522 1984 1546 cum
2009 1509 2146 1548 deliciae

1189 1563 1380 1613 adfuerint,
1402 1564 1532 1617 epulae,
1561 1565 1728 1618 ebrietas,
1759 1577 1794 1606 et
1818 1567 1980 1620 ingluvie
2009 1569 2144 1608 redun-

1145 1637 1169 1667 C
1191 1626 1281 1665 dans
1312 1627 1461 1665 mensa?
1489 1628 1601 1679 Atqui
1638 1637 1716 1666 tum
1753 1643 1797 1667 ne
1832 1631 1969 1669 moveri
2001 1631 2147 1682 quidem

1189 1689 1294 1726 facile
1314 1703 1504 1741 possumus
1522 1705 1530 1725 :
1551 1698 1692 1728 tantum
1716 1690 1930 1730 deliciarum
1955 1707 2046 1731 onus
2072 1693 2150 1731 ani-

1191 1763 1288 1788 mam
1308 1759 1447 1802 giQavat
1469 1751 1594 1788 Nonne
1618 1750 1749 1790 vidctis
1769 1761 1809 1790 ut
1830 1753 1872 1804 ii,
1891 1754 1954 1805 qui
1974 1754 2148 1806 pretiosos
2203 1766 2351 1805 scriptura

1191 1813 1348 1866 reperire
1374 1812 1511 1864 lapides
1534 1813 1699 1865 cupiunt,
1724 1828 1794 1852 non
1816 1815 1851 1852 in
1878 1815 1982 1854 litore
2006 1830 2149 1855 sursum
2163 1818 2353 1878 ζ’ἰΐωῇῗζ-

1192 1874 1351 1913 sedentes
1376 1874 1578 1925 fluctusque
1596 1886 1821 1915 numerantes
1846 1877 1941 1916 illud
1965 1878 2150 1917 inveniant
2165 1897 2222 1920 mr.

1191 1936 1288 1988 quod
1309 1945 1485 1988 quaerunt,
1509 1936 1605 1975 sed
1595 1951 1632 1976 m
1657 1939 1879 1991 profundum
1906 1939 2027 1993 ipsum
2052 1940 2148 1979 (lela-

1192 1999 1349 2051 bantur3
1378 1998 1516 2038 tametsi
1536 2000 1670 2039 multus
1696 2002 1799 2039 estin
1819 2002 2012 2053 quaerendo
2030 2003 2148 2055 labor,

1193 2062 1420 2113 multumque
1443 2063 1479 2099 in
1508 2061 1723 2101 inveniendo
1747 2063 1963 2114 discrimen,
1989 2073 2023 2102 et
2050 2074 2150 2117 post-

1192 2137 1301 2174 quam
1322 2123 1538 2175 invencrint,
1561 2124 1704 2162 lucrum
1723 2124 1894 2162 nullum?
1915 2128 2035 2174 Quam
2054 2127 2151 2164 enim

1192 2199 1360 2237 magnam
1383 2186 1419 2223 in
1440 2186 1553 2225 vitam
1574 2195 1732 2224 nostram
1758 2186 1925 2226 invehere
1946 2197 2062 2241 potest
2084 2190 2154 2227 uti-

1191 2246 1330 2285 litatem
1346 2246 1513 2300 lapidum
1534 2247 1692 2285 inventio
1713 2248 1980 2301 pretiosorum?
2003 2250 2153 2289 Utinam

1147 2319 1173 2349 D
1192 2322 1236 2347 ne
1259 2309 1390 2347 multas
1425 2309 1643 2348 calamitates
1673 2309 1894 2363 importaret.
1927 2313 2028 2351 Nihil
2057 2313 2153 2351 enim

1191 2369 1294 2409 aliud
1321 2370 1436 2410 vitam
1456 2371 1648 2423 subvertit,
1679 2381 1713 2409 et
1746 2387 1889 2411 sursum
1919 2388 1959 2412 ac
1985 2374 2155 2414 deorsum

1191 2441 1316 2470 cuncta
1332 2432 1454 2470 miscet
1466 2442 1595 2485 praeter
1607 2433 1700 2471 hanc
1713 2435 1947 2486 pecuniarum
1964 2437 2151 2475 insaniam.

1191 2496 1448 2535 Verumtamen
1469 2496 1524 2534 illi
1542 2505 1577 2534 et
1594 2497 1751 2534 animam
1770 2506 1803 2534 et
1823 2511 1952 2549 corpus
1968 2509 2153 2550 exponunt

1191 2557 1394 2609 quotidiani
1422 2558 1539 2597 victus
1567 2572 1684 2607 causa,
1714 2572 1818 2609 seque
1845 2559 2016 2597 fluctibus
2038 2561 2150 2598 auda—

1192 2629 1264 2658 cter
1283 2620 1510 2658 committunt
1528 2634 1537 2655 :
1554 2620 1613 2658 hic
1631 2634 1717 2657 vcro
1735 2633 1849 2670 neque
1864 2619 2072 2673 discrimen,
2089 2636 2150 2660 ne—

1190 2695 1259 2733 que
1277 2690 1395 2720 tantus
1408 2681 1718 2731 lab01·est‚vcrum
1729 2681 1941 2732 exig11us‚et
1961 2683 1988 2720 is
2003 2694 2150 2737 propter

1190 2758 1314 2782 eorum
1338 2758 1418 2795 qua:
1442 2743 1587 2781 inventa
1609 2754 1691 2782 sunt
1713 2744 2018 2783 conservationem
2033 2747 2149 2785 susci-

1187 2805 1301 2858 pitur.
1325 2806 1417 2843 Nam
1436 2819 1515 2856 qnae
1532 2819 1613 2842 cum
1623 2805 1795 2844 facilitate
1806 2816 1946 2860 reperta
1962 2817 2055 2855 sunt,
2069 2808 2148 2846 nul·

1186 2868 1257 2905 lius
1283 2867 1389 2920 pietii
1413 2866 1537 2904 multis
1563 2866 1745 2907 xidentm.
1775 2869 1854 2906 Non
1880 2878 1931 2907 est
1955 2864 1992 2906 in
2018 2869 2146 2922 pelago

1186 2929 1380 2982 Sciipturae
1409 2929 1563 2982 piocella
1584 2929 1776 2981 fluctuum,
1801 2930 1863 2969 sed
1881 2932 2011 2983 quovis
2039 2942 2146 2985 portu

80 2989 140 3024 τοῦ
171 2983 331 3035 σώματος
364 2983 548 3037 ἐπιτρέψαι
584 2985 783 3037 σωτηρίαν·
805 2988 895 3026 ἀλλὰ
925 2988 1014 3026 πολυ
1048 2990 1111 3040 μὲν
1139 2998 1162 3029 Ε
1186 2990 1414 3059 tianquillius
1433 3002 1484 3028 est
1504 2990 1570 3028 hoc
1584 2991 1758 3044 pelagus:
1780 3006 1920 3031 necesse
1941 3007 2010 3032 non
2039 2995 2143 3033 estin

81 3049 227 3084 ἐνταῦθα
247 3046 286 3084 τὸ
302 3047 390 3098 φῶς,
407 3046 467 3084 καὶ
488 3046 600 3083 αὐτῶν
617 3061 684 3082 των
705 3047 852 3086 ἀκτίνων
872 3050 1111 3104 φαιδρότερον,

1187 3055 1356 3093 obscu1os
1386 3052 1485 3092 sinus
1502 3051 1623 3104 abyssi
1653 3066 1689 3091 se
1718 3052 1917 3105 demittere,
1948 3069 2060 3108 neque
2091 3071 2145 3094 ra-

123 3153 686 3215 ·Joannisctnrysosiominomilia
699 3171 739 3206 de
753 3172 860 3207 Adam
872 3176 1092 3214 etEva'loin.
1128 3177 1215 3211 libro
1232 3180 1263 3213 5.
1283 3179 1313 3211 8
1328 3177 1500 3221 Augustini
1517 3183 1636 3210 conti-‘1
1652 3176 1776 3212 Julian.
1796 3190 1825 3211 c.
1843 3179 1874 3212 3.
1892 3179 1959 3221 [sic
1973 3181 2089 3213 Montl.
2111 3190 2141 3214 ct

81 3222 111 3252 2.
129 3219 220 3254 Edit.
236 3221 337 3256 Basil.
355 3224 466 3266 capita
492 3225 544 3257 Η.
565 3225 617 3257 ¹2.
649 3232 682 3256 et
708 3226 759 3257 ¹3.
787 3226 934 3268 epistolae
950 3229 1004 3264 21.
1022 3232 1094 3264 Cae-
1128 3233 1263 3274 Uener]

80 3273 187 3306 lestini
209 3272 250 3306 ad
268 3274 381 3308 Gallos
395 3275 458 3308 hoc
471 3284 520 3309 est
532 3277 667 3310 indiculi
683 3291 730 3320 pr.
724 3279 851 3313 mdictae
867 3283 1013 3324 epistolae
1029 3285 1089 3319 ad-

18 3326 22 3329 '
74 3326 182 3365 juncti
211 3326 416 3369 temporibus
435 3329 534 3373 Xysti
561 3330 631 3362 111.
659 3333 716 3374 qui
739 3332 914 3367 Caelestino
946 3338 1096 3379 proxime

79 3380 244 3418 successit.
261 3379 377 3414 Eidem
397 3382 426 3413 5.
447 3381 589 3416 homiliae
605 3381 794 3417 inseruntur
809 3394 841 3419 et
858 3388 912 3420 40.
934 3400 1042 3423 versus
1057 3403 1095 3424 ox

1169 3294 1183 3309 ὓ
1199 3286 1278 3326 ch.
1298 3290 1422 3321 ἀνόητον
1439 3287 1584 3326 λαμέάνει
1599 3291 1661 3320 τόν.
1681 3283 1772 3318 Infra
1787 3283 1874 3318 idem
1893 3293 1938 3319 νῦν
1953 3289 2139 3328 ›ungium-v.

1176 3338 1191 3360 ¹¹
1218 3338 1297 3380 Reg.
1319 3343 1352 3372 τὸ
1365 3339 1557 3379 ποθούμενον.
