2516 3791
169 1308 301 1336 Facienti

112 1350 189 1385 quud
221 1352 249 1377 in
272 1360 301 1378 sc

114 1398 151 1416 mi
171 1391 300 1419 Deusau-

115 1434 217 1459 xilium
245 1445 300 1461 uon

114 1482 192 1509 livi-ill
202 1496 207 1502 .

124 2712 202 2739 I’rou
224 2719 250 2740 1.
276 2722 305 2750 ς).

305 141 396 200 490
731 155 768 184 s.

306 250 378 274 rem
402 236 527 274 habuit
547 250 679 274 curam.
693 236 830 285 Etiam,
848 235 885 272 id
903 243 936 272 et
957 247 1022 284 ego
1047 234 1179 270 fateor:
1195 245 1256 270 ve·
1280 236 1307 266 D

308 295 456 333 rumnisi
476 295 615 348 primus
638 295 760 346 etipse
773 293 870 344 quod
890 306 994 330 suum
1014 300 1087 328 erat
1101 290 1256 338 fecisset,

308 370 376 393 non
398 365 493 393 tanta
516 371 534 392 a
556 355 707 393 Domino
722 353 941 391 obtinuisset.
967 350 1164 402 Eapropter
1191 363 1258 387 non

308 417 376 454 hoc
396 417 510 454 solum
530 416 682 467 respice,
704 413 764 451 scd
784 413 820 449 in
836 425 1047 462 unoquoque
1073 411 1261 463 diligenter

309 477 462 526 attende,
485 474 662 527 quomodo
679 473 835 525 primum
862 472 898 509 in
929 471 1094 510 omnibus
1118 472 1262 510 virtutis

312 552 349 575 su
355 553 382 575 ze
394 537 676 589 experimentum
687 533 906 583 exhibuerit,
918 542 1023 584 atque
1033 533 1083 571 sie
1096 532 1263 572 divinum

312 597 478 635 meruerit
496 595 713 648 praesidium.
738 595 822 632 Haec
840 608 931 646 saepe
944 594 1046 633 vobis
1064 593 1262 634 declaravi-

312 672 404 702 mus,
427 657 530 694 illum
549 670 692 708 nempe,
712 655 853 706 quando
873 670 893 693 a
911 655 1025 707 patria
1049 669 1112 694 sua
1130 655 1265 707 migra-

312 720 392 768 bat,
410 732 477 756 non
494 733 512 756 a
531 716 817 770 progenitoribus
836 731 954 754 semen
972 716 1057 754 fidei
1077 717 1262 769 accepisse,

313 778 374 817 sed
388 794 407 816 a
423 779 468 817 sei
473 792 536 830 pso
548 777 654 816 valde
665 777 866 828 religiosam
878 787 982 829 atque
999 777 1096 830 piam
1110 786 1264 815 mentem

312 839 515 877 exhibuisse
523 854 532 887 ;
545 847 577 875 et
587 838 767 875 hominem
779 837 895 887 illum,
908 852 990 876 cum
1004 851 1116 890 nuper
1127 852 1146 875 a
1159 837 1265 875 Chal-

311 900 384 937 daea
407 899 596 936 translatus
621 907 729 947 essct,
749 898 877 937 iterum
893 899 1011 937 subito
1027 899 1167 951 jussum
1193 898 1264 936 alio
1287 909 1312 939 Ε

313 975 472 1012 pergere,
495 969 528 998 ct
552 960 703 998 alienam
722 969 852 998 terram
878 975 950 998 suae
986 961 1162 1012 [u·aefe1·re,
1195 973 1266 997 non

312 1022 499 1060 fluctuasse
512 1021 647 1071 animo,
670 1035 739 1058 non
755 1020 946 1071 distulisse,
972 1020 1033 1059 sed
1053 1020 1172 1058 statim
1191 1020 1264 1057 im-

312 1092 431 1134 perata
451 1083 572 1120 fecisse
583 1113 592 1131 ,
612 1082 719 1134 idque
734 1096 816 1120 eum
830 1082 977 1121 nesciret
990 1081 1136 1119 ubinam
1147 1094 1266 1119 erran-

313 1143 349 1181 ‹li
371 1145 512 1182 futurus
528 1154 614 1182 esset
634 1144 728 1192 finis,
744 1153 776 1181 et
796 1143 987 1192 festinasse,
1000 1152 1033 1181 et
1048 1157 1265 1195 properasse,

316 1215 353 1243 ut
372 1207 431 1256 qui
455 1206 491 1243 in
510 1206 554 1243 iis
569 1220 646 1256 quae
663 1206 766 1258 plane
782 1205 914 1243 incerta
942 1213 1040 1243 erant
1051 1234 1062 1254 ,
1081 1213 1266 1255 tamquam

316 1276 408 1305 certa
429 1276 561 1315 essent,
577 1266 784 1304 mandatum
803 1267 871 1304 Dei
891 1266 1057 1304 omnibus
1081 1266 1267 1318 praeferen-

315 1327 403 1365 dum
422 1328 575 1366 duceret.
600 1327 735 1367 Yidisti
755 1326 932 1378 quomodo
954 1327 1000 1364 ab
1026 1326 1129 1364 initio
1150 1340 1227 1377 quae
1248 1340 1267 1364 a

317 1390 503 1442 semetipso
518 1398 614 1427 erant
629 1389 799 1436 attulerit,
809 1398 842 1426 et
853 1397 1036 1441 propterea
1048 1387 1171 1426 divina
1183 1401 1270 1438 quo-

317 1450 402 1488 tidie
420 1449 572 1487 ubertim
590 1449 806 1501 susceperit?
824 1448 959 1487 Eodem
982 1447 1107 1496 modo,
1127 1447 1268 1498 dilecti,

317 1511 423 1549 etiam
449 1525 532 1559 nos,
554 1510 582 1548 si
612 1510 832 1547 voluerimus
854 1523 1005 1561 superna
1034 1508 1106 1546 {rui
1138 1508 1270 1559 gratia,

316 1572 495 1610 imitemur
519 1570 777 1622 patriarcham,
806 1579 840 1607 et
873 1583 916 1606 ne
947 1577 1154 1606 cunctemur
1175 1568 1274 1606 obire

316 1634 498 1681 virtutem,
521 1631 584 1669 sed
598 1644 883 1681 unamquamque
903 1630 949 1667 ita
967 1643 1212 1679 exerceamus,
1234 1638 1273 1667 ut

315 1695 460 1733 oculum
479 1693 603 1741 illum,
617 1692 677 1743 qui
694 1691 801 1743 sopiri
819 1691 949 1740 nescit,
968 1689 1195 1728 conciliemus
1212 1704 1273 1728 no-

318 1756 372 1793 bis
396 1754 442 1792 ad
472 1751 669 1792 mercedem
690 1750 929 1790 tribuendam.
948 1750 1093 1788 Etenim
1119 1750 1184 1802 qui
1208 1751 1273 1789 scit

317 1831 443 1855 areana
466 1815 593 1855 mentis
613 1823 758 1863 nostrae,
779 1828 861 1852 eum
881 1812 1010 1851 viderit
1037 1826 1157 1850 sanam
1178 1826 1274 1850 men-

320 1888 387 1916 tem
408 1887 579 1924 nostram,
599 1884 631 1913 et
651 1888 716 1913 nos
742 1874 861 1912 conari
889 1882 922 1912 et
945 1873 1030 1912 eniti
1060 1872 1107 1911 ad
1131 1872 1276 1912 virtutis

320 1940 524 1986 certamina,
542 1937 662 1975 statim
680 1945 770 1974 nutu
786 1945 819 1974 et
838 1935 998 1973 subsidio
1013 1949 1076 1973 suo
1094 1949 1158 1973 nos
1173 1934 1276 1988 adju-

320 2010 392 2049 vat,
412 1999 519 2038 simul
543 2008 576 2036 et
602 1997 741 2035 labores
759 2005 897 2035 nostros
911 1995 1141 2045 imminuens,
1163 2005 1197 2034 et
1217 1996 1276 2034 in-

321 2060 464 2098 firmam
493 2068 656 2096 naturam
683 2066 838 2095 nostram
865 2058 1053 2107 roborans,
1080 2057 1275 2108 uberesque

325 2121 572 2158 retributiones
600 2118 843 2171 suppeditans.
879 2118 970 2156 Sane
997 2118 1032 2155 in
1073 2118 1275 2170 Olympicis

324 2181 578 2219 certaminibus
592 2181 797 2230 neutiquam
812 2179 891 2229 quis
904 2179 974 2216 tale
997 2178 1085 2230 quid
1102 2179 1273 2217 inveniet:
1298 2203 1321 2233 Β

324 2244 383 2282 sed
403 2252 470 2281 stat
490 2241 683 2295 paedotriba
697 2271 706 2289 ,
726 2241 837 2290 fitque
857 2249 1030 2292 spectator
1046 2249 1184 2278 tantum
1200 2254 1274 2278 cer-

325 2304 493 2353 tantium,
515 2318 630 2354 neque
651 2302 686 2339 in
709 2301 781 2339 ulla
804 2315 839 2338 re
867 2310 979 2353 potest
1008 2300 1190 2354 adjuvare,
1213 2301 1274 2340 sed

321 2374 499 2417 exspectat
527 2364 637 2402 donee
670 2362 815 2401 victoria
855 2362 1052 2400 declaretur
1068 2377 1076 2398 ε
1097 2363 1274 2401 Dominus

322 2435 441 2463 autem
457 2434 572 2463 noster
592 2438 661 2462 non
681 2424 744 2472 ita,
769 2423 830 2461 sed
849 2423 957 2461 simul
981 2423 1168 2461 nobiscum
1198 2439 1274 2462 cer—

325 2496 385 2535 tat,
401 2496 434 2525 et
447 2500 592 2525 manum
610 2484 772 2538 porrigit,
790 2493 822 2522 et
848 2484 955 2522 simul
979 2484 1219 2536 congreditur,
1242 2494 1276 2523 et

321 2548 423 2599 quasi
448 2547 604 2598 undique
622 2547 769 2585 enititur
787 2555 826 2584 ut
845 2545 1091 2585 adversarium
1112 2556 1274 2586 nostrum

326 2609 425 2647 uobis
444 2609 571 2656 tradat,
592 2608 753 2658 nihilque
781 2621 850 2645 non
878 2606 964 2658 agit,
990 2615 1152 2658 satagens
1177 2617 1217 2645 ut
1238 2608 1274 2646 in

324 2671 512 2709 certamine
526 2670 798 2722 praevaleamus,
815 2677 848 2705 et
860 2667 1059 2716 vincamus,
1078 2682 1149 2719 quo
1166 2668 1274 2721 capiti

325 2742 440 2769 nostro
469 2729 799 2769 immarcescibilem
819 2729 977 2781 imponat
1002 2742 1178 2767 coronam.
1205 2731 1272 2768 Co-

323 2807 455 2831 ronam
472 2793 578 2838 enim,
598 2791 727 2842 inquit,
742 2794 958 2839 gratiarum
974 2792 1137 2841 accipies
1157 2793 1198 2828 in
1212 2805 1275 2830 ca-

319 2859 398 2905 pite
422 2864 500 2892 ιιιο.
523 2856 601 2893 Jam
623 2853 657 2890 in
686 2852 759 2890 illis
788 2851 992 2904 olympicis
1021 2852 1274 2891 certaminibus

323 2931 448 2955 corona
468 2925 547 2968 post
570 2914 757 2953 victoriam
777 2913 866 2951 nihil
888 2912 987 2952 aliud
1006 2922 1070 2962 est,
1089 2927 1197 2964 quam
1221 2914 1272 2951 fo·
1296 2925 1321 2957 c

320 2979 366 3016 lia
389 2978 495 3026 lauri,
519 2991 625 3027 quain
644 2975 837 3027 applausus
866 2983 899 3012 et
918 2973 1125 3012 acclamatio
1149 2975 1271 3027 vulgi,

321 3054 398 3090 quae
415 3038 530 3076 omnia
551 3046 732 3089 appetente
749 3049 894 3088 vespera
909 3044 1129 3074 marcescunt
1148 3044 1179 3073 et
1193 3050 1272 3088 per-

320 3113 403 3142 eunt
421 3120 428 3140 :
451 3112 482 3140 at
505 3116 631 3140 corona
654 3115 731 3152 (pue
749 3115 811 3153 pro
832 3101 963 3139 virtute
979 3110 1008 3138 et
1026 3101 1102 3153 ejus
1124 3100 1268 3139 sudori—

320 3165 521 3209 busdatur,
543 3163 631 3200 nihil
664 3163 769 3200 habet
801 3162 977 3210 sensibile,
1005 3176 1116 3213 neque
1146 3162 1182 3200 iu
1203 3162 1270 3201 hoc

317 3227 445 3265 sweulo
466 3225 649 3263 nobiseum
664 3223 886 3269 dissolvitur,
908 3222 968 3261 sed
988 3231 1154 3275 perpetua
1173 3232 1224 3262 est
1236 3233 1269 3262 et

319 3286 540 3332 uiuum-talis,
570 3283 760 3321 extendeus
784 3297 819 3319 se
849 3283 883 3321 in
907 3283 1024 3322 omnia
1051 3284 1190 3322 saecula.
1221 3285 1267 3323 Εἰ

314 3350 400 3387 aboi·
418 3346 563 3399 quidem
581 3354 629 3383 est
649 3344 750 3396 parvi
773 3344 961 3395 temporis;
990 3359 1122 3384 merces
1146 3354 1265 3385 autem

808 153 993 184 JOANNIS
1029 151 1268 182 CHRYSOST·
1311 129 1534 180 ΑῐζίὶΗΙΕῙι).Δ
1557 149 1918 180 CONSTANTINOP.

1332 231 1466 275 δείξατο
1485 231 1548 277 τὴν
1578 231 1659 282 περὶ
1690 231 1792 269 αὐτὸν
1822 231 1984 283 πρόνοιαν
2000 234 2018 269 ὁ
2039 234 2107 269 τῶν
2134 232 2222 270 δ’λων
2248 230 2353 277 Θεός.

1332 289 1422 335 Ναὶ,
1440 292 1616 341 ὁμολογῶ·
1638 293 1717 329 οἰλλι
1740 294 1771 329 εἷ
1791 291 1840 342 μὴ
1860 291 2026 343 πρότερος
2049 291 2094 329 τὰ
2121 295 2204 343 παρ’
2233 296 2355 332 ἑαυτοῦ

1333 351 1392 389 καὶ
1411 351 1513 394 αὐτὸς
1527 351 1743 400 ἐπεδείξατο,
1758 354 1820 390 οὐκ
1840 354 1880 390 ἂν
1900 354 1968 389 τῶν
1989 352 2084 404 παρὰ
2099 357 2158 390 τοῦ
2179 354 2358 392 Δεσπότου

1334 412 1532 458 ἀπήλαυσε.
1556 412 1618 459 Μὴ
1645 413 1757 451 τοίνυν
1790 417 1892 452 τοῦτο
1922 412 2024 463 μόνον
2056 413 2141 466 ὅρα,
2171 414 2262 452 ἀλλὰ
2282 417 2359 453 καθ’

1333 473 1478 512 ἕκαστον
1507 473 1672 518 ἐξετάζων
1700 474 1969 525 καταμάνθανε,
1995 478 2070 518 πῶς
2098 475 2265 528 πρότερον
2297 478 2362 522 τῆς

1333 534 1462 578 οἰκείας
1493 536 1619 588 ἀρετῆς
1647 536 1682 572 ἐν
1713 541 1802 572 πᾶσι
1829 534 1892 581 τὴν
1924 535 2071 586 βάσανον
2104 536 2361 587 παρεσχηκὼς,

1335 595 1442 638 οὕτως
1459 595 1597 641 ἠξιοῦτο
1625 598 1689 643 τῆς
1714 595 1811 647 παρὰ
1838 599 1897 632 τοῦ
1931 597 2024 634 Θεοῦ
2051 595 2269 648 συμμαχίας.
2291 597 2362 636 Καὶ

1335 659 1445 693 ταῦτα
1466 655 1637 700 πολλάκις
1656 657 1737 707 ὑμῖν
1765 655 1941 706 ἐδείξαμεν
1954 687 1964 703 ,
1993 656 2097 703 ἡνίκα
2116 656 2160 694 τὰ
2189 657 2280 695 κατὰ
2298 658 2362 705 τὴν

1339 717 1552 768 μετάστασιν
1575 720 1678 756 αὐτοῦ
1693 718 1756 765 τὴν
1773 719 1812 756 ἐκ
1837 721 1900 769 γ’ἧς
1919 715 1982 764 τ’ἥς
2009 719 2174 771 πατρῴας
2193 721 2362 767 ἐποιεῖτο,

1339 778 1431 822 ὅπως
1449 779 1526 818 οὐδὲ
1547 780 1615 818 ἀπὸ
1640 779 1817 831 προγόνων
1849 779 2037 831 σπέρματα
2065 779 2240 823 εὐσεὸείας
2261 779 2363 825 δεξά-

1343 855 1460 890 μενος,
1487 841 1617 878 οἴκοθεν
1650 841 1710 878 καὶ
1741 843 1825 893 παρ’
1863 843 1985 878 ἑαυτοῦ
2017 840 2104 879 πολὺ
2136 841 2175 879 τὸ
2207 841 2364 893 φιλόθεον

1341 901 1581 950 ἐπεδείκνυτο,
1601 901 1660 940 καὶ
1679 902 1857 953 ἅνθρωπος
1879 903 1958 954 ἄρτι
1976 905 2038 949 τῆς
2056 902 2235 946 Χαλδαίας
2254 919 2363 953 μετα-

1341 961 1487 1009 ναστὰς,
1505 961 1626 1014 ἀθρόον
1643 964 1866 1012 κελευόμενος
1879 963 1942 1008 τὴν
1959 963 2144 1014 ἀλλοτρίαν
2159 967 2220 1010 τῆς
2236 964 2365 1006 οἰκείας

1342 1022 1622 1067 ἀνταλλάξασθαι
1636 1052 1645 1070 ,
1669 1024 1732 1060 οὒκ
1748 1023 1953 1071 ἐνεδοίασεν,
1968 1027 2030 1062 οὒκ
2046 1024 2273 1071 ἀνεῧάλλετο,
2286 1026 2362 1062 ἀλλ’

1341 1083 1465 1127 εὐθέως
1493 1083 1646 1136 ἐπλήρου
1672 1084 1711 1121 τὸ
1737 1085 1943 1136 ἐπιταχθὲν,
1962 1083 2020 1122 καὶ
2039 1088 2149 1122 ταῦτα
2178 1087 2240 1122 οὐκ
2269 1085 2367 1128 εἰδὼς

1342 1143 1427 1182 ὅπου
1448 1143 1616 1192 στήσεται
1634 1147 1728 1197 αὐτῷ
1749 1144 1794 1183 τὰ
1812 1148 1874 1192 τῆς
1892 1146 2045 1192 πλάνης,
2066 1145 2125 1184 καὶ
2144 1146 2290 1184 ἔσπευδε
2308 1147 2367 1184 καὶ

1342 1206 1525 1257 ἠπείγετο,
1546 1209 1592 1249 ὡς
1623 1206 1681 1245 ἐπὶ
1705 1207 2008 1258 ὡμολογημένοις,
2036 1213 2107 1250 τοῖς
2135 1207 2300 1254 ἀδήλοις,
2327 1207 2368 1245 τὸ

1343 1271 1403 1306 τοῦ
1423 1269 1516 1307 Θεοῦ
1535 1267 1746 1320 πρόσταγμα
1776 1268 1914 1306 πάντων
1941 1269 2192 1321 προτιμότερον
2211 1270 2367 1321 ἡγούμε-

1345 1344 1411 1372 νος.
1431 1322 1531 1372 Εἶδες
1550 1330 1624 1372 πῶς
1643 1328 1677 1373 ἐξ
1709 1331 1820 1380 ἀρχῆς
1847 1328 1906 1367 καὶ
1935 1331 1975 1367 ἐκ
2003 1329 2194 1382 προοιμίων
2222 1330 2267 1368 τὰ
2284 1333 2368 1383 παρ’

1346 1389 1467 1425 ἑαυτοῦ
1485 1386 1656 1439 εἰσέφερε,
1677 1387 1736 1425 καὶ
1751 1387 1807 1424 διὰ
1823 1391 1925 1425 τοῦτο
1944 1388 2002 1426 καὶ
2022 1387 2066 1426 τὰ
2090 1389 2186 1441 παρὰ
2201 1394 2260 1428 τοῦ
2276 1391 2369 1428 Θεοῦ

1346 1450 1423 1486 καθ’
1439 1449 1590 1494 ἑκάστην
1606 1450 1800 1501 ἐκαρποῦτο
1827 1450 1915 1499 μετὰ
1935 1452 2066 1496 πολλῆς
2083 1453 2145 1496 τῆς
2173 1451 2369 1503 δαψιλείας,

1283 1492 1330 1518 [02st
1348 1512 1358 1524 r
1371 1510 1391 1522 ἢ
1463 1511 1473 1524 a
1504 1510 1511 1522 ἱ
1558 1509 1590 1526 ‘xx
1669 1509 1677 1522 l
1806 1510 1813 1523 ἲ
1909 1517 1922 1523 -ν
1982 1513 1992 1525 5
2135 1511 2143 1525 w
2345 1513 2353 1525 ι

1296 1529 1320 1559 Α
1355 1512 1419 1548 lov
1437 1526 1538 1548 αυτον
1555 1526 1596 1557 οη
1616 1525 1743 1562 τροπον
1760 1526 1818 1549 και
1837 1513 1956 1561 ἧμεις,
1974 1527 2167 1562 αγαπητοι,
2183 1514 2213 1550 εἰ
2235 1514 2371 1563 βουλοι-

1349 1574 1438 1622 μεθα
1462 1574 1524 1617 τῆς
1543 1571 1671 1608 ἄνωθεν
1700 1570 1888 1609 ἀπολαύειν
1915 1572 2064 1616 εὐνοίας,
2086 1572 2297 1623 ζηλιίωωμεν
2312 1573 2370 1610 τὸν

1347 1630 1593 1682 πατριάρχην,
1620 1629 1679 1668 καὶ
1701 1629 1748 1680 μὴ
1778 1630 2006 1681 ἀναδυώμεθα
2034 1631 2120 1683 πρὸς
2138 1631 2202 1677 τὴν
2222 1632 2372 1684 ἀρετὴν,

1350 1691 1428 1729 ἀλλ’
1447 1691 1599 1736 ἑκάστην
1625 1690 1877 1737 ἀπολαὸόντες,
1901 1691 1990 1729 οὕτω
2011 1692 2140 1739 ταύτην
2163 1692 2251 1743 μετὰ
2268 1708 2374 1731 σπου-

1351 1753 1411 1798 δῆς
1431 1751 1701 1804 μετερχώμεθα,
1722 1754 1768 1795 ὡς
1787 1752 1845 1790 τὸν
1865 1752 2056 1803 ἀκοίμητον
2083 1755 2212 1792 ἐκεῖνον
2240 1756 2374 1807 ὀφθαλ-

1352 1813 1416 1864 μὸν
1441 1813 1703 1852 ἐπισπάσασθαι
1729 1813 1814 1864 πρὸς
1832 1813 1896 1860 τὴν
1923 1816 1984 1860 τῆς
2013 1814 2162 1865 ἀμοιὸἧς
2189 1815 2374 1854 ἀντίδοσιν.

1350 1875 1395 1914 ‘O
1410 1874 1477 1926 γὰρ
1496 1874 1540 1912 τὰ
1560 1873 1742 1926 ἀπόρρητα
1763 1876 1824 1919 τῆς
1840 1873 1990 1918 διανοίας
2012 1877 2111 1926 ἡμῶν
2128 1877 2374 1928 ἐπιστάμενος,

1350 1935 1490 1973 ἐπειδὰν
1513 1935 1569 1987 ἴδῃ
1598 1938 1678 1986 ὑγιῆ
1697 1935 1838 1987 γνιί)μην
1865 1937 2184 1987 ἐπιδεικνυμένους,
2212 1938 2271 1976 καὶ
2290 1939 2376 1990 πρὸς

1350 1995 1429 2039 τοὺς
1455 2000 1517 2043 τῆς
1552 1999 1679 2048 ἀρετῆς
1708 1999 1844 2048 ἀγῶνας
1877 1996 2087 2036 ἀποδύεσθαι
2106 1998 2375 2045 ἐσπουδακότας,

1350 2060 1573 2110 παραχρῆμα
1589 2057 1647 2095 καὶ
1664 2057 1727 2104 τὴν
1746 2057 1831 2110 παρ’
1851 2060 1972 2096 ἑαυτοῦ
1990 2058 2137 2111 παρέχει
2153 2059 2275 2111 ῥοπὴν,
2290 2063 2376 2110 ὁμοῦ

1351 2117 1411 2155 καὶ
1441 2118 1520 2160 τοὺς
1543 2118 1667 2161 πόνους
1698 2122 1781 2169 ἡμῖν
1811 2119 2063 2170 ἐπικουφίζων,
2083 2120 2142 2157 καὶ
2169 2120 2208 2158 τὸ
2238 2120 2377 2164 ἀσθενὲς

1350 2182 1412 2225 τῆς
1436 2178 1609 2230 ἡμετέρας
1634 2178 1767 2230 φύσεως
1795 2179 2026 2231 ἐπιῤῥιυννὺς,
2047 2180 2105 2217 καὶ
2135 2181 2289 2232 δαψιλεῖς
2314 2181 2377 2224 τὰς

1351 2238 1499 2289 ἀμοιὸὰς
1526 2242 1703 2291 χορηγῶν.
1738 2239 1808 2278 Καὶ
1837 2240 1895 2278 ἐπὶ
1925 2240 1987 2291 μὲν
2016 2243 2084 2278 τῶν
2119 2241 2375 2292 Ὀλυμπιακῶν

1350 2298 1492 2350 ἀγώνων
1515 2302 1577 2337 οὐκ
1608 2300 1647 2337 ἅν
1674 2315 1758 2338 ποτε
1789 2300 1899 2352 εὕροις
1929 2316 1964 2338 τι
1993 2305 2145 2339 τοιοῦτον
2173 2302 2373 2353 γινόμενον·

1349 2361 1426 2398 ἀλλ’
1449 2360 1594 2406 ἕστηκεν
1612 2363 1629 2398 6
1648 2360 1895 2412 παιδοτρίὸης,
1916 2361 2039 2408 θεατὴς
2067 2362 2168 2412 μόνον
2197 2362 2374 2414 γινόμενος

1348 2423 1416 2458 τῶν
1444 2420 1725 2472 ἀγωνιζομένων,
1745 2422 1804 2460 καὶ
1836 2422 1932 2461 οὐδὲν
1958 2422 2074 2476 ἕτερον
2103 2431 2373 2476 συνεισενεγκεῖν

1349 2482 1547 2533 δυνάμενος,
1561 2483 1636 2520 ἀλλ’
1653 2483 1833 2533 ἀναμένων
1845 2485 1907 2530 τὴν
1922 2483 2020 2532 νίκην
2034 2484 2191 2536 γενέσθαι
2205 2500 2212 2508 ·
2229 2489 2246 2523 ὁ
2261 2486 2296 2524 δὲ
2310 2488 2375 2524 Δε-

1350 2544 1480 2590 σπότης
1499 2548 1517 2583 6
1532 2544 1699 2596 ἡμέτερος
1719 2546 1784 2597 οὐχ
1803 2544 1911 2589 οὕτως
1922 2576 1932 2594 ,
1954 2547 2044 2585 ἀλλὰ
2069 2548 2128 2585 καὶ
2146 2548 2372 2599 συναγωνίζε-

1350 2622 1419 2652 ται,
1433 2606 1491 2644 καὶ
1506 2622 1531 2658 χ
1533 2612 1607 2658 εἶρα
1622 2605 1747 2658 ὀρέγει,
1762 2606 1821 2644 καὶ
1835 2607 2102 2659 συνεφάπτεται,
2117 2608 2175 2646 καὶ
2190 2609 2372 2661 μονονουχὶ

1349 2667 1564 2720 πανταχόθεν
1582 2668 1639 2706 τὸν
1661 2667 1848 2706 ἀντίπαλον
1863 2669 2142 2719 ὑποτεταγμένον
2157 2672 2241 2720 ἡμῖν
2261 2685 2374 2722 παρα-

1351 2729 1493 2775 δίδωσι,
1523 2728 1582 2766 καὶ
1611 2729 1724 2767 πάντα
1756 2735 1845 2766 ποιεῖ
1871 2730 1929 2768 καὶ
1958 2731 2262 2782 πραγματεύεται,
2282 2732 2372 2770 ὥστε

1351 2791 1537 2837 δυνηθῆναι
1555 2794 1648 2840 ἡμᾶς
1666 2791 1990 2841 καταγωνίσασθαι,
2011 2792 2069 2829 καὶ
2089 2793 2151 2840 τὴν
2169 2792 2268 2839 νίκην
2288 2794 2374 2846 ἄρα·-

1350 2854 1449 2899 σθαι,
1467 2851 1522 2889 ἵνα
1538 2851 1596 2889 τὸν
1612 2851 1844 2904 ἀμαράντινον
1860 2852 2025 2905 στέφανον
2043 2855 2143 2905 ἐπιθῇ
2160 2857 2202 2906 τῇ
2218 2854 2375 2908 ἡμετέρᾳ

1350 2914 1500 2964 κεφαλῇ.
1526 2912 1702 2964 Στέφανον
1721 2913 1807 2964 γὰρ,
1829 2914 1949 2965 φησὶν,
1969 2916 2122 2967 χαρίτων
2150 2916 2228 2967 δέξῃ
2249 2919 2293 2967 σῇ
2312 2931 2374 2953 κο-

1352 2977 1452 3025 ρυφῇ.
1474 2973 1543 3011 Καὶ
1562 2975 1596 3011 ἐν
1614 2974 1676 3025 μὲν
1693 2980 1764 3017 τοῖς
1780 2975 2038 3025 Ὀλυμπιακοῖς
2058 2976 2189 3020 τούτοις
2209 2978 2339 3028 ἀγῶσιν
2357 2981 2374 3016 6

1349 3034 1512 3086 στέφανος
1533 3035 1621 3086 μετὰ
1640 3035 1703 3082 τὴν
1724 3036 1824 3083 νίκην
1844 3037 1940 3074 οὐδὲν
1960 3037 2076 3088 ἕτερόν
2096 3037 2238 3085 ἐστιν,ἢ
2261 3037 2374 3091 φύλλα

1349 3095 1497 3148 δάφνης,
1518 3097 1575 3134 καὶ
1607 3097 1744 3148 κρότος,
1775 3098 1832 3134 καὶ
1854 3097 1917 3148 βοὴ
1949 3099 2045 3150 παρὰ
2066 3103 2125 3136 τοῦ
2146 3100 2256 3146 δήμου
2279 3115 2375 3151 γινο-

1350 3156 1456 3206 μένη,
1493 3158 1581 3210 ἅπερ
1613 3158 1770 3203 ἅπαντα,
1803 3160 1865 3204 τῆς
1907 3159 2055 3212 ἑσπέρας
2088 3163 2375 3212 καταλαὸούσης,

1347 3218 1594 3270 κατεμαράνθη
1616 3220 1674 3258 καὶ
1694 3219 1871 3257 ἀπώλετο·
1889 3224 1906 3258 6
1927 3221 1960 3258 δὲ
1981 3222 2068 3274 ὑπὲρ
2087 3226 2146 3269 τῆς
2175 3226 2300 3276 ἀρετῆς
2314 3227 2374 3264 καὶ

1346 3282 1414 3317 τῶν
1440 3278 1568 3326 ταύτης
1588 3280 1741 3332 ἱδρώτων
1773 3280 1938 3332 στέφανος
1967 3283 2064 3321 οὐδὲν
2086 3286 2248 3333 αἰσθητὸν
2276 3286 2373 3338 ἔχει,

1345 3341 1420 3380 οὐδὲ
1442 3343 1476 3379 ἐν
1499 3343 1547 3393 τῷ
1571 3343 1668 3379 αἰῶνι
1688 3341 1799 3394 τούτῳ
1820 3344 2155 3395 συγκαταλυόμενον,
2175 3346 2263 3385 ἀλλὰ
2296 3349 2372 3394 διη-
