2516 3791
572 256 614 286 IN
652 256 750 287 CAP.
783 256 919 286 xtA'ttt
931 275 940 285 .

49 339 180 380 Σκόπει
200 340 259 378 καὶ
274 340 331 378 διὰ
345 338 467 378 τούτου
489 340 595 378 πάλιν
612 343 673 385 τῆς
694 340 954 391 εὐγνωμοσύνης
975 339 1079 376 αὐτοῦ

50 401 111 449 τὴν
127 400 336 453 ὑπερὸολὴν.
351 402 404 439 Οὐ
427 400 520 453 λέγει
534 400 597 448 τὴν
614 400 743 439 οἰκείαν
764 400 904 453 ἀρετὴν,
925 399 1016 438 ἀλλὰ
1036 399 1080 437 τὰ

50 461 147 514 παρὰ
163 466 223 501 τοῦ
246 464 336 501 Θεοῦ
358 464 406 506 εἰς
430 462 534 500 αὐτὸν
558 461 776 513 γεγενημένα
801 463 996 514 διηγεῖται,
1020 459 1081 498 καί

51 538 154 574 φησιν
168 538 175 545 ·
197 522 241 561 Ὁ
262 522 396 575 τρέφων
415 538 457 574 με
475 524 515 561 ἐκ
530 522 690 570 νεότητός
706 540 771 574 μου
790 523 854 567 ἕως
869 526 931 570 τῆς
945 521 1080 573 ἡμέρας

50 584 193 631 ταύτης.
212 585 322 628 Αὐτὸς
341 585 409 637 γάρ
426 586 517 622 ἐστιν
535 587 552 622 6
567 584 602 629 ἐξ
620 587 731 637 ἀρχῆς
748 585 854 638 μέχρι
873 588 933 622 τοῦ
950 583 1078 636 παρόν-

50 661 106 690 τος
118 645 162 684 τὰ
175 649 252 684 κατ’
274 646 336 697 ἐμὲ
349 646 594 698 οἰκονομήσας.
611 646 717 685 Οὕτω
733 648 792 686 καὶ
807 647 929 700 πρῴην
942 646 1058 698 ἔλεγεν
1070 661 1077 669 ·

51 706 114 745 Ἐν
132 707 200 760 γὰρ
219 711 262 759 τῇ
285 707 402 760 ῥάίῗόῳ
425 723 492 759 μου
518 707 627 760 ταύτῃ
665 707 782 755 διέὸην
801 708 860 746 τὸν
888 707 1079 761 Ἰορδάνην,

51 768 110 806 καὶ
139 768 209 807 ἰδοὺ
224 773 282 807 νῦν
307 769 434 821 γέγονα
453 771 502 814 εἷς
522 769 582 808 δύο
597 769 836 822 παρεμὸολάς.
855 769 924 807 Καὶ
951 772 1010 806 νῦν
1042 769 1082 808 τὸ

53 830 138 868 αὐτὸ
156 829 262 868 πάλιν
282 830 410 881 ἑτέροις
431 830 564 882 ῥήμασί
589 845 694 882 φησιν
708 845 716 853 ·
736 829 782 868 ‘O
808 830 942 882 τρέφων
975 844 1017 879 με
1041 831 1081 867 ἐκ

52 890 212 938 νεότητός
235 907 300 942 μου
321 891 385 934 ἕως
411 894 474 938 τῆς
501 890 637 942 ἡμέρας
665 890 812 939 ταύτης,
844 893 862 928 6
893 890 1038 942 ἅγγελος
1064 894 1082 928 6

55 952 217 1004 ῥυόμενός
238 969 281 1003 με
304 954 343 990 ἐκ
358 952 499 990 πάντων
515 955 583 990 τῶν
604 954 735 990 κακῶν.
756 951 978 1004 Εὐχαρίστου
994 952 1081 1004 γνώ-

56 1030 123 1065 μης
138 1012 182 1051 τὰ
199 1013 357 1066 ῥήματα,
373 1012 532 1066 φιλοθέου
545 1015 661 1066 ψυχῆς
680 1014 740 1051 καὶ
759 1014 906 1066 ἐχούσης
922 1013 1084 1056 ἐναύλους

55 1074 116 1118 τὰς
137 1079 196 1113 τοῦ
211 1077 302 1114 Θεοῦ
322 1074 521 1127 εὐεργεσίας
540 1077 583 1126 τῇ
616 1075 752 1127 μνήμῃ.
773 1074 948 1124 Ἐκεῖνος,
965 1074 1083 1127 φησὶν,

55 1130 84 1189 ᾧ
110 1137 142 1174 οἱ
162 1135 310 1188 πατέρες
337 1151 402 1187 μου
431 1135 685 1188 εὐηρέστησαν,
705 1139 723 1175 6
747 1136 810 1187 ἐμὲ
839 1135 1026 1189 διαθρέψας
1043 1137 1083 1174 ἐκ

55 1197 217 1246 νεότητος
236 1197 301 1241 ἕως
321 1201 380 1236 τοῦ
405 1197 595 1250 παρόντος,
613 1201 631 1235 6
662 1198 696 1242 ἐξ
731 1199 841 1250 ἀρχῆς
867 1198 1006 1236 πάντων
1039 1214 1083 1249 με

57 1262 125 1297 τῶν
142 1260 260 1297 κακῶν
277 1258 488 1310 ῥυσάμενος,
508 1262 526 1297 6
541 1258 715 1306 τοσαύτην
739 1259 818 1311 περὶ
838 1258 901 1310 ἐμὲ
926 1260 1083 1310 κηδεμο-

57 1321 131 1359 νίαν
147 1320 424 1371 ἐπιδειξάμενος,
441 1321 543 1364 αὐτὸς
558 1320 755 1372 Εὐλογήσει
768 1320 812 1358 τὰ
826 1320 950 1359 παιδία
960 1325 1084 1360 ταῦτα·

58 1381 117 1420 καὶ
136 1381 411 1428 ἐπικληθήσεται
431 1383 465 1419 ἐν
498 1383 612 1425 αὐτοῖς
644 1381 683 1420 τὸ
716 1381 826 1432 ὄνομά
846 1397 936 1432 μου,
958 1383 1016 1420 καὶ
1046 1382 1086 1420 τὸ

57 1443 166 1494 ὄνομα
193 1444 262 1481 τῶν
293 1442 457 1495 πατέρων
486 1459 552 1493 μου
578 1441 739 1495 Ἀδραὰμ
757 1442 816 1480 καὶ
848 1442 994 1492 Ἰσαὰκ,
1027 1443 1086 1481 καὶ

57 1504 334 1551 πληθυνθείησαν
364 1506 411 1548 εἷς
443 1506 574 1551 πλῆθος
595 1503 684 1542 πολὺ
712 1504 770 1543 ἐπὶ
792 1507 856 1551 τῆς
889 1508 964 1556 γ’ῆς.
986 1499 1087 1549 Εἶδες

55 1568 142 1617 ὁμοῦ
169 1565 229 1604 καὶ
246 1565 380 1603 σύνεσιν
400 1565 459 1603 καὶ
486 1565 827 1618 ταπεινοφροσύνην;
845 1565 992 1604 Σύνεσιν
1010 1565 1086 1618 μὲν,

56 1627 110 1666 ὅτι
130 1632 201 1671 τοῖς
219 1629 282 1673 τ’ἥς
293 1625 443 1670 πίστεως
459 1628 651 1679 ὀφθαλμοῖς
672 1630 830 1680 προορῶν
850 1627 908 1666 τὸν
931 1626 1088 1680 Ἐφραῒμ

58 1687 227 1742 προέταξε
245 1692 305 1726 τοῦ
325 1689 504 1733 Μανασσῆ
518 1703 525 1711 ·
543 1688 862 1741 ταπεινοφροσύνην
885 1688 940 1737 δὲ,
953 1689 1007 1727 ὅτι
1031 1691 1087 1726 οὐ·

58 1750 171 1800 δαμοῧ
190 1752 253 1796 τῆς
288 1748 417 1792 οἰκείας
452 1751 580 1800 ἀρετῆς
611 1749 754 1800 μνήμην
783 1749 991 1796 ἐποιήσατο,
1013 1750 1090 1787 ἀλλ’

59 1811 128 1849 ἀπὸ
147 1814 209 1858 τῆς
227 1813 296 1848 τῶν
316 1809 478 1862 πατέρων
494 1810 768 1862 εὖαρίστήσεως,
786 1811 846 1849 καὶ
867 1811 937 1849 ἀπὸ
957 1813 1024 1848 τῶν
1045 1811 1092 1853 εἷς

59 1872 162 1911 αὐτὸν
193 1871 435 1924 γεγενημένων
465 1872 670 1924 εὐεργεσιῶν
702 1871 767 1919 τὴν
798 1871 905 1924 εὐχὴν
942 1872 1001 1910 καὶ
1030 1870 1092 1918 τὴν

59 1934 218 1986 εὐλογίαν
240 1935 357 1977 αὐτοῖς
375 1932 560 1980 ἐπηύξατο.
577 1934 668 1972 Ἀλλ’
694 1936 712 1972 6
743 1933 806 1985 μὲν
827 1933 959 1973 'laxe-‚6
992 1949 1093 1986 προο-

63 1999 129 2048 ρῶν
149 1994 192 2032 τὰ
211 1994 408 2046 μέλλοντα,
428 1994 537 2038 οὕτως
554 1997 602 2038 εἷς
617 1994 738 2040 αὐτοὺς
760 1995 919 2048 εὐλογίαν
939 1994 1091 2041 πεποίη-

61 2072 131 2095 ται.
151 2056 197 2095 ‘O
216 2055 252 2095 δὲ
269 2055 402 2108 Ἰωσὴφ
419 2057 508 2108 ὁρῶν
523 2056 581 2094 τὸν
601 2055 767 2109 νεώτερον
785 2056 1019 2109 προκριθέντα
1035 2059 1094 2094 τοῦ

61 2117 304 2170 πρωτοτόκου,
325 2116 384 2154 καὶ
401 2115 490 2168 βαρὺ
510 2117 595 2156 αὐτὸ
612 2118 856 2169 λογισάμενος,
874 2111 962 2166 εἷπε,
977 2117 1093 2170 φησὶν,

62 2173 160 2222 οὗτος
179 2180 197 2215 6
226 2177 446 2229 πρωτότοκος
463 2193 470 2199 ·
493 2178 609 2221 ἐπίθες
635 2178 699 2225 τὴν
720 2178 832 2223 δεξιάν
861 2195 921 2217 σου
943 2178 1000 2217 ἐπὶ
1030 2178 1094 2226 τὴν

62 2238 217 2292 κεφαλὴν
233 2241 350 2277 αὐτοῦ.
375 2238 444 2277 Καὶ
462 2240 524 2276 οὐκ
545 2239 729 2288 ἠθέλησεν,
755 2241 833 2278 ἀλλ’
856 2233 973 2278 εἶπεν·
995 2232 1071 2277 οἶδα
1086 2270 1095 2288 ,

63 2301 197 2349 τέκνον,
228 2294 319 2338 οἶδα.
356 2300 425 2339 Καὶ
460 2293 556 2344 οὗτος
585 2299 684 2338 ἔσται
717 2303 765 2346 εἷς
792 2301 888 2351 λαὸν,
917 2301 977 2340 καὶ
1000 2295 1096 2344 οἶτος

63 2362 311 2415 ὑψωθήσεται·
330 2363 407 2401 ἀλλ’
429 2365 447 2400 6
467 2362 613 2415 ἀδελφὸς
630 2364 736 2402 αὐτοῦ
753 2367 771 2402 6
787 2363 951 2416 νεώτερος
971 2363 1096 2415 μείζων

66 2426 170 2462 αὐτοῦ
189 2423 310 2471 ἔσται,
330 2423 390 2462 καὶ
414 2425 454 2463 τὸ
474 2422 616 2476 σπέρμα
644 2426 747 2463 αὐτοῦ
767 2424 866 2463 ἔσται
893 2427 942 2470 εἷς
965 2427 1097 2471 πλῆθος

66 2487 182 2524 ἐθνῶν.
203 2484 266 2532 Μὴ
285 2485 434 2536 νομίσῃς
467 2502 532 2536 με,
549 2485 666 2537 φησὶν,
687 2486 808 2530 ἅπλῶς
838 2485 1004 2539 συντυχία
1030 2486 1097 2525 τινὶ

68 2550 168 2586 τοῦτο
187 2546 440 2595 πεποιηκέναι,
471 2547 559 2597 μηδὲ
577 2548 620 2585 δι’
642 2547 799 2598 ἄγνοιαν.
822 2542 914 2586 Οἶδα
928 2547 1017 2600 γὰρ,
1039 2547 1099 2586 καὶ

70 2611 228 2662 προορῶν
256 2607 300 2645 τὰ
333 2607 477 2661 ὕστερον
506 2607 676 2658 ἐσόμενα,
705 2608 796 2647 οὕτω
833 2608 896 2656 τὴν
926 2611 974 2652 εἰς
997 2609 1099 2648 αὐτὸν

72 2669 228 2721 εὐλογίαν
256 2669 492 2720 ἐποιησάμην.
516 2671 561 2707 Εἰ
588 2669 656 2721 γὰρ
683 2669 743 2708 καὶ
774 2671 844 2708 ἀπὸ
875 2673 937 2718 τῆς
968 2670 1102 2725 φύσεως

72 2730 147 2782 ἔχει
165 2730 228 2777 τὴν
258 2729 444 2783 προεδρίαν
469 2733 487 2768 6
522 2732 736 2779 Μανασσῆς,
768 2733 844 2770 ἀλλ’
866 2730 911 2770 ‘O
941 2730 1104 2784 νεώτερος

75 2792 201 2841 μείζων
227 2793 333 2829 αὐτοῦ
350 2791 469 2839 ἔσται,
488 2791 547 2830 καὶ
566 2791 606 2830 τὸ
626 2792 767 2845 σπέρμα
791 2795 894 2831 αὐτοῦ
911 2796 958 2837 εἷς
973 2795 1105 2840 πλῆθος

75 2853 193 2889 ἐθνῶν.
212 2853 328 2890 Τοῧτο
342 2853 378 2891 δὲ
391 2852 469 2892 ὅλον
487 2853 636 2905 ἐγίνετο,
656 2854 777 2901 ἐπειδὴ
794 2857 948 2894 ἐντεῦθεν
962 2855 1106 2906 ἔμελλεν

75 2917 96 2959 ἡ
119 2912 280 2963 βασιλεία
301 2913 578 2952 ἀναδείκνυσθαι.
598 2915 666 2953 Διὰ
685 2919 785 2954 τοῦτο
804 2915 870 2962 ἤδη
891 2932 1104 2968 προαναφω-

75 2976 143 3011 νῶν
162 2972 206 3010 τὰ
223 2972 414 3023 μέλλοντα,
433 2975 524 3012 οὕτω
538 2974 602 3022 τὴν
623 2978 670 3019 εἷς
687 2977 789 3015 αὐτὸν
813 2977 973 3030 εὐλογίαν
991 2977 1107 3024 ἐποιή-

76 3050 174 3074 σατο.
199 3033 269 3072 Καὶ
296 3034 484 3086 εὐλόγησεν
507 3034 629 3079 αὐτοὺς
653 3037 782 3088 λέγων·
804 3039 839 3076 ἐν
859 3040 941 3089 ὑμῖν
959 3040 1105 3090 εὐλογη-

77 3095 221 3143 θήσεται
247 3094 412 3146 Ἰσραὴλ,
443 3094 621 3147 λέγοντες·
652 3097 799 3144 ποιήσαι
835 3115 875 3137 σε
906 3103 924 3138 6
943 3099 1032 3143 Θεὸς
1063 3102 1110 3143 ὡς

77 3155 236 3209 Ἐφραῒμ
248 3156 309 3193 καὶ
323 3158 512 3202 Μανασσῆ.
530 3156 600 3194 Καὶ
612 3156 714 3204 ἔθηκε
728 3158 785 3196 τὸν
805 3159 964 3212 Ἐφραῒμ
978 3160 1108 3214 ἔμπρο-

80 3221 157 3256 σθεν
177 3221 237 3255 τοῦ
256 3218 445 3263 Μανασσῆ.
465 3216 588 3260 Οὕτως
603 3217 763 3266 ἔσονται,
785 3219 891 3271 φησὶ,
911 3228 1111 3273 περιφανεῖς

81 3277 290 3331 ἀμφότεροι,
309 3280 356 3322 ὥς
376 3279 509 3322 πάντας
529 3279 637 3330 εὐχῆς
656 3278 753 3331 ἔργον
773 3285 948 3319 ποιεῖσθαι
973 3284 1020 3326 εἷς
1047 3282 1111 3328 τὴν

30 3340 33 3341 ’
81 3339 211 3377 τούτων
230 3340 340 3377 ἐλθεῖν
362 3339 588 3393 περιφάνειαν
600 3355 608 3363 ·
623 3339 718 3390 ὅμως
735 3341 752 3377 6
768 3339 928 3393 Ἔφραῒμ
946 3342 1112 3395 πρότερος

82 3399 179 3438 ἔσται
207 3404 267 3438 τοῦ
300 3401 492 3446 Μανασσῆ.
512 3399 621 3452 Ὁρᾷς
643 3402 717 3443 πῶς
746 3404 767 3447 ἡ
802 3406 861 3440 τοῦ
889 3405 981 3441 Θεοῦ
1010 3403 1112 3454 χάρις

84 3463 300 3514 προεμήνυεν
317 3464 430 3514 αὐτῷ,
451 3461 509 3500 καὶ
526 3465 732 3515 προφητικῷ
745 3462 943 3514 κινούμενος
954 3464 1112 3514 πνεύμα-

979 253 1096 284 ulmi

1102 255 1139 285 s.
1181 256 1345 286 uouit„
1386 255 1511 285 mvi.
2080 242 2102 283 ἰ

2047 243 2067 252 ..

2015 257 2070 301 7”

1153 346 1232 376 tute
1259 353 1356 377 inea.
1379 339 1510 390 Accipe
1543 347 1576 376 et
1607 351 1651 375 cx
1676 337 1743 375 hoc
1763 337 2002 387 gratissimum
2030 341 2106 390 ejus

1151 399 1324 438 animum.
1349 402 1426 439 Nou
1459 400 1547 438 dicit
1571 399 1754 452 propriam
1779 399 1969 447 virtutem,
1989 400 2050 437 sed
2068 415 2105 435 va

1151 475 1232 511 qua:
1251 461 1320 498 sibi
1340 476 1360 498 a
1383 463 1457 500 Deo
1480 463 1623 500 suerunt
1643 462 1746 499 saeta.
1768 461 1842 511 Qui
1855 464 1980 512 pascit
2001 476 2060 498 ine
2082 477 2107 499 a

1145 524 1357 574 juventute
1373 537 1459 560 mea
1473 525 1645 575 usquein
1658 523 1759 560 diem
1773 523 1887 559 lianc.
1904 523 1985 574 lpse
1997 522 2105 567 enim,

1154 583 1284 634 inquit,
1306 584 1436 634 estqui
1461 584 1507 621 ab
1538 584 1640 622 initio
1674 598 1786 634 usquc
1812 582 1859 621 ad
1884 598 2034 635 praesens
2054 598 2109 621 res

1154 657 1250 681 meas
1267 642 1500 696 dispensavit,
1520 654 1553 682 et
1573 644 1776 683 moderatus
1797 654 1859 682 est.
1884 646 1935 683 lta
1957 654 1987 682 et
2010 644 2110 697 prius

1154 703 1296 742 dicebat
1313 720 1320 741 :
1338 707 1387 742 In
1403 708 1517 757 virga
1533 709 1636 743 enim
1653 721 1736 744 mea
1751 708 1825 744 hac
1845 709 2008 744 transivi
2019 708 2108 745 Jor-

1154 767 1296 804 danem
1309 781 1320 802 .·
1333 775 1369 804 et
1389 780 1474 805 ecce
1491 781 1594 805 nunc
1608 768 1750 821 suctus
1774 782 1859 806 sum
1886 770 1927 804 in
1947 769 2023 805 duo
2044 782 2109 806 ca-

1155 836 1250 866 stra.
1287 827 1334 865 Et
1364 842 1458 865 nunc.
1487 828 1618 866 iterum
1649 828 1730 866 aliis
1758 828 1877 867 verbis
1903 828 2015 866 dicit:
2037 832 2111 879 Qui

1105 900 1128 929 C
1153 891 1279 940 pascit
1315 903 1375 928 me
1398 904 1423 927 α
1442 891 1649 942 juventute
1681 904 1767 927 mea
1797 904 1916 942 usque
1943 892 1984 926 in
2010 891 2109 927 diem

1157 951 1274 997 hunc,
1292 952 1356 991 16.
1376 952 1538 1004 angelus
1557 955 1623 1004 qui
1639 952 1820 991 liberavit
1843 967 1902 990 me
1920 953 1968 990 de
1989 956 2111 989 omni-

1159 1013 1227 1049 bus
1258 1013 1387 1050 malis.
1422 1013 1542 1051 Gratae
1560 1013 1687 1051 animae
1712 1027 1752 1051 ac
1770 1014 1854 1065 pice,
1875 1023 1908 1051 ct
1928 1013 2017 1052 bene
2036 1028 2110 1051 me—

1157 1072 1266 1111 moris
1278 1073 1536 1112 beneficiorum
1554 1074 1639 1123 Dei,
1659 1074 1782 1114 verba.
1809 1075 1885 1124 llle,
1906 1075 2034 1126 inquit,
2054 1075 2110 1112 cui

1157 1143 1274 1187 patres
1291 1134 1360 1172 mei
1379 1135 1469 1173 bene
1487 1136 1712 1188 placuerunt,
1735 1136 1796 1188 qui
1819 1150 1874 1174 me
1893 1152 1913 1174 a
1927 1138 2113 1189 juventute

1159 1209 1235 1233 mea
1254 1210 1366 1246 usque
1382 1196 1418 1234 in
1437 1205 1645 1249 praesentem
1666 1197 1762 1235 diem
1777 1197 1958 1248 educavit,
1979 1199 2041 1249 qui
2059 1213 2114 1236 me

1158 1256 1204 1294 ab
1219 1257 1323 1295 initio
1343 1258 1388 1296 ab
1408 1258 1574 1296 omnibus
1589 1258 1694 1296 malis
1709 1259 1889 1308 liberavit,
1901 1260 1965 1310 qui
1981 1269 2114 1298 tantam

1159 1331 1241 1370 erga
1262 1333 1319 1357 me
1336 1318 1533 1359 declaravit
1552 1319 1831 1371 providentiam,
1851 1320 1927 1373 ipse
1946 1323 2113 1359 Benedi-

1159 1389 1218 1419 cet
1238 1381 1308 1419 hos
1327 1395 1466 1434 pueros
1485 1397 1494 1417 :
1513 1389 1550 1419 et
1569 1383 1817 1420 invocabitur
1841 1385 1883 1419 in
1902 1386 1955 1421 eis
1977 1398 2117 1420 nomen

1161 1455 1301 1489 meum,
1322 1451 1358 1480 et
1377 1456 1515 1480 nomen
1528 1451 1687 1495 patrum
1704 1458 1888 1489 meorum,
1906 1445 2116 1482 Abraham

1161 1512 1197 1542 et
1217 1506 1348 1551 Isaac,
1374 1512 1409 1542 et
1439 1504 1748 1556 multiplicentur
1769 1508 1810 1542 in
1828 1506 2118 1544 multitudinem

1163 1580 1346 1618 magnam
1362 1575 1645 1618 superterram.
1662 1566 1798 1606 Vidisti
1814 1567 1921 1605 simul
1937 1577 1971 1606 et
1988 1568 2118 1606 intelli-

1163 1627 1332 1679 gentiam,
1352 1636 1386 1665 et
1405 1626 1641 1666 modestiam?
1662 1628 1939 1679 Intelligeutiam
1956 1628 2116 1679 quidem,

1163 1688 1247 1740 quia
1275 1688 1361 1726 fidei
1390 1688 1503 1727 oculis
1531 1689 1730 1741 praevidens
1762 1689 1939 1741 Ephraim
1963 1690 2122 1742 praetulit

1164 1749 1322 1788 Manassi
1341 1765 1348 1786 :
1367 1749 1579 1788 modestiam
1598 1764 1699 1801 vero,
1724 1750 1808 1802 quia
1838 1765 2015 1802 nusquam
2048 1766 2120 1789 sua:

1165 1811 1309 1851 virtutis
1329 1811 1543 1850 mentionem
1560 1812 1641 1850 fecit
1650 1828 1662 1863 5
1676 1811 1737 1850 sed
1753 1827 1797 1850 ex
1812 1813 1960 1865 probata
1976 1823 2122 1866 patrum

1169 1873 1256 1921 vita,
1279 1883 1312 1912 et
1337 1887 1383 1912 ex
1407 1873 1592 1912 beneficiis
1612 1873 1649 1912 in
1672 1888 1708 1912 se
1733 1874 1871 1912 collatis
1898 1875 1972 1927 ipse
2002 1889 2122 1928 preces

1167 1935 1273 1984 fudit,
1303 1944 1335 1972 et
1363 1934 1646 1973 benedictionem
1677 1935 1764 1973 filiis
1782 1945 1946 1988 precatus
1965 1946 2027 1974 est.
2049 1938 2122 1975 Ye-

1168 2010 1250 2034 rum
1278 1995 1389 2036 Jacob
1417 1995 1567 2047 quidem
1593 1996 1798 2050 prat-videns
1824 1997 1957 2048 sutura,
1978 1997 2026 2035 ita
2051 1998 2124 2035 iltis

1166 2055 1351 2095 benedixit
1379 2072 1387 2093 :
1416 2058 1479 2094 17.
1521 2058 1666 2109 Joseph
1700 2071 1795 2096 vero
1828 2059 1967 2097 ‘videns
1993 2061 2123 2111 junio-

1167 2133 1248 2157 rem
1273 2118 1480 2171 proelatum
1513 2121 1670 2167 seniori,
1704 2134 1823 2172 grave
1855 2128 1891 2158 et
1922 2121 2125 2172 indignum

1168 2194 1249 2218 esse
1268 2188 1427 2233 putans,
1462 2180 1556 2218 dicit
1579 2196 1589 2216 .·
1612 2179 1676 2218 18.
1702 2181 1780 2218 Hic
1808 2190 1864 2219 est
1892 2183 2125 2233 primogeni-

1171 2252 1254 2288 tus,·
1266 2255 1367 2295 pone
1386 2242 1587 2279 dexteram
1617 2250 1726 2279 tuam
1753 2256 1867 2294 super
1891 2251 2006 2294 caput
2026 2245 2122 2295 ejus.

1171 2304 1234 2342 19.
1258 2304 1312 2342 Et
1334 2303 1472 2350 noluit,
1496 2303 1565 2341 sed
1583 2303 1683 2340 dixit
1701 2318 1712 2339 .·
1729 2303 1830 2350 Scio,
1843 2304 1929 2356 fili,
1956 2307 2048 2342 scio.
2073 2306 2126 2342 Et

1170 2366 1233 2404 hic
1266 2367 1340 2402 erit
1371 2367 1414 2402 in
1447 2364 1659 2416 populum,
1690 2372 1727 2402 et
1765 2365 1828 2402 hic
1858 2365 2126 2409 exambitum

1169 2426 1239 2465 sed
1237 2427 1375 2480 frater
1387 2426 1468 2479 ejus
1481 2427 1620 2478 junior
1634 2427 1761 2477 major·
1779 2439 1822 2463 eo
1838 2428 1924 2472 erit,
1947 2434 1983 2463 et
1998 2440 2128 2464 semen

1171 2489 1254 2541 ejus
1260 2489 1333 2525 erit
1343 2488 1385 2524 in
1393 2486 1682 2525 multitudinem
1691 2488 1875 2538 gentium.
1883 2488 1937 2525 Ne
1947 2496 2050 2539 putes
2060 2501 2128 2532 me,

1174 2547 1304 2599 inquit,
1326 2562 1410 2586 casu
1425 2561 1465 2585 ae
1477 2546 1624 2585 fortuito
1640 2546 1707 2585 hoc
1726 2547 1860 2595 fecisse,
1877 2548 1932 2586 vel
1949 2563 2013 2600 per
2028 2548 2129 2599 igno-

1174 2608 1343 2648 rantiam.
1365 2609 1447 2647 Scio
1473 2609 1580 2658 enim,
1600 2617 1633 2645 et
1654 2607 1856 2660 praevidens
1882 2608 2015 2654 futura,
2035 2609 2081 2646 ita
2099 2609 2131 2646 ei

1175 2671 1456 2711 benedictionem
1480 2668 1574 2708 dedi.
1606 2669 1699 2706 Nam
1730 2668 1813 2706 lieet
1843 2678 1968 2706 natura
1997 2670 2131 2722 prima—

1177 2743 1255 2772 tum
1275 2731 1428 2770 habebat
1448 2732 1643 2779 Manas5057
1664 2728 1727 2767 sed
1748 2730 1912 2767 Iuvenis
1927 2731 1996 2768 ille
2010 2733 2135 2783 major

1180 2808 1224 2834 eo
1244 2796 1330 2839 erit,
1352 2800 1388 2830 et
1410 2805 1540 2830 semen
1560 2793 1641 2843 esus
1667 2783 1719 2827 in‘
1736 2791 2025 2828 multitudinem
2043 2806 2136 2843 ²qen-

1119 2881 1167 2908 533
1181 2858 1290 2893 tium.
1321 2852 1398 2889 Hoc
1427 2860 1548 2889 autem
1572 2859 1685 2888 totum
1704 2851 1836 2888 sactum
1857 2860 1928 2901 est,
1949 2852 2030 2902 quia
2053 2851 2137 2890 hine

1133 2920 1156 2948 Α
1182 2928 1331 2966 regnum
1356 2911 1667 2950 demonstrabatur
1688 2911 1922 2950 exoriturum.
1950 2914 2137 2965 Propterea

1185 2974 1382 3028 praedicens
1403 2973 1536 3020 sutura,
1557 2971 1607 3009 sic
1627 2985 1708 3009 eum
1721 2972 1910 3010 benedicit.
1922 2975 1986 3012 920.
2007 2976 2059 3012 Et
2077 2977 2138 3012 be-

1186 3037 1333 3074 nedixit
1366 3048 1442 3080 eos,
1485 3034 1616 3071 dicens
1644 3049 1651 3069 :
1678 3035 1726 3070 In
1764 3035 1878 3071 ‘vobis
1916 3036 2140 3072 benedicent

1185 3097 1310 3135 Israel
1321 3125 1333 3142 ,
1378 3095 1547 3132 dicentes
1581 3109 1592 3129 .·
1626 3095 1769 3132 Faciat
1816 3103 1852 3132 te
1892 3096 1999 3134 Deus
2044 3099 2141 3134 sicut

1186 3159 1377 3209 Ephraim
1408 3164 1444 3192 et
1476 3155 1677 3194 stlattasse.
1715 3157 1767 3193 Et
1793 3159 1921 3208 posuit
1953 3158 2143 3208 Ephraim.

1186 3227 1278 3256 ante
1305 3218 1533 3253 Manassen.
1565 3215 1642 3265 Ita,
1663 3215 1794 3266 inquit,
1823 3217 1929 3254 ambo
1949 3227 2049 3255 crunt
2069 3217 2145 3266 glo-

1186 3278 1285 3323 riosi,
1310 3286 1348 3314 ut
1371 3290 1492 3314 omncs
1514 3275 1549 3313 in
1578 3277 1708 3329 optatis
1733 3277 1885 3315 habeant
1915 3277 1959 3315 ad
1985 3277 2146 3315 eamdem

1189 3353 1268 3377 cuni
1290 3337 1362 3375 illis
1382 3336 1532 3387 gloriam
1553 3337 1738 3388 pervenire
1757 3347 1932 3375 :attamen
1959 3339 2056 3389 prior
2082 3338 2148 3376 erit

1190 3399 1364 3451 Ephraim
1392 3400 1565 3436 Manasse.
1587 3398 1700 3436 Vides
1727 3399 1908 3448 ‹pioniodo
1940 3399 2051 3449 gratia
2086 3399 2147 3436 Dei

1191 3459 1483 3513 pra-monstrabat
1503 3459 1534 3498 ei
1564 3459 1695 3509 sutura,
1718 3475 1757 3497 ac
1783 3460 1989 3513 prophetico
2007 3461 2151 3498 afflatus

2128 718 2287 747 Ccnsslstt
2300 738 2307 744 .
