2516 3791
717 191 758 224 IN
794 192 896 224 ew.

106 275 202 320 λᾶκις
227 275 372 328 ὁρῶντες
401 277 459 314 καὶ
487 277 663 326 ἐλεοῦμεν,
697 276 755 314 καὶ
784 279 1032 328 συναλγοῧμεν,
1064 276 1124 314 καὶ

105 336 236 384 πολλὴν
257 336 336 390 περὶ
354 338 468 376 ἀὐτὸν
500 337 562 384 τὴν
593 338 811 389 συμπάθειαν
837 338 1119 388 ἐπιδεικνύμεθα·

103 399 160 439 ἐπὶ
179 398 214 437 δὲ
234 402 293 438 τοῦ
315 398 464 449 μεθύσου
484 400 523 438 τὸ
543 399 694 438 ἐναντίον
723 400 959 452 ἐργαζόμεθα·
991 402 1122 451 ἀγανα-

103 464 262 511 κτοῦμεν,
301 459 584 514 δυσχεραίνομεν,
619 461 726 514 μυρία
763 460 986 512 ἐπαρώμεθα.
1021 459 1125 503 Τίνος

101 521 215 561 ἕνεκεν
238 522 297 560 καὶ
325 522 381 560 διὰ
402 522 435 560 τί
447 539 456 570 ;
474 521 560 562 “Ort
580 524 707 566 ἐκεῖνος
726 522 788 573 μὲν
808 523 876 561 ὑπὸ
894 526 952 560 τοῦ
974 525 1124 573 πονηροῦ

101 582 287 633 “δαίμονος
315 583 557 634 ἐλαυνόμενος,
586 584 680 622 ἄκων
707 583 958 637 διαπράττεται
977 583 1066 634 ἅπερ
1082 582 1123 619 ἂν

102 643 337 696 διαπράξηται
354 660 361 667 ·
379 644 442 682 κᾶν
457 645 606 696 λακτίσῃ
621 675 629 692 ,
643 645 705 682 κᾶν
722 644 889 696 διαρῥήξῃ
905 642 1123 695 χιτωνίσκον,

102 704 166 743 κᾶν
188 704 316 758 αἰσχρά
341 721 418 743 τινα
443 705 651 758 φθέγξηται,
677 705 886 756 συγγνώμης
907 703 1083 747 ἀξιοῦται·
1106 706 1124 740 ὀ

102 765 138 805 δὲ
161 767 309 816 μεθύων,
338 766 396 804 καὶ
424 766 509 818 ὅπερ
536 767 575 804 ἂν
602 766 835 813 ἐπιδείξηται,
865 767 927 803 οὐκ
955 764 995 801 ἂν
1025 763 1123 801 ἔσται

102 827 309 878 συγγνώμης
328 827 435 875 ἄξιος,
453 827 543 866 ἀλλὰ
559 827 619 865 καὶ
636 826 800 872 οἰκείους,
819 824 880 863 καὶ
906 823 1042 877 φίλους,
1063 824 1122 862 καὶ

100 888 277 938 γείτονας,
319 888 378 926 καὶ
417 889 549 931 πάντας
588 887 662 940 ἔχει
693 886 860 939 σφοδροὺς
889 885 1122 937 κατηγόρους,

101 948 219 995 ἐπειδὴ
241 949 372 987 οἴκοθεν
394 950 464 987 ἀπὸ
488 948 721 1001 προαιρέσεως
739 947 802 995 τὴν
828 946 952 985 κακίαν
979 946 1123 996 μετελή-

100 1011 201 1056 λυθε,
225 1010 284 1047 καὶ
308 1012 351 1060 τῇ
371 1009 545 1063 τυραννίδι
570 1012 631 1055 τῆς
652 1009 758 1060 μέθης
786 1008 908 1046 ἑαυτὸν
936 1006 1122 1051 ι’ἐξέδωκε.

100 1069 169 1108 Καὶ
188 1075 297 1110 ταῦτα
318 1072 430 1123 λέγω,
453 1073 516 1122 οὐχ
542 1070 599 1109 ἵνα
629 1075 688 1109 τοῦ
709 1069 843 1108 δικαίου
870 1069 1120 1120 κατηγορήσω·

98 1131 212 1170 πολλὰ
231 1133 297 1184 γὰρ
326 1127 367 1179 ἦν
388 1133 431 1170 τὰ
450 1132 512 1179 τὴν
542 1131 749 1184 συγγνώμην
777 1133 872 1183 αὐτῷ
894 1129 1096 1182 παρέχοντα
1112 1146 1120 1153 ·

98 1193 158 1230 καὶ
178 1192 267 1243 μετὰ
286 1197 354 1231 τῶν
377 1194 491 1232 ἄλλων
518 1193 681 1231 ἁπάντων
702 1192 741 1230 τὸ
766 1191 892 1243 μηκέτι
918 1197 988 1234 τοῖς
1005 1192 1121 1235 αὐτοῖς

95 1260 306 1306 περιπεσεῖν,
322 1254 407 1306 ὅπερ
425 1254 585 1305 μέγιστον
605 1252 644 1290 ἂν
661 1252 713 1300 εἴη
737 1254 862 1303 δεῖγμα
880 1251 940 1290 καὶ
957 1257 1016 1290 τοῦ
1035 1269 1121 1305 προ-

93 1314 193 1366 τέρου
221 1315 490 1368 ἁμαρτήματος,
513 1315 565 1353 ὅτι
596 1314 632 1358 ἐξ
666 1313 822 1365 ἀγνοίας,
849 1313 929 1351 ἀλλ’
957 1316 1023 1366 οὐχ
1051 1313 1119 1352 ὑπὸ

93 1375 263 1427 ῥᾳθυμίας
276 1381 375 1415 τοῦτο
389 1376 585 1427 ὑπέμεινεν.
605 1377 649 1414 Εἰ
662 1374 730 1427 γὰρ
744 1374 813 1413 ἀπὸ
829 1374 998 1427 ῥᾳθυμίας
1017 1380 1117 1414 τοῦτο

92 1436 287 1487 ὑπέμεινεν,
306 1440 412 1491 ἐχρῆν
433 1438 501 1489 ἄρα
519 1437 579 1475 καὶ
597 1438 702 1475 πάλιν
716 1436 818 1474 αὐτὸν
838 1437 970 1474 ἁλῶναι
985 1439 1034 1489 τῷ
1050 1436 1114 1475 ποί-

91 1499 142 1534 θει
155 1513 162 1520 ·
183 1499 260 1535 ἀλλ’
278 1501 393 1536 οὐκέτι
408 1503 508 1537 τοῦτο
523 1498 705 1537 πέπονθεν.
726 1499 772 1536 El
788 1497 856 1550 γὰρ
876 1497 936 1536 καὶ
954 1498 1060 1536 πάλιν
1074 1498 1114 1536 τὸ

90 1558 175 1596 αὐτὸ
189 1558 385 1610 ὑπέμεινεν,
407 1562 468 1598 οὐκ
490 1559 529 1598 ἂν
547 1563 568 1606 ἡ
588 1559 712 1613 Γραφὴ
733 1558 1016 1612 παρεσιώπησεν,
1035 1559 1114 1597 ἀλλ’

88 1618 272 1673 ἐγνώρισεν
295 1621 336 1658 ἂν
357 1625 448 1672 ἡμῖν.
474 1616 536 1666 Εἷς
552 1621 619 1674 γάρ
635 1623 708 1660 ἐστι
727 1621 854 1664 σκοπὸς
875 1620 934 1658 καὶ
957 1614 1005 1663 εἶς
1036 1619 1112 1673 ὅρος

87 1682 150 1726 τῆς
176 1681 268 1726 θείας
288 1684 445 1735 Γραφῆς,
463 1683 502 1721 τὸ
525 1682 632 1734 μηδὲν
652 1684 862 1735 παραλιπεῖν
883 1684 952 1719 τῶν
969 1681 1110 1732 γεγονό-

88 1757 170 1788 των,
198 1743 287 1782 ἀλλὰ
309 1744 395 1795 μετὰ
425 1744 588 1792 ἀληθείας
606 1747 700 1795 ἡμᾶς
720 1744 906 1782 διδάσκειν.
928 1744 1021 1781 Οὔτε
1042 1742 1111 1795 γὰρ

88 1802 201 1855 φθόνῳ
216 1804 283 1841 τινὶ
300 1804 361 1848 τὰς
377 1805 502 1857 ἀρετὰς
522 1808 590 1843 τῶν
613 1804 755 1843 δικαίων
776 1804 1012 1857 παρατρέχει,
1034 1803 1112 1842 οὔτε

87 1863 204 1916 χάριτι
223 1866 328 1904 πάλιν
347 1865 391 1904 τὰ
411 1866 653 1918 ἁμαρτήματα
669 1866 860 1913 συσκιάζει,
877 1867 953 1903 ἀλλ’
973 1865 1111 1903 ἅπαντα

88 1927 136 1968 εἰς
155 1925 259 1975 μέσον
274 1930 359 1976 ἡμῖν
379 1928 595 1979 προτίθησιν,
622 1926 665 1964 ἵν’
699 1926 932 1980 ὑπογραμμόν
959 1941 1037 1964 τινα
1052 1924 1111 1964 καὶ

86 1986 312 2025 διδασκαλίαν
331 1986 480 2039 ἔχωμεν,
501 1988 560 2026 καὶ
575 1987 714 2026 ἐπειδὰν
733 1988 792 2025 καὶ
811 1990 912 2038 ἡμεῖς
928 1986 985 2025 διὰ
1008 1990 1110 2039 ῥᾳθυ-

87 2046 170 2097 μίαν
190 2048 331 2098 ἁλῶμέν
352 2065 419 2087 τινι
439 2050 654 2101 πταίσματι,
679 2047 949 2101 ἀσφαλιζώμεθα
970 2048 1018 2099 μὴ
1038 2048 1109 2086 πά-

85 2109 139 2145 λιν
165 2111 215 2160 τῷ
237 2111 330 2161 αὐτῷ
357 2117 569 2163 περιπεσεῖν.
600 2113 654 2149 Οὐ
676 2110 745 2163 γὰρ
774 2110 863 2147 οὕτω
884 2110 923 2147 τὸ
940 2111 1108 2162 ἁμαρτεῖν

84 2171 252 2221 χαλεπὸν,
286 2173 332 2215 ὡς
359 2171 398 2209 τὸ
426 2173 656 2224 ἁμαρτήματι
685 2171 873 2223 ἐπιμένειν.
904 2171 965 2218 Μὴ
994 2171 1106 2209 τοίνυν

81 2236 182 2270 τοῦτο
211 2230 284 2284 ἴδῃς
309 2231 362 2270 ὅτι
391 2232 560 2284 ἐμεθύσθη
581 2236 598 2271 ὁ
615 2232 770 2280 δίκαιος,
797 2233 873 2270 ἀλλ’
895 2231 948 2270 ὅτι
968 2234 1031 2269 οὐκ
1057 2232 1108 2270 ἔτι

82 2296 182 2331 τοῦτο
204 2293 384 2332 πέπονθεν.
415 2294 504 2333 Ἀλλ’
529 2294 635 2333 ἐννόει
660 2310 719 2346 μοι
737 2294 815 2337 τοὺς
848 2295 926 2332 καθ’
954 2293 1105 2340 ἑκάστην

81 2353 215 2405 ἡμέραν
237 2355 271 2391 ἐν
295 2361 370 2398 ταῖς
396 2356 625 2408 οἰνοφλυγίαις
649 2357 1031 2406 καταδαπανωμένους,
1047 2354 1106 2393 καὶ

936 193 979 224 lx
990 211 1000 223 .
1037 192 1196 223 CRM-25.

1140 1311 1165 1339 D

1119 2393 1165 2418 288

1238 192 1392 223 noant..
1435 194 1560 224 xxix.
2059 185 2150 232 335

1192 289 1274 328 erga
1293 276 1396 314 illum
1409 277 1748 316 commiserationem
1763 279 1985 318 declaramus
1999 299 2009 331 ;
2029 293 2147 321 eontra

1195 346 1312 375 autem
1333 338 1483 376 facimus
1502 338 1595 377 circa
1613 340 1728 377 ebrios
1755 355 1762 375 :
1785 340 2016 391 indignamur
2035 343 2144 388 enim,

1196 412 1286 451 tegre
1312 399 1472 448 ferimus,
1494 400 1677 439 innumera
1699 401 1951 454 imprecamur.
1976 405 2096 450 Quare
2114 413 2147 440 et

1197 473 1266 509 qua
1283 459 1329 498 de
1339 461 1474 498 causa?
1495 461 1590 509 Quia
1606 461 1666 499 illc
1686 462 1745 513 qui
1762 477 1782 499 a
1797 462 1890 500 malo
1902 462 2149 515 ‹la-moneagi-

1196 528 1302 568 tatur,
1329 521 1589 559 involuntarius
1612 532 1778 575 operatur
1805 538 1843 561 ea
1870 538 1948 575 quae
1965 534 2147 577 operatur,

1196 595 1237 618 ac
1261 581 1341 619 lieet
1364 583 1571 631 recalcitret,
1595 584 1676 621 licet
1696 594 1839 637 rumpat
1858 595 2003 635 vestem,
2027 596 2061 624 et
2078 586 2143 625 ob-

1194 654 1310 679 scoena
1330 644 1506 695 quaepiam
1529 645 1707 695 loquatur,
1738 647 1840 684 venia
1863 647 1994 698 (lignus
2023 663 2146 686 cense—

1194 709 1253 738 tur
1275 711 1331 739 :at
1350 703 1411 753 qni
1429 704 1549 741 ebrius
1567 714 1629 752 est,
1645 706 1823 757 quidquid
1844 709 1979 758 severit,
2006 725 2072 748 non
2097 721 2148 748 est

1194 761 1298 799 venia
1314 762 1468 814 diguus:
1491 764 1551 801 scd
1567 773 1599 802 et
1620 766 1725 803 valde
1744 768 1906 806 incusant
1928 770 2028 807 illum
2043 772 2147 809 sami-

1194 822 1313 873 liareS,
1339 824 1460 871 amici,
1486 834 1518 862 et
1551 825 1676 875 vicini,
1707 836 1741 864 et
1770 828 1804 865 in
1828 843 1965 867 summa
1997 846 2147 879 omnes;

1194 884 1276 934 quia
1289 894 1412 938 sponte
1426 895 1458 923 et
1469 886 1667 924 voluntarie
1679 887 1713 925 in
1728 888 1820 926 hanc
1833 891 2027 940 nequitiam
2039 902 2150 930 trans-

1194 945 1250 995 iit,
1273 954 1305 984 et
1333 947 1513 985 ebrietatis
1539 948 1723 1000 tyrannidi
1749 950 1905 1002 seipsum
1924 950 2075 989 dedidit.
2102 953 2149 990 Et

1193 1006 1270 1045 lnaec
1294 1008 1376 1046 dieo
1398 1023 1466 1047 non
1491 1018 1526 1047 ut
1547 1010 1688 1062 justum
1714 1011 1870 1049 incusem
1894 1028 1901 1047 :
1922 1013 2032 1050 multa
2053 1013 2147 1051 enim

1193 1076 1291 1105 erant
1314 1077 1460 1120 propter
1479 1082 1556 1119 quae
1577 1068 1630 1106 illi
1650 1068 1753 1106 venia
1773 1068 1992 1115 debebatur,
2013 1080 2046 1108 et
2066 1086 2146 1109 cum

1192 1128 1332 1180 primis,
1353 1128 1451 1180 quod
1468 1143 1535 1167 non
1554 1130 1589 1167 in
1610 1129 1647 1167 id
1667 1130 1747 1168 vitii
1770 1140 1890 1182 postea
1911 1132 2070 1183 relapsus
2083 1142 2147 1180 est,

1192 1188 1228 1226 id
1245 1189 1340 1240 quod
1356 1191 1556 1228 maximum
1578 1191 1684 1229 fuerit
1698 1191 1874 1230 indicium
1894 1207 1974 1232 enm
1990 1194 2148 1246 exigno-

1191 1250 1317 1298 1·antia‚
1334 1264 1402 1289 non
1421 1266 1465 1290 ex
1483 1252 1696 1304 negligentia
1709 1253 1810 1305 prius
1825 1253 2033 1305 deliquisse.
2053 1257 2146 1294 Nam

1193 1310 1222 1348 si
1244 1311 1311 1348 lioc
1327 1311 1450 1350 suisset
1464 1313 1700 1364 negligentia),
1717 1315 1902 1367 oportebat
1922 1330 2002 1353 eum
2018 1316 2146 1355 iterum

1187 1371 1311 1409 eodem
1332 1372 1457 1410 morbo
1477 1374 1556 1426 capi
1585 1390 1592 1410 :
1618 1375 1656 1412 id
1683 1375 1781 1426 quod
1803 1390 1872 1413 non
1902 1377 2030 1415 evenit.
2054 1379 2145 1416 Nam

1187 1433 1216 1470 si
1234 1432 1351 1471 denuo
1372 1433 1411 1472 id
1428 1434 1631 1485 accidisset,
1649 1436 1836 1489 Scriptura
1852 1437 1976 1489 utique
1989 1453 2062 1477 non
2084 1440 2148 1477 ob·

1185 1494 1358 1545 ticuisset,
1381 1495 1442 1533 sed
1459 1496 1694 1548 significasset
1709 1498 1823 1536 nobis.
1840 1500 1943 1537 Unus
1962 1499 2056 1537 enim
2071 1515 2147 1539 sco-

1185 1569 1252 1608 pus
1272 1565 1305 1594 et
1329 1557 1500 1595 terminus
1523 1558 1720 1610 Scripturae
1739 1558 1875 1597 divinae
1895 1569 1958 1608 est,
1979 1574 2022 1598 ne
2045 1561 2137 1612 quid

1183 1617 1360 1656 sactorum
1377 1618 1603 1668 intermittat,
1624 1620 1687 1658 sed
1716 1620 1900 1659 veritatem
1920 1635 1985 1660 nos
2005 1622 2143 1661 doceat.

1182 1681 1306 1730 Neque
1319 1680 1414 1717 enim
1437 1690 1581 1733 propter
1606 1681 1781 1720 invidiam
1792 1683 1974 1735 justornm
1995 1683 2146 1722 virtutes

1183 1741 1355 1792 praeterit,
1378 1755 1491 1792 neque
1509 1751 1654 1794 propter
1676 1743 1828 1794 gratiam
1846 1754 1987 1796 peccata
2007 1745 2141 1783 adum—

1182 1802 1263 1840 brat
1284 1818 1291 1838 :
1316 1802 1379 1840 sed
1398 1802 1516 1840 omnia
1535 1803 1570 1840 in
1592 1803 1751 1841 medium
1772 1805 1874 1842 nobis
1893 1806 2074 1858 proponit,
2098 1816 2137 1844 ut

1184 1865 1343 1916 regulam
1368 1873 1402 1902 et
1424 1864 1623 1903 doctrinam
1654 1866 1847 1917 qnamdam
1875 1867 2084 1918 babeamus,
2107 1879 2141 1907 et

1184 1934 1222 1963 ut
1242 1926 1270 1963 si
1292 1925 1436 1977 quando
1456 1925 1565 1963 etiam
1589 1940 1652 1964 nos
1675 1941 1739 1979 per
1757 1927 1956 1966 socordiam
1987 1928 2022 1966 in
2047 1929 2138 1980 quid

1182 1986 1261 2024 vitii
1279 1986 1522 2035 inciderimus,
1540 1987 1713 2025 cautiores
1728 1987 1839 2026 simus
1859 1998 1990 2041 postea,
2013 2004 2058 2028 nc
2076 1989 2139 2028 de-

1182 2061 1253 2085 nuo
1273 2048 1485 2086 incidamus.
1506 2049 1628 2099 Neque
1649 2049 1743 2087 enim
1767 2059 1838 2087 tam
1859 2064 1968 2101 grave
1983 2060 2034 2088 est
2053 2065 2140 2103 pec-

1181 2121 1275 2158 eare,
1298 2123 1405 2159 quam
1431 2109 1466 2146 in
1486 2110 1637 2161 peccatis
1657 2124 1894 2162 perseverare.
1925 2112 2049 2162 Itaque
2070 2126 2140 2150 non

1180 2169 1322 2207 attende
1353 2170 1469 2207 solum
1494 2170 1589 2222 quod
1618 2171 1816 2209 inebriatus
1841 2172 1886 2209 sit
1911 2173 2045 2224 justus,
2076 2174 2139 2212 sed

1180 2231 1277 2281 quod
1302 2240 1421 2284 postea
1446 2245 1515 2270 non
1543 2232 1673 2270 iterum
1696 2233 1764 2271 hoc
1783 2233 1815 2271 ei
1837 2233 2019 2272 acciderit.
2043 2235 2141 2274 Illud

1178 2306 1263 2330 vero
1279 2292 1476 2342 considera,
1495 2307 1553 2331 eos
1573 2293 1634 2344 qui
1655 2293 1691 2332 in
1709 2295 1867 2333 tabernis
1883 2295 2033 2334 vinariis
2048 2311 2137 2347 quo-

1179 2353 1266 2391 tidie
1285 2363 1558 2402 consumuntur‚
1579 2364 1614 2392 et
1634 2355 1744 2393 ferme
1763 2355 1919 2394 dixerim
1935 2387 1944 2402 ‚
1969 2357 2137 2408 quotidie

82 2415 134 2466 ἐφ’
153 2414 303 2460 ἑκάστης
320 2417 442 2468 σχεδὸν
468 2419 577 2455 εἰπεῖν
606 2417 904 2464 ἀποθνήσκοντας·
924 2415 984 2455 καὶ
1003 2417 1104 2454 ἐπει-
1128 2430 1154 2460 Α
1179 2415 1382 2452 moriuntur
1402 2431 1409 2451 t
1427 2415 1564 2453 etiamsi
1581 2416 1725 2466 quando
1739 2417 1795 2454 sui
1810 2428 1987 2470 compotes
2004 2418 2136 2456 suerint

83 2474 145 2511 δὰν
177 2477 225 2518 εἷς
256 2476 414 2522 αἴσθησιν
434 2476 591 2526 ἔλθωσιν,
618 2477 695 2517 οὐδὲ
721 2478 811 2518 οὕτω
833 2477 1020 2531 φεύγοντας
1038 2476 1102 2524 τὴν

83 2536 210 2573 ἐκεῖθεν
230 2535 357 2586 λύμην,
376 2539 453 2575 ἀλλ’
481 2541 527 2582 ὡς
546 2539 642 2591 ἔργον
668 2556 703 2578 τι
729 2543 831 2578 τοῦτο
852 2538 911 2577 καὶ
942 2537 1103 2592 ἀνδρείαν

83 2595 370 2646 μεταδιώκοντας.
393 2599 506 2637 Πάλιν
533 2600 568 2638 δὲ
590 2603 730 2638 κάκεῖνο
754 2600 794 2638 ἄν
824 2616 876 2644 τις
897 2599 1102 2650 ἐννοήσειεν,

80 2655 133 2694 ὅτι
149 2657 279 2701 δίκαιος
298 2652 412 2706 οὗτος,
438 2662 467 2698 εἰ
488 2661 547 2699 καὶ
565 2661 633 2700 ὑπὸ
648 2661 808 2714 ἀπειρίας
828 2661 962 2700 καὶτοῦ
981 2661 1029 2712 μὴ
1051 2664 1102 2700 εἰ-

81 2717 175 2756 δέναι
190 2718 233 2756 τὰ
252 2719 363 2771 μέτρα
378 2723 440 2767 τῆς
457 2722 684 2775 μεταλήψεως
704 2721 794 2762 πιὼν
811 2723 1004 2773 ἐμεθύσθη,
1022 2723 1101 2761 ἀλλ’

78 2779 175 2829 ὅμως
191 2780 322 2824 δίκαιος
339 2781 387 2820 ὧν
406 2784 465 2821 καὶ
488 2784 602 2822 πολλὰ
621 2785 712 2836 ἔχων
734 2784 1014 2837 κατορθώματα,
1038 2802 1101 2825 συ·-

79 2839 232 2884 σκιάζειν
264 2841 413 2887 ἠδύνατο
445 2844 484 2882 τὸ
514 2845 650 2896 συμὸὰν
682 2846 897 2900 ἁμάρτημα·
930 2850 1033 2897 ἡμεῖς
1064 2846 1100 2886 δὲ

79 2900 161 2938 ὅταν
181 2902 240 2939 καὶ
253 2904 308 2954 ὑφ’
332 2903 457 2956 ἑτέρων
474 2905 605 2957 μυρίων
620 2898 714 2956 ὦμεν
732 2907 1021 2960 πολιορκούμενοι
1034 2924 1100 2946 πα-

80 2964 160 3008 θῶν,
187 2962 246 3000 καὶ
275 2966 350 3013 μετ’
381 2965 520 3003 ἐκείνων
547 2966 607 3004 καὶ
633 2969 700 3007 ὑπὸ
725 2971 788 3016 τῆς
821 2969 929 3020 μέθης
957 2969 1099 3014 ἑαυτοὺς

78 3023 408 3075 καταδαπτίζωμεν,
425 3026 527 3065 ποίαν
545 3027 665 3076 ἕξομεν
680 3031 916 3083 παραμυθίαν,
933 3032 1009 3069 εἰπέ
1026 3048 1101 3082 μοι,

78 3083 129 3127 τίς
149 3083 183 3122 δὲ
202 3088 295 3132 ἡμᾶς
313 3086 452 3130 ἀξιώσει
479 3089 685 3141 συγγνώμης
703 3093 778 3130 οὐδὲ
799 3092 868 3130 ὑπὸ
885 3096 948 3140 τῆς
973 3093 1096 3146 πείρας

1175 2476 1273 2525 faeti,
1293 2490 1408 2526 neque
1428 2476 1480 2514 sic
1502 2476 1570 2514 sibi
1595 2486 1721 2515 cavent
1741 2478 1787 2515 ab
1814 2478 1939 2516 eodem
1959 2479 2134 2531 periculo,

1175 2537 1236 2576 sed
1253 2538 1355 2589 quasi
1380 2537 1425 2575 ad
1447 2551 1536 2589 opus
1557 2537 1741 2588 quoddam
1764 2549 1948 2577 strenuum
1969 2539 2130 2578 redeunt.

1174 2600 1326 2651 Insuper
1336 2608 1369 2636 et
1386 2599 1454 2636 hoc
1467 2598 1547 2649 quis
1563 2599 1846 2650 jure3cogitabit,
1859 2601 1996 2651 justum
2010 2600 2129 2644 illum,

1174 2660 1240 2698 etsi
1253 2659 1351 2711 quod
1366 2673 1433 2697 non
1451 2669 1618 2711 expertus
1635 2669 1736 2709 esset,
1752 2674 1815 2698 nec
1832 2661 1935 2699 sciret
1951 2676 2018 2712 qua
2034 2677 2132 2700 men-

1173 2737 1256 2760 sura
1272 2731 1360 2760 esset
1374 2721 1562 2765 utendum,
1582 2722 1777 2760 inebriatus
1796 2722 1861 2770 sit;
1883 2732 2037 2762 attamen
2050 2739 2132 2763 cum

1168 2784 1288 2836 justus
1308 2792 1409 2831 esset,
1430 2792 1463 2820 et
1487 2782 1609 2820 multis
1635 2783 1739 2820 bonis
1760 2783 1906 2835 polleret
1940 2786 2124 2837 operibus,

1173 2853 1374 2897 peceatum,
1395 2843 1492 2894 quod
1510 2858 1590 2881 casu
1615 2844 1747 2892 evcnit,
1767 2844 1931 2896 obtegere
1947 2847 2104 2898 potuisse
2123 2865 2129 2883 :
2150 2856 2159 2861 ”

1172 2920 1236 2944 nos
1255 2914 1373 2943 autem
1396 2919 1477 2943 cum
1502 2904 1548 2941 ab
1568 2904 1764 2942 innumeris
1779 2905 1861 2943 aliis
1879 2907 2130 2946 affectionibus

1172 2966 1392 3013 infestemur,
1421 2973 1454 3002 et
1476 2964 1543 3001 hoc
1569 2963 1753 3011 addamus,
1776 2974 1815 3002 ut
1838 2975 1871 3003 et
1893 2966 1938 3004 ab
1960 2967 2130 3006 ebrietate

1173 3027 1456 3077 submergamur,
1481 3024 1568 3075 quid
1602 3025 1820 3063 excusabit?
1846 3027 1904 3064 rel
1929 3027 2024 3078 quis,
2056 3028 2127 3074 dic,

1173 3103 1234 3127 oro
1249 3118 1257 3134 ,
1277 3102 1340 3125 nos
1357 3086 1565 3137 dignabitur
1578 3086 1696 3133 venia,
1715 3101 1803 3137 quos
1823 3088 1919 3125 nulla
1942 3089 2127 3140 experien-

78 3145 184 3190 αὗτῆς
197 3146 523 3198 σωφρονιζομένους
539 3148 706 3203 Ἐξένηψε
731 3151 787 3199 δὲ,
808 3153 914 3204 φησὶ,
930 3154 1010 3191 Νῶε
1027 3154 1097 3192 ἀπὸ
1121 3161 1144 3190 Β
1170 3151 1219 3189 tia
1240 3150 1325 3187 facit
1347 3147 1618 3199 castigatiores?
1636 3149 1672 3185 Ε
1678 3149 1854 3201 vigilavit
1875 3159 2003 3188 autem
2024 3153 2121 3194 Νοὲ,

78 3208 137 3243 τοῦ
163 3205 252 3258 οἴνου
265 3236 274 3254 ,
295 3208 353 3246 καὶ
371 3209 459 3261 ἔγνω
477 3209 541 3249 ὅσα
567 3212 728 3260 ἐποίησεν
750 3216 843 3266 αὐτῷ
862 3217 880 3252 ὁ
895 3215 966 3258 υἱὸς
990 3216 1097 3254 αὐτοῦ

121 3337 135 3352 ⁸
159 3329 311 3374 Quinque
326 3332 402 3366 Mss.
420 3337 556 3377 δαίμονος
577 3339 794 3380 ἐνοχλούμενος.

1170 3212 1301 3264 inquit,
1321 3225 1345 3248 a
1369 3213 1470 3256 ι’ἰιιο,
1496 3217 1531 3247 ec
1557 3212 1736 3261 cognovit
1759 3225 1844 3262 quae
1861 3213 1966 3263 jecit
1985 3214 2058 3250 sibi
2070 3214 2125 3265 st·

1119 3347 1182 3372 Νῶε
1204 3342 1263 3371 ἀπὸ
1284 3340 1336 3369 τοῦ
1352 3340 1439 3368 οἴνου.
1461 3338 1510 3367 καὶ
1525 3338 1598 3376 ἔγνω
1613 3339 1667 3368 ὅσα
1687 3339 1820 3372 &roff-miv
1839 3339 1919 3380 αὐτῷ
1934 3340 1948 3370 ὁ
1965 3342 2023 3374 υίὸς
2038 3341 2126 3371 αὐτοῦ

125 3382 142 3407 b
165 3382 228 3416 Sex
246 3383 402 3428 Mss.post
418 3390 553 3427 ἐξέδωκεν
567 3386 635 3421 liaec
651 3387 800 3422 addunt:
816 3394 934 3434 ἐξέυηψε
949 3393 991 3432 δὲ,
1004 3395 1083 3436 ρησὶ,
1117 3396 1131 3424 ὸ
1149 3398 1289 3435 νεώτερος
1306 3392 1353 3422 καὶ
1376 3392 1473 3421 wora
1489 3393 1553 3420 etc.
1566 3387 1623 3420 Sax
1635 3385 1704 3419 il.et
1720 3386 1772 3419 alii
1788 3386 1903 3420 melivs
1919 3396 1953 3420 ut
1970 3390 2001 3421 in
2021 3396 2123 3420 textu.
