2516 3791
727 245 769 273 ΙΝ
809 243 911 272 mv.

142 349 209 373 των
228 333 290 380 τὴν
312 330 501 384 φιλοξενίαν
521 329 695 373 ἐπεδείξω.
720 327 810 366 Ἀλλ’
836 328 900 378 οὐχ
919 329 936 364 ὁ
956 325 1088 366 δίκαιος
1107 324 1163 360 οὔ·

143 411 208 436 τως
223 409 230 418 ·
249 394 338 432 ἀλλὰ
354 391 410 439 τί;
430 391 546 444 Ὁρῶν
574 389 826 432 ἀντιτείνοντας
851 388 909 426 καὶ
929 389 975 430 εἰς
994 386 1056 432 τὴν
1075 386 1166 423 πλα-

142 462 237 495 τεῖαν
270 456 463 495 καταλῦσαι
497 451 725 505 βουλομένους
752 454 882 499 (τοῦτο
910 448 945 487 δὲ
978 446 1115 486 ἐποίουν
1135 447 1166 483 οἱ

143 516 361 569 ἅγγελοι,ἕπὶ
381 515 487 554 πλέον
508 514 705 567 ἐκκαλύψαι
724 513 787 560 τὴν
808 511 934 564 ἀρετὴν
964 508 1166 562 βουλόμενοι

143 582 202 617 τοῦ
223 578 377 626 δικαίου,
397 578 456 616 καὶ
482 578 667 615 παιδεῦσαι
693 575 825 617 πάντας
845 577 958 623 ἡμᾶς,
978 569 1043 616 ὅση
1061 571 1164 607 αὐτοῦ
1187 570 1211 600 Ε

143 644 165 686 ἡ
187 639 410 694 φιλοξενία),
430 638 551 678 λοιπὸν
571 638 672 680 αὐτὸς
691 638 753 674 οὐκ
772 637 823 673 ἔτι
841 631 1003 684 ἀνέχεται
1024 628 1080 667 διὰ
1105 628 1165 666 λό-

143 718 214 753 γων
235 701 297 748 τὴν
316 701 538 752 παράκλησιν
557 701 756 743 ποιεῖσθαι,
774 693 863 733 ἀλλὰ
883 695 942 731 καὶ
963 692 1041 743 βίαν
1055 688 1166 728 ἐπιτί-

145 767 240 811 θησι.
262 762 329 801 Διὰ
348 777 450 800 τουτο
467 760 525 799 καὶ
543 763 560 798 ὁ
583 758 732 810 Χριστὸς
750 757 867 807 ἔλεγε·
886 751 1034 792 Βιασται
1052 749 1166 803 ἁρπά-

144 827 240 868 ζουσι
272 823 335 871 τὴν
375 821 553 874 βασιλείαν
587 822 656 858 τῶν
693 819 860 870 οὐρανῶν.
884 814 995 853 Ἔνθα
1028 813 1095 864 γὰρ
1125 811 1167 850 ἂν

144 883 377 934 πνευματικὸν
406 882 589 934 πρόκειται
622 879 765 933 κέρδος,
798 877 956 928 εὔκαιρος
976 877 998 920 ἡ
1031 872 1166 924 ἀνάγκη

143 960 202 983 και
220 948 241 990 ἡ
260 944 318 995 βία
337 942 514 989 ἐπαινετή.
534 941 608 980 Καί
622 955 705 979 κατε
692 939 871 986 εὸιάζετο,
892 952 1009 990 φησιν,
1030 934 1166 978 αὐτούς.

144 1005 247 1055 Ἐμοὶ
272 1006 365 1042 δοκεῖ
386 1020 445 1042 και
465 1004 611 1046 ἄκοντας
630 1001 752 1044 αὐτους
771 999 898 1039 ἕλκειν.
928 992 1017 1037 Εἶτα
1044 997 1165 1042 ἐπειδὴ

142 1060 231 1105 εἶδον
248 1066 306 1104 τὸν
326 1065 496 1105 δίκαιον”
478 1081 578 1118 εργον
596 1068 698 1102 τοῦτο
718 1062 913 1114 τιθέμενον,
938 1060 997 1099 καὶ
1021 1062 1058 1098 οὖ
1079 1058 1168 1110 πρό-

143 1143 241 1180 τερον
261 1128 508 1181 ἀφιστάμενον,
531 1129 561 1165 εἷ
588 1126 636 1178 μὴ
654 1126 693 1164 τὸ
710 1123 989 1174 σπουδαζόμενον
1008 1124 1101 1174 αὐτῷ
1120 1123 1169 1165 εἷς

143 1190 242 1241 ἔργον
273 1189 420 1241 ἀγάγοι,
449 1187 664 1235 Ἐξέκλιναν,
695 1185 803 1239 φησὶ,
840 1183 927 1237 πρὸς
960 1182 1078 1229 αὐτὸν,
1108 1181 1167 1220 καὶ

143 1251 302 1298 εἰσῆλθον
323 1253 372 1294 εἷς
401 1251 459 1289 τὸν
491 1243 584 1288 οἷκον
606 1251 723 1287 αὐτοῦ.
762 1247 832 1286 Καὶ
863 1245 1027 1293 ἐποίησεν
1053 1246 1169 1287 αὐτοῖς
1179 1267 1227 1293 [⁴39

144 1314 262 1358 πότον,
281 1313 339 1351 καὶ
361 1311 509 1362 ἀζύμους
529 1310 656 1363 ἔπεψεν
688 1310 824 1356 αὐτοῖς,
856 1307 915 1346 καὶ
944 1307 1071 1359 ἔφαγον
1101 1305 1170 1357 πρὸ
1192 1305 1216 1334 Λ

143 1377 204 1412 τοῦ
219 1375 439 1424 κοιμηθῆναι.
461 1365 561 1415 Εἶδες
581 1372 639 1410 καὶ
660 1373 807 1409 ἐνταῦθα
823 1371 886 1408 οὐκ
905 1370 940 1406 ἐν
959 1371 1002 1420 τῇ
1021 1369 1170 1406 πολυτε-

144 1434 221 1473 λεία
252 1437 315 1481 τῆς
343 1434 518 1487 τραπέζης
549 1433 610 1481 τὴν
648 1431 841 1486 φιλοξενίαν
870 1432 966 1470 ἔπιδε
971 1430 1169 1482 ικνυμέν·ν,τ,

144 1497 266 1535 ἀλλὰ’
250 1512 286 1534 εν
307 1499 350 1548 τῇ
369 1496 530 1549 δαψιλείᾳ
543 1498 606 1542 τ’ἧς
631 1494 794 1547 γνώμης,
816 1494 904 1532 Ἐπε
892 1492 964 1540 ει’δὴ
980 1491 1048 1545 γὰρ
1063 1491 1170 1544 ἴσγυ-

143 1573 202 1596 σεν
220 1557 342 1601 αὐτους
360 1559 558 1609 εἰσαγαγεῖν
576 1560 624 1602 εἷς
643 1557 700 1595 τὸν
718 1561 811 1595 οἰκον
841 1557 959 1602 αὐτοῦ,
984 1553 1109 1597 εὐθέως
1126 1553 1170 1592 τὰ

145 1621 207 1664 τῆς
226 1618 450 1671 φιλοξενίας’
436 1618 665 1657 επεδείκνυτο.
687 1618 790 1657 Καὶὲ
776 1622 904 1660 εκεῑνος
925 1616 987 1668 μεν
1003 1616 1088 1668 πρὸς
1107 1615 1171 1662 τὴν

147 1681 331 1732 θεραπείαν
361 1680 475 1719 αὐτῶν
504 1680 804 1733 παρεσκευάζετο,
824 1679 883 1718 καὶ
907 1679 951 1717 τὰ
969 1681 1031 1725 τῆς
1052 1678 1170 1716 ἑστιά-

146 1757 233 1785 σεως
248 1748 395 1794 παρεῖχε
409 1772 418 1790 ,
434 1742 493 1781 καὶ
505 1749 621 1781 πᾶσαν
637 1741 858 1780 ἐπεδείκνυτο
876 1740 982 1792 τιμὴν
996 1740 1055 1779 καὶ
1074 1743 1175 1791 θερα-

150 1803 250 1841 πείαν
268 1803 352 1855 πρὸς
375 1802 452 1846 τοὺς
480 1803 803 1855 παραγενομένους,
826 1802 1028 1855 ἀνθρώπους
1052 1800 1175 1844 αὐτούς

148 1880 243 1908 τινας
273 1864 388 1908 ὁδίτας
407 1859 493 1904 εἶναι
511 1865 672 1915 νομίζων.
693 1866 739 1904 Οἱ
759 1864 795 1903 δὲ
823 1865 943 1917 ἄνδρες
960 1866 1023 1910 τῆς
1042 1864 1176 1906 πόλεως

149 1928 181 1964 οἱ
196 1927 388 1978 Σοδομῖται
401 1927 686 1979 περιεκύκλωσαν
703 1927 766 1974 τὴν
781 1926 892 1966 οἰκίαν
908 1926 977 1965 ἀπὸ
996 1925 1176 1964 νεανίσκου

150 1988 214 2032 ἕως
234 1988 470 2041 πρεσὸυτέρου
485 2018 495 2036 ,
515 1995 584 2034 πᾶς
605 1991 623 2027 ὁ
647 1989 729 2032 λαὸς
749 1988 844 2040 ἅμα,
873 1988 932 2027 καὶ
953 1987 1178 2033 ἐξεκαλοῦντο
1197 1987 1221 2017 Β

151 2052 208 2090 τὸν
229 2053 333 2098 Λὼτ,
355 2054 413 2091 καὶ
433 2054 552 2105 ἔλεγον
569 2069 653 2105 προς
674 2052 795 2091 αὐτόν·
816 2057 882 2091 ποῦ
900 2054 986 2090 εἰσιν
1006 2054 1036 2090 οἱ
1057 2051 1177 2104 ἄνδρες

151 2124 182 2159 οἱ
213 2121 461 2165 εἰσελθόντες
450 2121 536 2174 πρὸς
566 2121 604 2160 σὲ
623 2120 685 2168 τὴν
706 2120 837 2168 νύκτα,
855 2120 1027 2172 Ἐξοίγαγε
1053 2119 1177 2163 αὐτοὺς

152 2189 237 2241 πρὸς
252 2192 345 2240 ἡμᾶς
358 2218 367 2234 ,
381 2189 437 2226 ἵνα
452 2205 555 2241 συγγε
542 2205 596 2226 -·ν(
592 2188 699 2240 ἰμεθα
713 2190 840 2232 αὐτοῖς.
854 2187 916 2235 Μὴ
936 2188 1055 2231 ἁπλῶς
1067 2204 1178 2239 παρα-

151 2256 351 2308 δρᾶμωμεν,
371 2254 565 2306 ἀγαπητοὶ,
584 2254 628 2292 τὰ
646 2253 811 2307 εἰρημένα
822 2285 832 2304 ,
856 2253 946 2306 μηδὲ
972 2255 1073 2306 μόνον
1094 2254 1178 2292 τού-

151 2339 219 2360 των
239 2323 366 2374 ἴδωμεν
387 2323 450 2370 τὴν
471 2322 598 2374 μανίαν
630 2321 693 2370 τὴν
714 2322 830 2370 πάσης
863 2322 1073 2374 συγγνώμης
1093 2323 1178 2359 ἀπε-

152 2389 391 2443 στερημένην,
427 2391 504 2428 ἀλλ’
543 2389 760 2441 ἐννοήσωμεν
773 2419 782 2437 ,
818 2392 892 2434 πῶς
923 2393 941 2428 ὁ
979 2389 1109 2433 δίκαιος
1144 2391 1179 2427 ἐν

154 2459 250 2511 μέσῳ
269 2457 434 2496 τοιούτων
456 2457 584 2509 θηρίων
603 2456 711 2500 οὕτως
738 2456 936 2495 ἀλλοκότων
955 2458 1073 2504 οἰκῶν,
1089 2455 1181 2494 οὕτω

154 2526 324 2578 διέλαμψε
340 2525 399 2564 καὶ
418 2525 590 2572 τοσαύτης
610 2526 736 2578 ἀρετῆς
755 2524 952 2577 ὃπερὸολὴν
968 2524 1181 2570 ἐπεδείξατο,

153 2593 228 2636 πῶς
244 2593 395 2644 ἐνεγκεῖν
415 2591 569 2640 ἠδυνήθη
601 2591 664 2639 τὴν
687 2592 834 2644 ἀνομίαν
853 2593 982 2641 αὐτῶν,
1013 2595 1089 2636 πῶς
1119 2594 1181 2631 οὐκ

155 2659 259 2711 ἔφυγε
286 2658 350 2706 τὴν
369 2659 489 2698 αὐτόθι
507 2659 659 2708 οἴκησιν,
681 2663 755 2703 πῶς
773 2662 836 2707 τῆς
862 2659 948 2711 πρὸς
967 2658 1090 2704 αὐτοὺς
1111 2660 1183 2698 διαι·

155 2726 280 2772 λέξεως
309 2727 478 2780 ἠνείχετο.
513 2728 617 2776 Πῶς,
638 2727 706 2779 ἐγὼ
738 2727 841 2779 λέγω.
862 2727 1041 2780 Προειδὼς
1065 2731 1084 2767 ὁ
1113 2729 1182 2766 τῶν

156 2795 244 2833 ὅλων
271 2794 451 2843 Δεσπότης
471 2794 533 2843 τὴν
551 2795 838 2847 ὑπερὸάλλουσαν
868 2795 982 2834 αὐτῶν
1001 2795 1184 2849 πονηρίαν,
1205 2801 1230 2833 C

156 2863 361 2917 ᾠκονόμησε
380 2864 437 2902 τὸν
458 2863 589 2902 δίκαιον
607 2868 727 2903 τοῦτον
745 2864 864 2902 αὐτόθι
883 2867 1111 2912 κατοικῆσαι,
1128 2865 1185 2902 ἵνα

160 2931 317 2983 καθάπερ
349 2930 463 2983 ἰατρὸς
491 2932 629 2984 ἄριστος
661 2934 730 2971 τῶν
762 2932 1049 2985 ἀρρωστημάτων
1072 2934 1185 2970 αὐτῶν

160 2996 400 3050 περιγενέσθαι
432 2998 576 3049 δυνηθῇ.
599 2997 690 3037 Ἀλλ’
713 3001 801 3051 δρῶν
821 2999 946 3044 αὐτοὺς
976 2999 1101 3038 ἀνίατα
1127 3015 1187 3038 νο-

161 3067 325 3113 σοῦντας,
346 3065 405 3103 καὶ
426 3065 601 3117 μηδεμίαν
617 3066 803 3118 θεραπείαν
820 3066 1043 3111 ἐπιδέξασθαι
1064 3070 1185 3119 βουλο-

163 3130 285 3181 μένους
295 3163 305 3181 ,
320 3131 397 3170 οὐδὲ
411 3132 518 3176 οὕτως
536 3132 738 3185 ἀφίσταται.
752 3135 918 3172 Τοιοῦτον
929 3133 997 3187 γὰρ
1012 3137 1030 3172 ὁ
1047 3134 1163 3187 ἰατρός
1178 3151 1185 3159 ·

165 3199 228 3237 κᾶν
247 3200 304 3252 ἴδῃ
325 3200 370 3239 τὰ
384 3200 478 3247 πάθη
497 3203 648 3239 νικῶντα
667 3200 730 3248 τὴν
750 3201 888 3253 τέχνην,
914 3203 952 3239 οὐ
974 3201 1123 3241 παύεται
1144 3203 1188 3241 τὰ

166 3268 247 3317 παρ’
269 3268 392 3304 ἑαυτοῦ
422 3268 581 3319 πληρῶν,
608 3266 684 3315 ἵνα,
722 3266 762 3304 ἂν
793 3267 855 3319 μὲν
874 3272 887 3288 ²
901 3271 951 3321 τῷ
969 3269 1084 3322 χρόνῳ
1105 3271 1188 3308 ἀνα-

950 242 1045 272 ΧΙΧ.
1085 238 1246 270 ΟΕΝΕΞ.

1287 237 1443 267 nomn..
1484 236 1607 266 xmu.
2101 222 2187 281 ἦεν]

1237 319 1474 374 perfunctorie
1492 328 1525 356 ct
1551 317 1660 356 verbo
1680 326 1781 355 tenus
1810 325 1946 355 tantuin
1971 317 2191 369 hospimlitu-

1238 391 1307 419 tcin
1330 380 1531 419 indicasses.
1552 382 1598 418 At
1615 392 1682 418 non
1695 380 1815 432 justus
1836 378 1896 416 ille
1915 379 1966 416 sic
1982 394 1989 415 :
2007 378 2067 417 scd
2081 380 2192 430 qnid?

1240 443 1397 482 Videbat
1414 442 1635 481 obluctantes
1654 442 1728 480 suis
1757 441 1942 495 precibus,
1963 450 1996 478 ct
2022 441 2055 478 in
2077 442 2191 494 platca

1239 518 1381 543 manere
1406 504 1574 543 volentes.
1598 503 1673 542 Hoc
1700 511 1819 542 autem
1847 502 2024 540 faciebant
2049 505 2165 556 angeli
2183 536 2192 551 ‚

1238 564 1405 603 virtutem
1417 565 1504 617 justi
1519 565 1636 617 palam
1648 565 1759 603 facere
1767 564 1935 614 volentes,
1947 573 1979 602 et
1995 578 2058 602 nos
2071 579 2193 604 omnes

1237 625 1363 664 docere
1380 634 1510 677 quanta
1526 627 1602 678 ejus
1616 627 1721 664 suerit
1736 626 1971 679 hospitalitas.
1988 627 2112 665 Postea
2131 642 2192 666 au-

1237 694 1308 724 tem
1330 699 1398 723 non
1414 687 1488 738 jam
1510 687 1626 725 verbis
1647 696 1830 725 contentus
1852 696 1902 725 est
1923 687 2117 737 exhortari,
2132 689 2193 728 sed

1236 755 1270 784 et
1300 747 1374 786 vim
1408 747 1502 785 facit.
1539 748 1726 800 Propterea
1756 758 1790 786 ct
1825 748 1990 787 Christus
2023 749 2162 788 dicebat
2183 766 2191 787 :

1237 808 1409 847 Violenti
1426 811 1583 860 rapiunt
1602 822 1759 860 regnum
1787 809 1983 848 caelorum.
2006 811 2078 849 L'bi
2097 811 2191 850 enim

1238 869 1425 922 spirituale
1453 869 1627 908 affulserit
1656 870 1817 919 lucrum,
1845 871 2053 922 tempestiva
2087 872 2193 912 fuerit

1238 930 1403 969 violentia
1418 961 1429 981 ‚
1451 940 1485 969 et
1504 930 1697 969 laudabilis
1717 931 1863 969 coactio.
1888 933 1926 969 5.
1949 933 2003 970 Et
2024 935 2191 984 compel-

1239 992 1499 1044 lebat,inquit‚
1514 1006 1592 1031 eos.
1610 992 1705 1030 Mihi
1723 1001 1842 1030 autem
1861 991 2004 1031 videtur
2017 1003 2049 1032 et
2064 995 2194 1033 invitos

1239 1069 1297 1094 eos
1318 1055 1505 1094 attrahere.
1535 1054 1674 1094 Deinde
1704 1053 1764 1099 ubi
1796 1052 1963 1092 viderunt
1982 1056 2117 1107 justum
2146 1057 2193 1094 ita

1239 1116 1447 1164 ferventem,
1461 1116 1708 1168 nolentemque
1726 1115 1907 1162 desistere,
1925 1116 1991 1153 nisi
2011 1117 2083 1154 voti
2099 1132 2193 1155 coni—

1240 1192 1304 1231 pos
1325 1178 1437 1229 lieret,
1458 1179 1777 1227 Declinavemnt,
1802 1177 1934 1228 inquit,
1957 1179 2011 1216 ad
2035 1193 2135 1228 eum,
2159 1190 2193 1217 et

1242 1245 1484 1280 intraverunt
1501 1245 1540 1279 1'n
1558 1242 1711 1280 domum
1731 1243 1829 1292 ejus.
1846 1242 2006 1296 Etfecit
2026 1244 2080 1280 eis
2099 1256 2170 1281 con
2183 1266 2193 1270 -

1244 1305 1386 1341 vivium
1404 1333 1414 1352 ,
1435 1311 1473 1341 et
1492 1307 1595 1342 coxit
1626 1304 1936 1357 infermentatum
1965 1314 1999 1342 et
2016 1305 2193 1342 comede-

1241 1372 1346 1412 runt,
1368 1366 1407 1403 4.
1432 1374 1644 1416 antequam
1671 1367 1770 1403 irent
1797 1366 1980 1404 cubitum.
2006 1365 2141 1406 Vidisti
2163 1377 2194 1404 et

1241 1424 1379 1464 hicnon
1396 1426 1431 1463 in
1455 1435 1636 1464 sumtuosa
1655 1439 1775 1464 mensa
1788 1425 2068 1478 hospitalitatem
2083 1436 2197 1467 osten—

1241 1488 1299 1539 di,
1331 1487 1393 1526 sed
1410 1488 1530 1540 potius
1549 1487 1584 1526 in
1603 1487 1816 1527 liberalitate
1834 1488 1992 1528 mentis.o
2011 1490 2103 1528 Nam
2128 1499 2196 1529 sta-

1242 1550 1308 1589 tim
1335 1559 1375 1589 ut
1406 1564 1464 1588 eos
1490 1549 1660 1589 inducere
1686 1550 1804 1603 potuit
1838 1551 1874 1589 in
1903 1551 2052 1590 domum
2079 1566 2195 1597 suam,

1243 1611 1643 1664 nullumhospitalitatis
1654 1611 1813 1651 officium
1820 1612 2056 1665 praetermisit.
2071 1613 2116 1652 Et
2125 1613 2198 1666 ipse

1243 1673 1389 1724 quidem
1418 1673 1456 1710 in
1482 1672 1677 1710 ministerio
1705 1683 1898 1726 occupatus
1923 1683 2012 1725 erat,
2040 1684 2073 1713 et
2101 1674 2198 1713 cibos

1244 1733 1422 1787 apposuit,
1436 1743 1469 1772 et
1488 1747 1628 1771 omnem
1643 1733 1814 1772 honorem
1833 1734 2041 1786 cultumque
2062 1736 2198 1789 impen-

1244 1795 1297 1833 dit
1315 1794 1530 1847 hospitibus,
1545 1794 1708 1832 homines
1723 1808 1781 1833 eos
1795 1803 1827 1833 et
1845 1795 1994 1834 viatores
2022 1797 2197 1848 quosdam

1245 1870 1319 1894 esse
1346 1864 1487 1908 putans.
1520 1855 1605 1893 Vin·
1632 1863 1760 1894 autem
1791 1858 1959 1895 clvitatis
1993 1857 2199 1898 Sodomitce

1245 1917 1581 1957 circumdederunt
1607 1917 1764 1954 domum
1791 1931 1816 1955 a
1836 1919 1981 1970 juvene
2009 1933 2129 1972 usque
2148 1922 2202 1958 ad

1248 1993 1400 2026 senem,
1422 1980 1546 2017 omnis
1564 1977 1731 2029 populus
1750 1979 1925 2028 simul&
1931 1989 1995 2019 ,εἰ
2015 1994 2198 2020 evocave-

1247 2049 1338 2080 runt
1365 2041 1453 2090 Lot,
1467 2047 1505 2078 et
1525 2040 1709 2077 dixerunt
1724 2041 1783 2078 ei:
1808 2041 1883 2079 Ubi
1909 2051 1997 2080 sunt
2019 2045 2103 2092 νινὶ,
2134 2047 2201 2095 qni

1246 2112 1333 2141 sunt
1351 2102 1512 2153 ingressi
1537 2100 1591 2138 ad
1605 2108 1642 2138 te
1663 2102 1928 2140 noctePEduc
1947 2116 2010 2142 eos
2035 2105 2087 2142 ad
2116 2119 2198 2146 nos,

1248 2173 1290 2202 ut
1311 2175 1490 2201 coeamus
1516 2175 1601 2198 cum
1618 2164 1683 2199 eis.
1712 2163 1767 2200 Ne
1786 2163 2025 2214 perfunctorie
2046 2173 2201 2204 transea—

1247 2238 1328 2262 mus
1360 2236 1440 2274 quae
1469 2221 1565 2259 dicta
1592 2231 1688 2271 sunt,
1712 2222 1914 2272 carissimi,
1937 2234 1971 2263 et
2000 2239 2069 2264 non
2091 2226 2206 2265 solum

1248 2286 1398 2324 istorum
1416 2282 1602 2323 videamus
1621 2283 1797 2323 insaniam
1816 2285 1914 2324 nulla
1936 2287 2038 2326 venia
2057 2287 2207 2340 dignan-

1246 2347 1356 2398 dam3
1373 2345 1435 2385 sed
1451 2354 1486 2384 et
1508 2344 1720 2397 cogitemus,
1737 2347 1916 2398 quomodo
1931 2349 2050 2401 justus
2072 2350 2106 2387 in
2128 2365 2206 2388 mc-

1247 2409 1308 2448 dio
1334 2418 1409 2448 tam
1433 2409 1718 2448 truculentarum
1738 2409 1932 2447 bestiarum
1954 2410 2138 2460 habitans,
2160 2411 2208 2449 ita

1248 2470 1436 2510 excellenti
1453 2471 1587 2510 virtute
1606 2469 1762 2520 fulserit,
1777 2470 1955 2522 quomodo
1975 2472 2065 2510 serre
2085 2482 2208 2524 potue—

1251 2533 1298 2571 rit
1318 2532 1543 2584 iniquitatem
1563 2546 1705 2583 corum,
1720 2531 1898 2583 quomodo
1921 2546 1989 2570 non
2005 2533 2134 2584 sugerit
2149 2547 2207 2571 eo-

1251 2608 1333 2632 rum
1366 2593 1548 2634 civitatem
1566 2623 1575 2643 ,
1611 2592 1791 2645 quomodo
1825 2593 1875 2632 eis
1907 2594 2002 2645 loqui
2044 2596 2207 2646 potuerit.

1252 2654 1466 2705 Quomodo,
1486 2668 1550 2707 ego
1578 2654 1711 2693 dicam.
1733 2655 1900 2694 Universi
1921 2655 2097 2694 Dominus
2121 2671 2210 2709 prae-

1253 2718 1377 2758 videns
1405 2715 1616 2769 stupendam
1653 2716 1798 2754 illorum
1824 2716 2039 2768 nequitiam,
2068 2717 2211 2771 dispen-

1255 2779 1362 2829 savit⁷
1382 2787 1422 2815 ut
1442 2778 1562 2829 justus
1587 2790 1628 2814 eo
1647 2776 1717 2815 loci
1735 2776 1961 2816 domicilium
1981 2777 2146 2829 haberet,
2173 2788 2210 2816 ut

1256 2841 1347 2879 sicut
1374 2838 1531 2891 optimus
1550 2837 1710 2875 medicus
1730 2837 1873 2876 morbos
1900 2852 2022 2877 eorum
2047 2839 2211 2878 emenda—

1257 2911 1319 2941 ret.
1340 2902 1478 2940 Verum
1501 2898 1625 2937 videns
1654 2913 1689 2937 sc
1710 2913 1793 2937 eura
1823 2915 1884 2938 sua
1910 2901 2001 2939 nihil
2026 2901 2212 2954 proficere,

1259 2972 1292 3002 et
1323 2962 1404 3000 illos
1434 2960 1570 2998 nullam
1601 2960 1692 2998 velle
1724 2959 1897 3000 medelam
1928 2963 2122 3016 suscipere,
2144 2978 2213 3002 non

1259 3032 1446 3078 propterea
1459 3036 1478 3059 a
1494 3036 1578 3060 cura
1605 3021 1751 3060 destitit.
1772 3022 1888 3062 Habet
1905 3025 2000 3063 enim
2019 3025 2115 3063 hunc
2141 3040 2215 3063 ino-

1261 3100 1336 3124 rem
1355 3084 1538 3123 medicus:
1559 3082 1722 3134 quamvis
1739 3083 1858 3123 videat
1878 3085 2022 3124 morbos
2042 3100 2116 3125 csse
2137 3101 2214 3137 gra-

1263 3147 1378 3185 viores
1397 3159 1504 3196 quain
1527 3153 1564 3181 ut
1583 3153 1656 3182 arte
1677 3146 1792 3183 curari
1817 3147 1975 3198 possint,
1997 3161 2065 3185 non
2086 3148 2218 3185 omittit

1264 3217 1379 3245 tamon
1397 3205 1556 3244 officium
1577 3219 1696 3257 suum,
1718 3215 1768 3255 ut,
1791 3207 1819 3245 si
1838 3208 1927 3246 sorte
1944 3208 2056 3261 possit
2083 3223 2217 3260 regrum

1265 3270 1320 3308 vel
1350 3269 1455 3319 longo
1484 3277 1642 3321 tempore
1670 3282 1844 3321 reparare,
1866 3270 2104 3322 prtcstantiam
2134 3271 2218 3306 artis

2208 822 2318 850 ΜααΙΙ.

2209 872 2255 894 12.

210 3388 223 3403 ³
247 3377 347 3412 Sar-il.
366 3386 399 3412 et
425 3377 562 3423 quidam
588 3381 662 3413 Mss.
690 3390 732 3424 τῷ
756 3388 854 3426 χρόνῳ
879 3388 1174 3429 περιγένηται,οὶνα-
1209 3384 1302 3426 parvi
1318 3383 1481 3417 momenti
1497 3381 1665 3415 exhibent.

168 3435 345 3471 κτήσασθαι,
359 3438 423 3466 etc.
440 3432 483 3465 Et
499 3431 598 3475 paulo
614 3440 690 3474 post
714 3431 812 3466 iidem
830 3432 957 3477 aliquot
982 3433 1175 3468 discrimina
