2516 3791
852 162 894 192 ΙΝ
932 162 1129 193 ΟΕΝΙΞΒΙΜ

512 297 676 336 ΛΟΓΟΣ
695 295 737 340 ς’.

110 421 220 474 ιΠερὶ
242 424 302 460 τοῦ
323 418 433 468 ξύλου,
457 421 487 457 εἰ
505 418 539 463 ἐξ
561 419 692 458 ἐκείνου
715 421 854 472 γέγονεν
881 424 904 468 ἡ
928 421 1054 472 γνῶσις
1074 421 1135 458 τοῦ

160 483 267 520 καλοῦ
292 481 352 520 καὶ
375 485 435 520 τοῦ
462 485 614 531 πονηροῦ
635 483 686 535 τῷ
715 481 838 534 Ἀδὰμ,
858 481 880 528 ἢ
901 481 962 520 καὶ
985 481 1054 533 πρὸ
1073 483 1137 527 τῆς

161 542 323 595 βρώσεως
354 536 428 595 εἶχε
457 541 520 590 τὴν
553 543 738 594 διάγνωσιν
769 542 920 590 ταύτην·
946 545 981 581 ἐν
1012 535 1042 594 ᾧ
1075 542 1136 580 καὶ

157 605 238 656 περὶ
262 603 436 651 νηστείας,
455 603 515 642 καὶ
539 602 620 655 περὶ
644 607 704 642 τοῦ
723 604 792 642 δεῖν
815 606 850 643 ἐν
871 603 966 656 οἰκίᾳ
985 604 1134 655 μελετᾷν

156 665 201 704 τὰ
223 666 394 718 λεγόμενα
409 667 444 703 ἐν
463 663 643 715 ἐκκλησίᾳ.

156 840 260 879 dnm
288 839 352 890 μὲν
379 838 442 887 τὴν
472 838 648 887 νηστείαν,
670 838 723 878 ὅτι
762 838 882 893 μήτηρ
912 839 1135 893 σωφροσύνης

102 901 218 948 ἐστὶν,
239 901 299 939 καὶ
317 900 413 952 πηγὴ
438 900 644 954 φιλοσοφίας
669 899 826 948 ἁπάσης·
842 903 933 954 φιλῶ
958 900 994 940 δὲ
1025 900 1133 948 αὐτὴν

102 962 161 1002 καὶ
177 963 220 1000 δι’
240 965 342 1013 ὑμᾶς,
359 962 419 1001 καὶ
445 961 503 1001 διὰ
537 962 600 1010 τὴν
634 962 805 1014 ὑμετέραν
831 963 986 1014 ἀγάπην,
1006 963 1061 1002 ὅτι
1077 978 1136 1014 μοι

100 1025 230 1073 ταύτην
248 1025 312 1072 τὴν
331 1024 426 1079 ἱερὰν
443 1025 503 1063 καὶ
528 1024 648 1076 τιμίαν
669 1027 767 1076 ὑμῶν
789 1024 966 1077 συνήγαγε
980 1024 1134 1073 σύνοδον,

101 1088 161 1126 καὶ
179 1087 223 1126 τὰ
247 1087 445 1137 ποθούμενα
473 1086 647 1141 πρόσωπα
677 1086 798 1126 δίδωσι
820 1086 926 1125 πάλιν
948 1087 1029 1125 ἰδεῖν
1042 1115 1052 1134 ,
1075 1086 1134 1125 καὶ

102 1148 251 1202 παρέχει
269 1148 358 1200 μετὰ
373 1148 490 1193 ἀδείας
510 1151 723 1201 ἐντρυφῆσαι
741 1151 785 1200 τῇ
805 1149 897 1199 καλῇ
915 1147 1026 1201 ταύτῃ
1046 1164 1136 1187 παν·

101 1210 222 1264 ηγύρει
245 1211 305 1249 καὶ
330 1212 445 1264 ἑορτῇ.
466 1210 537 1249 Καὶ
557 1210 627 1264 γὰρ
642 1210 701 1248 καὶ
717 1209 913 1263 πανήγυριν
934 1210 994 1249 καὶ
1011 1209 1136 1264 ἑορτὴν

103 1272 162 1309 καὶ
189 1270 297 1324 μυρία
327 1271 441 1323 ἀγαθὰ
467 1273 530 1310 οὐκ
555 1271 598 1310 ἄν
620 1287 674 1315 τις
696 1271 848 1324 ἁμάρτοι
872 1271 936 1319 τὴν
962 1271 1135 1325 ὑμετέραν

102 1331 241 1371 σύνοδον
267 1331 480 1385 προσειπών.
497 1333 541 1371 Εἰ
560 1333 628 1384 γὰρ
653 1334 701 1377 εἷς
726 1332 857 1384 ἀγοράν
884 1348 936 1376 τις
952 1332 1131 1384 ἐμὸαλὼν,

101 1393 160 1431 καὶ
180 1393 230 1432 ἑνὶ
251 1393 497 1446 συντυγχάνων
524 1393 628 1446 φίλῳ,
646 1392 818 1437 πολλάκις
836 1400 953 1431 πᾶσαν
979 1393 1130 1445 ἀθυμίαν

99 1454 319 1493 ἀποτίθεται·
338 1458 440 1506 ἡμεῖς
461 1456 523 1492 οὖκ
540 1456 588 1498 εἷς
608 1454 752 1508 ἀγορὰν,
771 1455 849 1494 ἀλλ’
875 1456 923 1499 εἷς
937 1455 1128 1503 ἐκκλησίαν
1151 1478 1176 1509 E

99 1519 332 1564 ἀπαντῶντες,
351 1517 411 1554 καὶ
438 1518 502 1568 οὐχ
525 1516 575 1555 ἑνὶ
597 1516 893 1569 συντυγχάνοντες
914 1517 1017 1570 φίλῳ,
1038 1518 1129 1557 ἀλλὰ

98 1578 273 1622 τοσούτοις
287 1577 347 1616 καὶ
365 1577 531 1622 τοιούτοις
547 1578 707 1630 ἀδελφοῖς
720 1577 779 1616 καὶ
796 1578 953 1631 πατράσι
972 1580 1129 1631 συγγινό-

98 1643 297 1689 μενοι,πι“ὁς
318 1640 357 1678 οὗ
384 1645 501 1677 πᾶσαν
529 1638 780 1689 ἀποθησόμεθα
801 1639 973 1690 ἀθυμίαν,
988 1643 1062 1684 πῶς
1089 1643 1127 1679 οὐ

98 1707 214 1740 πᾶσαν
231 1699 356 1747 ἡδονὴν
372 1699 718 1752 καρπ1ι1σόμεθα;οὐ
731 1699 799 1754 γὰρ
812 1703 863 1754 τῷ
876 1700 1003 1748 πλήθει
1023 1702 1127 1752 μόνον

97 1757 195 1806 οὗτος
224 1762 367 1814 βελτίων
385 1765 403 1799 ὃ
419 1761 588 1813 σύλλογος
609 1763 678 1800 τῶν
708 1762 894 1815 συνεδρίων
914 1765 982 1801 τῶν
1002 1766 1037 1803 ἐν
1052 1770 1129 1808 ταῖς

98 1826 255 1878 ἀγοραῖς,
288 1823 378 1862 ἀλλὰ
401 1823 461 1862 καὶ
492 1824 577 1873 αὐτῇ
597 1826 641 1875 τῇ
662 1823 762 1876 φύσει
786 1826 848 1869 τῆς
867 1824 1061 1870 διαλέξεως.
1079 1828 1126 1865 Οἱ

98 1885 161 1935 μὲν
185 1885 252 1937 γὰρ
271 1887 306 1923 ἐν
333 1888 474 1937 ἀγοραῖς
498 1884 759 1939 συνεδρεύοντες
774 1886 833 1924 καὶ
850 1886 940 1937 μετὰ
963 1888 1125 1935 ἀλλήλων

97 1947 353 1998 συγκαθήμενοι
380 1946 518 2000 κύκλῳ,
544 1947 713 1991 πολλάκις
741 1947 801 1986 καὶ
831 1948 912 2001 περὶ
948 1950 1178 2012 ἀνονήτων671

1166 163 1315 194 SERMO
1356 165 1415 195 Vt.
2074 174 2161 220 777

1557 303 1727 344 SERMO
1759 308 1820 347 Vl.

1210 424 1272 461 De
1287 424 1407 477 lign0‚
1427 439 1480 464 an
1499 441 1547 465 ex
1562 441 1606 466 eo
1632 432 1888 482 cognitionem
1911 433 2002 470 boni
2017 442 2051 471 et
2068 436 2163 473 mali

1260 484 1442 525 Adamas
1465 489 1626 540 adeptus
1652 493 1714 539 sit,
1735 505 1789 529 an
1814 506 1909 530 vcro
1937 503 2029 532 ante
2043 510 2162 547 quam

1259 547 1401 594 ederet,
1431 548 1506 587 hac
1528 550 1782 602 dignoscendi
1805 555 2001 605 facultate
2023 559 2162 608 prwdi—

1258 615 1320 645 tus
1334 609 1465 660 suerit
1485 626 1494 647 :
1517 613 1685 664 itemque
1712 614 1761 651 de
1784 616 1950 666 jejunio,
1984 626 2020 655 et
2060 621 2165 671 quod

1257 678 1433 720 oporteat
1464 672 1571 710 domi
1601 674 1784 713 meditari
1819 689 1906 727 quoe
1930 680 1972 714 in
1999 679 2163 717 ecclesia

1256 730 1452 770 dicuntur.

1157 846 1182 876 D
1259 838 1293 873 1.
1322 838 1507 890 Jejunium
1521 841 1667 893 quidem
1679 841 1795 896 diligo
1809 844 1906 896 quod
1922 848 2161 899 temperantia:

1203 896 1250 936 sit
1273 911 1414 950 parcns,
1436 910 1469 939 et
1498 902 1577 941 fons
1609 904 1725 943 omnis
1751 905 1987 959 philosophiae
2011 924 2018 944 ε
2040 908 2102 947 5011
2128 918 2162 946 01

1204 960 1296 1000 illud
1312 973 1457 1016 propter
1471 979 1534 1005 vos
1546 966 1674 1020 diligo,
1689 978 1723 1007 et
1737 979 1884 1022 propter
1902 981 2057 1011 vesu-am
2073 975 2162 1011 eari-

1205 1033 1325 1074 tatem,
1337 1027 1435 1077 quod
1445 1027 1541 1068 hunc
1550 1030 1638 1068 mihi
1652 1045 1792 1070 sacrum
1807 1042 1912 1084 atque
1921 1035 2161 1073 venerandum

1205 1096 1335 1126 coetum
1355 1090 1520 1141 coegerit,
1535 1091 1644 1143 idque
1657 1103 1811 1146 praestet,
1827 1104 1866 1132 ut
1884 1105 2023 1148 optatos
2041 1098 2162 1135 vultus

1204 1157 1337 1186 vestros
1352 1149 1482 1189 intueri
1496 1153 1686 1204 possimuS,
1706 1164 1740 1193 et
1758 1155 1941 1205 concedat,
1967 1166 2006 1195 ut
2025 1156 2094 1195 1100
2107 1172 2162 1196 sa-

1205 1223 1265 1248 cro
1283 1221 1460 1250 conventu
1485 1227 1527 1251 ac
1546 1214 1741 1253 festivitate
1757 1229 1839 1254 cum
1858 1216 1993 1255 fiducia
2013 1217 2161 1257 delecte-

1204 1284 1298 1309 mur.
1314 1273 1399 1317 *Non
1423 1273 1520 1312 enim
1536 1275 1671 1313 errabit
1693 1275 1736 1325 is,
1751 1276 1816 1327 qui
1835 1290 2040 1317 consessum
2065 1280 2160 1318 hunc

1202 1342 1362 1372 vestrum
1386 1343 1419 1373 et
1439 1349 1582 1374 sacrum
1605 1346 1833 1388 conventum,
1850 1348 1886 1377 et
1912 1340 2158 1390 festivitatem,

1199 1402 1232 1432 et
1245 1394 1316 1433 alia
1333 1405 1498 1435 sexcenta
1519 1396 1613 1436 bona
1632 1400 1859 1452 nuncuparit.
1874 1401 1968 1440 Nam
1993 1402 2023 1440 si
2047 1402 2082 1440 in
2107 1404 2159 1441 so-

1198 1469 1279 1494 rum
1301 1457 1482 1509 profectus
1500 1458 1692 1512 quispiam,
1711 1469 1745 1499 et
1763 1461 1799 1499 in
1822 1461 1979 1514 aliquem
1999 1463 2158 1503 incidens

1197 1531 1243 1556 cx
1259 1518 1399 1567 amicis,
1416 1533 1560 1559 omnem
1575 1535 1667 1574 saepe
1683 1522 1867 1561 tristitiam
1881 1524 2052 1577 abstergit
2071 1542 2078 1562 :
2095 1541 2158 1565 1105

1197 1579 1259 1630 qui
1284 1594 1352 1619 non
1377 1581 1414 1619 in
1440 1582 1571 1631 sorum,
1591 1582 1654 1621 sed
1673 1582 1709 1621 in
1725 1583 1910 1623 ecclesiam
1930 1587 2106 1637 venimus,
2124 1598 2157 1626 et

1197 1636 1234 1675 in
1251 1652 1480 1690 congressum
1504 1654 1568 1679 nos
1592 1640 1721 1681 damus
1737 1656 1807 1682 non
1825 1647 1931 1683 11111115
1950 1646 2071 1696 amici,
2095 1648 2155 1686 sed

1196 1706 1270 1737 tam
1297 1700 1495 1740 multorum
1526 1716 1568 1741 ac
1594 1703 1722 1743 talium
1749 1705 1901 1744 fratrum
1929 1717 2154 1761 patrumque,

1197 1760 1258 1811 qui
1278 1761 1356 1800 ficri
1373 1763 1516 1815 poterit,
1540 1773 1579 1803 ut
1603 1779 1672 1804 11011
1693 1780 1835 1805 0111110111
1865 1769 2070 1810 moestitiam
2091 1772 2154 1810 dc-

1194 1835 1380 1874 ponamus,
1396 1838 1466 1863 non
1479 1824 1606 1864 laetitia
1621 1827 1718 1865 omni
1746 1828 1937 1868 fruamur?
1958 1832 2038 1871 Non
2058 1834 2153 1872 enim

1192 1891 1338 1935 propter
1355 1884 1628 1924 multitudinem
1651 1896 1790 1926 tantum
1816 1890 1942 1929 melior
1961 1901 2012 1930 cst
2038 1894 2151 1933 soren-

1191 1943 1290 1982 sibus
1322 1945 1394 1985 illis
1424 1947 1574 1986 coetibus
1600 1948 1660 1987 hic
1687 1963 1882 2001 consessus,
1914 1953 1977 1992 5011
2006 1965 2151 2008 propter

2182 447 2254 475 Cen.
2269 458 2293 477 2,
2317 459 2361 486 ¹7·

2177 499 2237 526 sqq<

2235 1859 2354 1897 Quanto

2166 1901 2268 1929 utilius
2319 1904 2356 1930 sit

2165 1944 2354 1971 counionihm

2186 1986 2325 2013 1111010550
2346 2009 2352 2017 ,

96 2007 313 2060 διαλέγονται
334 2008 571 2061 πραγμάτων,
589 2007 650 2046 χαὶ
663 2008 802 2061 ψυχρὰν
827 2009 1024 2062 εἰσάγουσιν
1045 2014 1122 2062 6314-
1143 2026 1168 2055 A
1190 2006 1303 2058 ips-'lm
1321 2007 1583 2060 colloquiorum
1613 2009 1868 2050 conditionem.
1887 2014 1979 2052 Nam
2000 2015 2053 2053 llll
2068 2017 2150 2068 qlll-
2163 2037 2250 2063 quain
2284 2038 2353 2064 pro-

96 2069 187 2116 λίαν,
206 2070 265 2109 καὶ
279 2070 484 2123 φθέγγονται
499 2071 580 2122 περὶ
598 2074 667 2109 τῶν
684 2071 780 2110 οὐδὲν
800 2073 915 2116 αὐτοῖς
934 2073 1124 2124 προσηκον·

96 2147 176 2170 των.
194 2131 264 2170 Καὶ
283 2131 350 2183 γὰρ
370 2131 553 2182 εἰώθαμεν,
571 2133 619 2175 ὡς
634 2131 678 2170 τὰ
701 2133 815 2172 πολλὰ
827 2164 836 2181 ,
855 2133 948 2184 μετὰ
968 2135 1124 2178 πλείονος

92 2193 247 2240 σπουδῆς
267 2193 311 2232 τὰ
342 2192 509 2244 ἀλλότρια
534 2193 821 2245 περιεργάζεσθαι
850 2196 909 2232 καὶ
943 2197 1124 2250 πολυπρα-

93 2260 248 2305 γμονεῖν.
275 2253 361 2293 (Ότι
383 2253 446 2305 μὲν
472 2248 529 2291 οῧν
549 2255 643 2292 ἐστιν
675 2254 863 2307 ἐπισφαλὲς
881 2256 940 2293 καὶ
968 2256 1123 2295 κίνδυνον

94 2314 192 2366 ἔχον,
210 2314 254 2353 τὰ
281 2314 423 2368 ῥήματα
443 2314 601 2368 προϊέναι
630 2315 691 2353 καὶ
710 2315 845 2354 ἀκούειν
875 2322 1020 2356 τοιαῦτα
1033 2349 1043 2367 ‚
1063 2318 1123 2356 καὶ

93 2390 144 2412 πα
150 2376 234 2427 ρασύ
240 2380 357 2430 ρεσθαι
369 2406 378 2424 ,
394 2376 454 2414 καὶ
467 2375 590 2415 πολλοὶ
606 2376 775 2422 πολλάκις
791 2378 860 2416 ἀπὸ
874 2381 945 2417 τῶν
958 2379 1121 2419 τοιούτων

94 2436 277 2487 συνεδρίων
295 2440 465 2489 χειμῶνες
481 2437 748 2491 ἐπῃωρίσθησαν
769 2441 803 2478 ἐν
816 2440 953 2489 οἰκίαις,
967 2441 1121 2494 παρίημι

93 2501 171 2536 νῦν·
191 2498 245 2536 ὅτι
271 2497 306 2536 δὲ
338 2497 501 2546 ἀνόνητος
527 2499 587 2537 καὶ
608 2499 727 2553 ψυχρὰ
759 2500 818 2538 καὶ
849 2502 997 2553 βιωτικὴ
1022 2510 1121 2543 πᾶσα

92 2557 205 2604 ἐκείνη
231 2562 253 2605 ἡ
283 2558 449 2608 διάλεξις,
482 2559 541 2598 καὶ
573 2561 808 2611 πνευματικὸς
848 2563 949 2615 λόγος
985 2567 1048 2604 οὐκ
1078 2566 1119 2604 ἄν

91 2635 174 2659 ποτε
195 2620 329 2674 ταχέως
360 2623 408 2665 εἷς
437 2625 590 2660 τοιοῦτον
620 2623 768 2661 εἰσέλθοι
801 2624 981 2678 σύλλογον,
1010 2628 1119 2672 οὐδεὶς

91 2681 257 2720 ἀντείποι.
276 2682 450 2721 Ἐνταῦθα
471 2684 507 2722 δὲ
526 2684 592 2736 οὐχ
609 2683 734 2733 οὕτως,
755 2686 831 2724 ἀλλ’
861 2687 953 2726 ἅπαν
972 2690 1117 2728 τούναν-

91 2742 180 2780 τίον·
207 2749 305 2781 πᾶσα
332 2742 394 2793 μὲν
423 2743 491 2797 γὰρ
517 2745 665 2797 ἀκερδὴς
693 2747 842 2792 διάλεξις
874 2750 1117 2800 ἀπελήλαται,

91 2809 188 2842 πᾶσα
215 2803 251 2842 δὲ
282 2806 502 2855 πνευματικὴ
533 2807 742 2847 διδασκαλία
773 2810 1022 2858 εἰσενήνεκται.
1046 2814 1116 2852 Καὶ

90 2864 158 2916 γὰρ
175 2864 255 2917 περὶ
271 2867 385 2918 ψυχῆς
407 2868 470 2912 τῆς
496 2867 668 2921 ἡμετέρας
688 2871 937 2923 διαλεγόμεθα,
968 2874 1028 2912 καὶ
1047 2878 1115 2913 τῶν

88 2928 185 2978 μιγῇ
205 2925 450 2979 προσηκόντων
468 2929 620 2979 ἀγαθῶν,
643 2929 703 2968 καὶ
724 2932 805 2984 περὶ
829 2937 898 2972 τῶν
922 2936 1111 2987 ἀποκειμέ-

89 3004 155 3025 νων
175 2990 209 3026 ἐν
226 2994 296 3032 τοῖς
314 2989 468 3041 οὐρανοῖς
485 2990 674 3042 στεφάνων,
689 2992 750 3030 καὶ
763 2994 843 3046 περὶ
856 2999 926 3034 τῶν
940 2999 1114 3050 λαμπρῶν

89 3049 186 3099 βίων,
209 3049 268 3087 καὶ
286 3050 366 3101 περὶ
381 3053 444 3096 τῆς
460 3051 721 3103 φιλανθρωπίας
746 3057 807 3094 τοῦ
827 3057 920 3095 Θεοῦ
934 3088 944 3106 ,
960 3059 1020 3097 καὶ
1034 3059 1114 3111 περὶ

88 3109 150 3152 τῆς
167 3107 329 3159 προνοίας
340 3112 399 3146 τοῦ
412 3109 552 3157 παντὸς,
569 3111 629 3148 καὶ
643 3111 724 3163 περὶ
740 3114 808 3151 τῶν
821 3114 935 3154 ἄλλων
950 3117 1113 3155 ἁπάντων

89 3167 155 3203 τῶν
177 3165 330 3216 μάλιστα
353 3167 599 3218 προσηκόντων
615 3172 713 3220 ἡμῖν,
734 3170 794 3209 καὶ
811 3171 900 3217 τίνος
919 3173 1033 3213 ἕνεκεν
1051 3192 1113 3225 γε-

89 3224 250 3275 γόναμεν,
291 3227 351 3264 καὶ
377 3227 461 3266 ποία
499 3228 588 3279 μετὰ
630 3230 693 3277 τὴν
725 3233 878 3272 ἐντεῦθεν
913 3236 1114 3286 ἀποδημίαν

1188 2067 1271 2107 (10111
1295 2069 1332 2107 111
1360 2070 1437 2109 foro
1466 2071 1698 2122 considentes,
1726 2082 1760 2111 et
1787 2073 1824 2112 in
1848 2075 1972 2114 orbem
1999 2076 2089 2116 inter
2114 2093 2150 2117 50

1190 2130 1342 2181 collecti,
1367 2140 1473 2183 atque
1495 2132 1531 2170 in
1549 2132 1695 2172 circulis
1717 2134 1822 2173 otiosi
1848 2149 2006 2190 perszrpc
2031 2138 2077 2177 de
2094 2155 2148 2178 re-

1189 2190 1258 2229 bus
1298 2192 1486 2232 inutilibus
1521 2208 1700 2233 sermones
1732 2207 1932 2245 conserunt,
1960 2208 1995 2236 01
2025 2200 2149 2253 jejuna

1189 2253 1454 2305 colloquutione
1479 2255 1642 2294 instituta
1656 2255 1702 2295 de
1718 2256 1762 2295 iis
1774 2257 1884 2297 verba
1907 2259 2054 2311 faciunt,
2069 2277 2149 2314 quae

1186 2313 1233 2353 ad
1250 2314 1347 2367 ipsos
1363 2316 1456 2354 nihil
1479 2317 1640 2356 attinent.
1663 2318 1723 2357 Sic
1750 2319 1845 2358 enim
1861 2321 1933 2360 scre
1948 2322 2003 2372 sit,
2019 2333 2057 2361 ut
2073 2338 2148 2363 ma-

1184 2376 1257 2429 jori
1279 2376 1400 2416 studio
1426 2392 1482 2417 res
1505 2378 1639 2418 alienas
1664 2379 1902 2431 inquiramus,
1918 2391 1952 2420 et
1971 2384 2148 2424 curiosius

1187 2438 1409 2490 indagemus.
1430 2441 1511 2479 Jam
1532 2455 1616 2480 vero
1635 2441 1817 2481 lubricum
1844 2457 1919 2482 esse
1937 2459 1977 2483 ac
1997 2446 2146 2497 periculi

1184 2500 1332 2552 plenum
1370 2501 1455 2539 talia
1486 2502 1597 2540 verba
1627 2502 1778 2541 sundere
1807 2513 1915 2554 atque
1947 2505 2083 2555 audire,
2113 2517 2146 2545 et

1184 2561 1321 2607 seduci,
1342 2563 1544 2614 multasque
1560 2563 1607 2600 ob
1625 2563 1804 2615 ejusmodi
1833 2574 2028 2604 conventus
2054 2567 2146 2605 niul-

1184 2622 1288 2661 toties
1311 2624 1482 2661 excitatas
1496 2638 1570 2662 0550
1589 2624 1625 2662 111
1646 2625 1792 2663 familiis
1822 2634 2064 2678 tempestates,
2083 2628 2142 2666 111-

1185 2698 1262 2722 ccre
1285 2699 1379 2722 nunc
1398 2685 1609 2737 supersedeo
1625 2701 1632 2722 t
1651 2694 1744 2724 certe
1772 2686 1937 2725 inutilem
1957 2703 1997 2726 ac
2015 2703 2144 2727 vanam

1185 2760 1259 2784 csse
1281 2755 1387 2797 atque
1413 2746 1617 2784 saecularem
1647 2761 1788 2785 omnem
1816 2749 1992 2800 ejusmodi
2025 2752 2144 2788 consa-

1183 2803 1414 2851 bulationcm,
1445 2818 1558 2855 neque
1587 2805 1690 2843 facile
1715 2806 1937 2858 spiritualem
1970 2823 2143 2861 umquam

1184 2879 1381 2903 sermonem
1399 2865 1433 2903 in
1451 2865 1626 2917 ejusmodi
1649 2881 1850 2906 consessum
1863 2868 2018 2920 adm‘itti,
2037 2885 2143 2922 nega-

1183 2926 1237 2964 bit
1257 2940 1371 2964 nemo.
1391 2925 1457 2963 Hie
1471 2935 1590 2964 autem
1607 2941 1676 2964 non
1696 2927 1744 2964 ita
1768 2928 1821 2978 sit,
1840 2928 1903 2967 sed
1924 2931 2140 2969 contrarium

1184 2987 1288 3039 plane
1304 3003 1312 3023 ε
1329 2985 1506 3038 siquidem
1526 2987 1641 3026 01111115
1668 2987 1807 3027 inutilis
1831 3004 1947 3028 sermo
1967 2992 2139 3043 rejicitur.

1184 3049 1300 3087 omnis
1316 3063 1401 3087 vero
1420 3048 1581 3087 doctrina
1602 3049 1803 3102 spiritualis
1827 3051 1863 3089 in
1884 3052 2043 3090 111011111111
2060 3069 2139 3105 pro<

1185 3107 1308 3144 sei-tur.
1337 3107 1531 3145 Enimvero
1557 3107 1603 3145 dc
1628 3108 1746 3146 anima
1773 3119 1892 3148 nostra
1922 3111 2140 3157 disserimus,

1183 3167 1299 3218 deque
1325 3167 1429 3206 bonis
1460 3168 1546 3219 illis,
1577 3183 1657 3220 quae
1685 3169 1734 3208 ad
1763 3171 1919 3210 animam
1951 3172 2139 3223 pertinent,

1184 3236 1299 3286 (leque
1323 3236 1488 3289 repositis
1516 3238 1550 3275 in
1570 3236 1655 3276 caelo
1674 3239 1825 3282 coronis,
1845 3239 1890 3276 111·
1918 3239 2074 3277 xirorum
2100 3240 2141 3276 il-

134 3340 145 3354 ¹
170 3331 264 3364 nunc
283 3331 476 3366 Sermonem
494 3342 522 3366 et
541 3343 730 3379 sequentem
743 3337 857 3372 conset·
875 3352 950 3373 cum
968 3341 1092 3374 llomil.
1114 3343 1163 3372 ⁴8.
1187 3352 1281 3384 <upra
1301 3353 1332 3382 ιι.
1356 3342 1430 3375 453,

306 3407 399 3432 Tou.
434 3410 486 3433 tv.

1905 3408 1947 3442 sii

2164 2068 2237 2094 sanis
2280 2079 2351 2095 cou-

2162 2110 2309 2137 ventibue.
