2516 3791
708 236 747 264 ΙΝ
789 236 891 265 CAP-

89 321 151 366 τῆς
173 317 324 360 διανοίας
355 332 435 363 σου,
464 317 599 354 καὶτὸν
627 318 775 364 πλησίον
804 332 864 356 σου
884 319 931 360 ὡς
961 319 1117 356 σεαυτὸν.

90 381 203 418 Τοῦτο
220 379 290 416 τῶν
318 379 450 429 ἀρετῶν
469 378 509 416 τὸ
538 378 745 429 κεφάλαιον,
774 383 874 418 τοῦτο
900 380 1023 417 πασῶν
1052 380 1120 416 τῶν

89 444 149 479 τοῦ
169 442 260 479 Θεοῦ
281 440 429 478 ἐντολῶν
449 442 467 477 ὁ
485 438 653 489 θεμέλιος.
675 441 731 491 ¹271
753 439 820 492 γὰρ
838 440 959 491 ἀγάπῃ
983 443 1026 491 τῇ
1042 440 1121 492 περὶ

89 502 147 541 τὸν
163 502 253 540 Θεὸν
275 501 534 555 συνεισέρχεται
554 501 614 540 καὶ
632 505 653 549 ἡ
673 502 752 554 περὶ
771 502 829 540 τὸν
857 500 1004 548 πλησίον
1033 501 1121 550 ἀγά-

89 580 153 610 πη.
176 561 220 600 Ὁ
234 562 303 616 γὰρ
316 565 462 614 ἀγαπῶν
479 562 537 601 τὸν
558 563 649 601 Θεὸν
669 565 707 601 οὐ
728 561 932 614 περιόψεται
947 561 1004 600 τὸν
1022 561 1120 598 ἀδελ-

90 625 166 678 φὸν,
181 624 258 664 οὐδὲ
278 624 322 663 τὰ
337 625 506 678 χρήματα
525 629 586 662 τοῦ
608 624 735 663 οἰκείου
752 624 877 675 μέλους
895 621 1118 676 προτιμήσει,

90 686 182 725 ἀλλὰ
199 685 331 733 πολλὴν
349 685 428 737 περὶ
459 686 562 724 αὐτὸν
590 685 798 730 ἐπιδείξεται
822 684 884 731 τὴν
901 682 1121 735 φιλοτιμίαν,

91 750 312 798 μεμνημένος
327 750 386 785 τοῦ
404 746 592 800 εἰρηκότος,
609 745 662 784 ὅτι
677 746 723 784 ‘O
748 744 898 791 ποιήσας
923 743 973 781 ἑνὶ
992 742 1122 781 τούτων

91 814 161 848 τῶν
181 811 338 862 ἀδελφῶν
363 824 429 860 μου
454 811 523 846 τῶν
551 807 760 860 ἐλαχίστων,
779 807 858 858 ἐμοὶ
877 805 1032 853 ἐποίησε.
1055 805 1123 843 Καὶ

89 874 228 918 ἐννοῶν,
244 871 297 909 ὅτι
313 870 370 909 διὰ
390 874 452 916 τῆς
469 872 517 914 εἰς
536 870 594 908 τὸν
609 869 796 920 ὁμόδουλον
818 866 1002 922 θεραπείας
1023 867 1125 910 αὐτός

91 936 185 972 ἐστιν
204 936 222 971 ὃ
242 932 285 970 τὰ
312 931 479 983 γινόμενα
496 930 727 981 οἰκειούμενος
746 934 764 969 6
782 933 851 969 τῶν
868 929 1033 968 ἁπάντων
1053 931 1123 967 Δε-

92 992 244 1040 σπότης,
267 991 357 1042 μετὰ
372 991 504 1036 πολλῆς
523 993 585 1036 τῆς
601 989 796 1043 προθυμίας
817 990 956 1028 ἅπαντα
976 989 1123 1042 ἐργάσε-

91 1069 170 1101 ται,
190 1053 249 1091 καὶ
264 1052 397 1100 πολλὴν
416 1051 479 1098 τὴν
500 1051 682 1104 δαψίλειαν
707 1051 787 1104 περὶ
806 1050 867 1098 τὴν
889 1049 1123 1100 ἐλεημοσύνην

89 1114 310 1159 ἐπιδείξεται,
339 1116 377 1152 οὐ
407 1114 492 1167 πρὸς
514 1112 577 1159 τὴν
599 1112 771 1151 εὐτέλειαν
799 1114 888 1164 ὁρῶν
916 1116 976 1150 τοῦ
999 1126 1121 1163 φαινο-

91 1177 194 1226 μένου
209 1206 218 1221 ,
244 1175 334 1215 ἀλλὰ
362 1175 447 1229 πρὸς
471 1175 509 1212 τὸ
537 1174 680 1226 μέγεθος
704 1179 764 1212 τοῦ
790 1175 1002 1211 οἰκειοῦσθαι
1019 1173 1127 1222 ἐπαγ-

92 1237 300 1289 γειλαμένου
320 1237 364 1275 τὰ
385 1239 432 1280 εἰς
449 1236 525 1280 τοὺς
545 1237 697 1282 πένητας
719 1236 897 1287 γινόμενα.
915 1234 976 1281 Μὴ
998 1234 1039 1281 δὴ
1061 1250 1126 1271 πα-

94 1299 320 1352 ρατρέχωμεν
339 1299 478 1344 ἁπλῶς,
510 1299 706 1350 παρακαλῶ
721 1327 729 1342 ,
746 1297 786 1336 τὸ
811 1295 931 1348 κέρδος
951 1299 1019 1334 τῶν
1035 1299 1125 1345 ἡμε-

94 1360 204 1413 τέρων
220 1362 356 1412 ψυχῶν,
371 1360 410 1399 τὸ
426 1359 608 1411 φάρμακον
626 1361 694 1396 τῶν
708 1358 888 1410 ἡμετέρων
905 1356 1127 1411 τραυμάτων.

95 1423 209 1460 Τοῦτο
237 1421 323 1474 γὰρ,
357 1424 458 1459 τοῦτο
492 1420 647 1471 μάλιστα
674 1419 714 1458 τὸ
743 1420 928 1472 φάρμακον
956 1417 1127 1464 τοσαύτην

95 1485 181 1533 ἡμῖν
200 1481 343 1534 παρέξει
367 1481 430 1528 τὴν
459 1481 643 1534 θεραπείαν
656 1511 666 1526 ,
691 1481 751 1520 καὶ
771 1480 877 1524 οὕτως
906 1478 1066 1532 ἀφανίσει
1085 1477 1130 1516 τὰ

96 1543 182 1591 ἕλκη
215 1545 284 1581 τῶν
320 1543 502 1596 ἡμετέρων
534 1545 678 1595 ψυχῶν,
712 1545 759 1586 ὡς
793 1541 883 1592 μηδὲ
912 1540 1009 1593 ἴχνος
1041 1540 1130 1592 μηδὲ

96 1604 200 1651 οὐλὴν
221 1605 514 1656 καταλειφθῆναι·
530 1603 616 1655 ὅπερ
632 1603 690 1641 ἐπὶ
705 1606 774 1642 τῶν
793 1604 1008 1654 σωματικῶν
1027 1617 1132 1653 τραυ-

97 1665 218 1716 μάτων
239 1667 306 1717 οὖχ
320 1660 390 1703 οἶόν
406 1681 444 1703 τε
463 1664 634 1716 γενέσθαι.
656 1664 730 1704 Κᾶν
747 1665 814 1717 γὰρ
840 1663 1002 1717 μυριάκις
1020 1678 1072 1706 τις
1087 1663 1131 1701 τὰ

101 1726 274 1780 φάρμακα
301 1729 352 1779 τῷ
385 1726 503 1779 οἰκείῳ
533 1726 709 1778 τραύματι
736 1728 839 1777 ἐπιθῇ
868 1725 913 1764 τὰ
941 1724 1039 1776 παρὰ
1063 1726 1132 1762 τῶν

99 1789 228 1842 ἰατρῶν
261 1787 613 1839 κατασκευαζόμενα,
635 1788 770 1839 ἀνάγκη
794 1787 858 1835 τὴν
884 1786 987 1835 οὐλὴν
1015 1788 1049 1824 ἐν
1083 1787 1133 1838 τῷ

99 1848 240 1901 σώματι
267 1849 493 1901 ἐναπομένειν
512 1866 519 1873 ·
539 1850 599 1888 καὶ
621 1850 778 1901 εἰκότως·
800 1853 905 1901 σῶμα
920 1849 987 1902 γάρ
1006 1851 1081 1887 ἐστι
1095 1847 1134 1884 τὸ

100 1911 390 1963 θεραπευόμενον.
419 1910 592 1950 Ἐνταῦθα
613 1911 648 1949 δὲ
668 1911 787 1959 ἐπειδὴ
808 1911 905 1964 ψυχή
927 1913 1018 1950 ἐστιν
1036 1914 1058 1956 ἡ
1080 1913 1134 1948 θε-

102 1971 324 2023 ραπευομένη
337 2002 346 2019 ,
366 1972 504 2010 ἐπειδὰν
525 1972 588 2020 τὴν
617 1973 748 2011 οἰκείαν
768 1971 1035 2025 εὐγνωμοσύνην
1059 1972 1133 2009 ἐπι-

101 2032 276 2079 δείξηται,
299 2032 433 2079 πολλὴν
459 2033 599 2085 δέχεται
626 2033 689 2080 τὴν
718 2034 775 2073 ἐπὶ
799 2034 838 2072 τὸ
863 2034 997 2085 βέλτιον
1021 2049 1131 2084 μετα-

100 2093 207 2141 Εολὴν
220 2124 230 2141 ,
247 2094 307 2132 καὶ
328 2093 436 2138 οὕτως
465 2095 604 2132 ἅπαντα
628 2095 857 2147 φυγαδεύεται
883 2095 927 2133 τὰ
948 2093 1035 2141 ἕλκη
1049 2123 1060 2140 ,
1087 2096 1134 2135 ὡς

100 2155 141 2193 ἂν
164 2155 357 2207 κονιορτὸς,
383 2155 512 2206 ἀνέμου
534 2157 682 2208 σφοδροῦ
703 2157 944 2208 διεγερθέντος.
966 2156 1036 2194 Καὶ
1056 2153 1133 2192 τού-

100 2232 169 2255 των
188 2216 352 2254 ἁπάντων
375 2219 444 2254 τῶν
474 2217 741 2268 ὑποδειγμάτων
762 2216 1021 2270 εὑπερπλήρεις
1047 2219 1133 2267 ἡμῖν

101 2279 137 2315 αἱ
174 2277 326 2331 Γραφαί.
356 2276 478 2321 Οὕτως
510 2281 528 2316 6
560 2278 732 2330 μακάριος
769 2280 910 2322 Παῦλος
943 2278 1133 2320 ἀπόστολος

100 2338 239 2390 γέγονεν
269 2338 339 2376 ἀπὸ
374 2337 541 2386 διώκτου,
565 2338 624 2377 καὶ
651 2342 669 2377 6
701 2340 870 2392 πρότερον
899 2341 1037 2392 πορθῶν
1069 2337 1132 2385 τὴν

102 2399 338 2446 Ἐκκλησίαν,
377 2398 522 2453 ὕστερον
565 2401 666 2445 αὐτὸς
696 2402 803 2449 αὐτῆς
842 2401 961 2453 γέγονε
993 2415 1131 2452 νυμφα-

102 2461 226 2512 γωγός.

158 2515 260 2566 Εἶδες
297 2521 407 2575 ἄκραν
445 2522 508 2570 τὴν
542 2523 759 2574 μεταὸοληη
794 2517 880 2568 εἶδες
911 2523 1042 2576 ἄφατον
1069 2521 1132 2569 τὴν

102 2582 337 2634 μετάστασιν,
368 2582 472 2622 Οὕτω
497 2585 557 2622 καὶ
581 2587 599 2622 6
617 2577 750 2637 λῃστὴς
773 2584 915 2637 μυρίους
939 2583 1133 2637 ἐργασάμε-

103 2661 158 2689 νος
173 2644 306 2697 φόνους,
327 2647 362 2684 ἐν
386 2652 452 2698 μιᾷ
470 2651 592 2699 καιροῦ
621 2650 709 2699 ῥοπῇ
736 2647 793 2685 διὰ
817 2650 886 2685 τῶν
903 2646 1028 2699 ὀλίγων
1047 2645 1135 2686 ἐκεί-

103 2722 172 2744 νων
195 2706 363 2759 ῥημάτων
387 2706 494 2751 οὕτως
521 2708 659 2747 ἅπαντα
687 2709 882 2761 ἀπενίψατο
904 2709 948 2747 τὰ
973 2707 1135 2762 ἁμαρτή-

933 236 1061 266 ΧΧΙΧ.
1101 236 1262 266 ulixi-25.

1303 237 1459 266 HOMIL.
1502 237 1575 265 LV.

2056 222 2084 262 (i
2099 238 2106 264 1
2121 237 2149 280 ς)

1194 327 1266 356 tota
1296 327 1412 357 mente
1433 328 1506 364 tua,
1527 327 1560 356 et
1584 331 1628 357 ex
1649 317 1816 356 omnibus
1842 316 1981 353 viribus
2007 316 2098 358 tuis-3
2120 326 2148 351 rt

1194 380 1401 432 proximum
1434 390 1537 419 tuum
1568 381 1660 418 sicut
1690 380 1855 432 teipsum.
1874 377 1958 415 Haec
1991 376 2150 414 oninium

1194 442 1369 480 virtutum
1384 443 1611 490 sumundum
1628 438 2041 480 fundamentum.Simul
2058 437 2150 474 enini

1194 516 1275 540 cum
1296 503 1442 541 caritate
1463 504 1497 541 in
1521 506 1636 542 Deum
1671 502 1872 554 ingreditur
1900 499 2045 539 dilectio
2074 513 2152 551 prov

1196 563 1302 601 ximi.
1327 565 1419 602 Nam
1439 564 1499 615 qui
1519 566 1633 602 Deum
1655 563 1792 615 diligit,
1812 577 1879 600 non
1899 560 2154 614 despicictsra-

1196 633 1298 673 trem,
1319 639 1430 676 neque
1448 640 1532 678 opes
1551 626 1680 678 pluris,
1694 640 1801 676 quam
1820 624 2021 663 membrum
2038 637 2154 667 suum,

1196 685 1298 723 faciet
1312 716 1322 735 ,
1341 686 1401 724 sed
1426 701 1591 738 magnam
1609 701 1680 739 prae
1700 702 1736 725 se
1756 688 1844 725 seret
1870 685 2126 734 benignitatem
2145 715 2152 730 ‚

1197 761 1333 784 memor
1351 747 1428 799 ejus
1448 747 1508 798 qui
1526 747 1622 785 dixit
1637 764 1644 784 :
1670 750 1745 798 Qui
1750 795 1756 800 ι
1762 750 1895 796 fecerit
1913 747 2069 798 aliquid
2088 749 2156 783 uni

1198 808 1335 845 horma
1355 811 1616 855 minimorum,
1634 811 1890 862 mihi-fecerit.
1913 808 1959 845 Et
1983 807 2153 856 cogitans,

1197 878 1344 922 propter
1358 869 1593 908 ministerium
1615 870 1648 908 in
1670 884 1881 908 conservum
1904 871 2016 906 Deum
2039 870 2155 921 ipsum

1198 945 1272 969 esse
1293 931 1355 982 qui
1389 927 1425 969 ut
1450 931 1518 969 sibi
1548 932 1748 985 praestitum
1770 931 1930 970 officium
1951 931 2131 969 adscribat
2147 962 2155 975 ,

1201 1005 1327 1044 magna
1361 1007 1442 1032 cum
1470 993 1650 1031 alacritate
1676 993 1795 1031 omnia
1826 993 2055 1046 operabitur,
2079 1007 2155 1030 uia·

1201 1068 1378 1106 gnamque
1395 1053 1647 1093 liberalitatem
1675 1055 1861 1093 exhibebit
1892 1055 1984 1091 circa
2004 1054 2156 1091 eleemo—

1201 1129 1342 1167 synam,
1358 1129 1426 1153 non
1443 1115 1488 1153 ad
1515 1115 1691 1155 vilitatem
1712 1116 1902 1169 respiciens
1917 1115 2081 1168 pauperis
2098 1114 2158 1164 qui

1200 1185 1360 1230 apparet,
1375 1176 1439 1215 sed
1451 1177 1498 1215 ad
1516 1177 1802 1229 magnitudinem
1820 1177 1897 1228 ejus
1915 1176 1977 1227 qui
1997 1175 2157 1227 promisit

1202 1251 1238 1276 se
1250 1238 1458 1276 habiturum
1473 1238 1621 1291 perinde
1634 1252 1675 1277 ac
1695 1239 1723 1276 si
1737 1238 1805 1277 sihi
1823 1238 1913 1275 sacta
1928 1245 2053 1284 essent,
2067 1250 2161 1285 qua·—

1202 1312 1354 1351 eumque
1373 1299 1427 1337 illi
1447 1299 1539 1337 sacta
1553 1299 1697 1338 fuerint.
1715 1300 1768 1338 Ne
1784 1299 1896 1350 igitur
1911 1307 2161 1350 praetereamus

1201 1359 1436 1413 simpliciter,
1468 1375 1530 1399 oro
1545 1391 1556 1412 ,
1578 1362 1721 1399 lucrum
1740 1369 1942 1399 nostrarum
1961 1359 2159 1398 animarum

1203 1431 1237 1460 et
1264 1422 1463 1461 remedium
1485 1432 1688 1461 nostrorum
1707 1422 1912 1461 vulnerum.
1944 1421 2020 1459 Hoc
2043 1421 2160 1467 enim,

1155 1484 1180 1516 D
1202 1484 1271 1522 hoc
1285 1484 1486 1522 maximum
1504 1485 1742 1537 pharmacum
1766 1484 1815 1522 ita
1832 1483 1974 1522 curabit
1994 1492 2026 1521 et
2046 1483 2163 1521 abole-

1202 1545 1257 1584 bit
1277 1546 1396 1584 ulcera
1411 1546 1612 1585 animarum
1629 1555 1844 1595 nostrarum,
1864 1555 1903 1583 ut
1923 1559 2036 1595 neque
2055 1547 2162 1582 resti—

1205 1606 1305 1659 gium
1329 1621 1441 1658 neque
1471 1607 1620 1646 cicatrix
1643 1607 1765 1657 aliqua
1788 1606 1996 1659 apparitura
2018 1606 2063 1643 sit
2085 1621 2092 1641 ε
2126 1606 2161 1642 id

1206 1669 1303 1720 quod
1330 1669 1367 1707 in
1399 1669 1558 1721 corporis
1576 1668 1788 1708 vulneribus
1815 1682 1885 1706 non
1905 1676 1957 1706 est
1975 1667 2158 1719 possibile.

1206 1731 1299 1768 Nam
1328 1731 1412 1769 licet
1433 1730 1514 1782 quis
1537 1730 1667 1769 millies
1700 1730 1953 1783 cataplasmata
1982 1738 2123 1781 accepta
2143 1744 2162 1766 a

1205 1792 1355 1831 medicis
1367 1801 1596 1845 superponat,
1607 1805 1746 1830 necesse
1762 1801 1813 1829 est
1827 1791 2027 1829 cicatricem
2039 1790 2076 1828 in
2088 1804 2162 1828 cor—

1204 1869 1291 1907 pore
1309 1868 1472 1903 manere;
1488 1863 1521 1892 et
1548 1853 1675 1892 merito
1700 1870 1707 1889 :
1732 1867 1860 1905 corpus
1885 1851 1980 1890 enim
1996 1860 2048 1889 est
2069 1851 2165 1902 quod

1206 1924 1360 1954 curatur.
1382 1916 1450 1954 Hic
1464 1925 1583 1954 autem
1603 1916 1687 1967 quia
1709 1915 1827 1953 anima
1845 1922 1897 1952 est
1912 1928 1989 1964 quae
2009 1922 2164 1958 curatur,

1206 1977 1350 2028 quando
1371 1977 1451 2028 quis
1471 1977 1601 2015 bonam
1623 1991 1724 2015 suam
1750 1976 1972 2014 voluntatem
1994 1975 2164 2020 declarat,

1207 2039 1359 2077 multam
1391 2039 1426 2076 in
1457 2038 1586 2077 melius
1616 2038 1851 2076 mutationem
1872 2036 2001 2089 accipit
2024 2046 2087 2074 :et
2115 2037 2166 2075 sie

1207 2100 1326 2138 omnia
1344 2099 1463 2138 ulcera
1487 2099 1650 2152 depellit,
1673 2109 1712 2137 ut
1730 2108 1856 2137 ventus
1876 2098 2067 2136 vehemens
2089 2098 2167 2150 pul—

1206 2175 1326 2199 verem
1359 2160 1543 2198 deturbat.
1572 2161 1688 2211 Atque
1707 2159 1839 2197 horum
1857 2159 2019 2196 omnium
2046 2172 2167 2196 exem-

1206 2222 1276 2275 plis
1291 2222 1405 2275 plenae
1425 2231 1508 2260 sunt
1526 2222 1736 2274 Scripturae.
1758 2222 1812 2259 Ita
1832 2220 1965 2258 Paulus
1985 2220 2167 2272 apostolus

1205 2285 1318 2323 factus
1339 2293 1391 2322 est
1417 2297 1463 2322 ex
1481 2293 1736 2336 persequutore
1751 2313 1762 2333 ,
1790 2291 1824 2321 et
1842 2282 1904 2333 qui
1922 2281 2023 2334 prius
2042 2282 2168 2334 impu-

1207 2345 1338 2398 gnabat
1358 2344 1572 2396 Ecclesiam,
1594 2353 1714 2398 postea
1731 2345 1844 2382 factus
1871 2352 1922 2381 est
1941 2344 2017 2395 ejus
2033 2357 2165 2395 pronu—

1204 2414 1287 2452 bus.

1259 2523 1299 2559 24.
1332 2519 1469 2559 Vidisti
1487 2528 1621 2571 quanta
1641 2532 1761 2557 rerum
1780 2516 2021 2556 vicissitudo?
2042 2515 2165 2553 vidisti

1207 2591 1339 2635 quanta
1364 2579 1646 2619 transmutatio?
1668 2579 1728 2617 Sic
1759 2587 1792 2616 et
1822 2578 1935 2626 latro,
1963 2577 2026 2628 qui
2054 2576 2164 2613 multa

1207 2644 1336 2682 fecerat
1352 2640 1560 2688 homicidia,
1581 2640 1617 2678 in
1639 2653 1708 2677 uno
1724 2638 1894 2690 temporis
1912 2647 2058 2690 puncto,
2078 2651 2164 2688 pro-

1209 2714 1288 2758 pter
1309 2717 1421 2757 pauca
1442 2701 1504 2739 illa
1519 2701 1629 2740 verba
1647 2700 1696 2737 ita
1728 2699 1847 2737 omnia
1867 2699 1983 2736 abluit
2009 2708 2164 2751 peccata,

2180 757 2284 784 tluuh.
2308 759 2355 786 QJ.

2174 796 2219 835 Ῑυ.

2180 2517 2263 2544 Βι·ωἱ
2298 2524 2369 2544 tcm-

2180 2569 2249 2595 pon:
2282 2565 2373 2595 poti-st

2179 2600 2355 2627 delicturum

2222 2643 2356 2668 remissio

2182 2684 2343 2721 impetrari.

107 2783 202 2818 ματα
214 2796 224 2814 ,
243 2769 291 2811 ὡς
310 2770 458 2806 ἀκοῦσαι
477 2769 575 2823 παρὰ
593 2774 653 2808 τοῦ
672 2769 872 2817 Δεσπότου,
889 2769 945 2808 ὅτι
972 2770 1134 2822 Σήμερον
1149 2798 1196 2823 535
1212 2776 1251 2804 ut
1271 2765 1411 2804 audiret
1438 2777 1459 2801 a
1483 2762 1638 2800 Domino
1663 2776 1670 2796 :
1692 2761 1820 2798 Hodie
1851 2774 2000 2798 mecum
2027 2762 2101 2798 eris
2127 2763 2169 2797 in
2185 2774 2256 2800 Luc.
2279 2772 2330 2801 23,

106 2830 182 2878 μετ’
201 2830 285 2878 ἐμοῦ
302 2828 364 2878 ἔσῃ
385 2830 420 2866 ἐν
437 2832 486 2881 τῷ
505 2831 724 2883 παραδείσῳ.
744 2829 850 2869 Οὕτω
866 2831 926 2869 καὶ
941 2830 1136 2878 ὁτελώνης,
1163 2838 1187 2865 A
1209 2827 1408 2880 paradiso.
1437 2824 1497 2862 Sic
1526 2832 1560 2861 et
1591 2822 1805 2874 publicanus
1824 2851 1833 2869 ,
1858 2821 1921 2872 qui
1952 2830 2169 2874 percusserat
2184 2813 2246 2884 41⁴1·st
2271 2852 2302 2882 [Β
2327 2862 2333 2881 ¹
2342 2853 2356 2881 3

105 2893 230 2936 στῆθος
244 2889 395 2936 πλήξας,
416 2891 476 2928 καὶ
493 2891 537 2930 τὰ
557 2895 669 2931 οἰκεῖα
696 2892 939 2946 ἁμαρτήματα
957 2892 1137 2944 ὁμολογή-

106 2967 188 2999 σας,
217 2953 372 2997 κατῆλθε
402 2952 671 3003 δεδικαιωμένος
712 2954 799 3007 ὑπὲρ
831 2954 889 2993 τὸν
926 2956 1139 3007 Φαρισαῖον.

106 3011 211 3050 Ἀλλὰ
232 3011 364 3050 τούτων
382 3011 444 3064 μὲν
464 3011 609 3058 ἕκαστος
626 3016 745 3066 ψυχῆς
769 3015 1037 3067 εὐγνωμοσύνην
1065 3017 1140 3054 ἐπι-

106 3072 322 3123 δειξάμενος,
342 3074 403 3111 καὶ
425 3073 470 3111 τὰ
494 3073 650 3127 πρότερα
673 3076 894 3127 ὁμολογήσας
920 3076 1142 3127 πταίσματα,

107 3132 195 3172 οὕτω
211 3136 274 3179 τῆς
288 3134 548 3187 συγχωρήσεως
563 3135 779 3182 ἀπήλαυσεν.
796 3135 948 3188 Ἴδωμεν
963 3137 1000 3176 δὲ
1013 3136 1146 3183 ταύτης

108 3197 171 3239 τῆς
192 3195 333 3241 ἐντολῆς
359 3195 422 3243 τὴν
444 3195 565 3248 ἰσχὺν,
588 3196 648 3234 καὶ
666 3196 751 3243 ὅσην
773 3197 976 3248 περιουσίας
996 3197 1143 3249 δύναμιν

108 3255 282 3302 κέκτηται
304 3259 327 3302 ἡ
357 3252 506 3309 δαψιλὴς
524 3257 742 3308 ἐλεημοσύνη
755 3288 765 3304 ,
787 3257 843 3296 ἵνα
864 3258 1032 3308 μαθόντες
1052 3259 1091 3297 τὸ
1110 3258 1145 3303 ἐξ

113 3317 219 3362 αὐτῆς
255 3320 341 3366 ἡμῖν
383 3318 602 3370 ἐγγινόμενον
637 3319 777 3371 κέρδος,
816 3318 1003 3370 προθύμως
1038 3318 1145 3364 αὐτὴν

159 3438 170 3449 ⁰
196 3429 294 3463 Multi
315 3431 377 3463 us<
415 3437 545 3477 'riejpzffi

1212 2897 1354 2942 pectus,
1375 2895 1408 2924 et
1427 2899 1491 2923 sua
1510 2892 1653 2937 peccata
1671 2883 1851 2920 confessus
1871 2892 1945 2920 erat
1960 2913 1969 2931 ,
1990 2882 2171 2926 descendit

1210 2948 1429 3003 justificatus·
1466 2945 1606 2997 magis,
1638 2958 1746 2995 quam
1787 2943 2000 2982 Pharisaeus.
2034 2946 2172 2983 Verum

1216 3024 1337 3050 omnes
1356 3009 1393 3046 hi
1414 3007 1540 3045 animae
1564 3019 1635 3043 sua:
1656 3005 1796 3043 honum
1824 3005 1994 3043 affectum
2013 3004 2171 3042 declara-

1205 3080 1314 3120 runt,
1343 3079 1377 3107 et
1408 3068 1527 3121 priora
1549 3065 1698 3104 confessi
1727 3074 1874 3117 peccata
1891 3095 1901 3113 ,
1927 3065 2173 3103 remissionem

1205 3133 1406 3171 obtinuere.
1434 3128 1629 3168 Videamus
1661 3136 1780 3164 autem
1810 3136 1844 3165 et
1877 3126 1986 3179 hujus
2019 3127 2174 3164 mandati

1207 3195 1330 3243 robur,
1343 3201 1377 3230 et
1390 3199 1563 3242 quantam
1577 3187 1807 3226 abundantiae
1824 3188 1899 3227 vim
1914 3188 2092 3240 possideat
2106 3189 2176 3225 lar-

1207 3270 1250 3304 ga
1285 3254 1532 3304 eleemosyna,
1564 3259 1604 3287 ut
1639 3263 1720 3287 cum
1754 3248 1993 3287 didicerimus
2037 3250 2175 3286 lucrum

1211 3314 1306 3367 quod
1344 3312 1428 3351 inde
1459 3310 1628 3359 nascitur,
1662 3310 1826 3348 alacriter
1858 3324 1933 3348 eam
1967 3309 2176 3359 largiamur.
