2516 3791
718 214 758 244 ΙΝ
797 213 899 244 CM».
939 213 1018 244 xli.

128 315 208 352 μοι,
235 297 342 341 οὕτως
370 297 509 348 ἀμελῶς
531 295 616 347 πρὸς
633 294 697 342 τὴν
720 298 853 334 ἑαυτῶν
873 295 1050 347 σωτηρίαν
1071 296 1148 332 δια-

122 359 282 409 κείμεθα,
304 357 364 396 καὶ
395 360 441 400 ὡς
460 356 540 410 περὶ
575 355 761 408 ἀλλοτρίας
789 355 878 394 οὕτω
910 355 1147 408 βουλευόμεθα

122 419 280 471 περὶτῆς
311 421 444 457 ἑαυτῶν
463 419 599 470 ψυχῆς,
631 419 707 455 Οὐκ
735 416 871 460 ἀκούεις
903 422 962 456 τοῦ
994 419 1147 469 Χριστοῦ

123 480 296 532 λέγοντος,
317 479 364 517 Τί
379 478 483 517 δώσει
503 480 683 531 ἄνθρωπος
706 478 938 529 ἀντάλλαγμα
954 482 1014 525 τῆς
1033 480 1150 530 ψυχῆς

124 543 246 587 αὖτοῧ;
265 539 335 578 Καὶ
365 541 485 587 πάλιν,
505 539 552 577 Τί
581 540 766 591 ὠφελεῖται
790 539 990 590 ἅνθρωπος,
1011 538 1070 576 ἐὰν
1091 537 1148 575 τὸν

123 600 254 651 κόσμον
271 600 350 639 δ’λον
368 601 541 652 κερδήσῃ,
564 600 626 647 τὴν
648 599 683 638 δὲ
707 599 825 651 ψυχὴν
845 601 950 638 αὐτοῦ
967 601 1149 649 ζημιωθῇ,

128 661 188 708 Μὴ
205 661 273 713 γὰρ
297 660 388 713 ἔχέις
407 677 440 699 τι
460 660 589 708 ταύτης
605 660 786 707 ἀντάξιον,
808 660 881 698 Κᾶν
905 659 968 706 τὴν
984 657 1149 709 οἰκουμέ-

124 738 187 769 νην
205 722 289 769 ὅλην
310 722 428 774 εἴπῃς,
449 721 544 760 οὐδὲν
565 723 664 773 ἐρεῖς.
684 721 731 760 Τί
750 721 817 772 γὰρ
834 721 970 773 ὄφελος,
992 719 1151 771 καθάπερ

125 788 143 822 ὁ
170 784 319 838 Χριστὸς
342 788 441 831 εἰπε,
457 784 572 822 πάντα
589 783 646 821 τὸν
671 782 801 832 κόσμον
819 783 1010 835 κερδᾶναι,
1030 780 1093 827 τὴν
1113 780 1150 818 δὲ

125 845 241 897 ψυχὴν
260 847 502 895 ζημιωθῆναι,
529 838 570 890 ἧς
585 847 670 894 ἡμῖν
692 842 898 896 οἰκειότερον
915 841 993 880 οὐδε
994 857 1030 889 ν,
1048 840 1151 879 'loui-

124 920 186 950 την
202 920 260 943 ουν
284 904 346 951 τὴν
367 904 455 942 οὕτω
475 904 609 954 τιμίαν,
625 902 687 949 τὴν
708 902 815 946 οὕτως
839 903 1044 955 ὀφείλουσαν
1065 905 1150 953 ἡμῖν

126 968 213 1004 εἶναι
232 965 542 1018 περισπούδαστον,
562 963 692 1011 ταύτην
720 963 811 1002 οὕτω
836 967 1054 1016 περιορῶμεν
1072 963 1151 1001 καθ’

126 1026 275 1072 ἑκάστην
298 1026 432 1079 ἡμέραν
455 1025 762 1077 σπαραττομένην,
793 1025 852 1063 καὶ
882 1024 967 1063 ποτὲ
996 1026 1059 1075 μὲν
1086 1024 1153 1063 ὑπὸ

123 1089 185 1133 τῆς
202 1090 269 1125 τῶν
291 1086 485 1139 χρημάτων
513 1086 696 1136 ἐπιθυμίας
726 1086 1040 1139 πολιορκουμένην,
1066 1084 1151 1124 ποτὲ

127 1145 162 1184 δὲ
196 1148 264 1186 ὑπὸ
303 1147 486 1199 ἀσελγείας
518 1147 830 1198 καταξαινομένην,
860 1147 986 1186 ἄλλοτε
1019 1146 1054 1186 δὲ
1087 1146 1154 1185 ὑπὸ

127 1211 236 1259 θυμοῦ
267 1208 604 1260 καταισχυνομένην,
629 1209 686 1246 καὶ
721 1208 893 1260 διαφόρως
922 1209 976 1261 ὑφ’
1006 1209 1153 1246 ἑκάστου

127 1272 194 1306 τῶν
215 1271 334 1307 παθῶν
364 1269 672 1320 κατατεινομένην,
703 1269 763 1307 καὶ
796 1269 959 1320 οὐδεμίαν
992 1269 1054 1321 ὀψὲ
1073 1273 1154 1320 γοῦν

128 1345 212 1367 ποτε
229 1331 307 1382 περὶ
325 1329 432 1376 αὐτὴν
452 1330 616 1382 πρόνοιαν
638 1330 874 1381 ποιησόμεθα,
898 1331 968 1368 Καὶ
985 1330 1036 1374 τίς
1052 1329 1155 1374 ἀξιώ·
1189 1343 1195 1351 ⁴

129 1406 181 1428 σει
196 1394 290 1441 ἡμᾶς
317 1391 437 1430 λοιπὸν
454 1390 687 1442 συγγνώμης,
707 1391 728 1437 ἢ
750 1392 970 1443 ἐξαιρήσεται
992 1395 1054 1438 τῆς
1079 1394 1155 1430 ἐπι-

128 1453 289 1502 κειμένης
306 1452 501 1499 κολοίσεως,
526 1454 582 1490 Δι’
598 1451 634 1500 ὃ,
654 1454 850 1506 παρακαλῶ
864 1481 873 1499 ,
897 1455 944 1496 ὡς
963 1452 1014 1490 ἔτι
1034 1453 1154 1504 καιρὸν

129 1511 269 1564 ἔχομεν,
291 1513 557 1564 ἀποσμήχωμεν
578 1515 684 1559 αὐτῆς
706 1513 764 1551 τὸν
786 1513 892 1567 ῥύπον
911 1513 968 1552 διὰ
989 1515 1156 1566 δαψιλοῦς

129 1573 382 1623 ἐλεημοσύνης,
404 1574 463 1611 καὶ
497 1573 678 1622 σὸέσωμεν
708 1574 764 1612 διὰ
785 1574 916 1620 ταύτης
948 1574 1011 1621 τὴν
1041 1573 1156 1627 πυρὰν

128 1635 197 1671 τῶν
212 1634 391 1687 ἡμετέρων
408 1635 689 1687 ἁμαρτημάτων.
706 1637 785 1688 Πῦρ
804 1636 872 1689 γὰρ
886 1665 895 1683 ,
915 1636 1018 1688 φησὶ,
1037 1638 1157 1689 φλογι-

130 1694 270 1738 ζόιιενον
300 1695 489 1735 ἀποσὸέσει
517 1695 608 1748 ὕδωρ
625 1727 634 1744 ,
654 1697 714 1734 καὶ
741 1697 993 1748 ἐλεημοσύναις
1022 1699 1156 1735 ἀποκα-

131 1755 310 1806 θαίρονται
326 1757 510 1808 ἁμαρτίαι.
539 1756 650 1795 Οὐδὲν
680 1757 769 1809 γὰρ,
796 1757 892 1796 οὐδὲν
914 1757 1032 1810 ἕτερον
1051 1757 1160 1801 οὕτως

131 1815 303 1859 ἐξελέσθαι
324 1821 418 1867 ἡμᾶς
446 1818 632 1863 δυνήσεται
647 1819 709 1863 τ’ἧς
728 1823 788 1857 τοῦ
807 1819 913 1870 πυρὸς
934 1819 1091 1871 γεέννης,
1113 1822 1160 1862 ὡς

131 1881 152 1923 ἦ
177 1878 257 1928 περὶ
291 1877 422 1925 ταύτην
457 1879 630 1931 δαψίλεια.
657 1879 716 1917 Ἂν
749 1880 878 1927 ταύτην
907 1880 1160 1930 ἐπιδειξώμεθα

132 1938 222 1975 κατὰ
239 1937 316 1981 τοὺς
330 1941 387 1977 ὑπ’
406 1941 510 1977 αὐτοῦ
529 1940 687 1984 δοθέντας
703 1940 847 1992 νόμους,
864 1941 973 1993 μηδὲν
986 1942 1071 1994 πρὸς
1085 1942 1157 1980 ἐπί-

1057 211 1217 242 Gaul-25.

1259 210 1413 241 nomn„
1452 210 1596 240 xxxn.

2084 195 2173 258 567

1220 307 1296 340 oro,
1321 302 1392 332 tam
1412 293 1630 345 negligentes
1651 291 1776 330 salutis
1796 300 1937 341 nostrae,
1955 293 2001 330 ita
2024 295 2178 344 segniter

1220 355 1347 392 anima)
1365 363 1490 392 nostrae
1512 352 1746 400 consulimus,
1764 353 1864 404 quasi
1889 352 2003 391 aliena
2027 363 2129 399 esset,
2146 364 2179 391 et

1223 430 1290 454 nou
1331 416 1476 454 nostra?
1503 418 1580 455 Non
1615 416 1720 454 audis
1753 415 1939 453 Christum
1974 415 2150 453 dicentem
2170 431 2177 451 :

1226 480 1350 527 Quam
1363 479 1472 516 dabit
1483 480 1597 516 homo
1611 480 1952 516 commutationem
1961 491 2032 530 pro
2045 480 2180 514 αηιήιιι
2196 487 2307 534 anum.
2335 487 2382 515 16.

1221 542 1320 575 sua?
1336 538 1383 575 Et
1401 539 1529 578 iterum
1541 555 1548 575 ε
1562 541 1666 590 Quid
1677 540 1832 591 prodest
1848 540 1996 577 homini
2009 541 2042 576 si
2059 547 2180 576 toturn
2197 532 2248 554 ²⁸·

1224 601 1411 636 mundum
1438 601 1622 648 lucretur,
1645 604 1787 638 am'mce
1811 609 1940 638 autem
1961 614 2040 638 suae
2061 601 2180 638 detri-

1224 668 1394 697 mentum
1413 663 1612 711 patiatur?
1632 663 1727 699 Num
1750 661 1938 714 quidpiam
1964 661 2073 699 babes
2094 661 2181 698 huie

1223 719 1547 770 aequiparandnun?
1570 720 1720 759 Etiamsi
1746 731 1859 759 totum
1886 722 2009 760 orbem
2027 721 2178 771 dixeris,

1225 779 1316 816 nihil
1335 779 1443 818 dices.
1464 781 1552 826 Qum
1566 782 1661 819 enim
1678 782 1829 831 utilitas,
1845 784 1937 820 sicut
1956 783 2050 821 dixit
2071 784 2178 821 Chri-

1223 849 1313 890 stus,
1337 849 1450 878 totum
1471 841 1648 879 mundum
1671 842 1892 890 lucrifacere,
1914 844 2040 881 animm
2062 855 2179 883 autem

1223 900 1474 940 detrimentum
1503 903 1595 955 pati,
1616 917 1685 954 qua
1717 903 1806 941 nihil
1833 904 1935 941 nobis
1960 905 2073 955 magis·
2098 921 2180 958 pro-

1223 962 1373 1014 prium?
1388 965 1525 1002 Verum
1543 979 1619 1002 eam
1641 979 1718 1015 qua.=
1739 972 1812 1003 tam
1832 966 1983 1018 pretiosa
2005 976 2067 1015 est,
2080 969 2182 1019 cujus

1224 1032 1358 1062 tantam
1378 1039 1499 1063 curam
1516 1040 1619 1077 agere
1637 1026 1822 1076 debemus,
1840 1035 1880 1064 ut
1900 1027 1989 1065 nihil
2011 1028 2062 1066 illi
2083 1043 2180 1080 prae-

1223 1085 1307 1122 ferri
1329 1084 1468 1136 debeat,
1488 1087 1539 1124 sic
1562 1086 1793 1140 despicimus,
1813 1097 1851 1125 ut
1873 1089 2032 1139 quotidie
2050 1090 2182 1128 discer-

1225 1155 1343 1198 patur,
1368 1156 1401 1184 et
1430 1147 1612 1186 interdum
1637 1149 1682 1186 ab
1703 1149 1854 1187 avaritia
1874 1150 2094 1198 obsideatur,
2118 1153 2183 1189 ali-

1225 1207 1369 1257 quando
1398 1222 1417 1245 a
1448 1208 1595 1247 luxuria
1623 1210 1820 1257 laceretur,
1847 1211 2029 1250 interdum
2052 1213 2098 1250 ab
2132 1213 2183 1251 ira

1225 1266 1478 1317 confundatur,
1496 1276 1531 1305 et
1548 1282 1567 1305 a
1583 1269 1734 1321 singulis
1747 1269 1935 1307 affectibus
1951 1270 2184 1309 multifariam

1225 1336 1390 1376 vexetur,
1400 1336 1432 1365 et
1443 1329 1579 1367 nullam
1591 1331 1648 1368 vel
1661 1344 1737 1368 sero
1749 1330 1893 1369 tandem
1907 1332 1915 1368 i
1921 1331 1959 1369 lli
1965 1346 2005 1369 us
2019 1345 2184 1383 geramus

1226 1388 1503 1428 sollicitudinem
1515 1391 1532 1428 ἶ)
1542 1391 1635 1437 Quis
1654 1405 1718 1429 nos
1734 1392 1884 1444 posthac
1898 1392 2110 1444 dignabitur
2124 1408 2184 1431 ve-

1226 1449 1298 1496 nia,
1317 1458 1350 1487 et
1366 1450 1412 1488 ab
1435 1451 1640 1490 imminente
1658 1453 1838 1505 supplicio
1857 1454 2011 1506 eripiet?
2029 1454 2184 1501 Idcirco,

1226 1511 1393 1562 obsecro,
1416 1522 1454 1550 ut
1481 1513 1569 1551 dum
1589 1523 1728 1567 tempus
1755 1515 1941 1564 babemus,
1959 1516 2186 1568 detergamus

1227 1572 1303 1624 ejus
1313 1573 1433 1612 sordes
1443 1575 1552 1626 largis
1565 1576 1815 1629 eleemosynis,
1828 1586 1862 1614 et
1876 1577 1947 1615 illis
1959 1587 2186 1630 peccatorum

1228 1643 1429 1673 nostrorum
1444 1636 1626 1675 flammam
1638 1639 2061 1691 exstinguamungnem
2075 1640 2184 1689 enim,
2203 1653 2394 1683 E‹·t·l1'.3.33.

1228 1695 1361 1746 inquit,
1378 1698 1578 1735 ardentem
1599 1702 1813 1752 exstinguet
1843 1714 1968 1753 aqua,
1984 1710 2188 1752 peccatum

1229 1771 1324 1794 ‘vero
1349 1759 1606 1807 eleemosynis
1622 1770 1823 1813 purgatur.
1841 1762 1943 1799 Nihil
1963 1762 2058 1800 enim
2079 1778 2187 1815 pror-

1230 1831 1288 1855 sus
1307 1818 1454 1870 perinde
1475 1834 1538 1857 nos
1556 1821 1712 1859 eximere
1730 1831 1844 1874 potest
1862 1837 1882 1860 a
1901 1823 2057 1875 gebenna
2079 1824 2187 1875 ignis,

1230 1886 1335 1928 atque
1358 1878 1506 1929 largitas
1530 1879 1774 1932 eleemosynzr.
1793 1881 1902 1918 Istam
1930 1881 1958 1918 si
1984 1882 2191 1933 praestiteri-

1206 1953 1312 2002 6mus
1334 1939 1528 1978 secundum
1548 1941 1642 1992 leges
1661 1957 1680 1979 a
1704 1942 1859 1979 Domino
1880 1942 2042 1993 traditas,
2066 1957 2192 1996 nempe

132 1997 235 2042 δειξιν
262 1999 575 2051 διαπραττόμενοι,
598 2000 688 2039 ἀλλὰ
719 2002 776 2040 διὰ
796 2002 853 2041 τὸν
879 2003 959 2056 περὶ
990 2003 1048 2041 τὸν
1068 2004 1159 2042 Θεὸν
1185 2017 1211 2045 Α
1233 2000 1322 2037 nillil
1341 2001 1389 2039 ad
1408 2002 1675 2040 ostentationem
1693 2003 1871 2050 iacientes,
1890 2003 1949 2041 sed
1969 2004 2016 2041 ob
2032 2018 2191 2042 amorem

133 2059 252 2107 πόθον,
272 2061 490 2112 δυνησόμεθα
520 2063 579 2100 καὶ
612 2065 680 2100 τῶν
702 2065 964 2117 ἡμαρτημένων
984 2060 1070 2115 ἡμῖν
1101 2064 1159 2104 τὸν

132 2120 238 2173 ῥύπον
260 2122 515 2175 ἀπονίψασθαι,
545 2124 603 2161 καὶ
631 2127 694 2170 τῆς
711 2125 808 2177 παρὰ
840 2130 900 2163 τοῦ
921 2128 1014 2165 Θεοῦ
1035 2128 1160 2177 φιλαν-

130 2181 284 2232 θρωπίας
303 2183 515 2231 ἀξιωθῆναι,
532 2185 655 2236 χάριτι
681 2185 740 2222 καὶ
759 2188 953 2238 οἱκτιρμοῖς
972 2191 1031 2225 τοῦ
1051 2203 1159 2236 μονο-

133 2245 251 2293 γενοῧς
271 2246 375 2282 αὐτοῦ
394 2245 494 2292 riou,
517 2247 592 2291 μεθ’
616 2239 654 2283 οῧ
681 2247 774 2298 αὐτῷ
794 2249 844 2298 τῷ
864 2247 997 2300 Πατρὶ,
1015 2246 1090 2297 ἅμα
1109 2251 1159 2301 τῷ

133 2302 222 2356 ἁγίῳ
242 2303 443 2355 Πνεύματι,
470 2305 571 2352 δόξα,
600 2307 748 2359 κράτος,
767 2308 875 2359 τιμὴ,
905 2312 964 2347 νῦν
992 2310 1050 2347 καὶ
1083 2309 1159 2359 ἀεὶ,

135 2364 195 2402 καὶ
216 2367 263 2408 εἷς
277 2365 355 2410 τοὺς
373 2369 500 2411 αἰῶνας
513 2370 581 2406 τῶν
603 2368 748 2408 αἰώνων.
771 2367 892 2420 Ἀμήν.

511 2498 689 2535 ΟΜΙΛΙΑ
716 2496 783 2536 λ6’.

139 2616 209 2655 Καὶ
224 2617 322 2669 ὤφθη
356 2618 483 2671 Κύριος
509 2623 559 2674 τῷ
577 2620 739 2674 Ἀδραμ,
764 2622 824 2660 καὶ
852 2617 947 2662 εἶπεν
967 2627 1079 2677 αὐτῷ·
1109 2627 1158 2678 τῷ

190 2679 367 2731 σπέρματί
384 2696 444 2718 σου
459 2680 560 2720 δώσω
572 2682 635 2730 τὴν
652 2686 716 2734 γῆν
731 2683 859 2732 ταύτην
878 2701 886 2708 ·
906 2685 964 2723 καὶ
978 2686 1158 2738 ᾠκοδόμη-

191 2755 248 2778 σεν
269 2742 340 2779 ἐκεῖ
359 2742 604 2795 θυσιαστήριον
621 2747 672 2797 τῷ
691 2745 810 2798 Κυρίῳ
832 2749 882 2799 τῷ
898 2747 1034 2799 ὀφθέντι
1051 2750 1158 2802 αὐτῷ.

190 2863 307 2907 Πολὺς
324 2867 342 2902 ὁ
364 2866 533 2919 θησαυρὸς
553 2867 614 2905 καὶ
639 2868 788 2921 ἅφατος,
809 2871 1003 2922 ἀγαπητοὶ,
1035 2874 1069 2910 ἐν
1089 2879 1160 2916 τοῖς

136 2923 337 2976 πρόσφατον
357 2928 631 2977 ἀναγνωσθεῖσι,
651 2929 712 2967 καὶ
731 2931 782 2968 δεῖ
809 2932 1066 2984 συντεταμένης
1081 2935 1157 2971 δια-

137 2984 229 3028 νοίας
241 3013 250 3030 ,
265 3001 324 3023 και
338 2987 506 3037 )ογισμοῧ
520 2987 686 3040 νήφοντος
698 3006 758 3029 και
774 2992 1092 3046 διεγηγερμένου,“
1069 3011 1159 3034 ωστε

138 3045 245 3095 μηδὲν
271 3047 365 3096 ἡμᾶς
395 3049 640 3100 παραδραμεῖν
672 3054 740 3089 τῶν
760 3054 1053 3105 ἐγκεκρυμμένων
1088 3063 1160 3101 τοῖς

139 3105 286 3158 βραχέσι
303 3107 434 3153 τούτοις
450 3110 596 3163 ῥήμασι.
615 3111 684 3151 Διὰ
702 3112 771 3190 γὰρ
788 3119 890 3153 τοῦτο
916 3116 976 3154 καὶ
995 3119 1013 3154 ὁ
1033 3118 1117 3169 φι)
1096 3134 1158 3156 αν-

137 3169 272 3220 θρωπος
300 3169 390 3211 Θεὸς
416 3171 477 3208 οὐκ
498 3172 639 3210 αὐτόθεν
658 3189 718 3212 και
738 3177 777 3213 ἐκ
799 3177 902 3227 ψιλης
930 3178 1158 3229 ἀναγνώσεως

136 3227 252 3265 πάντα
286 3229 331 3267 τὰ
364 3232 399 3267 ἐν
431 3237 507 3276 ταῖς
541 3235 696 3287 Γραφαῖς
716 3237 859 3288 κείμενα
889 3238 1080 3278 εὐσύνοπτα
1099 3241 1158 3279 καὶ

137 3288 226 3333 δῆλα
257 3292 343 3340 ἡμῖν
362 3293 545 3344 τυγχάνειν
565 3296 822 3372 συνεχώρησεν,
842 3297 899 3336 ἵνα
924 3298 988 3345 τὴν
1013 3302 1157 3340 νωθειαν

137 3351 238 3398 ἡμῶν
257 3350 404 3403 διεγείρῃ
419 3383 428 3400 ,
452 3353 510 3392 καὶ
529 3356 661 3402 πολλὴν
681 3358 743 3405 τὴν
766 3359 958 3412 ἀγρυπνίαν
978 3362 1154 3406 ἐπιδειξά-

1232 2061 1267 2098 in
1299 2063 1431 2111 Deum,
1449 2063 1644 2114 poterimus
1675 2073 1707 2102 et
1730 2073 1958 2116 peccatorum
1989 2074 2191 2103 nostrorum

1231 2122 1389 2160 maculas
1411 2123 1576 2173 abluere,
1590 2132 1624 2161 et
1643 2123 1804 2163 divinam
1828 2125 2109 2163 misericordiam
2129 2140 2190 2163 as-

1229 2183 1353 2234 sequi,
1382 2184 1497 2235 gratia
1523 2194 1554 2222 et
1580 2185 1869 2223 miserationibus
1898 2186 2070 2237 unigeniti
2105 2187 2190 2224 Filii

1229 2245 1319 2297 ejus,
1343 2244 1400 2282 cui
1417 2259 1499 2283 cum
1517 2247 1622 2284 Patre
1640 2256 1675 2284 et
1693 2255 1814 2285 sancto
1837 2247 1974 2299 Spiritu
1994 2247 2039 2285 sit
2059 2248 2188 2299 gloria,

1229 2305 1422 2358 imperium
1436 2316 1470 2344 et
1486 2307 1612 2356 honor,
1629 2321 1723 2345 nunc
1738 2316 1772 2346 et
1787 2321 1940 2360 semper,
1957 2317 1990 2346 et
2011 2309 2048 2346 in
2064 2308 2192 2346 saecula

1230 2367 1454 2406 saeculorum.
1478 2370 1602 2406 Amen.

1509 2500 1721 2538 lIOMlLIA
1752 2499 1913 2539 XXXII.

1229 2624 1275 2663 Et
1299 2624 1396 2664 visus
1416 2633 1465 2662 est
1486 2623 1662 2662 Dominus
1678 2623 1797 2671 Abrzr,
1817 2631 1850 2661 et
1868 2623 1962 2661 dixit
1977 2623 2007 2660 ci
2028 2640 2034 2660 :
2051 2625 2186 2663 Semini
2207 2638 2278 2665 Gen.
2296 2645 2340 2666 12.
2361 2647 2390 2675 7.

1282 2696 1344 2725 tuo
1363 2686 1457 2724 dabo
1477 2695 1607 2723 terram
1628 2685 1741 2734 hanc3
1758 2694 1791 2723 et
1810 2685 1988 2723 exstruxit
2007 2685 2056 2724 ibi
2077 2686 2187 2725 altare

1283 2748 1450 2797 Domino,
1466 2747 1526 2798 qui
1544 2747 1641 2785 visus
1660 2756 1711 2784 est
1727 2747 1770 2783 ei.

1283 2873 1320 2908 1.
1354 2870 1492 2908 Multus
1507 2878 1539 2907 et
1560 2868 1754 2906 immensus
1771 2869 1806 2906 in
1823 2868 1878 2918 iis,
1892 2883 1971 2920 quae
1990 2871 2096 2922 paulo
2110 2883 2190 2910 ante

1229 2941 1311 2970 sunt
1337 2932 1442 2980 lecta,
1463 2931 1651 2968 thesaurus
1671 2929 1768 2978 latet,
1787 2928 2025 2981 dilectissimi,
2047 2941 2079 2970 et
2099 2948 2189 2986 opus

1229 3003 1280 3032 est
1301 2994 1434 3032 intenta
1455 3001 1582 3040 mente,
1600 2991 1786 3042 sobriaque
1806 3001 1840 3029 et
1855 2991 2019 3043 vigilanti
2042 2994 2187 3042 ratione,

1230 3055 1279 3093 ita
1297 3063 1332 3092 ut
1348 3054 1438 3092 nihil
1453 3066 1574 3091 eorum
1595 3066 1674 3103 quae
1691 3051 1725 3089 in
1742 3052 1914 3091 brevibus
1931 3053 2048 3092 verbis
2062 3055 2184 3104 latent,

1229 3128 1292 3152 nos
1307 3121 1500 3166 praetereat
1511 3113 1753 3164 Nampropter
1764 3111 1829 3151 hoc
1839 3112 2079 3151 etmiserieors
2091 3115 2187 3152 Deus
2264 3132 2294 3158 (3.
2291 3144 2322 3159 „f
2337 3143 2391 3159 „0

1232 3189 1301 3212 non
1332 3173 1429 3211 facili
1454 3182 1487 3211 et
1510 3171 1748 3225 perfunctoria
1771 3171 1918 3211 lectione
1945 3173 2061 3212 voluit
2086 3175 2185 3212 nobis
2202 3172 2287 3200 '⁰⁸¹¹
2313 3173 2391 3200 ¹³⁰⁰·

1229 3236 1347 3273 omnia
1367 3249 1446 3286 quse
1469 3235 1503 3271 in
1524 3232 1719 3285 Scripturis
1739 3233 1977 3279 continentur,
2002 3235 2183 3273 maniststa
2200 3214 2390 3292 ἓέῐῖἶῖἰῃζζξ

1228 3305 1259 3334 et
1279 3296 1464 3348 perspicua
1484 3308 1568 3343 esse,
1585 3303 1621 3331 ut
1645 3307 1792 3332 excussa
1812 3295 2044 3334 somnolentia
2067 3306 2164 3334 nosti
2166 3312 2184 3334 a

1228 3356 1414 3409 ιίςὶΙαηῑίο
1436 3356 1546 3393 multa
1568 3364 1703 3393 utentes
1726 3354 1959 3408 decerpamus
1978 3357 2180 3395 utilitatem.

138 3425 256 3459 μενοι,
290 3411 378 3451 οὕτω
399 3413 462 3461 τὴν
481 3414 516 3459 ἐξ
546 3417 660 3456 αὐτῶν
676 3419 846 3470 ὠφέὶειαν
870 3423 1152 3474 καρπωσώμεοα,
1179 3435 1203 3466 (j
1227 3419 1349 3459 Solent
1364 3417 1456 3457 enim
1477 3431 1515 3456 ea
1532 3431 1611 3468 quae
1627 3416 1749 3456 labore
1766 3425 1799 3456 et
1815 3417 2044 3469 inquisitione
2062 3418 2184 3468 aliqua
