2566 3791
425 247 518 302 234

421 344 642 393 studueritis,
654 357 839 397 poenarum
855 342 1013 395 pericula
1026 338 1206 390 effugiatis
1221 353 1228 374 :
1245 338 1375 375 Erunt

422 404 530 451 enim,
549 405 676 456 inquit,
688 406 769 443 dies
783 418 912 442 eorum
934 404 1030 440 anni
1047 409 1203 438 centum
1218 398 1372 449 viginti.

850 260 888 290 S.
926 256 1107 289 JOANNIS
1143 254 1385 286 CHRYSOST.
1425 253 1631 285 ARCHJEP,
1669 255 2027 287 CONSTANTINOP.

1450 338 1485 373 αἱ
1504 336 1635 400 ἡμέραι
1658 339 1769 377 αὐτῶν
1789 339 1848 387 ἔτη
1870 340 1992 378 ἑκατὸν
2019 340 2141 378 εἴκοσι.
2176 341 2223 378 Οἱ
2243 338 2278 378 δὲ
2300 339 2471 391 γίγαντες,

1450 397 1567 449 φησὶν,
1588 401 1677 444 ἠσαν
1697 400 1754 438 ἐπὶ
1773 402 1835 446 τῆς
1849 404 1911 452 γῆς
1931 403 1964 439 ἐν
1982 406 2058 444 ταῖς
2070 400 2217 452 ἡμέραις
2228 401 2387 445 ἐκείναις.
2402 402 2473 439 Καὶ

421 467 460 504 4.
473 466 659 518 Gigantes
676 474 820 514 autem,
837 462 964 514 inquit,
980 469 1093 499 erant
1107 467 1373 511 superterram
1386 488 1434 514 199
1451 459 1528 509 μετ’
1555 461 1670 498 ἐκεῖνα
1684 490 1694 508 ,
1723 463 1770 504 ὡς
1798 461 1838 499 ἂν
1861 462 2120 514 εἰσεπορεύοντο
2142 464 2174 500 οἱ
2199 463 2266 501 υἱοὶ
2292 467 2352 501 τοῦ
2379 465 2471 501 Θεοῦ

423 530 465 564 in
482 528 615 564 diebus
634 526 725 563 illis.
746 526 801 562 Et
812 532 1068 576 posteaquam
1100 522 1264 572 ingressi
1283 526 1374 557 sunt
1398 528 1424 556 Α
1448 519 1534 573 πρὸς
1562 520 1624 564 τὰς
1654 522 1843 574 θυγατέρας
1875 526 1942 561 τῶν
1964 523 2175 575 ἀνθρώπων,
2200 523 2260 561 καὶ
2279 526 2470 575 ἐγεννῶσαν

416 588 496 640 silii
511 589 586 625 Dei
605 587 658 623 ad
665 586 780 639 filias
797 586 996 622 hominum
1009 612 1020 632 ,
1045 582 1201 633 illaeque
1218 582 1292 618 sihi
1310 594 1374 632 ge-

423 655 603 693 nuerunt,
619 647 680 683 illi
693 654 805 684 erant
816 648 1007 697 gigantes,
1021 646 1087 695 qui
1103 657 1127 681 a
1141 642 1281 680 soeculo
1295 643 1374 678 viri

274 708 578 760 Gigmtesfamosi.
604 706 775 758 Gigantes
801 706 861 743 hic
889 720 909 743 a
937 704 1062 743 divina
1090 703 1275 755 Scriptura
1303 701 1376 739 dici

221 754 352 790 quinam.

221 896 290 925 lsai.
312 895 357 925 13.
375 895 406 926 3.

226 2124 412 2155 P1·ov.18.3.

423 768 549 820 opinor
565 768 728 807 robustos
750 781 909 820 corpore.
927 765 988 804 Ex
1001 765 1074 803 illis
1088 795 1099 815 ,
1116 764 1244 815 inquit,
1264 777 1374 815 gene-

422 830 512 868 ratio
525 830 671 867 illorum
685 839 789 868 aucta
808 837 870 867 est.
886 828 929 866 Id
942 827 1039 879 quod
1051 836 1084 865 et
1099 827 1169 865 alio
1180 827 1257 864 loco
1273 825 1376 863 vide-

421 906 460 930 re
479 892 562 929 licet
578 891 715 929 dictum
733 907 741 928 τ
761 891 971 942 Gigantes,
994 888 1126 940 inquit,
1152 890 1317 926 veniunt
1334 895 1377 924 ut

409 954 591 1005 furorem
624 966 750 990 meum
773 952 944 1002 placent.
961 950 1066 987 Hunc
1097 963 1203 1001 porro
1234 957 1377 986 centum

421 1013 551 1065 viginti
568 1027 743 1051 annorum
759 1025 960 1059 numerum,
980 1010 1092 1060 aliqui
1110 1017 1237 1062 putant
1255 1007 1376 1060 termi-

421 1088 508 1112 num
529 1074 611 1112 vitae
635 1087 728 1111 esse:
759 1086 829 1110 non
849 1072 918 1109 hoc
943 1079 1061 1108 autem
1088 1069 1293 1121 significat,
1314 1067 1377 1106 sed

421 1149 516 1173 nunc
542 1134 753 1187 patientiam
782 1133 963 1172 declarare
982 1131 1075 1178 vult,
1105 1145 1210 1182 quam
1241 1139 1275 1167 et
1298 1138 1378 1182 post

421 1196 498 1234 haec
512 1205 652 1248 peccata
671 1196 705 1233 in
723 1195 816 1248 ipsos
828 1192 992 1232 ostendit.
1006 1192 1124 1244 Igitur
1141 1201 1180 1230 ut
1198 1191 1378 1229 discamus

420 1257 502 1295 illos
521 1267 602 1310 post
621 1257 902 1308 indignationem
924 1264 957 1293 et
972 1254 1102 1304 minas,
1129 1262 1162 1291 et
1182 1252 1271 1291 tanti
1290 1261 1379 1290 tem-

420 1318 518 1371 poris
538 1318 824 1367 diuturnitatem,
839 1330 947 1367 quam
965 1315 1054 1368 ipsis
1084 1314 1120 1352 in
1133 1313 1378 1366 poenitentiam

421 1380 588 1429 dederat,
607 1394 677 1417 non
698 1379 815 1417 solum
833 1377 926 1416 nihil
947 1376 1156 1429 profecisse,
1178 1374 1242 1413 sed
1259 1374 1295 1412 in
1316 1373 1378 1412 iis-

421 1442 504 1480 dem
528 1441 690 1479 moribus
717 1440 1020 1493 perseveravisse:
1050 1445 1237 1490 propterea
1259 1435 1349 1473 dicit
1367 1465 1377 1483 ‚

422 1506 638 1556 Postquam
651 1504 812 1554 ingressi
828 1500 1008 1553 suntfilii
1019 1500 1092 1536 Dei
1113 1499 1167 1536 ad
1183 1498 1292 1550 filias
1309 1498 1377 1535 ho-

423 1568 597 1611 minum,
634 1565 790 1615 illaeque
811 1564 885 1600 sibi
914 1568 1144 1613 genuerunt,
1179 1559 1241 1596 illi
1266 1567 1379 1596 erant

422 1630 626 1679 gigantes,
650 1628 718 1678 qui
743 1639 768 1662 α
792 1624 933 1662 soeculo
962 1625 1042 1659 viri
1060 1623 1220 1674 famosi.
1240 1619 1378 1658 Vidisti

424 1687 666 1739 improbitatis
684 1684 970 1737 magnitudinem
983 1683 1001 1720 Ξ)
1021 1681 1145 1720 vidisti
1164 1679 1326 1732 stupidas
1345 1689 1379 1717 et

424 1748 560 1786 doloris
575 1761 678 1785 sensu
698 1754 856 1784 carentes
874 1743 1010 1781 animas
1025 1743 1086 1781 ΡΝ
1090 1756 1177 1792 eque
1196 1755 1308 1793 poenae
1328 1739 1376 1777 ti-

424 1824 514 1858 mor,
534 1823 646 1859 neque
661 1806 855 1846 tolerantiae
871 1814 1011 1856 tempus
1028 1803 1143 1841 arcuit
1163 1802 1242 1839 illos
1262 1815 1283 1838 a
1303 1815 1379 1838 ma-

423 1871 469 1909 lis
491 1870 659 1922 operibus
678 1884 687 1906 :
710 1867 771 1907 sed
794 1867 903 1905 semel
932 1865 969 1903 in
1000 1878 1157 1917 praeceps
1182 1862 1324 1915 dejecti,
1346 1871 1380 1900 et

423 1932 552 1970 mentis
574 1931 677 1970 oculo
703 1927 891 1975 excaecati,
912 1942 931 1964 a
952 1927 1046 1964 mala
1065 1923 1350 1977 concupiscentia
1363 1953 1375 1970 ,
1402 1941 1426 1972 ρ

424 1993 525 2043 quasi
542 1993 587 2030 ab
605 1991 773 2030 ebrietate
791 1989 948 2041 quadam
962 1986 1126 2036 demersi,
1143 1986 1190 2024 ad
1208 2000 1244 2023 se
1262 1985 1380 2023 redire

425 2055 519 2092 ultra
540 2053 752 2091 noluerunt:
775 2048 1081 2101 quemadmodum
1096 2056 1129 2085 et
1149 2046 1286 2099 sapiens
1301 2045 1381 2096 qui-

427 2116 511 2155 dam
527 2115 615 2153 dicit
639 2130 646 2151 :
670 2115 830 2165 Impius,
852 2125 940 2148 cum
960 2113 1002 2147 in
1021 2109 1262 2162 profundum
1284 2109 1381 2145 ceci—

428 2180 527 2216 derit
545 2177 752 2221 malorum,
768 2174 992 2211 contemnit.
1011 2171 1132 2209 Grave
1146 2168 1253 2215 enim,
1275 2181 1382 2219 grave

429 2248 492 2287 est,
524 2236 662 2285 dilecte,
682 2234 761 2286 capi
792 2232 927 2283 laqueis
955 2230 1104 2268 diaboli.
1127 2229 1256 2266 Anima
1287 2228 1381 2265 enim

429 2308 549 2353 postca
576 2296 676 2349 quasi
708 2295 744 2333 in
774 2294 909 2332 retibus
928 2291 1178 2344 comprehensa
1210 2289 1380 2338 trahitur,

430 2367 465 2396 ct
485 2357 577 2395 sicut
604 2369 663 2393 sus
689 2354 723 2391 in
743 2352 810 2390 luti
831 2351 1022 2390 volutabro
1045 2349 1256 2397 oblectatur,
1280 2348 1331 2386 sic
1351 2357 1384 2385 ct

431 2420 497 2456 ista
521 2417 615 2455 mala
643 2412 898 2453 consuetudine
925 2411 1064 2459 obruta,
1089 2424 1132 2447 ne
1161 2409 1266 2446 sentit
1297 2410 1383 2459 qui-

430 2478 511 2516 dem
524 2485 751 2530 peccatorum
765 2474 938 2511 foetorem.
952 2471 1037 2509 Ideo
1051 2485 1139 2523 opus
1153 2479 1205 2508 cst
1223 2478 1262 2507 ut
1276 2470 1385 2507 sobrii

431 2551 464 2579 et
482 2540 612 2591 vigiles
631 2537 762 2585 simus,
783 2549 826 2573 nc
839 2535 884 2573 ab
900 2534 1002 2571 initio
1021 2533 1167 2571 diabolo
1186 2532 1385 2583 ingressum

432 2601 679 2648 concedamus,
706 2607 746 2635 ut
773 2611 816 2635 ne
836 2595 1063 2634 obtenebrata
1085 2593 1221 2632 ratione
1240 2602 1355 2631 nostra
1372 2624 1382 2643 ,

432 2674 466 2702 et
490 2670 663 2701 excaecata
687 2658 813 2698 mentis
839 2656 1074 2709 perspicacia,
1100 2655 1202 2706 quasi
1228 2655 1385 2707 privatos

434 2725 543 2777 hujus
557 2723 640 2761 solis
654 2721 788 2759 lumine
800 2718 938 2767 reddat,
950 2732 1013 2755 nec
1024 2717 1205 2756 valeamus
1219 2716 1253 2753 in
1270 2716 1388 2754 radios

434 2786 517 2825 solis
532 2784 678 2837 justitiae
694 2780 865 2830 contueri,
878 2789 910 2817 ct
929 2779 978 2817 ita
992 2779 1028 2816 in
1045 2792 1200 2831 praeceps
1215 2777 1386 2815 feramur:

437 2847 472 2885 id
491 2846 591 2897 quod
611 2855 644 2883 ct
663 2844 735 2881 illis
758 2852 841 2880 tunc
862 2840 1004 2879 accidit.
1031 2839 1128 2877 Audi
1145 2838 1240 2877 enim
1260 2839 1390 2876 iterum

434 2908 606 2946 bonitatis
634 2906 701 2944 Dei
729 2904 965 2944 tolerantiam.
987 2904 1024 2942 5.
1053 2904 1104 2940 Ut
1129 2902 1231 2939 vidit
1246 2910 1389 2950 autem,

438 2970 566 3020 inquit,
590 2970 780 3005 Dominus
813 2968 941 3013 Deus,
984 2965 1088 3016 quod
1122 2963 1391 3014 multiplicatae

439 3040 529 3068 sunt
559 3031 720 3067 malitioe
743 3030 943 3066 hominum
969 3039 1082 3077 super
1109 3033 1261 3063 terram.
1292 3024 1391 3070 Quid

439 3092 505 3129 sibi
527 3092 606 3128 vult
635 3091 701 3128 lioc
723 3089 857 3127 dictum
876 3119 886 3134 ‚
915 3089 966 3126 [st
991 3088 1092 3124 vidit
1119 3094 1248 3124 autem
1263 3085 1280 3122 ἶ)
1295 3087 1390 3123 Num

441 3153 626 3203 ignorabat
653 3151 850 3189 Dominus?
870 3150 998 3187 Absit:
1024 3148 1082 3186 scd
1106 3162 1171 3200 pro
1198 3157 1315 3185 nostra
1336 3147 1389 3185 in-

441 3214 608 3252 firmitate
622 3213 739 3251 omnia
760 3210 1017 3249 narratdivina
1039 3209 1223 3262 Scriptura
1241 3224 1248 3244 t
1270 3218 1308 3246 ut
1327 3223 1388 3246 nos

438 3281 577 3330 doceat,
599 3295 656 3316 eos
673 3280 776 3315 etiam
790 3287 868 3330 post
880 3287 1013 3315 tantam
1035 3277 1100 3314 Dei
1118 3276 1337 3314 tolerantiam
1354 3277 1388 3314 in

442 3348 552 3385 'sdem
579 3346 746 3384 mansisse
773 3345 889 3391 malis,
915 3353 975 3381 aut
1001 3344 1108 3381 etiam
1137 3343 1171 3381 in
1202 3343 1324 3395 pejora
1352 3358 1388 3381 se

483 3463 494 3476 n
517 3454 525 3493 Ῐ
540 3452 580 3484 1η
599 3451 701 3484 isaim.
716 3449 735 3480 l.
753 3449 773 3482 l.
789 3449 904 3491 legitur
920 3450 1102 3492 ahlwine]

1447 583 1600 630 ἑαυτοῖς,
1628 585 1760 621 »ἐκεῖνοι
1791 587 1880 630 ἠσαν
1912 587 1943 622 οἱ
1967 584 2127 636 γίγαντες
2147 586 2177 622 οἱ
2200 584 2262 622 ἀπ’
2283 587 2422 630 αἰῶνος,
2442 589 2473 624 οἱ

1449 643 1625 696 ἄνθρωποι
1643 646 1674 682 οἱ
1697 643 1896 695 ὀνομαστοί.
1918 644 2090 697 Γίγαντας
2108 647 2256 683 ἐνταῦθα
2274 645 2352 689 τοὺς
2371 648 2473 698 ἰσχυ-

1450 703 1527 757 ροὺς
1546 703 1585 743 τὸ
1605 708 1709 756 σῶμα
1736 699 1834 757 οἶμαι
1865 705 1978 757 λέγειν
2009 705 2072 753 τὴν
2100 705 2193 744 θείαν
2224 705 2382 758 Γραφῆν.
2412 692 2473 750 Ἓξ

1449 766 1601 814 ἐκείνων,
1624 767 1726 819 φησὶν
1742 797 1751 815 ,
1770 771 1791 814 ἡ
1811 766 1912 818 γενεὰ
1936 769 2048 805 αὐτῶν
2067 766 2213 814 ηὐξήθη.
2245 768 2314 805 Καὶ
2329 766 2397 818 γὰρ
2413 768 2473 806 καὶ

1450 829 1606 880 ἀλλαχοῦ
1627 829 1720 866 ἐστιν
1749 829 1830 866 ἰδεῖν
1859 833 1959 867 τοῦτο
1987 827 2169 881 εἰρημένον
2183 844 2191 851 ·
2211 827 2390 878 Γίγαντες,
2408 843 2475 880 φη-

1450 889 1515 936 σὶν,
1537 890 1698 942 ἔρχονται
1715 891 1772 928 τὸν
1790 890 1896 942 θυμόν
1918 907 1982 941 μου
2001 896 2014 911 ³
2027 895 2176 929 παῦσαι.
2207 892 2339 930 Τοῦτον
2359 891 2395 930 δὲ
2416 891 2472 929 τὸν

1449 954 1517 988 τῶν
1538 951 1660 989 ἑκατὸν
1682 951 1790 990 εἴκοσι
1816 954 1901 990 ἐτῶν
1933 951 2080 1004 ἀριθμόν
2107 967 2197 995 τινες
2225 953 2401 1003 νομίζουσι
2417 953 2474 992 τὸν

1450 1012 1528 1063 ὅρον
1559 1015 1623 1058 τῆς
1650 1014 1739 1058 ζωῆς
1766 1005 1878 1051 εἶναι·
1906 1015 1943 1050 οὐ
1974 1016 2075 1051 τοῦτο
2102 1013 2138 1051 δὲ
2167 1013 2354 1063 σημαίνει,
2384 1013 2475 1052 ἀλλὰ

1450 1073 1536 1116 τέως
1561 1072 1623 1120 τὴν
1645 1074 1886 1125 μακροθυμίαν
1909 1074 2122 1119 ἐνδείξασθαι
2142 1075 2321 1125 βούλεται,
2352 1074 2394 1121 ἣν
2415 1075 2476 1112 καὶ

1452 1133 1542 1184 μετὰ
1559 1139 1714 1172 τοσαῦτα
1733 1136 1973 1188 ἁμαρτήματα
1993 1135 2049 1174 ἐπ’
2078 1134 2201 1178 αὐτοὺς
2226 1135 2474 1174 ἐπιδείκνυται.

1448 1193 1513 1233 Ἵν’
1534 1188 1592 1233 οἶν
1610 1195 1777 1246 μάθωμεν
1797 1195 1857 1233 καὶ
1875 1196 1964 1246 μετὰ
1985 1196 2048 1242 τὴν
2067 1196 2317 1247 ἀγανάκτησιν,
2336 1197 2396 1234 καὶ
2411 1197 2475 1244 τὴν

1450 1255 1611 1303 ἀπειλὴν,
1639 1256 1700 1294 καὶ
1722 1256 1786 1304 τὴν
1806 1257 1978 1303 τοσαύτην
1998 1262 2058 1296 τοῦ
2073 1257 2198 1309 χρόνου
2217 1256 2480 1309 μακροθυμίαν,

1450 1317 1491 1364 ἣν
1515 1319 1562 1359 εἰς
1589 1317 1775 1367 μετάνοιαν
1801 1318 1917 1362 αὐτοῖς
1945 1317 2109 1364 δέδωκεν,
2136 1319 2182 1361 ὡς
2201 1319 2239 1355 οὐ
2261 1317 2362 1369 μόνον
2379 1318 2476 1357 οὐδὲν

1451 1379 1646 1432 ἐκέρδανον,
1663 1379 1754 1418 ἀλλὰ
1768 1380 1826 1418 καὶ
1845 1385 1916 1424 τοῖς
1937 1381 2053 1424 αὐτοῖς
2072 1379 2258 1431 ἐπέμειναν
2270 1410 2280 1427 ,
2302 1379 2359 1417 διὰ
2375 1380 2476 1418 τοῦτό

1451 1456 1569 1493 φησιν,
1600 1440 1665 1484 <Ως
1697 1441 1737 1478 ἂν
1759 1441 2016 1494 εἰσεπορεύοντο
2049 1444 2080 1480 οἱ
2104 1442 2170 1479 υἱοὶ
2200 1445 2262 1479 τοῦ
2281 1443 2372 1479 Θεοῦ
2391 1443 2477 1493 πρὸς

1447 1503 1509 1546 τὰς
1526 1501 1715 1554 θυγατέρας
1733 1504 1802 1539 τῶν
1820 1501 2023 1553 ἀνθρώπων,
2041 1502 2100 1540 καὶ
2122 1505 2313 1553 ἐγεννῶσαν
2325 1503 2474 1549 ἑαυτοῖς,

1451 1565 1578 1602 ἐκεῖνοι
1606 1557 1695 1610 ἦσαν
1724 1566 1754 1601 οἱ
1781 1562 1940 1614 γίγαντες
1961 1565 1992 1602 οἱ
2021 1562 2084 1601 ἀπ’
2100 1566 2235 1607 αἰῶνος,
2251 1565 2281 1600 οἳ
2301 1562 2477 1615 ἄνθρωποι

1451 1627 1482 1663 οἱ
1509 1624 1709 1675 ὀνομαστοί.
1737 1618 1839 1668 Εἶδες
1862 1624 2111 1675 ἀγνωμοσύνης
2138 1624 2353 1675 ὑπερβολήν,
2392 1617 2478 1667 εἶδες

1451 1686 1568 1739 ψυχὴν
1586 1687 1799 1738 ἀνάλγητον;
1815 1686 1906 1724 Οὔτε
1927 1690 1945 1724 ὁ
1961 1689 2022 1733 τῆς
2041 1685 2213 1738 τιμωρίας
2235 1686 2350 1738 φόέος,
2368 1685 2446 1724 οὔτε
2460 1688 2478 1723 ὃ

1450 1751 1513 1794 τῆς
1531 1747 1771 1801 μακροθυμίας
1787 1747 1910 1799 χρόνος
1929 1747 2125 1794 ἀπέστησεν
2141 1745 2262 1790 αὐτοὺς
2282 1749 2351 1784 τῶν
2371 1761 2479 1793 πονη-

1454 1813 1520 1864 ρῶν
1532 1809 1703 1861 πράξεων·
1721 1809 1799 1846 ἀλλ’
1816 1807 1908 1852 ἅπαξ
1923 1808 2014 1846 κατὰ
2030 1810 2194 1860 κρημνῶν
2206 1807 2478 1859 κατενεχθέντες,

1452 1871 1511 1909 καὶ
1531 1871 1571 1909 τὸ
1586 1873 1648 1916 τῆς
1664 1869 1818 1912 διανοίας
1837 1869 1936 1920 ὄμμα
1958 1869 2188 1920 πηρωθέντες,
2203 1871 2263 1906 οὐκ
2277 1869 2327 1906 ἔτι
2345 1868 2478 1914 λοιπὸν,

1453 1932 1612 1984 καθάπερ
1632 1930 1699 1969 ὑπὸ
1717 1930 1824 1981 μέθης
1843 1930 1934 1974 τινὸς
1954 1932 2017 1975 τῆς
2036 1936 2189 1983 πονηρᾶς
2208 1929 2390 1980 ἐπιθυμίας
2409 1945 2479 1968 κα·

1454 1992 1748 2035 ταὸαπτισθέντες
1764 2022 1774 2039 ,
1807 1995 2000 2044 ἀνενεγκεῖν
2031 1990 2300 2038 ἠὸουλήθησαν,
2322 1990 2479 2042 καθάπερ

1452 2055 1513 2093 καὶ
1529 2054 1631 2106 σοφός
1646 2053 1698 2097 τίς
1712 2069 1828 2106 φησιν·
1846 2052 1989 2100 Ἀσεὸὴς
2004 2051 2165 2103 ἐμπεσὼν
2178 2054 2225 2096 εἷς
2240 2053 2345 2104 βάθος
2360 2055 2478 2090 κακῶν

1455 2121 1676 2167 καταφρονεῖ.
1697 2115 1816 2152 Δεινὸν
1831 2114 1911 2166 γὰρ,
1924 2114 2043 2160 δεινὸν,
2060 2114 2233 2165 ἀγαπητὲ,
2248 2115 2382 2151 ἁλῶναι
2402 2119 2480 2156 ταῖς

1455 2182 1515 2216 τοῦ
1545 2176 1706 2214 &modion
1737 2175 1892 2225 παγίσιν.
1921 2175 1964 2212 Ἣ
1986 2175 2052 2227 γὰρ
2070 2175 2164 2227 ψυχὴ
2182 2174 2301 2213 λοιπὸν
2322 2173 2480 2226 καθάπερ

1456 2240 1490 2276 ἐν
1523 2237 1671 2280 δικτύοις
1703 2236 1963 2286 ἀπειλημμένη,
1988 2236 2048 2274 καὶ
2063 2235 2182 2287 ὥσπερ
2199 2231 2238 2279 ῧς
2252 2234 2480 2287 ἐγκυλιομένη

1459 2299 1616 2352 βορὸόρῳ
1636 2298 1779 2345 ἥδεται,
1800 2297 1888 2335 οὕτω
1919 2297 1978 2335 καὶ
2001 2297 2087 2344 αὐτὴ
2108 2297 2175 2335 ὑπὸ
2196 2301 2257 2344 τῆς
2276 2300 2386 2343 κακῆς
2403 2312 2479 2333 συν-

1457 2361 1575 2409 ηθείας
1602 2362 1891 2412 καταχωσθεῖσα,
1928 2359 2004 2397 οὐδὲ
2038 2359 2198 2405 αἴσθησιν
2218 2356 2392 2407 λαμὸάνει
2419 2358 2482 2401 τῆς

1459 2427 1527 2462 τῶν
1560 2421 1824 2474 ἁμαρτημάτων
1857 2421 2037 2465 δυσωδίας.
2078 2421 2142 2459 Διὸ
2173 2420 2243 2474 χρὴ
2278 2420 2395 2472 νήφειν
2423 2419 2482 2456 καὶ

1458 2484 1709 2537 ἐγρηγορέναι,
1751 2482 1841 2521 ὥστε
1875 2482 2050 2533 μηδεμίαν
2083 2484 2133 2534 τῷ
2168 2483 2310 2534 πονηρῷ
2346 2479 2483 2529 δαίμονι

1457 2546 1555 2600 παρὰ
1574 2545 1636 2592 τὴν
1656 2544 1768 2598 ἀρχὴν
1790 2544 1920 2582 εἴσοδον
1937 2550 2147 2595 παρασχεῖν,
2163 2542 2220 2580 ἵνα
2237 2542 2285 2593 μὴ
2304 2540 2483 2584 σκοτώσας

1458 2610 1559 2658 ἡμῶν
1578 2608 1635 2645 τὸν
1664 2606 1853 2657 λογισμὸν,
1885 2605 1945 2643 καὶ
1972 2605 2012 2642 τὸ
2033 2602 2226 2657 διορατικὸν
2249 2605 2312 2649 τῆς
2333 2601 2483 2644 διανοίας

1460 2667 1731 2720 ἀποτυφλώσας,
1757 2665 2030 2718 παρασκευάσῃ,
2051 2665 2210 2716 καθάπερ
2239 2666 2424 2714 ἀπεστερη,
2447 2662 2483 2699 έ-

1459 2746 1536 2773 νους
1556 2733 1615 2767 τοῦ
1642 2731 1787 2774 ἡλιακοῦ
1801 2726 1922 2765 τούτου
1941 2726 2065 2779 φωτὸς,
2083 2725 2166 2778 πρὸς
2187 2723 2247 2767 τὰς
2266 2725 2406 2767 ἀκτῖνας
2422 2727 2482 2760 τοῦ

1460 2793 1522 2836 τῆς
1549 2788 1767 2835 δικαιοσύνης
1798 2788 1896 2834 ἡλίου
1928 2791 2009 2840 ὃρᾷν
2044 2786 2092 2836 μὴ
2124 2784 2331 2835 δυναμένους
2346 2814 2354 2830 ,
2390 2783 2480 2822 κατὰ

1461 2855 1626 2904 κρημνῶν
1657 2850 1833 2902 φέρεσθαι,
1864 2848 1949 2901 ὅπερ
1971 2848 2030 2886 καὶ
2050 2842 2143 2886 οὗτοι
2161 2846 2240 2885 τότε
2258 2845 2482 2884 πεπόνθασιν.

1462 2912 1583 2951 Ἄκουε
1610 2912 1676 2964 γὰρ
1705 2912 1809 2949 πάλιν
1829 2913 1891 2956 τῆς
1906 2914 1966 2947 τοῦ
1983 2912 2075 2947 Θεοῦ
2092 2907 2306 2959 ἀγαθότητος
2320 2905 2381 2953 τὴν
2399 2907 2482 2942 ἀνε-

1463 2975 1633 3020 ξικακίαν.
1666 2972 1764 3011 Ἰδὼν
1789 2972 1845 3019 δὲ,
1874 2971 1971 3023 φησὶ,
2002 2969 2128 3021 Κύριος
2148 2972 2165 3006 ὃ
2183 2968 2284 3014 Θεὸς,
2305 2967 2483 3012 ὅτιέπλη-

1463 3037 1634 3083 θύνθησαν
1662 3037 1696 3072 αἱ
1730 3034 1850 3071 κακίαι
1871 3036 1940 3070 τῶν
1968 3030 2159 3083 ἀνθρώπων
2179 3028 2236 3067 ἐπὶ
2255 3031 2316 3074 τῆς
2334 3030 2409 3078 γῆς.
2437 3026 2485 3065 Τί

1465 3098 1625 3150 βούλεται
1647 3096 1686 3134 τὸ
1703 3094 1882 3148 εἰρημένον
1899 3123 1908 3140 ,
1937 3092 2036 3130 Ἰδὼν
2060 3091 2113 3137 δέ,
2134 3093 2211 3128 Οὐκ
2228 3088 2347 3134 ἐπειδὴ
2368 3089 2486 3139 ἠγνόει

1463 3164 1480 3198 ὁ
1503 3158 1703 3205 Δεσπότης·
1733 3156 1780 3207 μὴ
1799 3155 1949 3206 γένοιτο·
1980 3152 2070 3190 ἀλλὰ
2101 3151 2186 3202 πρὸς
2217 3149 2280 3196 τὴν
2306 3149 2483 3188 ἀσθένειαν

1462 3220 1524 3266 τὴν
1556 3218 1731 3269 ἡμετέραν
1762 3216 1900 3253 ἅπαντα
1922 3214 2093 3263 διηγεῖται
2124 3214 2145 3256 ἡ
2172 3209 2246 3248 θεία
2266 3209 2410 3261 Γραφή·
2429 3208 2485 3246 ἵνα

1462 3286 1555 3331 ἡμᾶς
1582 3278 1722 3329 διδάξῃ,
1751 3276 1803 3314 ὅτι
1827 3275 1886 3313 καὶ
1907 3272 1996 3324 μετὰ
2016 3271 2078 3318 τὴν
2099 3270 2270 3316 τοσαύτην
2291 3271 2394 3307 αὐτοῦ
2416 3283 2484 3318 μα-

1462 3340 1652 3394 κροθυμίαν
1674 3345 1744 3381 τοῖς
1763 3340 1877 3380 αὐτοῖς
1895 3334 2080 3386 ἐπέμενον,
2107 3333 2129 3378 ἢ
2147 3332 2206 3370 καὶ
2224 3330 2360 3384 χείροσι
2378 3346 2482 3382 περι-
