2433 3775
282 157 334 202 16

88 277 195 304 contra
210 285 257 304 eos
325 256 361 293 4.
393 254 502 301 Quod
530 255 560 293 si
588 257 750 294 xe1itatis
779 257 896 296 hostes
927 256 1045 295 adhuc
1070 257 1218 305 dicunt,

66 328 119 385 ῐιυῑ
179 319 259 346 ‘¹¹02‘
274 331 343 355 non
363 330 464 368 posse
486 330 531 354 ex
559 316 673 354 nihilo
689 317 830 368 aliquid
849 317 942 367 fieri,
967 317 1224 367 interiogemus

69 364 258 438 ἐζῃζὲζξζᾞ
271 393 358 416 eos:
378 377 565 416 Primusne
580 377 688 415 homo
717 391 764 415 ex
784 387 876 415 terra
894 378 1067 414 formatus
1090 385 1160 424 est3
1180 388 1224 412 an

66 442 189 468 “meria
215 440 362 478 fa·f01·te
383 438 557 477 aliunde?
587 437 743 476 Omnino
776 438 896 475 dicent
931 449 972 473 ac
1002 436 1222 483 fatebuntur,

684 174 722 204 S.
759 173 938 205 JoANNts
973 174 1220 205 CHRYSOST.
1259 172 1852 204 ARCH1EP.CONSTANT1NOP.

1349 257 1394 294 Εἰ
1420 254 1456 293 δὲ
1485 255 1679 306 ἐπιμένοιεν
1700 257 1731 294 οἳ
1748 259 1810 303 τῆς
1829 255 1992 303 ἀληθείας
2010 257 2127 309 ἐχθροι
2149 255 2318 309 λέγοντες

1295 316 1461 353 ἀδύνατον
1481 319 1569 353 εἶναι
1584 315 1619 359 ἐξ
1633 317 1695 354 οὐκ
1714 317 1820 354 ὄντων
1838 332 1872 354 τι
1888 319 2114 369 παραχθῆναι
2129 346 2138 363 ,
2159 317 2319 371 ἐρώμεθα

1298 375 1440 417 αὐτούς·
1480 378 1499 413 ὃ
1530 378 1667 427 πρῶτος
1704 377 1885 431 ἄνθρωπος
1926 379 1964 416 ἐκ
1995 381 2058 429 γῆς
2093 376 2315 424 euthicem*
2296 393 2318 422 η

1296 435 1459 487 ἑτέρωθέν
1491 438 1616 482 ποθεν,
1648 436 1797 481 Πάντως
1822 439 1975 491 ἐροῦσιν,
2001 439 2054 477 ὅτι
2081 440 2121 477 ἐκ
2144 442 2226 489 γῆς,
2260 438 2320 476 καὶ

106 2665 166 2692 Ter
170 2675 197 2692 ra
215 2675 264 2701 pa-

78 2714 136 2734 ¹⁰³
155 2717 205 2774 :¹⁰
199 2713 264 2733 ΞΜ
282 2714 352 2743 sua
368 2703 482 2755 patria
502 2710 569 2749 est,
589 2709 622 2738 et
637 2713 823 2739 commune
851 2698 1074 2751 sepuletum:
1097 2697 1231 2736 reditus

76 2755 132 2779 est
149 2758 162 2773 e
187 2757 267 2774 cum—

76 2799 166 2816 munt·

77 2798 252 2869 pulcrum.se

84 3225 201 3253 Mora-liz
217 3233 249 3250 ex
262 3239 268 3243 -

83 3267 221 3293 lun-tutio⁴

67 487 159 510 mm*
274 499 370 551 quod
386 509 550 538 exterra.
569 499 699 536 Dicant
718 497 829 548 igitur
849 496 966 546 nobis,
984 494 1164 546 quomodo
1180 508 1226 532 ex

272 570 365 599 terra
383 561 475 598 facta
500 561 544 596 sit
563 567 686 595 natura
709 557 836 594 carnis.
861 556 920 594 Ex
941 565 1033 594 terra
1050 556 1147 594 eni-m
1165 556 1224 593 lu—

270 630 363 667 tum,
379 630 411 658 et
437 620 576 666 lateres,
598 627 631 655 et
656 616 849 669 figulinum
871 631 948 663 vas,
977 625 1009 655 et
1042 625 1128 655 testa
1148 616 1225 654 fieri

271 681 383 718 solet:
408 678 586 730 quomodo
611 691 694 730 ergo
727 687 852 716 natura
873 677 988 716 carnis
1018 678 1109 715 facta
1145 678 1224 716 est?

270 740 452 791 quomodo
474 754 564 789 ossa,
584 749 617 777 et
637 739 753 789 nervi,
773 748 807 777 et
826 739 977 788 arteriae,
996 748 1030 777 et
1048 738 1172 791 adeps,
1190 748 1225 777 et

273 802 379 852 cutis,
393 811 430 839 et
445 815 594 853 ungues,
611 809 645 839 et
659 800 796 853 capilli,
816 801 853 838 et
872 814 918 838 ex
931 814 1000 838 una
1024 801 1226 852 subjacente
1248 803 1274 834 E

272 862 417 900 materia
447 861 674 899 diversarum
703 860 982 899 substantiarum
1009 861 1225 911 qualitates?

271 924 346 963 Sed
360 923 410 961 ad
434 923 509 961 haee
539 937 582 961 ne
601 923 731 960 mutire
759 921 910 972 quidem
930 931 1106 974 poterunt.
1126 921 1227 968 Quid

270 994 390 1023 autem
409 984 490 1022 dico
508 983 556 1022 de
585 997 730 1035 corpore
751 983 896 1020 nostro?
913 982 1044 1020 Dicant
1065 982 1166 1020 nobis
1183 982 1228 1020 de

270 1060 375 1098 pane,
394 1059 464 1096 quo
497 1044 655 1095 quotidie
683 1043 880 1092 reficimur,
924 1041 1115 1092 quomodo,
1145 1056 1228 1080 cum

273 1107 379 1144 unius
399 1105 528 1158 speciei
561 1105 618 1153 sit,
647 1111 903 1141 transmutetur
934 1102 970 1139 in
1003 1102 1227 1152 sanguinem,

270 1177 304 1206 et
323 1167 506 1220 pituitam,
527 1176 560 1204 et
580 1165 706 1214 bilem,
726 1174 759 1202 et
786 1163 822 1201 in
841 1163 960 1202 varios
978 1163 1159 1201 humores.
1180 1163 1228 1202 Et

271 1229 373 1281 panis
399 1227 544 1279 quidem
579 1241 670 1279 saepe
705 1227 811 1264 habet
843 1226 996 1263 colorem
1028 1225 1197 1263 frumenti
1212 1241 1224 1276 5
1251 1237 1276 1261 Α

270 1290 416 1341 sanguis
449 1298 567 1327 autem
597 1288 705 1328 ruber
735 1286 793 1325 vel
819 1287 920 1338 niger
954 1294 1018 1323 est.
1049 1285 1088 1324 Si
1117 1285 1228 1337 igitur

269 1353 360 1401 haze,
382 1366 460 1403 quae
472 1349 634 1401 quotidie
651 1357 730 1386 ante
748 1348 870 1386 oculos
890 1356 1091 1397 versantur,
1123 1361 1227 1384 num-

268 1428 376 1465 quam
405 1413 508 1450 nobis
531 1411 652 1450 dicere
670 1418 848 1463 poterunt,
867 1409 1058 1447 difficilius
1075 1407 1119 1446 de
1148 1409 1228 1446 aliis

269 1477 338 1514 Dei
369 1475 523 1528 opificiis
558 1473 664 1524 digna
700 1472 904 1524 loquentur.
945 1470 1051 1518 Quod
1081 1470 1110 1508 si
1150 1480 1228 1523 post

268 1547 405 1576 tantam
440 1534 783 1574 demonstrationum
812 1532 953 1585 copiam
980 1531 1097 1570 adhuc
1126 1546 1229 1570 suam

269 1598 527 1637 contentionem
557 1596 726 1634 roborare
756 1595 898 1643 volunt,
916 1607 1027 1645 neque
1066 1607 1129 1631 nos
1161 1592 1225 1631 de-

267 1660 432 1698 sistemus
459 1672 551 1711 saepe
570 1656 695 1695 eadem
726 1656 813 1709 ipsis
841 1656 1006 1708 objicere,
1035 1655 1191 1693 dicentes
1215 1671 1223 1691 ε

270 1724 319 1759 In
331 1723 523 1774 principio
531 1721 635 1773 fecit
652 1720 759 1756 Deus
771 1719 907 1755 coelum
921 1726 958 1755 et
972 1726 1128 1755 terram.
1151 1716 1227 1754 Hoc

269 1783 364 1821 enim
386 1782 532 1820 unicum
551 1780 702 1819 verbum
721 1778 855 1816 suffieit
884 1777 986 1816 nobis
1005 1777 1051 1815 ad
1077 1777 1226 1817 subver-

271 1843 395 1882 tendas
411 1856 532 1880 omnes
550 1839 839 1879 adversariorum
853 1849 977 1888 turre5‚
993 1848 1027 1877 et
1045 1839 1091 1876 ad
1111 1838 1226 1877 revel-

270 1904 376 1943 lenda
402 1904 446 1941 ab
469 1902 554 1955 ipsis
570 1900 809 1939 fundamentis
838 1900 994 1938 humana
1013 1899 1199 1938 ratiocinia
1210 1915 1224 1936 .:

269 1976 378 2018 atque
410 1966 439 2003 si
458 1964 591 2003 vellent
612 1963 670 2002 vel
702 1976 778 2000 sero
797 1977 817 1999 a
840 1976 903 1999 sua
923 1962 1142 2000 contentione
1161 1960 1227 1999 de-

271 2028 407 2071 sistere,
427 2035 568 2079 possent
583 2039 647 2077 per
659 2024 727 2061 hoc
748 2024 782 2061 in
805 2023 966 2061 veritatis
985 2024 1083 2061 viam
1105 2037 1228 2061 manu-

272 2089 367 2127 duci.
380 2093 416 2127 Q.
438 2090 556 2126 Terra
569 2095 697 2124 autem
711 2085 920 2123 invisibilis
936 2094 1019 2122 erat
1035 2094 1070 2122 et
1087 2087 1229 2122 incom-

270 2154 410 2204 posita.
423 2149 534 2201 Cujus
554 2147 680 2199 gratia,
702 2146 774 2193 dic,
788 2160 922 2197 quaeso,
942 2145 1074 2183 caelum
1091 2145 1227 2183 clarum

273 2223 307 2251 et
335 2213 530 2265 perfectum
550 2209 706 2259 creavit3
736 2217 866 2246 terram
902 2217 1021 2245 autem
1042 2207 1228 2245 inf>rmcm

274 2274 414 2313 effecit?
435 2274 557 2323 Neque
575 2271 644 2309 hoc
665 2279 796 2308 temere
813 2269 961 2315 factum,
980 2269 1043 2307 sed.
1061 2278 1114 2319 ut,
1148 2283 1228 2306 cum

275 2335 447 2374 didiceris
463 2333 644 2371 meliorem
669 2331 856 2369 creationis
879 2339 1016 2383 partem
1034 2330 1080 2367 ab
1101 2344 1140 2367 eo
1159 2331 1230 2367 sor-

278 2406 411 2435 matam
427 2404 461 2432 et
475 2393 688 2441 absolutam,
701 2391 792 2429 nihil
808 2401 928 2444 postea
947 2390 1102 2429 dubites.-
1122 2405 1231 2442 neque

278 2468 381 2511 putes
408 2457 446 2495 id
466 2471 512 2494 ex
532 2454 714 2508 potestatis
740 2453 986 2491 imbecillitate
1011 2453 1153 2491 factum.
1176 2452 1232 2490 Ad

278 2521 356 2557 haec
392 2528 426 2556 et
452 2518 521 2555 alia
549 2516 683 2554 ratione
721 2515 907 2553 informem
926 2523 1056 2552 terram
1084 2513 1230 2551 creavit.

279 2581 374 2628 Quia
390 2579 487 2617 enim
507 2579 580 2631 ipsa
614 2586 667 2616 est
694 2576 831 2624 nutrix,
851 2584 886 2614 ct
916 2584 1027 2613 mater
1051 2583 1180 2621 nostra,
1199 2583 1231 2611 et

277 2658 324 2681 ex
343 2657 382 2680 ea
394 2641 477 2679 facti
493 2654 631 2689 sumus,
653 2649 759 2689 atque
784 2637 991 2686 educamur,
1007 2636 1152 2689 ipsaque
1167 2651 1229 2674 no-
1254 2650 1278 2681 c

255 2765 378 2810 enim
397 2773 513 2802 noster
531 2762 577 2799 ad
609 2776 688 2799 eam
716 2774 838 2799 rursus
857 2769 935 2811 est;
956 2769 990 2798 et
1009 2759 1091 2811 quia
1124 2759 1231 2797 v·a1iis

285 2841 347 2880 pei
364 2839 442 2863 eam
458 2823 560 2861 bonis
580 2823 760 2860 fruimur:
783 2821 875 2870 ideo,
892 2829 930 2858 ut
948 2835 991 2858 ne
1009 2820 1171 2859 homines
1186 2820 1231 2857 ob

286 2902 369 2926 usus
391 2885 631 2923 necessitatem
664 2883 746 2935 plus
768 2896 875 2933 quam
906 2881 1056 2933 dignum
1075 2890 1126 2918 est
1155 2895 1232 2918 eain

282 2949 445 2995 c)lercut‚
461 2945 614 2983 ostendit
636 2944 794 2996 primum
819 2942 944 2982 rudem
971 2952 1007 2980 et
1034 2941 1232 2989 informem,

282 3021 321 3050 ut
349 3025 391 3048 ne
409 3008 579 3046 beneficia
609 3015 707 3043 terrae
741 3005 878 3043 telluris
900 3013 1033 3042 naturae
1065 3003 1233 3055 imputes,

281 3071 343 3111 sed
357 3071 387 3109 ei
407 3070 556 3110 tribuas,
576 3067 635 3117 qui
652 3067 749 3103 illum
768 3081 812 3104 ox
832 3066 945 3104 nihilo
966 3075 1004 3103 ut
1022 3073 1114 3103 esset
1135 3078 1232 3102 erea-

282 3133 346 3171 vit.
369 3133 518 3182 Propter
533 3129 598 3166 hoc
613 3128 661 3164 ait
682 3143 688 3162 :
716 3129 832 3164 Terra
849 3136 977 3165 autem
997 3135 1080 3164 erat
1102 3127 1233 3163 invisi—

284 3201 373 3238 bilis
399 3207 434 3235 et
455 3197 719 3246 incomposita.
737 3195 840 3231 Forte
860 3194 980 3231 statim
998 3202 1032 3231 ct
1058 3193 1103 3231 ab
1134 3193 1235 3231 initio

330 3326 342 3350 s
362 3323 462 3357 savit.
480 3329 512 3354 et
522 3330 646 3363 septem
664 3320 739 3351 Mes.
759 3323 826 3353 'Ait'
839 3324 887 3353 ola
905 3326 952 3354 ἄν.
971 3319 1086 3354 Morel.
1111 3324 1160 3354 καὶ
1175 3322 1224 3354 οὐκ
1242 3324 1287 3352 ἄν.

327 3391 340 3413 z
357 3375 380 3410 ι’)
396 3381 451 3420 μὲν
468 3383 571 3420 σιτάγρ
592 3389 620 3411 υ,-
640 3376 750 3407 maloin

769 3377 907 3412 ςίττὶ·ι,ὁ
925 3376 953 3406 δὲ
973 3378 1080 3408 honde
1105 3377 1135 3407 τὸ
1153 3375 1181 3405 δ”.
1199 3373 1287 3412 αἷμα.

1297 496 1645 571 συνομολογήσουσιν.
1694 497 1896 536 Εἰπάτωσιν
1936 503 1993 538 οὖν
2030 502 2136 550 ἡμῖν,
2174 501 2250 542 πῶς
2281 500 2319 536 ἐκ

1296 559 1361 607 γῆς
1379 557 1506 608 σαρκὸς
1526 556 1660 608 ἐγένετο
1679 556 1788 608 φύσις.
1824 559 1908 598 Ἀπὸ
1928 563 1992 610 γ’ῆς
2011 559 2078 612 γὰρ
2095 560 2204 607 πηλὸς
2219 589 2228 606 ,
2257 573 2318 596 και

1296 618 1436 661 πλίνθος
1451 649 1461 666 ,
1494 634 1554 656 και
1587 617 1739 671 κέραμος
1754 648 1764 667 ,
1801 635 1860 657 και
1892 620 2061 673 ὄστρακον
2095 621 2134 658 ἂν
2174 620 2318 672 γένοιτο·

1295 681 1370 722 πῶς
1389 682 1446 717 οὐν
1467 678 1593 731 σαρκὸς
1617 677 1751 730 ἐγένετο
1775 678 1890 732 φύσις;
1906 684 1980 723 πῶς
1995 683 2099 727 ὀστᾶ,
2128 696 2188 718 και
2204 685 2320 732 νεῦρα,

1296 740 1355 778 καὶ
1375 740 1560 794 ἀρτηρίαι,
1586 739 1645 778 καὶ
1672 740 1832 791 πιμελὴ,
1861 757 1920 779 και
1940 741 2077 795 δέρμα,
2105 741 2206 779 ml*
2188 756 2321 793 ονυχες,

1298 801 1356 839 καὶ
1386 801 1503 855 τρίχες
1517 832 1526 849 ,
1555 802 1614 840 καὶ
1633 803 1672 839 ἐκ
1692 809 1773 852 μιᾶς
1792 803 2022 854 ὑποκειμένης
2042 802 2126 850 ὕλης
2148 802 2320 856 διαφόρων

1298 863 1421 900 οὐσιῶν
1436 862 1637 910 ποιότητες·
1630 893 1639 910 ,
1657 861 1772 902 ‘’Au’
1791 865 1853 902 οὐκ
1867 863 1906 901 ἂν
1925 866 1981 902 δυν
1984 868 2095 911 ηθεῖεν
2112 863 2198 917 πρὸς
2211 869 2323 902 ταῦτα

1299 924 1416 977 διᾶραι
1435 923 1549 975 στόμα
1565 924 1661 963 ποτέ.
1688 924 1736 962 Γ
1726 940 1736 962 ι
1753 923 1899 976 δὲλέγω
1917 925 1997 976 περὶ
2013 941 2072 964 του
2087 924 2249 976 σώματος
2262 927 2323 962 τοῦ

1298 984 1488 1036 ἡμετέρου;
1499 985 1605 1037 Περὶ
1631 989 1691 1023 τοῦ
1711 983 1838 1037 ἄρτου,
1859 989 1896 1024 οὓ
1917 986 1995 1024 καθ
2015 986 2166 1033 εκάστην
2185 985 2323 1040 ἡμέραν

1300 1044 1499 1095 σιτούμεθα,
1521 1046 1719 1084 εἰπάτωσαν
1736 1050 1864 1097 ἡμῖν,
1853 1050 1928 1091 πῶς
1945 1047 2124 1097 ,μονοειδὴς
2143 1063 2191 1084 ων
2213 1062 2323 1098 μετα-

1300 1104 1468 1143 ἕάλλεται
1488 1107 1535 1148 εἷς
1556 1100 1644 1156 αἷμα
1659 1107 1718 1144 καὶ
1735 1109 1874 1158 φλέγμα
1893 1124 1953 1146 και
1972 1108 2102 1160 χολὴν,
2129 1108 2188 1146 καὶ
2205 1107 2324 1160 διαφό·

1302 1180 1376 1216 ρους
1405 1166 1550 1218 χυμούς.
1581 1166 1650 1204 Καὶ
1678 1170 1721 1204 ἕὸ
1744 1168 1784 1217 μὲ
1788 1185 1804 1205 ν
1825 1168 2008 1221 σιτόγρους
2034 1169 2240 1214 πολλάκις’
2226 1170 2321 1208 εστί·

1299 1226 1338 1264 τὸ
1358 1227 1393 1264 δὲ
1413 1230 1502 1277 αἱμα
1520 1227 1652 1280 πυρρον
1670 1226 1691 1273 ἢ
1713 1228 1835 1278 με’λαν.
1856 1230 1900 1266 Εἰ
1919 1229 2031 1267 τοίνυν
2050 1246 2162 1268 ταυτα
2181 1231 2225 1269 τὰ
2244 1233 2321 1268 καθ’

1299 1288 1450 1336 ἑκάστην
1475 1289 1610 1343 ἡμέραν
1641 1290 1710 1342 πρὸ
1729 1293 1798 1328 τῶν
1821 1291 2010 1342 ὃφθαλμων
2032 1291 2192 1344 ὁρώμενα
2216 1293 2324 1329 εἰπεῖν

1297 1354 1319 1397 ἡ
1327 1357 1383 1400 μῖν
1403 1351 1464 1388 οὐκ
1481 1350 1521 1388 ἂν
1539 1350 1697 1388 δύναιντ-ό
1713 1367 1798 1389 ποτε
1810 1380 1819 1397 ,
1841 1353 1952 1403 σχολῇ
1973 1354 2005 1402 γ’
2028 1352 2068 1390 ἂν
2087 1352 2228 1391 εἴποιειν
2244 1351 2324 1403 περὶ

1298 1414 1366 1450 τῶν
1390 1412 1504 1450 ἄλλων
1529 1415 1588 1450 τοῦ
1608 1413 1700 1450 Θεοῦ
1731 1412 2064 1463 δημιουργημάτων.
2097 1414 2188 1451 Ἀλλ’
2211 1415 2241 1450 εἷ
2265 1412 2325 1450 καὶ

1299 1472 1389 1523 μετὰ
1402 1472 1573 1520 τοσαύτην
1590 1476 1658 1510 τῶν
1687 1471 1895 1516 ἀποδείξεων
1911 1473 2114 1525 περιουσίαν
2131 1473 2325 1524 ἐπιμένοιεν

1299 1534 1362 1581 τὴν
1392 1533 1521 1572 οἰκείαν
1546 1533 1756 1586 φιλονεικίαν
1777 1532 1957 1611 κρατύνειν
1976 1534 2200 1586 βουλόμενοι,
2222 1538 2326 1584 ἡμεῖς

1299 1596 1388 1644 μηδὲ
1417 1595 1506 1634 οὕτω
1538 1595 1744 1646 παυσόμεθα
1775 1594 1819 1633 τὰ
1846 1594 1936 1633 αὐτὰ
1962 1596 2067 1634 πάλιν
2096 1595 2184 1648 πρὸς
2202 1594 2326 1638 αὐτους

1298 1656 1473 1708 λέγοντες·
1494 1656 1555 1694 Ἔν
1580 1658 1672 1708 ἀρχῇ
1694 1655 1857 1703 ἐποίησεν
1879 1659 1896 1694 ὁ
1912 1656 2004 1701 Θεὸς
2024 1657 2082 1695 τὸν
2108 1656 2249 1710 οὐρανὸν
2266 1656 2326 1694 καὶ

1299 1717 1362 1763 τὴν
1387 1720 1463 1767 γῆν.
1499 1719 1613 1755 Τοῧτο
1644 1716 1712 1769 γὰρ
1741 1716 1859 1754 ἱκανὸν
1887 1716 1989 1767 μόνον
2013 1717 2052 1755 τὸ
2075 1720 2173 1770 ῥῆμα
2193 1717 2326 1760 πάντας

1298 1780 1367 1816 τῶν
1388 1777 1550 1817 ἐναντίων
1569 1777 1646 1821 τοὺς
1681 1779 1833 1830 πύργους
1866 1779 2077 1817 καταὸαλεῖν
2091 1809 2100 1827 ,
2120 1779 2179 1817 καὶ
2195 1779 2328 1821 πάντας

1301 1839 1379 1883 τοὺς
1411 1838 1644 1892 ἀνθρωπίνους
1674 1839 1859 1891 λογισμοὺς
1886 1840 1920 1884 ἐξ
1953 1841 2065 1878 αὐτῶν
2093 1842 2162 1877 τῶν
2186 1839 2325 1892 βάθρων

1302 1900 1523 1940 ἀνασπάσαι·
1550 1900 1609 1938 καὶ
1637 1902 1666 1937 εἷ
1693 1902 1891 1951 βουληθεῖεν
1912 1901 1975 1953 ὀψέ
1996 1916 2080 1939 ποτε
2099 1903 2161 1946 τῆς
2180 1902 2325 1952 φιλονει·

1301 1961 1378 2006 κίας
1404 1961 1640 2014 ἀποσχέσθαι,
1664 1962 1748 2014 πρὸς
1767 1961 1830 2008 τὴν
1849 1965 1912 2008 τ’ῆς
1931 1961 2093 2008 ἀληθείας
2112 1962 2188 1999 ὁδὸν
2207 1961 2327 2005 αὐτοὺς

1301 2024 1562 2075 χειραγωγῆσαι
1583 2022 1777 2069 δυνήσεται.
1797 2022 1842 2060 ‘H
1859 2022 1894 2060 δὲ
1912 2025 1956 2073 γῆ
1975 2017 2031 2070 ἦν,
2049 2023 2165 2075 φησιν,
2182 2021 2327 2074 ἀόρατος

1301 2084 1360 2121 καὶ
1379 2083 1692 2126 ἀκατασκεύαστος.
1716 2083 1819 2127 Τίνος
1838 2084 1969 2131 ἕνεκεν,
1986 2084 2063 2122 εἰπέ
2081 2100 2158 2134 μοι,
2184 2084 2241 2122 τὸν
2264 2082 2325 2133 μὲν

1299 2145 1439 2196 οὐρανὸν
1461 2145 1602 2197 φαιδρὸν
1619 2145 1678 2183 καὶ
1696 2144 1956 2196 ἀπηρτισμένον
1979 2145 2164 2198 παρήγαγε
2180 2175 2190 2192 ,
2207 2143 2268 2191 τὴν
2291 2144 2326 2181 δὲ

1300 2209 1364 2257 γῆν
1394 2206 1599 2259 ἀμόρφωτον
1632 2207 1778 2254 ἔδειξεν;
1806 2209 1885 2259 Οὐχ
1908 2207 2028 2251 ἁπλῶς
2048 2206 2124 2245 οὐδὲ
2146 2209 2247 2244 τοῦτο
2265 2223 2327 2244 πε-

1302 2268 1466 2315 ποίηκεν,
1490 2270 1566 2306 ἀλλ’
1587 2268 1656 2316 ἵνα,
1679 2270 1713 2306 ἐν
1737 2272 1786 2321 τῷ
1813 2268 1962 2320 βελτίονι
1987 2268 2085 2322 μέρει
2102 2271 2164 2314 τῆς
2183 2268 2327 2311 κτίσεως

1305 2328 1423 2380 μαθὼν
1446 2330 1548 2367 αὐτοῦ
1563 2329 1624 2376 τὴν
1643 2329 1883 2381 δημιουργίαν,
1905 2328 2012 2380 μηδὲν
2031 2329 2234 2381 ἀμφιδάλῃς
2252 2329 2328 2367 λοι-

1304 2391 1385 2439 πὸν,
1411 2390 1497 2442 μηδὲ
1515 2390 1661 2442 νομίσῃς
1681 2391 1725 2428 δι’
1750 2390 1928 2428 ἀσθένειαν
1947 2389 2127 2441 δυνάμεως
2146 2394 2247 2428 τοῦτο
2265 2406 2326 2441 γεΒ

1304 2451 1434 2490 νέσθαι.
1461 2451 1594 2495 Ἄλλως
1620 2468 1656 2490 τε
1684 2452 1743 2490 καί
1764 2453 1808 2489 δι’
1838 2450 1955 2502 ἕτερον
1975 2451 2102 2502 τρόπον
2119 2450 2327 2503 ἀμόρφωτον

1307 2513 1413 2560 αὐτὴν
1436 2513 1654 2565 παρήγαγεν.

1309 2591 1426 2626 μητηρ
1449 2578 1550 2624 ἡμων
1576 2590 1670 2622 εστι,
1703 2574 1760 2612 καὶ
1789 2573 1823 2618 ἐξ
1852 2576 1957 2619 αὐτης
1978 2573 2035 2611 καὶ
2055 2573 2247 2624 γεγόναμεν
2268 2573 2327 2610 καὶ

1683 2513 1727 2551 ’E
1730 2513 1832 2559 πειδὴ
1852 2512 1920 2565 γαρ
1941 2512 2028 2560 αὐτὴ
2050 2513 2108 2550 καὶ
2130 2512 2253 2566 τροφὸς
2269 2513 2328 2550 καὶ

1307 2637 1520 2690 τρεφόμεθα,
1545 2652 1603 2674 και
1624 2635 1711 2682 αὐτὴ
1732 2639 1814 2686 ἡμῖν
1835 2635 1894 2673 καὶ
1912 2635 2037 2686 πατρὶς
2057 2635 2117 2672 καί
2135 2634 2247 2677 κοινὸς
2263 2635 2328 2672 τά-

1303 2715 1362 2751 φος
1381 2698 1513 2750 γίνεται
1530 2729 1539 2744 ,

1302 2765 1370 2799 τῶν
1394 2761 1525 2814 μυρίων
1555 2762 1692 2811 ἀγαθῶν
1721 2760 1762 2796 δι’
1784 2760 1890 2803 αὐτῆς
1923 2756 2143 2808 ἀπολαύομεν
2160 2773 2168 2780 ·
2190 2756 2247 2794 ἵνα
2277 2756 2326 2807 μὴ

1573 2698 1632 2736 καὶ
1663 2697 1748 2750 πρὸς
1780 2696 1886 2743 αὐτὴν
1913 2696 2018 2734 πάλιν
2046 2696 2235 2741 ἐπάνοδος,
2270 2696 2328 2733 καὶ

1305 2823 1361 2861 διὰ
1389 2823 1428 2860 τὸ
1459 2825 1521 2868 τῆς
1547 2821 1667 2873 χρείας
1696 2823 1881 2872 ἀναγκαῖον
1906 2818 1994 2871 ὑπὲρ
2010 2818 2073 2865 τὴν
2099 2817 2197 2862 ἀξίαν
2217 2819 2324 2863 αὐτὴν

1305 2884 1502 2934 ὦ’τιμκ’,σιι)υ·ι
1541 2884 1580 2921 τὸ
1611 2884 1679 2920 τῶν
1711 2881 1903 2934 ἀνθρώπων
1933 2880 2049 2931 γένος,
2092 2879 2242 2918 δείκνυσί
2275 2895 2329 2917 σοι

1306 2946 1410 2993 αὐττν
1434 2946 1599 2999 πρότερον
1622 2942 1827 2996 ἀμόρφωτον
1844 2958 1901 2979 και
1923 2940 2187 2988 ἀδιατύπωτον,
2207 2956 2261 2979 ινα
2278 2940 2326 2991 μὴ

1304 3010 1346 3058 τῇ
1370 3007 1467 3079 φύσει
1493 3009 1554 3051 τῆς
1583 3008 1644 3054 γῆς
1677 3020 1738 3046 τας
1773 3002 1807 3046 εξ
1833 3019 1937 3049 αυτης
1965 3002 2163 3055 εὐεργεσίας
2187 3002 2327 3053 λογίσῃ,

1305 3068 1394 3107 efflat
1413 3071 1462 3105 τώ
1487 3066 1614 3112 ταύτην
1642 3081 1680 3104 εκ
1708 3069 1766 3103 τοῦ
1789 3064 1877 3114 μ’“’ὴ
1858 3079 1953 3106 οντος
1982 3080 2009 3101 5.
2001 3079 2027 3106 ·ς
2050 3063 2089 3100 τὸ
2108 3067 2196 3100 εἰναι
2215 3078 2329 3113 παρα·

1305 3129 1459 3182 γαγόντι.
1495 3128 1562 3166 Δια
1588 3143 1666 3165 τουτ
1671 3127 1828 3178 όφησιν·
1849 3125 1932 3162 ll
1915 3140 1950 3162 οε
1975 3127 2018 3175 γῆ
2041 3128 2082 3169 ἠν
2106 3123 2250 3176 αόρατος
2271 3139 2328 3160 και

1307 3189 1621 3231 ἀκατασκεύαστος.
1642 3187 1747 3239 Τάχα
1770 3185 1864 3228 ευθυς
1884 3201 1941 3222 και
1962 3187 1999 3222 ἐκ
2018 3184 2210 3236 προοιμίιιΝ
2229 3199 2295 3221 κατ
2284 3200 2329 3221 ε-

1324 3316 1378 3350 5ἰ6
1394 3313 1626 3353 coislinianus,
1645 3313 1735 3356 eujus
1753 3311 1851 3344 lectio
1871 3321 1936 3343 non
1956 3309 2152 3353 spernenda.

1367 3379 1378 3393 ³
1396 3368 1488 3401 Unus
1508 3374 1629 3406 τιμήσῃ.
