2516 3791
635 187 677 217 lu
715 186 815 217 CAP.
855 184 980 216 XXX!-

78 274 129 314 ὅτι
148 272 404 326 ἀποδιδράσκει.
429 271 499 310 Καὶ
525 270 659 323 ἀπέδρα
679 271 794 317 αὐτὸς,
814 269 874 308 καὶ
901 267 1016 307 πάντα
1046 266 1090 305 τὰ

77 335 197 378 αὐτοῦ,
218 332 275 371 καὶ
302 333 399 380 διέδη
429 333 486 372 τὸν
508 332 679 383 ποταμὸν,
707 332 766 371 καὶ
793 330 956 384 ὥρμησεν
983 330 1030 372 εἰς
1050 327 1090 366 τὸ

73 395 147 445 ὄρος
176 394 327 432 Γαλαάδ.
357 393 433 433 Θέα
453 408 512 444 μοι
532 392 594 440 τὴν
623 391 755 440 πολλὴν
773 396 833 431 τοῦ
852 393 943 430 Θεοῦ
961 389 1021 428 καὶ
1037 389 1090 427 ἐν·

71 457 179 493 ταῦθα
199 453 374 507 πρόνοιαν,
399 454 511 503 ὅπως,
531 454 654 507 μέχρις
674 454 732 492 ὅτε
750 453 927 506 πόρρωθεν
952 451 1088 504 γέγονεν

70 517 88 552 6
107 514 245 562 δίκαιος,
260 518 298 555 οὐ
317 515 539 570 συνεχώρησε
557 518 607 567 τῷ
629 514 750 554 Λάὸαν
772 517 819 559 εἷς
837 515 962 567 γνῶσιν
978 515 1086 551 ἐλθεῖν

1019 183 1184 215 emus.

1223 184 1382 215 nomm.
1428 184 1539 215 rvn.

2024 175 2108 234 οφ

1164 267 1289 305 Jacob
1313 282 1339 306 a
1367 269 1506 306 Labtm
1527 268 1642 319 Syro,
1678 284 1726 308 no
1751 275 2055 310 annuntiaretur
2084 278 2119 311 ci

1164 329 1452 382 quodsugeret.
1472 331 1514 368 21
1530 361 1537 368 .
1559 332 1612 369 Et
1629 333 1811 370 abscessit
1829 334 1910 384 ipse
1929 342 1966 370 et
1985 337 2118 372 omniu

1164 391 1298 441 ipsius,
1319 399 1356 428 ct
1382 392 1686 449 transitofluvio
1711 394 1909 432 contendit
1927 394 1981 432 ad
2004 410 2115 433 mon—

1164 458 1238 488 tem
1258 452 1432 490 Galaad.
1454 453 1564 501 Vide,
1580 454 1862 504 obsecro,ctiam
1878 455 1937 494 hic
1951 470 2117 509 magnam

1164 510 1229 549 Dei
1252 512 1533 564 providentiam,
1553 515 1749 566 quomodo,
1767 515 1881 555 donce
1898 518 2019 570 justus
2035 533 2117 571 pro-

69 574 131 621 τὴν
171 575 394 629 dvayossp-mw
425 580 485 615 τοῦ
514 574 656 615 ’lanza
688 577 806 629 Τριῶν
836 573 905 626 γὰρ
931 574 1085 625 ἡμερῶν,
1099 608 1145 633 5⁵2
1161 571 1219 610 cul
1238 573 1445 626 aufugisset,
1470 589 1537 613 uon
1557 578 1721 628 permisit
1742 588 1780 616 ut
1800 579 1920 617 Laban
1945 580 2043 618 illius
2064 596 2118 619 sc-

68 637 164 688 φησὶ,
183 621 438 690 παρελθουσῶν,
448 640 498 690 τῷ
512 638 635 677 Λάὸαν
655 636 823 690 ἐγνώσθη.
841 635 910 674 Καὶ
924 636 1086 688 παραλα-
1109 646 1134 674 Λ
1159 647 1298 673 cessum
1315 637 1434 677 sciret.
1454 642 1520 678 ‘2:2.
1550 641 1685 680 Tribus
1701 641 1796 680 enim
1813 643 1961 690 diebus,
1981 643 2112 695 inquit,

67 697 137 736 Εὼν
157 698 289 743 πάντας
304 699 381 744 τοὺς
399 699 563 753 ἀδελφοὺς
579 701 682 739 αὐτοῦ
703 700 780 751 μεθ’
794 700 932 741 ἑαυτοῦ,
949 694 1084 740 ἐδίωξεν

65 760 177 797 ὀπίσω
196 763 300 801 αὐτοῦ
317 762 392 802 ὁδὸν
411 764 551 815 ἡμερῶν
572 761 661 801 ἑπτά
677 777 685 785 ·
700 761 760 799 καὶ
775 758 965 798 κατέλαὸεν
982 757 1084 797 αὐτὸν

66 821 98 857 ἐν
118 823 168 873 τῷ
186 823 257 874 ὄρει
290 823 444 862 Ιάλαάδ.
476 823 608 862 Σκόπει
637 823 742 861 πάλιν
771 821 833 869 τὴν
864 821 995 873 ἄφατον
1023 823 1083 859 τοῦ

64 882 157 923 Θεοῦ
175 884 393 935 κηδεμονίαν.
418 884 462 924 ‘0
481 885 548 939 γὰρ
566 883 686 931 εἰπὼν,
703 882 939 935 “Ἀπόστρὲφε
961 883 1008 925 εἰς
1020 880 1082 928 τὴν

64 945 126 993 γῆν
156 959 237 991 σου,
268 945 327 984 καὶ
355 946 479 997 ἔσομαι
510 945 598 997 μετὰ
624 937 817 993 σοῦ,οῦτος
843 943 902 981 καὶ
930 946 990 981 νῦν
1018 941 1082 990 τὴν

63 1003 189 1043 οἰκείαν
210 1006 441 1045 ἐπιδείκνυται
466 1007 642 1060 πρόνοιαν.
662 1005 811 1052 Ἐπειδὴ
837 1004 904 1059 γὰρ
931 999 999 1043 εἶδε
1025 1004 1082 1043 τὸν

63 1064 184 1104 Λάὸαν
202 1067 290 1118 μετὰ
305 1071 436 1115 πολλῆς
457 1068 724 1120 ἀγανακτήσεως
743 1065 1008 1106 καταδιώκοντα
1025 1066 1083 1104 τὸν

63 1125 209 1176 δίκαιον,
231 1130 289 1167 καὶ
306 1130 419 1178 δίκην,
442 1133 488 1174 ὡς
505 1133 626 1178 εἰπεῖν,
646 1129 900 1182 εἰσπράξασθαι
917 1127 1084 1179 βουλόμε-

61 1202 117 1225 νον
139 1191 201 1235 τῆς
225 1191 504 1244 ἀναχωρήσεως,
532 1190 753 1243 ἐπιφαίνεται
780 1193 830 1242 τῷ
857 1189 980 1228 Adeone
1003 1191 1081 1228 καθ’

60 1248 164 1288 ὕπνον
182 1251 245 1298 τὴν
265 1253 385 1293 νύκτα.
406 1247 517 1292 ἾΙλθε
537 1253 595 1301 δὲ,
614 1252 733 1305 φησὶν,
758 1255 776 1290 6
794 1252 882 1295 Θεὸς
904 1250 990 1303 πρὸς
1008 1251 1082 1290 Λά-

60 1312 126 1351 Cn
146 1314 203 1353 τὸν
217 1316 328 1368 Σύρον
348 1318 411 1364 τὴν
428 1317 548 1365 νύκτα,
563 1317 622 1356 καὶ
639 1310 733 1355 εἶπεν
748 1317 855 1368 αὐτῷ.
870 1314 968 1367 (Όρα
987 1316 1081 1354 Θεοῦ

59 1376 331 1426 συγκατάὸασιν,
352 1379 412 1417 καὶ
425 1379 520 1423 ὅπως
536 1376 592 1416 διὰ
610 1378 672 1425 τὴν
692 1377 772 1429 περὶ
785 1377 842 1415 τὸν
863 1375 995 1414 δίκαιον
1010 1392 1080 1423 κη-

59 1436 217 1485 δεμονίαν
242 1439 301 1477 καὶ
319 1442 370 1493 τῷ
397 1441 519 1479 Λάὸαν
547 1438 757 1490 διαλέγεται,
786 1437 842 1475 ἵνα
867 1437 1080 1482 κατασείσας

59 1499 159 1536 αὐτοῦ
183 1498 244 1545 τὴν
273 1500 424 1540 διάνοιαν
454 1500 637 1552 ἀποστήσῃ
660 1501 723 1545 τῆς
751 1498 842 1538 κατὰ
859 1502 919 1537 τοῦ
948 1497 1079 1537 Ἰακὼὸ

56 1562 177 1610 ὁρμῆς.
194 1561 355 1607 Φύλαξαι
382 1563 546 1611 σεαυτὸν,
570 1562 705 1613 μήποτε
730 1560 888 1613 λαλήσης
910 1559 1000 1611 μετὰ
1018 1563 1078 1598 τοῦ

56 1619 185 1659 Ἰακὼὸ
216 1623 364 1676 πονηρά.
394 1623 516 1670 Πολλὴ
548 1627 608 1662 τοῦ
638 1622 816 1661 Δεσπότου
839 1625 862 1669 ἡ
893 1621 1078 1673 ἀγαθότης.

57 1683 205 1731 Ἐπειδὴ
238 1685 330 1738 ἑώρα
354 1687 455 1725 αὐτὸν
489 1686 576 1738 πρὸς
604 1685 724 1737 μάχην
750 1683 985 1735 ἐπειγόμενον,
1019 1683 1079 1722 καὶ

60 1744 355 1793 κατεξαναστῆναι
386 1751 446 1785 τοῦ
481 1747 614 1786 δικαίου
644 1746 862 1797 βουλόμενον,
897 1745 1080 1797 μονονουχὶ

63 1804 118 1842 διὰ
139 1805 291 1856 ῥήματος
308 1807 468 1846 καθέλκει
484 1810 588 1846 αὐτοῦ
607 1808 664 1846 τὸν
684 1807 869 1858 λογισμὸν,
890 1805 950 1843 καί
972 1821 1058 1857 φησι
1073 1821 1080 1828 ·

60 1865 223 1910 ψύλαξαι
248 1868 408 1916 σεαυτὸν,
430 1869 565 1919 μήποτε
585 1868 742 1919 λαλήσῃς
763 1867 851 1919 μετὰ
870 1866 1000 1905 'lamba'
1018 1882 1081 1905 πο-

59 1927 161 1979 νηρόν
175 1943 182 1951 ·
204 1930 291 1978 μηδὲ
311 1930 416 1982 μέχρι
438 1930 617 1982 ῥημάτων,
637 1929 753 1981 φησὶν,
773 1927 1000 1981 ἐπιχειρήσῃς
1018 1925 1081 1966 λυ-

59 1991 172 2034 πῆσαι
191 1990 248 2028 τὸν
275 1990 427 2037 Ἰακὼὸ,
459 1991 548 2030 ἀλλὰ
573 1991 720 2043 φύλαξαι
750 1990 910 2037 σεαυτὸν,
936 1989 1081 2041 ἐπίσχες
1104 2000 1128 2030 C

59 2062 118 2084 σου
133 2047 194 2094 τὴν
215 2049 326 2095 κακὴν
342 2050 469 2097 ταύτην
486 2050 612 2104 ὁρμὴν,
634 2050 860 2088 κατάστειλαι
881 2049 938 2087 τὸν
959 2050 1079 2100 θυμὸν,

59 2108 281 2160 ἀναχαίτισόν
302 2127 361 2150 σου
381 2113 599 2162 θυμουμένην
622 2111 685 2159 τὴν
707 2111 882 2157 διάνοιαν,
902 2111 962 2149 καὶ
988 2111 1077 2161 μηδὲ

56 2168 162 2221 μέχρι
191 2171 344 2222 ῥήματος
374 2174 528 2219 λυπῆσαι
559 2173 659 2212 αὐτὸν
685 2173 834 2225 ἀνάσχῃ.
856 2172 925 2211 Καὶ
955 2172 1078 2210 σκόπει

56 2242 115 2275 μοι
133 2231 225 2267 Θεοῦ
240 2231 512 2284 φιλανθρωπίαν.
530 2233 583 2269 Οὐ
602 2231 793 2283 προσέταξε
813 2232 862 2282 τῷ
888 2231 1013 2269 Λάὸαν
1029 2233 1077 2274 εἰς

56 2287 99 2326 τὰ
131 2291 240 2329 οἰκεῖα
267 2292 503 2345 ὑποστρέψαι,
535 2291 626 2330 ἀλλὰ
660 2292 763 2343 μόνον
794 2291 1075 2343 παρεκελεύσατο

55 2349 162 2398 μηδὲν
188 2353 365 2403 φορτικὸν,
393 2353 482 2404 μηδὲ
509 2353 659 2406 ἐπαχθὲς
686 2355 911 2406 διαλεχθῆναι
938 2356 988 2407 τῷ
1021 2354 1074 2392 δι-

56 2410 154 2463 καίῳ.
173 2412 276 2456 Τίνος
295 2414 421 2461 ἕνεκεν,
435 2415 495 2452 καὶ
512 2415 569 2453 διὰ
583 2414 637 2462 τί;
654 2415 732 2454 Ἵνα
750 2416 844 2468 μάθῃ
860 2415 921 2454 καὶ
935 2415 993 2455 διὰ
1004 2417 1073 2453 τῶν

54 2472 162 2524 ἔργων
186 2475 297 2512 αὐτῶν
313 2478 331 2512 6
353 2475 483 2519 δίκαιος
499 2476 559 2514 καὶ
578 2476 635 2514 διὰ
654 2479 721 2514 τῶν
741 2477 974 2530 πραγμάτων,
992 2477 1074 2525 ὅσης

53 2531 208 2576 ἀξιοῦται
226 2534 322 2588 παρὰ
342 2539 400 2574 τοῦ
421 2539 513 2575 Θεοῦ
529 2539 590 2584 τῆς
607 2537 825 2588 κηδεμονίας.
846 2540 890 2577 Εἰ
904 2538 972 2591 γὰρ
990 2538 1076 2578 ὑπέ-

53 2596 198 2646 στρεψεν
222 2599 240 2634 6
259 2596 396 2645 AniGav,
417 2598 520 2637 πόθεν
540 2599 579 2636 ἂν
607 2602 708 2637 τοῦτο
735 2599 822 2651 ἔγνω
843 2602 860 2638 6
884 2599 1032 2649 Ἰακὼὸ,
1051 2600 1072 2648 ἢ

52 2656 88 2692 αἱ
113 2656 233 2694 τούτου
261 2664 436 2709 γυναῖκες;
460 2660 530 2699 Καὶ
555 2661 613 2699 διὰ
639 2663 740 2698 τοῦτο
763 2667 937 2713 συγχωρεῖ
969 2662 1070 2700 αὐτὸν

53 2718 230 2766 ἀπελθεῖν,
246 2719 306 2757 καὶ
325 2719 381 2758 διὰ
396 2723 457 2767 τῆς
473 2721 602 2766 οἰκείας
617 2721 773 2774 γλώττης
793 2724 1009 2775 ὁμολογῆσαι
1026 2722 1071 2762 τὰ

52 2777 148 2829 παρὰ
167 2783 226 2817 τοῦ
242 2781 334 2818 Θεοῦ
349 2781 434 2833 πρὸς
451 2783 550 2821 αὐτὸν
567 2784 727 2835 ῥηθέντα,
749 2783 803 2821 ἵνα
820 2784 879 2822 καὶ
902 2787 920 2822 6
939 2783 1070 2830 δίκαιος

50 2839 193 2878 πλείονα
207 2840 269 2887 τὴν
283 2843 476 2892 προθυμίαν
495 2844 668 2892 κτήσηται
682 2845 763 2897 περὶ
777 2845 841 2893 τὴν
855 2845 1068 2896 ἀποδημίαν,

51 2900 109 2938 καὶ
133 2901 256 2952 θάρσος
276 2903 479 2955 προσλάὸῃ,
504 2904 564 2943 καὶ
582 2905 644 2944 ιἀἱ
670 2906 792 2945 τούτου
819 2913 977 2958 γυναῖκες
999 2924 1067 2959 μα-

50 2964 169 2999 θοῦσαι
193 2962 278 3011 ὅσης
304 2964 460 3008 ἀξιοῦται
489 2968 508 3003 6
534 2965 664 3005 Ἰακὼῧ
682 2966 779 3020 παρὰ
796 2973 856 3006 τοῦ
883 2971 951 3006 τῶν
979 2970 1069 3007 ὅλων

49 3026 140 3061 Θεοῦ
161 3027 222 3071 τῆς
253 3026 476 3077 κηδεμονίας,
512 3027 767 3066 ἀποσείσωνται
794 3029 855 3076 τὴν
891 3029 1068 3083 πατρικὴν

49 3083 182 3130 πλάνην
197 3086 256 3124 καὶ
275 3087 461 3133 ζηλώσωσι
475 3089 532 3126 τὸν
549 3088 694 3135 δίκαιον,
713 3090 774 3128 καὶ
790 3090 997 3142 θεογνωσίας
1013 3093 1066 3130 ἐν·

49 3147 164 3182 τεῦθεν
202 3149 374 3198 ἀρκοῦσαν
407 3149 634 3188 διδασκαλίαν
672 3151 847 3195 δέξωνται.
878 3151 969 3190 Οὐδὲ
998 3151 1066 3206 γὰρ

49 3203 154 3258 οὕτως
173 3200 214 3253 ἦν
234 3207 278 3245 τὰ
293 3209 389 3260 παρὰ
407 3215 466 3249 τοῦ
484 3209 614 3249 ’lambe'
634 3210 829 3260 ἀξιόπιστα,
844 3214 891 3256 ὡς
904 3211 949 3250 τὰ
966 3211 1065 3264 παρὰ

49 3268 106 3303 τοῦ
126 3267 247 3305 Λαΐαν
263 3270 431 3320 λεγόμενα
444 3302 453 3319 ,
469 3275 528 3310 τοῦ
549 3272 599 3310 ἔτι
623 3273 701 3324 περὶ
722 3272 764 3311 τὰ
793 3272 918 3312 εἴδωλα
939 3275 1064 3320 ἰπτοη·

91 3381 103 3394 =
128 3372 281 3416 Quinque
295 3373 369 3408 Mss.
385 3380 548 3422 lnivrpepz.

1106 1392 1128 1421 B

1156 701 1375 748 praeteritis,
1407 703 1482 753 ipsi
1511 703 1650 741 Laban
1677 707 1859 743 innotuit.
1880 707 1945 744 95.
1981 707 2033 744 Et
2055 722 2116 746 as-

1159 762 1295 797 sumtis
1320 764 1498 800 omnibus
1512 765 1714 817 fratribus
1738 768 1833 812 suis,
1859 777 2115 819 persequutus

1158 829 1214 859 est
1238 835 1325 859 cum
1342 825 1413 860 ‘via
1435 824 1586 862 dierum
1603 834 1745 877 septem
1762 841 1780 874 ,·
1798 835 1832 864 et
1855 838 2115 880 consequutus

1159 891 1214 920 est
1231 897 1318 921 eum
1341 886 1383 921 in
1405 894 1535 923 monte
1559 887 1732 925 Galaad.
1760 887 1917 926 Obsecro
1942 889 2000 927 hic
2025 905 2113 940 quo-

1159 958 1228 996 que
1245 944 1406 983 attendas
1420 946 1486 985 Dei
1506 946 1783 999 providentiam.
1806 949 1898 988 Nam
1919 950 1980 1001 qui
2003 950 2113 998 dixit,

1160 1007 1361 1046 Revertere
1379 1010 1422 1046 in
1445 1018 1588 1048 terram
1614 1019 1735 1057 tuam,
1756 1021 1793 1050 et
1815 1026 1878 1050 ero
1896 1022 2034 1061 tecum,
2054 1013 2115 1051 ille

1158 1067 1263 1105 ctiam
1289 1082 1384 1107 nunc
1406 1084 1508 1108 suam
1532 1070 1690 1110 declarat
1712 1073 1988 1125 providentiam.
2017 1076 2114 1122 Quia

1157 1127 1252 1165 enim
1275 1128 1368 1167 vidit
1391 1129 1514 1168 Laban
1534 1145 1616 1169 cum
1638 1132 1752 1170 multa
1775 1133 2019 1185 indignatione
2034 1149 2113 1187 per—

1157 1188 1257 1239 sequi
1276 1189 1429 1242 justum,
1452 1201 1486 1229 et
1507 1206 1650 1244 poenatn
1671 1194 1800 1232 furtivi
1822 1209 1989 1244 secessus,
2010 1205 2050 1234 ut
2064 1197 2111 1234 ita

1158 1248 1290 1301 dicam,
1325 1261 1546 1301 sumturum,
1569 1254 1738 1306 apparuit
1774 1255 1897 1294 Laban
1940 1265 2042 1295 nocte
2075 1257 2110 1295 in

1155 1323 1292 1348 somno.
1316 1310 1380 1347 94.
1407 1311 1520 1349 Venit
1539 1315 1656 1359 enim,
1680 1312 1810 1364 inquit,
1834 1315 1941 1352 Deus
1963 1316 2018 1353 ad
2034 1317 2111 1354 La-

1156 1372 1233 1408 ban
1251 1371 1394 1420 Syrum
1415 1374 1456 1409 in
1475 1386 1609 1411 somno
1630 1383 1755 1421 nocte,
1777 1383 1813 1413 et
1830 1376 1931 1414 dixit
1946 1379 1995 1414 ei.
2014 1377 2112 1417 Vide

1155 1429 1222 1468 Dei
1239 1430 1514 1484 indulgentiam,
1532 1433 1712 1484 quomodo
1728 1435 1774 1473 ob
1793 1450 1896 1474 suam
1915 1437 1951 1475 in
1969 1438 2112 1490 justum

1153 1492 1419 1546 providentiam
1433 1509 1519 1533 cum
1530 1495 1655 1534 Laban
1669 1497 1889 1549 colloquitur
1903 1515 1911 1535 :
1926 1509 1965 1537 ut
1989 1500 2110 1539 territa

1153 1553 1229 1606 ejus
1248 1564 1365 1593 mente
1380 1555 1553 1609 impetum
1565 1558 1641 1610 ejus
1657 1573 1677 1596 a
1695 1559 1807 1598 Jacob
1825 1571 1994 1599 coerceat.
2006 1563 2111 1602 Cave

1154 1617 1238 1661 tihi,
1260 1629 1307 1653 ne
1323 1616 1497 1669 loquaris
1510 1632 1599 1656 cum
1613 1619 1739 1657 Jacob
1758 1621 2018 1674 mala.Magna
2037 1624 2110 1662 Do-

1154 1674 1243 1713 mini
1263 1675 1474 1728 benignitas.
1489 1678 1585 1725 Quia
1607 1679 1702 1718 enim
1720 1681 1854 1720 sciebat
1873 1697 1955 1721 eum
1977 1683 2023 1721 ad
2042 1700 2108 1737 pu-

1153 1749 1258 1787 gnam
1270 1738 1492 1788 contendere,
1504 1749 1538 1778 et
1551 1751 1672 1780 contra
1682 1742 1823 1794 justum
1838 1743 2021 1796 insurgere
2034 1746 2108 1785 vel-

1152 1797 1196 1847 le,
1220 1798 1287 1837 hoc
1306 1799 1416 1838 verbo
1439 1810 1594 1839 mentem
1611 1803 1688 1855 ejus
1707 1805 1912 1857 compescit,
1939 1815 1972 1844 et
1992 1805 2081 1845 dicit
2099 1823 2107 1844 τ

1155 1861 1259 1900 Cave
1272 1864 1409 1909 tibi,ne
1423 1863 1594 1915 loquaris
1607 1878 1694 1902 cum
1705 1866 1830 1905 Jacob
1847 1868 1954 1905 mala
1966 1883 1976 1904 :
1992 1869 2111 1921 perin-

1151 1919 1198 1958 de
1209 1935 1249 1959 ac
1263 1921 1292 1959 si
1305 1921 1458 1960 diceret:
1476 1923 1570 1960 Cave
1589 1938 1632 1962 ne
1650 1925 1707 1963 vel
1720 1925 1840 1964 verbis
1853 1926 2032 1965 offendere
2043 1930 2110 1968 Ja—

1153 1982 1219 2020 cob
1238 1983 1396 2021 coneris:
1412 1984 1474 2022 sed
1499 2000 1600 2025 serva
1621 1986 1788 2040 teipsum,
1811 1988 1952 2026 contine
1974 1990 2110 2028 malum

1152 2043 1249 2082 hune
1277 2053 1382 2082 tuum
1413 2045 1605 2099 impetum,
1631 2047 1826 2101 comprime
1855 2049 2032 2101 furorem,
2056 2065 2111 2089 re-

1150 2105 1248 2143 frena
1262 2105 1407 2144 -iratum
1434 2116 1537 2147 tuum
1571 2109 1746 2156 animum,
1778 2124 1820 2148 ac
1845 2124 1888 2148 ne
1920 2111 1977 2149 vel
1999 2111 2110 2150 verbo

1150 2165 1270 2218 ipsum
1301 2167 1510 2207 contristare
1534 2169 1635 2208 velis.
1662 2169 1710 2208 Et
1739 2171 1923 2209 considera
1949 2172 2016 2210 Dei
2040 2173 2109 2211 cle-

1150 2227 1332 2266 mentiam.
1359 2231 1439 2268 Non
1459 2230 1651 2283 imperavit
1674 2231 1819 2270 Labano
1834 2242 1874 2270 ut
1895 2232 1943 2271 ad
1961 2234 2107 2286 propria

1149 2299 1398 2338 reverteretur,
1419 2290 1483 2329 sed
1501 2291 1618 2330 solum
1633 2293 1800 2345 prohibet
1813 2308 1856 2331 ne
1869 2294 1960 2345 quid
1971 2294 2106 2333 durum

1147 2350 1205 2390 vel
1235 2351 1427 2389 molestum
1458 2366 1542 2390 cum
1567 2353 1665 2405 justo
1694 2354 1881 2406 loquatur.
1910 2357 2045 2406 Quare,
2072 2366 2106 2394 et

1146 2422 1293 2465 propter
1309 2413 1425 2464 quid?
1438 2415 1488 2454 Ut
1500 2414 1615 2453 discat
1630 2430 1695 2468 per
1710 2417 1850 2468 negotia
1866 2426 1900 2455 et
1917 2432 1979 2470 per
1997 2433 2104 2471 opera

1146 2473 1223 2526 ipsa
1251 2474 1384 2527 justus,
1415 2484 1586 2526 quantam
1620 2476 1677 2514 sui
1707 2491 1832 2516 curam
1855 2488 1955 2530 gerat
1988 2481 2100 2518 Deus.

1146 2537 1239 2574 Nam
1263 2535 1293 2574 si
1306 2550 1470 2575 reversus
1488 2536 1612 2575 suisset
1639 2537 1774 2586 Laban,
1802 2538 1896 2576 unde
1920 2538 2012 2576 illud
2034 2539 2102 2577 sci-

1146 2596 1254 2635 visset
1271 2597 1396 2647 Jacob,
1418 2606 1481 2635 aut
1498 2598 1575 2650 ejus
1598 2599 1753 2637 uxores?
1777 2598 1859 2638 Ideo
1876 2599 2050 2652 permittit
2068 2599 2100 2638 ei
2154 2619 2303 2658 Quantam

1145 2668 1185 2697 ut
1212 2659 1328 2709 abeat,
1350 2668 1384 2697 et
1409 2659 1533 2711 lingua
1562 2674 1626 2697 sua
1657 2660 1870 2698 confiteatur
1900 2675 1980 2711 quae
2002 2661 2303 2731 D⁰¹¹⁵{221“'¹¹‡‡2,

2224 2725 2238 2739 ὗ

2114 2743 2203 2772 Deus.

1143 2720 1239 2760 dixit
1260 2720 1306 2759 ad
1324 2735 1372 2769 se,
1391 2735 1463 2771 quo
1489 2729 1523 2758 et
1542 2720 1662 2772 justus
1689 2721 1860 2774 majorem
1879 2721 2098 2761 alacritatem

1143 2783 1271 2822 habeat
1284 2780 1556 2835 proficiscendo,
1571 2780 1812 2833 fiduciamque
1826 2775 1996 2836 accipiat,
2011 2793 2045 2822 et
2059 2794 2099 2822 ut

1143 2845 1252 2897 liujus
1266 2857 1396 2881 uxores
1409 2841 1547 2881 discant
1561 2853 1694 2894 quanto
1706 2844 1926 2884 studioDeus
1939 2845 2103 2885 omnium

1142 2905 1319 2944 Dominus
1341 2904 1517 2944 Jacobum
1540 2913 1652 2954 curet,
1685 2905 1919 2959 rejiciantque
1945 2922 2101 2947 errorem

1141 2975 1342 3019 paternum,
1365 2974 1399 3003 et
1418 2964 1764 3019 imitenturjustum‚
1777 2976 1884 3019 atque
1906 2968 1952 3007 ad
1966 2984 2098 3020 cogno-

1141 3027 1314 3066 scendum
1328 3028 1444 3065 Deum
1464 3027 1704 3066 sufficientem
1720 3028 1921 3068 doctrinam
1940 3030 2023 3069 inde
2041 3046 2096 3069 ac-

1138 3089 1286 3142 cipiant.
1318 3089 1440 3138 Neque
1464 3088 1560 3127 enim
1588 3088 1639 3128 sic
1667 3089 1738 3139 side
1761 3090 1870 3143 digna
1895 3102 1994 3131 erant
2019 3107 2098 3144 qua:

1139 3150 1250 3190 Jacob
1272 3149 1428 3198 dicebat,
1451 3158 1491 3187 ut
1511 3165 1590 3201 quae
1606 3165 1626 3188 a
1647 3151 1770 3190 Laban
1785 3151 2010 3203 dicebantur,
2033 3155 2097 3206 qui

1140 3211 1259 3250 adhuc
1281 3209 1374 3248 idola
1391 3211 1540 3249 colebat.
1555 3212 1704 3265 Semper
1721 3213 1817 3252 enim
1840 3214 2042 3254 infidelium
2061 3226 2097 3253 ct

1138 3272 1406 3312 adversantium
1421 3287 1513 3310 vera?
1528 3273 1690 3326 religioni
1710 3276 1908 3316 testimonia
1925 3278 2097 3329 majorem

1146 3388 1160 3410 Β
1185 3386 1247 3418 Sex
1264 3386 1338 3418 Mss.
1360 3391 1406 3419 mi
1423 3391 1449 3420 zi
1464 3389 1570 3421 τσὺττυ
1587 3392 1756 3433 θαγατέρςς.
