2566 3791
796 214 838 243 tx
877 213 978 243 CAP.
1015 212 1078 243 lV.
1117 211 1281 242 Gumis.

204 300 300 353 παρὰ
314 302 381 339 τῶν
404 297 576 353 ἀγοραίων
603 297 661 336 καὶ
681 297 952 349 τριοῧολιμαίων
973 296 1140 339 πολλάκις
1163 299 1226 334 ἀν-

202 360 350 413 Θρώπων
369 359 540 413 εὐφημίαν
557 358 818 412 καρπώσωνται
833 388 843 408 ,
861 357 925 405 τὴν
941 358 1010 412 πρὸ
1031 360 1094 404 τ’ἧς
1121 357 1226 396 ἑσπέ-

203 437 265 474 ρας
282 420 379 465 τέλος
397 420 667 472 λαμόοίνουσαν,
683 420 854 463 πολλάκις
875 419 911 458 δὲ
937 419 1015 458 οὐδὲ
1042 419 1147 472 μέχρι
1166 422 1228 465 τῆς

202 482 350 535 ἑσπέρας
378 482 618 534 διαμείνασαν,
635 482 726 521 ἀλλὰ
757 482 817 520 καὶ
839 482 920 534 πρὶν
949 481 971 528 ἢ
1001 483 1229 534 πληρωθῆναι

201 543 266 590 τὴν
293 544 426 598 ἡμέραν
460 544 594 598 μυρίοις
622 542 743 586 αὐτοὺς
770 543 1051 594 περιῧαλλουσαν
1085 548 1228 590 κακοῖς·

201 605 338 659 ι“ἑ’τεροι
356 606 391 646 δὲ
408 609 477 644 τῶν
500 606 555 645 ἐπὶ
575 609 618 657 τῇ
637 604 752 657 πλάνῃ
768 608 810 657 τῇ
827 604 1019 654 Ἑλληνικῇ
1042 618 1229 658 πρρκατει-

204 666 408 718 λημμένων,
441 666 546 705 πάλιν
577 666 633 704 διὰ
658 665 699 704 τὸ
730 666 816 717 πρὸς
845 664 909 712 τὴν
939 668 1008 703 τῶν
1040 662 1230 716 ἀνθρώπων

1320 211 1478 242 nomn„
1518 211 1596 241 XX.
2157 217 2240 247 211

1297 308 1482 347 vesperam
1502 293 1623 342 durat,
1645 292 1705 330 sed
1717 302 1750 331 et
1766 293 1976 345 priusquam
1987 294 2062 333 dies
2073 298 2250 349 complea-

1298 365 1368 404 tur,
1389 355 1583 394 innumeris
1605 354 1709 393 malis
1741 355 2004 405 circumdatur,
2039 357 2101 395 alii
2132 369 2248 397 autem

1299 416 1486 469 gentilium
1495 431 1614 456 errore
1622 416 1872 469 praeoccupati,
1881 416 2063 470 etiamipsi
2074 418 2118 456 ad
2127 420 2251 457 liuma-

1301 493 1382 516 nam
1395 478 1618 531 respicientes
1629 479 1796 529 gloriam,
1815 492 1921 529 quam
1936 479 2084 517 maximi
2102 481 2250 525 faciunt,

1299 540 1446 591 abjectis
1455 540 1561 578 simul
1571 539 1752 586 omnibus,
1765 549 1798 578 et
1807 539 1918 592 pallio
1930 549 2066 578 tantum
2075 550 2181 592 atque
2191 543 2255 579 lm-

1299 600 1381 638 culo
1399 601 1563 649 servatis,
1576 615 1718 639 omnem
1736 600 1849 639 vitam
1866 600 1918 639 sic
1931 601 2096 653 exigunt,
2114 616 2256 641 omnem

1301 660 1461 699 laborem
1477 662 1580 699 illum
1600 671 1634 699 ct
1654 662 1831 700 miseriam
1855 662 1901 700 ob
1921 662 2003 702 vani
2025 663 2180 702 nominis
2198 680 2255 703 ce-

205 731 397 775 ἐπτοῆσθαι
417 728 530 775 δόξαν,
556 728 615 765 καὶ
636 726 763 773 ταύτην
784 726 864 779 περὶ
884 727 1014 764 πολλοῦ
1032 728 1231 772 ποιεῖσθαι,
1257 728 1279 758 Β
1300 720 1504 759 lehi-itatem
1523 732 1740 760 assumentes
1763 739 1771 759 :
1795 737 1878 761 cum
1898 722 2008 774 igitur
2025 724 2100 763 haec
2115 739 2256 764 mecum

208 790 319 827 πάντα
355 790 398 828 τὰ
435 790 516 828 ὄντα
539 789 699 841 ῥίψαντες
713 817 722 835 ,
745 787 804 824 καὶ
839 786 874 824 ἓν
910 787 1012 837 μόνον
1049 783 1232 838 τριὸώνιον

203 848 361 892 ι’ἑαυτοῖς
401 850 651 892 καταλιπόντες
691 848 752 885 καὶ
794 846 1002 899 βακτηρίαν,
1040 845 1131 885 οὕτω
1173 845 1231 884 τὸν

203 910 341 948 ἅπαντα
366 910 440 961 βίον
460 910 637 961 διάγουσι,
657 909 774 946 πάντα
797 908 854 947 τὸν
875 908 979 947 πόνον
1007 909 1135 946 ἐκεῖνον
1173 906 1232 945 καὶ

201 971 264 1018 τὴν
285 971 528 1025 ταλαιπωρίαν
549 970 606 1008 διὰ
624 969 687 1017 τὴν
705 968 803 1021 παρὰ
828 972 896 1008 τῶν
918 969 1110 1023 ᾀνθρώπων
1126 971 1231 1021 εὐφη-

203 1032 287 1084 μίαν
307 1032 492 1083 ὑπομένειν
522 1031 738 1085 αἱρούμενοι·
759 1030 841 1069 ὅταν
865 1030 979 1069 τοίνυν
1007 1036 1117 1070 ταῦτα
1136 1030 1232 1082 λογί-

201 1109 332 1144 σωμαι,
343 1096 405 1132 οὐκ
420 1087 497 1132 οἶδα
513 1093 616 1131 ποίαν
633 1092 754 1143 ἕξομεν
770 1091 961 1144 ἀπολογίαν
974 1091 996 1138 ἢ
1009 1091 1232 1143 συγγνώμην,

201 1154 278 1194 οὐδὲ
301 1155 340 1193 τὸ
366 1154 557 1193 πολλοστὸν
578 1153 717 1192 ἐκείνων
749 1152 808 1191 διὰ
833 1151 896 1199 τὴν
920 1152 1018 1204 παρὰ
1051 1157 1110 1191 τοῦ
1140 1154 1233 1192 Θεοῦ

202 1216 358 1254 δοθεῖσαν
377 1215 519 1262 ἐντολὴν
547 1214 715 1268 προέσθαι
745 1214 972 1266 ἀνεχόμενοι,
1002 1214 1062 1252 καὶ
1091 1214 1149 1253 διὰ
1167 1214 1231 1262 τὴν

203 1277 303 1321 δόξαν
324 1276 457 1323 ἐκείνην
475 1276 539 1323 τὴν
560 1276 730 1314 ἀθάνατον
751 1275 812 1313 καὶ
841 1275 951 1328 πέρας
979 1278 1040 1314 οὐκ
1070 1275 1231 1328 ἔχουσαν,

202 1343 217 1359 ²
233 1337 324 1376 ἀλλὰ
346 1338 405 1376 καὶ
427 1338 567 1377 ἐκείνων
587 1340 724 1392 χείρους
745 1338 938 1390 γινόμενοι,
963 1337 1024 1375 καὶ
1044 1337 1133 1389 μηδὲ
1152 1337 1232 1377 ὅσον

201 1399 242 1437 τὸ
273 1398 376 1449 μέσον
397 1401 608 1443 ἐννοοῦντες·
629 1400 682 1437 ὅτι
712 1402 837 1438 ἐκεῖνοι
857 1398 921 1449 μὲν
954 1398 1011 1437 διὰ
1040 1398 1103 1446 τὴν
1134 1400 1233 1452 παρὰ
1257 1407 1281 1438 C

199 1463 269 1498 τῶν
289 1459 479 1512 ἀνθρώπιον
495 1463 563 1498 τῶν
584 1462 758 1511 ὁμογενῶν
787 1459 952 1507 ἀνόνητον
973 1460 1147 1512 εὐφημίαν
1168 1476 1231 1499 το-

201 1524 313 1560 σαῦτα
328 1520 506 1572 προΐενται
517 1537 524 1545 ·
541 1525 643 1572 ἡμεῖς
662 1521 698 1560 δὲ
714 1521 771 1559 διὰ
790 1521 847 1560 τὸν
867 1521 1048 1568 Δεσπότην
1068 1522 1126 1560 τὸν
1142 1522 1233 1573 ἦμέ-

203 1598 315 1635 τερον,
333 1582 391 1620 τὸν
411 1582 471 1621 καὶ
489 1585 558 1621 τῶν
582 1582 816 1635 ὑπηργμένων
835 1582 1000 1635 χορηγὸν,
1023 1582 1084 1624 καὶ
1099 1583 1233 1627 ἐκείνας

197 1641 260 1686 τὰς
279 1643 496 1695 ἀπορρήτους
515 1642 532 1664 ⁶
543 1643 674 1697 δωρεὰς
688 1643 1003 1695 ἐπαγγελλόμενον,
1024 1643 1100 1683 οὐδὲ
1117 1644 1157 1682 τὸ
1174 1660 1232 1682 τυ-

198 1702 261 1756 χὸν
280 1703 449 1748 πολλάκις
466 1704 690 1755 μεταδιδόναι
705 1709 777 1747 τοῖς
801 1703 1003 1755 πενομένοις
1029 1704 1230 1757 αἱρούμεθα.

200 1765 271 1804 Καὶ
297 1764 406 1809 ποίοις
421 1766 611 1816 ὀφθαλμοῖς
632 1766 789 1818 ὀψόμεθα
805 1766 862 1803 τὸν
890 1765 1014 1819 κριτὴν
1043 1769 1106 1812 τῆς
1125 1764 1233 1809 οὕτως

199 1825 340 1863 εὖκόλου
351 1826 491 1872 ἐντολῆς
502 1827 778 1877 καταμελοῦντες
791 1843 801 1873 ;
814 1825 874 1872 Μὴ
891 1826 958 1879 γὰρ
968 1825 1084 1864 πάντα
1094 1825 1137 1863 τὰ
1148 1825 1232 1863 ὄντα

202 1887 302 1937 ῥῖψαι
326 1886 532 1938 προτρέπω,
551 1886 720 1925 Ἀπόλαυε
753 1887 871 1933 πάσης
891 1886 1059 1934 ἀνέσεως,
1081 1886 1140 1923 καὶ
1166 1885 1230 1932 τὴν

201 1947 326 1983 ἑαυτοῦ
344 1946 464 1999 χρείαν
481 1946 670 1998 πληρώσας
686 1946 731 1985 τὰ
748 1946 897 1999 περιττὰ
914 1947 974 1985 καὶ
990 1949 1066 1998 εἰκῇ
1087 1945 1230 1996 κείμενα

201 2009 314 2044 ταῦτα
336 2008 509 2059 ἀναγκαῖα
526 2007 684 2054 ποίησον,
700 2007 760 2046 καὶ
790 2013 860 2051 τοῖς
889 2009 984 2059 λιμῷ
1015 2007 1230 2058 πιεζομένοις

202 2066 261 2104 καὶ
281 2066 348 2104 ὑπὸ
373 2072 433 2106 τοῦ
449 2071 583 2120 κρυμοῦ
605 2067 862 2119 ιεπηγνυμένοις
876 2068 1009 2111 τούτοις
1029 2067 1204 2118 διάνειμαι
1219 2098 1230 2117 ,
1254 2077 1278 2106 D

201 2127 261 2166 καὶ
284 2127 341 2166 διὰ
365 2131 428 2174 τῆς
459 2128 590 2166 τούτων
619 2130 736 2182 χειρὸς
760 2131 807 2173 εἷς
831 2129 896 2175 τὴν
925 2131 1047 2167 ἑαυτοῦ
1075 2129 1230 2181 πατρίδα

200 2187 418 2239 διαπέμπου,
440 2189 482 2236 ἣν
500 2191 577 2240 μετ’
601 2191 639 2227 οὐ
667 2189 756 2229 πολὺ
789 2190 898 2242 λήψῃ.
927 2184 1037 2229 Οὗτοι
1059 2190 1127 2242 γὰρ
1157 2190 1228 2241 μοί-

199 2250 303 2288 λιστα
317 2250 526 2296 δυνήσονταί
548 2267 602 2290 σοι
617 2255 856 2305 χρησιμεῦσαι
869 2252 955 2303 πρὸς
973 2251 1037 2298 τὴν
1063 2253 1136 2290 ἐκεῖ
1163 2267 1228 2302 με-

198 2310 406 2362 τακομιδὴν,
442 2310 487 2350 ἵν’
528 2312 611 2352 ὅταν
645 2315 799 2365 ἀπέλθῃς
830 2313 922 2362 ἐκεῖ,
956 2313 1095 2352 ἅπαντα
1125 2312 1228 2366 εὕρῃς

199 2372 470 2424 εὖτρεπισμένα,
492 2374 552 2412 καὶ
574 2374 732 2418 πλείονος
755 2373 956 2425 ἀπολαύσῃς
974 2377 1045 2414 ἐκεῖ
1080 2378 1144 2422 τῆς
1171 2377 1227 2413 εὖ·

199 2432 324 2484 πορίας
336 2463 346 2481 ,
363 2437 452 2487 ὁρῶν
475 2439 585 2474 ταῦτα
604 2435 671 2475 ὑπὸ
689 2439 758 2475 τῶν
785 2437 1110 2487 μετακομισοίντων,
1131 2438 1226 2489 μᾶλ-

197 2494 258 2531 λον
276 2494 311 2533 δὲ
337 2496 405 2533 ὑπὸ
421 2498 484 2542 τῆς
510 2501 570 2535 τοῦ
590 2499 683 2537 Θεοῦ
701 2499 962 2552 φιλανθρωπίας
977 2499 1224 2538 πολυπλασια-

200 2554 336 2594 σθέντα.
365 2556 427 2603 Μὴ
447 2557 516 2611 γὰρ
544 2558 702 2610 κάματον
730 2560 805 2612 ἔχει
825 2562 865 2600 τὸ
889 2567 1056 2615 πρᾶγμα;
1075 2561 1124 2611 μὴ
1157 2560 1224 2614 γὰρ

199 2617 362 2669 φροντίδα
395 2620 471 2657 τινὰ
502 2620 561 2658 καὶ
596 2620 786 2673 μέριμναν;
820 2625 902 2676 Οὐχ
939 2623 1134 2674 ὑποζυγίων
1169 2638 1223 2661 σοι

198 2678 302 2730 χρεία
334 2681 420 2732 πρὸς
446 2680 510 2728 τὴν
541 2683 795 2734 μετακομιδὴν,
815 2687 853 2724 οὗ
881 2688 942 2723 τοῦ
975 2685 1222 2737 φυλάττοντος,

197 2740 261 2777 οὐκ
290 2740 395 2780 ἄλλου
412 2743 548 2788 οὐδενὸς
567 2743 735 2783 τοιούτου.
755 2745 850 2784 Οὔτε
877 2745 945 2800 γὰρ
963 2745 1114 2797 λῃστὴς,
1142 2745 1221 2784 οὔτε

1303 791 1445 833 reputo,
1465 782 1584 821 nescio
1604 797 1711 833 quam
1728 783 1888 822 habituri
1903 785 2015 822 simus
2035 786 2090 823 vel
2109 801 2257 826 excusa-

1303 842 1449 893 tionem,
1474 843 1533 882 vel
1554 843 1712 894 veniam,
1737 844 1799 895 qui
1827 858 1942 894 neque
1974 846 2021 883 ob
2049 846 2258 886 mandatum

1301 919 1319 943 a
1338 904 1494 943 Domino
1512 903 1699 952 traditum,
1721 917 1834 956 neque
1844 905 1890 943 ob
1905 904 2056 955 gloriam
2075 906 2175 946 illam
2190 909 2258 946 im-

1302 965 1491 1004 mortalem
1507 973 1542 1003 et
1561 965 1841 1014 interminatam,
1859 966 1916 1005 vel
1937 966 2124 1006 minimam
2139 983 2260 1008 rerum

1302 1037 1504 1067 nostrarum
1546 1027 1748 1080 portionem
1790 1026 1989 1078 relinquere
2021 1029 2236 1068 sustinemus
2249 1060 2259 1079 ,

1303 1090 1390 1142 quin
1405 1099 1439 1128 et
1452 1088 1646 1128 deteriores
1660 1088 1733 1127 illis
1743 1087 1946 1138 reddimur,
1961 1103 2072 1140 neque
2081 1099 2258 1141 quantum

1303 1153 1348 1191 sit
1363 1151 1556 1190 discrimen
1572 1151 1785 1203 cogitamus.
1810 1151 1905 1189 Nam
1921 1150 1976 1188 illi
1992 1151 2038 1189 ob
2057 1151 2258 1201 hominum,

1303 1213 1368 1265 qui
1386 1212 1550 1266 ejusdem
1568 1220 1704 1250 naturae
1722 1221 1819 1260 sunt,
1838 1211 2003 1250 inutilem
2019 1212 2183 1263 gloriam,
2203 1227 2262 1251 eo-

1304 1289 1416 1326 usque
1433 1281 1673 1327 pervenerunt
1687 1281 1728 1310 ut
1749 1281 1821 1311 tam
1837 1272 1951 1310 multa
1967 1272 2178 1325 projiciant:
2199 1287 2262 1312 nos

1303 1345 1423 1373 autem
1442 1343 1588 1387 propter
1608 1332 1803 1372 Dominum
1819 1342 1993 1382 nostrum,
2010 1333 2073 1384 qui
2092 1335 2264 1387 suppedi-

1304 1406 1355 1435 tat
1373 1411 1412 1434 ea
1433 1409 1511 1447 quae
1533 1393 1771 1447 possidemus,
1808 1403 1842 1432 et
1870 1393 2070 1432 ineffabilia
2087 1395 2151 1433 illa
2169 1395 2264 1434 dona

1303 1457 1506 1510 pollicetur,
1519 1469 1611 1508 saepe
1619 1469 1733 1506 neque
1745 1468 1898 1507 parvum
1914 1454 2264 1509 quiddaminopibus

1303 1532 1450 1570 erogare
1468 1517 1648 1557 volumus.
1670 1516 1718 1554 Et
1734 1515 1903 1567 qualibus
1926 1516 2040 1554 oculis
2059 1517 2264 1557 videbimus

1303 1579 1484 1628 Judicem,
1505 1578 1724 1630 negligentes
1753 1576 1964 1615 mandatum
1986 1577 2084 1616 illius
2106 1587 2179 1616 tam
2209 1580 2265 1617 fa-

1304 1641 1401 1680 cile?
1415 1641 1515 1679 Num
1529 1639 1716 1688 adhortor,
1730 1647 1771 1676 ut
1786 1637 1903 1678 omnia
1921 1646 2037 1677 vestra
2057 1639 2263 1691 abjiciatis?

1303 1704 1436 1741 Fruere
1446 1701 1543 1740 omni
1558 1699 1805 1753 prosperitate,
1821 1708 1855 1737 et
1869 1713 1953 1737 cum
1965 1699 2050 1738 satis
2065 1700 2189 1739 feceris
2202 1711 2262 1738 tuo

1302 1763 1398 1812 usui,
1411 1776 1491 1813 quae
1504 1774 1726 1814 supervacua
1742 1759 1809 1798 tihi
1821 1769 1856 1799 et
1869 1760 1982 1798 otiosa
1999 1761 2129 1812 jacent,
2149 1762 2185 1799 in
2201 1776 2262 1799 ne-

1303 1822 1497 1862 cessarium
1509 1835 1616 1859 usum
1627 1828 1808 1870 converte,
1821 1820 1974 1872 aliisque
1981 1820 2157 1860 distribue
2171 1823 2263 1862 fame

1302 1883 1562 1929 laborantibus,
1576 1891 1611 1920 et
1621 1881 1704 1933 gelu
1718 1881 1989 1932 rigescentibus,
1999 1891 2102 1935 etper
2115 1883 2262 1923 illorum

1305 1959 1432 1985 manus
1448 1945 1485 1982 in
1499 1953 1600 1982 tuam
1614 1942 1768 1995 patriam
1777 1943 1989 1992 transmitte,
2003 1943 2039 1982 in
2053 1958 2160 1995 quam
2179 1960 2262 1998 pro-

1303 2007 1445 2060 pediem
1460 2005 1527 2044 tibi
1544 2003 1778 2057 pergendum,
1799 2013 1840 2042 ut
1852 2003 1904 2042 ibi
1915 2004 2080 2058 accipias.
2097 2005 2156 2044 Illi
2167 2007 2262 2046 enim

1302 2069 1503 2122 plurimum
1517 2066 1585 2105 tibi
1598 2065 1764 2118 prodesse
1780 2074 1948 2118 poterunt
1967 2065 2013 2104 ad
2028 2068 2261 2108 transvehen-

1302 2129 1366 2168 das
1387 2129 1474 2166 illuc
1497 2141 1603 2180 opes:
1626 2135 1667 2164 ut
1686 2125 1828 2177 quando
1860 2126 1948 2165 illuc
1966 2127 2107 2177 abieris,
2141 2131 2257 2169 omnia

1302 2189 1464 2229 invenias
1491 2188 1581 2226 benc
1598 2186 1788 2239 disposita,
1809 2186 2009 2238 majorique
2032 2187 2108 2226 illic
2128 2190 2259 2230 fruaris

1301 2249 1535 2298 abundantia,
1556 2247 1684 2288 videns
1702 2262 1742 2286 ea
1758 2261 1778 2286 a
1797 2247 2125 2297 transvehentibus‚
2146 2251 2218 2290 imo
2237 2268 2257 2291 a

1299 2311 1519 2364 benignitate
1543 2309 1624 2358 Dei,
1644 2309 1693 2347 ita
1709 2307 1960 2360 multiplicata.
1981 2310 2078 2348 Num
2097 2311 2257 2352 laborem

1298 2373 1407 2413 hahet
1424 2373 1462 2411 id
1481 2370 1644 2424 negotii?
1662 2384 1750 2408 num
1770 2383 1909 2419 curam,
1932 2384 2020 2408 num
2039 2371 2257 2412 sollicitudi-

1298 2449 1379 2473 nem
1389 2435 1406 2473 Ξ)
1421 2434 1477 2472 Ad
1488 2434 1567 2472 haec
1577 2430 1839 2470 transvehenda
1849 2431 2022 2469 nullotibi
2035 2447 2122 2485 opus
2132 2443 2184 2472 est
2193 2450 2208 2487 J
2215 2450 2255 2473 u-

1298 2506 1429 2546 mento,
1446 2509 1515 2534 non
1524 2493 1684 2541 custode,
1698 2506 1813 2543 neque
1823 2492 1898 2530 ullo
1911 2492 1997 2530 alio.
2016 2493 2147 2532 Nullus
2158 2496 2252 2535 enim

1296 2558 1387 2597 latro
1406 2556 1464 2596 vel
1482 2557 1540 2594 fur
1556 2555 1623 2593 hac
1639 2553 1696 2591 via
1716 2552 1863 2601 incedit,
1884 2561 1924 2590 ut
1946 2566 2070 2592 nocere
2086 2565 2191 2605 queat
2206 2557 2251 2595 iis

1298 2628 1447 2670 quaeate
1461 2617 1548 2655 illuc
1555 2615 1748 2653 mittuntur
1760 2629 1767 2649 :
1785 2612 1848 2650 sed
1861 2626 1899 2650 ea
1911 2627 1988 2664 quae
2001 2616 2200 2668 reposueris
2212 2617 2249 2655 in

1296 2693 1488 2734 egenorum
1504 2690 1643 2725 manus,
1659 2675 1722 2713 illa
1740 2674 1775 2712 in
1793 2687 1958 2712 securum
1975 2678 2250 2727 promtuarium,

1295 2756 1422 2794 nempe
1441 2753 1587 2778 manum
1608 2736 1676 2775 Dei
1706 2734 1892 2774 effundes:
1923 2750 2002 2786 quae
2021 2737 2191 2777 inviolata
2216 2748 2251 2778 et

195 2801 409 2854 τοιχωρύχος
430 2803 565 2851 ἐκείνην
581 2806 714 2856 βαδίζει
741 2805 805 2853 τὴν
824 2806 914 2853 ὁδὸν,
929 2807 987 2846 ἵνα
1007 2807 1220 2858 λυμαίνηται
1245 2813 1269 2842 Ε
1296 2802 1472 2842 custodita
1492 2798 1679 2854 praebebit,
1699 2806 1733 2835 et
1753 2811 1835 2834 cum
1854 2795 2002 2835 redieris
2021 2798 2056 2836 in
2077 2800 2246 2851 patriam,

195 2866 268 2905 τοῖς
284 2862 382 2915 παρὰ
402 2868 462 2902 σοῦ
480 2866 717 2917 πεμπομένοις
729 2883 737 2891 ·
767 2869 843 2906 ἀλλ’
872 2869 962 2921 ἅπερ
980 2868 1020 2906 ἂν
1041 2871 1155 2921 ἀποθῇ
1175 2870 1222 2912 εἷς

196 2921 259 2965 τὰς
273 2925 341 2960 τῶν
357 2925 514 2971 πενήτων
536 2932 674 2981 χεῖρας,
688 2934 798 2969 ταῦτα
815 2931 862 2973 εἷς
882 2929 1035 2982 ἀσφαλὲς
1063 2935 1219 2980 ταμιεῖον

197 2983 358 3036 ἀποθήσῃ
379 2984 442 3033 τὴν
460 2991 520 3025 τοῦ
540 2990 633 3027 Θεοῦ
645 2995 760 3042 χεῖρα.
780 2989 877 3037 Αὕτη
897 2990 965 3042 γὰρ
981 2989 1144 3043 ἀκέραιον
1161 2990 1221 3028 καὶ

1295 2866 1368 2904 illis
1384 2861 1534 2902 redditis
1549 2860 1656 2898 etiam
1670 2856 1879 2910 praedicabit
1891 2857 2016 2897 laudes
2031 2867 2120 2909 tuas,
2140 2871 2173 2899 ct
2190 2875 2249 2899 00-

1295 2925 1452 2973 ronabit,
1473 2937 1513 2960 ac
1532 2931 1563 2959 te
1576 2921 1611 2958 in
1632 2917 1819 2957 latitudine
1835 2918 2063 2969 constituens,
2083 2935 2247 2959 securum

1295 2997 1328 3026 et
1347 2986 1487 3025 felicem
1503 2981 1639 3022 reddet.
1660 2979 1902 3018 Effundamus
1915 2994 2010 3032 ergo,
2031 2996 2170 3034 precor,
2187 2983 2250 3022 dc-

206 3095 209 3098 ⁴
239 3095 253 3111 ⁸
276 3087 374 3130 Hmc,
393 3094 490 3136 ἕτεροι
508 3093 538 3124 δὲ
553 3100 612 3126 τῶν
633 3096 682 3128 ἐπὶ
701 3102 739 3139 τῇ
754 3098 871 3140 πλάνῃ,
889 3106 963 3137 quae
979 3095 1203 3127 terminantur
1235 3091 1374 3126 dimidia
1392 3090 1511 3135 pagiua
1527 3085 1673 3120 deficiat·

197 3136 421 3222 ἓῖδὲεῦρημίαν
436 3145 590 3186 ὑπομένειν
606 3149 794 3192 αἱροὺμενοι,
811 3145 933 3179 desunt
949 3145 982 3179 in
997 3145 1203 3180 Colsliniano

226 3201 246 3221 o
273 3202 333 3223 tce.

244 3242 262 3266 Ι)
284 3243 363 3287 Reg.
382 3247 495 3284 ἑαυτοῖς
511 3251 701 3288 ἱκτυποῦντες
716 3255 765 3284 καὶ
779 3256 874 3295 βακτ.

1279 3144 1292 3164 ²¹
1318 3142 1419 3176 Savil.
1439 3150 1472 3174 et
1486 3149 1552 3173 tres
1574 3139 1650 3172 Mss,
1669 3138 1757 3180 [ταῖς
1778 3142 1960 3184 ἀπορῥήτοις
1984 3141 2252 3186 ἐκείναιςμωμχῑς

1240 3201 1445 3242 ἐφελκόμενον,
1465 3197 1540 3229 οὐδέ.

1287 3256 1298 3269 ⁰
1321 3250 1403 3290 ltcg.
1423 3258 1506 3279 unus
1528 3251 1719 3288 πηγνυμένοις
1740 3250 1838 3279 ταῦτα
1863 3247 2004 3287 ὃιάνιιμε.
2023 3244 2125 3280 Savil.
2142 3261 2251 3288 πηγνυ-

246 3303 259 3318 ‘2
284 3296 383 3337 Haec,
399 3303 447 3332 καὶ
462 3303 577 3334 ἐκείνων
597 3308 715 3347 χείρους
731 3310 894 3346 γινόμενοι,
912 3310 945 3336 et
967 3311 1085 3337 caetera
1103 3302 1208 3336 multa
1242 3307 1340 3345 μένοις
1354 3305 1450 3334 ταῦτα
1464 3296 1749 3340 Ξιό.νειμον.ΜοῐθΙ.
1760 3301 1951 3337 «nm-aquiro&
1965 3298 2079 3334 ῗθὺῗθῑθ
2091 3299 2203 3340 Staium
2211 3315 2250 3333 ²(-

201 3358 273 3388 quae
289 3347 321 3378 in
339 3347 407 3380 liaec
429 3349 527 3382 verba
549 3351 724 3394 desinunt,
743 3361 791 3388 καὶ
808 3361 838 3389 ἐν
864 3363 944 3394 mim
966 3361 1134 3404 «ὑρυγωρῑα
1159 3362 1208 3391 122
1245 3353 1336 3385 Infra
1353 3351 1468 3383 Murci.
1494 3353 1664 3388 δονήσονταί
1688 3363 1731 3382 σοι
1758 3351 1953 3381 numisma(
1970 3355 2055 3393 προς.
2077 3347 2139 3381 Alii
2163 3357 2198 3381 ut
2220 3351 2254 3384 in

200 3404 295 3433 ἀνέσει
312 3410 506 3439 καταστήσει,
525 3401 645 3438 desunt
668 3407 701 3438 in
723 3406 860 3440 coislin.
880 3410 924 3441 ita
953 3417 988 3441 ut
1011 3411 1083 3452 plus
1105 3421 1204 3453 quam
1244 3414 1348 3439 textu.

1996 3443 2038 3480 15
