2516 3791
663 167 706 197 ΙΝ
745 166 848 196 cn’.

82 250 218 302 νονουχὶ
250 249 421 288 διδάσκων
459 248 574 296 αὐτὸν,
612 248 667 286 ὅτι
708 249 837 288 ἐκεῖνόν
871 265 925 288 σοι
958 249 1105 302 παρέχω

83 311 263 363 μάρτυρα,
297 309 351 348 ὅτι
387 308 484 348 οὐδὲν
516 311 586 346 τῶν
619 308 717 362 παρὰ
749 314 811 348 σοῦ
834 310 1017 362 λήψομαι,
1047 310 1105 348 τὸν

81 371 244 410 ἁπάντων
269 370 491 423 δημιουργὸν,
510 368 567 408 ἵνα
587 369 713 408 εἰδέναι
735 370 828 423 ἔχοις
850 373 907 410 τὸν
932 372 990 410 ἐπὶ
1019 372 1106 410 πάν-

80 448 148 470 των
164 432 267 478 Θεὸν,
289 431 350 470 καὶ
374 431 422 482 μὴ
446 430 591 482 νομίσῃς
610 424 698 469 εἶναι
715 431 810 476 θεοὺς
829 431 873 470 τὰ
892 433 960 470 ὑπὸ
977 435 1104 484 χειρῶν

81 492 270 547 ἀνθρώπων
301 492 642 543 κατασκευαζόμενα.
677 486 789 536 Οὗτος
817 492 885 545 γὰρ
916 496 934 531 ὁ
963 495 1106 545 οὐρανοῦ

80 554 138 593 καὶ
163 557 226 605 γῆς
241 553 410 601 ποιητὴς,
432 554 532 596 αὐτὸς
551 553 610 591 καὶ
629 553 686 591 τὸν
707 555 860 605 πόλεμον
876 558 995 593 τοῦτον
1012 556 1105 605 ἐτρο-

79 616 223 654 πώσατο
235 647 245 663 ,
265 616 324 653 καὶ
354 618 416 661 τῆς
443 615 542 662 νίκης
571 614 678 658 αἴτιος
710 615 873 662 κατέστη.
910 614 970 661 Μὴ
991 614 1105 652 τοίνυν

78 676 323 729 προσδοκήσῃς
343 676 404 727 ἐμὲ
427 675 606 720 ἀνέξεσθαί
630 692 665 714 τι
684 676 804 714 λαὸεῐν
831 678 900 713 τῶν
920 675 1016 728 παρὰ
1044 678 1105 712 σοῦ

80 738 282 788 διδομένων.
301 737 393 776 Οὐδὲ
414 738 482 788 γὰρ
502 736 560 775 ἐπὶ
580 740 693 788 μισθῷ
716 736 779 782 τὴν
800 736 954 774 ἐκδικίαν
975 738 1105 781 ἐποιη-

80 799 210 849 σάμην,
231 799 320 838 ἀλλὰ
345 797 513 850 πρότερον
543 797 606 848 μὲν
626 798 683 835 διὰ
701 796 763 843 τὴν
783 797 864 848 περὶ
882 797 940 835 τὸν
966 797 1104 848 ἀδελφι-

79 861 157 898 δοῦν
176 859 433 913 φιλοστοργίαν,
452 858 573 896 ἔπειτα
585 857 620 895 δὲ
635 857 694 896 καὶ
707 858 750 894 δι’
772 857 878 903 αὐτὴν
895 863 954 896 τοῦ
970 858 1104 895 δικαίου

77 919 141 966 τὴν
157 920 270 971 φύσιν,
297 919 388 957 ὥστε
407 918 486 962 τοὺς
505 917 634 961 ἀδίκως
664 917 888 969 ἀπηγμένους
909 918 1106 971 ἐξαρπάσαι

76 984 145 1019 τῶν
167 980 393 1032 βαρὸαρικῶν
426 982 568 1031 χειρῶν.
606 980 648 1016 Ei
681 978 752 1017 ἀπὸ
777 978 969 1031 σπαρτίου,
988 979 1104 1031 φησὶν,

78 1042 144 1085 ἕως
177 1044 418 1093 σφαιρωτῆρος
447 1039 608 1092 λήψομαι
643 1039 713 1077 ἀπὸ
742 1039 884 1077 πάντων
914 1040 982 1076 τῶν
1014 1041 1103 1076 σῶν’

77 1105 167 1142 τοῦτ’
190 1102 295 1148 ἔστιν,
313 1102 390 1140 οὐδὲ
420 1101 460 1138 τὸ
491 1100 611 1152 τυχὸν,
639 1099 717 1138 οὐδὲ
737 1100 776 1138 τὸ
796 1099 950 1145 εὐτελὲς,
971 1099 1049 1138 οὐδὲ
1066 1098 1106 1138 τὸ

80 1162 379 1216 εὐκαταφρόνητον
402 1160 642 1212 νομιζόμενον.
673 1161 743 1199 Καὶ
763 1159 831 1213 γὰρ
852 1162 1104 1212 “σφαιρωτῆρα

80 1223 220 1262 εἰώθασι
249 1224 361 1275 λέγειν
390 1223 430 1260 τὸ
455 1222 560 1275 ἄκρον
583 1225 642 1260 τοῦ
663 1222 884 1272 ὑποδήματος
918 1221 958 1259 τὸ
979 1223 1026 1264 εἰς
1045 1219 1103 1264 ὀξὺ

78 1286 184 1336 λῆγον
201 1301 208 1308 ·
229 1284 394 1328 τοιούτοις
413 1282 481 1336 γὰρ
501 1283 573 1328 ἔθος
598 1284 716 1336 ἔχουσι
738 1286 932 1335 κεχρῆσθαι
951 1283 982 1320 οἱ
1015 1281 1104 1333 βάρ-

78 1345 190 1398 Caper.
212 1339 301 1384 Εἶτα
319 1345 378 1383 καὶ
402 1345 465 1392 τὴν
487 1345 600 1383 αἰτίαν
628 1347 690 1390 τῆς
717 1343 966 1396 παραιτήσεώς
985 1358 1103 1394 φησιν,

78 1405 155 1445 Ἵνα
190 1406 239 1458 μὴ
263 1406 362 1455 εἴπῃς
377 1436 386 1453 ,
420 1404 489 1456 ἐγὼ
520 1404 736 1443 πεπλούτικα
754 1405 812 1443 τὸν
828 1403 980 1455 Ἄδραμ.
1000 1403 1103 1455 Ἐχω

77 1467 135 1506 τὸν
167 1467 318 1520 χορηγὸν
352 1469 421 1504 τῶν
452 1465 585 1518 μυρίων
605 1467 757 1516 ἀγαθῶν,
776 1466 908 1512 πολλῆς
935 1465 1102 1503 ἀπολαύω

77 1531 139 1575 τῆς
155 1529 284 1567 ἄνωθεν
307 1530 436 1580 ῥοπῆς,
453 1529 491 1566 οὐ
510 1526 634 1577 δέομαι
653 1530 712 1565 τοῦ
735 1526 833 1578 παρὰ
849 1530 909 1565 σοῦ
931 1526 1102 1574 πλούτου,

77 1591 115 1628 οὗ
146 1589 267 1641 χρῄζω
287 1587 507 1642 ἀνθρωπίνης
527 1586 712 1639 εὐπορίας,
744 1590 919 1640 ἀρκοῦμαι
944 1591 986 1640 τῇ
1007 1586 1104 1639 παρὰ

75 1653 134 1689 τοῦ
148 1652 239 1689 Θεοῦ
254 1651 300 1692 εἷς
319 1649 380 1700 ἐμὲ
393 1648 596 1703 φιλοτιμία,
613 1642 689 1686 οἶδα
705 1650 808 1687 αὐτοῦ
825 1650 864 1688 τὸ
879 1649 1021 1702 δαψιλὲς
1033 1652 1104 1688 τῶν

76 1711 228 1763 δωρεῶν.
250 1711 332 1748 Τῶν
366 1713 501 1762 μικρῶν
522 1710 581 1747 καὶ
601 1711 747 1749 εὐτελῶν
770 1711 1036 1763 παραχωρήσας
1053 1713 1104 1763 τῷ

75 1771 180 1820 Λὼτ,
199 1771 358 1823 μεγάλων
378 1771 437 1810 καὶ
466 1770 674 1823 ἀπορρήτων
688 1771 839 1819 ἠξιώθην
859 1772 1082 1824 ὑποσχέσεων
1095 1787 1103 1795 ·

75 1833 134 1871 καὶ
147 1837 205 1871 νῦν
217 1832 359 1883 μείζονα
374 1834 523 1870 πλοῦτον
539 1834 653 1885 ἑαυτῷ
668 1833 1000 1885 πραγματευόμενος
1011 1864 1020 1881 ,
1045 1834 1105 1872 καὶ

75 1893 219 1932 πλείονα
242 1895 326 1946 παρ’
345 1893 449 1932 αὐτοῦ
481 1893 618 1931 εὔνοιαν
643 1893 886 1944 ἐπισπώμενος
900 1924 910 1942 ,
930 1895 988 1933 τὸν
1009 1894 1106 1947 παρὰ

74 1959 136 1994 σοῦ
162 1956 312 1993 πλοῦτον
331 1955 369 1992 οὗ
389 1954 592 2008 προσίεμαι.
613 1954 681 1994 Διὰ
713 1958 817 1994 τοῦτο
834 1954 869 1993 δὲ
883 1986 893 2004 ,
915 1959 961 2000 ὡς
982 1950 1081 2007 οἶμαι
1094 1987 1104 2005 ,

74 2016 133 2054 καὶ
158 2017 216 2055 τὸν
251 2015 353 2067 ὅρκον
391 2015 610 2067 προσέθηκε,
640 2016 700 2054 καὶ
727 2009 835 2064 εἶπεν,
856 2016 1012 2056 Ἐκτενῶ
1040 2018 1105 2065 τὴν

72 2077 176 2130 χεῖρά
204 2093 270 2128 μου
288 2077 374 2130 πρὸς
396 2076 454 2114 τὸν
477 2077 568 2116 Θεὸν
586 2077 647 2115 τὸν
662 2076 819 2128 ὕψιστον,
836 2077 892 2115 ἵνα
911 2078 959 2129 μὴ
976 2080 1102 2132 νομίσῃ

73 2140 192 2183 ἁπλῶς
214 2139 316 2177 αὐτὸν
346 2138 648 2191 σχηματίζεσθαι,
682 2133 738 2176 οἶα
761 2139 968 2190 συμὸαίνειν
989 2142 1080 2187 εἰκός
1094 2157 1101 2166 ·

75 2202 153 2239 ἀλλ’
177 2200 233 2239 ἵνα
255 2201 350 2253 μάθῃ
370 2200 424 2238 ὅτι
445 2205 546 2239 τοῦτο
570 2202 663 2252 αὐτῷ
683 2200 865 2249 δέδοκται,
886 2201 928 2240 τὸ
955 2202 1044 2253 μηδὲ
1062 2202 1102 2242 τὸ

71 2262 176 2315 τυχὸν
194 2263 323 2300 ἐκεῖθεν
345 2261 585 2314 νοσφίσασθαι.
615 2262 685 2300 Καὶ
705 2262 858 2316 ἐπλήρου
891 2262 931 2300 τὸ
959 2264 1102 2317 παράγ-

70 2324 184 2375 γελμα
207 2325 318 2362 ἐκεῖνο
349 2323 389 2362 τὸ
413 2322 510 2375 παρὰ
540 2326 601 2360 τοῦ
630 2323 783 2377 Χριστοῦ
819 2330 890 2367 τοῖς
925 2328 1100 2375 μαθηταῖς

71 2385 270 2436 εἰρημένον·
303 2384 446 2437 Δωρεὰν
469 2384 634 2432 ε’λάὸετε,
663 2384 794 2437 δωρεὰν
823 2385 912 2423 δότε.
939 2386 1002 2436 Μὴ
1032 2388 1098 2440 γὰρ

69 2445 137 2498 ἐγώ
168 2461 203 2483 τι
232 2446 364 2492 πλεῖον,
395 2444 515 2497 φησὶν,
537 2445 724 2498 εἰσήνεγκα
756 2448 803 2489 εἰς
831 2446 895 2494 τὴν
920 2452 980 2486 τοῦ
999 2450 1101 2486 πολέ-

71 2522 135 2558 μου
166 2506 342 2555 ὑπόθεσιν,
367 2507 390 2553 ἢ
414 2506 517 2558 μόνον
545 2506 608 2555 τὴν
626 2507 771 2559 γνώμην
791 2508 852 2546 καὶ
875 2508 936 2556 τὴν
965 2514 1098 2563 προθυ-

889 167 982 197 XIV.
1021 166 1182 196 CRM-ts.

1221 166 1378 197 norun.
1419 167 1564 197 xxxv.
2045 159 2138 218 1,ιό

1179 248 1282 287 illum
1303 248 1358 287 his
1379 249 1522 289 verbis:
1538 248 1645 287 llluin
1668 249 1731 287 tibi
1756 260 1877 289 testem
1896 253 2065 302 adhibeo,
2087 271 2142 293 nur

1180 310 1270 348 nihil
1286 318 1430 348 tuarum
1452 325 1570 348 rerum
1587 320 1833 364 accepturum,
1849 312 1968 358 illuni,
1984 314 2143 365 inquiant,

1178 369 1341 408 omnium
1378 371 1630 420 Conditorem,
1669 381 1707 410 ut
1745 387 1847 411 nosse
1881 375 1994 425 possis
2028 377 2143 413 Deuni

1179 432 1353 480 omniunt,
1374 442 1407 470 et
1425 447 1468 471 ne
1483 432 1606 471 eredas
1622 448 1696 471 esse
1711 433 1796 472 deos
1807 449 1846 472 ea
1859 450 1938 486 quae
1955 436 2001 473 ab
2021 437 2142 475 hoini—

1181 506 1266 529 num
1280 494 1688 534 inanibussaluieantur.
1704 496 1767 533 ΙΙΙ(ι
1783 496 1877 534 enini
1897 497 1973 534 czrli
1991 507 2024 535 et
2043 507 2144 536 terras

1181 553 1365 600 Conditor,
1390 555 1448 592 ille.
1469 565 1502 593 ct
1532 557 1633 593 nobis
1657 557 1691 594 in
1722 557 1788 594 hoc
1814 557 1908 595 hello
1930 558 2089 596 victoriae
2111 569 2145 596 et

1180 613 1356 665 triumphi
1383 625 1519 653 auctor.
1545 618 1596 654 Ne
1617 617 1729 667 igitur
1750 627 1932 670 exspectes
1955 633 2010 656 ine
2029 619 2141 671 quid-

1180 674 1276 726 piam
1291 688 1334 711 ex
1350 674 1454 712 donis
1466 676 1535 712 tuis
1550 687 1791 728 accepturum.
1805 681 1927 729 Neque
1942 681 2036 717 enim
2053 695 2140 718 iner-

1179 734 1275 772 cedis
1292 735 1406 784 gratia
1422 735 1620 773 vindictam
1638 738 1717 784 set-i,
1733 739 1792 776 sed
1809 740 1965 790 prinuun
1983 741 2029 778 ob
2045 757 2143 779 amo-

1180 795 1229 832 ris
1243 796 1424 841 affectum,
1437 809 1544 846 quem
1565 810 1647 847 erga
1666 798 1787 835 fratris
1808 800 1874 836 inei
1892 801 2008 838 lilium
2031 816 2114 852 gero
2134 819 2140 838 :

1179 854 1308 893 deinde
1332 865 1366 893 et
1393 865 1539 908 propter
1566 857 1679 909 ipsius
1694 859 1844 909 justitiae
1865 861 2041 910 osticium,
2064 872 2104 899 nt
2126 879 2144 898 ‹-

1179 916 1417 954 barbarornm
1433 917 1600 955 manibus
1615 918 1789 971 eriperem
1810 921 1941 972 injuste
1953 921 2140 960 abductos.

1180 977 1221 1016 Si
1239 991 1265 1015 a
1279 979 1478 1030 sanicula,
1505 979 1632 1030 inquit,
1656 994 1777 1032 usque
1796 982 1850 1018 ad
1874 983 2143 1033 splioerotercm

1181 1040 1306 1077 calcei
1323 1043 1514 1092 accipiam
1533 1042 1581 1078 de
1598 1044 1672 1079 tuis
1687 1044 1864 1080 omnibus
1886 1058 1893 1079 ε
1914 1043 1981 1081 hoc
2000 1053 2066 1094 est,
2090 1045 2143 1082 ni-

1181 1098 1234 1137 hii
1251 1109 1322 1138 tam
1341 1101 1426 1149 vile,
1440 1115 1502 1139 nec
1519 1111 1589 1139 tam
1610 1102 1714 1140 nihili
1728 1103 1893 1141 habitum
1911 1114 1960 1142 est
1975 1105 2071 1154 quod
2085 1120 2142 1143 ac-

1181 1170 1350 1213 cepturus
1381 1162 1463 1200 sim.
1490 1165 1582 1201 Nam
1601 1164 1854 1216 sphterotercin
1878 1166 1991 1203 solent
2017 1180 2144 1204 vocare

1180 1224 1318 1275 apicem
1335 1224 1465 1273 calcei,
1496 1225 1558 1276 qui
1578 1225 1613 1263 in
1639 1240 1789 1263 acumen
1818 1226 1971 1264 desinit:
1988 1242 2058 1278 quo
2074 1228 2144 1265 cal-

1181 1297 1322 1322 ceorum
1353 1298 1478 1336 genere
1499 1286 1647 1324 barbari
1670 1297 1883 1325 consuerunt
1905 1288 1970 1326 uti.
1993 1288 2090 1327 Exin
2110 1299 2143 1327 et

1179 1360 1338 1394 eausam,
1358 1361 1469 1398 quare
1494 1348 1654 1400 accipere
1683 1348 1864 1399 detrectet,
1881 1349 1996 1388 dicit:
2021 1353 2071 1389 Ut
2098 1366 2145 1389 nc

1179 1408 1287 1446 dicas
1305 1423 1316 1444 .·
1333 1409 1419 1461 Ego
1431 1409 1670 1461 locupletavi
1687 1410 1854 1448 Abram.
1871 1411 1992 1449 Habeo
2010 1414 2141 1462 Deum,

1179 1468 1242 1519 qui
1262 1468 1447 1507 innumera
1464 1469 1556 1508 mihi
1575 1471 1778 1523 suppeditet
1793 1471 1897 1520 bona,
1911 1487 2066 1525 superno
2086 1474 2142 1512 in-

1179 1529 1274 1568 nitor
1291 1531 1430 1569 auxilio
1455 1547 1462 1568 :
1486 1545 1556 1570 non
1579 1546 1669 1584 opus
1698 1532 1789 1570 mihi
1809 1532 1949 1571 divitiis
1973 1534 2058 1583 tuis,
2075 1549 2143 1573 non

1178 1591 1324 1644 indigeo
1339 1592 1507 1631 humanis
1525 1593 1771 1644 facultatibus,
1788 1604 1972 1634 contentus
1985 1610 2065 1634 sum
2078 1597 2144 1634 Dei

1181 1653 1217 1691 in
1234 1668 1290 1691 me
1304 1654 1539 1692 beneficentia
1556 1670 1564 1691 z
1579 1655 1652 1693 scio
1669 1655 1768 1693 illius
1785 1656 1999 1707 largitatem.
2016 1658 2146 1696 Paucis

1181 1724 1215 1753 et
1232 1715 1370 1753 vilibus
1398 1715 1484 1754 cessi
1505 1730 1582 1754 meo
1611 1716 1692 1766 Lot,
1712 1730 1859 1768 magnas
1891 1727 1924 1755 et
1945 1718 2145 1756 ineffabiles

1181 1776 1435 1828 promissiones
1461 1786 1669 1828 assequutus
1685 1792 1778 1826 sum,
1798 1787 1831 1816 et
1851 1792 1944 1817 nunc
1964 1780 2142 1831 majorum

1181 1836 1394 1876 divitiarum
1419 1837 1612 1889 negotiatio
1631 1838 1721 1876 mihi
1737 1848 1802 1886 est,
1819 1848 1853 1877 et
1873 1840 2044 1892 majorem
2067 1841 2143 1893 ejus

1183 1898 1335 1950 gratiam
1350 1898 1440 1936 mihi
1457 1899 1741 1950 concilio‚quare
1760 1914 1844 1952 opes
1863 1909 1941 1939 tuas
1962 1916 2030 1939 non
2051 1903 2143 1939 acei-

1182 1959 1256 2010 pio.
1273 1958 1356 1997 Ideo
1382 1968 1522 2007 autem,
1541 1960 1690 2012 opinor,
1711 1969 1745 1998 et
1759 1961 2003 2013 juramentum
2031 1963 2140 2000 adhi-

1181 2019 1320 2066 buit‚et
1340 2020 1459 2058 dixit:
1479 2022 1704 2058 Extendam
1736 2035 1896 2060 manum
1930 2038 2057 2061 meam
2089 2026 2143 2062 ad

1181 2083 1309 2120 Deum
1337 2083 1585 2129 altissimum,
1611 2091 1651 2119 ut
1669 2096 1712 2120 ne
1732 2093 1833 2134 putet
1852 2098 1931 2121 eum
1960 2085 2008 2122 ita
2030 2086 2141 2123 simu-

1179 2143 1267 2190 lare,
1290 2152 1330 2181 ut
1360 2143 1548 2195 probabile
1577 2152 1629 2181 est
1657 2157 1748 2196 saepe
1770 2144 1995 2196 contingere:
2012 2146 2073 2184 sed
2103 2157 2142 2185 ut

1179 2204 1267 2242 sciat
1281 2204 1348 2242 hoc
1372 2204 1420 2242 ita
1437 2204 1542 2256 plane
1562 2203 1743 2242 decretum
1762 2205 1862 2258 apud
1879 2208 2026 2253 Abram,
2045 2217 2084 2246 ut
2101 2223 2143 2246 ne

1177 2266 1235 2305 vel
1252 2266 1445 2304 minimum
1462 2265 1553 2316 quid
1572 2265 1656 2303 inde
1675 2266 1745 2304 sibi
1761 2267 1938 2318 seligeret.
1955 2271 2072 2319 Atque
2092 2269 2141 2306 ita

1177 2324 1352 2377 implebat
1381 2323 1591 2362 mandatum
1610 2324 1704 2363 illud
1722 2325 1820 2376 quod
1835 2341 1853 2363 a
1869 2327 2012 2366 Christo
2030 2328 2140 2366 disci-

1175 2386 1272 2439 pulis
1286 2395 1337 2424 est
1352 2385 1497 2424 datum:
1515 2386 1649 2424 Gratis
1666 2390 1882 2437 accepistis,
1896 2392 2020 2440 gratis
2034 2391 2134 2428 date.
2152 2409 2266 2437 Manh.
2291 2417 2327 2438 ,ο

1175 2449 1271 2486 Num
1287 2461 1367 2500 ego,
1386 2447 1514 2498 inquit,
1532 2446 1631 2484 aliud
1651 2447 1737 2498 quid
1756 2447 1801 2485 ad
1817 2449 1902 2487 belli
1921 2464 1995 2488 rem
2015 2452 2134 2501 attuli,
2150 2451 2182 2482 8·

1174 2518 1414 2561 praeterquam
1439 2508 1663 2547 voluntatem
1686 2517 1718 2546 et
1745 2509 1988 2548 alacritatem?
2011 2512 2134 2551 Victo-

71 2568 176 2619 μίαν;
209 2569 284 2616 Τὴν
315 2569 350 2606 δὲ
380 2569 479 2616 νίκην
509 2568 570 2608 καὶ
600 2570 640 2608 τὸ
663 2569 843 2624 τρόπαιον,
863 2571 923 2609 καὶ
943 2571 988 2610 τὰ
1007 2572 1097 2612 ἄλλα
1113 2594 1159 2620 35⁹
1176 2572 1266 2610 riam
1292 2581 1426 2621 autem,
1449 2580 1482 2608 et
1500 2571 1742 2623 triumphum,
1765 2585 1805 2609 ac
1825 2581 1949 2610 caetera
1969 2583 2134 2625 operatus

69 2629 184 2668 πάντα
206 2629 305 2673 αὐτὸς
332 2629 520 2681 εἰργάσατο
534 2633 577 2682 τῇ
594 2630 733 2684 ἀοράτῳ
753 2632 910 2683 δυνάμει.
932 2627 1024 2672 Εἶτα
1039 2633 1097 2672 ἵνα
1123 2632 1149 2661 Α
1174 2643 1226 2672 est
1253 2633 1314 2672 ille
1338 2631 1513 2671 invisibili
1542 2631 1684 2669 virtute.
1709 2632 1846 2670 Deinde
1872 2642 1911 2670 ut
1934 2648 1975 2671 ne
1994 2644 2133 2686 putaret

70 2689 118 2740 μὴ
146 2690 272 2743 νομίσῃ
293 2693 311 2729 ὁ
335 2690 518 2742 βασιλεὺς,
539 2690 592 2729 ὅτι
613 2693 655 2729 δι’
678 2693 870 2745 ὑπεροψίαν
894 2694 955 2731 καὶ
983 2710 1095 2733 κατα-

69 2751 233 2804 φρόνησιν
258 2752 497 2806 οὐιπροσίεται
522 2753 567 2792 τὰ
581 2754 666 2805 παρ’
691 2755 796 2792 αὐτοῦ
827 2755 1012 2806 διδόμενα,
1028 2758 1096 2796 δει-

69 2812 148 2857 κνὺς
166 2815 268 2852 αὐτοῦ
298 2813 357 2852 καὶ
375 2815 410 2852 ἒν
432 2813 543 2867 τούτῳ
572 2815 611 2854 τὸ
627 2815 772 2866 ἥμερον,
792 2816 852 2854 καὶ
871 2821 934 2864 τῆς
952 2819 1096 2870 γνώμης

68 2875 108 2913 τὸ
124 2875 322 2927 φιλόσοφον,
348 2875 470 2928 <pm-iv·
504 2877 542 2914 οὐ
572 2877 752 2929 λήψομαι,
773 2878 874 2925 Πλὴν
895 2874 940 2917 ῶν
969 2880 1034 2933 ἔφα
1044 2897 1096 2932 (ον

69 2941 100 2975 οἱ
119 2937 314 2984 νεανίσκοι,
335 2937 394 2975 καὶ
412 2940 474 2984 τῆς
483 2938 620 2991 μερίδος
641 2943 710 2978 τῶν
729 2941 864 2993 ἀιδρῶν
895 2945 966 2980 τῶν
999 2960 1096 2995 συμ-

68 2997 303 3050 πορευθέντων
329 2999 405 3048 μετ’
434 2999 539 3048 ἐμοῦ,
562 2999 708 3052 Ἐσχὼλ
722 3031 732 3048 ,
755 3003 885 3051 Ata-ma,
909 3004 1070 3057 Μαμὸρῆ
1089 3021 1096 3029 ·

68 3053 162 3098 οὗτοι
189 3059 360 3113 λήψονται
389 3060 526 3112 μερίδα,
547 3060 713 3111 Τούτοις,
732 3063 840 3115 φησὶ,
879 3067 1099 3119 συγχωρήσω

1173 2709 1253 2740 rex,
1277 2694 1395 2746 ipsum
1422 2707 1466 2730 ex
1487 2692 1652 2744 superbia
1674 2702 1707 2730 et
1727 2702 1905 2731 contemtu
1926 2709 2006 2744 quae
2026 2696 2071 2733 ab
2093 2710 2133 2734 eo

1173 2756 1351 2794 dabantur
1365 2768 1433 2791 non
1450 2753 1622 2805 accipere,
1639 2753 1823 2792 declarans
1845 2769 1946 2792 suam
1966 2765 1999 2793 et
2016 2756 2050 2794 in
2069 2757 2134 2795 hoc

1172 2816 1444 2864 humanitatem,
1459 2824 1490 2852 et
1507 2814 1793 2867 philosophicam
1810 2825 1975 2864 mentem,
1992 2816 2104 2868 inquit
2126 2835 2132 2854 ε

1171 2880 1233 2918 Q.
1250 2879 1328 2916 Non
1343 2876 1528 2929 accipiam,
1541 2878 1709 2927 eoeceptis
1724 2878 1771 2914 iis
1786 2890 1871 2928 quse
1886 2879 2135 2931 comederunt

1163 2943 1341 2994 juvenes,
1366 2947 1402 2976 et
1416 2940 1593 2989 portione
1613 2939 1789 2975 viror-um
1810 2940 1877 2989 qui
1897 2952 2045 2976 mecum
2067 2955 2133 2978 ve-

1173 3009 1326 3047 nerant,
1357 2999 1517 3045 Esclml,
1549 2997 1722 3044 Atinati,
1754 3000 1956 3044 ,Mammea
1975 3002 2004 3037 ii
2031 3005 2132 3038 acci-

1170 3071 1277 3121 pient
1295 3068 1523 3119 portionem.
1551 3063 1637 3114 Hos,
1659 3063 1790 3116 inquit,
1812 3065 2018 3118 permittant
2040 3068 2133 3105 aeci—

113 3201 126 3216 ·
152 3200 350 3237 Σφαιρωτῆρα
366 3198 484 3228 εἰώθασι
507 3197 601 3236 λέγειν
616 3201 651 3230 τὸ
667 3201 759 3242 ἄκρον
775 3204 828 3232 τοῦ
843 3200 1034 3242 ὑποδήματος
1049 3207 1084 3235 τὸ
1119 3208 1278 3243 terpretes
1296 3209 1478 3245 σρμγςωτῆρχ
1494 3198 1624 3241 legitur,
1643 3210 1742 3242 quam
1767 3210 1882 3232 rocem
1909 3199 2129 3242 interpretan-

69 3248 108 3280 εὶ,-
121 3246 170 3282 ὀξὺ
187 3247 285 3285 λῆγον,
296 3242 536 3290 Sphoerolerem
549 3245 659 3278 solent
676 3259 799 3280 vocare
813 3250 944 3292 apicem
961 3251 1082 3294 calcei,
1120 3259 1172 3284 tur
1217 3255 1402 3296 corrigiam.
1436 3251 1508 3283 Vox
1538 3248 1702 3284 Hebraica
1736 3260 1799 3284 est⁴
1818 3258 1926 3304 ΤΠΨ
1941 3279 1947 3292 ,
1975 3255 2130 3296 corrigia.

69 3295 129 3337 ‘1¹¹5
152 3295 187 3326 in
216 3306 356 3326 “cume‘'
382 3295 515 3329 (Ῑθ-*ῖηῐῑ-
535 3307 714 3343 Σφαῑρωτήρ
740 3300 834 3343 globi
848 3301 1001 3344 firmam
1024 3316 1085 3347 po-
1118 3307 1242 3339 Omnes
1260 3306 1349 3339 Editi
1375 3314 1407 3337 et
1434 3306 1510 3337 Mss.
1529 3304 1760 3350 Clirysostoini
1781 3316 1976 3353 σςαιρωτῆγια
1995 3307 2130 3340 habi-nt.

71 3348 134 3378 tius
150 3348 366 3389 exprimeret,
386 3359 485 3391 quam
504 3362 655 3382 acmnen.
674 3351 794 3385 Verum
812 3353 900 3396 apud
919 3356 1009 3388 Lxx
1028 3357 1085 3390 In-
