2516 3791
685 171 724 199 ix
764 170 862 199 cxi».
903 168 1011 198 xxu.
1052 164 1214 195 (naxus,
1255 162 1411 192 uouit„
1454 161 1591 191 xm‘u.
2071 148 2151 192 :331

111 261 211 315 χεῖρά
235 273 296 298 σου
323 258 381 296 ἐπὶ
407 258 447 296 τὸ
476 254 670 306 παιδάριον.
701 255 756 291 Οὐ
775 254 814 291 τὸ
846 252 943 305 ἔργον
976 250 1133 303 γενέσθαι

112 320 316 374 βουλόμενος
330 322 430 358 τοῦτο
447 315 613 362 ἐπέταξα,
635 314 710 354 οὐδὲ
738 317 914 367 σφαγῆναι
942 312 1050 352 θέλων
1077 310 1134 348 τὸν

110 384 219 421 παῖδα
232 381 290 420 τὸν
308 381 380 428 σὸν,
396 378 486 417 ἀλλὰ
504 377 567 424 τὴν
584 375 742 423 ὑπακοὴν
756 375 819 422 τὴν
848 373 912 422 σὴν
934 375 1045 412 ἅπασι
1073 387 1136 410 κα-

109 442 256 488 τάδηλον
289 441 446 486 ποιῆσαι.
480 436 541 485 Μὴ
569 434 682 475 τοίνυν
714 434 864 486 ποιήσῃς
893 435 987 486 αὐτῷ
1009 432 1136 484 μηδέν·

111 505 284 556 ἀρκοῦμαι
299 500 368 554 γὰρ
386 502 429 552 τῇ
447 498 570 552 γνώμῃ
591 501 634 549 τῇ
651 500 694 549 σῇ
707 528 716 543 ,
732 497 791 535 καὶ
812 498 963 534 ἐντεῦθεν
979 497 1136 546 στεφανῶ

109 562 168 600 καὶ
191 561 420 615 ἀνακηρύττω
447 576 497 599 σε.
526 561 597 598 ’Νῦν
616 557 684 611 γὰρ
704 557 810 609 ἔγνων
831 556 883 594 ὅτι
905 555 994 608 φοὸῇ
1017 554 1058 594 σὺ
1079 553 1137 592 τὸν

108 622 212 661 Θεόν.
227 621 324 674 εὈρειι
342 621 466 666 λέξεως
480 619 753 673 συγκατάὸασιν.
773 617 821 656 Τί
835 612 912 664 οῦν,
931 617 999 669 πρὸ
1016 615 1137 654 τούτου

109 684 226 736 ἠγνόει
254 688 313 723 τοῦ
341 683 474 722 δικαίου
495 681 557 728 τὴν
581 679 728 733 ἀρετὴν,
748 679 808 717 καὶ
833 683 890 717 νῦν
911 678 1000 729 ἔγνω
1023 679 1041 714 6
1069 679 1137 714 τῶν

109 745 198 784 ὅλων
215 745 413 791 Δεσπότης
434 746 488 783 Οὐ
506 741 607 781 τοῦτό
623 757 726 794 φησιν
738 771 748 788 ,
768 739 822 779 ὅτι
838 739 938 782 αὐτὸς
955 743 1013 776 νῦν
1033 739 1135 790 ἔγνω.

110 807 214 845 Ἀλλὰ
232 806 268 844 τί
277 823 286 853 ;
310 808 401 852 Νῦν,
422 804 538 857 φησὶν,
560 803 690 842 ἅπασιν
713 800 921 854 ἐγνώρισας,
943 800 1037 844 ὅπως
1057 802 1138 838 εἷλι-
1168 799 1191 828 Ῑ)

109 869 209 919 κρινῆ
239 867 298 905 τὸν
334 865 439 918 φόὸον
470 864 562 917 ἔχεις
594 864 653 902 τὸν
690 863 775 915 πρὸς
802 862 859 901 τὸν
897 861 999 901 Θεόν.
1043 861 1139 915 Ἐγὼ

110 927 172 979 μὲν
194 927 262 981 γὰρ
291 927 385 979 ᾔδειν
406 926 465 964 τὸν
486 924 568 977 ἐμὸν
596 924 794 986 θεράποντα
815 939 822 947 ·
849 923 894 962 τὰ
919 922 954 962 δὲ
987 927 1043 961 νῦν
1073 940 1141 962 πα-

109 988 152 1042 ρὰ
182 993 242 1027 σοῦ
271 987 445 1041 γενόμενα
477 991 549 1030 τοῖς
579 1001 616 1024 τε
657 988 718 1023 νῦν
754 988 851 1031 οὖσι,
888 990 964 1028 ταῖς
998 1001 1035 1022 τε
1075 1001 1139 1036 με-

107 1049 152 1090 τὰ
183 1053 292 1088 ταῦτα
325 1055 457 1101 γενεαῖς
490 1046 717 1089 διδασκαλίας
750 1045 912 1089 ὑπόθεσις
943 1046 1138 1098 γενήσεται.

108 1110 324 1165 Ἐγνώρισας
345 1110 419 1163 ’γὰρ
451 1113 509 1148 νῦν
542 1109 672 1147 ἅπασιν
705 1107 799 1150 ὅπως
817 1107 906 1160 φοὲᾔ
935 1107 992 1146 τὸν
1025 1108 1138 1155 Θεὸν,

108 1173 167 1212 καὶ
196 1172 241 1212 τὰ
270 1171 559 1226 προσταττόμενα
590 1172 638 1213 εἷς
664 1169 762 1222 ἔργον
788 1172 930 1221 ἀγαγεῖν
960 1169 1138 1213 σπεύδεις·

108 1234 177 1273 Καὶ
199 1236 260 1272 οὐκ
280 1232 406 1286 ἐφείσω
424 1236 484 1271 τοῦ
512 1233 585 1270 υἱοῦ
605 1247 664 1269 σου
689 1233 749 1269 τοῦ
777 1231 959 1282 ἀγαπητοῦ
988 1231 1031 1268 δι’
1053 1229 1118 1281 ἐμέ
1130 1246 1136 1252 ·

106 1299 165 1333 τοῦ
199 1295 330 1349 σφόδρα
364 1310 417 1333 σοι
451 1292 685 1346 περιποθήτου
716 1291 776 1330 καὶ
804 1291 955 1342 γνησίως
982 1292 1049 1330 ὑπὸ
1078 1295 1138 1330 σοῦ

107 1357 339 1409 ἀγαπωμένου
367 1358 428 1395 οὐκ
448 1355 574 1408 ἐφείσω
600 1355 644 1392 δι’
671 1353 751 1405 ἐμὲ,
775 1353 831 1392 διὰ
858 1353 898 1392 τὸ
925 1354 1136 1408 πρόσταγμα
1165 1359 1187 1388 E

105 1420 144 1458 τὸ
160 1419 260 1471 ἐμὸν,
276 1418 333 1458 διὰ
353 1419 392 1457 τὸ
413 1417 591 1468 ἐπίταγμα
607 1416 646 1454 τὸ
664 1417 748 1468 παρ’
767 1418 852 1467 ἐμοῦ
867 1431 874 1439 ·
896 1416 985 1454 ἀλλὰ
999 1416 1137 1469 προετί-

107 1496 221 1532 μησας
247 1480 288 1518 τὸ
316 1481 398 1533 παρ’
426 1480 510 1530 ἐμοῦ
532 1476 713 1516 κελευσθὲν
743 1481 802 1516 τοῦ
830 1477 953 1522 παιδὸς
977 1481 1038 1516 τοῦ
1064 1482 1136 1517 σοῦ.

106 1541 174 1580 Διὰ
187 1545 287 1580 τοῦτο
303 1541 362 1579 καὶ
378 1541 435 1580 τὸν
452 1540 562 1578 παῖδα
581 1539 684 1592 δέχου
703 1537 762 1576 τὸν
780 1538 850 1577 σόν.
865 1539 934 1577 Διὰ
950 1544 1050 1578 τοῦτο
1070 1540 1138 1593 γάρ

106 1619 160 1642 σοι
180 1602 442 1655 ἐπηγγειλάμην
471 1602 511 1641 τὸ
540 1601 681 1653 σπέρμα
707 1601 746 1640 τὸ
776 1600 834 1639 σὸν
863 1600 1136 1647 ἕκτα-θήσεσθαι·

105 1665 164 1703 καὶ
181 1665 238 1704 τὸν
259 1665 315 1703 ἐπὶ
334 1667 377 1716 τῇ
398 1667 536 1714 ὑπακοῇ
555 1662 721 1715 στέφανον
743 1661 1007 1712 ἀναδησάμενος
1023 1662 1134 1700 ἄπιθι.

108 1725 203 1778 Ἐγὼ
233 1725 302 1779 γὰρ
331 1725 393 1773 τὴν
419 1725 621 1778 προαίρεσιν
648 1718 724 1762 οἶδα
753 1728 962 1776 στεφανοῦν,
990 1724 1050 1762 καὶ
1071 1725 1141 1763 ἀπὸ

108 1791 170 1834 τ’ἧς
185 1786 327 1840 γνώμης
350 1787 394 1825 τὰ
416 1786 565 1839 βραδεῖα
588 1785 768 1838 παρέχειν.
790 1787 852 1829 Εἷς
872 1785 970 1838 ἔργον
991 1785 1059 1838 γὰρ
1078 1789 1139 1824 ἐκ-

110 1849 214 1895 ὅῆναι
230 1848 400 1902 προσήκει
421 1847 465 1885 τὰ
488 1847 587 1899 παρὰ
612 1850 672 1886 σοῦ
703 1846 851 1899 ῥηθέντα
874 1847 1020 1891 καὶτοῖς
1040 1846 1141 1886 παισὶ

109 1915 179 1953 τοῖς
198 1916 269 1953 σοῖς
290 1908 350 1947 καὶ
369 1911 419 1962 τῷ
438 1908 563 1947 Ἰσαάκ
576 1924 584 1931 ·
607 1907 747 1951 ἐκείνοις
766 1907 834 1960 γὰρ
850 1907 1068 1960 ἐπηγγείλω,
1087 1907 1141 1947 ὅτι

112 1969 421 2022 Προσκυνήσαντες
438 1970 701 2022 ἀναστρέψομεν
717 1985 724 1992 ·
742 1968 802 2007 καὶ
816 1973 916 2007 τοῦτο
935 1969 1002 2016 ἤδη
1021 1969 1138 2008 ἔσται·

111 2032 170 2070 καὶ
186 2035 235 2085 τῷ
255 2032 354 2071 παιδὶ
373 2031 555 2085 πυθομένῳ
567 2061 576 2078 ,
596 2032 672 2069 Ποῦ
698 2033 771 2070 ἐστι
789 2031 829 2069 τὸ
844 2030 1020 2083 πρόὲατον
1036 2031 1075 2069 τὸ
1095 2033 1142 2075 εἷς

110 2093 368 2146 ὁλοκοὶρπωσινς
400 2092 445 2132 Ὁ
476 2093 566 2136 Θεὸς
593 2092 716 2144 ὄψεται
745 2094 859 2145 ἑαυτῷ
890 2091 1066 2143 πρόὸατον
1094 2095 1142 2136 εἷς

111 2154 373 2207 ὁλοκοίρπωσιν,
393 2147 503 2197 εἶπας.
520 2152 608 2191 Ἰδοὺ
631 2146 688 2191 οῧν
705 2153 903 2205 ἀναὸλέψας
921 2157 994 2196 τοῖς
1015 2155 1141 2204 ὀφθαλ·
1158 2175 1164 2179 ·

1157 2186 1205 2212 478

1211 247 1309 284 lecto
1325 253 1483 298 propter
1498 258 1570 283 me.
1590 245 1650 282 Ne
1667 246 1836 296 injicias,
1860 243 1990 294 inquit,
2006 258 2163 283 manum

1211 316 1318 345 tuam
1352 309 1393 345 in
1417 319 1592 359 puerum.
1622 305 1702 343 Non
1732 304 1800 342 hoc
1822 305 1973 357 praecepi
2006 313 2044 342 ut
2075 320 2164 357 opus

1211 367 1440 421 perficiatur,
1459 381 1570 418 neque
1589 366 1724 406 volout
1745 365 1930 404 occidatur
1949 366 2046 403 silius
2059 375 2163 403 tuus:

1211 430 1273 468 sed
1287 439 1325 468 ut
1344 430 1545 469 obedientia
1560 438 1619 467 tua
1639 428 1822 467 manifesta
1837 428 1884 466 sit
1899 427 2077 466 omnibus.
2094 428 2166 477 lgi-

1212 500 1270 528 tur
1292 505 1335 528 ne
1357 491 1480 529 seceris
1500 491 1530 528 ei
1555 490 1764 541 quidquam.
1792 490 1985 528 Contentus
2004 503 2083 527 sum
2105 504 2168 527 vo-

1213 552 1348 589 luntate
1382 561 1459 599 tua,
1496 560 1529 588 ct
1557 565 1601 589 ex
1635 551 1701 588 liae
1732 560 1764 588 tc
1792 565 1922 589 corono
1941 560 1975 588 et
1997 550 2166 603 praedim.

1214 613 1316 650 Nunc
1336 612 1430 649 enim
1457 612 1607 661 cognovi
1629 611 1712 662 quia
1735 611 1836 648 times
1861 613 1975 649 Deum
2002 620 2051 649 ιιι.
2075 610 2169 650 Vide

1214 671 1394 722 quomodo
1429 672 1613 709 humiliter
1646 686 1682 708 se
1712 681 1838 709 nostra·
1869 672 2070 711 infirmitati
2100 673 2169 710 lioc

1214 733 1325 770 vei-ho
1339 741 1560 785 attemperat.
1575 731 1671 779 Quid
1694 731 1827 783 igitur?
1843 732 2072 783 ignorabatue
2090 743 2170 772 ante

1216 793 1283 831 hoc
1308 793 1397 845 justi
1421 793 1613 839 virtutem,
1637 801 1670 829 et
1693 806 1787 829 nunc
1816 794 1981 842 coguovit
2009 794 2170 832 munium

1216 854 1413 892 Dominus?
1428 855 1505 892 Non
1520 854 1601 900 lioe,
1616 852 1746 904 inquit,
1761 852 1952 903 siguificat,
1967 855 2062 904 quod
2079 870 2171 893 nunc

1215 916 1290 969 ipse
1315 916 1533 969 cognoverit.
1554 915 1627 954 Sed
1655 914 1745 966 quid
1768 914 1887 953 dicere
1911 915 2018 953 vult?
2040 917 2143 954 Nunc
2160 948 2168 963 ‚

1215 977 1347 1028 iuquit,
1365 977 1532 1015 omnihus
1546 976 1754 1025 declarasti,
1772 975 1953 1027 quemodo
1972 977 2108 1015 sincero
2127 978 2171 1015 ti-

1215 1053 1313 1077 more
1337 1041 1454 1077 Deum
1477 1039 1584 1077 colas.
1610 1040 1701 1077 Nam
1717 1051 1782 1090 ego
1808 1051 1976 1075 noveram
1997 1039 2173 1077 famulum

1214 1114 1335 1138 meum
1353 1116 1360 1136 :
1379 1114 1456 1151 quae
1471 1109 1591 1138 autem
1604 1113 1698 1138 nunc
1711 1108 1777 1137 ate
1797 1099 1888 1137 sacta
1904 1108 1986 1137 sunt
2001 1099 2172 1137 doctrina·

1214 1161 1361 1199 materia
1381 1170 1463 1199 sunt
1482 1170 1552 1199 tam
1566 1160 1800 1214 praesentibus
1817 1174 1925 1211 quam
1941 1160 2083 1197 suturis.
2100 1161 2171 1198 No-

1213 1231 1291 1260 tum
1309 1222 1405 1261 enim
1423 1222 1538 1261 fecisti
1551 1236 1646 1260 nunc
1664 1221 1830 1260 omnibus
1845 1230 1878 1259 te
1895 1220 2018 1259 timere
2035 1222 2171 1266 Deum,

1213 1292 1247 1321 et
1270 1297 1396 1322 curare
1419 1292 1459 1321 ut
1479 1283 1648 1321 mandata
1671 1283 1747 1335 ejus
1779 1296 1884 1334 opere
1912 1282 2062 1334 impleas
2086 1298 2093 1318 :
2118 1283 2171 1321 Et

1215 1357 1293 1382 non
1321 1347 1524 1397 pepercisti
1536 1345 1631 1398 filio
1652 1353 1717 1382 tuo
1741 1345 1882 1382 dilecto
1899 1353 2057 1396 propter
2077 1359 2137 1382 me
2161 1360 2170 1380 .-

1213 1405 1268 1443 illi
1300 1405 1362 1457 qui
1389 1415 1460 1444 tam
1489 1404 1641 1444 dilectus
1668 1414 1738 1453 est,
1771 1419 1876 1456 quem
1909 1414 1981 1443 tam
2008 1405 2174 1443 ardenter

1213 1481 1330 1515 amas,
1352 1481 1422 1505 non
1439 1466 1629 1520 pepercisti
1654 1475 1799 1519 propter
1816 1480 1890 1515 me,
1913 1476 2058 1520 propter
2073 1481 2173 1504 man-

1213 1528 1341 1567 datum
1363 1537 1397 1566 et
1415 1529 1559 1581 jussum
1581 1542 1700 1566 meum
1727 1543 1734 1564 ε
1760 1527 1822 1565 sed
1843 1527 2033 1580 praetulisti
2073 1541 2172 1565 man-

1214 1590 1339 1629 datum
1358 1605 1478 1629 meum
1499 1590 1576 1628 filio
1604 1599 1677 1628 tuo.
1702 1589 1858 1628 Proinde
1877 1599 1911 1628 et
1934 1589 2051 1628 filium
2071 1599 2173 1627 tuum

1215 1651 1346 1704 accipe.
1370 1653 1520 1704 Propter
1538 1651 1605 1689 hoc
1622 1651 1717 1689 enim
1741 1650 1922 1703 pollicitus
1941 1665 2022 1688 sum
2040 1652 2114 1689 fore
2135 1661 2173 1689 ut

1215 1726 1333 1750 semen
1356 1721 1459 1750 tuum
1480 1711 1734 1750 extenderetur
1753 1727 1761 1748 :
1781 1712 1970 1750 redimitus
1985 1727 2068 1765 ergo
2088 1713 2172 1750 olie-

1216 1774 1360 1812 dientiae
1379 1783 1448 1812 tuae
1470 1788 1617 1823 corona,
1635 1774 1705 1811 abi.
1727 1773 1805 1826 Ego
1830 1774 1926 1812 enim
1951 1775 2173 1813 voluntatem

1217 1849 1385 1874 coronare
1399 1835 1513 1885 soleo,
1538 1844 1571 1873 et
1591 1843 1736 1887 propter
1754 1844 1908 1872 mentem
1926 1835 2073 1888 praemia
2101 1836 2172 1874 lar-

1217 1897 1298 1949 giri.
1325 1898 1442 1949 Opere
1475 1896 1571 1934 enim
1602 1896 1745 1949 impleri
1772 1911 1837 1950 par
1860 1906 1913 1936 est
1933 1912 1972 1935 ea
1993 1912 2072 1949 quae
2096 1913 2115 1936 a
2141 1907 2174 1937 te

1217 1958 1314 1997 dicta
1330 1967 1411 1996 sunt
1431 1966 1464 1996 et
1477 1957 1590 1996 servis
1610 1957 1681 1995 tuis
1695 1967 1728 1996 et
1744 1959 1843 1996 Isaac
1863 1974 1870 1994 :
1891 1958 1962 1996 illis
1977 1959 2071 1997 enim
2093 1974 2173 2012 pro-

1218 2019 1365 2068 misisti,
1388 2020 1485 2057 Cum
1504 2019 1814 2066 adoraverimus,
1833 2021 2042 2059 redibimus
2065 2036 2075 2056 .·
2095 2035 2175 2059 ecee

1218 2081 1285 2118 hoc
1298 2094 1392 2118 nunc
1407 2079 1488 2129 erit,
1506 2088 1540 2117 et
1555 2093 1666 2131 puero
1686 2089 1845 2131 rogante,
1869 2083 1944 2118 Ubi
1958 2084 2040 2119 ovis
2054 2090 2110 2120 est
2123 2083 2177 2119 ad

1218 2142 1515 2179 holocaustum?
1530 2142 1638 2179 Deus
1658 2142 1807 2179 videbit
1827 2144 2052 2194 sibimetipsi
2068 2156 2176 2181 ovem

112 2221 188 2266 μοῖς
211 2231 271 2254 σου
283 2215 349 2269 ὅρα
369 2215 408 2253 τὸ
427 2214 624 2268 προρῥηθὲν
644 2213 741 2267 παρὰ
770 2218 830 2252 σοῦ
846 2213 1039 2267 πρόςατον,
1057 2213 1141 2267 ὅπερ
1170 2229 1195 2252 Α
1219 2204 1273 2240 ad
1287 2203 1555 2240 holocaustum
1565 2231 1576 2249 ,
1595 2201 1736 2239 dixisti.
1756 2202 1848 2240 Ecce
1861 2217 1946 2240 cum
1958 2204 2176 2256 περῶσι-ιε,

110 2277 187 2315 ἀντὶ
220 2280 280 2315 τοῦ
304 2277 427 2320 παιδὸς
459 2275 730 2329 ὃλοκαρπώσεις.
759 2275 974 2328 Ἀναὸλέψας
1003 2275 1039 2313 ῗὲ
1073 2282 1143 2319 τοῖς

112 2339 300 2390 ὀφθαλμοῖς
330 2332 415 2381 εἶῖε,
444 2337 503 2375 καὶ
523 2337 596 2375 ἰδοὺ
623 2337 718 2388 κριὸς
747 2330 794 2381 εἷς
820 2330 1056 2389 κατεχόμενος
1074 2340 1142 2375 τῶν

112 2399 267 2452 κεράτων
292 2400 326 2437 ἐν
347 2402 442 2452 φυτῷ
461 2399 592 2438 §.tagi-a.
616 2399 687 2438 Καὶ
707 2398 874 2450 ἐπορεύθη
895 2398 1069 2452 Ἀδραὰμ,
1084 2398 1145 2437 καὶ

114 2460 217 2499 ἔλαὸε
234 2461 292 2499 τὸν
317 2461 432 2514 κριὸν,
453 2461 513 2499 καὶ
533 2461 718 2513 ἀνήνεγκεν
749 2460 849 2499 αὐτὸν
879 2462 925 2504 εἰς
942 2461 1146 2513 ὁλοκοίρπω-

115 2538 169 2560 σιν
190 2522 266 2560 ἀντὶ
285 2522 411 2562 Ἰσαὰκ
429 2527 489 2561 τοῦ
508 2524 582 2561 υἱοῦ
609 2525 724 2560 αὐτοῦ.
745 2515 848 2560 Εἷόόν
865 2538 939 2569 σου,
957 2522 1059 2574 φησὶ,
1084 2525 1146 2570 τῆς

115 2584 257 2636 γνώμης
282 2584 321 2623 τὸ
347 2583 522 2637 φιλόθεον,
546 2583 619 2623 ἰδοὺ
649 2583 736 2638 ὅπερ
762 2582 950 2636 προλαὸὼν
977 2577 1071 2628 εἶπες
1096 2586 1146 2637 τῷ

116 2645 234 2694 παιδὶ,
252 2645 352 2684 τοῦτο’
383 2661 438 2684 σοι
462 2644 719 2698 παρεσκεύασα.
739 2645 810 2683 Καὶ
837 2644 962 2692 ἔλαὸε,
983 2644 1042 2683 καὶ
1064 2645 1147 2693 ἀνή-

117 2723 235 2758 νεγκεν
258 2709 304 2751 εἷς
331 2706 572 2759 ὃλοκοὶρπωσιν
602 2707 678 2744 ἀντὶ
700 2705 825 2745 Ἰσαὰκ
848 2711 908 2745 τοῦ
930 2709 1004 2746 υἱοῦ
1030 2709 1147 2745 αὐτοῦ.

120 2761 220 2811 Εἶδες
237 2769 330 2806 Θεοῦ
349 2768 632 2822 φιλανθρωπίαν,
650 2769 720 2807 Καὶ
750 2771 772 2816 ἡ
803 2767 905 2807 θυσία
937 2768 1152 2822 ἀπηρτίσθη,

120 2828 180 2866 καὶ
198 2832 216 2867 6
238 2828 459 2883 πατριάρχης
477 2830 518 2868 τὸ
537 2829 691 2882 φιλόθεον
706 2832 809 2869 αὐτοῦ
828 2833 891 2876 τῆς
907 2829 1048 2883 γνώμης
1067 2832 1151 2869 ἐπε-

121 2890 273 2938 δείξατο,
295 2891 355 2928 καὶ
377 2891 446 2930 ἀπὸ
463 2895 527 2938 τῆς
545 2892 780 2945 προαιρέσεως
804 2893 862 2931 τὸν
889 2892 1055 2946 στέφανον
1076 2895 1149 2932 ἐκο-

123 2953 262 3004 μίσατο,
282 2953 341 2991 καὶ
356 2954 414 2992 τὸν
436 2953 560 2992 Ἰσαὰκ
587 2954 706 2993 λαὸὼν
733 2954 890 2994 ἐπάνεισι
908 2955 996 3006 μετὰ
1019 2955 1149 3008 μυρίων
1176 2969 1198 2998 Β

122 3014 312 3066 στεφάνων.
341 3015 466 3053 Ταῦτα
493 3014 530 3053 δὲ
549 3014 663 3053 πάντα
682 3014 787 3059 τύπος
807 3015 936 3067 ἐγίνετο
953 3020 1013 3054 τοῦ
1041 3032 1150 3054 σταυ-

125 3079 195 3128 ροῦ.
226 3075 295 3114 Δια
315 3079 414 3114 τοῦτο
435 3076 495 3114 καὶ
510 3078 528 3113 6
549 3076 700 3129 Χριστὸς
718 3082 789 3120 τοῖς
816 3076 995 3121 Ἰουδαίοις
1017 3077 1152 3129 ἔλεγεν·

123 3135 284 3188 Ἀὅραὰμ
308 3139 326 3174 6
354 3135 471 3188 πατὴρ
503 3139 600 3187 ὑμῶν
633 3137 893 3188 ἠγαλλιάσατο,
922 3137 978 3176 ἵνα
1005 3138 1062 3190 ἴδῃ
1087 3138 1151 3186 τὴν

125 3195 258 3250 ’ἡμέραν
277 3196 340 3244 τὴν
361 3197 447 3248 ἐμήν
460 3212 468 3220 ·
489 3197 550 3236 καὶ
570 3191 655 3244 εἶδε,
675 3197 735 3235 καὶ
762 3198 887 3251 ἐχάρη.
908 3199 992 3243 Πῶς
1020 3193 1108 3238 εἶδεν
1134 3202 1152 3238 6

125 3258 193 3310 πρὸ
215 3257 385 3296 τοσούτων
412 3259 639 3310 γεγενημένος
658 3275 683 3311 χ
687 3258 813 3311 ρόνων,
841 3258 910 3297 Διὰ
939 3263 999 3311 τοῦ
1021 3260 1152 3307 τύπου,

126 3317 184 3355 διὰ
211 3322 273 3365 τῆς
300 3325 412 3363 σκιᾶς.
443 3320 613 3372 Καθάπερ
641 3319 709 3372 γὰρ
737 3322 884 3358 ἐνταῦθα
913 3319 953 3358 τὸ
978 3321 1152 3373 πρόὸατον

128 3380 346 3432 προσηνέχθη
368 3380 443 3418 ἀντὶ
457 3383 517 3418 τοῦ
538 3381 681 3428 Ἰσαὰκ,
712 3380 817 3424 ου’-,ως
845 3383 862 3419 ὁ
895 3383 1031 3432 λογικὸς
1047 3384 1154 3433 ἀμνὸς

1219 2263 1350 2315 inquit,
1369 2263 1499 2313 oculis,
1515 2262 1600 2302 vide
1618 2263 1831 2316 praedictam
1845 2279 1865 2303 a
1881 2273 1915 2302 te
1930 2279 2052 2315 ovem,
2070 2281 2179 2317 quam

1217 2325 1354 2364 scilicet
1381 2338 1446 2377 pro
1464 2338 1576 2377 puero
1596 2325 1829 2364 sacrificabis.
1857 2327 1918 2364 15.
1941 2328 1992 2365 Ut
2011 2331 2176 2379 respeoeit

1218 2395 1349 2424 autem
1377 2386 1498 2424 oculis
1534 2387 1658 2425 vidit.-
1679 2395 1715 2424 et
1737 2401 1823 2425 ecce
1847 2391 1949 2426 aries
1969 2402 2067 2427 unus
2083 2390 2178 2426 deti-

1220 2449 1387 2486 nebatur
1419 2448 1600 2485 cornibus
1620 2449 1663 2483 in
1684 2449 1843 2485 arbusto
1871 2448 2005 2486 Sabec.
2029 2450 2082 2486 Et
2109 2451 2177 2486 ivit

1220 2508 1446 2555 Abraham,
1464 2516 1501 2546 et
1513 2510 1659 2559 accepit
1673 2511 1846 2556 arietem,
1863 2517 1899 2546 et
1914 2510 2051 2547 obtulit
2066 2510 2178 2547 illum

1221 2574 1262 2609 in
1281 2571 1551 2608 holocaustum
1563 2583 1634 2621 pro
1653 2572 1770 2607 Isaac
1774 2571 1868 2623 filio
1886 2584 1969 2608 suo.
1989 2570 2077 2610 Vidi
2095 2571 2179 2609 reli-

1221 2632 1358 2684 giosam
1372 2641 1470 2669 tuam
1482 2639 1653 2679 mentem,
1668 2631 1801 2682 inquit,
1815 2645 1895 2669 ecce
1911 2631 1949 2669 id
1966 2632 2064 2682 quod
2078 2633 2179 2685 prius

1222 2693 1350 2732 dixisti
1369 2706 1500 2745 puero,
1519 2691 1587 2729 hoc
1609 2691 1676 2729 tibi
1696 2693 1911 2744 pra‘paravi.
1932 2694 1985 2730 Et
2005 2697 2175 2745 accepit,

1223 2755 1359 2806 inquit,
1385 2763 1422 2791 et
1446 2753 1585 2790 obtulit
1615 2756 1656 2790 in
1685 2753 1954 2791 holocaustum
1974 2768 2045 2806 pro
2063 2757 2180 2793 Isaac

1212 2817 1308 2870 filio
1321 2829 1403 2855 suo.
1418 2815 1555 2854 Vidisti
1571 2813 1637 2852 Dei
1651 2814 1894 2852 elementiam'.J
1903 2815 1949 2853 Et
1962 2815 2181 2854 sacrificium

1223 2885 1508 2916 consummatum
1521 2885 1586 2923 est,
1603 2885 1636 2913 et
1647 2875 1850 2928 patriarcha
1865 2876 2068 2928 religiosam
2079 2879 2181 2915 s'uam

1223 2949 1377 2978 mentem
1396 2937 1614 2987 declaravit,
1636 2947 1669 2975 et
1688 2952 1707 2975 a
1729 2937 1912 2977 voluntate
1934 2953 2102 2978 coronam
2124 2953 2180 2977 re-

1224 3000 1382 3054 portavit
1408 3017 1415 3036 :
1437 3009 1469 3037 et
1490 3000 1586 3037 isaac
1601 3008 1765 3052 accepto,
1786 2999 1893 3039 rediit
1914 3015 1995 3039 eum
2017 3002 2179 3040 innume-

1225 3062 1275 3101 ris
1301 3062 1452 3101 coronis.
1488 3061 1571 3098 Haec
1602 3069 1721 3098 autem
1750 3061 1869 3100 omnia
1893 3063 2011 3115 figura
2038 3064 2180 3102 fuerunt

2265 3078 2383 3106 Suri-ti·

1226 3124 1353 3163 erucis.
1375 3126 1564 3176 Propterea
1590 3131 1623 3159 et
1647 3122 1811 3162 Christus
1835 3124 1972 3163 Judaeis
1998 3125 2140 3163 djcebat
2168 3121 2269 3162 :cium
2295 3120 2324 3145 Ἠ
2341 3130 2383 3144 “““’

1226 3186 1435 3224 Abraham
1447 3192 1561 3236 pater
1577 3192 1705 3222 vester
1715 3186 1943 3232 exsultavit,
1970 3195 2010 3225 ut
2031 3188 2179 3225 ‘videret
2194 3162 2252 3228 izin«
2265 3203 2284 3226 ι.-

2295 3161 2383 3193 [stura

1228 3248 1328 3285 diem
1343 3260 1486 3290 meum,-
1502 3254 1536 3283 et
1554 3247 1670 3294 -vzdit,
1687 3255 1721 3285 et
1735 3250 1891 3299 gavisus
1904 3257 1973 3286 est.
1990 3248 2180 3294 Quomodo
2194 3243 2270 3270 ΛΜ
2294 3242 2310 3267 ⁸
2330 3240 2384 3267 3⁹³·

1231 3313 1347 3362 vidit,
1367 3313 1428 3364 qui
1444 3321 1494 3351 tot
1510 3312 1612 3351 annis
1627 3313 1825 3365 praecessit?
1843 3315 1910 3352 Per
1928 3314 2100 3365 figuram,
2120 3330 2181 3367 per

1231 3381 1406 3420 umbram.
1440 3380 1541 3417 Sicut
1569 3378 1663 3417 enim
1696 3379 1754 3417 hic
1782 3380 1860 3417 ovis
1890 3380 2006 3417 oblata
2031 3391 2079 3417 est
2118 3396 2180 3433 pro
