<?xml version="1.0" encoding="UTF-8"?>
<!DOCTYPE html PUBLIC "-//W3C//DTD XHTML 1.0 Transitional//EN"
    "http://www.w3.org/TR/xhtml1/DTD/xhtml1-transitional.dtd">
<html xmlns="http://www.w3.org/1999/xhtml" xml:lang="en" lang="en">
 <head>
  <title>
</title>
<meta http-equiv="Content-Type" content="text/html;charset=utf-8" />
  <meta name='ocr-system' content='tesseract 3.04.00' />
  <meta name='ocr-capabilities' content='ocr_page ocr_carea ocr_par ocr_line ocrx_word'/>
</head>
<body>
  <div class='ocr_page' id='page_1' title='image "./operaomniaquaeex04johnuoft/operaomniaquaeex04johnuoft_0864.png"; bbox 0 0 2516 3791; ppageno 0'>
   <div class='ocr_carea' id='block_1_1' title="bbox 109 158 1268 1528">
    <p class='ocr_par' dir='ltr' id='par_1_1' title="bbox 320 158 415 218">
     <span class='ocr_line' id='line_1_1' title="bbox 320 158 415 218; baseline -0.011 0"><span class='ocrx_word' id='word_1_1' title='bbox 320 158 415 218; x_wconf 71' lang='lat'>844</span> 
     </span>
    </p>

    <p class='ocr_par' dir='ltr' id='par_1_2' title="bbox 316 256 1268 308">
     <span class='ocr_line' id='line_1_2' title="bbox 316 256 1268 308; baseline 0 -14"><span class='ocrx_word' id='word_1_2' title='bbox 316 265 402 307; x_wconf 84' lang='lat' dir='ltr'>tem,</span> <span class='ocrx_word' id='word_1_3' title='bbox 428 256 458 295; x_wconf 93' lang='lat' dir='ltr'>si</span> <span class='ocrx_word' id='word_1_4' title='bbox 480 266 650 307; x_wconf 86' lang='lat' dir='ltr'>quaerant,</span> <span class='ocrx_word' id='word_1_5' title='bbox 670 257 828 297; x_wconf 84' lang='lat' dir='ltr'>invenire</span> <span class='ocrx_word' id='word_1_6' title='bbox 857 258 976 297; x_wconf 89' lang='lat' dir='ltr'>valent</span> <span class='ocrx_word' id='word_1_7' title='bbox 984 287 995 306; x_wconf 90' lang='lat'>,</span> <span class='ocrx_word' id='word_1_8' title='bbox 1024 256 1122 308; x_wconf 90' lang='lat' dir='ltr'>quod</span> <span class='ocrx_word' id='word_1_9' title='bbox 1148 256 1268 295; x_wconf 88' lang='lat' dir='ltr'>omnia</span> 
     </span>
    </p>

    <p class='ocr_par' dir='ltr' id='par_1_3' title="bbox 315 318 1268 371">
     <span class='ocr_line' id='line_1_3' title="bbox 315 318 1268 371; baseline 0 -16"><span class='ocrx_word' id='word_1_10' title='bbox 315 318 378 356; x_wconf 87' lang='lat' dir='ltr'>illa</span> <span class='ocrx_word' id='word_1_11' title='bbox 404 319 532 370; x_wconf 86' lang='lat' dir='ltr'>quovis</span> <span class='ocrx_word' id='word_1_12' title='bbox 549 329 653 358; x_wconf 83' lang='lat' dir='ltr'>vento</span> <span class='ocrx_word' id='word_1_13' title='bbox 673 320 822 358; x_wconf 90' lang='lat' dir='ltr'>celerius</span> <span class='ocrx_word' id='word_1_14' title='bbox 847 326 1133 371; x_wconf 83' lang='lat' dir='ltr'>praetercurrant.</span> <span class='ocrx_word' id='word_1_15' title='bbox 1157 318 1268 356; x_wconf 89' lang='lat' dir='ltr'>Caete-</span> 
     </span>
    </p>

    <p class='ocr_par' dir='ltr' id='par_1_4' title="bbox 313 378 1265 493">
     <span class='ocr_line' id='line_1_4' title="bbox 315 378 1264 419; baseline -0.001 -2"><span class='ocrx_word' id='word_1_16' title='bbox 315 393 397 417; x_wconf 87' lang='lat' dir='ltr'>rum</span> <span class='ocrx_word' id='word_1_17' title='bbox 421 380 458 418; x_wconf 92' lang='lat' dir='ltr'>in</span> <span class='ocrx_word' id='word_1_18' title='bbox 483 380 612 419; x_wconf 87' lang='lat' dir='ltr'>caelesti</span> <span class='ocrx_word' id='word_1_19' title='bbox 638 381 711 419; x_wconf 85' lang='lat' dir='ltr'>vita</span> <span class='ocrx_word' id='word_1_20' title='bbox 737 381 854 418; x_wconf 87' lang='lat' dir='ltr'>omnia</span> <span class='ocrx_word' id='word_1_21' title='bbox 874 393 973 417; x_wconf 85' lang='lat' dir='ltr'>secus</span> <span class='ocrx_word' id='word_1_22' title='bbox 991 378 1123 416; x_wconf 85' lang='lat' dir='ltr'>habent</span> <span class='ocrx_word' id='word_1_23' title='bbox 1145 394 1153 415; x_wconf 89' lang='lat'>:</span> <span class='ocrx_word' id='word_1_24' title='bbox 1176 378 1264 416; x_wconf 85' lang='lat' dir='ltr'>citra</span> 
     </span>
     <span class='ocr_line' id='line_1_5' title="bbox 313 440 1265 493; baseline 0.001 -16"><span class='ocrx_word' id='word_1_25' title='bbox 313 440 509 493; x_wconf 84' lang='lat' dir='ltr'><strong>impensam</strong></span> <span class='ocrx_word' id='word_1_26' title='bbox 534 442 676 479; x_wconf 88' lang='lat' dir='ltr'>lucrum</span> <span class='ocrx_word' id='word_1_27' title='bbox 701 441 865 479; x_wconf 86' lang='lat' dir='ltr'>adferunt</span> <span class='ocrx_word' id='word_1_28' title='bbox 885 449 918 477; x_wconf 89' lang='lat' dir='ltr'>et</span> <span class='ocrx_word' id='word_1_29' title='bbox 937 440 1120 492; x_wconf 88' lang='lat' dir='ltr'>copiosum</span> <span class='ocrx_word' id='word_1_30' title='bbox 1143 449 1177 478; x_wconf 90' lang='lat' dir='ltr'>et</span> <span class='ocrx_word' id='word_1_31' title='bbox 1194 450 1265 478; x_wconf 88' lang='lat' dir='ltr'>sta-</span> 
     </span>
    </p>

    <p class='ocr_par' dir='ltr' id='par_1_5' title="bbox 164 500 1263 676">
     <span class='ocr_line' id='line_1_6' title="bbox 311 500 1262 553; baseline 0.001 -15"><span class='ocrx_word' id='word_1_32' title='bbox 311 500 395 538; x_wconf 89' lang='lat' dir='ltr'>bile.</span> <span class='ocrx_word' id='word_1_33' title='bbox 407 503 499 539; x_wconf 85' lang='lat' dir='ltr'>Nam</span> <span class='ocrx_word' id='word_1_34' title='bbox 510 502 586 539; x_wconf 88' lang='lat' dir='ltr'>illic</span> <span class='ocrx_word' id='word_1_35' title='bbox 596 516 665 539; x_wconf 91' lang='lat' dir='ltr'>non</span> <span class='ocrx_word' id='word_1_36' title='bbox 680 501 840 539; x_wconf 86' lang='lat' dir='ltr'>homines</span> <span class='ocrx_word' id='word_1_37' title='bbox 853 501 957 550; x_wconf 84' lang='lat' dir='ltr'>ebrii,</span> <span class='ocrx_word' id='word_1_38' title='bbox 971 500 1033 539; x_wconf 90' lang='lat' dir='ltr'>sed</span> <span class='ocrx_word' id='word_1_39' title='bbox 1051 501 1262 553; x_wconf 82' lang='lat' dir='ltr'>angelorum</span> 
     </span>
     <span class='ocr_line' id='line_1_7' title="bbox 312 561 1263 615; baseline 0.003 -17"><span class='ocrx_word' id='word_1_40' title='bbox 312 562 467 614; x_wconf 86' lang='lat' dir='ltr'>populus</span> <span class='ocrx_word' id='word_1_41' title='bbox 481 563 614 615; x_wconf 85' lang='lat' dir='ltr'>jugiter</span> <span class='ocrx_word' id='word_1_42' title='bbox 626 561 812 614; x_wconf 82' lang='lat' dir='ltr'>applaudit</span> <span class='ocrx_word' id='word_1_43' title='bbox 830 577 905 600; x_wconf 81' lang='lat' dir='ltr'>lem</span> <span class='ocrx_word' id='word_1_44' title='bbox 924 563 1070 615; x_wconf 84' lang='lat' dir='ltr'>gerenti.</span> <span class='ocrx_word' id='word_1_45' title='bbox 1087 562 1159 601; x_wconf 89' lang='lat' dir='ltr'>Sed</span> <span class='ocrx_word' id='word_1_46' title='bbox 1174 563 1263 615; x_wconf 87' lang='lat' dir='ltr'>quid</span> 
     </span>
     <span class='ocr_line' id='line_1_8' title="bbox 164 621 1263 676; baseline 0.008 -22"><span class='ocrx_word' id='word_1_47' title='bbox 164 621 406 672; x_wconf 68' lang='lat' dir='ltr'>Felicitasdixi,</span> <span class='ocrx_word' id='word_1_48' title='bbox 427 623 632 673; x_wconf 78' lang='lat' dir='ltr'>angelorum</span> <span class='ocrx_word' id='word_1_49' title='bbox 654 624 834 676; x_wconf 65' lang='lat' dir='ltr'>populus⁹</span> <span class='ocrx_word' id='word_1_50' title='bbox 853 624 934 676; x_wconf 87' lang='lat' dir='ltr'>Ipse</span> <span class='ocrx_word' id='word_1_51' title='bbox 956 624 1165 675; x_wconf 81' lang='lat' dir='ltr'>angelorum</span> <span class='ocrx_word' id='word_1_52' title='bbox 1188 627 1263 663; x_wconf 91' lang='lat' dir='ltr'>Do-</span> 
     </span>
    </p>

    <p class='ocr_par' dir='ltr' id='par_1_6' title="bbox 109 667 300 697">
     <span class='ocr_line' id='line_1_9' title="bbox 109 667 300 697; baseline 0.023 -5"><span class='ocrx_word' id='word_1_53' title='bbox 109 667 174 694; x_wconf 64' lang='lat' dir='ltr'>vitaz</span> <span class='ocrx_word' id='word_1_54' title='bbox 220 670 300 697; x_wconf 64' lang='lat' dir='ltr'>caele-</span> 
     </span>
    </p>

    <p class='ocr_par' dir='ltr' id='par_1_7' title="bbox 109 683 1259 797">
     <span class='ocr_line' id='line_1_10' title="bbox 109 683 1259 737; baseline 0.004 -18"><span class='ocrx_word' id='word_1_55' title='bbox 109 709 171 735; x_wconf 74' lang='lat' dir='ltr'>sus</span> <span class='ocrx_word' id='word_1_56' title='bbox 312 697 429 721; x_wconf 84' lang='lat' dir='ltr'>mmus</span> <span class='ocrx_word' id='word_1_57' title='bbox 442 683 618 732; x_wconf 77' lang='lat' dir='ltr'>laudabit</span> <span class='ocrx_word' id='word_1_58' title='bbox 642 693 676 722; x_wconf 89' lang='lat' dir='ltr'>et</span> <span class='ocrx_word' id='word_1_59' title='bbox 695 685 941 737; x_wconf 80' lang='lat' dir='ltr'><strong>comprobabit</strong></span> <span class='ocrx_word' id='word_1_60' title='bbox 957 685 1071 723; x_wconf 88' lang='lat' dir='ltr'>illum</span> <span class='ocrx_word' id='word_1_61' title='bbox 1087 686 1259 733; x_wconf 64' lang='lat' dir='ltr'>Qun-&lt;210</span> 
     </span>
     <span class='ocr_line' id='line_1_11' title="bbox 308 744 1256 797; baseline 0.005 -16"><span class='ocrx_word' id='word_1_62' title='bbox 308 757 327 780; x_wconf 87' lang='lat' dir='ltr'>a</span> <span class='ocrx_word' id='word_1_63' title='bbox 342 744 416 782; x_wconf 88' lang='lat' dir='ltr'>Deo</span> <span class='ocrx_word' id='word_1_64' title='bbox 430 744 610 795; x_wconf 88' lang='lat' dir='ltr'>laudatur,</span> <span class='ocrx_word' id='word_1_65' title='bbox 628 759 697 783; x_wconf 93' lang='lat' dir='ltr'>non</span> <span class='ocrx_word' id='word_1_66' title='bbox 712 760 781 783; x_wconf 91' lang='lat' dir='ltr'>uno</span> <span class='ocrx_word' id='word_1_67' title='bbox 795 746 953 785; x_wconf 85' lang='lat' dir='ltr'>alterove</span> <span class='ocrx_word' id='word_1_68' title='bbox 965 746 1038 797; x_wconf 83' lang='lat' dir='ltr'>die,</span> <span class='ocrx_word' id='word_1_69' title='bbox 1056 756 1118 785; x_wconf 92' lang='lat' dir='ltr'>aut</span> <span class='ocrx_word' id='word_1_70' title='bbox 1134 748 1256 797; x_wconf 87' lang='lat' dir='ltr'>tertio,</span> 
     </span>
    </p>

    <p class='ocr_par' dir='ltr' id='par_1_8' title="bbox 304 803 1255 858">
     <span class='ocr_line' id='line_1_12' title="bbox 304 803 1255 858; baseline 0.005 -17"><span class='ocrx_word' id='word_1_71' title='bbox 304 803 415 841; x_wconf 87' lang='lat' dir='ltr'>sedin</span> <span class='ocrx_word' id='word_1_72' title='bbox 430 814 600 844; x_wconf 85' lang='lat' dir='ltr'>aeternum</span> <span class='ocrx_word' id='word_1_73' title='bbox 611 806 811 858; x_wconf 85' lang='lat' dir='ltr'><strong>triumphat</strong></span> <span class='ocrx_word' id='word_1_74' title='bbox 825 806 901 845; x_wconf 87' lang='lat' dir='ltr'>illic</span> <span class='ocrx_word' id='word_1_75' title='bbox 916 816 1055 858; x_wconf 83' lang='lat' dir='ltr'>gestans</span> <span class='ocrx_word' id='word_1_76' title='bbox 1071 822 1255 857; x_wconf 89' lang='lat' dir='ltr'>coronam,</span> 
     </span>
    </p>

    <p class='ocr_par' dir='ltr' id='par_1_9' title="bbox 304 867 1254 920">
     <span class='ocr_line' id='line_1_13' title="bbox 304 867 1254 920; baseline 0.005 -18"><span class='ocrx_word' id='word_1_77' title='bbox 304 879 365 902; x_wconf 86' lang='lat' dir='ltr'>nec</span> <span class='ocrx_word' id='word_1_78' title='bbox 394 880 565 916; x_wconf 85' lang='lat' dir='ltr'>umquam</span> <span class='ocrx_word' id='word_1_79' title='bbox 596 877 702 920; x_wconf 82' lang='lat' dir='ltr'>caput</span> <span class='ocrx_word' id='word_1_80' title='bbox 731 867 824 905; x_wconf 89' lang='lat' dir='ltr'>illud</span> <span class='ocrx_word' id='word_1_81' title='bbox 850 867 992 907; x_wconf 86' lang='lat' dir='ltr'>videbis</span> <span class='ocrx_word' id='word_1_82' title='bbox 1013 882 1052 906; x_wconf 84' lang='lat' dir='ltr'>ea</span> <span class='ocrx_word' id='word_1_83' title='bbox 1074 868 1254 907; x_wconf 86' lang='lat' dir='ltr'>nudatum</span> 
     </span>
    </p>

    <p class='ocr_par' dir='ltr' id='par_1_10' title="bbox 301 926 1254 983">
     <span class='ocr_line' id='line_1_14' title="bbox 301 926 1254 983; baseline 0.005 -20"><span class='ocrx_word' id='word_1_84' title='bbox 301 926 414 977; x_wconf 84' lang='lat' dir='ltr'>gloria</span> <span class='ocrx_word' id='word_1_85' title='bbox 433 942 440 962; x_wconf 76' lang='grc' dir='ltr'><em>τ</em></span> <span class='ocrx_word' id='word_1_86' title='bbox 458 941 570 978; x_wconf 86' lang='lat' dir='ltr'>neque</span> <span class='ocrx_word' id='word_1_87' title='bbox 603 928 697 966; x_wconf 86' lang='lat' dir='ltr'>enim</span> <span class='ocrx_word' id='word_1_88' title='bbox 734 928 833 966; x_wconf 87' lang='lat' dir='ltr'>illius</span> <span class='ocrx_word' id='word_1_89' title='bbox 869 928 1083 967; x_wconf 83' lang='lat' dir='ltr'>celebritatis</span> <span class='ocrx_word' id='word_1_90' title='bbox 1114 938 1254 983; x_wconf 88' lang='lat' dir='ltr'>tempus</span> 
     </span>
    </p>

    <p class='ocr_par' dir='ltr' id='par_1_11' title="bbox 300 987 1252 1043">
     <span class='ocr_line' id='line_1_15' title="bbox 300 987 1252 1043; baseline 0.005 -19"><span class='ocrx_word' id='word_1_91' title='bbox 300 987 403 1025; x_wconf 86' lang='lat' dir='ltr'>certis</span> <span class='ocrx_word' id='word_1_92' title='bbox 421 987 548 1025; x_wconf 87' lang='lat' dir='ltr'>dicbus</span> <span class='ocrx_word' id='word_1_93' title='bbox 567 988 877 1041; x_wconf 89' lang='lat' dir='ltr'>circumscriptum</span> <span class='ocrx_word' id='word_1_94' title='bbox 901 998 966 1039; x_wconf 89' lang='lat' dir='ltr'>est,</span> <span class='ocrx_word' id='word_1_95' title='bbox 989 989 1050 1028; x_wconf 89' lang='lat' dir='ltr'>sed</span> <span class='ocrx_word' id='word_1_96' title='bbox 1071 1005 1185 1043; x_wconf 78' lang='lat' dir='ltr'>usque</span> <span class='ocrx_word' id='word_1_97' title='bbox 1207 991 1252 1029; x_wconf 83' lang='lat' dir='ltr'>ad</span> 
     </span>
    </p>

    <p class='ocr_par' dir='ltr' id='par_1_12' title="bbox 299 1049 1255 1091">
     <span class='ocr_line' id='line_1_16' title="bbox 299 1049 1255 1091; baseline 0.006 -6"><span class='ocrx_word' id='word_1_98' title='bbox 299 1049 411 1086; x_wconf 86' lang='lat' dir='ltr'>futuri</span> <span class='ocrx_word' id='word_1_99' title='bbox 431 1049 552 1087; x_wconf 84' lang='lat' dir='ltr'>saeculi</span> <span class='ocrx_word' id='word_1_100' title='bbox 578 1049 881 1088; x_wconf 84' lang='lat' dir='ltr'>immortalitatem</span> <span class='ocrx_word' id='word_1_101' title='bbox 911 1050 1130 1089; x_wconf 84' lang='lat' dir='ltr'>extenditur.</span> <span class='ocrx_word' id='word_1_102' title='bbox 1159 1053 1255 1091; x_wconf 82' lang='lat' dir='ltr'>Huic</span> 
     </span>
    </p>

    <p class='ocr_par' dir='ltr' id='par_1_13' title="bbox 295 1109 1254 1223">
     <span class='ocr_line' id='line_1_17' title="bbox 297 1109 1254 1165; baseline 0.006 -19"><span class='ocrx_word' id='word_1_103' title='bbox 297 1109 410 1147; x_wconf 90' lang='lat' dir='ltr'>cultui</span> <span class='ocrx_word' id='word_1_104' title='bbox 431 1124 627 1161; x_wconf 79' lang='lat' dir='ltr'>numquam</span> <span class='ocrx_word' id='word_1_105' title='bbox 646 1121 836 1163; x_wconf 80' lang='lat' dir='ltr'>paupertas</span> <span class='ocrx_word' id='word_1_106' title='bbox 863 1126 936 1150; x_wconf 91' lang='lat' dir='ltr'>esse</span> <span class='ocrx_word' id='word_1_107' title='bbox 960 1112 1072 1164; x_wconf 88' lang='lat' dir='ltr'><strong>possit</strong></span> <span class='ocrx_word' id='word_1_108' title='bbox 1099 1113 1254 1165; x_wconf 83' lang='lat' dir='ltr'>impedi-</span> 
     </span>
     <span class='ocr_line' id='line_1_18' title="bbox 295 1172 1251 1238; baseline 0.005 -31"><span class='ocrx_word' id='word_1_109' title='bbox 295 1179 430 1219; x_wconf 89' lang='lat' dir='ltr'>mento,</span> <span class='ocrx_word' id='word_1_110' title='bbox 451 1184 578 1208; x_wconf 85' lang='lat' dir='ltr'>verum</span> <span class='ocrx_word' id='word_1_111' title='bbox 597 1180 630 1208; x_wconf 86' lang='lat' dir='ltr'>et</span> <span class='ocrx_word' id='word_1_112' title='bbox 648 1172 796 1238; x_wconf 84' lang='lat' dir='ltr'>pauperi</span> <span class='ocrx_word' id='word_1_113' title='bbox 810 1172 892 1210; x_wconf 91' lang='lat' dir='ltr'>licet</span> <span class='ocrx_word' id='word_1_114' title='bbox 910 1173 980 1210; x_wconf 88' lang='lat' dir='ltr'>hoc</span> <span class='ocrx_word' id='word_1_115' title='bbox 998 1173 1176 1212; x_wconf 87' lang='lat' dir='ltr'>celebrare</span> <span class='ocrx_word' id='word_1_116' title='bbox 1194 1175 1251 1212; x_wconf 74' lang='lat' dir='ltr'>fe-</span> 
     </span>
    </p>

    <p class='ocr_par' dir='ltr' id='par_1_14' title="bbox 292 1229 1248 1345">
     <span class='ocr_line' id='line_1_19' title="bbox 294 1229 1248 1284; baseline 0.008 -19"><span class='ocrx_word' id='word_1_117' title='bbox 294 1236 400 1273; x_wconf 87' lang='lat' dir='ltr'>stum,</span> <span class='ocrx_word' id='word_1_118' title='bbox 422 1229 493 1267; x_wconf 84' lang='lat' dir='ltr'>imo</span> <span class='ocrx_word' id='word_1_119' title='bbox 512 1231 658 1282; x_wconf 85' lang='lat' dir='ltr'>pauperi</span> <span class='ocrx_word' id='word_1_120' title='bbox 678 1231 846 1279; x_wconf 76' lang='lat' dir='ltr'>maxime,</span> <span class='ocrx_word' id='word_1_121' title='bbox 863 1232 996 1284; x_wconf 88' lang='lat' dir='ltr'>quippe</span> <span class='ocrx_word' id='word_1_122' title='bbox 1011 1233 1075 1283; x_wconf 91' lang='lat' dir='ltr'>qui</span> <span class='ocrx_word' id='word_1_123' title='bbox 1091 1233 1136 1271; x_wconf 81' lang='lat' dir='ltr'>al)</span> <span class='ocrx_word' id='word_1_124' title='bbox 1151 1234 1248 1273; x_wconf 91' lang='lat' dir='ltr'>omni</span> 
     </span>
     <span class='ocr_line' id='line_1_20' title="bbox 292 1290 1248 1345; baseline 0.007 -18"><span class='ocrx_word' id='word_1_125' title='bbox 292 1290 420 1328; x_wconf 89' lang='lat' dir='ltr'>mundi</span> <span class='ocrx_word' id='word_1_126' title='bbox 441 1291 533 1329; x_wconf 91' lang='lat' dir='ltr'>fastu</span> <span class='ocrx_word' id='word_1_127' title='bbox 565 1293 784 1344; x_wconf 83' lang='lat' dir='ltr'>strepituque</span> <span class='ocrx_word' id='word_1_128' title='bbox 807 1293 854 1331; x_wconf 91' lang='lat' dir='ltr'>sit</span> <span class='ocrx_word' id='word_1_129' title='bbox 872 1294 989 1332; x_wconf 85' lang='lat' dir='ltr'>libe1:</span> <span class='ocrx_word' id='word_1_130' title='bbox 1012 1308 1126 1345; x_wconf 84' lang='lat' dir='ltr'>neque</span> <span class='ocrx_word' id='word_1_131' title='bbox 1152 1296 1248 1335; x_wconf 92' lang='lat' dir='ltr'>enim</span> 
     </span>
    </p>

    <p class='ocr_par' dir='ltr' id='par_1_15' title="bbox 291 1353 1249 1408">
     <span class='ocr_line' id='line_1_21' title="bbox 291 1353 1249 1408; baseline 0.007 -20"><span class='ocrx_word' id='word_1_132' title='bbox 291 1365 380 1403; x_wconf 86' lang='lat' dir='ltr'>opus</span> <span class='ocrx_word' id='word_1_133' title='bbox 395 1353 693 1405; x_wconf 85' lang='lat' dir='ltr'>estpecunia1um</span> <span class='ocrx_word' id='word_1_134' title='bbox 708 1354 900 1406; x_wconf 88' lang='lat' dir='ltr'>impendiis</span> <span class='ocrx_word' id='word_1_135' title='bbox 915 1364 949 1393; x_wconf 87' lang='lat' dir='ltr'>et</span> <span class='ocrx_word' id='word_1_136' title='bbox 968 1356 1165 1408; x_wconf 85' lang='lat' dir='ltr'>opulentia,</span> <span class='ocrx_word' id='word_1_137' title='bbox 1187 1357 1249 1396; x_wconf 89' lang='lat' dir='ltr'>sed</span> 
     </span>
    </p>

    <p class='ocr_par' dir='ltr' id='par_1_16' title="bbox 290 1413 1246 1470">
     <span class='ocr_line' id='line_1_22' title="bbox 290 1413 1246 1470; baseline 0.006 -20"><span class='ocrx_word' id='word_1_138' title='bbox 290 1413 408 1451; x_wconf 85' lang='lat' dir='ltr'>animo</span> <span class='ocrx_word' id='word_1_139' title='bbox 422 1429 528 1466; x_wconf 87' lang='lat' dir='ltr'>puro,</span> <span class='ocrx_word' id='word_1_140' title='bbox 548 1428 589 1452; x_wconf 82' lang='lat' dir='ltr'>ac</span> <span class='ocrx_word' id='word_1_141' title='bbox 604 1425 719 1454; x_wconf 87' lang='lat' dir='ltr'>mente</span> <span class='ocrx_word' id='word_1_142' title='bbox 735 1416 865 1454; x_wconf 84' lang='lat' dir='ltr'>sobria.</span> <span class='ocrx_word' id='word_1_143' title='bbox 881 1417 966 1454; x_wconf 85' lang='lat' dir='ltr'>Haec</span> <span class='ocrx_word' id='word_1_144' title='bbox 982 1417 1078 1454; x_wconf 90' lang='lat' dir='ltr'>enim</span> <span class='ocrx_word' id='word_1_145' title='bbox 1097 1427 1147 1456; x_wconf 88' lang='lat' dir='ltr'>est</span> <span class='ocrx_word' id='word_1_146' title='bbox 1165 1433 1246 1470; x_wconf 79' lang='lat' dir='ltr'>quae</span> 
     </span>
    </p>

    <p class='ocr_par' dir='ltr' id='par_1_17' title="bbox 289 1473 1246 1528">
     <span class='ocr_line' id='line_1_23' title="bbox 289 1473 1246 1528; baseline 0.008 -18"><span class='ocrx_word' id='word_1_147' title='bbox 289 1473 386 1512; x_wconf 89' lang='lat' dir='ltr'>illius</span> <span class='ocrx_word' id='word_1_148' title='bbox 407 1474 489 1512; x_wconf 82' lang='lat' dir='ltr'>vitae</span> <span class='ocrx_word' id='word_1_149' title='bbox 510 1484 622 1514; x_wconf 89' lang='lat' dir='ltr'>vestes</span> <span class='ocrx_word' id='word_1_150' title='bbox 634 1476 725 1513; x_wconf 79' lang='lat' dir='ltr'>texit</span> <span class='ocrx_word' id='word_1_151' title='bbox 743 1477 891 1525; x_wconf 85' lang='lat' dir='ltr'>animae,</span> <span class='ocrx_word' id='word_1_152' title='bbox 908 1477 984 1515; x_wconf 84' lang='lat' dir='ltr'>haec</span> <span class='ocrx_word' id='word_1_153' title='bbox 998 1492 1080 1528; x_wconf 82' lang='lat' dir='ltr'>quae</span> <span class='ocrx_word' id='word_1_154' title='bbox 1097 1492 1246 1518; x_wconf 88' lang='lat' dir='ltr'>coronas</span> 
     </span>
    </p>
   </div>
   <div class='ocr_carea' id='block_1_2' title="bbox 722 173 1258 206">
    <p class='ocr_par' dir='ltr' id='par_1_18' title="bbox 722 173 1258 206">
     <span class='ocr_line' id='line_1_24' title="bbox 722 173 1258 206; baseline -0.002 -1"><span class='ocrx_word' id='word_1_155' title='bbox 722 174 743 205; x_wconf 89' lang='lat' dir='ltr'>S</span> <span class='ocrx_word' id='word_1_156' title='bbox 752 195 762 205; x_wconf 89' lang='lat'>.</span> <span class='ocrx_word' id='word_1_157' title='bbox 797 174 980 206; x_wconf 75' lang='lat' dir='ltr'>JOANNIS</span> <span class='ocrx_word' id='word_1_158' title='bbox 1014 173 1240 205; x_wconf 69' lang='lat' dir='ltr'>cthSOST</span> <span class='ocrx_word' id='word_1_159' title='bbox 1247 193 1258 204; x_wconf 82' lang='grc'><strong>.</strong></span> 
     </span>
    </p>
   </div>
   <div class='ocr_carea' id='block_1_3' title="bbox 287 1507 1305 1605">
    <p class='ocr_par' dir='ltr' id='par_1_19' title="bbox 287 1507 1305 1605">
     <span class='ocr_line' id='line_1_25' title="bbox 287 1507 1305 1605; baseline 0.007 -33"><span class='ocrx_word' id='word_1_160' title='bbox 287 1535 419 1573; x_wconf 88' lang='lat' dir='ltr'>nectit:</span> <span class='ocrx_word' id='word_1_161' title='bbox 435 1549 513 1586; x_wconf 88' lang='lat' dir='ltr'>quae</span> <span class='ocrx_word' id='word_1_162' title='bbox 532 1536 601 1574; x_wconf 91' lang='lat' dir='ltr'>nisi</span> <span class='ocrx_word' id='word_1_163' title='bbox 617 1538 760 1575; x_wconf 84' lang='lat' dir='ltr'>virtutis</span> <span class='ocrx_word' id='word_1_164' title='bbox 776 1507 905 1575; x_wconf 80' lang='lat' dir='ltr'>officiis</span> <span class='ocrx_word' id='word_1_165' title='bbox 927 1538 1035 1576; x_wconf 85' lang='lat' dir='ltr'>fuerit</span> <span class='ocrx_word' id='word_1_166' title='bbox 1053 1550 1241 1591; x_wconf 79' lang='lat' dir='ltr'>exornata,</span> <span class='ocrx_word' id='word_1_167' title='bbox 1258 1579 1288 1604; x_wconf 82' lang='lat'>72</span> <span class='ocrx_word' id='word_1_168' title='bbox 1291 1581 1305 1605; x_wconf 69' lang='lat'>9</span> 
     </span>
    </p>
   </div>
   <div class='ocr_carea' id='block_1_4' title="bbox 69 1596 1244 3425">
    <p class='ocr_par' dir='ltr' id='par_1_20' title="bbox 287 1596 1243 1651">
     <span class='ocr_line' id='line_1_26' title="bbox 287 1596 1243 1651; baseline 0.007 -19"><span class='ocrx_word' id='word_1_169' title='bbox 287 1596 377 1633; x_wconf 90' lang='lat' dir='ltr'>nulli</span> <span class='ocrx_word' id='word_1_170' title='bbox 393 1596 473 1634; x_wconf 89' lang='lat' dir='ltr'>usui</span> <span class='ocrx_word' id='word_1_171' title='bbox 493 1597 559 1634; x_wconf 90' lang='lat' dir='ltr'>erit</span> <span class='ocrx_word' id='word_1_172' title='bbox 578 1597 657 1635; x_wconf 86' lang='lat' dir='ltr'>auri</span> <span class='ocrx_word' id='word_1_173' title='bbox 673 1611 801 1649; x_wconf 83' lang='lat' dir='ltr'>magna</span> <span class='ocrx_word' id='word_1_174' title='bbox 818 1599 943 1651; x_wconf 83' lang='lat' dir='ltr'>eopia:</span> <span class='ocrx_word' id='word_1_175' title='bbox 959 1599 1051 1637; x_wconf 90' lang='lat' dir='ltr'>sicut</span> <span class='ocrx_word' id='word_1_176' title='bbox 1065 1614 1085 1638; x_wconf 92' lang='lat' dir='ltr'>e</span> <span class='ocrx_word' id='word_1_177' title='bbox 1099 1600 1243 1640; x_wconf 87' lang='lat' dir='ltr'>diverso</span> 
     </span>
    </p>

    <p class='ocr_par' dir='ltr' id='par_1_21' title="bbox 284 1656 1244 1769">
     <span class='ocr_line' id='line_1_27' title="bbox 286 1656 1244 1710; baseline 0.006 -16"><span class='ocrx_word' id='word_1_178' title='bbox 286 1670 349 1694; x_wconf 93' lang='lat' dir='ltr'>nec</span> <span class='ocrx_word' id='word_1_179' title='bbox 362 1656 492 1695; x_wconf 88' lang='lat' dir='ltr'>damno</span> <span class='ocrx_word' id='word_1_180' title='bbox 507 1657 573 1695; x_wconf 89' lang='lat' dir='ltr'>erit</span> <span class='ocrx_word' id='word_1_181' title='bbox 586 1667 787 1710; x_wconf 81' lang='lat' dir='ltr'>paupertas,</span> <span class='ocrx_word' id='word_1_182' title='bbox 802 1658 832 1696; x_wconf 89' lang='lat' dir='ltr'>si</span> <span class='ocrx_word' id='word_1_183' title='bbox 846 1659 1015 1697; x_wconf 83' lang='lat' dir='ltr'>divitias</span> <span class='ocrx_word' id='word_1_184' title='bbox 1006 1669 1101 1698; x_wconf 80' lang='lat' dir='ltr'>intus</span> <span class='ocrx_word' id='word_1_185' title='bbox 1114 1661 1244 1701; x_wconf 87' lang='lat' dir='ltr'>habeat</span> 
     </span>
     <span class='ocr_line' id='line_1_28' title="bbox 284 1717 1241 1769; baseline 0.007 -15"><span class='ocrx_word' id='word_1_186' title='bbox 284 1717 468 1769; x_wconf 85' lang='lat' dir='ltr'>repositas.</span> <span class='ocrx_word' id='word_1_187' title='bbox 488 1719 587 1756; x_wconf 86' lang='lat' dir='ltr'>Hanc</span> <span class='ocrx_word' id='word_1_188' title='bbox 606 1719 847 1758; x_wconf 80' lang='lat' dir='ltr'>celebritatem</span> <span class='ocrx_word' id='word_1_189' title='bbox 867 1734 937 1758; x_wconf 90' lang='lat' dir='ltr'>non</span> <span class='ocrx_word' id='word_1_190' title='bbox 960 1721 1068 1759; x_wconf 91' lang='lat' dir='ltr'>modo</span> <span class='ocrx_word' id='word_1_191' title='bbox 1090 1723 1241 1762; x_wconf 83' lang='lat' dir='ltr'>masculi</span> 
     </span>
    </p>

    <p class='ocr_par' dir='ltr' id='par_1_22' title="bbox 284 1777 1240 1889">
     <span class='ocr_line' id='line_1_29' title="bbox 284 1777 1238 1836; baseline 0.008 -21"><span class='ocrx_word' id='word_1_192' title='bbox 284 1777 403 1825; x_wconf 80' lang='lat' dir='ltr'>liberi,</span> <span class='ocrx_word' id='word_1_193' title='bbox 422 1778 485 1816; x_wconf 88' lang='lat' dir='ltr'>sed</span> <span class='ocrx_word' id='word_1_194' title='bbox 500 1789 533 1817; x_wconf 94' lang='lat' dir='ltr'>et</span> <span class='ocrx_word' id='word_1_195' title='bbox 549 1779 632 1817; x_wconf 82' lang='lat' dir='ltr'>filiae</span> <span class='ocrx_word' id='word_1_196' title='bbox 649 1780 753 1818; x_wconf 89' lang='lat' dir='ltr'>nobis</span> <span class='ocrx_word' id='word_1_197' title='bbox 771 1781 948 1820; x_wconf 84' lang='lat' dir='ltr'>celebrent</span> <span class='ocrx_word' id='word_1_198' title='bbox 971 1798 980 1819; x_wconf 90' lang='lat'>:</span> <span class='ocrx_word' id='word_1_199' title='bbox 1000 1797 1114 1834; x_wconf 89' lang='lat' dir='ltr'>neque</span> <span class='ocrx_word' id='word_1_200' title='bbox 1129 1784 1238 1836; x_wconf 89' lang='lat' dir='ltr'>enim,</span> 
     </span>
     <span class='ocr_line' id='line_1_30' title="bbox 285 1839 1240 1889; baseline 0.008 -13"><span class='ocrx_word' id='word_1_201' title='bbox 285 1839 587 1889; x_wconf 83' lang='lat' dir='ltr'>quemadmodum</span> <span class='ocrx_word' id='word_1_202' title='bbox 604 1840 640 1878; x_wconf 89' lang='lat' dir='ltr'>in</span> <span class='ocrx_word' id='word_1_203' title='bbox 657 1851 802 1879; x_wconf 82' lang='lat' dir='ltr'>externa</span> <span class='ocrx_word' id='word_1_204' title='bbox 821 1842 1130 1883; x_wconf 81' lang='lat' dir='ltr'>administratione</span> <span class='ocrx_word' id='word_1_205' title='bbox 1151 1846 1240 1885; x_wconf 84' lang='lat' dir='ltr'>viris</span> 
     </span>
    </p>

    <p class='ocr_par' dir='ltr' id='par_1_23' title="bbox 283 1902 1239 1957">
     <span class='ocr_line' id='line_1_31' title="bbox 283 1902 1239 1957; baseline 0.007 -19"><span class='ocrx_word' id='word_1_206' title='bbox 283 1910 422 1940; x_wconf 88' lang='lat' dir='ltr'>tantum</span> <span class='ocrx_word' id='word_1_207' title='bbox 443 1902 657 1954; x_wconf 83' lang='lat' dir='ltr'>imperatum</span> <span class='ocrx_word' id='word_1_208' title='bbox 676 1912 728 1941; x_wconf 86' lang='lat' dir='ltr'>est</span> <span class='ocrx_word' id='word_1_209' title='bbox 740 1903 808 1941; x_wconf 90' lang='lat' dir='ltr'>hoc</span> <span class='ocrx_word' id='word_1_210' title='bbox 828 1904 958 1942; x_wconf 89' lang='lat' dir='ltr'>festum</span> <span class='ocrx_word' id='word_1_211' title='bbox 979 1918 1096 1957; x_wconf 85' lang='lat' dir='ltr'>agere,</span> <span class='ocrx_word' id='word_1_212' title='bbox 1114 1921 1239 1946; x_wconf 82' lang='lat' dir='ltr'>verum</span> 
     </span>
    </p>

    <p class='ocr_par' dir='ltr' id='par_1_24' title="bbox 283 1963 1239 2021">
     <span class='ocr_line' id='line_1_32' title="bbox 283 1963 1239 2021; baseline 0.008 -22"><span class='ocrx_word' id='word_1_213' title='bbox 283 1971 316 1999; x_wconf 87' lang='lat' dir='ltr'>ct</span> <span class='ocrx_word' id='word_1_214' title='bbox 329 1963 478 2001; x_wconf 86' lang='lat' dir='ltr'>feminas</span> <span class='ocrx_word' id='word_1_215' title='bbox 494 1963 585 2001; x_wconf 87' lang='lat' dir='ltr'>illud</span> <span class='ocrx_word' id='word_1_216' title='bbox 600 1963 726 2016; x_wconf 88' lang='lat' dir='ltr'>recipit</span> <span class='ocrx_word' id='word_1_217' title='bbox 740 1965 932 2015; x_wconf 74' lang='lat' dir='ltr'>theatrum,</span> <span class='ocrx_word' id='word_1_218' title='bbox 949 1974 983 2004; x_wconf 93' lang='lat' dir='ltr'>et</span> <span class='ocrx_word' id='word_1_219' title='bbox 999 1981 1110 2017; x_wconf 86' lang='lat' dir='ltr'>senes,</span> <span class='ocrx_word' id='word_1_220' title='bbox 1130 1977 1165 2006; x_wconf 85' lang='lat' dir='ltr'>et</span> <span class='ocrx_word' id='word_1_221' title='bbox 1178 1969 1239 2021; x_wconf 84' lang='lat' dir='ltr'>ju-</span> 
     </span>
    </p>

    <p class='ocr_par' dir='ltr' id='par_1_25' title="bbox 280 2025 1237 2140">
     <span class='ocr_line' id='line_1_33' title="bbox 282 2025 1237 2077; baseline 0.007 -16"><span class='ocrx_word' id='word_1_222' title='bbox 282 2037 400 2074; x_wconf 80' lang='lat' dir='ltr'>veneS,</span> <span class='ocrx_word' id='word_1_223' title='bbox 425 2034 459 2062; x_wconf 87' lang='lat' dir='ltr'>ct</span> <span class='ocrx_word' id='word_1_224' title='bbox 485 2039 604 2064; x_wconf 83' lang='lat' dir='ltr'>servos</span> <span class='ocrx_word' id='word_1_225' title='bbox 629 2035 664 2064; x_wconf 88' lang='lat' dir='ltr'>et</span> <span class='ocrx_word' id='word_1_226' title='bbox 693 2025 878 2077; x_wconf 85' lang='lat' dir='ltr'>ingenuos.</span> <span class='ocrx_word' id='word_1_227' title='bbox 899 2028 973 2066; x_wconf 86' lang='lat' dir='ltr'>Ubi</span> <span class='ocrx_word' id='word_1_228' title='bbox 999 2029 1096 2067; x_wconf 88' lang='lat' dir='ltr'>enim</span> <span class='ocrx_word' id='word_1_229' title='bbox 1127 2030 1237 2068; x_wconf 88' lang='lat' dir='ltr'>animi</span> 
     </span>
     <span class='ocr_line' id='line_1_34' title="bbox 280 2086 1236 2140; baseline 0.009 -19"><span class='ocrx_word' id='word_1_230' title='bbox 280 2086 520 2136; x_wconf 85' lang='lat' dir='ltr'>spectaculum</span> <span class='ocrx_word' id='word_1_231' title='bbox 539 2096 606 2135; x_wconf 86' lang='lat' dir='ltr'>est,</span> <span class='ocrx_word' id='word_1_232' title='bbox 630 2087 681 2124; x_wconf 90' lang='lat' dir='ltr'>ibi</span> <span class='ocrx_word' id='word_1_233' title='bbox 711 2101 781 2125; x_wconf 93' lang='lat' dir='ltr'>non</span> <span class='ocrx_word' id='word_1_234' title='bbox 805 2101 925 2138; x_wconf 80' lang='lat' dir='ltr'>sexus,</span> <span class='ocrx_word' id='word_1_235' title='bbox 946 2103 1017 2127; x_wconf 90' lang='lat' dir='ltr'>non</span> <span class='ocrx_word' id='word_1_236' title='bbox 1042 2099 1142 2140; x_wconf 83' lang='lat' dir='ltr'>aetas,</span> <span class='ocrx_word' id='word_1_237' title='bbox 1165 2105 1236 2130; x_wconf 92' lang='lat' dir='ltr'>non</span> 
     </span>
    </p>

    <p class='ocr_par' dir='ltr' id='par_1_26' title="bbox 280 2145 1236 2202">
     <span class='ocr_line' id='line_1_35' title="bbox 280 2145 1236 2202; baseline 0.009 -20"><span class='ocrx_word' id='word_1_238' title='bbox 280 2145 435 2196; x_wconf 77' lang='lat' dir='ltr'>dignitas</span> <span class='ocrx_word' id='word_1_239' title='bbox 454 2147 563 2199; x_wconf 87' lang='lat' dir='ltr'>hujus</span> <span class='ocrx_word' id='word_1_240' title='bbox 582 2149 714 2198; x_wconf 78' lang='lat' dir='ltr'>saeculi,</span> <span class='ocrx_word' id='word_1_241' title='bbox 734 2163 804 2187; x_wconf 92' lang='lat' dir='ltr'>non</span> <span class='ocrx_word' id='word_1_242' title='bbox 827 2149 926 2187; x_wconf 82' lang='lat' dir='ltr'>aliud</span> <span class='ocrx_word' id='word_1_243' title='bbox 945 2151 1145 2202; x_wconf 79' lang='lat' dir='ltr'>quidquam</span> <span class='ocrx_word' id='word_1_244' title='bbox 1168 2153 1236 2192; x_wconf 91' lang='lat' dir='ltr'>im-</span> 
     </span>
    </p>

    <p class='ocr_par' dir='ltr' id='par_1_27' title="bbox 281 2207 1234 2263">
     <span class='ocr_line' id='line_1_36' title="bbox 281 2207 1234 2263; baseline 0.009 -20"><span class='ocrx_word' id='word_1_245' title='bbox 281 2207 404 2258; x_wconf 88' lang='lat' dir='ltr'>pedire</span> <span class='ocrx_word' id='word_1_246' title='bbox 420 2217 545 2259; x_wconf 86' lang='lat' dir='ltr'>potest.</span> <span class='ocrx_word' id='word_1_247' title='bbox 568 2208 692 2259; x_wconf 86' lang='lat' dir='ltr'>quue</span> <span class='ocrx_word' id='word_1_248' title='bbox 711 2223 774 2247; x_wconf 78' lang='lat' dir='ltr'>vos</span> <span class='ocrx_word' id='word_1_249' title='bbox 797 2224 917 2248; x_wconf 90' lang='lat' dir='ltr'>omnes</span> <span class='ocrx_word' id='word_1_250' title='bbox 936 2212 1107 2251; x_wconf 83' lang='lat' dir='ltr'>exhortor</span> <span class='ocrx_word' id='word_1_251' title='bbox 1120 2243 1130 2263; x_wconf 88' lang='lat'>,</span> <span class='ocrx_word' id='word_1_252' title='bbox 1153 2223 1193 2252; x_wconf 91' lang='lat' dir='ltr'>ut</span> <span class='ocrx_word' id='word_1_253' title='bbox 1214 2229 1234 2252; x_wconf 84' lang='lat' dir='ltr'>a</span> 
     </span>
    </p>

    <p class='ocr_par' dir='ltr' id='par_1_28' title="bbox 281 2269 1234 2379">
     <span class='ocr_line' id='line_1_37' title="bbox 282 2269 1233 2325; baseline 0.007 -20"><span class='ocrx_word' id='word_1_254' title='bbox 282 2269 411 2306; x_wconf 89' lang='lat' dir='ltr'>teneris</span> <span class='ocrx_word' id='word_1_255' title='bbox 428 2269 547 2307; x_wconf 83' lang='lat' dir='ltr'>statim</span> <span class='ocrx_word' id='word_1_256' title='bbox 566 2270 668 2307; x_wconf 87' lang='lat' dir='ltr'>annis</span> <span class='ocrx_word' id='word_1_257' title='bbox 689 2279 722 2307; x_wconf 90' lang='lat' dir='ltr'>et</span> <span class='ocrx_word' id='word_1_258' title='bbox 744 2270 838 2308; x_wconf 88' lang='lat' dir='ltr'>filios</span> <span class='ocrx_word' id='word_1_259' title='bbox 857 2280 889 2308; x_wconf 87' lang='lat' dir='ltr'>ct</span> <span class='ocrx_word' id='word_1_260' title='bbox 909 2271 1002 2309; x_wconf 84' lang='lat' dir='ltr'>filias</span> <span class='ocrx_word' id='word_1_261' title='bbox 1024 2273 1233 2325; x_wconf 84' lang='lat' dir='ltr'>hujusmodi</span> 
     </span>
     <span class='ocr_line' id='line_1_38' title="bbox 281 2329 1234 2379; baseline 0.006 -13"><span class='ocrx_word' id='word_1_262' title='bbox 281 2329 522 2367; x_wconf 86' lang='lat' dir='ltr'>functionibus</span> <span class='ocrx_word' id='word_1_263' title='bbox 545 2329 697 2379; x_wconf 80' lang='lat' dir='ltr'>dedatis,</span> <span class='ocrx_word' id='word_1_264' title='bbox 717 2339 750 2368; x_wconf 89' lang='lat' dir='ltr'>et</span> <span class='ocrx_word' id='word_1_265' title='bbox 766 2330 852 2368; x_wconf 87' lang='lat' dir='ltr'>huic</span> <span class='ocrx_word' id='word_1_266' title='bbox 866 2331 949 2369; x_wconf 77' lang='lat' dir='ltr'>vita:</span> <span class='ocrx_word' id='word_1_267' title='bbox 967 2332 1128 2371; x_wconf 84' lang='lat' dir='ltr'>instituto</span> <span class='ocrx_word' id='word_1_268' title='bbox 1151 2349 1234 2373; x_wconf 88' lang='lat' dir='ltr'>con-</span> 
     </span>
    </p>

    <p class='ocr_par' dir='ltr' id='par_1_29' title="bbox 282 2390 1233 2441">
     <span class='ocr_line' id='line_1_39' title="bbox 282 2390 1233 2441; baseline 0.008 -14"><span class='ocrx_word' id='word_1_269' title='bbox 282 2400 445 2441; x_wconf 84' lang='lat' dir='ltr'>gruentes</span> <span class='ocrx_word' id='word_1_270' title='bbox 463 2390 611 2429; x_wconf 80' lang='lat' dir='ltr'>divitias</span> <span class='ocrx_word' id='word_1_271' title='bbox 635 2391 683 2429; x_wconf 90' lang='lat' dir='ltr'>eis</span> <span class='ocrx_word' id='word_1_272' title='bbox 711 2391 871 2439; x_wconf 85' lang='lat' dir='ltr'>addatis,</span> <span class='ocrx_word' id='word_1_273' title='bbox 894 2406 964 2430; x_wconf 92' lang='lat' dir='ltr'>non</span> <span class='ocrx_word' id='word_1_274' title='bbox 984 2408 1112 2432; x_wconf 88' lang='lat' dir='ltr'>aurum</span> <span class='ocrx_word' id='word_1_275' title='bbox 1134 2396 1233 2435; x_wconf 86' lang='lat' dir='ltr'>defo-</span> 
     </span>
    </p>

    <p class='ocr_par' dir='ltr' id='par_1_30' title="bbox 280 2450 1233 2504">
     <span class='ocr_line' id='line_1_40' title="bbox 280 2450 1233 2504; baseline 0.008 -16"><span class='ocrx_word' id='word_1_276' title='bbox 280 2450 435 2499; x_wconf 80' lang='lat' dir='ltr'>dientes,</span> <span class='ocrx_word' id='word_1_277' title='bbox 453 2466 520 2489; x_wconf 91' lang='lat' dir='ltr'>non</span> <span class='ocrx_word' id='word_1_278' title='bbox 538 2461 722 2503; x_wconf 84' lang='lat' dir='ltr'>argentum</span> <span class='ocrx_word' id='word_1_279' title='bbox 743 2463 1014 2504; x_wconf 75' lang='lat' dir='ltr'>congregantes,</span> <span class='ocrx_word' id='word_1_280' title='bbox 1032 2456 1093 2493; x_wconf 89' lang='lat' dir='ltr'>sed</span> <span class='ocrx_word' id='word_1_281' title='bbox 1112 2457 1233 2496; x_wconf 89' lang='lat' dir='ltr'>mode-</span> 
     </span>
    </p>

    <p class='ocr_par' dir='ltr' id='par_1_31' title="bbox 279 2512 1233 2571">
     <span class='ocr_line' id='line_1_41' title="bbox 279 2512 1233 2571; baseline 0.008 -21"><span class='ocrx_word' id='word_1_282' title='bbox 279 2512 399 2563; x_wconf 82' lang='lat' dir='ltr'>stiam,</span> <span class='ocrx_word' id='word_1_283' title='bbox 425 2513 651 2552; x_wconf 87' lang='lat' dir='ltr'>sobrietatem</span> <span class='ocrx_word' id='word_1_284' title='bbox 664 2544 673 2558; x_wconf 83' lang='lat'>‚</span> <span class='ocrx_word' id='word_1_285' title='bbox 697 2528 738 2552; x_wconf 89' lang='lat' dir='ltr'>ac</span> <span class='ocrx_word' id='word_1_286' title='bbox 755 2514 990 2566; x_wconf 84' lang='lat' dir='ltr'>pudicitiam,</span> <span class='ocrx_word' id='word_1_287' title='bbox 1006 2517 1233 2571; x_wconf 84' lang='lat' dir='ltr'>reliquasque</span> 
     </span>
    </p>

    <p class='ocr_par' dir='ltr' id='par_1_32' title="bbox 278 2574 1231 2630">
     <span class='ocr_line' id='line_1_42' title="bbox 278 2574 1231 2630; baseline 0.008 -19"><span class='ocrx_word' id='word_1_288' title='bbox 278 2574 428 2612; x_wconf 72' lang='lat' dir='ltr'>virtutes</span> <span class='ocrx_word' id='word_1_289' title='bbox 445 2589 566 2613; x_wconf 91' lang='lat' dir='ltr'>omnes</span> <span class='ocrx_word' id='word_1_290' title='bbox 584 2575 619 2613; x_wconf 88' lang='lat' dir='ltr'>in</span> <span class='ocrx_word' id='word_1_291' title='bbox 636 2575 765 2613; x_wconf 89' lang='lat' dir='ltr'>animis</span> <span class='ocrx_word' id='word_1_292' title='bbox 783 2589 904 2614; x_wconf 85' lang='lat' dir='ltr'>eorum</span> <span class='ocrx_word' id='word_1_293' title='bbox 920 2588 1138 2630; x_wconf 87' lang='lat' dir='ltr'>reponentes.</span> <span class='ocrx_word' id='word_1_294' title='bbox 1159 2581 1231 2620; x_wconf 87' lang='lat' dir='ltr'>Hos</span> 
     </span>
    </p>

    <p class='ocr_par' dir='ltr' id='par_1_33' title="bbox 276 2635 1232 2754">
     <span class='ocr_line' id='line_1_43' title="bbox 276 2635 1232 2693; baseline 0.008 -21"><span class='ocrx_word' id='word_1_295' title='bbox 276 2635 370 2673; x_wconf 87' lang='lat' dir='ltr'>euim</span> <span class='ocrx_word' id='word_1_296' title='bbox 392 2646 530 2674; x_wconf 86' lang='lat' dir='ltr'>sumtus</span> <span class='ocrx_word' id='word_1_297' title='bbox 557 2637 669 2688; x_wconf 82' lang='lat' dir='ltr'>exigit</span> <span class='ocrx_word' id='word_1_298' title='bbox 690 2637 751 2675; x_wconf 83' lang='lat' dir='ltr'>illa</span> <span class='ocrx_word' id='word_1_299' title='bbox 770 2638 919 2676; x_wconf 87' lang='lat' dir='ltr'>functio.</span> <span class='ocrx_word' id='word_1_300' title='bbox 943 2639 979 2677; x_wconf 75' lang='lat' dir='ltr'>Si</span> <span class='ocrx_word' id='word_1_301' title='bbox 1002 2639 1092 2678; x_wconf 89' lang='lat' dir='ltr'>hanc</span> <span class='ocrx_word' id='word_1_302' title='bbox 1120 2642 1232 2693; x_wconf 84' lang='lat' dir='ltr'>igitur</span> 
     </span>
     <span class='ocr_line' id='line_1_44' title="bbox 276 2696 1227 2754; baseline 0.008 -21"><span class='ocrx_word' id='word_1_303' title='bbox 276 2696 493 2748; x_wconf 85' lang='lat' dir='ltr'>opulentiam</span> <span class='ocrx_word' id='word_1_304' title='bbox 517 2707 593 2735; x_wconf 89' lang='lat' dir='ltr'>tum</span> <span class='ocrx_word' id='word_1_305' title='bbox 615 2699 731 2748; x_wconf 83' lang='lat' dir='ltr'>nobis,</span> <span class='ocrx_word' id='word_1_306' title='bbox 754 2708 830 2736; x_wconf 87' lang='lat' dir='ltr'>tum</span> <span class='ocrx_word' id='word_1_307' title='bbox 851 2700 937 2737; x_wconf 78' lang='lat' dir='ltr'>filiis</span> <span class='ocrx_word' id='word_1_308' title='bbox 961 2701 1227 2754; x_wconf 83' lang='lat' dir='ltr'>collegerimus,</span> 
     </span>
    </p>

    <p class='ocr_par' dir='ltr' id='par_1_34' title="bbox 275 2757 1228 2815">
     <span class='ocr_line' id='line_1_45' title="bbox 275 2757 1228 2815; baseline 0.01 -22"><span class='ocrx_word' id='word_1_309' title='bbox 275 2767 308 2794; x_wconf 90' lang='lat' dir='ltr'>et</span> <span class='ocrx_word' id='word_1_310' title='bbox 324 2757 357 2794; x_wconf 92' lang='lat' dir='ltr'>in</span> <span class='ocrx_word' id='word_1_311' title='bbox 373 2759 534 2810; x_wconf 48' lang='lat' dir='ltr'>prce-senti</span> <span class='ocrx_word' id='word_1_312' title='bbox 551 2759 625 2796; x_wconf 81' lang='lat' dir='ltr'>vita</span> <span class='ocrx_word' id='word_1_313' title='bbox 642 2760 795 2797; x_wconf 86' lang='lat' dir='ltr'>multum</span> <span class='ocrx_word' id='word_1_314' title='bbox 814 2761 1013 2812; x_wconf 81' lang='lat' dir='ltr'>splendoris</span> <span class='ocrx_word' id='word_1_315' title='bbox 1033 2777 1228 2815; x_wconf 86' lang='lat' dir='ltr'>conseque-</span> 
     </span>
    </p>

    <p class='ocr_par' dir='ltr' id='par_1_35' title="bbox 274 2819 1226 2867">
     <span class='ocr_line' id='line_1_46' title="bbox 274 2819 1226 2867; baseline 0.012 -12"><span class='ocrx_word' id='word_1_316' title='bbox 274 2832 370 2867; x_wconf 87' lang='lat' dir='ltr'>mur,</span> <span class='ocrx_word' id='word_1_317' title='bbox 394 2828 427 2856; x_wconf 91' lang='lat' dir='ltr'>et</span> <span class='ocrx_word' id='word_1_318' title='bbox 447 2819 482 2857; x_wconf 91' lang='lat' dir='ltr'>in</span> <span class='ocrx_word' id='word_1_319' title='bbox 505 2820 622 2857; x_wconf 84' lang='lat' dir='ltr'>futura</span> <span class='ocrx_word' id='word_1_320' title='bbox 646 2821 720 2858; x_wconf 74' lang='lat' dir='ltr'>vita</span> <span class='ocrx_word' id='word_1_321' title='bbox 740 2821 879 2859; x_wconf 87' lang='lat' dir='ltr'>beatam</span> <span class='ocrx_word' id='word_1_322' title='bbox 901 2822 1000 2861; x_wconf 89' lang='lat' dir='ltr'>illam</span> <span class='ocrx_word' id='word_1_323' title='bbox 1022 2839 1145 2864; x_wconf 78' lang='lat' dir='ltr'>Vocem</span> <span class='ocrx_word' id='word_1_324' title='bbox 1162 2841 1226 2866; x_wconf 83' lang='lat' dir='ltr'>au-</span> 
     </span>
    </p>

    <p class='ocr_par' dir='ltr' id='par_1_36' title="bbox 271 2878 1226 2939">
     <span class='ocr_line' id='line_1_47' title="bbox 271 2878 1226 2939; baseline 0.012 -23"><span class='ocrx_word' id='word_1_325' title='bbox 271 2878 427 2927; x_wconf 84' lang='lat' dir='ltr'>diemus,</span> <span class='ocrx_word' id='word_1_326' title='bbox 458 2895 520 2932; x_wconf 81' lang='lat' dir='ltr'>per</span> <span class='ocrx_word' id='word_1_327' title='bbox 542 2896 649 2932; x_wconf 86' lang='lat' dir='ltr'>quam</span> <span class='ocrx_word' id='word_1_328' title='bbox 679 2882 843 2920; x_wconf 84' lang='lat' dir='ltr'>Christus</span> <span class='ocrx_word' id='word_1_329' title='bbox 871 2898 991 2923; x_wconf 84' lang='lat' dir='ltr'>omnes</span> <span class='ocrx_word' id='word_1_330' title='bbox 1018 2887 1080 2937; x_wconf 94' lang='lat' dir='ltr'>qui</span> <span class='ocrx_word' id='word_1_331' title='bbox 1108 2888 1226 2939; x_wconf 88' lang='lat' dir='ltr'>ipsum</span> 
     </span>
    </p>

    <p class='ocr_par' dir='ltr' id='par_1_37' title="bbox 69 2941 1224 3181">
     <span class='ocr_line' id='line_1_48' title="bbox 124 2941 1224 2997; baseline 0.011 -21"><span class='ocrx_word' id='word_1_332' title='bbox 124 2961 254 2997; x_wconf 65' lang='lat' dir='ltr'>Abnega-</span> <span class='ocrx_word' id='word_1_333' title='bbox 273 2941 419 2979; x_wconf 83' lang='lat' dir='ltr'>confessi</span> <span class='ocrx_word' id='word_1_334' title='bbox 440 2941 586 2991; x_wconf 82' lang='lat' dir='ltr'>fuerint,</span> <span class='ocrx_word' id='word_1_335' title='bbox 611 2956 675 2980; x_wconf 81' lang='lat' dir='ltr'>suo</span> <span class='ocrx_word' id='word_1_336' title='bbox 701 2952 800 2981; x_wconf 88' lang='lat' dir='ltr'>ornat</span> <span class='ocrx_word' id='word_1_337' title='bbox 825 2945 1014 2996; x_wconf 75' lang='lat' dir='ltr'>praeconio.</span> <span class='ocrx_word' id='word_1_338' title='bbox 1044 2948 1224 2989; x_wconf 86' lang='lat' dir='ltr'>Confessio</span> 
     </span>
     <span class='ocr_line' id='line_1_49' title="bbox 70 3002 1223 3063; baseline 0.01 -26"><span class='ocrx_word' id='word_1_339' title='bbox 70 3002 158 3048; x_wconf 41' lang='lat' dir='ltr'>¹³⁰¹}ss</span> <span class='ocrx_word' id='word_1_340' title='bbox 179 3004 256 3030; x_wconf 60' lang='lat' dir='ltr'>modi</span> <span class='ocrx_word' id='word_1_341' title='bbox 271 3012 471 3041; x_wconf 82' lang='lat' dir='ltr'>autemnon</span> <span class='ocrx_word' id='word_1_342' title='bbox 488 3012 621 3040; x_wconf 77' lang='lat' dir='ltr'>tantum</span> <span class='ocrx_word' id='word_1_343' title='bbox 638 3004 678 3041; x_wconf 79' lang='lat' dir='ltr'>fit</span> <span class='ocrx_word' id='word_1_344' title='bbox 694 3019 754 3056; x_wconf 83' lang='lat' dir='ltr'>per</span> <span class='ocrx_word' id='word_1_345' title='bbox 769 3005 888 3055; x_wconf 82' lang='lat' dir='ltr'>fidem,</span> <span class='ocrx_word' id='word_1_346' title='bbox 905 3010 1140 3047; x_wconf 75' lang='lat' dir='ltr'>verumetiam</span> <span class='ocrx_word' id='word_1_347' title='bbox 1162 3026 1223 3063; x_wconf 83' lang='lat' dir='ltr'>per</span> 
     </span>
     <span class='ocr_line' id='line_1_50' title="bbox 69 3053 1220 3123; baseline 0.011 -26"><span class='ocrx_word' id='word_1_348' title='bbox 69 3053 153 3070; x_wconf 37' lang='lat' dir='ltr'>‘nm&#39;</span> <span class='ocrx_word' id='word_1_349' title='bbox 271 3078 396 3115; x_wconf 83' lang='lat' dir='ltr'>opera,</span> <span class='ocrx_word' id='word_1_350' title='bbox 417 3064 505 3102; x_wconf 88' lang='lat' dir='ltr'>adeo</span> <span class='ocrx_word' id='word_1_351' title='bbox 522 3074 559 3101; x_wconf 89' lang='lat' dir='ltr'>ut</span> <span class='ocrx_word' id='word_1_352' title='bbox 578 3064 606 3101; x_wconf 81' lang='lat' dir='ltr'>si</span> <span class='ocrx_word' id='word_1_353' title='bbox 622 3064 696 3102; x_wconf 55' lang='lat' dir='ltr'>hirc</span> <span class='ocrx_word' id='word_1_354' title='bbox 716 3066 850 3111; x_wconf 81' lang='lat' dir='ltr'>absint,</span> <span class='ocrx_word' id='word_1_355' title='bbox 869 3069 1052 3107; x_wconf 80' lang='lat' dir='ltr'>veniamus</span> <span class='ocrx_word' id='word_1_356' title='bbox 1073 3071 1107 3108; x_wconf 86' lang='lat' dir='ltr'>in</span> <span class='ocrx_word' id='word_1_357' title='bbox 1127 3073 1220 3123; x_wconf 85' lang='lat' dir='ltr'>peri-</span> 
     </span>
     <span class='ocr_line' id='line_1_51' title="bbox 269 3126 1214 3181; baseline 0.01 -18"><span class='ocrx_word' id='word_1_358' title='bbox 269 3126 408 3174; x_wconf 80' lang='lat' dir='ltr'>culum,</span> <span class='ocrx_word' id='word_1_359' title='bbox 438 3140 480 3163; x_wconf 93' lang='lat' dir='ltr'>nc</span> <span class='ocrx_word' id='word_1_360' title='bbox 512 3140 590 3163; x_wconf 81' lang='lat' dir='ltr'>eun}</span> <span class='ocrx_word' id='word_1_361' title='bbox 626 3126 882 3175; x_wconf 74' lang='lat' dir='ltr'>abnegantibus</span> <span class='ocrx_word' id='word_1_362' title='bbox 910 3143 1030 3181; x_wconf 66' lang='lat' dir='ltr'>[uenas</span> <span class='ocrx_word' id='word_1_363' title='bbox 1059 3132 1214 3172; x_wconf 86' lang='lat' dir='ltr'>luamus.</span> 
     </span>
    </p>

    <p class='ocr_par' dir='ltr' id='par_1_38' title="bbox 268 3187 1218 3239">
     <span class='ocr_line' id='line_1_52' title="bbox 268 3187 1218 3239; baseline 0.009 -15"><span class='ocrx_word' id='word_1_364' title='bbox 268 3188 388 3237; x_wconf 79' lang='lat' dir='ltr'>Neque</span> <span class='ocrx_word' id='word_1_365' title='bbox 400 3188 493 3224; x_wconf 84' lang='lat' dir='ltr'>enim</span> <span class='ocrx_word' id='word_1_366' title='bbox 512 3202 602 3224; x_wconf 85' lang='lat' dir='ltr'>unus</span> <span class='ocrx_word' id='word_1_367' title='bbox 617 3197 668 3225; x_wconf 75' lang='lat' dir='ltr'>est</span> <span class='ocrx_word' id='word_1_368' title='bbox 681 3187 878 3237; x_wconf 72' lang='lat' dir='ltr'>abnegandi</span> <span class='ocrx_word' id='word_1_369' title='bbox 894 3191 1034 3239; x_wconf 79' lang='lat' dir='ltr'>modus,</span> <span class='ocrx_word' id='word_1_370' title='bbox 1050 3193 1110 3231; x_wconf 86' lang='lat' dir='ltr'>sed</span> <span class='ocrx_word' id='word_1_371' title='bbox 1124 3196 1218 3233; x_wconf 87' lang='lat' dir='ltr'>mul-</span> 
     </span>
    </p>

    <p class='ocr_par' dir='ltr' id='par_1_39' title="bbox 269 3249 1217 3303">
     <span class='ocr_line' id='line_1_53' title="bbox 269 3249 1217 3303; baseline 0.011 -19"><span class='ocrx_word' id='word_1_372' title='bbox 269 3249 292 3284; x_wconf 86' lang='lat' dir='ltr'>ti</span> <span class='ocrx_word' id='word_1_373' title='bbox 320 3258 352 3285; x_wconf 79' lang='lat' dir='ltr'>et</span> <span class='ocrx_word' id='word_1_374' title='bbox 382 3249 486 3294; x_wconf 70' lang='lat' dir='ltr'>varii,</span> <span class='ocrx_word' id='word_1_375' title='bbox 515 3263 602 3299; x_wconf 85' lang='lat' dir='ltr'>quos</span> <span class='ocrx_word' id='word_1_376' title='bbox 635 3250 766 3287; x_wconf 79' lang='lat' dir='ltr'>Paulus</span> <span class='ocrx_word' id='word_1_377' title='bbox 797 3251 897 3288; x_wconf 75' lang='lat' dir='ltr'>uobis</span> <span class='ocrx_word' id='word_1_378' title='bbox 925 3252 1145 3303; x_wconf 77' lang='lat' dir='ltr'>describens,</span> <span class='ocrx_word' id='word_1_379' title='bbox 1169 3256 1217 3295; x_wconf 85' lang='lat' dir='ltr'>ita</span> 
     </span>
    </p>

    <p class='ocr_par' dir='ltr' id='par_1_40' title="bbox 70 3307 1215 3425">
     <span class='ocr_line' id='line_1_54' title="bbox 87 3307 1215 3372; baseline 0.012 -29"><span class='ocrx_word' id='word_1_380' title='bbox 87 3346 104 3372; x_wconf 52' lang='lat' dir='ltr'>s</span> <span class='ocrx_word' id='word_1_381' title='bbox 132 3307 194 3333; x_wconf 69' lang='grc' dir='ltr'>ΤΗ·</span> <span class='ocrx_word' id='word_1_382' title='bbox 228 3317 251 3335; x_wconf 88' lang='lat'>¹·</span> <span class='ocrx_word' id='word_1_383' title='bbox 269 3309 426 3359; x_wconf 78' lang='lat' dir='ltr'>loquitur</span> <span class='ocrx_word' id='word_1_384' title='bbox 445 3327 451 3346; x_wconf 91' lang='lat'>:</span> <span class='ocrx_word' id='word_1_385' title='bbox 474 3311 710 3362; x_wconf 68' lang='lat' dir='ltr'>profitentur</span> <span class='ocrx_word' id='word_1_386' title='bbox 725 3326 764 3349; x_wconf 76' lang='lat' dir='ltr'>se</span> <span class='ocrx_word' id='word_1_387' title='bbox 784 3326 894 3349; x_wconf 71' lang='lat' dir='ltr'>nosse</span> <span class='ocrx_word' id='word_1_388' title='bbox 913 3315 1050 3361; x_wconf 75' lang='lat' dir='ltr'>Deum,</span> <span class='ocrx_word' id='word_1_389' title='bbox 1071 3318 1215 3370; x_wconf 77' lang='lat' dir='ltr'>sedsa-</span> 
     </span>
     <span class='ocr_line' id='line_1_55' title="bbox 70 3355 1213 3425; baseline 0.01 -19"><span class='ocrx_word' id='word_1_390' title='bbox 70 3355 251 3417; x_wconf 29' lang='lat' dir='ltr'>i.&#39;Yim.5,2⁴</span> <span class='ocrx_word' id='word_1_391' title='bbox 270 3374 338 3408; x_wconf 73' lang='lat' dir='ltr'>ctis</span> <span class='ocrx_word' id='word_1_392' title='bbox 360 3381 517 3423; x_wconf 52' lang='lat' dir='ltr'>negate&amp;</span> <span class='ocrx_word' id='word_1_393' title='bbox 532 3382 562 3410; x_wconf 82' lang='lat' dir='ltr'>et</span> <span class='ocrx_word' id='word_1_394' title='bbox 579 3387 712 3422; x_wconf 81' lang='lat' dir='ltr'>rursus,</span> <span class='ocrx_word' id='word_1_395' title='bbox 732 3374 771 3412; x_wconf 87' lang='lat' dir='ltr'>Si</span> <span class='ocrx_word' id='word_1_396' title='bbox 789 3377 873 3425; x_wconf 76' lang='lat' dir='ltr'>quis</span> <span class='ocrx_word' id='word_1_397' title='bbox 892 3388 1061 3422; x_wconf 77' lang='lat' dir='ltr'>suorum,</span> <span class='ocrx_word' id='word_1_398' title='bbox 1079 3387 1114 3418; x_wconf 80' lang='lat' dir='ltr'>et</span> <span class='ocrx_word' id='word_1_399' title='bbox 1132 3393 1213 3418; x_wconf 82' lang='lat' dir='ltr'>ma-</span> 
     </span>
    </p>
   </div>
   <div class='ocr_carea' id='block_1_5' title="bbox 1299 174 1900 210">
    <p class='ocr_par' dir='ltr' id='par_1_41' title="bbox 1299 174 1900 210">
     <span class='ocr_line' id='line_1_56' title="bbox 1299 174 1900 210; baseline 0.012 -7"><span class='ocrx_word' id='word_1_400' title='bbox 1299 174 1502 205; x_wconf 82' lang='lat' dir='ltr'><strong>ARCHIEP.</strong></span> <span class='ocrx_word' id='word_1_401' title='bbox 1539 175 1900 210; x_wconf 74' lang='lat' dir='ltr'>CONSTANTINOP-</span> 
     </span>
    </p>
   </div>
   <div class='ocr_carea' id='block_1_6' title="bbox 1336 257 2362 561">
    <p class='ocr_par' dir='ltr' id='par_1_42' title="bbox 1336 257 2362 561">
     <span class='ocr_line' id='line_1_57' title="bbox 1340 257 2362 314; baseline 0.012 -20"><span class='ocrx_word' id='word_1_402' title='bbox 1340 257 1415 300; x_wconf 86' lang='grc' dir='ltr'>σίας</span> <span class='ocrx_word' id='word_1_403' title='bbox 1435 257 1573 305; x_wconf 81' lang='grc' dir='ltr'>ἁπάσης</span> <span class='ocrx_word' id='word_1_404' title='bbox 1599 259 1802 310; x_wconf 77' lang='grc' dir='ltr'>εὖθυμίαν’</span> <span class='ocrx_word' id='word_1_405' title='bbox 1786 261 2011 313; x_wconf 83' lang='grc' dir='ltr'>εγγινομένην</span> <span class='ocrx_word' id='word_1_406' title='bbox 2040 265 2154 309; x_wconf 79' lang='grc' dir='ltr'>αὐτοῖς</span> <span class='ocrx_word' id='word_1_407' title='bbox 2180 267 2362 314; x_wconf 80' lang='grc' dir='ltr'>ζητοῧντες</span> 
     </span>
     <span class='ocr_line' id='line_1_58' title="bbox 1338 318 2360 380; baseline 0.01 -25"><span class='ocrx_word' id='word_1_408' title='bbox 1338 320 1448 371; x_wconf 78' lang='grc' dir='ltr'>εὑρεῖν</span> <span class='ocrx_word' id='word_1_409' title='bbox 1480 318 1629 357; x_wconf 85' lang='grc' dir='ltr'>δύναιντ’</span> <span class='ocrx_word' id='word_1_410' title='bbox 1647 320 1701 368; x_wconf 83' lang='grc' dir='ltr'>ἂν,</span> <span class='ocrx_word' id='word_1_411' title='bbox 1721 321 1850 372; x_wconf 82' lang='grc' dir='ltr'>ἀνέμου</span> <span class='ocrx_word' id='word_1_412' title='bbox 1874 323 2002 367; x_wconf 81' lang='grc' dir='ltr'>παντὸς</span> <span class='ocrx_word' id='word_1_413' title='bbox 2029 325 2219 378; x_wconf 75' lang='grc' dir='ltr'>ταγύτερον</span> <span class='ocrx_word' id='word_1_414' title='bbox 2244 344 2360 380; x_wconf 87' lang='grc' dir='ltr'>παρα-</span> 
     </span>
     <span class='ocr_line' id='line_1_59' title="bbox 1338 379 2362 438; baseline 0.01 -22"><span class='ocrx_word' id='word_1_415' title='bbox 1338 380 1411 431; x_wconf 86' lang='grc' dir='ltr'>δρα</span> <span class='ocrx_word' id='word_1_416' title='bbox 1407 379 1539 417; x_wconf 71' lang='grc' dir='ltr'>αόντων</span> <span class='ocrx_word' id='word_1_417' title='bbox 1556 380 1677 424; x_wconf 76' lang='grc' dir='ltr'>αὐτους</span> <span class='ocrx_word' id='word_1_418' title='bbox 1695 382 1870 422; x_wconf 80' lang='grc' dir='ltr'>ἁπάντων.</span> <span class='ocrx_word' id='word_1_419' title='bbox 1886 384 1965 422; x_wconf 88' lang='lat' dir='ltr'>H</span> <span class='ocrx_word' id='word_1_420' title='bbox 1948 385 1983 424; x_wconf 81' lang='grc' dir='ltr'>οὲ</span> <span class='ocrx_word' id='word_1_421' title='bbox 2002 402 2070 423; x_wconf 76' lang='grc' dir='ltr'>των</span> <span class='ocrx_word' id='word_1_422' title='bbox 2090 389 2242 438; x_wconf 77' lang='grc' dir='ltr'>οὐρανῶν</span> <span class='ocrx_word' id='word_1_423' title='bbox 2261 391 2362 427; x_wconf 89' lang='grc' dir='ltr'>πολι-</span> 
     </span>
     <span class='ocr_line' id='line_1_60' title="bbox 1336 441 2362 500; baseline 0.01 -23"><span class='ocrx_word' id='word_1_424' title='bbox 1336 441 1413 478; x_wconf 86' lang='grc' dir='ltr'>τεία</span> <span class='ocrx_word' id='word_1_425' title='bbox 1432 441 1627 481; x_wconf 85' lang='grc' dir='ltr'>τούναντίον</span> <span class='ocrx_word' id='word_1_426' title='bbox 1656 442 1769 480; x_wconf 88' lang='grc' dir='ltr'>ἅπαν·</span> <span class='ocrx_word' id='word_1_427' title='bbox 1790 445 1898 496; x_wconf 78' lang='grc' dir='ltr'>χωρὶς</span> <span class='ocrx_word' id='word_1_428' title='bbox 1925 446 2080 493; x_wconf 73' lang='grc' dir='ltr'>δαπάνης</span> <span class='ocrx_word' id='word_1_429' title='bbox 2104 447 2190 486; x_wconf 90' lang='grc' dir='ltr'>πολυ</span> <span class='ocrx_word' id='word_1_430' title='bbox 2208 448 2304 500; x_wconf 81' lang='grc' dir='ltr'>φέρει</span> <span class='ocrx_word' id='word_1_431' title='bbox 2322 448 2362 487; x_wconf 84' lang='grc' dir='ltr'>τὸ</span> 
     </span>
     <span class='ocr_line' id='line_1_61' title="bbox 1336 501 2360 561; baseline 0.009 -21"><span class='ocrx_word' id='word_1_432' title='bbox 1336 501 1454 554; x_wconf 80' lang='grc' dir='ltr'>κέρδος</span> <span class='ocrx_word' id='word_1_433' title='bbox 1467 505 1552 553; x_wconf 82' lang='grc' dir='ltr'>ἡμῖν</span> <span class='ocrx_word' id='word_1_434' title='bbox 1571 503 1630 541; x_wconf 79' lang='grc' dir='ltr'>καὶ</span> <span class='ocrx_word' id='word_1_435' title='bbox 1646 503 1803 554; x_wconf 84' lang='grc' dir='ltr'>μόνιμον.</span> <span class='ocrx_word' id='word_1_436' title='bbox 1816 508 1867 543; x_wconf 84' lang='grc' dir='ltr'>Οὐ</span> <span class='ocrx_word' id='word_1_437' title='bbox 1888 505 1956 559; x_wconf 77' lang='grc' dir='ltr'>γὰρ</span> <span class='ocrx_word' id='word_1_438' title='bbox 1975 508 2151 561; x_wconf 79' lang='grc' dir='ltr'>ἄνθρωποι</span> <span class='ocrx_word' id='word_1_439' title='bbox 2167 509 2360 559; x_wconf 84' lang='grc' dir='ltr'>μεθύοντες,</span> 
     </span>
    </p>
   </div>
   <div class='ocr_carea' id='block_1_7' title="bbox 1337 562 2410 620">
    <p class='ocr_par' dir='ltr' id='par_1_43' title="bbox 1337 562 2410 620">
     <span class='ocr_line' id='line_1_62' title="bbox 1337 562 2410 620; baseline 0.007 -20"><span class='ocrx_word' id='word_1_440' title='bbox 1337 562 1428 601; x_wconf 83' lang='grc' dir='ltr'>ἀλλὰ</span> <span class='ocrx_word' id='word_1_441' title='bbox 1452 567 1520 601; x_wconf 77' lang='grc' dir='ltr'>τῶν</span> <span class='ocrx_word' id='word_1_442' title='bbox 1549 565 1704 616; x_wconf 83' lang='grc' dir='ltr'>ἀγγέλων</span> <span class='ocrx_word' id='word_1_443' title='bbox 1725 569 1743 603; x_wconf 85' lang='grc' dir='ltr'>ὃ</span> <span class='ocrx_word' id='word_1_444' title='bbox 1763 566 1872 616; x_wconf 73' lang='grc' dir='ltr'>δῆμος</span> <span class='ocrx_word' id='word_1_445' title='bbox 1900 568 1958 605; x_wconf 79' lang='grc' dir='ltr'>τὸν</span> <span class='ocrx_word' id='word_1_446' title='bbox 1991 570 2062 605; x_wconf 87' lang='grc' dir='ltr'>ἐκεῖ</span> <span class='ocrx_word' id='word_1_447' title='bbox 2093 570 2360 620; x_wconf 81' lang='grc' dir='ltr'>πολιτευόμενον</span> <span class='ocrx_word' id='word_1_448' title='bbox 2401 598 2410 601; x_wconf 51' lang='lat'><em>1</em></span> 
     </span>
    </p>
   </div>
   <div class='ocr_carea' id='block_1_8' title="bbox 1246 626 2359 3375">
    <p class='ocr_par' dir='ltr' id='par_1_44' title="bbox 1246 626 2359 3375">
     <span class='ocr_line' id='line_1_63' title="bbox 1335 626 2358 682; baseline 0.008 -21"><span class='ocrx_word' id='word_1_449' title='bbox 1335 628 1494 675; x_wconf 75' lang='grc' dir='ltr'>κροτοῦσι</span> <span class='ocrx_word' id='word_1_450' title='bbox 1525 626 1704 671; x_wconf 77' lang='grc' dir='ltr'>διηνεκῶς.</span> <span class='ocrx_word' id='word_1_451' title='bbox 1737 627 1807 665; x_wconf 75' lang='grc' dir='ltr'>Καὶ</span> <span class='ocrx_word' id='word_1_452' title='bbox 1839 627 1874 665; x_wconf 86' lang='grc' dir='ltr'>τί</span> <span class='ocrx_word' id='word_1_453' title='bbox 1902 627 1994 679; x_wconf 79' lang='grc' dir='ltr'>λέγω</span> <span class='ocrx_word' id='word_1_454' title='bbox 2019 632 2088 667; x_wconf 81' lang='grc' dir='ltr'>τῶν</span> <span class='ocrx_word' id='word_1_455' title='bbox 2117 632 2274 682; x_wconf 82' lang='grc' dir='ltr'>ἀγγέλων</span> <span class='ocrx_word' id='word_1_456' title='bbox 2299 631 2358 669; x_wconf 82' lang='grc' dir='ltr'>τὸν</span> 
     </span>
     <span class='ocr_line' id='line_1_64' title="bbox 1334 685 2356 739; baseline 0.009 -18"><span class='ocrx_word' id='word_1_457' title='bbox 1334 685 1461 734; x_wconf 72' lang='grc' dir='ltr'>δῆμον,</span> <span class='ocrx_word' id='word_1_458' title='bbox 1491 686 1603 729; x_wconf 80' lang='grc' dir='ltr'>Αὐτὸς</span> <span class='ocrx_word' id='word_1_459' title='bbox 1628 687 1728 725; x_wconf 80' lang='grc' dir='ltr'>αὐτὸν</span> <span class='ocrx_word' id='word_1_460' title='bbox 1748 691 1765 725; x_wconf 84' lang='grc' dir='ltr'>ὁ</span> <span class='ocrx_word' id='word_1_461' title='bbox 1782 690 1849 725; x_wconf 82' lang='grc' dir='ltr'>τῶν</span> <span class='ocrx_word' id='word_1_462' title='bbox 1873 688 2028 739; x_wconf 75' lang='grc' dir='ltr'>οἱ··((έλων</span> <span class='ocrx_word' id='word_1_463' title='bbox 2049 691 2264 737; x_wconf 76' lang='grc' dir='ltr'>Δεσπότης’</span> <span class='ocrx_word' id='word_1_464' title='bbox 2249 707 2356 730; x_wconf 83' lang='grc' dir='ltr'>επαι-</span> 
     </span>
     <span class='ocr_line' id='line_1_65' title="bbox 1332 744 2359 803; baseline 0.008 -21"><span class='ocrx_word' id='word_1_465' title='bbox 1332 744 1422 784; x_wconf 87' lang='grc' dir='ltr'>νέσει</span> <span class='ocrx_word' id='word_1_466' title='bbox 1453 747 1512 785; x_wconf 85' lang='grc' dir='ltr'>καὶ</span> <span class='ocrx_word' id='word_1_467' title='bbox 1540 747 1754 792; x_wconf 82' lang='grc' dir='ltr'>ἀποοέξεται.</span> <span class='ocrx_word' id='word_1_468' title='bbox 1776 748 1861 787; x_wconf 81' lang='lat' dir='ltr'>‘O</span> <span class='ocrx_word' id='word_1_469' title='bbox 1843 749 1878 788; x_wconf 78' lang='grc' dir='ltr'>οὲ</span> <span class='ocrx_word' id='word_1_470' title='bbox 1899 749 1996 803; x_wconf 76' lang='grc' dir='ltr'>παρὰ</span> <span class='ocrx_word' id='word_1_471' title='bbox 2015 767 2074 788; x_wconf 84' lang='grc' dir='ltr'>του</span> <span class='ocrx_word' id='word_1_472' title='bbox 2091 753 2214 790; x_wconf 88' lang='grc' dir='ltr'>Θεου</span> <span class='ocrx_word' id='word_1_473' title='bbox 2199 752 2359 790; x_wconf 87' lang='grc' dir='ltr'>επαινού-</span> 
     </span>
     <span class='ocr_line' id='line_1_66' title="bbox 1282 808 2359 864; baseline 0.009 -21"><span class='ocrx_word' id='word_1_474' title='bbox 1282 820 1306 850; x_wconf 81' lang='grc' dir='ltr'>Ε</span> <span class='ocrx_word' id='word_1_475' title='bbox 1333 822 1452 856; x_wconf 88' lang='grc' dir='ltr'>μενος,</span> <span class='ocrx_word' id='word_1_476' title='bbox 1473 810 1510 846; x_wconf 87' lang='grc' dir='ltr'>οὐ</span> <span class='ocrx_word' id='word_1_477' title='bbox 1532 808 1628 859; x_wconf 88' lang='grc' dir='ltr'>μίαν,</span> <span class='ocrx_word' id='word_1_478' title='bbox 1645 809 1721 848; x_wconf 83' lang='grc' dir='ltr'>οὐοε</span> <span class='ocrx_word' id='word_1_479' title='bbox 1741 810 1821 858; x_wconf 78' lang='grc' dir='ltr'>δύο,</span> <span class='ocrx_word' id='word_1_480' title='bbox 1841 811 1900 849; x_wconf 77' lang='grc' dir='ltr'>καὶ</span> <span class='ocrx_word' id='word_1_481' title='bbox 1915 817 2006 864; x_wconf 81' lang='grc' dir='ltr'>τρεῖς</span> <span class='ocrx_word' id='word_1_482' title='bbox 2022 812 2176 864; x_wconf 68' lang='grc' dir='ltr'>ἡμέρας,</span> <span class='ocrx_word' id='word_1_483' title='bbox 2195 814 2321 852; x_wconf 76' lang='grc' dir='ltr'>ἀλλὰ</span> <span class='ocrx_word' id='word_1_484' title='bbox 2302 814 2359 853; x_wconf 82' lang='grc' dir='ltr'>οιὰ</span> 
     </span>
     <span class='ocr_line' id='line_1_67' title="bbox 1329 868 2358 926; baseline 0.01 -22"><span class='ocrx_word' id='word_1_485' title='bbox 1329 868 1458 912; x_wconf 81' lang='grc' dir='ltr'>παντὸς</span> <span class='ocrx_word' id='word_1_486' title='bbox 1480 875 1540 908; x_wconf 81' lang='grc' dir='ltr'>τοῦ</span> <span class='ocrx_word' id='word_1_487' title='bbox 1568 873 1688 914; x_wconf 83' lang='grc' dir='ltr'>αἰῶνος</span> <span class='ocrx_word' id='word_1_488' title='bbox 1715 872 1890 922; x_wconf 82' lang='grc' dir='ltr'>πομπεύει</span> <span class='ocrx_word' id='word_1_489' title='bbox 1910 877 2192 926; x_wconf 65' lang='grc' dir='ltr'>στεφανηφορῶν,</span> <span class='ocrx_word' id='word_1_490' title='bbox 2215 875 2273 913; x_wconf 80' lang='grc' dir='ltr'>καὶ</span> <span class='ocrx_word' id='word_1_491' title='bbox 2291 892 2358 926; x_wconf 90' lang='grc' dir='ltr'>γυ-</span> 
     </span>
     <span class='ocr_line' id='line_1_68' title="bbox 1329 927 2356 982; baseline 0.009 -16"><span class='ocrx_word' id='word_1_492' title='bbox 1329 927 1418 979; x_wconf 79' lang='grc' dir='ltr'>μνὴν</span> <span class='ocrx_word' id='word_1_493' title='bbox 1447 931 1510 968; x_wconf 84' lang='grc' dir='ltr'>οὐκ</span> <span class='ocrx_word' id='word_1_494' title='bbox 1540 931 1581 968; x_wconf 82' lang='grc' dir='ltr'>ἄν</span> <span class='ocrx_word' id='word_1_495' title='bbox 1607 947 1691 969; x_wconf 86' lang='grc' dir='ltr'>ποτε</span> <span class='ocrx_word' id='word_1_496' title='bbox 1724 932 1807 976; x_wconf 76' lang='grc' dir='ltr'>ἴδοις</span> <span class='ocrx_word' id='word_1_497' title='bbox 1838 937 1899 980; x_wconf 71' lang='grc' dir='ltr'>τῆς</span> <span class='ocrx_word' id='word_1_498' title='bbox 1921 933 2020 981; x_wconf 77' lang='grc' dir='ltr'>δόξης</span> <span class='ocrx_word' id='word_1_499' title='bbox 2043 935 2174 982; x_wconf 78' lang='grc' dir='ltr'>ἐκείνης</span> <span class='ocrx_word' id='word_1_500' title='bbox 2201 935 2265 982; x_wconf 79' lang='grc' dir='ltr'>τὴν</span> <span class='ocrx_word' id='word_1_501' title='bbox 2295 942 2356 975; x_wconf 78' lang='grc' dir='ltr'>τοῦ</span> 
     </span>
     <span class='ocr_line' id='line_1_69' title="bbox 1327 990 2358 1048; baseline 0.007 -21"><span class='ocrx_word' id='word_1_502' title='bbox 1327 990 1481 1029; x_wconf 88' lang='grc' dir='ltr'>τοιούτου</span> <span class='ocrx_word' id='word_1_503' title='bbox 1501 992 1654 1044; x_wconf 68' lang='grc' dir='ltr'>κεφαλήν</span> <span class='ocrx_word' id='word_1_504' title='bbox 1670 1008 1678 1015; x_wconf 91' lang='grc'><em>·</em></span> <span class='ocrx_word' id='word_1_505' title='bbox 1710 995 1747 1030; x_wconf 86' lang='lat'><strong>06</strong></span> <span class='ocrx_word' id='word_1_506' title='bbox 1769 993 1835 1044; x_wconf 77' lang='grc' dir='ltr'>γὰρ</span> <span class='ocrx_word' id='word_1_507' title='bbox 1865 995 2074 1047; x_wconf 80' lang='grc' dir='ltr'>ὡρισμέναις</span> <span class='ocrx_word' id='word_1_508' title='bbox 2094 995 2243 1048; x_wconf 73' lang='grc' dir='ltr'>ἡμέραις</span> <span class='ocrx_word' id='word_1_509' title='bbox 2261 998 2279 1033; x_wconf 86' lang='grc' dir='ltr'>ὁ</span> <span class='ocrx_word' id='word_1_510' title='bbox 2294 1001 2358 1044; x_wconf 75' lang='grc' dir='ltr'>τῆς</span> 
     </span>
     <span class='ocr_line' id='line_1_70' title="bbox 1326 1051 2358 1110; baseline 0.007 -21"><span class='ocrx_word' id='word_1_511' title='bbox 1326 1051 1555 1104; x_wconf 84' lang='grc' dir='ltr'>πανηγύρεως</span> <span class='ocrx_word' id='word_1_512' title='bbox 1572 1053 1702 1101; x_wconf 87' lang='grc' dir='ltr'>ταύτης</span> <span class='ocrx_word' id='word_1_513' title='bbox 1720 1054 2000 1106; x_wconf 80' lang='grc' dir='ltr'>περιγέγραπται</span> <span class='ocrx_word' id='word_1_514' title='bbox 2015 1057 2150 1108; x_wconf 77' lang='grc' dir='ltr'>χρόνος,</span> <span class='ocrx_word' id='word_1_515' title='bbox 2166 1057 2257 1095; x_wconf 80' lang='grc' dir='ltr'>ἀλλὰ</span> <span class='ocrx_word' id='word_1_516' title='bbox 2271 1059 2358 1110; x_wconf 83' lang='grc' dir='ltr'>πρὸς</span> 
     </span>
     <span class='ocr_line' id='line_1_71' title="bbox 1324 1111 2356 1167; baseline 0.009 -18"><span class='ocrx_word' id='word_1_517' title='bbox 1324 1111 1388 1159; x_wconf 82' lang='grc' dir='ltr'>τὴν</span> <span class='ocrx_word' id='word_1_518' title='bbox 1418 1114 1608 1153; x_wconf 79' lang='grc' dir='ltr'>ἀθανασίαν</span> <span class='ocrx_word' id='word_1_519' title='bbox 1635 1119 1704 1153; x_wconf 78' lang='grc' dir='ltr'>τῶν</span> <span class='ocrx_word' id='word_1_520' title='bbox 1737 1116 1936 1166; x_wconf 81' lang='grc' dir='ltr'>μελλόντων</span> <span class='ocrx_word' id='word_1_521' title='bbox 1975 1118 2178 1156; x_wconf 75' lang='grc' dir='ltr'>ἐκτείνεται.</span> <span class='ocrx_word' id='word_1_522' title='bbox 2212 1119 2356 1167; x_wconf 88' lang='grc' dir='ltr'>Ταύτης</span> 
     </span>
     <span class='ocr_line' id='line_1_72' title="bbox 1324 1176 2354 1231; baseline 0.007 -19"><span class='ocrx_word' id='word_1_523' title='bbox 1324 1177 1386 1221; x_wconf 77' lang='grc' dir='ltr'>τῆς</span> <span class='ocrx_word' id='word_1_524' title='bbox 1405 1176 1620 1228; x_wconf 84' lang='grc' dir='ltr'>λειτουργίας</span> <span class='ocrx_word' id='word_1_525' title='bbox 1646 1179 1709 1215; x_wconf 81' lang='grc' dir='ltr'>οὐκ</span> <span class='ocrx_word' id='word_1_526' title='bbox 1727 1177 1768 1214; x_wconf 84' lang='grc' dir='ltr'>ἄν</span> <span class='ocrx_word' id='word_1_527' title='bbox 1788 1192 1873 1215; x_wconf 90' lang='grc' dir='ltr'>ποτε</span> <span class='ocrx_word' id='word_1_528' title='bbox 1900 1177 2032 1229; x_wconf 87' lang='grc' dir='ltr'>γένοιτο</span> <span class='ocrx_word' id='word_1_529' title='bbox 2051 1179 2153 1217; x_wconf 85' lang='grc' dir='ltr'>πενία</span> <span class='ocrx_word' id='word_1_530' title='bbox 2182 1179 2330 1231; x_wconf 84' lang='grc' dir='ltr'>κώλυμα</span> <span class='ocrx_word' id='word_1_531' title='bbox 2343 1212 2354 1230; x_wconf 86' lang='grc'>,</span> 
     </span>
     <span class='ocr_line' id='line_1_73' title="bbox 1324 1235 2352 1294; baseline 0.007 -21"><span class='ocrx_word' id='word_1_532' title='bbox 1324 1235 1415 1273; x_wconf 81' lang='grc' dir='ltr'>ἀλλὰ</span> <span class='ocrx_word' id='word_1_533' title='bbox 1447 1238 1589 1276; x_wconf 80' lang='grc' dir='ltr'>δυνατὸν</span> <span class='ocrx_word' id='word_1_534' title='bbox 1608 1239 1667 1276; x_wconf 68' lang='grc' dir='ltr'>καὶ</span> <span class='ocrx_word' id='word_1_535' title='bbox 1686 1238 1743 1277; x_wconf 82' lang='grc' dir='ltr'>τὸν</span> <span class='ocrx_word' id='word_1_536' title='bbox 1771 1238 1904 1286; x_wconf 88' lang='grc' dir='ltr'>πένητα</span> <span class='ocrx_word' id='word_1_537' title='bbox 1940 1241 2186 1294; x_wconf 71' lang='grc' dir='ltr'>λειτουργῆσαι</span> <span class='ocrx_word' id='word_1_538' title='bbox 2220 1242 2352 1290; x_wconf 84' lang='grc' dir='ltr'>ταύτην</span> 
     </span>
     <span class='ocr_line' id='line_1_74' title="bbox 1322 1296 2354 1351; baseline 0.008 -17"><span class='ocrx_word' id='word_1_539' title='bbox 1322 1296 1384 1343; x_wconf 87' lang='grc' dir='ltr'>τὴν</span> <span class='ocrx_word' id='word_1_540' title='bbox 1399 1298 1630 1351; x_wconf 85' lang='grc' dir='ltr'>λειτουργίαν,</span> <span class='ocrx_word' id='word_1_541' title='bbox 1648 1300 1706 1338; x_wconf 80' lang='grc' dir='ltr'>καὶ</span> <span class='ocrx_word' id='word_1_542' title='bbox 1723 1300 1878 1350; x_wconf 83' lang='grc' dir='ltr'>μάλιστα</span> <span class='ocrx_word' id='word_1_543' title='bbox 1898 1301 1955 1339; x_wconf 82' lang='grc' dir='ltr'>τὸν</span> <span class='ocrx_word' id='word_1_544' title='bbox 1970 1301 2104 1349; x_wconf 80' lang='grc' dir='ltr'>πένητα</span> <span class='ocrx_word' id='word_1_545' title='bbox 2120 1332 2129 1349; x_wconf 94' lang='grc'>,</span> <span class='ocrx_word' id='word_1_546' title='bbox 2153 1303 2214 1341; x_wconf 78' lang='grc' dir='ltr'>ἅτε</span> <span class='ocrx_word' id='word_1_547' title='bbox 2236 1304 2354 1350; x_wconf 80' lang='grc' dir='ltr'>πάσης</span> 
     </span>
     <span class='ocr_line' id='line_1_75' title="bbox 1322 1359 2353 1416; baseline 0.007 -20"><span class='ocrx_word' id='word_1_548' title='bbox 1322 1359 1592 1411; x_wconf 81' lang='grc' dir='ltr'>ἀπηλλαγμένον</span> <span class='ocrx_word' id='word_1_549' title='bbox 1616 1361 1809 1413; x_wconf 74' lang='grc' dir='ltr'>φαντασίας</span> <span class='ocrx_word' id='word_1_550' title='bbox 1832 1364 2001 1412; x_wconf 65' lang='grc' dir='ltr'>βιωτικῆς</span> <span class='ocrx_word' id='word_1_551' title='bbox 2015 1378 2023 1385; x_wconf 93' lang='grc'><em>·</em></span> <span class='ocrx_word' id='word_1_552' title='bbox 2053 1365 2090 1401; x_wconf 82' lang='grc' dir='ltr'>οὐ</span> <span class='ocrx_word' id='word_1_553' title='bbox 2110 1363 2178 1416; x_wconf 81' lang='grc' dir='ltr'>γὰρ</span> <span class='ocrx_word' id='word_1_554' title='bbox 2197 1364 2353 1412; x_wconf 77' lang='grc' dir='ltr'>δαπάνης</span> 
     </span>
     <span class='ocr_line' id='line_1_76' title="bbox 1320 1420 2352 1478; baseline 0.005 -20"><span class='ocrx_word' id='word_1_555' title='bbox 1320 1420 1514 1471; x_wconf 78' lang='grc' dir='ltr'>χρημάτων</span> <span class='ocrx_word' id='word_1_556' title='bbox 1541 1421 1600 1459; x_wconf 83' lang='grc' dir='ltr'>καὶ</span> <span class='ocrx_word' id='word_1_557' title='bbox 1633 1422 1850 1475; x_wconf 81' lang='grc' dir='ltr'>περιουσίας,</span> <span class='ocrx_word' id='word_1_558' title='bbox 1873 1423 1962 1461; x_wconf 79' lang='grc' dir='ltr'>ἀλλὰ</span> <span class='ocrx_word' id='word_1_559' title='bbox 1991 1426 2106 1476; x_wconf 60' lang='grc' dir='ltr'>ψυχῆς</span> <span class='ocrx_word' id='word_1_560' title='bbox 2127 1430 2177 1462; x_wconf 84' lang='grc' dir='ltr'>οεῖ</span> <span class='ocrx_word' id='word_1_561' title='bbox 2197 1429 2352 1478; x_wconf 77' lang='grc' dir='ltr'>καθαρᾶς</span> 
     </span>
     <span class='ocr_line' id='line_1_77' title="bbox 1319 1481 2350 1536; baseline 0.006 -18"><span class='ocrx_word' id='word_1_562' title='bbox 1319 1481 1378 1518; x_wconf 87' lang='grc' dir='ltr'>καὶ</span> <span class='ocrx_word' id='word_1_563' title='bbox 1399 1482 1643 1534; x_wconf 74' lang='grc' dir='ltr'>σωορονούσης</span> <span class='ocrx_word' id='word_1_564' title='bbox 1657 1483 1821 1527; x_wconf 83' lang='grc' dir='ltr'>διανοίας.</span> <span class='ocrx_word' id='word_1_565' title='bbox 1844 1484 1927 1522; x_wconf 80' lang='grc' dir='ltr'>Απὸ</span> <span class='ocrx_word' id='word_1_566' title='bbox 1943 1485 2071 1530; x_wconf 84' lang='grc' dir='ltr'>ταύτης</span> <span class='ocrx_word' id='word_1_567' title='bbox 2084 1486 2144 1523; x_wconf 84' lang='grc' dir='ltr'>καὶ</span> <span class='ocrx_word' id='word_1_568' title='bbox 2163 1485 2207 1524; x_wconf 86' lang='grc' dir='ltr'>τὰ</span> <span class='ocrx_word' id='word_1_569' title='bbox 2225 1487 2350 1536; x_wconf 71' lang='grc' dir='ltr'>ἱμάτια</span> 
     </span>
     <span class='ocr_line' id='line_1_78' title="bbox 1318 1543 2349 1597; baseline 0.006 -18"><span class='ocrx_word' id='word_1_570' title='bbox 1318 1544 1381 1587; x_wconf 68' lang='grc' dir='ltr'>τῆς</span> <span class='ocrx_word' id='word_1_571' title='bbox 1403 1543 1579 1587; x_wconf 81' lang='grc' dir='ltr'>πολιτείας</span> <span class='ocrx_word' id='word_1_572' title='bbox 1608 1545 1741 1591; x_wconf 82' lang='grc' dir='ltr'>ἐκείνης</span> <span class='ocrx_word' id='word_1_573' title='bbox 1767 1545 1948 1597; x_wconf 68' lang='grc' dir='ltr'>ὑφαίνεται</span> <span class='ocrx_word' id='word_1_574' title='bbox 1965 1548 2006 1596; x_wconf 76' lang='grc' dir='ltr'>τῇ</span> <span class='ocrx_word' id='word_1_575' title='bbox 2028 1547 2124 1597; x_wconf 73' lang='grc' dir='ltr'>ψυγῇ</span> <span class='ocrx_word' id='word_1_576' title='bbox 2139 1576 2148 1593; x_wconf 93' lang='grc'>,</span> <span class='ocrx_word' id='word_1_577' title='bbox 2167 1562 2226 1584; x_wconf 86' lang='grc' dir='ltr'>και</span> <span class='ocrx_word' id='word_1_578' title='bbox 2240 1550 2257 1584; x_wconf 85' lang='grc' dir='ltr'>ὁ</span> <span class='ocrx_word' id='word_1_579' title='bbox 2272 1546 2349 1585; x_wconf 88' lang='grc' dir='ltr'>στέ-</span> 
     </span>
     <span class='ocr_line' id='line_1_79' title="bbox 1269 1603 2348 1657; baseline 0.006 -18"><span class='ocrx_word' id='word_1_580' title='bbox 1269 1617 1294 1646; x_wconf 73' lang='lat' dir='ltr'>A</span> <span class='ocrx_word' id='word_1_581' title='bbox 1319 1617 1421 1654; x_wconf 80' lang='grc' dir='ltr'>φανος</span> <span class='ocrx_word' id='word_1_582' title='bbox 1449 1603 1635 1641; x_wconf 77' lang='grc' dir='ltr'>πλέκεται”</span> <span class='ocrx_word' id='word_1_583' title='bbox 1669 1604 1760 1643; x_wconf 84' lang='grc' dir='ltr'>ὥστε</span> <span class='ocrx_word' id='word_1_584' title='bbox 1788 1605 1828 1642; x_wconf 87' lang='grc' dir='ltr'>ἂν</span> <span class='ocrx_word' id='word_1_585' title='bbox 1849 1604 1896 1655; x_wconf 85' lang='grc' dir='ltr'>μὴ</span> <span class='ocrx_word' id='word_1_586' title='bbox 1924 1610 1994 1647; x_wconf 90' lang='grc' dir='ltr'>τοῖς</span> <span class='ocrx_word' id='word_1_587' title='bbox 2019 1607 2082 1650; x_wconf 83' lang='grc' dir='ltr'>τ’ῆς</span> <span class='ocrx_word' id='word_1_588' title='bbox 2102 1608 2227 1656; x_wconf 71' lang='grc' dir='ltr'>ἀρετῆς</span> <span class='ocrx_word' id='word_1_589' title='bbox 2246 1610 2268 1657; x_wconf 86' lang='grc' dir='ltr'>ἠ</span> <span class='ocrx_word' id='word_1_590' title='bbox 2291 1622 2348 1645; x_wconf 85' lang='grc' dir='ltr'>κε-</span> 
     </span>
     <span class='ocr_line' id='line_1_80' title="bbox 1316 1664 2346 1719; baseline 0.005 -18"><span class='ocrx_word' id='word_1_591' title='bbox 1316 1664 1522 1714; x_wconf 85' lang='grc' dir='ltr'>κοσμημένη</span> <span class='ocrx_word' id='word_1_592' title='bbox 1544 1665 1825 1717; x_wconf 82' lang='grc' dir='ltr'>κατορθώμασιν,</span> <span class='ocrx_word' id='word_1_593' title='bbox 1842 1665 1917 1704; x_wconf 82' lang='grc' dir='ltr'>οὐοὲ</span> <span class='ocrx_word' id='word_1_594' title='bbox 1920 1682 1936 1702; x_wconf 84' lang='grc' dir='ltr'>ν</span> <span class='ocrx_word' id='word_1_595' title='bbox 1956 1665 2076 1717; x_wconf 74' lang='grc' dir='ltr'>ὄφελος</span> <span class='ocrx_word' id='word_1_596' title='bbox 2096 1669 2181 1719; x_wconf 79' lang='grc' dir='ltr'>αὐτη</span> <span class='ocrx_word' id='word_1_597' title='bbox 2201 1668 2346 1719; x_wconf 81' lang='grc' dir='ltr'>χρυσίου</span> 
     </span>
     <span class='ocr_line' id='line_1_81' title="bbox 1315 1722 2346 1779; baseline 0.003 -16"><span class='ocrx_word' id='word_1_598' title='bbox 1315 1726 1464 1764; x_wconf 81' lang='grc' dir='ltr'>πολλοῦ·</span> <span class='ocrx_word' id='word_1_599' title='bbox 1487 1725 1605 1779; x_wconf 81' lang='grc' dir='ltr'>ὥσπερ</span> <span class='ocrx_word' id='word_1_600' title='bbox 1635 1722 1694 1764; x_wconf 63' lang='grc' dir='ltr'>οὖν</span> <span class='ocrx_word' id='word_1_601' title='bbox 1730 1727 1807 1765; x_wconf 76' lang='grc' dir='ltr'>οὐδὲ</span> <span class='ocrx_word' id='word_1_602' title='bbox 1839 1727 1968 1778; x_wconf 58' lang='grc' dir='ltr'>βλοίῧος</span> <span class='ocrx_word' id='word_1_603' title='bbox 1997 1727 2096 1765; x_wconf 83' lang='grc' dir='ltr'>ἔσται</span> <span class='ocrx_word' id='word_1_604' title='bbox 2123 1727 2265 1776; x_wconf 84' lang='grc' dir='ltr'>πενίας,</span> <span class='ocrx_word' id='word_1_605' title='bbox 2286 1728 2346 1767; x_wconf 84' lang='grc' dir='ltr'>ἐὰν</span> 
     </span>
     <span class='ocr_line' id='line_1_82' title="bbox 1315 1787 2344 1840; baseline 0.002 -15"><span class='ocrx_word' id='word_1_606' title='bbox 1315 1787 1372 1825; x_wconf 84' lang='grc' dir='ltr'>τὸν</span> <span class='ocrx_word' id='word_1_607' title='bbox 1392 1787 1523 1826; x_wconf 76' lang='grc' dir='ltr'>ἔνδοθεν</span> <span class='ocrx_word' id='word_1_608' title='bbox 1545 1787 1609 1840; x_wconf 69' lang='grc' dir='ltr'>ἔχῃ</span> <span class='ocrx_word' id='word_1_609' title='bbox 1629 1790 1776 1827; x_wconf 77' lang='grc' dir='ltr'>πλοῦτον</span> <span class='ocrx_word' id='word_1_610' title='bbox 1809 1787 2090 1838; x_wconf 85' lang='grc' dir='ltr'>ἐναποκείμενον.</span> <span class='ocrx_word' id='word_1_611' title='bbox 2112 1787 2257 1836; x_wconf 83' lang='grc' dir='ltr'>Ταύτην</span> <span class='ocrx_word' id='word_1_612' title='bbox 2279 1789 2344 1837; x_wconf 81' lang='grc' dir='ltr'>τὴν</span> 
     </span>
     <span class='ocr_line' id='line_1_83' title="bbox 1316 1848 2346 1903; baseline 0.003 -17"><span class='ocrx_word' id='word_1_613' title='bbox 1316 1850 1532 1901; x_wconf 78' lang='grc' dir='ltr'>λειτουργίαν</span> <span class='ocrx_word' id='word_1_614' title='bbox 1550 1849 1600 1903; x_wconf 86' lang='grc' dir='ltr'>μὴ</span> <span class='ocrx_word' id='word_1_615' title='bbox 1624 1849 1726 1900; x_wconf 83' lang='grc' dir='ltr'>μόνον</span> <span class='ocrx_word' id='word_1_616' title='bbox 1742 1849 1882 1903; x_wconf 73' lang='grc' dir='ltr'>ἄρρενες</span> <span class='ocrx_word' id='word_1_617' title='bbox 1897 1850 2036 1896; x_wconf 82' lang='grc' dir='ltr'>παῖδες,</span> <span class='ocrx_word' id='word_1_618' title='bbox 2058 1848 2149 1887; x_wconf 83' lang='grc' dir='ltr'>ἀλλὰ</span> <span class='ocrx_word' id='word_1_619' title='bbox 2165 1850 2224 1887; x_wconf 87' lang='grc' dir='ltr'>καὶ</span> <span class='ocrx_word' id='word_1_620' title='bbox 2237 1853 2346 1903; x_wconf 86' lang='grc' dir='ltr'>θυγα-</span> 
     </span>
     <span class='ocr_line' id='line_1_84' title="bbox 1314 1909 2345 1965; baseline 0.001 -17"><span class='ocrx_word' id='word_1_621' title='bbox 1314 1909 1410 1965; x_wconf 85' lang='grc' dir='ltr'>τέρες</span> <span class='ocrx_word' id='word_1_622' title='bbox 1434 1915 1518 1961; x_wconf 81' lang='grc' dir='ltr'>ἡμῖν</span> <span class='ocrx_word' id='word_1_623' title='bbox 1542 1911 1868 1964; x_wconf 72' lang='grc' dir='ltr'>λεττυυργείτωσαν·</span> <span class='ocrx_word' id='word_1_624' title='bbox 1899 1911 1937 1948; x_wconf 82' lang='grc' dir='ltr'>οὐ</span> <span class='ocrx_word' id='word_1_625' title='bbox 1971 1910 2038 1963; x_wconf 83' lang='grc' dir='ltr'>γὰρ</span> <span class='ocrx_word' id='word_1_626' title='bbox 2066 1909 2184 1962; x_wconf 78' lang='grc' dir='ltr'>ὥσπερ</span> <span class='ocrx_word' id='word_1_627' title='bbox 2205 1912 2261 1949; x_wconf 81' lang='grc' dir='ltr'>ἐπὶ</span> <span class='ocrx_word' id='word_1_628' title='bbox 2282 1914 2345 1958; x_wconf 86' lang='grc' dir='ltr'>τ’ῆς</span> 
     </span>
     <span class='ocr_line' id='line_1_85' title="bbox 1313 1971 2342 2025; baseline 0.003 -17"><span class='ocrx_word' id='word_1_629' title='bbox 1313 1971 1433 2016; x_wconf 82' lang='grc' dir='ltr'>ἔξωθεν</span> <span class='ocrx_word' id='word_1_630' title='bbox 1465 1972 1642 2016; x_wconf 85' lang='grc' dir='ltr'>πολιτείας</span> <span class='ocrx_word' id='word_1_631' title='bbox 1672 1972 1817 2025; x_wconf 77' lang='grc' dir='ltr'>ἀνδράσι</span> <span class='ocrx_word' id='word_1_632' title='bbox 1851 1972 1953 2023; x_wconf 87' lang='grc' dir='ltr'>μόνον</span> <span class='ocrx_word' id='word_1_633' title='bbox 1988 1975 2098 2010; x_wconf 74' lang='grc' dir='ltr'>ταῦτα</span> <span class='ocrx_word' id='word_1_634' title='bbox 2131 1973 2342 2025; x_wconf 84' lang='grc' dir='ltr'>λειτουργεῖν</span> 
     </span>
     <span class='ocr_line' id='line_1_86' title="bbox 1312 2032 2330 2087; baseline 0.002 -17"><span class='ocrx_word' id='word_1_635' title='bbox 1312 2033 1556 2080; x_wconf 83' lang='grc' dir='ltr'>ἐπιτέτακται,</span> <span class='ocrx_word' id='word_1_636' title='bbox 1591 2033 1681 2072; x_wconf 77' lang='grc' dir='ltr'>ἀλλὰ</span> <span class='ocrx_word' id='word_1_637' title='bbox 1708 2034 1768 2071; x_wconf 86' lang='grc' dir='ltr'>καὶ</span> <span class='ocrx_word' id='word_1_638' title='bbox 1803 2038 1971 2085; x_wconf 84' lang='grc' dir='ltr'>γυναῖκας</span> <span class='ocrx_word' id='word_1_639' title='bbox 2000 2034 2109 2070; x_wconf 80' lang='grc' dir='ltr'>ἐκεῖνο</span> <span class='ocrx_word' id='word_1_640' title='bbox 2130 2032 2169 2070; x_wconf 85' lang='grc' dir='ltr'>τὸ</span> <span class='ocrx_word' id='word_1_641' title='bbox 2189 2033 2330 2087; x_wconf 84' lang='grc' dir='ltr'>θέατρον</span> 
     </span>
     <span class='ocr_line' id='line_1_87' title="bbox 1311 2093 2341 2147; baseline 0.001 -15"><span class='ocrx_word' id='word_1_642' title='bbox 1311 2094 1462 2146; x_wconf 78' lang='grc' dir='ltr'>δέχεται,</span> <span class='ocrx_word' id='word_1_643' title='bbox 1492 2095 1550 2133; x_wconf 84' lang='grc' dir='ltr'>καὶ</span> <span class='ocrx_word' id='word_1_644' title='bbox 1566 2095 1752 2147; x_wconf 86' lang='grc' dir='ltr'>γέροντας,</span> <span class='ocrx_word' id='word_1_645' title='bbox 1782 2094 1841 2133; x_wconf 81' lang='grc' dir='ltr'>καὶ</span> <span class='ocrx_word' id='word_1_646' title='bbox 1871 2094 1987 2142; x_wconf 84' lang='grc' dir='ltr'>νέους,</span> <span class='ocrx_word' id='word_1_647' title='bbox 2012 2093 2071 2131; x_wconf 88' lang='grc' dir='ltr'>καὶ</span> <span class='ocrx_word' id='word_1_648' title='bbox 2104 2093 2262 2140; x_wconf 84' lang='grc' dir='ltr'>δούλους,</span> <span class='ocrx_word' id='word_1_649' title='bbox 2281 2095 2341 2133; x_wconf 89' lang='grc' dir='ltr'>καὶ</span> 
     </span>
     <span class='ocr_line' id='line_1_88' title="bbox 1310 2154 2339 2208; baseline 0 -14"><span class='ocrx_word' id='word_1_650' title='bbox 1310 2156 1516 2208; x_wconf 84' lang='grc' dir='ltr'>ἐλευθέρους.</span> <span class='ocrx_word' id='word_1_651' title='bbox 1535 2154 1653 2194; x_wconf 72' lang='grc' dir='ltr'>εΌπου</span> <span class='ocrx_word' id='word_1_652' title='bbox 1681 2154 1748 2207; x_wconf 84' lang='grc' dir='ltr'>γὰρ</span> <span class='ocrx_word' id='word_1_653' title='bbox 1773 2157 1889 2207; x_wconf 67' lang='grc' dir='ltr'>ψυχῆς</span> <span class='ocrx_word' id='word_1_654' title='bbox 1918 2157 2011 2193; x_wconf 87' lang='grc' dir='ltr'>ἐστιν</span> <span class='ocrx_word' id='word_1_655' title='bbox 2043 2158 2065 2201; x_wconf 87' lang='grc' dir='ltr'>ἡ</span> <span class='ocrx_word' id='word_1_656' title='bbox 2095 2154 2278 2203; x_wconf 84' lang='grc' dir='ltr'>ἐπίδειξις,</span> <span class='ocrx_word' id='word_1_657' title='bbox 2301 2158 2339 2194; x_wconf 85' lang='lat'><strong>06</strong></span> 
     </span>
     <span class='ocr_line' id='line_1_89' title="bbox 1308 2215 2340 2269; baseline 0 -14"><span class='ocrx_word' id='word_1_658' title='bbox 1308 2217 1416 2269; x_wconf 82' lang='grc' dir='ltr'>φύσις,</span> <span class='ocrx_word' id='word_1_659' title='bbox 1457 2218 1523 2269; x_wconf 76' lang='grc' dir='ltr'>οὐχ</span> <span class='ocrx_word' id='word_1_660' title='bbox 1549 2216 1689 2264; x_wconf 79' lang='grc' dir='ltr'>ἡλικία,</span> <span class='ocrx_word' id='word_1_661' title='bbox 1709 2219 1769 2254; x_wconf 85' lang='grc' dir='ltr'>οὐκ</span> <span class='ocrx_word' id='word_1_662' title='bbox 1795 2215 1932 2266; x_wconf 83' lang='grc' dir='ltr'>ἀξίωμα</span> <span class='ocrx_word' id='word_1_663' title='bbox 1956 2216 2130 2267; x_wconf 73' lang='grc' dir='ltr'>βιωτικὸν,</span> <span class='ocrx_word' id='word_1_664' title='bbox 2159 2217 2222 2254; x_wconf 85' lang='grc' dir='ltr'>οὐκ</span> <span class='ocrx_word' id='word_1_665' title='bbox 2253 2217 2340 2255; x_wconf 82' lang='grc' dir='ltr'>ἄλλο</span> 
     </span>
     <span class='ocr_line' id='line_1_90' title="bbox 1262 2277 2337 2331; baseline 0.001 -15"><span class='ocrx_word' id='word_1_666' title='bbox 1262 2284 1283 2312; x_wconf 80' lang='grc' dir='ltr'><strong><em>Β</em></strong></span> <span class='ocrx_word' id='word_1_667' title='bbox 1306 2280 1400 2317; x_wconf 79' lang='grc' dir='ltr'>οὐδὲν</span> <span class='ocrx_word' id='word_1_668' title='bbox 1423 2278 1622 2328; x_wconf 74' lang='grc' dir='ltr'>ἐμποδίζειν</span> <span class='ocrx_word' id='word_1_669' title='bbox 1649 2277 1793 2330; x_wconf 76' lang='grc' dir='ltr'>πέφυκε.</span> <span class='ocrx_word' id='word_1_670' title='bbox 1822 2277 1890 2315; x_wconf 83' lang='grc' dir='ltr'>Διὰ</span> <span class='ocrx_word' id='word_1_671' title='bbox 1915 2277 1956 2323; x_wconf 79' lang='grc' dir='ltr'>δὴ</span> <span class='ocrx_word' id='word_1_672' title='bbox 1988 2280 2108 2324; x_wconf 78' lang='grc' dir='ltr'>τοῦτο,</span> <span class='ocrx_word' id='word_1_673' title='bbox 2140 2280 2337 2331; x_wconf 80' lang='grc' dir='ltr'>παρακαλῶ</span> 
     </span>
     <span class='ocr_line' id='line_1_91' title="bbox 1305 2338 2338 2392; baseline 0.001 -14"><span class='ocrx_word' id='word_1_674' title='bbox 1305 2340 1437 2384; x_wconf 75' lang='grc' dir='ltr'>πάντας</span> <span class='ocrx_word' id='word_1_675' title='bbox 1451 2343 1558 2389; x_wconf 73' lang='grc' dir='ltr'>ὑμας,</span> <span class='ocrx_word' id='word_1_676' title='bbox 1587 2341 1626 2377; x_wconf 88' lang='grc' dir='ltr'>ἐκ</span> <span class='ocrx_word' id='word_1_677' title='bbox 1647 2338 1790 2392; x_wconf 82' lang='grc' dir='ltr'>πρώτης</span> <span class='ocrx_word' id='word_1_678' title='bbox 1806 2339 1946 2385; x_wconf 77' lang='grc' dir='ltr'>ἡλικίας</span> <span class='ocrx_word' id='word_1_679' title='bbox 1965 2339 2138 2377; x_wconf 74' lang='grc' dir='ltr'>ἐκδιδόναι</span> <span class='ocrx_word' id='word_1_680' title='bbox 2166 2340 2224 2377; x_wconf 84' lang='grc' dir='ltr'>καὶ</span> <span class='ocrx_word' id='word_1_681' title='bbox 2244 2339 2338 2384; x_wconf 75' lang='grc' dir='ltr'>υἱοὺς</span> 
     </span>
     <span class='ocr_line' id='line_1_92' title="bbox 1304 2401 2336 2453; baseline 0.001 -13"><span class='ocrx_word' id='word_1_682' title='bbox 1304 2402 1362 2440; x_wconf 80' lang='grc' dir='ltr'>καὶ</span> <span class='ocrx_word' id='word_1_683' title='bbox 1387 2402 1576 2453; x_wconf 81' lang='grc' dir='ltr'>θυγατέρας</span> <span class='ocrx_word' id='word_1_684' title='bbox 1602 2407 1677 2445; x_wconf 86' lang='grc' dir='ltr'>ταῖς</span> <span class='ocrx_word' id='word_1_685' title='bbox 1705 2401 1883 2444; x_wconf 87' lang='grc' dir='ltr'>τοιαύταις</span> <span class='ocrx_word' id='word_1_686' title='bbox 1909 2401 2161 2453; x_wconf 83' lang='grc' dir='ltr'>λειτουργίαις,</span> <span class='ocrx_word' id='word_1_687' title='bbox 2189 2402 2248 2439; x_wconf 76' lang='grc' dir='ltr'>καὶ</span> <span class='ocrx_word' id='word_1_688' title='bbox 2276 2402 2336 2441; x_wconf 83' lang='grc' dir='ltr'>τὸν</span> 
     </span>
     <span class='ocr_line' id='line_1_93' title="bbox 1303 2462 2336 2516; baseline 0.003 -17"><span class='ocrx_word' id='word_1_689' title='bbox 1303 2465 1345 2513; x_wconf 72' lang='grc' dir='ltr'>τῇ</span> <span class='ocrx_word' id='word_1_690' title='bbox 1367 2463 1511 2514; x_wconf 79' lang='grc' dir='ltr'>τοιαύτῃ</span> <span class='ocrx_word' id='word_1_691' title='bbox 1532 2462 1691 2515; x_wconf 77' lang='grc' dir='ltr'>πολιτεία</span> <span class='ocrx_word' id='word_1_692' title='bbox 1708 2462 1905 2515; x_wconf 82' lang='grc' dir='ltr'>ἁρμόζοντα</span> <span class='ocrx_word' id='word_1_693' title='bbox 1924 2462 2220 2516; x_wconf 82' lang='grc' dir='ltr'>προαποτίθεσθαι</span> <span class='ocrx_word' id='word_1_694' title='bbox 2234 2465 2336 2502; x_wconf 74' lang='grc' dir='ltr'>πλοῦ·</span> 
     </span>
     <span class='ocr_line' id='line_1_94' title="bbox 1302 2523 2330 2577; baseline 0.003 -18"><span class='ocrx_word' id='word_1_695' title='bbox 1302 2538 1359 2560; x_wconf 87' lang='grc' dir='ltr'>τον</span> <span class='ocrx_word' id='word_1_696' title='bbox 1378 2525 1491 2567; x_wconf 78' lang='grc' dir='ltr'>αὐτοῖς</span> <span class='ocrx_word' id='word_1_697' title='bbox 1505 2554 1514 2571; x_wconf 91' lang='grc'>,</span> <span class='ocrx_word' id='word_1_698' title='bbox 1533 2525 1570 2562; x_wconf 80' lang='grc' dir='ltr'>οὐ</span> <span class='ocrx_word' id='word_1_699' title='bbox 1588 2523 1729 2575; x_wconf 66' lang='grc' dir='ltr'>’χρυσίον</span> <span class='ocrx_word' id='word_1_700' title='bbox 1751 2523 2025 2577; x_wconf 82' lang='grc' dir='ltr'>κατορύττοντας</span> <span class='ocrx_word' id='word_1_701' title='bbox 2039 2553 2049 2571; x_wconf 92' lang='grc'>,</span> <span class='ocrx_word' id='word_1_702' title='bbox 2070 2523 2147 2561; x_wconf 80' lang='grc' dir='ltr'>οὐδε</span> <span class='ocrx_word' id='word_1_703' title='bbox 2168 2523 2330 2576; x_wconf 86' lang='grc' dir='ltr'>ἀργύριον</span> 
     </span>
     <span class='ocr_line' id='line_1_95' title="bbox 1302 2584 2331 2637; baseline 0.002 -16"><span class='ocrx_word' id='word_1_704' title='bbox 1302 2584 1406 2622; x_wconf 85' lang='grc' dir='ltr'>συλλε</span> <span class='ocrx_word' id='word_1_705' title='bbox 1391 2601 1552 2636; x_wconf 74' lang='grc' dir='ltr'>γοιτας,</span> <span class='ocrx_word' id='word_1_706' title='bbox 1591 2585 1666 2622; x_wconf 83' lang='grc' dir='ltr'>ἀλλ’</span> <span class='ocrx_word' id='word_1_707' title='bbox 1701 2585 1901 2632; x_wconf 82' lang='grc' dir='ltr'>ἐπιείκειαν,</span> <span class='ocrx_word' id='word_1_708' title='bbox 1931 2584 2167 2637; x_wconf 64' lang='grc' dir='ltr'>σωῡροσύνην,</span> <span class='ocrx_word' id='word_1_709' title='bbox 2207 2585 2331 2635; x_wconf 83' lang='grc' dir='ltr'>σεμνό-</span> 
     </span>
     <span class='ocr_line' id='line_1_96' title="bbox 1300 2645 2329 2697; baseline 0.002 -15.016"><span class='ocrx_word' id='word_1_710' title='bbox 1300 2661 1409 2692; x_wconf 82' lang='grc' dir='ltr'>τητα,</span> <span class='ocrx_word' id='word_1_711' title='bbox 1426 2645 1488 2692; x_wconf 82' lang='grc' dir='ltr'>τὴν</span> <span class='ocrx_word' id='word_1_712' title='bbox 1507 2647 1550 2683; x_wconf 81' lang='grc' dir='ltr'>ἅ)</span> <span class='ocrx_word' id='word_1_713' title='bbox 1552 2648 1614 2691; x_wconf 87' lang='grc' dir='ltr'>λην</span> <span class='ocrx_word' id='word_1_714' title='bbox 1637 2646 1776 2683; x_wconf 84' lang='grc' dir='ltr'>ἅπασαν</span> <span class='ocrx_word' id='word_1_715' title='bbox 1801 2646 1926 2697; x_wconf 86' lang='grc' dir='ltr'>ἀρετην</span> <span class='ocrx_word' id='word_1_716' title='bbox 1945 2645 2249 2696; x_wconf 82' lang='grc' dir='ltr'>ἐναποτιΟεμένους</span> <span class='ocrx_word' id='word_1_717' title='bbox 2271 2649 2329 2684; x_wconf 85' lang='grc' dir='ltr'>αὐ-</span> 
     </span>
     <span class='ocr_line' id='line_1_97' title="bbox 1300 2707 2326 2758; baseline 0.002 -15"><span class='ocrx_word' id='word_1_718' title='bbox 1300 2710 1367 2744; x_wconf 82' lang='grc' dir='ltr'>τῶν</span> <span class='ocrx_word' id='word_1_719' title='bbox 1388 2710 1430 2757; x_wconf 80' lang='grc' dir='ltr'>τῇ</span> <span class='ocrx_word' id='word_1_720' title='bbox 1451 2709 1558 2758; x_wconf 67' lang='grc' dir='ltr'>ψυγῇ.</span> <span class='ocrx_word' id='word_1_721' title='bbox 1578 2707 1720 2752; x_wconf 83' lang='grc' dir='ltr'>Ταύτης</span> <span class='ocrx_word' id='word_1_722' title='bbox 1741 2707 1808 2758; x_wconf 81' lang='grc' dir='ltr'>γὰρ</span> <span class='ocrx_word' id='word_1_723' title='bbox 1828 2708 1938 2744; x_wconf 81' lang='grc' dir='ltr'>δεῖται</span> <span class='ocrx_word' id='word_1_724' title='bbox 1956 2710 2018 2752; x_wconf 69' lang='grc' dir='ltr'>τῆς</span> <span class='ocrx_word' id='word_1_725' title='bbox 2039 2707 2195 2753; x_wconf 76' lang='grc' dir='ltr'>δαπάνης</span> <span class='ocrx_word' id='word_1_726' title='bbox 2212 2707 2326 2754; x_wconf 89' lang='grc' dir='ltr'>ἐκείνη</span> 
     </span>
     <span class='ocr_line' id='line_1_98' title="bbox 1297 2763 2326 2819; baseline 0.003 -14"><span class='ocrx_word' id='word_1_727' title='bbox 1297 2771 1318 2815; x_wconf 79' lang='grc' dir='ltr'>ἡ</span> <span class='ocrx_word' id='word_1_728' title='bbox 1346 2768 1554 2819; x_wconf 79' lang='grc' dir='ltr'>λειτουργία.</span> <span class='ocrx_word' id='word_1_729' title='bbox 1575 2767 1635 2806; x_wconf 77' lang='grc' dir='ltr'>Ἂν</span> <span class='ocrx_word' id='word_1_730' title='bbox 1674 2767 1804 2813; x_wconf 86' lang='grc' dir='ltr'>ταύτην</span> <span class='ocrx_word' id='word_1_731' title='bbox 1826 2763 1884 2806; x_wconf 61' lang='grc' dir='ltr'>οὖν</span> <span class='ocrx_word' id='word_1_732' title='bbox 1911 2768 1970 2806; x_wconf 80' lang='grc' dir='ltr'>καὶ</span> <span class='ocrx_word' id='word_1_733' title='bbox 1999 2771 2131 2812; x_wconf 80' lang='grc' dir='ltr'>ἑαυτοῖς</span> <span class='ocrx_word' id='word_1_734' title='bbox 2172 2769 2231 2807; x_wconf 82' lang='grc' dir='ltr'>καὶ</span> <span class='ocrx_word' id='word_1_735' title='bbox 2256 2775 2326 2815; x_wconf 90' lang='grc' dir='ltr'>τοῖς</span> 
     </span>
     <span class='ocr_line' id='line_1_99' title="bbox 1297 2828 2324 2883; baseline 0.004 -17"><span class='ocrx_word' id='word_1_736' title='bbox 1297 2828 1448 2872; x_wconf 78' lang='grc' dir='ltr'>παιδίοις</span> <span class='ocrx_word' id='word_1_737' title='bbox 1489 2828 1709 2879; x_wconf 80' lang='grc' dir='ltr'>συλλέξωμεν</span> <span class='ocrx_word' id='word_1_738' title='bbox 1750 2828 1811 2875; x_wconf 76' lang='grc' dir='ltr'>τὴν</span> <span class='ocrx_word' id='word_1_739' title='bbox 1846 2829 2019 2883; x_wconf 78' lang='grc' dir='ltr'>εὐπορίαν,</span> <span class='ocrx_word' id='word_1_740' title='bbox 2049 2831 2108 2868; x_wconf 78' lang='grc' dir='ltr'>καὶ</span> <span class='ocrx_word' id='word_1_741' title='bbox 2143 2831 2232 2869; x_wconf 85' lang='grc' dir='ltr'>κατὰ</span> <span class='ocrx_word' id='word_1_742' title='bbox 2265 2831 2324 2870; x_wconf 85' lang='grc' dir='ltr'>τὸν</span> 
     </span>
     <span class='ocr_line' id='line_1_100' title="bbox 1295 2890 2323 2945; baseline 0.001 -15"><span class='ocrx_word' id='word_1_743' title='bbox 1295 2891 1450 2944; x_wconf 89' lang='grc' dir='ltr'>παρόντα</span> <span class='ocrx_word' id='word_1_744' title='bbox 1482 2890 1555 2943; x_wconf 83' lang='grc' dir='ltr'>βίον</span> <span class='ocrx_word' id='word_1_745' title='bbox 1586 2892 1717 2937; x_wconf 76' lang='grc' dir='ltr'>πολλῆς</span> <span class='ocrx_word' id='word_1_746' title='bbox 1739 2892 2009 2942; x_wconf 83' lang='grc' dir='ltr'>ἀπολαυσόμεθα</span> <span class='ocrx_word' id='word_1_747' title='bbox 2029 2895 2091 2939; x_wconf 73' lang='grc' dir='ltr'>τῆς</span> <span class='ocrx_word' id='word_1_748' title='bbox 2109 2893 2323 2945; x_wconf 86' lang='grc' dir='ltr'>λαμπρότη-</span> 
     </span>
     <span class='ocr_line' id='line_1_101' title="bbox 1295 2951 2323 3006; baseline 0.001 -16"><span class='ocrx_word' id='word_1_749' title='bbox 1295 2967 1368 2998; x_wconf 85' lang='grc' dir='ltr'>τος,</span> <span class='ocrx_word' id='word_1_750' title='bbox 1397 2952 1456 2990; x_wconf 78' lang='grc' dir='ltr'>καὶ</span> <span class='ocrx_word' id='word_1_751' title='bbox 1485 2951 1576 2990; x_wconf 84' lang='grc' dir='ltr'>κατὰ</span> <span class='ocrx_word' id='word_1_752' title='bbox 1611 2952 1673 2999; x_wconf 73' lang='grc' dir='ltr'>τὴν</span> <span class='ocrx_word' id='word_1_753' title='bbox 1708 2952 1902 3003; x_wconf 83' lang='grc' dir='ltr'>μέλλουσαν</span> <span class='ocrx_word' id='word_1_754' title='bbox 1925 2952 2016 3000; x_wconf 85' lang='grc' dir='ltr'>ζωὴν</span> <span class='ocrx_word' id='word_1_755' title='bbox 2050 2956 2112 2999; x_wconf 75' lang='grc' dir='ltr'>τῆς</span> <span class='ocrx_word' id='word_1_756' title='bbox 2148 2954 2323 3006; x_wconf 86' lang='grc' dir='ltr'>μακαρίας</span> 
     </span>
     <span class='ocr_line' id='line_1_102' title="bbox 1246 3013 2321 3066; baseline 0.004 -16"><span class='ocrx_word' id='word_1_757' title='bbox 1246 3020 1270 3050; x_wconf 88' lang='lat' dir='ltr'>C</span> <span class='ocrx_word' id='word_1_758' title='bbox 1294 3013 1425 3060; x_wconf 80' lang='grc' dir='ltr'>ἐκείνης</span> <span class='ocrx_word' id='word_1_759' title='bbox 1445 3013 1664 3063; x_wconf 79' lang='grc' dir='ltr'>ἀκουσόμεθα</span> <span class='ocrx_word' id='word_1_760' title='bbox 1685 3017 1818 3064; x_wconf 75' lang='grc' dir='ltr'>φωνῆς,</span> <span class='ocrx_word' id='word_1_761' title='bbox 1841 3015 1883 3051; x_wconf 84' lang='grc' dir='ltr'>δι’</span> <span class='ocrx_word' id='word_1_762' title='bbox 1905 3014 1947 3059; x_wconf 76' lang='grc' dir='ltr'>ἣν</span> <span class='ocrx_word' id='word_1_763' title='bbox 1966 3013 2122 3057; x_wconf 79' lang='grc' dir='ltr'>ἅπαντας</span> <span class='ocrx_word' id='word_1_764' title='bbox 2142 3014 2220 3058; x_wconf 80' lang='grc' dir='ltr'>τοὺς</span> <span class='ocrx_word' id='word_1_765' title='bbox 2239 3018 2321 3066; x_wconf 82' lang='grc' dir='ltr'>ὁμο-</span> 
     </span>
     <span class='ocr_line' id='line_1_103' title="bbox 1292 3075 2321 3129; baseline 0.003 -17"><span class='ocrx_word' id='word_1_766' title='bbox 1292 3075 1507 3126; x_wconf 77' lang='grc' dir='ltr'>λογήσαντας</span> <span class='ocrx_word' id='word_1_767' title='bbox 1525 3076 1625 3113; x_wconf 77' lang='grc' dir='ltr'>αὐτὸν</span> <span class='ocrx_word' id='word_1_768' title='bbox 1647 3079 1663 3113; x_wconf 85' lang='grc' dir='ltr'>ὁ</span> <span class='ocrx_word' id='word_1_769' title='bbox 1682 3076 1830 3128; x_wconf 73' lang='grc' dir='ltr'>Χριστὸς</span> <span class='ocrx_word' id='word_1_770' title='bbox 1855 3075 2097 3127; x_wconf 83' lang='grc' dir='ltr'>ἀνακηρύττει.</span> <span class='ocrx_word' id='word_1_771' title='bbox 2126 3076 2321 3129; x_wconf 86' lang='grc' dir='ltr'>Ὁμολογία</span> 
     </span>
     <span class='ocr_line' id='line_1_104' title="bbox 1291 3136 2318 3188; baseline 0.002 -14"><span class='ocrx_word' id='word_1_772' title='bbox 1291 3137 1325 3175; x_wconf 77' lang='grc' dir='ltr'>δὲ</span> <span class='ocrx_word' id='word_1_773' title='bbox 1346 3139 1409 3188; x_wconf 75' lang='grc' dir='ltr'>οὐχ</span> <span class='ocrx_word' id='word_1_774' title='bbox 1431 3140 1453 3182; x_wconf 86' lang='grc' dir='ltr'>ἡ</span> <span class='ocrx_word' id='word_1_775' title='bbox 1480 3136 1535 3174; x_wconf 77' lang='grc' dir='ltr'>διὰ</span> <span class='ocrx_word' id='word_1_776' title='bbox 1560 3139 1622 3183; x_wconf 75' lang='grc' dir='ltr'>τῆς</span> <span class='ocrx_word' id='word_1_777' title='bbox 1650 3136 1800 3181; x_wconf 84' lang='grc' dir='ltr'>πίστεως</span> <span class='ocrx_word' id='word_1_778' title='bbox 1829 3137 1930 3187; x_wconf 85' lang='grc' dir='ltr'>μόνον</span> <span class='ocrx_word' id='word_1_779' title='bbox 1962 3137 2067 3183; x_wconf 84' lang='grc' dir='ltr'>ἐστὶν,</span> <span class='ocrx_word' id='word_1_780' title='bbox 2101 3138 2191 3176; x_wconf 81' lang='grc' dir='ltr'>ἀλλὰ</span> <span class='ocrx_word' id='word_1_781' title='bbox 2219 3139 2277 3176; x_wconf 84' lang='grc' dir='ltr'>καὶ</span> <span class='ocrx_word' id='word_1_782' title='bbox 2296 3142 2318 3185; x_wconf 83' lang='grc' dir='ltr'>ἦ</span> 
     </span>
     <span class='ocr_line' id='line_1_105' title="bbox 1289 3197 2319 3250; baseline 0.001 -15"><span class='ocrx_word' id='word_1_783' title='bbox 1289 3198 1346 3236; x_wconf 77' lang='grc' dir='ltr'>διὰ</span> <span class='ocrx_word' id='word_1_784' title='bbox 1373 3200 1441 3234; x_wconf 78' lang='grc' dir='ltr'>τῶν</span> <span class='ocrx_word' id='word_1_785' title='bbox 1470 3197 1590 3248; x_wconf 79' lang='grc' dir='ltr'>ἔργων,</span> <span class='ocrx_word' id='word_1_786' title='bbox 1618 3201 1664 3241; x_wconf 79' lang='grc' dir='ltr'>ὡς</span> <span class='ocrx_word' id='word_1_787' title='bbox 1693 3198 1749 3236; x_wconf 78' lang='grc' dir='ltr'>ἐὰν</span> <span class='ocrx_word' id='word_1_788' title='bbox 1782 3198 1830 3248; x_wconf 87' lang='grc' dir='ltr'>μὴ</span> <span class='ocrx_word' id='word_1_789' title='bbox 1859 3197 1917 3235; x_wconf 79' lang='grc' dir='ltr'>καὶ</span> <span class='ocrx_word' id='word_1_790' title='bbox 1938 3197 2023 3244; x_wconf 79' lang='grc' dir='ltr'>αὐτὴ</span> <span class='ocrx_word' id='word_1_791' title='bbox 2050 3202 2169 3250; x_wconf 79' lang='grc' dir='ltr'>παρῇ,</span> <span class='ocrx_word' id='word_1_792' title='bbox 2204 3201 2319 3238; x_wconf 76' lang='grc' dir='ltr'>κινδυ-</span> 
     </span>
     <span class='ocr_line' id='line_1_106' title="bbox 1285 3259 2315 3313; baseline 0.002 -16"><span class='ocrx_word' id='word_1_793' title='bbox 1285 3259 1425 3308; x_wconf 85' lang='grc' dir='ltr'>νεύομεν</span> <span class='ocrx_word' id='word_1_794' title='bbox 1457 3259 1545 3309; x_wconf 74' lang='grc' dir='ltr'>μετὰ</span> <span class='ocrx_word' id='word_1_795' title='bbox 1576 3262 1644 3297; x_wconf 75' lang='grc' dir='ltr'>τῶν</span> <span class='ocrx_word' id='word_1_796' title='bbox 1676 3260 1895 3311; x_wconf 79' lang='grc' dir='ltr'>ἀρνουμένων</span> <span class='ocrx_word' id='word_1_797' title='bbox 1920 3260 2137 3304; x_wconf 68' lang='grc' dir='ltr'>κολάζεσθαι.</span> <span class='ocrx_word' id='word_1_798' title='bbox 2167 3262 2220 3298; x_wconf 86' lang='lat'><strong>06</strong></span> <span class='ocrx_word' id='word_1_799' title='bbox 2247 3261 2315 3313; x_wconf 70' lang='grc' dir='ltr'>γὰρ</span> 
     </span>
     <span class='ocr_line' id='line_1_107' title="bbox 1287 3314 2311 3375; baseline 0.002 -17"><span class='ocrx_word' id='word_1_800' title='bbox 1287 3314 1333 3363; x_wconf 62' lang='grc' dir='ltr'>εἷς</span> <span class='ocrx_word' id='word_1_801' title='bbox 1352 3319 1527 3371; x_wconf 70' lang='grc' dir='ltr'>ἀρνήσεως</span> <span class='ocrx_word' id='word_1_802' title='bbox 1544 3321 1617 3357; x_wconf 81' lang='grc' dir='ltr'>ἐστι</span> <span class='ocrx_word' id='word_1_803' title='bbox 1634 3321 1780 3372; x_wconf 81' lang='grc' dir='ltr'>τρόπος,</span> <span class='ocrx_word' id='word_1_804' title='bbox 1801 3321 1889 3359; x_wconf 71' lang='grc' dir='ltr'>ἀλλὰ</span> <span class='ocrx_word' id='word_1_805' title='bbox 1913 3321 2033 3359; x_wconf 83' lang='grc' dir='ltr'>πολλοὶ</span> <span class='ocrx_word' id='word_1_806' title='bbox 2051 3322 2109 3359; x_wconf 84' lang='grc' dir='ltr'>καὶ</span> <span class='ocrx_word' id='word_1_807' title='bbox 2136 3321 2311 3375; x_wconf 69' lang='grc' dir='ltr'>διάφοροι,</span> 
     </span>
    </p>
   </div>
   <div class='ocr_carea' id='block_1_9' title="bbox 1285 3380 2309 3434">
    <p class='ocr_par' dir='ltr' id='par_1_45' title="bbox 1285 3380 2309 3434">
     <span class='ocr_line' id='line_1_108' title="bbox 1285 3380 2309 3434; baseline 0.001 -16"><span class='ocrx_word' id='word_1_808' title='bbox 1285 3380 1342 3424; x_wconf 79' lang='grc' dir='ltr'>οὒς</span> <span class='ocrx_word' id='word_1_809' title='bbox 1361 3384 1378 3419; x_wconf 84' lang='grc' dir='ltr'>ὁ</span> <span class='ocrx_word' id='word_1_810' title='bbox 1400 3382 1539 3423; x_wconf 73' lang='grc' dir='ltr'>Παῦλος</span> <span class='ocrx_word' id='word_1_811' title='bbox 1571 3384 1652 3431; x_wconf 78' lang='grc' dir='ltr'>ἡμῖν</span> <span class='ocrx_word' id='word_1_812' title='bbox 1685 3382 1895 3434; x_wconf 67' lang='grc' dir='ltr'>ὑπογράφων</span> <span class='ocrx_word' id='word_1_813' title='bbox 1931 3381 2038 3424; x_wconf 77' lang='grc' dir='ltr'>οὕτως</span> <span class='ocrx_word' id='word_1_814' title='bbox 2069 3381 2183 3432; x_wconf 80' lang='grc' dir='ltr'>ἔλεγε·</span> <span class='ocrx_word' id='word_1_815' title='bbox 2219 3382 2309 3422; x_wconf 82' lang='grc' dir='ltr'>Θεὸν</span> 
     </span>
    </p>
   </div>
  </div>
 </body>
</html>
