2516 3791
331 145 424 210 896
749 166 788 195 S.
825 166 1014 196 JOANMS
1052 167 1298 197 CHRYSOST.
1338 169 1555 199 ARCHIEP.
1595 171 1965 202 CONSTANTINOP.

327 254 378 283 set
393 245 530 283 hostem
547 246 618 284 sibi
634 246 862 287 insidiantem
880 263 898 287 e
913 249 1031 287 medio
1047 249 1183 298 tollere,
1195 263 1277 301 pro·
1302 252 1326 283 C
1348 253 1428 290 λετο
1459 252 1668 290 κινδυνεύειν
1686 255 1762 291 καθ’
1793 254 1943 302 ἑκάστην
1961 256 2096 308 ἡμέραν
2117 258 2261 307 μᾶλλον,
2280 257 2302 304 ἢ
2322 259 2373 297 δι-

326 315 404 358 pter
420 307 538 344 Deum
554 307 680 357 noluit,
697 318 730 346 et
746 310 872 348 maluit
891 309 1051 360 quotidie
1069 310 1278 362 periclitari,
1349 312 1451 351 καίαν
1474 313 1709 365 ἐργασάμενος
1730 314 1868 366 σφαγὴν
1891 315 1960 365 ἀπὸ
1977 316 2152 355 τοσούτων
2169 319 2374 370 ἀπαλλαγῆ-

324 381 433 418 quam
441 368 537 420 justa
551 368 677 406 caedea
693 378 746 407 tot
760 370 934 407 mortibus
951 370 1110 408 liberari.
1126 370 1234 417 Quod
1248 371 1277 409 si
1347 389 1404 410 ναι
1432 373 1599 412 θανάτων.
1629 375 1675 412 Εἰ
1703 374 1739 413 δὲ
1764 375 1822 413 τὸν
1845 375 1950 427 μέχρι
1970 378 2034 422 τῆς
2053 379 2141 422 ζωῆς
2171 380 2278 425 αὐτ-ῆς
2295 381 2374 417 ἐπι-

323 441 434 479 usque
448 428 494 467 ad
508 429 622 481 ipsius
636 430 718 468 vitae
732 430 932 482 periculum
948 430 1178 469 insidiantem
1193 432 1277 470 ulci-
1348 433 1555 472 δουλεύοντα
1591 435 1789 485 ἀμύνασθαι
1818 435 1877 473 καὶ
1907 442 2021 486 μισεῖν
2055 439 2094 476 οὐ
2125 438 2222 490 χρὴ,
2252 441 2372 492 πολλῷ

323 488 373 526 sci
392 497 497 540 atque
518 489 633 528 odisse
651 491 703 528 fas
723 504 791 528 non
811 499 877 541 est,
908 491 1021 529 multo
1045 492 1163 531 minus
1192 493 1277 531 licet
1348 496 1479 544 μᾶλλον
1501 497 1548 539 εἰς
1567 498 1678 533 ὁτιοῦν
1702 495 1788 534 ἄλλο
1811 496 2007 536 ἀδικοῦντα.
2037 500 2187 543 Πολλοῖς
2218 500 2310 538 δοκεῖ
2333 501 2372 538 τὸ

141 554 308 604 Astis-icon-
323 562 403 587 eum
429 550 492 601 qui
512 550 710 602 vulgariter
728 551 838 600 laesit,
859 551 998 590 ulcisci.
1028 553 1212 606 Plerisque
1229 555 1275 592 ab
1345 558 1462 600 κακῶς
1495 555 1646 604 ἀκούειν,
1674 557 1732 594 καὶ
1776 559 1823 601 εἷς
1851 557 2025 611 ὑπόληψιν
2056 560 2372 613 παραὸλάπτεσθαι

118 598 307 668 {flnffrfffflfcg‘j
322 609 476 648 inimicis
490 610 585 648 affici
595 610 777 660 conviciis,
790 611 900 649 autin
914 613 1153 666 suspicionem
1163 615 1275 654 addu-
1344 616 1441 671 παρὰ
1467 619 1535 655 τῶν
1568 619 1717 671 ἐχθρῶν,
1750 617 1891 656 πάντων
1925 619 2082 663 θανάτων
2116 620 2370 673 ἀφορητότερον

119 677 187 703 bile.
320 670 351 708 ci
363 701 374 720 ,
407 671 552 710 videtur
583 672 749 710 omnibus
783 674 959 713 mortibus
995 675 1268 717 intolerabilius.
1343 672 1442 717 εἷναι.
1460 679 1555 732 Φέρε
1575 673 1632 716 οἶν
1655 679 1714 724 καὶ
1734 679 1818 718 αὐτὸ
1838 683 1941 719 τοῦτο
1961 680 2189 732 ἐξετάσωμεν.
2212 677 2303 721 Εἶπέ
2330 683 2371 722 σέ

319 734 393 784 Age
423 732 534 784 igitur
562 742 594 771 et
621 732 719 771 istud
751 734 1005 786 expendamus.
1042 738 1185 790 Aliquis
1206 740 1271 778 tibi
1342 754 1393 783 τις
1409 741 1545 788 κακῶς,
1574 740 1632 778 καὶ
1662 740 1784 792 μοιχὸν
1812 740 1871 778 καὶ
1902 741 2027 793 πόρνον
2060 743 2221 791 ἐκάλεσε;
2244 745 2369 782 Ταῦτα

317 792 522 843 maledixit,
536 793 739 833 adulterum
749 809 790 833 ae
803 805 1029 836 scortatorem
1046 800 1270 852 appellavit?
1342 802 1371 837 εἰ
1391 800 1453 850 μὲν
1473 803 1585 848 οἷληθῗΙ
1613 801 1720 852 λέγῃ,
1741 801 1947 854 διόρθωσαι·
1973 805 2003 841 εἰ
2037 803 2073 842 δὲ
2101 805 2229 856 ψευδῆ,
2260 821 2370 843 κατα-

316 854 392 892 Hoc
413 853 444 892 si
462 869 547 893 vere
575 855 685 905 dicit,
705 856 866 909 corrige:
880 859 935 896 sin
953 859 1057 909 falso,
1080 860 1213 912 irride,
1239 863 1268 900 si
1339 861 1507 911 γέλασον·
1526 864 1555 900 εἷ
1576 861 1733 905 σύνοιδας
1755 865 1872 914 σαυτῷ
1893 863 1937 901 τὰ
1965 864 2155 916 εἰρημένα,
2186 865 2368 918 σωφρόνη-

313 915 380 953 tibi
398 915 473 968 ipse
491 916 651 955 conscius
669 931 704 956 es
722 932 847 956 eorum
861 933 940 970 quae
959 920 1192 973 objiciuntur,
1213 938 1269 961 re·
1295 930 1318 958 l)
1340 937 1420 960 σον·
1452 926 1482 960 εἷ
1511 924 1547 962 δὲ
1582 923 1630 974 μὴ
1661 922 1840 971 σύνοιδας,
1871 926 2135 978 καταφρόνησον
2150 943 2158 950 ·
2182 928 2314 977 μᾶλλον
2331 928 2368 967 δὲ

311 976 501 1029 sipisce3si
517 991 588 1016 non
602 987 668 1030 est,
680 978 924 1031 despicezimo
935 981 1055 1033 potius
1069 997 1137 1021 non
1152 984 1268 1022 solum
1340 983 1388 1034 μὴ
1415 983 1679 1036 καταγελάσῃς,
1705 983 1795 1034 μηδὲ
1823 986 2089 1039 καταφρονήσῃς
2122 987 2240 1038 μόνον,
2276 987 2367 1026 ἀλλὰ

311 1052 380 1076 non
397 1038 522 1077 deride
544 1053 586 1077 ac
604 1040 756 1092 neglige,
773 1042 1010 1080 verumetiam
1028 1043 1144 1095 gaude
1161 1055 1267 1097 atque
1337 1045 1396 1082 καὶ
1416 1050 1538 1098 χαῖρε,
1563 1045 1621 1083 καὶ
1651 1045 1778 1096 σκίρτα
1803 1045 1894 1084 κατὰ
1921 1045 1979 1083 τὸν
2007 1050 2066 1085 τοῦ
2087 1047 2217 1100 Κυρίου
2247 1047 2364 1099 λόγον,

309 1100 450 1138 exsulta
466 1101 662 1139 secundum
675 1102 821 1140 Domini
835 1117 1045 1155 sermonem,
1063 1106 1124 1158 qui
1139 1121 1202 1146 nos
1211 1109 1266 1160 ju·
1336 1107 1393 1144 τὸν
1422 1106 1608 1145 κελεύοντα
1632 1106 1722 1144 οὕτω
1754 1113 1878 1146 ποιεῖν.
1910 1106 2024 1146 υΟταν
2053 1109 2122 1162 γὰρ
2153 1109 2364 1158 ὀνειδίσωσι,

111 1164 224 1191 Μηιιῐι.
243 1165 273 1193 5.
309 1161 368 1200 bet
381 1162 429 1200 ita
444 1163 569 1202 facere.
591 1165 702 1211 Cum,
720 1164 848 1215 inquit,
862 1169 1181 1218 exprobraverint
1195 1185 1263 1207 vo·
1335 1167 1453 1220 φησὶν,
1487 1170 1598 1219 ὑμᾶς,
1630 1167 1689 1206 καὶ
1721 1168 1845 1206 εἴπωσι
1878 1176 1946 1206 πᾶν
1978 1171 2128 1221 πονηρὸν
2162 1172 2258 1222 ῥῆμα
2285 1173 2364 1210 καθ’

112 1214 158 1232 '¹'
195 1215 239 1233 '²'
311 1224 381 1270 bis,
405 1232 442 1262 et
461 1225 631 1263 dixerint
647 1239 759 1264 omne
777 1228 927 1265 malum
946 1231 1110 1267 verbum
1126 1232 1262 1270 adver·
1334 1231 1431 1280 ὑμῶν
1452 1229 1656 1281 ψευδόμενο-
1669 1259 1677 1274 ,
1699 1229 1841 1282 χαίρετε
1858 1229 1918 1268 καὶ
1934 1232 2146 1282 ἀγαλλιᾶσθε
2159 1261 2170 1280 ,
2189 1231 2243 1271 ὅτι
2261 1235 2279 1270 ὁ
2299 1248 2363 1282 μι-

308 1297 394 1321 sum
423 1299 496 1323 vos
525 1289 765 1334 mentientes,
794 1288 961 1340 gaudete
989 1298 1026 1327 et
1053 1292 1258 1339 exsultate,
1334 1290 1411 1334 σθὸς
1439 1293 1536 1342 ὑμῶν
1554 1290 1662 1334 πολὺς
1693 1294 1726 1330 ἐν
1753 1297 1824 1335 τοῖς
1847 1293 2015 1344 οὐρανοῖς.
2043 1292 2114 1332 Καὶ
2132 1292 2251 1340 πάλιν,
2270 1294 2363 1333 Χαί-

307 1349 493 1397 quoniam
519 1361 661 1385 merces
685 1357 817 1386 vestra
838 1352 992 1401 copiosa
1011 1360 1066 1389 est
1084 1355 1125 1389 in
1139 1355 1257 1392 ecelis.
1336 1367 1408 1403 ρετε
1429 1351 1489 1389 καὶ
1517 1358 1700 1404 σκιρτᾶτε,
1724 1352 1805 1390 ὅταν
1825 1351 2031 1391 ι’ἐκέῦῖλωσῑ
2054 1353 2094 1392 τὸ
2126 1353 2236 1403 ὄνομα
2263 1356 2362 1405 ὖμῶν

102 1409 176 1459 ιρις.
193 1408 218 1442 6,
241 1419 290 1439 22.
307 1407 359 1444 Ac
376 1421 535 1454 rursum,
558 1408 736 1447 Gaudete
756 1418 791 1447 et
808 1411 1015 1459 exsultate,
1036 1426 1122 1451 cum
1142 1417 1260 1467 ejece-
1331 1415 1377 1456 ὡς
1400 1413 1550 1465 πονηρὸν
1569 1413 1787 1465 ψευδόμενοι.
1807 1413 1895 1453 “Ort
1923 1414 1958 1452 δὲ
1976 1413 2040 1452 κᾶν
2062 1414 2240 1461 ἀληθεύων
2259 1415 2360 1467 εἴπῃ,

101 1459 151 1478 ²’'
305 1470 386 1506 rint
405 1482 544 1507 nomen
570 1477 745 1508 vestrum
771 1479 971 1524 tamquam
988 1475 1136 1512 malum
1156 1491 1260 1514 men-
1331 1473 1372 1512 σὺ
1409 1474 1444 1514 δὲ
1478 1478 1552 1525 μετ’
1584 1475 1770 1519 ἐπιεικείας
1790 1475 1932 1527 ἐνέγκῃς
1963 1475 2007 1513 τὰ
2044 1475 2206 1528 ῥήματα,
2230 1476 2359 1526 καὶμὴ

304 1531 452 1566 tientes.
479 1530 653 1567 Caetcrum
673 1530 735 1568 ubi
767 1532 984 1571 conviciator
1014 1535 1159 1585 quidem
1177 1552 1259 1576 vera
1332 1534 1562 1587 ἀνθυόρίσῃς,
1587 1535 1675 1586 μηδὲ
1713 1537 1945 1588 λοιδορήσῃς,
1978 1536 2069 1574 ἀλλὰ
2101 1535 2267 1588 στενάξῃς
2299 1551 2361 1574 πι-

301 1588 448 1639 dixerit,
464 1599 504 1627 tu
518 1604 602 1629 vero
620 1589 774 1629 modeste
791 1592 978 1643 pertuleris
996 1608 1036 1632 ea
1051 1596 1174 1647 verba,
1190 1612 1259 1636 non
1285 1611 1308 1641 E
1330 1596 1425 1647 κρὸν,
1460 1596 1519 1634 καὶ
1551 1600 1732 1648 καταγνῷς
1771 1599 1839 1634 τῶν
1881 1595 2239 1646 πεπλημμελημένων
2254 1627 2263 1644 ,
2299 1598 2360 1635 οὐκ

302 1664 464 1702 regerens
485 1651 751 1699 contumeliam,
774 1667 888 1703 neque
906 1655 1067 1694 convicia
1089 1658 1255 1710 reserens,
1330 1657 1496 1695 ἐλάττονα
1530 1662 1589 1696 τοῦ
1615 1657 1783 1709 προτέρου
1805 1657 1976 1709 καρπώσῃ
2007 1657 2128 1707 μισθόν
2144 1673 2152 1680 ·
2181 1656 2360 1698 καὶτοῦτο

299 1711 362 1750 sed
373 1726 493 1750 amare
507 1712 721 1764 ingemueris
737 1713 909 1754 damnans
926 1725 987 1754 tua
1003 1716 1146 1769 delicta,
1160 1720 1259 1760 haud
1329 1719 1398 1757 ἀπὸ
1419 1721 1487 1757 τῶν
1508 1720 1657 1771 Γραφῶν
1688 1722 1769 1771 ὑμῖν
1789 1722 2016 1772 παραστῆσαι
2044 1719 2279 1771 πειράσομαι,
2302 1719 2359 1758 ἵνα

299 1772 472 1811 minorem
487 1774 577 1812 feres
591 1774 805 1826 mercedem,
821 1789 926 1826 quam
943 1777 1005 1815 ille
1023 1779 1259 1833 prior-:idque
1329 1780 1464 1830 μάθητε
1484 1779 1536 1818 ὅτι
1567 1780 1631 1819 ὅσα
1659 1783 1721 1819 οὐκ
1750 1781 1923 1833 ὠφελοῦσι
1943 1780 2037 1832 φίλοι
2057 1783 2274 1825 ἐπαινοῦντες
2298 1782 2358 1820 καὶ

300 1834 402 1873 vobis
422 1849 440 1873 e
463 1835 660 1888 Scripturis
694 1836 892 1889 approbare
910 1839 1076 1888 conabor,
1096 1842 1149 1880 uti
1171 1858 1254 1895 per-
1328 1842 1574 1894 χαριζόμενοι,
1596 1846 1748 1881 τοσαῦτα
1764 1843 1954 1894 ὠφελοῦσιν
1975 1842 2092 1894 ἐχθροὶ
2108 1845 2226 1886 κακῶς
2240 1843 2356 1895 λέγον-

299 1896 450 1935 noscatis
464 1911 533 1935 non
550 1906 691 1936 tantum
705 1898 868 1937 utilitatis
883 1900 1010 1938 afferre
1024 1902 1156 1942 amicos
1169 1904 1258 1943 dum
1328 1918 1400 1951 τες,
1434 1903 1497 1941 κᾶν
1533 1904 1729 1951 ἀληθεύωσι
1742 1932 1751 1949 ,
1782 1903 1885 1955 μόνον
1916 1903 1956 1940 ἂν
1985 1905 2032 1946 εἷς
2057 1904 2131 1942 δέον
2150 1907 2251 1955 ἡμεῖς
2281 1910 2359 1948 ταῖς

146 1976 286 2004 Utiliores
298 1956 447 1995 laudant
465 1967 499 1996 et
523 1957 570 1996 ad
585 1958 737 2011 gratiam
755 1959 967 2011 loquuntur,
991 1972 1164 2012 quantum
1185 1967 1258 2005 uti—
1329 1966 1552 2019 κατηγορίαις
1591 1966 1792 2018 χρήσασθαι
1831 1967 2074 2017 βουληθῶμεν.·
2103 1968 2150 2004 Οἱ
2189 1965 2252 2015 μὲν
2289 1965 2357 2017 γὰρ

97 2021 196 2066 Μ’)ὶῖὺ·
228 2019 284 2074 {¹⁸³-
299 2018 410 2057 litatis
443 2019 608 2057 adferunt
645 2020 781 2058 inimici
826 2020 1079 2075 vituperando,
1121 2026 1257 2066 etiamsi
1329 2027 1421 2078 φίλοι
1447 2027 1615 2071 πολλάκις
1643 2028 1703 2066 καὶ
1736 2027 1820 2079 πρὸς
1852 2027 1956 2079 χάριν
1978 2026 2240 2066 κολακεύουσιν·
2271 2028 2302 2066 οἱ
2326 2028 2356 2064 δ’

98 2060 285 2129 ZJJJ'IILIJJ,
301 2093 383 2118 vera
411 2079 591 2130 dixerint,
612 2081 664 2119 sic
683 2091 799 2119 tamen
823 2091 861 2120 ut
881 2097 944 2121 nos
975 2087 1258 2126 accusationibus
1329 2089 1444 2142 ἐχθροὶ
1469 2089 1514 2127 τὰ
1549 2089 1793 2142 ἁμαρτήματα
1825 2092 1872 2133 εἷς
1908 2089 2011 2140 μέσον
2032 2088 2185 2139 ἄγουσιν.
2206 2088 2354 2136 Ἐπειδὴ

97 2144 133 2169 ‹le
153 2144 288 2188 nutante
300 2141 447 2179 illorum
459 2142 506 2180 ad
523 2141 572 2191 id,
587 2142 635 2180 ad
651 2142 748 2193 quod
761 2153 913 2195 oportet,
927 2146 979 2183 uti
994 2146 1258 2187 velimus.Nam
1328 2149 1393 2202 γὰρ
1414 2150 1480 2189 ὑπὸ
1500 2151 1679 2203 φιλαυτίας
1699 2155 1801 2200 ἡμεῖς
1825 2151 1868 2188 τὰ
1887 2150 2042 2201 ἡμέτερα
2061 2149 2355 2200 πλημμελήματα

96 2187 286 2257 ‹iffa-2:535
301 2202 407 2241 amici
425 2203 624 2252 frequenter
649 2203 694 2241 ad
720 2204 871 2254 gratiam
896 2204 1113 2258 adulantur3
1137 2220 1257 2248 contra
1328 2214 1393 2264 οὐχ
1417 2215 1564 2262 ὁρῶμεν,
1595 2212 1662 2250 ὑπὸ
1684 2216 1752 2261 vij
1773 2212 1898 2264 ἔχθρας
1916 2214 2037 2250 ἐκεῖνοι
2055 2211 2224 2253 πολλάκις
2253 2213 2354 2261 ἡμῶν

301 2265 418 2303 hostes
440 2264 570 2302 delicta
599 2265 785 2316 proferunt
815 2265 852 2304 in
877 2267 1047 2306 medium.
1078 2271 1255 2317 Quoniam
1288 2313 1315 2323 ,Ρ

301 2339 381 2363 cum
403 2339 466 2363 nos
488 2333 608 2363 nostra
626 2334 768 2377 peccata
789 2339 856 2364 non
876 2327 1061 2367 videamus
1080 2331 1125 2368 ob
1154 2346 1253 2371 amo·
1271 2313 1317 2378 7Ᾰο
1327 2349 1391 2380 κην
1410 2337 1504 2384 ἡμᾶς
1532 2333 1692 2372 ἐνέὸαλον
1716 2332 1950 2385 διορθώσεως,
1980 2333 2040 2371 καὶ
2059 2333 2195 2383 γέγονεν
2225 2335 2308 2383 ἡμῖν
2329 2337 2351 2380 ἡ

299 2401 374 2425 rem
392 2387 503 2424 nostri
520 2385 623 2424 nobis
642 2386 804 2437 insitum,
823 2387 892 2438 illi,
910 2388 992 2439 quia
1011 2401 1158 2444 propter
1176 2394 1254 2431 odi-
1326 2396 1433 2448 ἔχθρα
1453 2395 1620 2445 μεγίστης
1639 2394 1807 2447 ὠφελείας
1823 2394 1982 2437 ὑπόθεσις
1997 2424 2006 2440 ,
2032 2395 2070 2431 οὐ
2092 2394 2195 2445 μόνον
2215 2393 2269 2432 ὅτι
2288 2410 2352 2445 μι-

299 2463 361 2486 um
383 2463 421 2486 ea
441 2448 567 2486 melius
583 2461 691 2499 quam
705 2461 767 2486 nos
782 2448 1016 2501 perspiciunt,
1035 2454 1254 2504 exprobran-
1324 2456 1558 2506 μνησκόμενοι
1587 2459 1670 2508 παρ’
1704 2455 1842 2494 ἐκείνων
1872 2460 2014 2506 νοοῦμεν
2037 2457 2139 2505 ἡμῶν
2161 2455 2205 2493 τὰ
2233 2455 2352 2507 ἁμαρ-

298 2511 343 2549 do
362 2525 425 2548 nos
445 2509 492 2548 ad
510 2509 737 2548 correctionis
765 2509 1007 2549 necessitatem
1035 2513 1249 2566 impellunt:
1322 2517 1486 2567 τήματα,
1520 2519 1596 2556 ἀλλ’
1630 2519 1682 2555 ὅτι
1714 2517 1801 2554 αὐτὰ
1834 2517 1893 2555 καὶ
1923 2516 2168 2567 ἀποτιθέμεθα.
2196 2515 2256 2555 Ἂν
2283 2517 2351 2568 γὰρ

298 2582 336 2610 ut
362 2573 507 2610 illorum
537 2571 725 2609 inimicitia
754 2571 854 2609 nobis
874 2571 975 2611 cedat
993 2573 1039 2612 ad
1058 2577 1251 2617 maximam
1321 2579 1470 2630 ὀνειδίσῃ
1491 2595 1528 2617 σε
1549 2583 1565 2618 ὁ
1584 2579 1705 2630 ἐχθρὸς
1720 2578 1934 2629 ἁμάρτημα,
1949 2578 1967 2616 ὃ
1982 2577 2023 2616 σὺ
2040 2580 2156 2631 σαυτῷ
2171 2578 2348 2625 σύνοιδας,

298 2633 499 2681 utilitatem,
515 2647 584 2670 non
598 2631 677 2670 ideo
694 2640 832 2669 tantum
848 2633 945 2683 quod
960 2649 1023 2686 per
1038 2635 1118 2675 illos
1132 2638 1251 2678 admo·
1322 2640 1362 2679 σὺ
1379 2641 1407 2677 δ’
1437 2641 1585 2683 ἀκούσας
1614 2641 1741 2678 ἐκεῖνον
1773 2639 1834 2689 μὲν
1861 2638 1909 2689 μὴ
1939 2638 2106 2689 ὑὲρίσῃς,
2126 2638 2290 2690 στενάξῃς
2314 2640 2349 2678 δὲ

297 2694 361 2732 niti
383 2694 615 2745 intelligimus
632 2702 746 2731 errata
766 2703 906 2742 nostra,
928 2695 990 2733 scd
1017 2698 1110 2748 quod
1131 2713 1169 2737 ea
1189 2700 1252 2739 de-
1320 2703 1456 2754 πικρὸν,
1485 2702 1544 2739 καὶ
1574 2701 1631 2739 τὸν
1653 2701 1743 2740 Θεὸν
1767 2699 2040 2751 παρακαλέκῃς,
2066 2698 2191 2742 εὐθέως
2221 2700 2348 2740 ἀπέθου

296 2756 461 2808 ponimus
477 2769 630 2806 qnoque.
646 2755 738 2792 Nam
754 2754 782 2791 si
801 2755 966 2794 inimicus
981 2759 1252 2810 exprobraverit
1319 2764 1382 2810 τὴν
1403 2763 1576 2814 ἁμαρτίαν
1597 2762 1748 2800 ἅπασαν.
1770 2755 1859 2812 Ἄρα
1879 2760 1913 2797 τί
1931 2759 2052 2798 τούτου
2072 2759 2197 2810 γένοιτ’
2219 2759 2258 2797 ἂν
2280 2778 2347 2812 μα-

298 2817 361 2854 tibi
382 2817 530 2865 crimen,
553 2817 654 2867 cnjus
682 2815 747 2852 tibi
770 2817 929 2854 conscius
949 2832 998 2867 cs,
1021 2828 1058 2856 tu
1080 2835 1162 2860 vero
1182 2838 1248 2861 au-
1323 2824 1554 2877 καριώτερον,
1583 2823 1616 2860 τί
1645 2823 1675 2860 δ’
1707 2820 1938 2873 εὐκολώτερον
1973 2821 2058 2874 πρὸς
2083 2822 2348 2872 ἁμαρτημάτων

295 2877 396 2915 diens
431 2891 498 2914 non
527 2876 733 2913 convicieris
766 2876 819 2913 illi
854 2877 1011 2916 vicissim
1026 2910 1038 2929 ,
1075 2882 1136 2920 scd
1168 2899 1249 2923 cuni
1323 2886 1551 2936 ἀπαλλαγήν,
1580 2885 1670 2922 Ἀλλ’
1702 2883 1757 2921 ἵνα
1791 2883 1838 2933 μὴ
1870 2882 2017 2933 νομίσῃς
2044 2885 2138 2931 ἡμᾶς
2169 2883 2289 2927 ἁπλῶς
2309 2899 2347 2921 σε

295 2953 416 2976 :imaro
434 2937 565 2989 gemitu
587 2938 701 2974 Deum
727 2937 906 2989 implum-S,
931 2941 1092 2991 protinus
1111 2958 1248 2983 omnem
1276 2964 1296 2992 ῃ
1320 2949 1555 2998 ψυχαγωγεῖν,
1570 2945 1639 2983 ἀπὸ
1652 2948 1718 2983 τῶν
1735 2944 1834 2982 θείων
1854 2945 2001 2995 Γραφῶν
2020 2942 2083 2989 τὴν
2108 2942 2196 2995 ὑπὲρ
2214 2944 2347 2982 τούτων

295 3000 439 3051 culpam
457 2997 667 3050 deposuisti.
690 2998 788 3049 Rogo
816 2998 904 3048 quid
929 2999 996 3037 hoe.
1023 3016 1095 3040 esse
1121 3006 1249 3056 poterit
1319 3007 1512 3059 παρέξομαι
1534 3006 1739 3057 μαρτυρίαν,
1766 3004 1823 3043 ’ίνα
1853 3004 1960 3056 μηδὲν
1982 3003 2185 3057 ἀμφιὸάλῃς
2212 3006 2344 3044 λοιπόν.

295 3060 457 3098 felicius?
468 3059 555 3110 quid
572 3058 615 3095 nd
628 3058 819 3096 criminum
834 3059 1060 3100 abolitionem
1077 3065 1217 3104 facilius
1229 3069 1245 3104 Ξ)
1319 3068 1515 3120 Φαρισαῖός
1533 3083 1584 3110 τις
1598 3061 1652 3114 ἦν,
1670 3066 1729 3105 καὶ
1743 3065 1894 3111 τελώνης
1908 3081 1915 3088 ·
1930 3067 1948 3102 ὁ
1966 3064 2027 3115 μὲν
2048 3067 2095 3108 εἰς
2114 3065 2268 3116 ἐσχάτην
2284 3082 2346 3104 κα-

296 3120 367 3159 scd
385 3135 428 3159 ne
443 3120 630 3158 videamur
642 3133 703 3156 nos
723 3120 840 3157 verbis
860 3120 1026 3162 humanis
1045 3127 1212 3177 excitare,
1227 3144 1245 3166 e
1319 3130 1395 3168 κίαν
1416 3128 1597 3173 ἐληλακὼς
1609 3159 1617 3173 ,
1633 3131 1650 3166 ὁ
1664 3127 1700 3165 δὲ
1716 3126 1936 3170 δικαιοσύνης
1951 3125 2200 3176 ἐπιμελόμενος
2214 3126 2323 3178 ἄκρας
2334 3143 2342 3151 ·

294 3181 430 3220 (livinis
448 3181 644 3234 Scripturis
657 3195 762 3232 super
778 3181 843 3219 hac
860 3196 895 3220 re
914 3185 1129 3234 proferemus
1147 3192 1243 3228 testi·
1317 3192 1374 3229 καὶ
1396 3190 1462 3242 γὰρ
1488 3190 1530 3227 τὰ
1550 3191 1630 3228 ὄντα
1653 3189 1845 3241 προήκατο,
1876 3188 1935 3225 καὶ
1963 3187 2137 3233 νηστεύων
2168 3187 2313 3226 διετέλει
2331 3219 2339 3232 ,

297 3244 451 3283 monium
468 3273 476 3287 ,
499 3257 540 3280 ne
559 3241 646 3292 qnid
674 3250 836 3293 praeterea
866 3242 1018 3282 dubites.
1047 3247 1243 3290 Pharisaeus
1316 3253 1374 3291 καὶ
1389 3250 1584 3295 πλεονεξίας
1601 3245 1641 3296 ἦν
1661 3249 1825 3291 καθαρός·
1844 3251 1970 3291 ἐκεῖνος
1990 3248 2019 3284 δ’
2039 3249 2073 3285 ἓν
2089 3248 2262 3298 ἁρπαγαῖς
2282 3249 2341 3287 καὶ

1329 2272 1572 2324 ἀκριὲέστερον
1594 2273 1820 2323 θεασάμενοι,
1841 2273 1900 2310 καὶ
1924 2272 2152 2315 ὀνειδίσαντες
2183 2274 2230 2316 εἷς
2250 2272 2353 2325 ἀνάγ-

342 3361 354 3381 ¹=
381 3358 459 3399 Rvg.
481 3369 561 3390 unus
580 3363 735 3392 ἐνί’κ)ωτιν
756 3370 834 3402 assiu
859 3368 981 3404 :mapsa
1006 3368 1097 3404 ονομα
1119 3368 1296 3406 ,ὶψῦουινςη
