2516 3791
853 132 898 162 IN
936 129 1130 162 GENRSIM
1167 130 1314 161 SERMO
1353 132 1409 161 lx-

107 233 208 262 κασι,
229 217 287 255 καὶ
314 217 383 255 τῶν
409 217 468 254 νῦν
495 215 676 268 παρόντων
704 215 782 254 τότε
802 218 864 255 οὐκ
890 216 1058 263 ἥκουσαν,
1089 213 1129 252 τὸ

106 279 265 332 διάφορον
279 280 346 316 τῶν
363 280 545 330 ἀκροατῶν
565 276 760 330 ἀναγκαίαν
774 284 867 316 ποιεῖ
880 277 1041 330 γενέσθαι
1057 279 1126 315 τῶν

103 340 293 393 εἰρημένων
310 342 394 390 ἡμῖν
419 338 481 386 τὴν
510 338 672 391 ἐξήγησιν
686 355 694 363 ·
714 338 804 378 οὕτω
823 339 891 392 γὰρ
910 339 969 377 καὶ
991 344 1062 382 τοῖς
1092 337 1128 382 ἐξ

104 403 214 455 ἀρχῆς
231 399 557 454 παρηκολουθηκόσι
576 403 627 453 τῷ
645 401 739 454 λόγῳ
761 402 894 453 μᾶλλον
923 399 1127 452 ἐμπαγήσε-

102 479 159 501 ται
187 462 317 501 τούτων
336 466 358 509 ἡ
379 462 519 514 μνήμη,
551 463 656 502 πάλιν
684 462 1051 515 ἀναμιμνῃσκομένοις
1079 455 1127 499 ὧν

100 524 252 570 ἤκουσαν
269 540 277 548 ·
307 524 365 562 καὶ
391 531 462 568 τοῖς
492 526 748 577 ἀπολειφθεῖσιν
780 527 818 564 οὐ
846 523 998 571 τοσαύτη
1028 523 1127 562 ἔσται

104 585 218 637 βλάὸη
233 616 243 634 ,
286 589 345 624 τοῦ
385 585 488 638 λόγου
527 586 798 640 γνωριμωτέραν
841 587 957 630 αὐτοῖς
1000 585 1128 624 ἄνωθεν

103 651 280 691 ποιοῦντος
302 647 364 695 τὴν
385 647 625 687 διδασκαλίαν.
647 648 716 686 Καὶ
737 647 806 699 μὴν
821 647 904 691 ἴσως
928 647 968 685 ἂν
999 646 1128 686 εἴποιεν

103 710 135 748 οἱ
154 709 207 747 ἀεὶ
223 709 495 762 παραγινόμενοι
511 739 521 756 ,
542 708 595 747 ὅτι
614 710 658 747 δι’
676 709 759 748 αὐτὸ
779 708 842 760 μὲν
860 703 917 747 οῧν
940 711 1043 748 τοῦτο
1067 710 1130 748 οὐκ

105 773 212 824 ἐχρῆν
228 771 414 809 ἀναλαδεῖν
440 770 484 808 τὰ
502 770 688 823 εἰρημένα,
709 769 765 808 ἵνα
788 770 1052 824 ἀπολειφθέντες
1071 771 1132 810 καὶ

105 835 172 870 τῶν
209 831 380 876 συνάξεων
402 831 752 884 καταφρονήσαντες,
780 831 872 884 ἔργῳ
900 831 964 879 τὴν
995 832 1129 884 βλάὸην

1139 866 1187 891 688

2063 139 2150 186 797

1197 213 1291 265 cogit
1309 213 1517 252 auditorum
1537 213 1705 263 varietas,
1726 222 1764 253 ut
1783 216 1972 268 repetenda
1987 218 2154 270 sint‚qu;e

1197 288 1310 327 nuper
1326 275 1422 314 dicta
1441 292 1447 313 :
1464 275 1558 314 unde
1579 286 1613 315 et
1632 277 1656 314 ii
1671 276 1732 328 qui
1752 277 1854 329 prius
1875 292 2070 318 sermonem
2092 297 2155 320 au-

1194 335 1345 386 dierant,
1357 337 1485 377 melius
1494 337 1676 377 dictorum
1683 339 1892 377 memoriam
1904 340 2047 379 firment
2057 357 2063 378 :
2073 343 2156 380 etiis

1195 398 1257 449 qui
1268 398 1471 448 abfuerunt,
1483 413 1551 437 non
1570 408 1641 438 tam
1656 399 1872 438 damnosum
1885 401 1932 439 sit
1945 401 2114 451 abfuisse,
2129 404 2156 441 si

1196 468 1230 498 et
1244 460 1332 512 ipsis
1346 460 1710 500 innotescatdoctrina
1726 461 1867 514 pridem
1880 462 2013 502 habita.
2027 464 2074 502 Et
2090 465 2159 502 for-

1197 521 1299 559 tassis
1313 520 1432 560 dicent
1450 521 1513 573 qui
1533 536 1672 575 semper
1692 531 1774 562 sunt
1793 532 1996 576 praesentes,
2015 534 2160 577 propter

1197 581 1278 621 illos
1297 597 1411 635 nuper
1434 582 1529 622 dicta
1560 597 1630 622 non
1650 597 1724 623 esse
1742 585 1970 635 resumenda,
1992 595 2032 623 ut
2053 585 2077 623 ii
2097 586 2160 637 qui

1199 657 1282 682 cum
1306 643 1386 682 aliis
1414 644 1610 683 convenire
1638 654 1914 693 contemserunt,
1940 646 2007 685 hoc
2028 645 2160 685 damno

1198 704 1444 757 emendentur,
1461 715 1495 744 et
1511 706 1599 745 fiant
1614 707 1763 760 posthac
1779 707 2036 760 diligentiores.
2051 708 2160 760 Equi-

1199 766 1281 805 dem
1310 766 1433 817 laudo,
1465 767 1565 819 quod
1585 768 1739 807 fratrum
1761 768 1890 807 doletis
1908 769 2106 821 ignaviam,
2128 779 2161 808 et

1200 827 1360 867 admiror
1384 828 1500 867 zelum
1519 845 1527 866 ε
1545 829 1675 869 vellem
1701 839 1821 868 autem
1846 844 1910 869 vos
1929 831 2044 869 zelum
2066 831 2162 869 bunc

103 892 368 943 ὑπομείναντες,
397 892 552 944 βελτίους
578 892 766 944 γένωνται,
794 895 838 944 τῇ
860 892 969 945 ζημίᾳ
995 908 1130 945 σωφρο-
1151 910 1176 940 Α
1200 897 1397 943 temperare
1415 890 1676 930 misericordia.
1699 891 1806 931 Zelus
1825 891 1920 930 enim
1940 892 2081 931 veniam
2101 906 2161 931 ne·
2196 908 2284 935 mus
2303 920 2364 936 „ne

103 953 284 1005 νιζόμενοι.
306 953 403 1006 Ἐγὼ
419 953 455 993 δὲ
472 956 604 992 ἐπαινῶ
627 954 689 1006 μὲν
706 956 814 1005 ὑμᾶς,
829 954 884 994 ὅτι
905 954 995 994 οὕτω
1010 955 1130 994 δάκνε-

103 1018 163 1054 σθε
187 1016 273 1068 ὑπὲρ
296 1017 356 1062 τῆς
384 1015 553 1068 ῥᾳθυμίας
575 1017 644 1054 τῶν
667 1017 838 1069 ἀδελφῶν,
867 1016 927 1055 καὶ
950 1017 1008 1055 τὸν
1026 1019 1130 1064 ζῆλον

103 1077 288 1128 θαυμάζω·
319 1077 488 1130 βούλομαι
520 1077 557 1116 δὲ
585 1077 645 1117 καὶ
673 1078 916 1131 φιλανθρωπία
942 1078 1002 1118 τὸν
1027 1080 1129 1127 ζῆλον

103 1141 194 1191 ὑμᾶς
211 1139 358 1194 κεράσαι
376 1144 506 1179 τοῦτον.
525 1141 639 1185 Ζῆλος
656 1140 723 1192 γὰρ
753 1140 961 1192 συγγνώμης
981 1142 1132 1180 ἀπεστε-

105 1201 272 1253 ρημένος,
300 1203 338 1241 οὔ
372 1203 496 1251 ζῆλος,
531 1201 621 1240 ἀλλὰ
648 1201 754 1253 θυμὸς
788 1201 920 1252 μᾶλλόν
950 1205 1042 1251 ἐστι,
1071 1203 1131 1242 καὶ

105 1263 282 1310 νουθεσία,
311 1262 574 1316 φιλανθρωπίαν
607 1264 669 1302 οὐκ
696 1262 845 1315 ἔχουσα,
875 1264 1050 1315 βασκανία
1079 1281 1131 1309 τις

103 1318 191 1363 εἶναι
211 1326 315 1364 δοκεῖ.
343 1324 412 1364 Διὰ
438 1329 539 1363 τοῦτο
559 1327 651 1376 ὑμᾶς
679 1325 812 1376 μᾶλλον
841 1327 1059 1377 παρακαλῶ,
1080 1326 1129 1378 μὴ

104 1389 238 1438 πικρῶς
254 1385 298 1424 τὰ
314 1389 383 1424 τῶν
401 1385 550 1433 πλησίον
569 1385 699 1439 κρίνειν
712 1385 967 1439 ἁμαρτήματα.
989 1387 1131 1440 εὨσπερ

101 1447 169 1500 γὰρ
188 1451 206 1486 ὁ
224 1446 333 1500 χωρὶς
350 1445 560 1499 συγγνώμης
577 1449 666 1499 ὁρῶν
688 1447 733 1486 τὰ
752 1450 822 1486 τῶν
841 1448 998 1500 ἀδελφῶν
1018 1448 1130 1501 τραύ-

103 1525 197 1561 ματα
210 1540 220 1558 ,
237 1508 270 1548 εἴ
289 1524 371 1548 ποτε
388 1508 448 1547 καὶ
464 1509 565 1553 αὐτὸς
584 1508 753 1560 ἁμάρτοι,
771 1508 891 1548 οὐδένα
909 1509 1046 1561 εὑρήσει
1072 1510 1131 1548 τὸν

104 1570 313 1624 συγγνώμην
334 1573 428 1623 αὐτῷ
450 1570 619 1621 νέμοντα·
639 1569 748 1615 οὕτως
767 1573 784 1609 δ
804 1572 880 1621 μετ’
908 1570 1005 1610 ἐλέου
1026 1572 1128 1611 δικά-

103 1636 169 1678 ζων
196 1638 266 1675 τοῖς
292 1634 361 1669 τῶν
385 1631 534 1679 πλησίον
563 1630 864 1685 παραπτώμασιν,
884 1631 917 1671 εἴ
932 1648 1017 1671 ποτε
1047 1634 1131 1671 ὓπο-

103 1693 300 1740 σκελισθείη
313 1721 322 1738 ,
342 1691 490 1736 πολλοὺς
503 1693 625 1744 ὄψεται
638 1691 716 1737 τοὺς
734 1699 837 1746 χεῖρα
851 1693 1046 1747 ὀρέγοντας.
1060 1695 1131 1733 Καὶ

101 1759 211 1794 ταῦτα
229 1754 320 1807 λέγω
337 1757 409 1802 νῦν,
428 1757 467 1793 οὖ
489 1753 552 1801 τὴν
575 1754 746 1808 ῥαθυμίαν
762 1757 831 1793 τῶν
852 1755 1130 1809 ἀπολειφθέντων

105 1817 254 1863 αὐξῆσαι
273 1817 477 1869 βουλόμενος
489 1848 499 1866 ,
517 1816 608 1856 ἀλλὰ
634 1816 698 1865 τὴν
717 1817 892 1871 ἡμετέραν
921 1819 1129 1870 κηδεμονίαν

101 1882 272 1919 ἐπιτεῖναι
290 1880 507 1928 σπουδάζων,
522 1879 577 1918 ἵνα
603 1879 690 1932 μετὰ
716 1879 818 1931 λόγου
837 1880 977 1933 γίνηται
993 1882 1052 1921 καὶ
1072 1899 1129 1936 φι-

102 1941 316 1994 λοστοργίας.
334 1941 437 1980 Ἐπεὶ
464 1942 523 1980 καὶ
546 1945 650 1993 ἡμεῖς
665 1942 816 1988 πολλοὺς
837 1944 897 1982 καὶ
918 1945 1072 1999 μακροὺς
1086 1949 1128 1999 τῇ

102 2002 293 2056 προτεραίᾳ
316 2003 396 2042 κατ’
415 2006 527 2043 αὐτῶν
549 2003 778 2055 ἀπετείναμεν
797 2004 939 2056 λόγους,
965 2006 1025 2046 καὶ
1053 2009 1129 2048 οὐδὲ

103 2063 303 2117 ἀνθρώπους
320 2064 442 2110 αὐτοὺς
462 2060 550 2104 εἶναι
570 2065 712 2118 ἔφαμεν,
738 2066 920 2120 8καθάπερ
935 2068 1129 2120 μέμνησθε,

100 2125 313 2180 κατηγόρους
333 2129 447 2171 αὐτοῖς
474 2126 727 2173 ἐπιστήσαντες
759 2128 817 2167 δύο
847 2129 1028 2182 προφήτας
1049 2130 1130 2176 τοὺς

100 2188 325 2240 κορυφαίους·
356 2187 414 2226 τὸν
445 2188 508 2240 μὲν
541 2188 706 2240 λέγοντα,
731 2183 879 2237 ῗΗλθον,
909 2191 969 2229 καὶ
993 2194 1056 2230 οὐκ
1084 2186 1127 2239 ἦν

99 2250 278 2303 ἄνθρωπος
294 2265 303 2274 ·
333 2249 505 2299 ἐκάλεσα,
539 2250 600 2288 καὶ
627 2252 690 2289 οὐκ
719 2245 761 2298 ἦν
781 2254 799 2290 ὃ
824 2252 1126 2304 ὑπακουσόμενος·
1150 2259 1174 2291 C

99 2311 156 2349 τὸν
186 2310 222 2350 δὲ
248 2311 478 2351 καταόοῶντα
502 2312 608 2350 πάλιν
633 2312 693 2350 καὶ
722 2312 1000 2364 πυνθανόμενον·
1031 2316 1127 2368 Πρὸς

99 2370 175 2409 τίνα
210 2372 356 2418 λαλήσω
384 2372 444 2410 καὶ
473 2372 778 2427 διαμαρτύρομαι,
812 2373 1051 2428 Ἀπερίτμητα
1081 2376 1125 2416 τὰ

99 2426 174 2471 ὦτα
190 2435 316 2482 αὐτῶν,
332 2434 391 2472 καὶ
410 2436 448 2473 οὔ
467 2434 628 2473 δύνανται
647 2435 797 2474 ἀκούειν.
818 2436 890 2475 Καὶ
908 2437 1040 2491 σφόδρα
1057 2441 1123 2478 αὖ-

99 2497 167 2533 τῶν
187 2494 244 2533 διὰ
258 2497 388 2534 τούτων
407 2495 465 2533 καὶ
485 2497 553 2533 τῶν
576 2495 739 2536 τοιούτων
762 2497 930 2549 ἐδάκομεν
957 2499 1020 2548 τὴν
1041 2500 1123 2539 διά-

98 2572 205 2595 νοιαν.
226 2555 331 2594 Ἀλλὰ
352 2559 408 2594 νῦν
431 2555 552 2601 αὐτοὺς
582 2557 688 2596 πάλιν
716 2561 1007 2612 παρακαλοῦμεν·
1031 2561 1123 2601 οὕτω

97 2616 164 2670 γὰρ
183 2617 241 2655 καὶ
261 2621 278 2656 ὁ
297 2619 437 2661 Παῦλος
461 2618 640 2658 ἐκέλευσεν
655 2635 663 2643 ·
689 2619 855 2673 Ἔλεγξον
882 2620 972 2675 γὰρ,
1002 2623 1121 2675 φησὶν,

97 2678 315 2728 ἐπιτίμησον,
335 2679 591 2731 παρακάλεσον.
619 2679 713 2719 Οὔτε
740 2680 807 2734 γὰρ
836 2686 938 2721 τοῖτο
965 2683 1019 2722 ἀεὶ
1050 2684 1120 2736 χρὴ

97 2746 207 2778 ποιεῖν
227 2740 342 2790 μόνον,
360 2739 438 2778 οὔτε
454 2743 563 2780 ε’κεῖνο
577 2741 693 2793 μόνον,
711 2741 790 2780 ἀλλ’
804 2743 953 2796 ἑκάτερα
974 2744 1122 2795 μίξαντα

99 2800 361 2852 ἀπηρτισμένην
385 2802 589 2853 ἐργάζεσθαι
611 2802 676 2850 τὴν
694 2803 876 2856 ὠφέλειαν.
904 2804 965 2843 Ἂν
989 2821 1027 2844 τε
1053 2805 1121 2859 γὰρ

98 2862 283 2906 διαπαντὸς
302 2861 514 2915 ἐλέγχ-ωμεν,
529 2865 856 2920 ἀναισχυντοτέρους
870 2866 993 2911 αὐτοὺς
1009 2870 1120 2920 ἀπερ-

95 2923 272 2974 γαζόμεθα
284 2939 292 2947 ·
310 2923 352 2962 ἀν
371 2939 409 2962 τε
426 2925 610 2968 διαπαντὸς
624 2929 899 2979 παρακαλῶμεν,
924 2929 1117 2981 ῥᾳθυμοτέ-

98 2999 175 3035 ρους
202 2988 379 3035 ποιοῦμεν.
414 2984 482 3022 Διὰ
507 2989 608 3024 τοῦτο
629 2987 690 3025 καὶ
719 2989 831 3042 ἰατροὶ
857 2989 936 3041 οὐχὶ
955 2990 1118 3040 τέμνουσι

97 3045 211 3094 μόνον,
238 3046 328 3083 ἀλλὰ
357 3046 417 3084 καὶ
449 3045 634 3098 τραύματα
659 3048 926 3100 ἕπιδεσμοῦσιν·
959 3050 1036 3090 οὐδὲ
1064 3052 1118 3090 ἀεὶ

97 3106 266 3157 φάρμακα
301 3105 412 3158 πικρὰ
445 3106 711 3157 ἐπιὸάλλουσιν,
744 3110 834 3149 ἀλλὰ
864 3111 924 3149 καὶ
958 3116 1117 3164 προσηνῆ

99 3166 284 3209 πολλάκις·
308 3168 351 3205 δι’
374 3167 514 3206 ἐκείνων
537 3167 599 3217 μὲν
617 3172 686 3207 τῶν
709 3171 886 3223 προτέρων
905 3173 944 3212 τὸ
968 3175 1119 3220 σεσηπὸς

1200 965 1302 1005 gans,
1331 952 1450 1006 potius
1470 953 1572 992 furor
1601 962 1653 992 est
1677 967 1784 1005 quam
1816 953 1926 1004 zelus,
1947 963 1981 992 et
1998 953 2161 992 admoni-
2178 950 2361 978 *⁴⁰¹¹*³¹'¹¹¹⁰¹‘·

1201 1014 1266 1064 tio,
1279 1014 1424 1054 lenitate
1440 1013 1624 1066 destituta,
1641 1014 1780 1054 invidia
1796 1016 1962 1067 quaedam
1977 1024 2042 1054 est.
2063 1018 2162 1064 Qua-

1200 1085 1346 1130 propter
1373 1077 1488 1129 magis
1516 1092 1579 1117 vos
1600 1077 1762 1126 obsecro,
1789 1091 1832 1116 ne
1857 1092 1976 1116 amare
2003 1077 2048 1115 de
2077 1092 2161 1130 pro-

1202 1138 1386 1177 ximorum
1410 1138 1579 1191 judicetis
1613 1139 1779 1192 peccatis.
1809 1139 1903 1177 Nam
1926 1139 2018 1177 sicut
2047 1139 2078 1176 is
2101 1139 2165 1190 qui

1203 1199 1338 1251 absque
1355 1200 1665 1239 commiseratione
1680 1200 1830 1239 vulnera
1850 1200 2002 1238 fratrum
2021 1208 2165 1252 spectat,

1202 1261 1344 1300 nullum
1358 1261 1514 1301 inveniet
1529 1261 1641 1312 quise
1658 1260 1828 1313 dignetur
1844 1260 1962 1308 venia,
1979 1260 2008 1299 si
2024 1260 2166 1311 quando

1201 1331 1236 1360 et
1265 1322 1341 1374 ipse
1372 1322 1605 1376 peccaverit:
1631 1321 1680 1360 ita
1714 1321 1778 1373 qui
1809 1335 1890 1360 cum
1920 1322 2165 1360 misericordia

1201 1382 1248 1421 de
1277 1382 1381 1435 lapsu
1412 1383 1573 1436 proximi
1602 1382 1759 1436 judicat,
1789 1383 1819 1422 si
1850 1382 1995 1434 quando
2028 1392 2062 1421 et
2092 1383 2167 1436 ipse

1202 1444 1452 1497 supplantatus
1468 1444 1588 1495 fuerit,
1609 1445 1743 1483 multos
1762 1443 1901 1483 videbit
1920 1459 2065 1483 manum
2083 1459 2166 1497 por-

1202 1506 1369 1558 rigentes.
1399 1505 1447 1545 Et
1477 1506 1554 1545 haec
1587 1520 1683 1545 nunc
1703 1505 1800 1557 dico,
1824 1520 1895 1545 non
1929 1506 2028 1558 quod
2058 1507 2167 1546 velim

1201 1581 1326 1607 eorum
1356 1568 1420 1620 qui
1450 1581 1531 1606 raro
1562 1567 1634 1607 huc
1663 1568 1878 1607 conveniunt
1912 1568 2166 1620 negligentiam

1201 1630 1340 1681 augeri,
1362 1629 1425 1669 sed
1443 1628 1540 1682 quod
1558 1629 1729 1682 majorem
1760 1643 1885 1667 curam
1907 1639 2062 1669 nostram
2083 1645 2167 1683 erga

1201 1690 1282 1729 illos
1298 1691 1458 1744 cupiam,
1474 1691 1523 1730 ita
1542 1699 1582 1729 ut
1596 1704 1679 1729 cum
1694 1690 1829 1729 ratione
1841 1700 1874 1729 et
1888 1691 2021 1730 amoris
2034 1693 2165 1731 affectu

1202 1761 1361 1805 geratur.
1398 1752 1569 1803 Alioquin
1600 1760 1635 1791 et
1665 1765 1729 1791 nos
1759 1752 2006 1804 superioribus
2039 1753 2166 1792 diebus

1203 1814 1334 1854 multos
1356 1823 1391 1853 et
1408 1814 1533 1866 longos
1566 1826 1745 1852 sermones
1763 1812 1957 1852 adversum
1982 1814 2063 1853 illos
2084 1829 2165 1867 pro-

1202 1875 1463 1927 nuntiavimus,
1485 1884 1520 1914 et
1537 1889 1652 1926 neque
1667 1874 1856 1912 hominum
1874 1875 2017 1915 nomine
2037 1876 2165 1928 dignos

1201 1936 1500 1977 diximus:sicut
1530 1935 1743 1975 meministis
1772 1949 1835 1975 nos
1866 1935 1903 1974 in
1928 1936 1996 1975 hoe
2028 1937 2164 1990 produ-

1202 1999 1297 2039 xisse
1319 1999 1512 2053 prophetas
1541 1998 1633 2037 duos
1664 1998 1864 2051 praecipuos
1899 2007 2021 2038 contra
2048 1999 2129 2038 illos
2151 2015 2159 2036 :

1203 2076 1355 2114 quorum
1374 2075 1466 2100 unus
1487 2060 1597 2099 dicit:
1615 2061 1726 2107 Veni,
1750 2068 1786 2099 et
1816 2073 1895 2098 non
1910 2069 1994 2098 erat
2016 2061 2130 2098 homo
2147 2077 2158 2097 .·
2177 2067 2253 2097 lsai.
2283 2068 2332 2102 50.

1201 2126 1358 2172 vocavi,
1379 2132 1415 2162 et
1433 2136 1512 2161 non
1538 2130 1622 2160 erat
1649 2123 1716 2174 qui
1735 2121 1887 2160 audiret
1899 2137 1915 2167 ,-
1931 2121 2024 2160 alius
2041 2131 2160 2160 autem
2175 2118 2203 2137 ²·

1199 2185 1345 2237 clamat,
1376 2193 1410 2223 et
1433 2183 1546 2222 dicit:
1563 2184 1639 2223 Cui
1660 2183 1802 2234 loquar
1826 2190 1863 2220 et
1888 2182 2127 2236 testificabor
2143 2189 2275 2224 ?Je1-.6.
2293 2201 2338 2223 10.

1199 2248 1485 2285 Incircumcisoe
1495 2257 1609 2284 aures
1619 2257 1767 2291 eorum,
1782 2251 1818 2282 et
1830 2253 2077 2296 nonpossunt
2090 2259 2159 2284 au-

1198 2309 1292 2347 dire.
1310 2307 1453 2354 Quibus
1469 2305 1591 2345 verbis
1610 2313 1764 2343 mentem
1783 2318 1906 2344 eorum
1926 2305 2011 2345 satis
2031 2307 2159 2346 acriter

1197 2369 1486 2423 perstrinximus.
1506 2368 1612 2406 Nunc
1637 2380 1723 2406 vero
1750 2366 1882 2405 iterum
1905 2367 2156 2407 obsecramus:

1197 2432 1248 2470 sic
1267 2431 1362 2470 enim
1384 2439 1419 2470 et
1440 2430 1576 2468 Paulus
1597 2427 1706 2481 jussit
1727 2443 1735 2463 ι
1757 2427 1907 2480 Argue,
1933 2428 2064 2480 inquit,
2092 2433 2152 2467 in-
2170 2441 2357 2480 2.T1‘n.1.4.2.

1195 2507 1325 2546 crepa,
1349 2494 1520 2531 obsecra.
1544 2491 1668 2540 Neque
1685 2488 1780 2526 enim
1799 2488 1865 2527 hoc
1884 2503 2023 2541 semper
2038 2492 2154 2530 solum

1194 2568 1298 2608 agere
1325 2561 1482 2606 oportet,
1503 2565 1618 2602 neque
1646 2562 1785 2601 semper
1810 2549 1903 2587 illud
1930 2550 2046 2589 solum
2064 2567 2072 2589 :
2092 2553 2154 2591 sed

1196 2623 1389 2664 utrumque
1417 2610 1564 2650 alternis
1590 2609 1745 2659 vicibus,
1769 2623 1838 2660 quo
1860 2610 1974 2662 major
1994 2611 2077 2650 inde
2095 2627 2150 2652 se-

1194 2684 1325 2726 quatur
1340 2672 1490 2711 utilitas.
1509 2671 1602 2710 Nam
1618 2670 1647 2708 si
1663 2683 1801 2722 semper
1819 2684 2067 2723 argueremus,
2085 2673 2151 2712 im-

1193 2734 1420 2789 pudentiores
1439 2733 1493 2771 illi
1510 2732 1634 2770 fierent
1649 2747 1657 2768 :
1674 2731 1704 2770 si
1719 2745 1858 2784 semper
1871 2732 2150 2785 obsecraremuS,

1192 2797 1396 2850 ignaviores
1419 2794 1664 2834 redderentur.
1696 2793 1925 2846 Quapropter
1957 2803 1992 2833 et
2022 2796 2151 2835 medici

1194 2873 1262 2897 non
1299 2857 1415 2897 solum
1452 2864 1590 2905 secant,
1621 2854 1682 2893 sed
1717 2863 1751 2892 et
1781 2855 2149 2909 vulnera-obligant:

1193 2934 1305 2972 neque
1329 2932 1467 2971 semper
1491 2930 1626 2965 amara,
1653 2915 1717 2954 sed
1747 2929 2019 2968 nonnumquam
2044 2919 2150 2956 etiam

1192 2982 1284 3021 lenia
1301 2980 1495 3033 pharmaca
1510 2975 1724 3015 infundunt:
1737 2985 1777 3015 ut
1790 2991 1853 3029 per
1869 2977 1988 3030 priora
2006 2978 2066 3016 illa
2083 2993 2149 3031 pu-

1192 3044 1375 3083 rificentur
1387 3040 1500 3080 sanies
1514 3049 1548 3077 et
1563 3037 1728 3091 putredo,
1742 3051 1805 3090 per
1820 3039 2015 3090 posteriora
2031 3049 2147 3078 antem

1193 3105 1377 3156 mitigetur
1393 3102 1531 3140 inustus
1549 3099 1595 3138 ab
1621 3098 1692 3137 illis
1711 3098 1824 3137 dolor.
1844 3099 1891 3137 Et
1917 3099 2048 3138 idcirco
2061 3100 2147 3137 alibi

1191 3185 1333 3224 quoque
1351 3168 1468 3221 inquit
1487 3167 1622 3207 Paulus
1639 3168 1836 3213 :Fratres,
1857 3170 1889 3205 sa·
1906 3180 2146 3218 praeoccupa·
2164 3174 2303 3204 calmo.
2324 3184 2349 3204 ι,

144 3297 157 3311 ·
173 3289 236 3320 nic
249 3287 387 3322 denotat
399 3301 585 3324 sermonem
605 3292 636 3323 in
655 3291 747 3334 illud,
767 3293 892 3327 Saulus
908 3295 1020 3328 adhuc
1038 3309 1103 3339 ,ψι-
1142 3296 1221 3328 vide
1239 3296 1349 3328 Tomo
1366 3294 1396 3328 3.
1416 3304 1446 3334 p.
1468 3293 1520 3332 88,
1537 3293 1588 3322 99-

102 3351 178 3370 raus
194 3341 380 3380 minas,etc.
395 3344 450 3386 qui
461 3350 510 3376 est
521 3344 646 3387 primus
663 3343 703 3376 cle
724 3345 905 3381 nutatione
919 3350 1101 3381 nominum.
