2516 3791
73 415 177 471 frod.
194 415 242 445 23.

70 1209 247 1239 Galat.6.1.

58 1949 80 1968 1.
104 1942 173 1970 Cor.
190 1941 219 1971 8.

271 132 364 179 510
697 150 735 181 s.
773 150 956 182 JOANle
992 149 1231 180 cmwsosr.

270 230 464 283 participes
479 244 624 282 mensae,
648 231 844 284 spiritualis
863 232 961 270 illius
975 261 986 281 ,
1008 231 1172 281 inquam,
1193 238 1226 267 et

270 292 458 343 terribilis,
477 301 510 331 et
528 292 619 332 dicis
640 309 648 330 :
669 293 768 331 Nihil
790 306 975 331 commune
1000 291 1114 328 habeo
1142 303 1223 327 cum

271 365 329 401 eo;
343 361 377 390 et
391 353 717 393 immisericorditer
735 353 914 406 praeteris,
933 361 966 389 et
981 364 1050 388 non
1068 350 1224 403 porrigiS

266 414 398 466 jacenti
419 429 564 453 manum
580 419 596 451 Ρ
614 414 662 452 Et
679 413 814 452 Judaeis
828 411 972 462 quidem
988 412 1047 449 lex
1064 411 1223 464 impera-

269 474 346 524 bat,
362 489 404 513 ne
419 475 646 513 inimieorum
663 474 762 525 lapsa
780 474 940 524 jumenta
970 472 1187 524 negligerent
1211 488 1219 509 :

271 543 310 572 tu
329 543 447 572 autem
465 535 608 570 fratrem
638 540 741 569 tuum
756 545 778 569 a
795 531 939 569 diabolo
965 545 1058 584 saepe
1089 532 1224 570 saucia-
1247 548 1270 579 C

270 604 347 632 tum
370 604 402 632 et
417 595 589 644 jacentem
619 605 688 630 non
718 606 825 645 super
857 601 1006 642 terram,
1028 591 1090 631 sed
1119 607 1225 645 super

270 655 400 707 peccati
414 653 623 691 barathrum
643 653 792 704 videns,
813 663 874 692 tua
888 653 1133 692 exhortatione
1153 668 1223 693 non

269 714 435 762 retrahis,
454 727 524 752 non
542 713 821 753 admonitionem
842 723 940 753 tuam
960 714 1129 765 adhibes,
1153 729 1222 754 non

268 775 355 812 alios
370 774 407 812 in
424 775 603 813 auxilium
625 789 745 825 vocas,
757 785 797 814 ut
822 776 852 815 si
876 776 954 814 fieri
971 776 1222 829 possit,afau-

267 836 367 874 cibus
394 836 517 874 bestiae
538 836 741 875 membrum
767 846 872 875 tuum
893 851 1015 875 eruere
1032 837 1169 885 valeas,
1189 845 1223 874 et

265 896 310 934 ad
337 911 440 935 suam
470 897 640 936 reducere
669 898 918 937 nobilitatem:
939 907 978 936 ut
1008 907 1041 935 et
1067 897 1164 950 ipse,
1192 898 1223 937 si

264 958 405 1008 quando
427 959 614 1008 cecideris,
642 960 739 1010 quod
763 959 877 1008 absit,
905 959 941 997 in
972 959 1116 1010 laqueos
1135 959 1221 997 mali

264 1018 435 1058 ‹laemonis
449 1020 549 1058 illius
562 1049 573 1069 ,
592 1020 706 1072 possis
721 1020 851 1058 habere
871 1020 1008 1071 aliquos
1029 1019 1092 1071 qui
1110 1029 1144 1058 te
1154 1020 1220 1071 ju-

263 1088 364 1129 vent,
386 1089 420 1118 et
434 1080 584 1118 liberent
602 1094 622 1117 a
639 1081 804 1119 manibus
819 1080 980 1119 diaboli?
996 1080 1056 1119 Sic
1073 1089 1106 1118 et
1123 1081 1219 1119 Pau-

262 1140 320 1178 lus
338 1141 491 1180 excitare
514 1141 637 1182 volens
669 1142 838 1192 Galatas,
855 1151 896 1180 ut
911 1142 984 1181 suis
1009 1141 1220 1194 provideant

262 1201 448 1250 membris,
465 1202 581 1253 inquit
597 1218 605 1239 :
627 1203 887 1241 considerans
904 1206 1155 1255 temetipsum,
1171 1217 1219 1241 ne
1239 1214 1264 1244 D

263 1269 301 1299 et
321 1269 363 1299 tu
381 1265 539 1301 tenteris
562 1279 570 1300 :
592 1263 694 1313 quasi
722 1263 874 1313 diceret,
896 1264 936 1303 Si
965 1264 1096 1315 absque
1123 1278 1218 1302 com-

261 1322 485 1362 miseratione
503 1333 536 1362 et
554 1324 747 1363 inhumane
764 1326 908 1364 fratrem
927 1325 1086 1378 praeteris
1099 1355 1108 1373 ‚
1127 1326 1217 1364 forte

260 1392 292 1420 et
311 1392 365 1433 te,
385 1384 416 1422 si
435 1385 624 1435 cecideris,
647 1385 740 1424 alius
768 1386 932 1425 similiter
951 1386 1156 1439 praeteribit.
1177 1387 1216 1426 Si

259 1444 372 1495 igitur
402 1444 456 1484 vis
489 1459 560 1484 non
588 1445 723 1498 despici
757 1446 873 1485 sicubi
904 1447 1055 1495 labaris,
1076 1461 1119 1485 ne
1140 1448 1216 1500 ipse

258 1504 462 1556 despexeris
477 1506 590 1544 alium
610 1523 618 1543 t
640 1506 703 1545 sed
721 1521 887 1558 magnam
902 1522 975 1559 prae
995 1516 1028 1545 te
1046 1508 1098 1545 fer
1116 1508 1215 1546 heni-

257 1566 427 1615 gnitatem
441 1596 452 1615 ‚
472 1576 506 1604 et
524 1567 732 1605 thesaurum
748 1567 850 1605 crede
864 1568 1081 1618 maximum,
1098 1569 1128 1606 si
1140 1583 1214 1607 ser-

258 1640 339 1663 vare
362 1627 475 1678 possis
498 1627 654 1665 fratrem.
681 1627 782 1665 Nihil
803 1628 899 1665 enim
926 1628 1012 1665 huic
1040 1642 1212 1679 umquam

255 1700 319 1737 par
338 1687 416 1724 fieri
434 1687 576 1739 poterit,
595 1687 694 1738 quod
712 1687 759 1725 ad
777 1688 947 1728 virtutem
967 1688 1100 1727 attinet.
1119 1690 1212 1728 Nam

256 1747 283 1785 si
299 1748 415 1786 solum
428 1749 638 1799 cogitaveris
650 1749 770 1799 illum,
787 1763 894 1800 quem
909 1749 1064 1803 despicis
1077 1760 1109 1788 et
1122 1765 1211 1803 prae-

253 1809 360 1858 teris,
382 1824 402 1847 a
424 1810 578 1848 Domino
613 1819 672 1848 tuo
698 1819 795 1848 tanto
829 1811 864 1848 in
894 1810 1027 1849 honore
1044 1810 1211 1849 habitum

256 1870 376 1921 fuisse,
398 1880 437 1909 ut
452 1881 596 1923 propter
614 1871 733 1924 ipsum
749 1886 820 1910 non
834 1872 1003 1924 refugerit
1018 1881 1051 1910 et
1066 1872 1210 1924 sangui-

257 1945 335 1969 nem
352 1946 458 1970 suum
485 1932 666 1970 effundere
678 1963 687 1981 ,
713 1933 805 1972 sicut
824 1942 857 1971 et
871 1933 1004 1971 Paulus
1019 1933 1107 1971 dicit
1127 1949 1135 1969 τ
1157 1935 1211 1972 Et
1231 1958 1255 1988 E

253 1995 391 2043 peribit
414 1995 588 2045 infirmus
599 1995 736 2046 frater
756 1997 800 2032 in
826 2003 893 2033 lua
918 1996 1095 2042 scientia,
1120 2008 1211 2045 pro-

251 2063 338 2104 pter
364 2068 477 2106 quem
508 2055 681 2094 Christus
711 2065 881 2094 mortuus
909 2063 964 2093 esc
995 2072 1002 2092 :
1031 2055 1210 2106 quomodo

253 2129 324 2153 non
339 2129 410 2167 prae
428 2115 566 2167 pudore
585 2116 651 2153 sub
670 2125 764 2153 terra
782 2125 814 2154 te
833 2115 1053 2154 abscondes?
1076 2115 1115 2153 Si
1135 2115 1211 2166 igi-

252 2185 311 2213 tur
343 2185 485 2228 propter
510 2176 614 2214 illum
641 2175 804 2213 Christus
831 2175 1039 2227 sanguinem
1066 2174 1208 2225 effudit,

252 2236 343 2286 quid
361 2250 533 2288 magnum
562 2236 685 2285 facies,
706 2236 735 2274 si
755 2246 853 2274 tuam
884 2237 920 2274 in
948 2250 1029 2275 eum
1053 2235 1210 2274 declares

251 2298 535 2337 benevolentiam
553 2307 586 2336 et
607 2298 850 2336 exhortatione
878 2298 1068 2337 verborum
1090 2298 1210 2349 jacen-

253 2368 322 2397 tem
339 2359 466 2411 erigas,
483 2368 516 2397 et
531 2360 687 2398 animam
717 2373 868 2397 mersam
887 2359 976 2397 sorte
994 2367 1026 2396 et
1044 2359 1208 2397 submer-

251 2435 327 2458 sam
341 2422 470 2459 reseras
483 2435 528 2459 cx
542 2421 720 2473 profundo
735 2421 897 2471 malitiae,
913 2429 947 2458 et
963 2418 1054 2459 illud
1069 2429 1208 2472 satagas

252 2490 290 2518 ut
309 2481 426 2520 videat
445 2481 590 2520 virtutis
609 2482 742 2531 lucem,
762 2496 802 2519 ac
824 2495 893 2519 non
912 2489 1072 2520 recurrat
1087 2480 1134 2518 ad
1153 2482 1206 2519 vi-

253 2542 382 2581 tiorum
397 2543 584 2593 caliginem
601 2543 617 2579 Ρ

309 2948 336 2985 3.
368 2947 552 2984 Imitemur
571 2947 703 2999 igitur,
723 2949 888 2997 obsecro,
911 2949 1050 3001 justum
1076 2947 1200 2998 illum,

248 3017 278 3045 et
300 3008 327 3045 si
350 3007 620 3060 periclitandum
647 3008 751 3047 etiam
781 3009 885 3047 suerit
903 3023 968 3062 pro
987 3008 1100 3047 salute
1118 3022 1198 3061 pro-

247 3069 335 3106 ximi
351 3099 360 3117 ,
376 3083 443 3107 non
461 3070 528 3107 hoc
543 3069 854 3121 subterfugiamus.
873 3072 963 3108 Nam
977 3070 1045 3108 tale
1061 3069 1196 3123 pericu-

245 3132 320 3168 lum
359 3131 459 3169 nobis
494 3131 618 3169 salutis
652 3132 756 3169 suerit
787 3132 943 3181 occasio,
977 3131 1196 3183 multamque

245 3192 449 3230 conciliabit
474 3193 655 3230 fiduciam.
674 3193 864 3231 Considera
887 3194 1003 3242 enim,
1027 3193 1196 3241 obsecro,

243 3254 420 3304 qumnodo
435 3255 554 3307 justus
571 3255 631 3292 ille
648 3255 707 3292 toti
731 3255 877 3307 populo,
895 3254 956 3306 qui
975 3255 1022 3292 ita
1039 3254 1074 3292 in
1095 3254 1195 3292 mali-

244 3315 326 3352 tiam
354 3316 635 3368 conspiraverat,
663 3330 698 3353 se
723 3316 946 3367 opposuerit,
967 3325 999 3352 et
1029 3328 1194 3367 magnam

242 3374 340 3413 ‹lt-111¹
354 3375 462 3413 utiam
493 3375 778 3424 ineffabilemque
802 3374 1045 3412 fortitudinem
1069 3389 1139 3427 pra>
1159 3388 1195 3411 se

1273 149 1457 178 ARCHIEP
1466 169 1474 178 .
1514 150 1865 182 CONSTANTINOP.

1298 229 1389 280 ἔχω,
1411 230 1515 282 φησὶ,
1537 232 1622 283 πρὸς
1642 233 1743 271 αὐτόν
1757 250 1766 281 ;
1782 234 1878 273 οὐδέν
1899 250 1958 286 μοι
1977 235 2094 286 μέλει,
2115 237 2211 276 οὐδὲν
2229 245 2320 290 πρᾶ-

1296 305 1370 340 γμα
1400 289 1471 342 ἔχω
1501 294 1577 341 μετ’
1611 295 1728 332 αὐτοῦ.
1757 294 1804 332 Τί
1834 295 1965 347 λέγεις,
1995 297 2173 348 ἅνθρωπε;
2208 300 2322 337 Οὐδὲν

1295 350 1408 388 κοινὸν
1427 351 1520 403 ἔχεις
1539 353 1624 404 πρὸς
1643 356 1746 393 αὐτόν
1757 372 1768 404 3
1785 355 1947 409 Ἀδελφός
1968 359 2029 396 σού
2059 361 2154 406 ἐστι,
2179 362 2241 406 τῆς
2261 363 2322 399 αὖ·

1295 414 1358 458 τῆς
1377 427 1429 450 σοι
1460 413 1599 466 μετέχει
1620 415 1772 466 φύσεως,
1798 417 1866 454 ὑπὸ
1883 418 1941 455 τὸν
1960 421 2062 457 αὐτόν
2083 422 2160 457 ἐστε
2181 421 2321 459 Δεσπό-

1295 488 1371 519 την,
1392 473 1560 518 πολλάκις
1587 474 1623 513 δὲ
1647 475 1706 513 καὶ
1724 479 1788 522 τῆς
1807 478 1914 523 αὐτῆς
1931 479 2096 531 μετέχετε
2119 479 2295 531 τραπέζης
2308 509 2319 528 ,

1295 536 1357 579 τῆς
1372 537 1613 585 πνευματικῆς
1631 535 1724 587 λέγω
1742 536 1801 574 καὶ
1817 541 1980 589 φρικτῆς,
1996 539 2056 577 καὶ
2072 539 2203 591 λέγεις,
2226 541 2323 579 οὐδὲν

1296 594 1407 633 κοινὸν
1436 594 1506 647 ἔχω
1536 596 1621 648 πρὸς
1641 597 1759 646 αὐτὸν,
1787 597 1847 636 καὶ
1873 599 2028 645 ἀνηλεῶς
2058 599 2316 653 παρατρέχεις,

1295 656 1354 694 καὶ
1375 659 1437 695 οὐκ
1457 657 1587 709 ὀρέγεις
1605 663 1709 711 χεῖρα
1732 659 1900 712 κειμένῳ,
1923 661 1994 698 Καὶ
2016 660 2196 706 Ἰουδαίοις
2217 662 2280 713 μὲν
2301 666 2320 701 ὁ

1294 718 1396 768 νόμος
1423 719 1657 771 προσέταττε,
1691 720 1779 771 μηδὲ
1806 724 1874 760 τῶν
1904 716 2037 774 ἐχθρῶν
2070 722 2115 761 τὰ
2146 723 2319 775 ὑποζύγια

1293 788 1450 833 παρορᾷν
1469 781 1682 820 πεπτωκότα
1694 797 1701 806 ·
1723 781 1764 820 σὺ
1786 783 1821 822 δὲ
1839 783 1898 822 τὸν
1916 785 2062 837 ἀδελφὸν
2081 785 2150 824 ὑπὸ
2163 788 2224 823 τοῦ
2245 786 2319 824 δια-

1293 840 1396 879 &dion
1420 842 1589 886 πολλάκις
1614 844 1830 895 τετρωμένον
1861 845 1921 883 καὶ
1950 846 2109 896 κείμενον
2127 848 2229 898 ὁρῶν,
2256 849 2321 885 οὐκ

1292 902 1350 939 ἐπὶ
1369 905 1431 948 τῆς
1462 906 1546 953 γῆς,
1577 906 1655 942 ἀλλ’
1683 906 1731 948 εἷς
1761 904 1802 942 τὸ
1833 909 1895 952 τῆς
1924 906 2098 959 ἁμαρτίας
2133 907 2319 959 βάραθρον,

1291 964 1354 1000 οὐκ
1379 965 1538 1016 ἀνασπᾷς
1563 964 1620 1002 διὰ
1649 967 1712 1010 τῆς
1743 966 2002 1017 παραινέσεως,
2033 967 2111 1005 οὐδὲ
2140 968 2320 1006 νουθεσίαν

1291 1023 1441 1074 εἰσάγεις
1459 1024 1523 1070 τὴν
1542 1025 1638 1076 παρὰ
1655 1029 1784 1064 σαυτοῦ
1797 1057 1806 1074 ,
1833 1025 1912 1065 οὐδὲ
1931 1027 2136 1072 σπουδάζεις
2159 1029 2219 1066 καὶ
2239 1029 2317 1066 ἑτέ-.
2350 1030 2355 1035 “

1293 1100 1394 1136 ρους,
1433 1087 1462 1122 εἷ
1492 1087 1561 1124 οἷόν
1591 1102 1648 1133 τε,
1683 1089 1731 1130 εἰς
1765 1087 1971 1139 συμμαχίαν
2004 1088 2138 1137 λαὸεἶν,
2166 1088 2223 1126 ἵνα
2256 1091 2321 1135 τῆς

1290 1147 1464 1198 φάρυγγος
1496 1150 1556 1185 τοῦ
1589 1147 1709 1198 θηρίου
1737 1148 1779 1186 τὸ
1808 1149 1910 1198 μέλος
1936 1149 1977 1186 τὸ
2005 1149 2064 1187 σὸν
2087 1151 2318 1203 ἐλευθερῶσαι

1291 1210 1457 1260 δυνηθῇς,
1473 1209 1532 1247 καὶ
1549 1208 1635 1261 πρὸς
1646 1209 1710 1256 τὴν
1725 1209 1858 1248 οἰκείαν
1873 1212 2112 1262 ἅπαναγαγεῖν
2130 1212 2316 1261 εὐγένειαν,

1287 1270 1344 1308 ἵνα
1359 1270 1418 1308 καὶ
1434 1270 1533 1314 αὐτὸς
1546 1300 1556 1317 ,
1578 1270 1611 1308 εἴ
1629 1286 1712 1309 ποτε
1731 1270 1942 1323 περιπέσῃς,
1962 1271 1979 1309 ὃ
2003 1272 2050 1323 μὴ
2071 1271 2227 1323 γένοιτο,
2245 1279 2318 1317 τοῖς

1289 1331 1438 1376 δικτύοις
1464 1336 1524 1371 τοῦ
1545 1336 1696 1384 πονηροῦ
1718 1332 1878 1382 δαίμονος
1895 1333 2039 1380 ἐκείνου,
2056 1335 2204 1386 δυνηθῇς
2221 1334 2316 1387 ἔχειν

1286 1393 1364 1438 τοὺς
1395 1396 1524 1445 ἀμῦναι
1556 1394 1787 1445 δυναμένους,
1813 1394 1870 1432 καὶ
1899 1396 2129 1447 ἐλευθερῶσαι
2155 1398 2224 1434 τῶν
2251 1400 2311 1435 τοῦ

1287 1455 1448 1494 διαὲόλου
1467 1458 1617 1509 χειρῶν,
1636 1455 1742 1493 Οὕτω
1761 1456 1820 1494 καὶ
1840 1457 1980 1500 Παῦλος
1999 1458 2166 1510 διεγεῖραι
2187 1459 2312 1509 βουλό-

1287 1532 1386 1566 μενος
1414 1518 1576 1560 Γαλάτας
1595 1519 1642 1560 εἷς
1669 1517 1732 1564 τὴν
1753 1520 1821 1555 τῶν
1842 1517 1977 1555 οἰκείων
2000 1519 2116 1568 μελῶν
2136 1518 2314 1570 πρόνοιαν,

1285 1577 1389 1629 φησί·
1412 1579 1562 1616 Σκοπῶν
1592 1577 1750 1624 σεαυτὸν,
1782 1577 1829 1628 μὴ
1857 1578 1915 1615 καὶ
1945 1576 1986 1615 σὺ
2015 1582 2225 1630 πειρασθῇς·
2248 1595 2315 1629 μο-

1284 1638 1420 1690 νονουχὶ
1451 1639 1575 1689 λέγων,
1606 1637 1665 1676 ἐὰν
1687 1640 1902 1688 ἀσυμπαθῶς
1924 1638 1983 1676 καὶ
2016 1641 2170 1684 ἀνηλεῶς
2193 1656 2314 1692 παρα-

1283 1698 1419 1750 δράμῃς
1444 1698 1502 1737 τὸν
1534 1699 1700 1751 ἀδελφὸν,
1737 1698 1820 1741 ἴσως
1859 1697 1918 1736 καὶ
1948 1699 1985 1736 σὲ
2020 1701 2315 1750 περιπεπτωκότα

1282 1759 1398 1811 ἕτερος
1439 1760 1532 1798 οὕτω
1559 1760 1858 1811 παραδραμεῐται.
1891 1760 1936 1797 Εἰ
1968 1758 2081 1798 τοίνυν
2115 1760 2232 1810 βούλει
2264 1761 2315 1811 μὴ

1281 1823 1522 1873 παροφθῆναι,
1539 1820 1655 1859 εἴποτε
1671 1820 1870 1872 περιπέσοις
1882 1851 1891 1868 ,
1907 1820 1996 1870 μήτε
2012 1820 2114 1864 αὐτὸς
2136 1821 2311 1873 παρίδοις,

1281 1881 1372 1920 ἀλλὰ
1392 1881 1527 1929 πολλὴν
1543 1881 1711 1926 ἐπίδειξαι
1726 1881 1790 1928 τὴν
1807 1882 2066 1934 φιλοστοργίαν,
2096 1882 2154 1920 καὶ
2181 1886 2314 1929 θησαυ-

1284 1944 1340 1995 ρὸν
1360 1947 1446 1994 ἡγοῦ
1479 1944 1642 1994 μέγιστον
1668 1943 1709 1982 τὸ
1732 1943 1920 1991 δυνηθῆναι
1938 1944 2109 1981 διασῶσαι
2130 1943 2188 1982 τὸν
2210 1945 2311 1982 ἀδελ-

1283 2005 1356 2056 φόν.
1378 2004 1490 2044 Οὐδὲν
1510 2005 1577 2057 γὰρ
1599 2004 1722 2042 τούτου
1752 2004 1826 2042 ἴσον
1853 2005 1978 2056 γένοιτ’
2000 2005 2039 2043 ἄν
2061 2006 2213 2049 ποτεέἷς
2232 2007 2313 2058 ἀρε-

1283 2069 1342 2112 τῆς
1361 2066 1475 2118 λόγον.
1503 2065 1590 2104 Ἐὰν
1609 2065 1676 2118 γὰρ
1705 2065 1871 2117 ἐννοήσῃς
1903 2065 2019 2115 μόνον,
2050 2066 2104 2104 ὅτι
2135 2060 2254 2115 οὗτος,
2275 2067 2312 2105 ὃν

1282 2134 1438 2179 παρορᾷς
1466 2127 1526 2165 καὶ
1557 2126 1813 2178 παρατρέχεις,
1845 2127 1912 2165 ὑπὸ
1944 2130 2006 2164 τοῦ
2036 2127 2217 2166 Δεσπότου
2250 2143 2314 2166 σου

1280 2188 1452 2235 τοσαύτης
1468 2188 1614 2234 ἠξίωται
1634 2190 1695 2233 τῆς
1713 2190 1819 2238 τιμῆς
1831 2218 1840 2235 ,
1859 2190 1906 2230 ὡς
1925 2188 1968 2225 δι’
1987 2188 2089 2226 αὐτὸν
2108 2187 2156 2237 μὴ
2179 2203 2311 2239 παραι-

1280 2249 1455 2296 τήσασθαι
1475 2249 1533 2287 καὶ
1562 2248 1602 2286 τὸ
1621 2243 1709 2298 αἷμα
1736 2248 1870 2301 ἐκχέειν
1891 2248 1933 2286 τὸ
1950 2251 2072 2287 ἑαυτοῦ
2086 2279 2095 2296 ,
2115 2248 2230 2292 καθὼς
2249 2250 2310 2287 καὶ

1280 2310 1421 2354 Παῦλός
1448 2326 1533 2363 φησι
1547 2327 1554 2334 ·
1578 2310 1646 2348 Καὶ
1665 2312 1848 2349 ἀπολεῖται
1869 2313 1886 2349 ὁ
1906 2311 2059 2348 ἀσθενῶν
2078 2309 2224 2362 ἀδελφὸς
2252 2311 2310 2348 ἐπὶ

1280 2376 1322 2425 τῇ
1353 2375 1397 2424 σῇ
1429 2371 1576 2423 γνώσει,
1603 2372 1646 2409 δι’
1682 2371 1718 2410 ὃν
1753 2371 1904 2423 Χριστὸς
1936 2371 2110 2409 ἀπέθανε·
2137 2375 2212 2415 πῶς
2231 2372 2310 2424 οὐχὶ

1279 2438 1321 2485 τῇ
1350 2436 1395 2485 γῇ
1428 2434 1571 2472 σεαυτὸν
1608 2432 1830 2484 κατορύξεις,
1864 2434 1908 2471 Εἰ
1938 2432 2052 2470 τοίνυν
2081 2433 2124 2470 δι’
2153 2433 2257 2471 αὐτὸν
2291 2438 2309 2472 ὁ

1278 2495 1429 2547 Χριστὸς
1455 2495 1514 2533 καὶ
1543 2495 1582 2533 τὸ
1602 2489 1690 2545 αἷμα
1721 2493 1855 2546 ἐξέχεε,
1875 2494 1908 2532 τί
1937 2494 2028 2545 μέγα
2047 2493 2228 2542 ποιήσεις,
2248 2495 2309 2533 ἐὰν

1277 2558 1338 2603 τὴν
1366 2557 1462 2608 παρὰ
1487 2559 1614 2594 σαυτοῦ
1634 2556 1878 2608 φιλοστοργίαν
1899 2554 2052 2607 ἐπιδείξῃ
2070 2583 2080 2600 ,
2102 2555 2161 2594 καὶ
2186 2559 2228 2607 τῇ
2251 2556 2309 2594 διὰ

1275 2620 1343 2655 τῶν
1369 2618 1480 2669 λόγων
1499 2620 1680 2669 προτροπῇ
1702 2617 1938 2668 διαναστήσῃς
1958 2616 2132 2667 κείμενον,
2161 2617 2220 2654 καὶ
2240 2617 2304 2664 τὴν

1274 2682 1376 2718 αὐτοῦ
1402 2678 1518 2731 ψυχὴν
1560 2677 1843 2729 βεὸαπτισμένην
1878 2677 1962 2720 ἴσως
1990 2677 2049 2715 καὶ
2086 2677 2305 2729 ὑποὸρύχιον

1272 2741 1509 2792 γεγενημένην
1532 2739 1716 2791 ἀνενέγκῃς
1749 2741 1788 2777 ἐκ
1825 2743 1884 2776 τοῦ
1920 2742 1981 2785 τῆς
2016 2738 2140 2782 κακίας
2178 2741 2305 2790 βυθοῦ,

1273 2802 1331 2840 καὶ
1359 2800 1630 2853 παρασκευάσῃς
1659 2801 1741 2838 ἰδεῖν
1761 2801 1822 2846 τῆς
1843 2802 1968 2851 ἀρετ-ἧς
1988 2799 2029 2837 τὸ
2052 2801 2141 2851 φῶς,
2171 2800 2228 2838 καὶ
2255 2801 2305 2851 μὴ

1276 2863 1559 2913 παλινδρομῆσαι
1579 2862 1638 2899 ἐπὶ
1656 2860 1712 2898 τὸν
1729 2863 1790 2906 τῆς
1809 2860 1932 2904 κακίας
1950 2859 2050 2912 ζόφον
2067 2876 2076 2907 ;

1328 2942 1364 2978 Μ
1371 2939 1579 2991 ιμησώμεθα
1609 2938 1736 2984 τοίνυν,
1756 2940 1966 2990 παρακαλῶ,
1989 2938 2047 2976 τὸν
2068 2937 2199 2976 δίκαιον
2222 2940 2302 2975 τοῦ·

1274 3017 1345 3050 τον,
1375 3001 1433 3040 καὶ
1461 3003 1489 3040 εἷ
1521 3000 1590 3038 δέοι
1622 3000 1680 3038 καὶ
1712 2999 1867 3038 κίνδυνόν
1900 3015 1976 3037 τινα
1998 2998 2183 3049 ὑπομένειν
2215 2997 2304 3050 ὑπὲρ

1275 3066 1334 3101 τοῦ
1366 3063 1428 3109 τὴν
1464 3062 1640 3113 σωτηρίαν
1671 3064 1734 3099 τοῦ
1765 3060 1914 3107 πλησίον
1946 3058 2286 3112 πραγματεύσασθαι

1276 3125 1362 3176 μηδὲ
1397 3127 1497 3162 τοῦτο
1526 3122 1842 3175 παραιτησώμεθα.
1869 3121 1915 3160 ‘O
1944 3121 2012 3174 γὰρ
2043 3125 2195 3164 τοιοῦτος
2227 3120 2301 3158 κίν·

1274 3189 1370 3230 δυνος
1401 3185 1573 3237 σωτηρίας
1594 3188 1678 3235 ἡμῖν
1707 3184 1867 3227 ὑπόθεσις
1892 3183 2046 3234 γίνεται,
2080 3182 2139 3219 καὶ
2167 3183 2302 3227 πολλῆς

1274 3248 1470 3301 παρρησίας
1502 3246 1675 3298 πρόξενος.
1694 3245 1881 3291 Ἐννόησον
1911 3244 1978 3296 γάρ
2012 3259 2070 3293 μοι
2090 3243 2148 3281 τὸν
2169 3242 2299 3280 δίκαιον

1272 3314 1405 3356 τοῦτον,
1434 3309 1526 3351 ὅπως
1553 3308 1638 3359 πρὸς
1671 3308 1781 3357 δῆμον
1813 3305 2002 3357 ὁλόκληρον
2025 3304 2198 3350 τοσαύτην
2217 3303 2298 3355 περὶ

1273 3372 1333 3417 τὴν
1352 3370 1476 3409 κακίαν
1494 3370 1554 3415 τὴν
1574 3368 1775 3418 συμφωνίαν
1791 3366 2049 3416 ἐπιδειξάμενον
2065 3364 2297 3415 παρετάξατο,
