2433 3775
993 178 1219 208 PRAEFA‘HO
1230 197 1238 206 .
2075 177 2135 206 XV

87 271 289 324 episcopmn
300 265 603 319 Constantinopoli
623 265 744 314 fuisse,
761 277 821 303 nec
838 262 982 302 rediisse
1001 262 1068 300 nisi
1090 275 1160 299 uno
1171 259 1359 299 duobusve
1377 266 1457 297 ante
1474 259 1608 297 Pascha
1625 259 1786 311 ejusdem
1805 258 1887 296 anni
1907 258 2033 296 diebus
2051 275 2057 295 :
2078 260 2139 309 qui

86 346 168 384 ergo
188 329 304 384 potuit
327 328 562 367 Antiochenos
580 325 625 364 ad
645 327 730 364 festa
765 334 965 377 martyrum
993 337 1055 376 per
1085 322 1245 361 diversas
1273 320 1372 358 urbis
1400 328 1516 372 partes
1541 327 1625 356 tunc
1651 318 1825 356 celebrata
1848 318 2140 356 circumducere?

86 390 196 438 Quod
213 390 242 427 si
261 388 343 440 quis
357 397 477 425 contra
498 383 849 424 verisimilitudinem
868 397 1007 421 omnem
1028 383 1210 433 negaverit
1231 383 1327 420 huuc
1348 381 1453 420 καλὸν
1479 381 1676 433 στρατηγὸν
1700 380 1808 417 luisse
1828 380 1908 417 Flax
1921 380 2042 417 ianum
2068 381 2141 432 cpi-

86 466 255 505 scopum,
276 451 306 488 is
323 458 415 487 certe
434 462 502 486 nou
522 447 664 499 negabit
696 455 779 484 tunc
813 445 997 497 temporis,
1017 458 1099 482 cum
1131 445 1266 483 scilicet
1286 444 1371 482 festa
1397 452 1598 495 martyrum
1619 457 1681 495 per
1704 442 1829 479 urbem
1862 441 2141 485 celebrarentur,

86 516 256 554 Joauuem
285 512 580 564 Chrysostomum
611 521 747 558 agrum
775 507 874 545 domi
902 505 1072 544 mansisse
1090 522 1096 542 .·
1118 503 1209 541 illud
1229 502 1323 540 enim
1344 501 1418 554 ipse
1434 500 1523 538 dicit
1544 501 1578 538 in
1594 500 1772 538 concionis
1799 499 1963 537 exordio.
1991 501 2036 537 At
2055 515 2142 550 quo-

87 575 193 613 modo
207 573 322 627 potuit
339 573 374 610 in
388 570 504 610 media
519 570 580 608 illa
595 568 879 619 Quadragesima
895 580 987 617 aeger
1000 566 1098 604 (lomi
1114 578 1268 613 manere,
1284 563 1345 614 qui
1360 577 1422 615 per
1436 571 1546 600 totam
1559 560 1877 612 Quadi-agesimam
1894 560 2141 606 Antiochenos,

87 637 166 675 dira
181 637 227 674 ob
245 649 382 675 eversas
400 635 659 685 Imperatorum
673 639 805 668 statuas
821 627 1007 680 patientes,
1026 636 1059 664 ct
1075 625 1239 678 graviora
1254 632 1497 676 exspectantes
1513 622 1775 671 consolabatur,
1797 636 1837 660 ac
1854 621 2031 660 continuis
2052 636 2142 660 con-

88 698 248 736 cionibus
267 711 340 735 rem
355 694 515 733 eamdem
547 692 733 737 tractabat,
751 691 798 728 ita
815 698 852 727 ut
868 688 976 727 etiam
1004 702 1073 725 una
1094 701 1139 726 ex
1158 685 1346 739 postremis
1373 684 1617 732 concionibus,
1637 692 1675 720 ut
1695 683 1829 720 ibidem
1864 684 1992 731 fertur,
2020 683 2142 721 decem

87 767 167 796 ante
185 757 319 795 Pascha
338 756 466 793 diebus
488 753 580 791 dicta
602 752 739 789 suerit?

139 818 206 856 His
218 817 383 855 omnibus
397 814 592 868 perpensis,
614 821 749 851 certum
781 810 1096 860 indubitatumque
1114 807 1258 848 videtur
1273 806 1460 845 homiliam
1476 805 1577 843 illam
1592 819 1670 856 quac
1692 804 1829 842 decima
1852 819 1942 843 nona
1958 806 2004 843 ad
2021 806 2141 844 Antio-

86 879 214 916 chenos
235 878 368 929 fertur,
384 885 464 928 post
484 875 619 913 Pascha
648 874 731 912 anni
751 872 828 912 587
851 872 1012 910 habitam
1030 871 1151 909 fuisse.
1176 869 1282 907 Illam
1301 880 1512 920 praecessere
1530 868 1735 919 Martyrum
1765 866 1992 917 festivitates,
2011 868 2143 918 quibus

86 939 249 992 peractis,
263 937 309 976 ad
324 937 476 975 rusticos
503 936 578 974 sive
605 934 799 987 agricolas,
819 933 881 985 qui
901 933 936 971 in
954 932 1077 972 urbem
1107 930 1338 977 advenerant,
1365 929 1458 966 hanc
1483 928 1687 966 concionem
1703 926 1747 964 de
1758 927 2139 980 juramentis-habuit.

86 999 328 1050 Similiterque
347 999 383 1036 in
399 997 548 1036 homilia
573 997 689 1050 prima
704 995 750 1034 de
771 997 875 1033 Anna
891 1003 968 1047 post
989 1002 1149 1047 peractas
1165 992 1296 1031 multas
1316 999 1518 1043 martyrum
1543 988 1750 1029 festivitates
1766 988 1815 1026 ad
1831 989 1982 1026 rusticos
2004 990 2143 1027 concio-

87 1075 167 1099 nem
186 1060 231 1098 de
247 1059 460 1112 juramentis
486 1058 626 1096 habuit.
663 1057 755 1106 Quis
785 1070 854 1095 non
884 1055 1004 1095 videat
1034 1055 1194 1093 eamdem
1212 1053 1260 1092 ad
1279 1052 1432 1091 rusticos
1457 1051 1501 1089 de
1525 1050 1738 1104 juramentis
1763 1050 1924 1088 habitam
1957 1050 2142 1090 homiliam

87 1121 274 1173 utrobique
294 1119 591 1159 commemorari?
608 1119 698 1166 Quis
715 1132 778 1157 nos
793 1117 884 1155 ultra
904 1117 1030 1165 ferret,
1049 1117 1076 1154 si
1097 1117 1154 1154 his
1175 1114 1342 1153 omnibus
1361 1113 1412 1152 sic
1426 1121 1590 1151 accurate
1608 1111 1821 1150 examinatis
1841 1111 2003 1150 eamdem
2024 1127 2144 1151 rerum

89 1182 214 1220 seriem
238 1182 273 1220 in
289 1180 572 1233 Quadragcsima
589 1211 598 1228 ‚
617 1179 778 1218 eamdem
806 1192 947 1230 quoque
960 1187 1039 1231 post
1063 1177 1197 1215 Pascha
1216 1175 1532 1222 constitueremus,
1554 1181 1758 1225 martyrum
1782 1171 1887 1211 festos
1913 1172 1989 1211 dies
2013 1173 2145 1212 multos

88 1244 287 1291 continuos,
307 1243 499 1281 adventum
522 1242 749 1289 rusticorum,
766 1250 801 1288 et
815 1240 1019 1278 concionem
1033 1236 1303 1290 dcjuramentis
1325 1236 1370 1273 ad
1390 1236 1470 1274 illos
1489 1234 1684 1273 habitam?
1704 1236 1830 1272 Annon
1854 1234 1915 1272 illa
1937 1234 2143 1273 earumdem

88 1319 207 1343 rerum
233 1304 398 1356 repetitio
427 1313 498 1341 tam
525 1303 689 1355 proxime
719 1303 810 1340 facta
835 1301 923 1353 quid
951 1301 1126 1339 absonum
1153 1308 1187 1337 et
1210 1313 1231 1336 a
1257 1295 1575 1337 verisimilitudine
1606 1295 1763 1334 alienum
1790 1310 1864 1347 prae
1894 1310 1930 1333 se
1957 1296 2051 1334 sert?
2080 1297 2145 1334 Ille

87 1365 205 1416 itaque
223 1365 310 1403 ordo
335 1364 504 1402 tenendus
530 1372 580 1401 est
602 1363 663 1414 qui
682 1362 718 1400 in
734 1362 883 1400 homilia
898 1361 1015 1414 prima
1029 1361 1074 1400 dc
1087 1363 1187 1399 Anna
1206 1359 1432 1408 enuntiatur,
1449 1367 1488 1396 ut
1507 1371 1633 1409 agmen
1659 1355 1766 1395 ducat
1795 1357 1943 1395 homilia
1964 1356 2008 1395 de
2024 1357 2142 1396 reditu

87 1426 264 1474 Flaviani,
285 1440 363 1477 qua:
383 1425 491 1464 indie
517 1433 636 1463 sancto
655 1423 800 1462 Paschoe
831 1423 954 1462 habita
985 1423 1073 1472 fuit;
1099 1421 1230 1460 deinde
1255 1429 1424 1472 sequatur
1454 1419 1596 1468 concio,
1615 1419 1690 1459 sive
1719 1418 1924 1468 conciones,
1949 1418 1978 1457 si
1997 1418 2144 1470 quidem

87 1487 208 1540 plures
221 1487 351 1525 habita*
370 1486 517 1536 fuerint,
535 1485 582 1524 ad
600 1485 749 1537 gentiles
768 1484 849 1536 qui,
872 1484 911 1523 vi
932 1483 1144 1522 calamitatis
1172 1483 1400 1521 Antiochenae
1418 1481 1466 1520 ad
1485 1481 1668 1520 meliorem
1693 1480 1836 1518 reducti
1856 1481 2015 1533 frugem,
2039 1481 2144 1519 Chri-

87 1548 209 1586 stianae
228 1548 313 1586 fidei
333 1562 462 1587 nomen
484 1546 677 1596 dcderant;
697 1546 765 1585 sub
786 1545 861 1584 haec
879 1545 968 1584 festa
988 1545 1194 1598 Martyrum
1217 1545 1350 1582 multis
1377 1544 1524 1590 diebus,
1542 1545 1584 1580 in
1612 1556 1762 1580 omnem
1781 1544 1953 1581 civitatis
1973 1551 2139 1595 partem,

87 1614 269 1662 πανταχοῦ
299 1613 361 1657 τῆς
381 1609 536 1657 πόλεως,
557 1608 732 1647 celebrata
762 1617 868 1655 sunt,
893 1606 990 1646 (lomi
1018 1615 1180 1645 manente
1212 1604 1438 1657 aegritudinis
1466 1617 1572 1642 causa
1600 1603 1879 1656 Chtysostomo;
1909 1603 2056 1643 demum
2085 1603 2144 1642 die

87 1671 275 1709 Dominica
293 1675 356 1718 τῆς
374 1670 633 1722 ἐπισωζομένης
651 1668 747 1708 dicta
769 1668 838 1707 suit
855 1668 1006 1707 homilia
1032 1668 1093 1706 illa
1112 1666 1160 1704 ad
1180 1665 1331 1704 rusticos
1348 1664 1393 1703 de
1404 1663 1633 1718 juramentis,
1651 1678 1731 1715 quae
1752 1663 1843 1701 inter
1869 1663 2036 1702 homilias
2055 1678 2143 1715 qua-

87 1731 340 1783 dragesimales
365 1732 459 1784 jacet
491 1740 524 1770 et
551 1730 691 1770 decima
722 1744 814 1769 nona
845 1739 1053 1768 numeratur
1083 1744 1091 1765 t
1121 1741 1268 1779 quaeque
1306 1727 1384 1765 loco
1418 1725 1598 1765 movenda
1627 1739 1702 1764 esse
1736 1725 1905 1764 suadetur
1935 1739 1980 1764 ex
2011 1740 2140 1779 supra—

87 1791 207 1830 dictis.

140 1852 221 1891 Jam
239 1850 472 1902 quaerendum
490 1860 595 1889 restat
619 1864 785 1902 quaenam
804 1849 849 1888 sit
864 1849 927 1887 illa
948 1848 1136 1888 Dominica
1150 1854 1212 1897 τῆς
1231 1849 1502 1900 ἐπισωζομένης,
1522 1862 1602 1899 quae
1618 1847 1656 1886 in
1670 1848 1774 1886 titulo
1796 1847 1942 1886 decimae
1971 1862 2071 1886 nonae
2094 1849 2142 1887 ad

90 1912 328 1950 Antiochenos
358 1912 517 1950 homilia}
544 1920 844 1949 memoratur-:ex
862 1911 924 1948 illa
948 1910 1043 1948 enim
1062 1910 1317 1962 perquisitione
1348 1910 1495 1947 fortasse
1522 1922 1658 1947 novum
1685 1917 1936 1960 argumentum
1955 1909 2001 1947 ad
2019 1910 2141 1948 eadem

89 1987 168 2023 quae
185 1973 348 2026 superius
367 1972 550 2025 probanda
568 1981 734 2024 emerget.
753 1972 926 2010 Dixeram
945 1971 981 2010 in
1003 1971 1211 2009 Praesatione
1232 1971 1278 2009 ad
1293 1972 1449 2009 Tomum
1472 1968 1683 2019 secundum,
1708 1978 1741 2007 et
1763 1969 1911 2020 quidem
1929 1980 2010 2022 post
2029 1971 2141 2010 Tille-

89 2033 278 2081 montium,
296 2032 413 2072 videri
439 2033 528 2071 mihi
552 2033 776 2071 Dominicam
807 2033 908 2070 illam
922 2036 984 2079 τῆς
1003 2033 1281 2083 ἐπισωζομένης,
1310 2040 1486 2080 servatae,
1502 2044 1575 2068 csse
1603 2030 1829 2068 Dominicam
1848 2031 2046 2080 Passionis,
2063 2046 2142 2082 quae

88 2093 293 2145 quindecim
318 2103 399 2131 ante
415 2094 550 2131 Pascha
573 2093 700 2131 diebus
731 2093 944 2131 celebratur.
964 2093 1007 2131 Id
1022 2093 1120 2144 quod
1139 2093 1238 2130 nulla
1254 2093 1323 2130 alia
1343 2100 1524 2144 permotus
1552 2091 1689 2129 ratione
1713 2090 1808 2137 dixi,
1831 2105 1939 2142 quam
1959 2092 2042 2143 quia
2065 2093 2141 2131 haec

87 2155 236 2193 homilia
255 2155 348 2193 inter
364 2154 690 2206 quadragesimales
719 2168 858 2206 semper
875 2154 995 2192 locum
1017 2154 1143 2192 habuit
1156 2184 1166 2204 ,
1186 2163 1260 2192 tam
1275 2154 1310 2191 in
1328 2152 1597 2205 Manuscriptis,
1614 2166 1722 2203 quam
1739 2152 1776 2189 in
1789 2151 1908 2190 Editis
1920 2169 1930 2201 ;
1952 2163 1985 2191 et
2005 2168 2088 2192 cum
2104 2155 2140 2193 in

87 2215 272 2254 Dominica
286 2215 410 2254 habita
424 2215 533 2253 fuisse
545 2215 751 2253 testificetur
770 2224 871 2254 vetus
885 2214 1069 2268 inscriptio
1083 2244 1094 2265 ,
1111 2216 1248 2254 nullam
1264 2215 1370 2253 aliam
1391 2214 1563 2268 putabam
1583 2214 1811 2253 Dominicam
1827 2214 1872 2253 ad
1887 2215 1978 2253 hanc
1998 2218 2141 2255 concio-

85 2291 167 2315 nem
197 2276 372 2328 quadrare
401 2290 517 2329 posse,
541 2290 650 2327 quam
680 2276 910 2315 Dominieam
934 2277 1137 2315 Passionis:
1155 2286 1189 2316 et
1208 2278 1331 2316 eadem
1356 2276 1401 2315 de
1428 2290 1532 2314 causa
1559 2285 1646 2328 puto
1676 2275 1951 2315 Tillemontium
1967 2276 2001 2315 in
2018 2278 2140 2317 eadem

86 2338 160 2390 ipsa
175 2337 362 2376 Dominica
376 2337 510 2377 dictam
526 2352 603 2376 eam
617 2338 725 2376 fuisse
745 2338 979 2376 existimasse.
998 2338 1156 2378 Savilius
1172 2348 1295 2377 autem
1310 2338 1409 2376 illam
1424 2337 1652 2376 Dominicam
1666 2351 1739 2375 esse
1753 2352 1844 2382 eam,
1861 2353 1968 2389 quam
1985 2339 2019 2377 in
2038 2340 2139 2378 Albis

86 2409 225 2449 vocant,
243 2400 461 2451 significavit
477 2416 485 2436 :
499 2414 541 2438 ac
556 2400 638 2438 licet
659 2413 729 2438 non
743 2409 816 2438 tam
830 2399 934 2452 longe
954 2414 974 2438 a
991 2414 1077 2439 vero
1096 2400 1250 2450 aberret,
1274 2414 1382 2451 quam
1401 2413 1466 2450 ego
1485 2398 1665 2447 aberravi,
1687 2413 1732 2437 ex
1751 2399 1984 2451 pra-judicata
2004 2401 2041 2439 id
2061 2410 2138 2440 tan-

87 2470 164 2499 tum
187 2461 352 2513 opinione
382 2460 516 2499 dixisse
546 2460 727 2513 putandus
746 2470 808 2499 est.
826 2462 897 2500 Leo
914 2462 1067 2500 Allatius
1097 2476 1182 2501 vero
1201 2463 1264 2500 De
1283 2462 1503 2499 Dominicis
1523 2468 1560 2498 et
1579 2461 1884 2499 hebdomadibus
1915 2462 2137 2501 Groecorum

87 2537 121 2574 p.
145 2523 261 2568 1460,
285 2522 360 2560 haec
379 2523 486 2561 habet
507 2539 514 2559 :
531 2539 549 2558 «
575 2523 741 2561 Ascensio
755 2537 894 2575 quoque
915 2524 1062 2562 Domini
1080 2522 1177 2575 apud
1193 2522 1432 2575 Cappadoces,
1448 2521 1688 2572 ἐπισωζομένη
1700 2551 1709 2568 ,
1728 2523 2021 2573 Episozomene,
2040 2524 2136 2562 dice-

86 2584 204 2622 batur.
223 2583 311 2621 Erat
330 2583 536 2622 adnotatum
552 2583 589 2622 in
607 2584 848 2637 manuscripto
874 2584 1005 2623 Codice
1029 2585 1197 2637 Gregorii
1222 2584 1375 2637 Nysseni
1396 2599 1404 2619 z
1426 2586 1476 2636 τῷ
1499 2583 1679 2636 ἐπιχωρίῳ
1701 2585 1769 2621 τῶν
1798 2586 2042 2623 Καππαδοκῶν
2066 2586 2138 2624 ἔθει

87 2645 326 2696 ἐπισωζομένη
361 2645 499 2696 λέγεται
531 2648 553 2692 ἡ
588 2646 760 2698 ἀνάληψις
790 2649 850 2685 τοῦ
888 2647 1016 2701 Κυρίου
1044 2650 1145 2699 ἡμῶν
1181 2647 1298 2693 Ἰησοῦ
1330 2647 1524 2697 Χριστοῦ.»
1540 2644 1744 2684 vernaculo
1783 2645 2036 2697 Cappadocum
2069 2662 2137 2686 usu

87 2707 366 2758 Epi‘sozomene
395 2705 529 2745 dicitur
552 2707 718 2745 Ascensio
744 2708 788 2745 D.
820 2708 866 2745 N.
896 2709 928 2748 J.
958 2709 997 2747 C.
1027 2726 1045 2744 «
1076 2708 1294 2760 Legiturque
1324 2707 1414 2745 inter
1443 2705 1657 2744 Andriantas
1689 2705 1934 2758 Chrysostomi
1969 2707 2135 2757 homilia,

86 2770 129 2819 τῇ
165 2771 314 2819 κυριακῇ
349 2771 411 2814 τῆς
448 2768 728 2819 ἓπισωζομέντ,ς,
747 2770 959 2808 Dominica
995 2771 1308 2822 Episozomenes.
1344 2767 1480 2805 Latinis
1516 2767 1591 2804 haec
1613 2766 1799 2805 Dominica
1838 2776 1889 2806 cst
1911 2769 2035 2819 quinta
2056 2781 2136 2823 pos-t

86 2828 232 2866 Pascha.
257 2829 473 2868 »Hactenus
500 2830 571 2868 Leo
597 2830 763 2880 Allatius,
793 2831 855 2881 qui
887 2831 923 2870 in
949 2831 1190 2883 quaestionem,
1218 2845 1326 2882 quam
1357 2829 1548 2881 agitamuS,
1579 2827 1679 2865 nullo
1704 2827 1810 2866 modo
1843 2828 2035 2881 ingressus,
2063 2847 2133 2871 non

86 2890 201 2942 potuit
219 2904 262 2928 ex
282 2891 512 2943 praejudicata
540 2891 706 2944 opinione
729 2892 841 2943 loqui.
868 2893 907 2932 Si
927 2893 963 2931 in
986 2893 1054 2932 hac
1077 2902 1195 2931 autem
1224 2891 1412 2930 Dominica
1440 2889 1601 2926 habitam
1624 2888 1670 2926 ad
1698 2889 1848 2927 rusticos
1866 2889 2137 2943 dejuramentis

86 2950 288 2989 concionem
309 2966 504 3003 ponamus,
530 2962 563 2991 et
588 2953 689 2991 illam
715 2954 941 2992 Dominieam
973 2959 1034 3002 τῆς
1061 2954 1331 3005 ε’πισωζομένης,
1361 2961 1399 2989 ut
1425 2951 1490 2988 sert
1520 2949 1594 3002 ipse
1627 2950 1775 2998 titulus,
1801 2964 1876 2989 esse
1906 2953 2134 2993 Dominicam

84 3011 245 3063 quintam
265 3022 344 3065 post
371 3014 505 3052 Pascha
530 3023 741 3064 statuamus,
763 3015 883 3054 omnia
909 3016 1149 3068 quadrabant.
1174 3015 1258 3052 Post
1277 3013 1438 3051 habitam
1465 3011 1558 3049 enim
1583 3009 1617 3048 in
1639 3010 1699 3049 die
1723 3011 1866 3049 Pascha>
1887 3013 2072 3053 homiliam
2089 3017 2137 3054 de

84 3073 201 3111 reditu
217 3074 395 3123 Flaviani,
412 3075 686 3128 Chrysostomus
708 3077 912 3116 concionem
930 3092 1039 3116 unam
1052 3077 1110 3116 vel
1129 3076 1249 3129 plures
1265 3073 1431 3113 habuerit
1453 3072 1499 3110 ad
1519 3072 1681 3123 gentiles,
1702 3072 1785 3110 hinc
1802 3073 1836 3111 iu
1852 3075 2016 3113 morbum
2037 3077 2129 3116 inci-

84 3133 197 3183 derit,
212 3133 378 3186 domique
397 3150 490 3187 aeger
508 3138 695 3186 manserit,
711 3137 799 3176 dum
825 3140 957 3177 multis
973 3140 1118 3185 diebus,
1135 3147 1171 3177 et
1191 3141 1232 3176 in
1248 3150 1397 3175 omnem
1418 3137 1590 3173 civitatis
1611 3143 1763 3186 partem
1780 3137 1888 3187 festa
1910 3148 2130 3187 martyrum

87 3195 389 3242 celebrarentur;
407 3196 621 3249 demumque
640 3198 834 3238 instaurata
857 3209 1047 3251 utcumque
1069 3198 1287 3247 valetudine,
1316 3195 1545 3246 nondumque
1564 3195 1688 3233 solutis
1710 3196 1824 3234 morbi
1849 3197 2023 3249 reliquiis,
2040 3201 2132 3240 hanc

87 3254 131 3292 ad
148 3257 293 3295 rusticos
308 3272 368 3296 seu
385 3259 556 3311 agricolas
587 3260 790 3299 concionem
820 3261 1003 3309 habuerit,
1033 3261 1221 3300 Dominica
1240 3259 1363 3310 quinta
1381 3265 1459 3309 post
1479 3256 1627 3305 Pascha,
1649 3271 1728 3308 quae
1762 3259 2009 3298 Ascensionem
2039 3277 2129 3314 prm-

88 3314 194 3363 cedit,
221 3327 409 3369 posteaque
437 3320 624 3359 Sermones
651 3321 685 3359 in
719 3323 855 3360 Annam
885 3323 1102 3362 continenter
1135 3321 1267 3361 dixerit
1295 3320 1359 3358 illo
1385 3319 1525 3369 ordine,
1560 3332 1630 3369 quo
1659 3318 1818 3357 diximus
1849 3319 1882 3357 in
1913 3323 2051 3362 Monito
2085 3328 2131 3365 :ul

90 3376 241 3413 eosdem.
