2566 3791
427 172 515 219 208
867 189 905 220 s.
944 189 1131 220 somnis
1167 188 1407 220 ctmvsos-r.

423 271 634 309 vocabimus
653 272 864 323 Dominum,
887 282 925 311 ut
946 287 1015 311 non
1036 273 1152 311 solum
1176 273 1277 310 nobis
1296 286 1374 309 con-

422 347 588 371 cessurus
612 333 670 382 sit,
693 344 733 372 ut
749 349 769 372 a
795 336 947 387 peccatis
966 335 1173 381 liberemur,
1203 333 1264 371 sed
1284 342 1323 370 ut
1342 333 1378 370 in

418 394 600 444 justorum
631 395 790 446 catalogo
827 395 1089 433 adscribamur.
1125 393 1321 430 Enimvero
1350 393 1380 430 si

425 456 580 493 Lamech
606 456 678 503 i·lle‚
704 457 764 506 qui
789 470 901 506 neque
922 456 1034 505 legem
1052 453 1181 491 habuit
1198 453 1293 490 unde
1312 453 1380 491 hoc

419 516 559 554 discere
579 526 706 568 posset,
734 530 846 566 neque
874 515 1064 568 prophetas
1088 513 1243 563 audivit,
1270 528 1381 566 neque

425 577 534 614 aliam
550 577 662 614 ullam
677 576 966 624 admonitionem,
985 589 1029 612 ex
1042 574 1184 627 judicio
1200 575 1236 613 in
1253 585 1380 614 natura

422 636 529 675 insito
548 638 707 675 conscius
728 651 852 675 eorum
869 651 949 688 quae
977 651 1084 674 ausus
1098 637 1226 687 fuerat,
1254 637 1289 675 in
1306 652 1381 675 me-

421 698 524 735 dium
551 699 672 737 attulit
701 713 740 737 ea
759 713 837 750 quae
864 698 1035 751 patravit,
1062 707 1096 736 et
1114 698 1272 751 seipsum
1294 713 1379 738 con·
1401 701 1426 731 D

421 758 628 799 dcmnavit:
657 760 837 812 quomodo
864 760 1021 812 aliquam
1054 759 1294 799 defensionem
1316 775 1379 799 nos

422 821 552 860 habere
578 823 788 875 poterimus,
808 823 955 861 vulnera
981 835 1051 860 non
1071 822 1169 860 omni
1192 822 1379 875 diligentia

421 883 577 921 Domino
597 883 976 931 ostendentes,.eorum
989 883 1067 935 jam
1086 883 1300 922 medicinam
1333 885 1379 923 ab

421 956 461 978 co
475 943 697 994 suscepturi?
710 942 755 980 ld
772 942 865 993 quod
880 941 946 980 nisi
962 955 1056 979 nunc
1072 942 1276 989 fecerimus,
1295 957 1377 982 cum

417 1000 546 1051 jejunii
582 1010 723 1053 tempus
760 1010 830 1048 est,
873 1015 956 1038 cum
988 1009 1085 1038 tanta
1119 1001 1378 1051 cogitationum
1397 1026 1402 1033 ·

423 1061 677 1112 tranquillitas,
698 1076 780 1100 cum
798 1062 965 1114 voluptas
984 1061 1099 1099 omnis
1114 1062 1254 1100 sublata
1269 1078 1288 1100 e
1303 1078 1378 1102 me·

421 1122 483 1160 dio
499 1139 507 1159 ε
540 1123 766 1174 quandonam
781 1123 938 1161 facinora
959 1131 1078 1160 nostra
1094 1123 1295 1176 expendere
1313 1139 1378 1178 po-

423 1184 603 1222 terimus?
623 1184 766 1225 Idcirco¹
787 1198 924 1236 semper
942 1198 1005 1222 vos
1027 1183 1186 1233 obsecro,
1210 1194 1249 1223 ut
1269 1186 1380 1224 sobrii

425 1245 501 1283 sitis
531 1255 566 1283 et
595 1246 737 1297 vigiles,
765 1254 798 1283 et
823 1254 1033 1297 praesentem
1052 1245 1164 1283 vitam
1182 1261 1324 1285 omnem
1343 1248 1379 1286 in

424 1307 492 1345 hoc
508 1307 706 1354 insumatis,
731 1316 770 1344 ut
786 1306 992 1345 assiduitate
1010 1307 1073 1345 illa
1091 1307 1314 1347 intolerabile
1333 1309 1380 1347 il-

425 1365 488 1403 lud
507 1366 727 1418 supplicium
750 1367 978 1419 effugiamus,
1014 1375 1048 1404 ct
1072 1366 1240 1418 gehennae
1261 1367 1379 1420 ignem
1401 1382 1424 1411 Ε

425 1425 539 1464 vitare
554 1426 745 1478 possimus.
776 1428 938 1466 Maxime
957 1436 1076 1466 autem
1099 1442 1206 1477 nunc,
1233 1431 1380 1482 majori-

426 1501 494 1538 que
508 1488 627 1525 studio
645 1487 684 1526 id
699 1488 912 1543 curandum,
934 1488 1077 1539 quando
1093 1498 1240 1541 propter
1251 1491 1379 1542 jejunii

427 1559 566 1601 tempus
585 1550 761 1587 continuis
783 1550 1052 1603 majoribusque
1071 1551 1235 1588 fruimini
1254 1552 1379 1591 admo-

427 1610 634 1649 nitionibus.
646 1612 710 1650 25.
729 1612 919 1664 Cognovit
933 1621 1077 1658 autem,
1096 1611 1228 1663 inquit,
1241 1613 1378 1651 Adam

428 1673 555 1709 Evam
573 1686 730 1709 uxorem
742 1686 855 1710 suam
869 1688 879 1708 :
901 1680 937 1710 et
951 1686 1036 1710 cum
1046 1676 1296 1724 concepisset,
1313 1689 1378 1726 pe-

423 1735 523 1783 perit
528 1733 680 1784 filium,
706 1741 743 1770 et
759 1733 974 1785 appellavit
991 1747 1131 1771 nomen
1147 1735 1253 1773 illius
1273 1736 1377 1784 Seth,

426 1796 558 1832 (licens
576 1812 587 1831 :
608 1796 811 1833 Excitavit
839 1797 942 1831 enim
977 1796 1074 1833 mihi
1107 1796 1216 1833 Deus
1247 1811 1377 1835 semen

1387 1830 1436 1854 177

425 1855 539 1892 aliud
548 1869 619 1906 pro
633 1854 752 1901 Abel,
775 1869 888 1907 quem
899 1855 1037 1892 occidit
1051 1856 1162 1893 Cain.
1184 1858 1376 1908 Postquam
1387 1867 1427 1912 *A

426 1916 611 1968 Scriptura
631 1915 755 1955 divina
773 1915 1015 1968 genealogiam
1032 1931 1142 1967 usque
1159 1917 1205 1955 ad
1221 1918 1376 1957 Lamech

425 1978 591 2028 deduxit,
615 1979 744 2016 iterum
771 1977 818 2015 ad
837 1977 954 2015 Adam
974 1987 1009 2015 et
1028 1992 1187 2016 uxorem-
1205 1978 1303 2018 illius
1326 1968 1397 2019 res

425 2040 587 2090 greditur
620 2049 654 2078 et
694 2040 782 2078 dicit
798 2056 806 2077 τ
854 2041 1043 2092 Cognovit
1077 2050 1206 2079 autem
1240 2042 1378 2080 Adam

427 2104 554 2139 Evam
567 2117 726 2140 uxorein
740 2116 854 2140 suam
867 2118 882 2147 ;
899 2110 935 2139 et
948 2116 1036 2139 cum
1049 2105 1297 2155 concepisset,
1313 2119 1376 2156 pe-

424 2166 523 2214 perit
534 2164 678 2215 filium,
697 2164 984 2215 appellavitque
996 2177 1135 2200 nomen
1150 2165 1255 2202 illius
1270 2166 1376 2211 Seth,

427 2225 585 2262 dicens:
621 2226 823 2263 Excitavit
862 2227 963 2262 enim
992 2226 1089 2262 mihi
1116 2226 1223 2263 Deus
1250 2240 1380 2264 semen

428 2287 540 2323 aliucl
561 2300 632 2337 pro
660 2286 788 2332 Abel,
823 2299 935 2339 quem
955 2287 1096 2323 occidit
1117 2287 1229 2325 Cain.
1258 2289 1378 2339 Pepe-

427 2350 492 2393 rit,
509 2347 800 2399 inquit,fllium,
815 2347 1104 2398 appellavitque
1119 2361 1258 2384 nomen
1272 2349 1379 2387 illius

426 2410 516 2446 Seth
526 2424 543 2456 ,·
564 2423 627 2446 nec
651 2417 811 2446 contenta
829 2417 939 2445 mater
960 2406 1056 2458 quod
1083 2407 1309 2459 imposuisset
1326 2409 1380 2447 illi

427 2469 677 2518 nomen,dicit:
694 2471 897 2507 Excitavit
912 2471 1013 2506 enim
1026 2470 1122 2506 mihi
1132 2470 1238 2506 Deus
1249 2483 1379 2508 semen
1405 2489 1427 2518 B

427 2533 541 2570 aliud
551 2546 622 2583 pro
634 2531 753 2577 Abel,
777 2544 888 2582 quem
907 2531 1047 2567 occidit
1069 2530 1183 2568 Cain.
1208 2530 1303 2570 Vide
1323 2532 1381 2569 hie

427 2592 607 2645 quomodo
638 2601 671 2630 et
693 2601 806 2630 mater
829 2605 890 2644 per
911 2591 1187 2644 appellationem
1215 2594 1289 2630 nati
1312 2593 1381 2631 filii

428 2655 635 2694 memoriam
651 2653 789 2692 scelesti
806 2647 916 2705 hiljus
934 2654 1052 2705 operis
1065 2653 1268 2691 continuam
1286 2668 1381 2692 men-

430 2717 525 2755 tibus
540 2725 697 2764 renovat,
709 2724 814 2766 atque
830 2724 867 2752 ut
875 2715 980 2752 ctiam
992 2714 1122 2766 posteri
1137 2714 1280 2761 scirent,
1292 2715 1382 2765 quid

430 2778 518 2815 (lain
539 2787 680 2830 patrare
710 2790 817 2814 ausus
835 2775 978 2823 fuisset,
1002 2774 1116 2823 dicit,
1145 2777 1224 2813 Pro
1247 2775 1379 2825 Abel,

429 2854 542 2891 quem
556 2840 695 2877 occidit
716 2839 831 2876 Cain.
853 2837 1013 2875 Dolentis
1029 2836 1157 2874 animae
1174 2837 1282 2874 verba
1299 2847 1381 2875 sunt

430 2911 463 2938 et
495 2901 645 2939 tui-batte
677 2899 723 2939 ob
742 2898 908 2937 facinoris
927 2898 1153 2948 memoriam,
1179 2897 1382 2949 gratiasque

431 2962 566 3013 agentis
588 2976 653 3014 pro
673 2970 753 2998 nato
774 2974 899 3013 puero,
930 2959 1108 3012 hujusque
1127 2960 1269 2997 nomine
1284 2960 1382 2997 illius

431 3023 576 3061 alterius
595 3023 707 3059 scelus
723 3021 824 3072 quasi
844 3021 880 3058 in
900 3020 1005 3073 cippo
1024 3020 1259 3059 inscribentis.
1291 3023 1382 3060 Nam

433 3099 513 3122 vere
533 3084 668 3121 luctum
695 3097 763 3121 non
784 3081 998 3120 mediocrem
1026 3082 1234 3134 parentibus
1254 3084 1382 3121 attule-

433 3163 498 3199 rat,
511 3152 571 3203 qui
586 3152 749 3189 dextram
765 3166 865 3188 suam
879 3149 1050 3189 adversus
1065 3151 1208 3189 fratrem
1223 3166 1382 3190 armave-

434 3230 499 3265 rat,
519 3229 552 3258 et
570 3229 641 3257 tam
660 3233 781 3257 carum
801 3219 903 3256 illum
918 3218 1153 3257 ctamabilem
1170 3219 1242 3257 illis
1259 3229 1380 3258 ostcu-
1408 3228 1431 3257 C

469 3345 483 3367 Ἰ
505 3343 563 3375 Alii
582 3351 759 3385 ποςησωμεν.

471 3407 481 3419 τ’·
501 3394 600 3427 boul.
619 3404 667 3433 τῆς
693 3399 905 3440 προπηῃρῑας.
921 3410 1003 3439 ρησιυ
1021 3407 1025 3424 2
1045 3393 1145 3429 mato,
1163 3402 1194 3425 ιιι
1222 3393 1288 3436 ipsc
1314 3392 1432 3424 fatetur

1452 190 1658 221 ARCHIEI‘.
1697 190 2059 225 CONSTANTINOP‚

1449 272 1592 325 τήγοροι
1614 273 1808 324 γενώμεθα,
1827 276 1875 318 εἷς
1897 275 2068 323 τοσαύτην
2089 275 2351 328 φιλανθρωπίαν
2370 277 2477 316 ἔκκα-

1450 333 1623 383 λεσόμεθα
1641 335 1700 373 τὸν
1717 336 1914 385 Δεσπότην,
1933 339 1980 381 ὡς
2003 337 2052 385 μὴ
2073 337 2177 388 μόνον
2198 337 2261 385 τὴν
2282 338 2476 392 ἐλευθερίαν

1450 396 1519 431 τῶν
1538 395 1798 446 ἡμαρτημένων
1814 400 1900 448 ἡμῖν
1914 397 2152 450 δωρήσασθαι,
2170 398 2260 437 ἀλλὰ
2276 399 2335 437 καὶ
2358 402 2406 442 εἰς
2418 399 2477 437 τὸν

1450 458 1518 493 τῶν
1539 456 1682 494 δικαίων
1710 458 1903 510 κατάλογον
1931 462 2027 509 ἡμᾶς
2047 463 2322 514 καταριθμῆσαι.
2346 463 2391 500 Εἰ
2409 460 2479 513 γὰρ

1450 518 1468 554 δ
1493 516 1623 569 Λάμεχ
1633 511 1739 567 ίοὗτος
1751 548 1761 565 ,
1784 519 1873 569 μήτε
1891 519 1998 569 νόμου
2027 521 2211 571 δεδομένου
2227 525 2287 560 τοῦ
2303 522 2477 560 διδάσκειν

1452 577 1654 629 δυναμένου,
1674 579 1764 629 μήτε
1782 583 1970 633 προφητῶν
1992 580 2162 629 ἀκούσας,
2178 581 2267 632 μήτε
2288 583 2407 636 ἑτέρας
2425 599 2480 621 τι-

1449 638 1505 681 νὸς
1532 638 1770 690 παραινέσεως
1785 666 1795 686 ,
1817 640 1886 678 ἀπὸ
1906 644 1966 678 τοῦ
1994 641 2194 691 ἐγκειμένου
2214 646 2257 694 τῇ
2280 643 2380 696 φύσει
2402 659 2481 695 κρυ-

1449 700 1571 752 τηρίου
1592 700 1756 744 συνειδὼς
1775 701 1865 755 ἅπερ
1881 701 2055 753 ἐτόλμησε
2068 733 2078 750 ,
2098 702 2158 740 καὶ
2180 705 2227 746 εἷς
2249 704 2354 754 μέσον
2369 705 2481 758 ἤγαγε

1447 761 1492 799 τὰ
1505 761 1736 815 εἰργασμένα,
1757 762 1817 800 καὶ
1837 765 1961 802 ἑαυτοῦ
1976 763 2241 816 κατεψηφίσατο
2256 781 2263 789 ·
2284 769 2360 810 πῶς
2377 769 2480 817 ἡμεῖς

1449 822 1667 874 δυνησόμεθα
1697 823 1888 875 ἀπολογίας
1912 824 2004 868 τινὸς
2031 831 2150 877 τυχεῖν
2173 825 2222 876 μὴ
2252 826 2343 864 κατὰ
2362 827 2480 874 πάσης

1448 885 1600 931 σπουδῆς
1621 884 1683 923 ’τὰ
1722 884 1880 937 ἡμέτερα
1915 885 2104 938 τραύματα
2146 887 2398 931 ἐπιδεικνύντες
2426 890 2477 940 τῷ

1447 946 1609 998 Δεσπότῃ
1624 975 1633 993 ,
1653 946 1712 984 καὶ
1730 948 1815 1000 παρ’
1839 949 1942 985 αὐτοῦ
1962 947 2026 994 τὴν
2047 947 2176 986 τούτων
2199 948 2353 1002 ἰατρείαν
2375 949 2476 1002 δεχό-

1449 1006 1697 1061 μενοι;”οπερ
1712 1009 1742 1045 εἷ
1758 1007 1807 1058 μὴ
1823 1013 1880 1047 νῦν
1895 1007 2146 1060 ἀποιήσαιμεν,
2161 1009 2220 1049 ὅτε
2232 1010 2394 1057 νηστείας
2403 1026 2479 1049 και-

1449 1068 1506 1119 ρὸς
1518 1098 1527 1115 ,
1548 1067 1604 1106 ὅτε
1631 1067 1783 1115 τοσαύτη
1805 1072 1875 1107 τῶν
1894 1071 2073 1120 λογισμῶν
2089 1073 2111 1117 ἡ
2131 1070 2282 1121 γαλήνη,
2302 1071 2360 1109 ὅτε
2379 1079 2478 1110 πᾶσα

1447 1128 1560 1181 τρυφὴ
1583 1128 1740 1168 ἐκποδὼν
1756 1145 1764 1155 ·
1789 1129 1874 1168 πότε
1893 1130 2112 1185 δυνησόμεθα
2143 1134 2190 1176 εἷς
2216 1132 2346 1171 ἔννοιαν
2368 1135 2478 1172 ἐλθεῖν

1449 1192 1516 1228 τῶν
1536 1193 1621 1240 ἡμῖν
1641 1190 1920 1242 πεπραγμένων;
1939 1190 2004 1228 Διὸ
2031 1193 2229 1243 παρακαλῶ
2250 1193 2399 1232 πάντοτε
2415 1193 2477 1244 μὲν

1447 1251 1570 1304 νήφειν
1594 1251 1655 1289 καὶ
1671 1250 1914 1305 ἐγρηγορέναι,
1927 1252 1988 1290 καὶ
2000 1251 2063 1299 τὴν
2077 1256 2259 1305 παροῦσαν
2274 1254 2366 1300 ζωὴν
2380 1255 2477 1294 ἅπα-

1449 1328 1512 1350 σαν
1531 1314 1580 1356 εἷς
1598 1316 1700 1351 τοῦτο
1715 1314 1980 1365 καταδαπανᾷν,
1994 1312 2051 1352 ἵνα
2065 1317 2108 1366 τῇ
2125 1314 2315 1367 προσεδρίᾳ
2329 1316 2478 1363 δυνηθῶ·

1450 1389 1513 1424 μεν
1529 1373 1592 1420 τὴν
1610 1374 1783 1427 ἀφόρητον
1796 1373 1931 1421 ἐκείνην
1948 1374 2092 1413 κόλασιν
2108 1375 2298 1427 διαφυγεῖν,
2308 1375 2368 1413 καὶ
2381 1375 2478 1420 ἐκτὸς

1449 1435 1610 1486 γενέσθαι
1622 1439 1684 1473 τοῦ
1703 1438 1766 1482 τῆς
1779 1435 1918 1486 γεέννης
1931 1435 2050 1487 πυρός.
2071 1436 2242 1475 Μάλιστα
2257 1437 2292 1475 δὲ
2312 1440 2371 1475 νῦν
2388 1438 2478 1488 μετὰ

1446 1497 1606 1540 πλείονος
1635 1500 1699 1544 τῆς
1715 1498 1869 1543 σπουδῆς
1895 1502 1998 1536 τοῦτο
2022 1499 2074 1540 δεῖ
2101 1503 2231 1544 ποιεῖν,
2253 1498 2308 1536 ὅτε
2336 1498 2393 1537 διὰ
2417 1499 2478 1538 τὸν

1447 1561 1510 1605 τῆς
1528 1557 1690 1604 νηστείας
1709 1559 1830 1611 καιρὸν
1857 1559 1916 1597 καὶ
1942 1558 2101 1602 πλείονος
2124 1559 2184 1598 καὶ
2205 1564 2368 1612 συνεχοῦς
2383 1563 2476 1599 ἀπο-

1447 1620 1571 1658 λαύετε
1596 1622 1659 1666 τῆς
1695 1619 1932 1663 διδασκαλίας.
1963 1620 2083 1672 Ἔγνω
2115 1620 2175 1665 δὲ,
2208 1621 2333 1673 φησὶν,
2366 1621 2478 1673 Ἀδὰμ

1448 1680 1543 1719 Εὔαν
1577 1680 1641 1727 τὴν
1676 1687 1824 1732 γυναῖκα
1860 1683 1978 1727 αὐτοῦ,
2018 1681 2079 1719 καὶ
2110 1682 2333 1720 συλλαὸοῧσα
2362 1682 2477 1721 ἔτεκεν

1447 1743 1538 1791 υἱὸν,
1558 1743 1618 1781 καὶ
1637 1742 1846 1794 ἐπωνόμασε
1866 1743 1906 1781 τὸ
1927 1742 2036 1793 ὄνομα
2062 1745 2166 1781 αὐτοῦ
2192 1743 2287 1791 Σὴθ,
2306 1744 2475 1795 λέγουσα·

1449 1803 1656 1851 ἐξανέστησε
1669 1805 1737 1855 γάρ
1757 1819 1814 1854 μοι
1829 1806 1846 1841 ὁ
1863 1803 1954 1847 Θεὸς
1969 1803 2111 1856 σπέρμα
2127 1803 2243 1855 ἕτερον
2261 1804 2338 1842 ἀντὶ
2358 1804 2475 1851 Ἀὅελ,

1449 1865 1486 1903 ὃν
1515 1865 1698 1903 ἀπέκτεινε
1731 1865 1831 1902 Κάϊν.
1859 1865 1979 1916 Μέχρι
1997 1868 2056 1902 τοῦ
2077 1865 2208 1917 Λάμεχ
2230 1864 2294 1911 τὴν
2312 1869 2477 1917 γενεαλο-

1449 1926 1527 1978 γίαν
1546 1926 1708 1973 στήσασα
1727 1929 1748 1973 ἡ
1770 1925 1845 1964 θεία
1864 1925 2009 1978 Γραφὴ,
2029 1927 2203 1971 ἐπανῆλθε
2218 1926 2323 1965 πάλιν
2341 1927 2399 1965 ἐπὶ
2417 1926 2477 1965 τὸν

1450 1989 1563 2040 Ἀδὰμ
1587 1989 1647 2027 καὶ
1672 1987 1735 2036 τὴν
1757 1993 1907 2039 γυναῖκα
1927 1988 2053 2033 αὐτοῦ,
2076 1987 2136 2026 καί
2155 2003 2260 2040 φησιν
2274 2003 2282 2011 ·
2302 1986 2421 2041 Ἔγνω
2440 1988 2476 2028 δὲ

1450 2050 1562 2102 Ἀδὰμ
1585 2051 1649 2098 τὴν
1679 2057 1827 2103 γυναῖκα
1859 2051 1974 2097 αὐτοῦ,
2011 2049 2072 2088 καὶ
2107 2049 2329 2089 συλλαὸοῦσα
2360 2050 2476 2090 ἔτεκεν

1451 2114 1521 2152 υἱὸν
1537 2142 1546 2160 ,
1564 2113 1623 2150 καὶ
1648 2112 1856 2162 ἐπωνόμασε
1873 2111 1913 2149 τὸ
1930 2111 2039 2161 ὄνομα
2058 2113 2162 2149 αὐτοῦ
2187 2111 2262 2158 Σὴθ
2275 2111 2454 2164 ,λέγουσα
2467 2128 2475 2136 ·

1451 2174 1660 2220 ἐξανέστησε
1680 2173 1748 2224 γάρ
1768 2188 1828 2222 μοι
1842 2175 1859 2209 ὁ
1874 2172 1964 2215 Θεὸς
1984 2171 2126 2223 σπέρμα
2141 2171 2260 2224 ἕτερον
2279 2173 2354 2211 ἀντὶ
2368 2173 2486 2218 Ἄὸελ,

1451 2235 1487 2274 ὃν
1510 2234 1691 2273 ἀπέκτεινε
1711 2234 1814 2272 Κάϊν.
1835 2232 1982 2280 Ἔτεκε,
2008 2233 2111 2284 φησὶν
2125 2263 2135 2281 ,
2154 2234 2245 2281 υἱὸν,
2265 2234 2324 2271 καὶ
2351 2235 2484 2272 ἐπωνό-

1455 2312 1545 2348 μασε
1576 2296 1615 2333 τὸ
1645 2295 1754 2345 ὄνομα
1775 2295 1879 2332 αὐτοῦ
1913 2292 2012 2339 Σήθ·
2045 2293 2104 2331 καὶ
2135 2295 2198 2332 οὐκ
2225 2296 2434 2345 ἀρκεσθεῖσα
2459 2299 2482 2341 ἡ

1455 2358 1574 2411 μήτηρ
1593 2359 1662 2407 *Ἱτῆ
1691 2353 1828 2407 τεθείσῃ
1853 2354 2072 2408 προσηγορίᾳ
2103 2354 2207 2407 φησίν
2221 2370 2229 2378 ·
2251 2353 2484 2401 Ἔξανέστησε

1453 2421 1520 2472 γάρ
1542 2433 1601 2469 μοι
1620 2421 1638 2456 ὁ
1658 2417 1749 2460 Θεὸς
1769 2415 1912 2468 σπέρμα
1931 2415 2047 2468 ἕτερον
2072 2416 2149 2454 ἀντὶ
2176 2415 2282 2454 Ἄὸελ
2296 2446 2306 2464 ,
2326 2416 2363 2455 ὃν
2395 2417 2483 2456 ἀπέ-

1454 2496 1566 2519 κτεινε
1598 2478 1700 2518 Κοίῖν.
1730 2478 1825 2530 εΌρα
1851 2477 1910 2516 καὶ
1934 2476 1998 2524 τὴν
2035 2476 2183 2530 μητέρα,
2209 2477 2303 2520 ὅπως
2336 2477 2392 2516 διὰ
2421 2481 2485 2525 τῆς

1454 2540 1690 2596 προσηγορίας
1713 2545 1773 2578 τοῦ
1792 2539 1972 2591 τεχθέντος
1992 2538 2132 2577 παιδίου
2162 2537 2225 2586 τὴν
2255 2538 2400 2589 μνήμην
2419 2541 2485 2585 τῆς

1452 2610 1605 2656 πονηρᾶς
1626 2602 1759 2648 ἐκείνης
1783 2601 1942 2653 πράξεως
1967 2602 2110 2647 διηνεκῆ
2141 2600 2403 2656 ἐναποτίθεται,
2421 2601 2483 2639 καὶ

1452 2666 1509 2704 ἵνα
1544 2664 1601 2704 καὶ
1631 2663 1691 2702 ”oi
1725 2665 1772 2707 εἷς
1802 2663 1865 2706 τὰς
1889 2662 1968 2708 ἑξῆς
1999 2662 2118 2713 γενεὰς
2145 2661 2272 2700 εἰδέναι
2304 2660 2414 2713 ἔχωσι
2443 2662 2484 2700 τὸ
2520 2692 2523 2695 -

1452 2726 1624 2779 τολμηθὲν
1644 2726 1712 2764 ὑπὸ
1732 2729 1792 2763 τοῦ
1812 2725 1920 2770 Κάϊν,
1940 2723 2045 2776 φησίν
2059 2739 2067 2746 ·
2089 2722 2180 2760 ’Axe-:¹1
2202 2721 2319 2768 Ἄὸελ,
2341 2723 2378 2761 ὃν
2395 2723 2482 2761 ἀπέ-

1454 2804 1565 2827 κτεινε
1602 2787 1704 2826 Κάϊν.
1735 2785 1982 2836 Ὀδυνωμένης
2014 2786 2130 2836 ψυχῆς
2168 2784 2209 2822 τὸ
2249 2786 2364 2835 ῥῆμα,
2398 2799 2483 2836 συγ-γ

1453 2850 1623 2903 χεομένης
1650 2848 1717 2887 ὑπὸ
1745 2850 1808 2894 τῆς
1829 2847 1970 2898 μνήμης
1996 2849 2055 2884 τοῦ
2074 2844 2271 2897 γεγονότος,
2290 2845 2351 2883 καὶ
2374 2847 2481 2898 εὐχα-

1458 2911 1638 2967 ριστούσης
1659 2909 1721 2961 μὲν
1739 2909 1826 2960 ὑπὲρ
1847 2911 1906 2946 τοῦ
1926 2907 2108 2959 τεχθέντος
2121 2937 2130 2955 ,
2149 2906 2334 2959 μονονουχὶ
2348 2907 2383 2945 δὲ
2399 2923 2483 2954 στη-

1455 2972 1654 3018 λιτευούσης
1682 2974 1810 3009 ἐκεῖνον
1839 2969 1896 3008 διὰ
1912 2972 1975 3015 τῆς
2004 2974 2064 3007 τοῦ
2089 2968 2212 3011 παιδὸς
2235 2966 2484 3020 προσηγορίας.

1459 3035 1526 3073 Καὶ
1546 3034 1613 3087 γὰρ
1641 3034 1777 3079 ἀληθῶς
1797 3032 1834 3068 οὗ
1862 3031 1902 3069 τὸ
1921 3030 2024 3082 τυχὸν
2053 3030 2174 3072 πένθος
2199 3028 2386 3080 εἰργάσατο
2413 3033 2484 3070 τοῖς

1455 3101 1612 3147 γονεῦσι,
1629 3094 1692 3141 τὴν
1721 3096 1843 3131 ἑαυτοῦ
1874 3091 1986 3136 δεξιὰν
2013 3091 2160 3133 ὁπλίσας
2183 3090 2274 3128 κατὰ
2299 3093 2358 3128 τοῦι
2380 3090 2482 3128 ἀδελ-

1458 3161 1541 3210 φοῦ,
1561 3156 1621 3195 καὶ
1649 3156 1705 3194 τὸν
1739 3155 1896 3193 ποθεινὸν
1925 3153 1985 3191 καὶ
2009 3152 2199 3206 ἐπέραστον
2227 3150 2338 3199 δείξας
2370 3153 2484 3194 αὐτοῖς

1457 3219 1571 3272 χαμαὶ
1600 3215 1826 3270 ἐρριμμένον,
1851 3215 1971 3266 νεκρὸν
2001 3215 2062 3253 καὶ
2093 3212 2313 3259 ἀναίσθητον.
2344 3213 2387 3251 Εἰ
2416 3211 2486 3264 γὰρ

1468 3342 1498 3371 iu
1518 3342 1615 3370 notis.
1632 3338 1711 3380 [Sed
1729 3338 1760 3369 iu
1783 3350 1887 3380 marg.
1906 3339 2091 3381 conjecerat
2109 3346 2145 3382 τῇ
2162 3341 2376 3382 προσηγορίᾳ4

1515 3394 1530 3416 ¹*
1548 3391 1607 3423 Alii
1626 3407 1648 3425 οι
1668 3402 1718 3430 τῇ,-
1736 3396 1799 3430 ἑξὴς
1816 3399 1924 3433 γενεᾶς.
