2516 3791
680 230 722 261 ΙΝ
760 230 861 261 (ἸᾸΡ.
901 229 998 259 xlx.
1038 224 1199 255 GENtzs.
1239 222 1397 253 HOM!L.

95 318 187 365 ἔξω*
217 319 330 356 αὖτῶν
354 317 417 361 τῆς
436 315 577 366 Γραφῆς
608 315 802 352 ἐπακοῦσαι
831 315 901 350 τῶν
934 308 1114 363 ῥημάτων,

94 371 224 418 ’Ἦλθον
246 378 280 416 δὲ
293 408 302 426 ,
324 376 442 430 φησὶν,
461 377 492 413 οἱ
507 375 566 413 δύο
580 375 720 426 ἄγγελοι
740 377 787 417 εἷς
801 374 941 424 Σόδομα
955 370 1116 422 ἑσπέρας.

1438 221 1562 252 κωιῐ.
2056 205 2143 251 50⁷»

1188 314 1279 344 runt
1291 315 1433 354 autem,
1443 303 1652 356 inquit,duo
1663 303 1791 356 angeli
1804 303 1971 341 Sodoma
1983 307 2146 355 vesperi.

1189 367 1310 414 Quare
1327 367 1378 405 sic
1398 366 1570 420 incepitet
1591 364 1687 403 dixit
1702 382 1710 404 :
1723 365 1920 402 Venerunt
1932 373 2057 402 autem
2074 366 2150 402 duo

95 440 197 484 Τίνος
213 439 326 478 ἕνεκεν
342 438 449 480 οὕτως
464 436 611 489 ἤρξατο,
630 429 764 474 Ἦλθον
781 435 816 473 δὲ
836 438 868 473 οἱ
885 434 944 472 δύο
974 433 1117 484 ἄγγελοι
1142 428 1164 459 Β
1189 429 1319 480 angeli
1328 428 1496 467 Sodoma
1514 429 1690 478 vesperi?
1701 425 1880 472 Quoniam
1897 434 2083 478 postquam
2094 425 2149 462 di-

94 503 142 545 εἶς
167 500 308 550 Σόδομα
329 497 495 551 ἑσπέρας,
515 495 663 543 Ἐπειδὴ
687 496 775 546 μετὰ
803 495 843 533 τὸ
871 493 1117 538 ἐπιξενωθῆναι

93 564 144 614 τῷ
163 560 384 613 πατριάρχῃ,
415 558 676 604 ἐξαναστάντων
705 559 818 596 αὐτῶν
838 558 983 601 ἐκεῖθεν,
1008 556 1026 591 6
1055 551 1118 603 μὲν

95 639 139 670 κη
163 622 257 673 εμὼν
282 622 341 660 καὶ
361 621 602 674 φιλάνθρωπος
625 619 715 662 Θεὸς
746 617 809 665 τὴν
830 616 960 655 οἰκείαν
994 612 1119 665 ἀγαθό-

95 700 184 729 τητα
207 682 440 734 μιμούμενος,
458 681 517 720 καὶ
535 679 694 733 σχήματι
717 678 899 731 ἀνθρώπου
916 676 994 713 τότε
1008 672 1121 726 ὀφθεὶς

97 745 271 796 παρέμενε
291 747 340 796 τῷ
360 742 562 795 πατριάρχῃ
591 740 845 791 διαλεγόμενος,
866 735 1023 787 καθάπερ
1042 733 1123 786 χθὲς

98 807 288 853 ἠκούσατε·
310 804 516 856 βουλόμενος
535 803 690 844 ἅπαντας
713 804 807 851 ἡμᾶς
826 797 960 842 διδάξαι
985 796 1044 834 καὶ
1062 797 1124 841 τῆς

99 871 219 905 ἑαυτοῦ
233 865 472 917 μακροθυμίας
487 863 550 910 τὴν
563 861 776 913 ὑπερὸολὴν,
796 860 855 898 καὶ
873 863 934 897 τοῦ
953 856 1126 910 πατριάρ-

98 943 162 980 χου
196 927 237 965 τὸ
272 926 516 978 φιλόστοργον,
537 925 568 961 οἱ
598 923 634 961 δὲ
668 923 810 974 ἄγγελοι
825 921 995 973 ὥρμησαν
1012 918 1069 957 ἐπὶ
1083 917 1127 956 τὰ

99 988 258 1038 Σόδομα·
278 987 341 1034 τὴν
364 985 568 1024 ἀκολουθίαν
594 987 719 1031 ἑαυτῆς
751 984 962 1034 διατηροῦσα
991 985 1076 1032 ἡμῖν
1104 982 1126 1026 ἡ

99 1048 172 1087 θεία
193 1046 314 1099 Γραφὴ
335 1050 393 1084 νῦν
416 1061 521 1098 φησιν
534 1061 541 1069 ·
570 1039 704 1084 Ἦλθον
724 1044 760 1082 δὲ
780 1045 811 1082 οἱ
836 1043 895 1082 δύο
920 1043 1060 1094 ἄγγελοι
1081 1043 1129 1084 εἷς

1193 489 1322 527 versati
1339 499 1420 527 sunt
1437 488 1532 541 apud
1552 487 1803 541 patriarcham,
1820 495 1853 525 et
1868 486 1950 524 inde
1969 496 2151 537 surgentes

1191 549 1372 598 abierunt3
1388 564 1429 587 ac
1443 550 1597 587 clemens
1614 549 1790 587 Dominus
1804 557 1837 586 et
1847 557 2000 597 curator,
2013 563 2076 600 pro
2089 562 2151 585 sua

1191 610 1349 648 bonitate
1368 611 1403 648 in
1432 611 1588 647 humana
1617 611 1731 661 ligura
1761 610 1870 658 visus,
1892 610 2020 647 mansit
2055 608 2152 661 apud

1191 671 1447 724 patriarcham,
1471 670 1619 721 loquens
1641 686 1722 708 cum
1741 686 1793 720 eo,
1811 671 1900 708 sicut
1920 671 1996 708 lieri
2012 669 2154 708 audivi-

1193 733 1256 771 stis
1272 748 1279 769 :
1295 732 1418 771 volens
1430 746 1492 769 nos
1508 745 1564 768 om
1571 745 1629 768 nes
1641 730 1768 768 docere
1781 740 1814 768 et
1830 732 2005 783 ingentem
2021 731 2154 784 patien-

1194 794 1281 832 tiam
1296 802 1452 840 suan1,ct
1466 792 1677 845 patriarcha:
1694 792 1891 838 caritatem,
1902 794 2017 843 angeli
2037 803 2156 831 autem

1196 854 1454 894 contendebant
1470 863 1555 892 tunc
1575 868 1697 892 versus
1718 853 1890 892 Sodoma:
1905 869 2046 892 servans
2061 855 2156 892 Scri-

1196 926 1302 971 ptura
1318 931 1423 955 suum
1440 915 1601 953 ordinem
1615 915 1702 953 dicit
1719 915 1867 953 iterum:
1883 917 2076 954 Venerunt
2093 931 2155 954 au-

1200 988 1275 1018 tem
1294 980 1370 1017 duo
1393 978 1525 1031 angeli
1544 977 1713 1016 Sodoma
1733 979 1897 1029 vesperi,
1917 977 2042 1015 facturi
2062 977 2159 1028 quod

1200 1040 1414 1092 imperatum
1432 1048 1518 1077 erat.
1538 1038 1586 1078 Et
1598 1038 1681 1077 vide
1695 1037 1922 1089 di'igentiam
1942 1038 2159 1076 observatio-

99 1110 243 1160 Σόδομα
281 1107 447 1160 ἑσπέρας,
481 1108 521 1146 τὸ
553 1106 740 1158 ἐπιταχθὲν
769 1104 1030 1158 πληρώσοντες.
1060 1102 1130 1142 Καὶ
1152 1109 1178 1141 C
1202 1116 1352 1153 nemque
1368 1100 1501 1139 divinae
1521 1100 1726 1152 Scripturae,
1739 1098 1920 1150 quomodo
1940 1108 2160 1151 tempusquo

101 1172 163 1223 ὅρα
179 1170 359 1223 ἀκρίὸειαν
390 1169 450 1208 καὶ
476 1169 723 1222 παρατήρησιν
746 1170 808 1214 τῆς
845 1166 937 1211 θείας
970 1168 1132 1218 Γραφῆς,

102 1235 175 1276 πῶς
209 1231 267 1270 καὶ
293 1231 350 1269 τὸν
373 1231 492 1284 καιρὸν
512 1235 598 1282 ἡμῖν
623 1229 778 1280 ἐσήμανε
792 1259 802 1277 ,
823 1230 899 1267 καθ’
921 1227 958 1265 ὃν
980 1226 1131 1279 παρεγέ-

104 1311 199 1333 νοντο
213 1310 220 1318 ·
249 1293 425 1347 Ἱίσπέρας
444 1294 511 1346 γάρ
529 1309 628 1345 φησι.
649 1292 718 1330 Καὶ
738 1291 827 1334 τίνος
847 1290 962 1328 ἕνεκεν
978 1289 1036 1327 τὸν
1056 1303 1133 1326 και-

105 1357 161 1408 ρὸν
178 1355 352 1404 ἐδήλωσε,
380 1355 439 1393 καὶ
459 1354 515 1392 διὰ
534 1354 567 1391 τί
597 1353 687 1392 κατὰ
713 1352 776 1400 τὴν
798 1351 948 1404 ἑσπέραν
975 1348 1132 1402 παρεγέ-

104 1431 222 1464 νοντο;
240 1415 315 1454 Ἵνα
343 1415 406 1463 τὴν
423 1414 556 1462 πολλὴν
575 1418 660 1465 ἡμῖν
680 1413 840 1452 ἐπίτασιν
872 1411 964 1464 δείξῃ
991 1415 1053 1458 τῆς
1072 1414 1133 1449 τοῦ

105 1477 188 1515 Λὼτ
216 1475 420 1529 φιλοξενίας.
448 1476 618 1528 Καθάπερ
649 1474 717 1527 γὰρ
751 1477 769 1512 6
799 1473 1021 1526 πατριάρχης
1043 1471 1132 1510 κατὰ

104 1539 162 1578 τὸν
180 1540 242 1584 τῆς
263 1537 485 1590 μεσηιιὲρίας
504 1538 624 1590 καιρὸν
650 1536 845 1587 καθήμενος
864 1534 1026 1586 ἐπετήρει
1056 1532 1136 1577 τοὺς

105 1599 314 1652 παριόντας,
332 1599 390 1638 καὶ
410 1599 511 1653 ἔργον
527 1601 678 1638 ἐποιεῖτο
704 1598 769 1646 τὴν
789 1597 918 1636 τούτων
935 1596 1057 1649 θήραν,
1076 1595 1136 1634 καὶ

105 1661 270 1714 ἐπέτρεχε
290 1660 349 1699 καὶ
363 1660 451 1712 μετὰ
466 1660 693 1713 περιχαρείας
706 1658 783 1703 τοὺς
795 1659 911 1702 ὁδίτας
925 1657 1115 1710 ὑπεδέχετο
1128 1673 1136 1681 ·

107 1723 164 1761 τὸν
184 1723 287 1760 αὐτὸν
306 1721 348 1768 δὴ
376 1721 502 1774 τρόπον
521 1723 580 1760 καὶ
598 1724 615 1759 6
632 1721 764 1764 δίκαιος
784 1715 901 1767 οὗτος,
923 1719 1042 1767 ἐπειδὴ
1062 1719 1138 1771 ᾔδει

107 1787 169 1830 τ’ἧς
188 1783 311 1827 κακίας
327 1785 394 1821 τῶν
415 1785 450 1820 ἐν
470 1782 639 1833 Σοδόμοις
665 1781 850 1820 οἰκούντων
869 1780 932 1829 τὴν
952 1780 1136 1834 πονηρίαν,

109 1846 186 1884 οὐδὲ
212 1846 270 1883 τὸν
295 1848 356 1892 τῆς
376 1843 525 1896 ἑσπέρας
542 1845 660 1896 καιρὸν
681 1843 954 1896 παρεπέμπετο,
969 1841 1059 1880 ἀλλὰ
1079 1840 1140 1891 με’-

111 1924 170 1959 χρι
209 1907 331 1946 τούτου
371 1905 568 1958 παρέμενε,
608 1906 726 1957 μήπου
765 1904 937 1957 θησαυρός
964 1920 1016 1948 τις
1046 1906 1140 1956 αὐτῷ

111 1967 322 2020 παρεμπέσῃ
334 2000 342 2016 ,
356 1968 415 2006 καὶ
426 1968 482 2006 τὸν
501 1968 570 2006 ἀπὸ
586 1971 647 2014 τῆς
662 1967 854 2020 φιλοξενίας
867 1967 1000 2019 καρπὸν
1014 1965 1142 2019 δρέψα-

113 2034 190 2068 σθαι
208 2032 349 2082 δυνηθῇ.
371 2029 522 2076 Ἀληθῶς
535 2029 712 2080 θαυμάσαι
732 2029 804 2067 ἐστὶ
823 2028 912 2080 μετὰ
928 2029 1060 2074 πολλ’ἧς
1080 2030 1143 2075 τῆς

112 2091 308 2144 ὓπερόολῆς
322 2094 382 2128 τοῦ
404 2090 536 2129 δικαίου
554 2091 676 2129 τούτου
691 2090 755 2138 τὴν
768 2089 911 2142 ἀρετὴν,
926 2090 980 2128 ὅτι
992 2091 1027 2127 ἐν
1045 2089 1143 2143 μέσῳ

113 2152 277 2190 τοιούτων
296 2152 508 2203 παρανόμων
537 2151 860 2204 ἀναστρεφόμενος,
894 2153 932 2189 οὐ
970 2150 1073 2201 μόνον
1104 2153 1142 2190 οὗ

113 2214 231 2265 γέγονε
268 2212 516 2266 ῥαθυμότερος,
551 2212 642 2251 ἀλλὰ
673 2212 733 2250 καὶ
765 2214 886 2264 πολλῷ
906 2211 1051 2250 πλείονα
1079 2211 1143 2259 τὴν

115 2274 240 2326 ἀρετὴν
277 2273 509 2312 ἐπεδείκνυτο.
544 2273 615 2312 Καὶ
650 2273 811 2319 πάντων,
846 2275 892 2316 ὡς
921 2275 1031 2311 εἰπεῖν
1051 2271 1144 2311 κατὰ

115 2338 280 2387 κρημνῶν
301 2333 522 2387 φερομένων,
542 2328 639 2378 οὗτος
663 2333 764 2385 μόνος
783 2336 818 2372 ἐν
846 2333 1000 2386 τοσούτῳ
1015 2333 1142 2381 πλήθει

116 2396 179 2443 τὴν
198 2397 330 2435 εὐθεῖαν
350 2396 475 2434 ὥδευεν
495 2395 584 2434 ὁδόν.
617 2398 693 2435 Ποῦ
714 2399 771 2434 νῦν
795 2397 882 2434 εἰσιν
910 2397 942 2434 οἱ
965 2395 1142 2447 λέγοντες,

131 2458 170 2496 ’τι
186 2459 252 2510 οὐχ
276 2452 346 2495 οἷόν
368 2473 405 2495 τε
425 2459 460 2495 ἐν
482 2457 572 2508 μέσῃ
592 2457 692 2495 πόλει
721 2456 953 2510 στρεφόμενόν
970 2473 1048 2495 τινα
1073 2458 1147 2495 δια-

1164 1841 1189 1871 Ι)

1201 1162 1420 1202 advenerunt
1431 1162 1533 1201 nobis
1543 1161 1732 1199 declararit
1745 1177 1752 1198 :
1768 1160 1858 1198 dicit
1871 1161 1979 1210 enim,
1990 1161 2157 1212 Vesperi.

1204 1223 1250 1261 Et
1265 1238 1374 1275 quare
1390 1232 1530 1275 tempus
1550 1222 1793 1274 significavit?
1809 1231 1842 1260 et
1857 1236 1966 1274 quare
1981 1221 2026 1259 ad
2040 1236 2161 1274 vespe·
2177 1238 2240 1266 Lon
2265 1239 2363 1273 iwq..-

1202 1298 1279 1323 ram
1298 1299 1338 1323 eo
1357 1284 1554 1324 venerunt?
1576 1285 1626 1322 Ut
1645 1283 1890 1322 ostenderetur
1909 1284 2012 1321 nobis
2034 1297 2161 1335 magna
2178 1283 2270 1351 Ἁᾞὶι·
2305 1283 2364 1308 ¹⁴⁰¹·

2253 1335 2274 1350 Γ.

1204 1347 1287 1384 Loti
1311 1345 1547 1399 hospitalitas.
1562 1345 1663 1384 Sicut
1683 1345 1778 1383 enim
1810 1345 2016 1398 patriarcha
2041 1345 2164 1385 sedens

1203 1417 1363 1460 tempore
1392 1407 1567 1455 meridiei,
1597 1407 1810 1445 observabat
1839 1416 2107 1459 praetereuntes,
2132 1417 2166 1446 et

1204 1469 1425 1507 venationem
1445 1482 1547 1506 suam
1568 1468 1659 1506 hanc
1678 1467 1835 1506 studiose
1855 1468 2053 1516 exercebat,
2065 1478 2099 1506 et
2110 1482 2166 1506 oc-

1206 1526 1372 1564 currebat
1385 1540 1426 1564 ac
1439 1540 1570 1577 magno
1587 1525 1718 1578 gaudio
1742 1526 1896 1566 viatores
1917 1527 2133 1579 suscipiebat
2157 1542 2164 1563 ε

1206 1588 1317 1627 simili
1332 1588 1439 1627 modo
1458 1597 1492 1627 et
1505 1589 1626 1641 justus
1643 1588 1718 1636 ille,
1742 1589 1911 1640 quoniam
1931 1589 2062 1627 sciebat
2083 1603 2166 1641 per-

1208 1649 1411 1689 versitatem
1427 1663 1550 1688 eorum
1566 1650 1629 1700 qui
1645 1650 1681 1687 in
1697 1649 1863 1688 Sodomis
1880 1649 2089 1688 habitabant
2109 1664 2168 1688 ne-

1209 1725 1277 1762 que
1298 1711 1437 1764 vesperi
1455 1710 1672 1760 discedebat,
1692 1711 1752 1749 sed
1767 1711 1944 1759 manebat,
1966 1725 2008 1748 ne
2028 1711 2168 1749 thesau-

1209 1787 1271 1810 rus
1301 1772 1432 1823 aliquis
1462 1771 1529 1824 ipsi
1557 1771 1774 1821 elaberetur,
1795 1781 1827 1810 et
1849 1781 1889 1809 ut
1916 1771 2170 1824 hospitalitatis

1211 1833 1368 1871 fructum
1396 1833 1581 1886 decerpere
1609 1843 1738 1885 posset.
1758 1835 1854 1871 Vere
1874 1833 2045 1871 admirari
2064 1835 2170 1872 vehe-

1212 1904 1346 1933 menter
1365 1894 1448 1932 licet
1460 1894 1546 1946 justi
1569 1894 1678 1946 hujus
1696 1894 1878 1943 virtutem,
1891 1894 1953 1946 qui
1972 1909 2119 1933 versans
2133 1895 2170 1934 in

1211 1955 1328 1994 medio
1349 1964 1421 1993 tam
1441 1955 1635 2008 impiorum
1655 1956 1854 2005 hominum,
1875 1971 1943 1994 non
1960 1957 2077 1995 solnm
2098 1971 2169 1995 non

1211 2017 1295 2055 inde
1310 2016 1544 2069 negligentior
1559 2026 1611 2055 est
1626 2018 1752 2067 faetus,
1772 2017 1833 2056 sed
1853 2027 1885 2056 et
1904 2019 2077 2070 majorem
2096 2019 2170 2056 vir-

1211 2088 1324 2117 tutem
1344 2093 1415 2130 prae
1430 2092 1464 2116 se
1479 2077 1562 2116 tulit
1580 2094 1587 2114 :
1605 2092 1757 2129 cumque
1778 2088 1961 2128 omnes,ut
1977 2079 2025 2116 ita
2040 2079 2170 2127 dicam,

1214 2140 1249 2177 in
1271 2152 1428 2192 praeceps
1450 2149 1605 2188 ruerent,
1627 2140 1702 2191 ipse
1722 2138 1818 2177 solus
1838 2139 1873 2177 in
1889 2149 1985 2177 tanta
2001 2139 2173 2178 multitu-

1211 2199 1296 2238 dine
1309 2209 1443 2237 rectam
1458 2199 1658 2239 ambulavit
1677 2199 1789 2238 viam.
1803 2200 1877 2238 Ubi
1894 2214 1989 2238 nunc
2008 2210 2090 2238 sunt
2109 2201 2172 2252 qui

1212 2261 1349 2310 dicunt,
1365 2275 1437 2299 non
1463 2275 1567 2313 posse
1594 2261 1800 2314 quempiam
1826 2261 1862 2299 in
1888 2261 2005 2300 media
2030 2262 2174 2301 civitate

1212 2331 1412 2362 versantem
1419 2322 1587 2361 virtutem
1597 2337 1753 2362 servare:
1765 2322 1827 2362 sed
1836 2338 1926 2376 opus
1933 2338 2007 2361 csse
2022 2338 2173 2373 secessu,

1213 2392 1247 2422 et
1261 2393 1427 2423 montana
1442 2383 1597 2436 quadam
1612 2384 1831 2423 habitatione
1843 2400 1850 2421 :
1861 2399 1923 2423 nec
1935 2399 2038 2437 posse
2051 2385 2174 2423 domui

1214 2460 1286 2485 suae
1297 2446 1560 2499 praefectum,et
1573 2460 1723 2483 uxorem
1738 2446 1940 2494 habentem,
1950 2455 1983 2484 et
2000 2446 2096 2484 filios
2114 2461 2173 2484 cu-

118 2522 230 2558 σῶσαι
250 2518 312 2566 τὴν
335 2518 478 2570 ἀρετὴν,
496 2520 573 2557 ἀλλ’
592 2519 848 2572 ἀναγωρήσεως
868 2520 931 2565 δεῖ,
952 2519 1012 2558 καὶ
1034 2518 1097 2567 τὴς
1111 2520 1146 2556 ἐν
1170 2523 1195 2554 Ε
1216 2515 1354 2545 rantem
1367 2521 1409 2545 ac
1429 2507 1596 2555 famuIOS,
1614 2507 1744 2545 virtute
1764 2506 1956 2559 praeditum
1977 2508 2077 2545 esse?
2100 2507 2171 2546 Vi-

119 2587 190 2623 τοῖς
205 2580 300 2632 ὄρεσι
320 2580 519 2632 διατριὸἧς,
538 2580 598 2618 καὶ
617 2583 655 2619 οὐ
673 2581 817 2620 δυνατὸν
836 2580 895 2619 τὸν
918 2581 1028 2625 οἰκίας
1055 2596 1148 2634 προ-

120 2644 276 2688 εστῶτα,
296 2641 355 2679 καὶ
374 2647 521 2693 γυναῖκα
535 2641 660 2693 ἔχοντα
675 2672 684 2689 ,
712 2641 771 2680 καὶ
799 2642 933 2680 παίδων
958 2643 1147 2693 ἐπιμελού-

122 2718 222 2753 μενον
241 2702 300 2740 καὶ
317 2705 474 2747 οἰκετῶν,
497 2703 657 2755 ἐνάρετον
679 2697 765 2741 εἶναι
781 2720 790 2752 ;
809 2703 1018 2755 (Οράτωσαν
1034 2704 1148 2743 τοίνυν

120 2762 177 2801 τὸν
203 2763 334 2802 δίκαιον
354 2767 475 2801 τοῦτον
497 2764 586 2814 μετὰ
605 2764 765 2816 γυναικὸς
781 2764 841 2802 καὶ
855 2764 1004 2804 παιδίων
1020 2765 1080 2804 καὶ
1094 2767 1148 2805 οἷ-

122 2827 243 2872 κετῶν,
257 2823 317 2861 καὶ
336 2825 370 2861 ἐν
390 2823 489 2862 πόλει
527 2824 689 2877 διάγοντα
701 2855 710 2872 ,
729 2825 788 2864 καὶ
822 2825 951 2877 μεταξὺ
974 2827 1148 2866 τοσούτων

122 2886 282 2936 πονηρῶν
308 2883 367 2922 καὶ
386 2884 598 2937 παρανόμων
619 2886 840 2939 διατρίὸοντα
855 2917 865 2935 ,
896 2886 955 2925 καὶ
991 2888 1148 2940 καθάπερ

124 2945 296 2998 σπινθῆροί
311 2961 389 2982 τινα
408 2947 443 2983 ἐν
463 2945 560 2998 μέσῳ
579 2947 724 3000 πελάγει
744 2948 989 3000 διαλάμποντα
1003 2979 1012 2997 ,
1038 2950 1097 2988 καὶ
1111 2952 1149 2988 οὐ

126 3006 227 3057 μόνον
247 3008 284 3044 οὐ
305 3006 548 3057 σὸεννύμενον,
568 3007 658 3046 ἀλλὰ
678 3009 736 3047 καὶ
763 3011 1006 3065 λαμπρότερον
1024 3012 1062 3050 τὸ
1079 3014 1151 3064 φῶς

126 3067 338 3105 δεικνύοντα.
362 3068 431 3105 Καὶ
446 3070 557 3105 ταῦτα
580 3068 673 3119 λέγω
684 3098 694 3115 ,
711 3071 748 3107 οὐ
766 3071 910 3110 κωλύων
928 3072 991 3120 τὴν
1009 3071 1148 3125 ἀναχώ-

1216 2567 1322 2606 deant
1341 2582 1424 2620 ergo
1436 2568 1575 2620 justum
1592 2567 1697 2605 illum
1714 2582 1795 2605 cum
1814 2568 1976 2616 muliere,
1988 2568 2120 2620 pueris,
2140 2577 2172 2606 et

1215 2629 1375 2678 famulis,
1397 2630 1432 2667 in
1454 2629 1597 2667 civitate
1629 2629 1826 2680 degentem,
1847 2639 1952 2680 atque
1978 2629 2068 2667 inter
2102 2638 2173 2667 tam

1218 2691 1330 2729 malos
1341 2705 1381 2728 ac
1394 2691 1523 2742 impios
1537 2699 1802 2728 conversantem
1818 2699 1850 2728 et
1863 2691 1964 2741 quasi
1980 2690 2175 2728 scintillam

1217 2752 1408 2805 quamdam
1425 2751 1459 2789 in
1472 2750 1590 2789 medio
1601 2751 1690 2788 mari
1702 2751 1889 2800 lucentem,
1899 2765 1960 2789 nec
1974 2751 2090 2789 solnm
2104 2766 2173 2790 non

1218 2812 1478 2865 exstingui‚sed
1490 2812 1651 2864 quotidie
1670 2812 1788 2849 lucem
1809 2812 1994 2850 clariorem
2004 2813 2172 2852 emittere.

1219 2876 1266 2914 Et
1282 2876 1357 2914 lucc
1369 2875 1451 2912 dico
1467 2888 1534 2912 non
1551 2873 1746 2926 prohibens
1760 2887 1936 2912 secessum
1953 2875 1999 2912 ab
2012 2875 2175 2930 urbibus,

1220 2951 1334 2988 neque
1350 2935 1521 2974 interdico
1536 2934 1713 2972 montium
1730 2943 1762 2972 et
1782 2934 2016 2973 solitudinum
2032 2950 2177 2974 conver-

1221 2999 1392 3037 sationem
1412 3013 1421 3045 ;
1441 2996 1502 3035 sed
1521 2995 1665 3034 ostendo
1680 2995 1813 3033 volenti
1832 2996 1949 3035 sobrie
1961 3011 2064 3049 agere
2078 3006 2109 3035 et
2124 2998 2178 3035 vi-

1223 3061 1347 3115 gilare,
1368 3059 1459 3097 nihil
1483 3057 1565 3095 inde
1584 3056 1756 3094 obstaculi
1777 3057 1971 3096 esse.Sicut
1992 3058 2103 3110 igitur
2120 3073 2178 3096 ne—

128 3143 227 3180 ρησιν
241 3128 304 3175 τὴν
324 3128 393 3167 ἀπὸ
412 3131 480 3166 τῶν
496 3128 645 3177 πόλεων,
667 3130 726 3168 καὶ
746 3130 810 3178 τὴν
832 3134 868 3170 ἐν
883 3139 953 3177 τοῖς
978 3134 1074 3185 ὄρεσι
1091 3133 1151 3172 καὶ
1165 3158 1212 3185 436
1225 3121 1373 3174 gligenti
1389 3134 1429 3158 ae
1445 3119 1573 3171 supino
1590 3117 1680 3155 nihil
1701 3117 1843 3169 prodest
1861 3118 2015 3157 solitudo
2037 3135 2045 3155 :
2070 3134 2180 3170 neque

127 3194 201 3232 ταῖς
218 3190 376 3241 ἐρημίαις
391 3190 571 3243 διατρῑςὴν
583 3192 820 3244 ἀπαγορεύων,
841 3195 932 3233 ἀλλὰ
951 3194 1084 3240 δεικνὺς
1098 3195 1152 3234 ὅτι
1176 3197 1202 3226 Α
1224 3183 1317 3221 enim
1337 3183 1434 3220 locus
1460 3194 1522 3218 nos
1550 3179 1682 3216 virtute
1701 3179 1784 3216 facit
1802 3179 1982 3231 praeditos,
1999 3179 2059 3217 sed
2082 3195 2180 3218 mens

127 3253 176 3301 τῷ
198 3251 396 3303 βουλομένῳ
422 3252 542 3304 νήφειν
561 3253 619 3291 καὶ
650 3255 877 3307 ἐγρηγορέναι
903 3257 1000 3295 οὐδὲν
1019 3257 1150 3296 τούτων

128 3311 275 3362 κιίιλυμα
294 3313 437 3363 γίνεται.
465 3314 625 3369 ’“Ώσπερ
643 3303 702 3353 οἶν
718 3316 775 3354 τὸν
797 3316 948 3370 ῥᾴθυμον
977 3320 1037 3358 καὶ
1064 3322 1151 3358 ἀνα-

129 3374 338 3411 πεπτωκότα
360 3374 436 3412 οὐδὲ
455 3378 477 3421 ἡ
498 3375 626 3426 ἔρημος
644 3377 826 3429 ὠφελῆσαί
843 3395 876 3416 τι
894 3379 1054 3419 δύναται·
1073 3382 1150 3420 οὐδὲ

174 3488 186 3502 ³
211 3478 310 3512 Saxil.
329 3487 362 3513 et
375 3481 519 3525 quinque
536 3482 611 3516 Mss.
628 3487 726 3529 ὥσπερ
744 3490 812 3530 γάρ.

1224 3253 1257 3283 et
1277 3257 1390 3281 mores
1404 3258 1411 3278 :
1425 3242 1472 3279 ita
1491 3249 1523 3278 et
1541 3239 1698 3292 prudens
1712 3248 1818 3291 atque
1835 3240 1922 3292 vigil
1943 3255 2011 3278 non
2032 3240 2178 3278 offendi-

1224 3321 1294 3361 tur,
1315 3311 1420 3349 etiam
1452 3309 1486 3346 in
1520 3307 1637 3345 media
1669 3307 1812 3346 civitate
1841 3307 1982 3359 degens.
2004 3307 2178 3354 Quocirca

1224 3378 1366 3427 vellem,
1384 3376 1474 3415 sicut
1488 3375 1632 3414 beatum
1648 3374 1768 3424 illum,
1780 3375 1911 3415 virtute
1927 3384 2129 3427 praestantes
2145 3376 2178 3412 in
