2516 3791
53 418 173 445 moralis
193 428 245 445 ex-

57 458 196 487 hor-tatic».

263 187 359 234 506
686 204 724 233 s.

259 286 322 335 sis,
344 285 491 324 immoto
511 285 666 338 perstitit
683 286 820 335 animo,
842 283 935 322 unde
961 281 1082 320 statim
1100 288 1132 316 et
1153 291 1210 316 su-

258 360 406 399 pernam
421 346 695 385 consolationem
714 347 873 398 accipere
891 342 1031 381 meruit.

312 410 350 446 7.
370 410 506 447 Verum
529 422 572 446 ne
587 420 782 446 sermonem
802 404 1040 457 producamus
1054 398 1208 450 longius,

258 468 318 507 hic
338 469 369 506 ei
390 469 498 506 finem
527 469 776 520 imponamus3
805 464 897 501 illud
925 476 1037 499 unum
1070 468 1210 497 orantes

260 529 440 567 caritatem
455 538 621 574 vestram,
642 535 680 562 ut
699 533 853 562 mentem
871 521 959 574 justi
977 521 1076 558 illius
1093 519 1210 556 imite—

257 590 359 628 mini.
379 589 522 627 Etenim
553 584 852 624 absurdissimum
878 591 980 631 esset,
1000 581 1029 619 si
1055 594 1136 619 cum
1151 581 1211 632 ju-

259 659 332 688 stus
348 650 420 694 ille,
438 648 482 684 de
498 656 589 684 terra
610 646 645 683 in
663 655 794 683 terram
808 652 970 689 vocatus,
988 650 1122 680 tantam
1137 654 1208 693 prae

257 725 293 747 se
312 709 431 746 tulerit
451 707 701 754 obedientiam,
723 715 757 743 et
773 719 886 756 neque
907 712 1077 749 senectus,
1096 715 1210 752 neque

256 771 325 808 alia
356 784 434 820 quae
461 768 749 806 enumeravimus
782 766 1074 819 praepedimenta,
1097 777 1210 814 neque

257 840 458 883 temporum
485 829 695 877 difficultas,
716 842 830 879 neque
851 827 924 865 ulla
945 826 1029 875 alia,
1052 839 1130 876 quae
1148 838 1207 862 rc—

257 891 388 929 morari
405 891 525 943 ipsum
540 904 640 942 posse
654 888 881 936 videbantur,
904 887 952 924 ad
970 884 1210 924 obediendum

258 952 451 990 tardiorem
484 965 566 988 eum
599 951 713 987 faeere
740 948 940 1000 potuerint;
959 946 1020 984 sed
1045 945 1210 983 omnibus

258 1013 412 1051 vinculis
431 1012 557 1064 ruptis,
572 1009 766 1048 cucurrerit
792 1017 825 1046 et
843 1005 1063 1045 festinaverit
1091 1019 1211 1053 senex,

258 1074 360 1124 quasi
376 1073 518 1125 juvenis
545 1071 709 1109 resumtis
741 1069 881 1108 viribus
897 1098 906 1115 ‚
928 1082 1009 1105 cum
1029 1080 1161 1115 uxore,
1179 1074 1212 1103 et

258 1134 378 1171 fratris
394 1134 485 1183 filio,
505 1142 538 1170 et
557 1131 713 1179 famulis,
734 1140 773 1168 ut
793 1129 979 1182 perficiens
995 1142 1100 1180 opere
1116 1125 1213 1177 quod

260 1195 329 1233 sibi
346 1210 366 1233 a
383 1197 458 1232 Deo
476 1193 731 1232 demandatum
747 1200 823 1229 erat
837 1207 844 1227 :
858 1205 921 1228 nos
937 1198 1052 1227 autem
1068 1188 1130 1239 qui
1143 1201 1212 1225 non

260 1256 306 1294 de
323 1266 416 1294 terra
436 1256 471 1293 in
491 1264 621 1292 terram
640 1267 824 1299 vocamur,
840 1251 903 1290 sed
921 1250 966 1288 de
981 1259 1074 1288 terra
1091 1250 1125 1286 iu
1146 1262 1212 1286 cae-

261 1318 351 1361 lum,
372 1330 441 1354 non
460 1315 620 1354 eamdem
650 1328 758 1365 quam
779 1313 839 1350 ille
854 1313 972 1364 justus
993 1309 1214 1347 alacritatem

262 1377 459 1416 obediendo
479 1377 712 1415 exhibeamus
726 1405 736 1424 ,
753 1374 816 1412 sed
834 1372 982 1424 frigidas
1004 1371 1213 1423 plerumque

262 1449 296 1477 et
328 1438 470 1476 inutiles
499 1446 738 1490 praetexamus
767 1449 889 1474 causas
905 1449 916 1484 3
946 1442 980 1471 et
1010 1446 1122 1483 neque
1150 1445 1213 1469 nos

261 1500 519 1553 promissorum
548 1497 782 1550 magnitudo,
803 1510 914 1547 neque
936 1494 1135 1533 visibilium
1155 1507 1213 1530 rc-

264 1576 346 1599 rum
364 1561 499 1610 vilitas,
516 1573 628 1610 neque
645 1558 742 1609 quod
762 1567 906 1595 terrenae
922 1556 993 1593 illae
1011 1555 1080 1593 sint
1097 1563 1129 1592 et
1141 1567 1215 1591 mo-

265 1632 469 1670 mentaneae,
480 1635 592 1671 neque
604 1620 762 1658 vocantis
775 1618 931 1670 dignitas
945 1617 1030 1655 adeo
1043 1615 1214 1653 attrabat:

266 1684 328 1721 sed
346 1684 432 1721 adeo
447 1683 558 1720 simus
577 1682 813 1732 negligentes,
834 1688 872 1716 ut
892 1679 1122 1731 praeferamus
1139 1690 1215 1714 mo-

265 1754 449 1781 mentanea
478 1757 615 1795 semper
643 1741 888 1787 manentibus,
906 1749 1035 1777 terram
1055 1738 1153 1786 caelo,
1176 1752 1212 1775 ea

266 1819 343 1855 quae
362 1804 503 1842 avolant
521 1813 707 1853 autequam
726 1802 937 1848 habeantur,
954 1800 996 1837 iis
1016 1814 1094 1850 quae
1110 1813 1215 1837 num-

266 1880 373 1916 quam
394 1866 501 1903 finem
523 1864 684 1916 accipere
702 1871 859 1916 possunt.
890 1862 1083 1912 Quousque
1104 1861 1213 1910 euim,

264 1926 335 1974 die,
353 1940 485 1976 quaeso,
504 1926 552 1963 ita
572 1924 788 1962 insaniemus
806 1923 842 1960 in
870 1922 1081 1975 colligendis
1111 1936 1216 1974 pecu-

266 1986 362 2025 niis?
379 2000 458 2036 quae
487 1984 603 2022 rabies
636 1983 729 2035 cogit
761 1981 920 2034 quotidie
937 1996 957 2019 a
977 1990 1049 2018 tam
1069 1980 1217 2018 molesta

266 2046 549 2099 concupiscentia
564 2044 734 2092 infestari,
749 2053 782 2082 et
802 2057 997 2094 numquam
1013 2043 1146 2091 satiari,
1157 2041 1217 2079 sed

267 2108 424 2146 deterius
441 2107 570 2144 habere
588 2120 695 2157 quam
710 2105 771 2156 qui
788 2113 869 2142 sunt
888 2104 1004 2141 ebrii?
1019 2105 1111 2141 Nam
1126 2104 1219 2140 sicut

269 2168 324 2205 illi
341 2176 472 2218 quanto
493 2166 606 2217 magis
625 2179 720 2203 mero
739 2179 774 2203 se
787 2164 1008 2211 distendunt,
1027 2172 1125 2201 tauto
1144 2177 1218 2200 ma-

271 2228 324 2279 gis
353 2229 505 2279 flagrant
530 2227 610 2274 siti,
629 2235 664 2263 et
683 2225 862 2263 caminum
892 2223 1110 2261 succendunt
1140 2237 1220 2274 gra-

271 2289 428 2326 viorem:
447 2288 495 2325 ita
515 2287 687 2325 nimirum
713 2294 745 2323 et
766 2285 823 2322 isti
852 2284 914 2335 qui
933 2299 1006 2322 sese
1033 2283 1219 2336 tyrannidi

271 2349 429 2389 avaritiae
449 2347 698 2401 subjecerunt,
718 2346 859 2383 nullum
889 2344 1159 2396 concupiscendi
1177 2345 1220 2381 fi-

272 2424 352 2448 nem
372 2410 507 2447 faciunt
526 2425 534 2445 :
553 2408 612 2446 scd
642 2416 774 2458 quanto
807 2406 909 2458 plura
937 2406 1104 2454 affluunt,
1123 2414 1220 2442 tanto

272 2471 386 2522 magis
402 2471 544 2507 flamma
557 2468 693 2516 crescit,
709 2476 742 2505 et
759 2467 920 2504 caminus
937 2466 1037 2504 ardet
1054 2465 1218 2505 validius.

271 2534 349 2570 Non
369 2531 532 2571 videmus
552 2529 648 2580 quod
667 2528 691 2565 ii
705 2528 765 2579 qui
787 2537 866 2565 ante
893 2541 956 2565 nos
981 2528 1089 2577 fuere,
1103 2541 1222 2578 quam-

272 2593 327 2631 vis
353 2591 614 2645 propemodum
647 2589 754 2627 totius
790 2588 888 2626 orbis
920 2588 1057 2625 domini
1094 2597 1220 2636 essent,

273 2654 361 2692 nudi
382 2663 414 2692 et
442 2652 590 2691 solitarii
619 2665 665 2689 ex
686 2651 751 2688 hae
778 2650 851 2688 vita
883 2649 1019 2701 abrepti
1040 2658 1134 2696 sunt,
1156 2649 1223 2686 hoc

273 2716 388 2753 solum
414 2714 496 2753 inde
523 2711 730 2762 consequuti
756 2710 854 2762 quod
884 2710 1034 2748 rationes
1058 2719 1091 2747 et
1110 2724 1222 2762 poenae

274 2791 339 2828 pro
361 2775 525 2813 omnibus
541 2773 618 2811 illic
636 2773 682 2810 ab
697 2771 747 2809 eis
766 2770 952 2823 exigendae
969 2770 1066 2808 sint.⁰
1082 2770 1128 2808 Et
1147 2771 1224 2821 qui-

275 2837 358 2874 dem
377 2849 615 2888 saepenumero
634 2832 767 2872 diversi
791 2832 973 2870 facultates
991 2846 1113 2869 eorum
1135 2832 1225 2870 inter

277 2913 313 2936 se
331 2897 762 2948 distribuerunt:peccata
786 2904 903 2932 autem
931 2908 976 2932 ex
998 2893 1070 2931 illis
1091 2903 1224 2932 contra-

277 2970 332 2998 cta
352 2959 425 3010 ipse
444 2958 558 2995 solum
578 2971 695 2995 seeum
715 2957 888 3004 auferens,
911 2954 1085 3004 abscedit,
1103 2964 1136 2992 et
1160 2969 1225 3007 pro

277 3020 321 3058 iis
334 3033 470 3070 magna:
486 3017 742 3069 indignationis
758 3016 935 3068 supplicia
948 3015 1135 3065 sustinens,
1145 3030 1226 3053 con-

278 3081 447 3119 solatione
466 3079 619 3129 undiquc
638 3078 856 3116 destituitur.
870 3078 990 3124 Quare
1010 3077 1134 3129 igitur,
1150 3077 1223 3125 dic,

321 3197 334 3211 ὃ
350 3189 590 3232 Προέαὶὶῶμεθα
606 3184 843 3226 anonym-sic
859 3182 993 3225 quidam
1010 3183 1088 3215 Mss.

1228 1464 1275 1488 315

1240 1501 1265 1530 A
1287 1490 1432 1541 μέγεθος
1447 1493 1515 1526 τῶν
1532 1491 1764 1540 ἐπαγγελιῶν,
1784 1489 1860 1527 οὔτε
1875 1489 1914 1526 τὸ
1936 1487 2069 1531 εὐτελὲς
2088 1491 2155 1526 τῶν
2174 1488 2314 1539 ὁρωμέ-

1287 1746 1356 1767 των
1376 1730 1420 1768 τὰ
1436 1731 1657 1783 πρόσκαιρα,
1674 1733 1733 1769 καὶ
1749 1731 1812 1778 τὴν
1829 1736 1893 1784 γῆν
1910 1737 1969 1770 τοῦ
1989 1733 2131 1784 οὐρανοῦ
2144 1761 2153 1778 ,

762 202 948 234 JOANMS
983 196 1222 229 CHRYSOST.
1264 195 1471 224 ARCfflEP.
1510 195 1867 225 CONSTANTINOP-

1283 277 1366 326 ἔσχε
1388 275 1444 313 τὸν
1460 276 1626 327 λογισμόν
1642 293 1650 300 ·
1666 278 1710 315 δι’
1730 277 1748 316 ὃ
1767 277 1826 315 καὶ
1845 276 1980 329 ταχέως
1997 275 2128 324 ἠξιώθη
2145 278 2207 324 τῆς
2223 277 2310 315 ἅνω-

1284 339 1340 373 θεν
1359 336 1595 388 παραμυθίας.

1334 395 1426 433 Ἀλλ’
1445 395 1502 433 ἵνα
1530 396 1578 446 μὴ
1597 399 1645 441 εἰς
1664 396 1752 436 πολὺ
1775 401 1885 448 μῆκος
1901 396 2106 448 ἕκτείνωμεν
2122 399 2187 444 τὴν
2208 398 2309 435 διδα-

1281 456 1442 505 σκαλίαν,
1463 459 1608 495 ἐνταῦθα
1633 459 1823 505 στήσαντες
1842 458 2124 509 καταπαύσωμεν
2154 458 2213 496 τὸν
2245 459 2310 496 λό-

1281 533 1353 569 γον,
1373 519 1483 556 ἐκεῖνο
1513 519 1825 571 παρακαλέσαντες
1855 521 1952 568 ὑμῶν
1972 519 2035 565 τὴν
2057 519 2212 570 ἀγάπην,
2245 535 2310 570 μι-

1283 579 1463 629 μήσασθαι
1480 584 1541 617 τοῦ
1566 580 1701 618 δικαίου
1727 579 1932 626 τούτουτὴν
1959 579 2117 630 γνώμην.
2150 581 2219 617 Καὶ
2242 580 2310 633 γὰρ

1283 639 1323 677 ἂν
1342 640 1396 687 εἴη
1417 644 1484 678 τῶν
1505 640 1757 687 ἀτοπωτάτων,
1780 642 1811 677 εἷ
1827 644 1844 679 ὃ
1863 639 1924 690 μὲν
1948 634 2080 682 δίκαιος
2098 633 2196 682 οὗτος
2208 669 2217 687 ,
2240 641 2310 678 ἀπὸ

1281 704 1346 752 γῆς
1382 703 1429 744 εἷς
1460 701 1535 752 γ’ῆν
1556 702 1789 752 καλούμενος,
1810 701 1984 746 τοσαύτην
2016 700 2215 744 ἐπεδείξατο
2246 700 2308 748 τὴν

1281 761 1450 809 ὑπακοὴν,
1485 762 1545 799 καὶ
1575 761 1652 799 οὔτε
1673 761 1712 799 τὸ
1743 763 1878 813 γῆρας,
1904 760 1982 798 οὔτε
2002 759 2047 798 τὰ
2076 760 2191 808 ἄλλα,
2220 761 2309 812 ἅπερ

1283 822 1607 873 ἀπηριθμησάμεθα
1622 852 1632 870 ,
1664 823 1878 872 κωλύματα,
1909 821 1987 858 οὔτε
2019 823 2041 867 ἧ
2072 824 2140 858 τῶν
2173 823 2306 872 καιρῶν

1234 890 1258 920 Ε
1282 882 1467 930 δυσκολία,
1487 882 1566 920 οὔτε
1592 883 1678 922 ἄλλο
1707 899 1740 920 τι
1762 886 1829 921 τῶν
1851 885 2008 933 ἐπισχεῖν
2032 882 2132 920 αὐτὸν
2147 881 2310 931 ’δυναμέ-

1283 958 1349 980 νων
1382 943 1525 995 ἴσχυσεν,
1556 943 1782 997 ὀκνηρότερον
1817 943 1919 982 αὐτὸν
1952 943 2032 995 περὶ
2059 943 2122 989 τὴν
2150 942 2308 989 ὑπακοὴν

1282 1008 1526 1052 καταστῆσαι,
1543 1005 1634 1043 ἀλλὰ
1647 1005 1763 1043 πάντα
1777 1004 1962 1057 διαρρήξας
1979 1003 2022 1041 τὰ
2043 1004 2154 1055 ’δεσμὰ
2171 1004 2290 1057 ἔτρεχε
2302 1036 2312 1053 ,

1284 1064 1343 1102 καὶ
1362 1064 1527 1115 ἠπείγετο
1547 1067 1565 1101 ὁ
1586 1064 1708 1117 γε’ρων,
1738 1065 1898 1116 καθάπερ
1919 1064 1992 1107 νέος
2023 1068 2193 1115 σφριγῶν,
2220 1065 2310 1115 μετὰ

1285 1128 1346 1171 τῆς
1368 1126 1551 1176 γυναικὸς,
1572 1126 1632 1163 καὶ
1654 1128 1713 1163 τοῦ
1748 1125 1951 1176 ἀδελφιδοῦ,
1979 1124 2038 1161 καὶ
2067 1127 2136 1162 τῶν
2158 1127 2314 1170 οἰκετῶν,

1285 1188 1332 1229 εἷς
1351 1185 1449 1237 ἔργον
1472 1189 1614 1237 ἀγαγεῖν
1635 1186 1674 1224 τὸ
1690 1185 1788 1238 παρὰ
1805 1190 1864 1224 τοῦ
1880 1187 1971 1223 Θεοῦ
1989 1184 2178 1236 ἐπιταχθέν
2190 1201 2197 1207 ·
2212 1189 2314 1236 ἡμεῖς

1286 1245 1321 1285 δὲ
1340 1249 1400 1285 οὐκ
1420 1246 1489 1284 ἀπὸ
1508 1250 1571 1298 γῆς
1589 1249 1637 1290 εἷς
1652 1250 1718 1298 γῆν
1738 1245 1968 1297 καλούμενοι,
1989 1246 2066 1282 ἀλλ’
2098 1246 2168 1284 ἀπὸ
2187 1249 2249 1297 γ’ἧς
2266 1248 2315 1289 εἷς

1285 1308 1344 1345 τὸν
1365 1308 1522 1359 οὐρανὸν,
1555 1307 1633 1345 οὐδὲ
1662 1307 1725 1354 τὴν
1747 1306 1853 1353 αὐτὴν
1882 1309 1932 1359 τῷ
1966 1305 2091 1359 δικαίῳ
2118 1307 2314 1358 προθυμίαν

1287 1367 1367 1420 περὶ
1382 1367 1442 1414 τὴν
1464 1368 1620 1414 ὑπακοὴν
1641 1367 1881 1417 ἐπιδειξόμεθα
1893 1397 1902 1415 ,
1921 1365 2011 1404 ἀλλὰ
2028 1368 2164 1418 ψυχρὰς
2182 1367 2314 1405 πολλά-

1287 1444 1340 1471 κις
1355 1428 1413 1466 καὶ
1431 1429 1616 1475 ἀνονήτους
1629 1428 1926 1480 ἔ’προὸαλλόμεθα
1949 1427 2080 1474 αἷτίας,
2096 1427 2155 1465 καὶ
2177 1427 2255 1465 οὔτε
2276 1428 2316 1465 τὸ

1285 1566 1365 1598 νων,
1390 1550 1442 1588 ὅτι
1469 1550 1572 1602 γήϊνα
1599 1550 1659 1587 καὶ
1687 1550 1905 1602 πρόσκαιρα,
1926 1548 2003 1587 οὔτε
2031 1549 2070 1586 τὸ
2089 1553 2149 1587 τοῦ
2171 1550 2316 1587 καλοῦν-

1286 1624 1343 1653 τος
1368 1609 1507 1660 ἀξίωμα
1526 1610 1708 1661 ἐφέλκεται
1727 1615 1821 1661 ἡμᾶς
1836 1626 1843 1633 ·
1868 1610 1959 1648 ἀλλὰ
1988 1609 2162 1656 τοσαύτην
2184 1611 2315 1647 ἐπιδει-

1285 1669 1439 1720 κνύμεθα
1457 1670 1520 1716 τὴν
1542 1671 1726 1723 ῥᾳθυμίαν,
1756 1675 1802 1714 ὡς
1830 1677 2003 1722 προτιμᾷν
2028 1674 2097 1708 τῶν
2124 1671 2178 1708 ἀεὶ
2197 1670 2316 1721 μενόν-

2170 1728 2187 1750 ¹²
2200 1730 2260 1768 καὶ
2273 1730 2317 1768 τὰ

1289 1791 1465 1841 μηδέποτε
1481 1791 1577 1835 τέλος
1602 1792 1721 1830 λαῧεῖν
1739 1793 1915 1843 δυνάμενα
1936 1796 2004 1830 τῶν
2027 1791 2107 1843 πρὶν
2127 1790 2149 1837 ἢ
2168 1794 2318 1843 φανῆναι

1289 1852 1555 1903 ἀφιπταμένων.
1576 1853 1694 1904 Μέχρι
1715 1853 1783 1905 γὰρ
1805 1853 1910 1901 πότε,
1940 1852 2016 1891 εἶπέ
2036 1868 2117 1903 μοι,
2143 1851 2251 1895 οὕτως
2276 1851 2316 1889 ἂν

1290 1912 1495 1963 μεμήναμεν
1516 1913 1596 1965 περὶ
1620 1914 1683 1960 τὴν
1706 1916 1775 1951 τῶν
1795 1914 1991 1966 χρημάτων
2012 1913 2182 1964 συλλογήν
2200 1930 2209 1960 ;
2225 1913 2278 1956 τίς
2295 1916 2317 1958 ἡ

1288 1973 1399 2011 λύσσα
1414 1973 1454 2011 τὸ
1475 1976 1552 2011 καθ’
1572 1973 1722 2021 ἑκάστην
1740 1975 1876 2027 ἡμέραν
1896 1974 1962 2013 ὑπὸ
1981 1977 2043 2021 τῆς
2063 1976 2223 2026 χαλεπῆς
2241 1976 2320 2012 ἐπι-

1289 2033 1414 2084 θυμίας
1432 2036 1714 2088 πολιορκεῖσθαι,
1729 2036 1787 2073 καὶ
1802 2036 1977 2086 μηδέποτε
1994 2029 2096 2087 κόρον
2110 2035 2319 2085 λαμὸάνειν,

1290 2095 1381 2133 ἀλλὰ
1399 2096 1459 2133 καὶ
1492 2099 1560 2133 τῶν
1597 2097 1790 2147 μεθυόντων
1821 2097 2068 2149 χαλεπώτερον
2102 2097 2317 2140 διακεῖσθαι;

1289 2155 1459 2207 Καθάπερ
1485 2155 1552 2208 γὰρ
1585 2158 1726 2204 ἐκεῖνοι,
1761 2158 1831 2210 ὅσῳ
1865 2157 1905 2194 ἂν
1937 2157 2083 2195 πλείονα
2111 2157 2238 2194 πίνωσι
2260 2157 2318 2195 τὸν

1245 2227 1267 2256 Β
1291 2217 1454 2267 ἄκρατον,
1477 2216 1632 2269 τοσούτῳ
1653 2219 1785 2268 μᾶλλον
1806 2217 2006 2256 ἐκκαίονται
2026 2218 2111 2270 πρὸς
2142 2218 2181 2255 τὸ
2203 2217 2318 2269 δίψος,

1290 2276 1350 2314 καὶ
1367 2277 1618 2329 χαλεπωτέραν
1647 2278 1712 2325 τὴν
1731 2279 1878 2329 κάμινον
1911 2279 2124 2317 ἀνάπτουσιν
2137 2293 2145 2302 ·
2166 2277 2256 2316 οὕτω
2276 2278 2317 2324 δὴ

1288 2338 1348 2375 καὶ
1371 2341 1464 2376 οὗτοι
1486 2342 1527 2390 τῇ
1547 2340 1722 2390 τυραννίδι
1744 2343 1806 2387 τῆς
1832 2343 1901 2378 τῶν
1918 2340 2113 2392 χρημάτων
2133 2338 2320 2389 ἐπιθυμίας

1292 2399 1431 2443 ἑαυτοὺς
1442 2401 1672 2444 ,ἐκδεδωκότες
1687 2402 1849 2440 οὐδέποτε
1865 2401 2025 2440 ἵστανται
2040 2405 2102 2448 τῆς
2117 2401 2319 2451 ἐπιθυμίας·

1293 2464 1369 2500 ἀλλ’
1387 2461 1457 2514 ὅσῳ
1471 2461 1509 2499 ἂν
1531 2462 1673 2500 πλείονα
1694 2463 1993 2515 περιὸάλλιιψται,
2012 2461 2167 2515 τοσούτῳ
2185 2464 2318 2512 μᾶλλον

1292 2524 1427 2574 αἴρεται
1440 2526 1461 2569 ἡ
1480 2523 1562 2575 φλὸξ
1578 2553 1586 2569 ,
1605 2524 1664 2561 καί
1684 2524 1897 2576 σφοδροτέρα
1912 2527 1933 2570 ἡ
1951 2524 2097 2573 κάμινος
2114 2523 2319 2561 ἀνάπτεται.

1293 2586 1372 2636 Οὐχ
1390 2586 1523 2636 ὁρῶμεν
1546 2583 1623 2627 τοὺς
1642 2585 1709 2638 πρὸ
1732 2588 1847 2636 ἡμῶν,
1866 2585 1918 2623 ὅτι
1940 2585 2028 2635 μετὰ
2047 2585 2085 2622 τὸ
2102 2583 2257 2630 ἅπασαν,
2275 2586 2321 2625 ως

1294 2647 1415 2691 εἰπεῖν,
1428 2645 1489 2692 τὴν
1501 2645 1704 2696 οἰκουμένην
1715 2644 2108 2697 περιὸαλέσθαι,γυμνο“ι
2123 2644 2182 2682 καὶ
2194 2645 2322 2697 ἔρημοι

1294 2709 1445 2744 ἐντεῦθεν
1459 2707 1746 2759 ἁνηρπάσθησαν,
1759 2712 1918 2746 τοσοῦτον
1931 2706 2032 2757 μόνον
2047 2704 2322 2751 ἀπολαύσαντες,

1294 2769 1371 2808 ὅσον
1385 2769 1482 2812 δίκας
1498 2772 1567 2807 ἐκεῖ
1583 2769 1641 2806 καὶ
1651 2769 1790 2811 εὐθύνας
1807 2768 1893 2820 ὑπὲρ
1906 2767 2068 2806 ἁπάντων
2081 2769 2325 2812 ἀπαιτεῖσθαι,

1299 2831 1369 2869 Καὶ
1389 2830 1432 2868 τὰ
1453 2830 1513 2878 μὲν
1534 2833 1595 2876 τῆς
1608 2829 1725 2872 οὐσίας
1738 2830 1907 2873 πολλάκις
1921 2829 2136 2879 διενείμαντο
2149 2827 2307 2879 διάφοροι
2317 2843 2324 2850 ·

1250 2899 1274 2928 C
1300 2891 1342 2928 τὰ
1364 2890 1398 2929 δὲ
1414 2891 1500 2944 ὑπὲρ
1519 2890 1648 2929 ’τούτων
1666 2890 1906 2943 ἁμαρτήματα
1923 2889 2023 2933 αὐτὸς
2043 2888 2145 2939 μόνος
2166 2887 2326 2940 ἐπιφερό-

1301 2968 1400 3003 μενος
1420 2953 1539 2990 άπεισι
1551 2981 1560 2999 ,
1579 2951 1639 2994 τὰς
1659 2951 1746 3003 ὑπὲρ
1763 2951 1892 2990 τούτων
1909 2949 2069 2992 κολάσεις
2091 2948 2180 3000 μετὰ
2195 2950 2327 2994 πολλῆς

1300 3016 1362 3058 τῆς
1394 3012 1663 3063 ἀγανακτήσεως
1697 3012 1851 3064 ὑπέχων,
1872 3011 1932 3049 καὶ
1953 3011 2116 3061 οὐδεμίαν
2137 3008 2325 3059 οὐδαμόθεν

1300 3075 1524 3128 παραμυθίαν
1545 3079 1653 3127 εὑρεῖν
1674 3074 1871 3124 δυνάμενος.
1893 3073 1996 3115 Τίνος
2015 3066 2072 3109 οὖν
2101 3071 2228 3119 ἕνεκεν,
2252 3070 2326 3108 εἰπέ

1320 3189 1446 3226 φανῆναι
1471 3187 1661 3225 &ptumus-m
1695 3178 1848 3221 [Videtur
1875 3180 1982 3222 potius
2005 3177 2164 3210 excidisse
2189 3176 2326 3209 verbum

322 3240 340 3266 b
358 3244 412 3271 Καὶ
443 3243 481 3270 τὸ.
504 3239 655 3278 μηδέποτε
672 3239 755 3272 τέλος
771 3242 834 3268 etc.
851 3236 905 3267 sic
922 3246 1036 3266 omnes
1053 3232 1191 3266 omnino
1208 3233 1283 3266 Mss.
1323 3230 1555 3274 posthabendi.
1575 3231 1665 3264 lusra
1688 3230 1788 3263 Consi.
1809 3235 1884 3265 οὕτω
1900 3240 2090 3274 μεμήναμεν,
2109 3238 2208 3265 recte..
2224 3228 2324 3263 Saxil.

277 3299 306 3322 et
325 3290 433 3321 Ε(1ἰι·ι;
447 3290 490 3320 ita
510 3295 545 3319 ut
558 3286 732 3319 verisimile
745 3288 787 3318 sit
802 3287 846 3318 ita
861 3286 1138 3329 Clirysostomum
1153 3284 1286 3326 dixisse,
1320 3285 1352 3315 iu
1381 3291 1471 3314 textu
1494 3287 1583 3322 οὕτως
1608 3289 1643 3317 ’ἓν
1664 3293 1864 3328 ‚usurpatus-s,
1884 3284 1916 3315 iu
1944 3294 2046 3325 marg.
2073 3283 2159 3324 conj.
2179 3286 2268 3321 οὓτω,-
2295 3287 2328 3315 ἀν

279 3352 312 3375 et
334 3342 396 3374 liae
422 3338 584 3383 stupenda
602 3343 749 3382 ἐναλλαγῇ
768 3350 860 3370 usum
887 3339 1003 3380 fuisse,
1018 3338 1179 3371 debuerat
1196 3340 1282 3370 enim
1320 3337 1536 3380 11³⁸,11-·12²⁹⁷,¹¹=··²-]

281 3395 390 3427 dit-err·
402 3421 409 3434 ,
429 3397 475 3426 ναὶ
494 3403 550 3426 τῶν
565 3395 716 3434 μηῦέττοτε
734 3395 816 3428 τέως
835 3394 930 3423 >scm
947 3393 1112 3434 δυναμένων
1130 3398 1167 3425 τὰ,
1184 3395 1250 3436 πρὶν
1267 3396 1281 3429 ἡ
