2483 3791
727 258 769 287 [N
807 258 907 287 CAP.
948 257 996 287 11.

110 341 340 393 πεπλήρωτο;
367 341 514 394 Λογίζου
542 342 696 379 ἐντεῦθεν
719 341 839 380 λοιπὸν
860 339 926 388 ὅση
945 343 1004 378 τοῦ
1024 340 1132 391 ἐμφυ-

109 403 263 453 σήματος
293 402 424 442 ἐκείνου
450 405 472 449 ἡ
492 402 654 453 δύναμις,
680 401 741 440 καὶ
755 400 846 448 πόση
863 403 926 447 τῆς
941 400 1130 452 ἀσωμάτου

107 466 222 517 ψυχῆς
258 467 280 511 ἡ
315 464 438 517 σοφία,
470 464 512 511 ἣν
533 466 550 501 ὁ
576 462 759 509 Δεσπότης
790 464 877 514 αὐτῇ
909 461 1129 515 κεχάρισται,

107 526 194 569 ζῶον
212 530 366 564 τοιοῦτον
377 525 435 564 καὶ
449 524 648 575 θαυμαστὸν
666 524 724 561 καὶ
732 523 869 574 λογικὸν
886 524 925 560 ἐκ
935 522 995 560 δύο
1004 523 1128 560 οὐσιῶν

107 587 389 637 συστησάμενος,
417 585 477 624 καὶ
501 584 565 631 τὴν
590 583 777 635 ἀσώματον
798 583 916 622 οὐσίαν
935 586 997 629 τῆς
1014 584 1129 634 ψυχῆς

107 648 307 699 συμπλέξας
325 651 374 700 τῷ
395 646 548 698 σώματι,
570 646 728 697 καθάπερ
743 645 880 698 ὀργάνῳ
899 643 967 682 τινὶ
982 673 992 691 ,
1009 643 1129 694 τεχνί-

106 725 170 756 την
186 710 340 761 ἄριστον,
358 707 474 747 ςΌτοιν
495 701 552 745 οῧν
572 707 735 757 ἐννοήσῃς
749 709 808 743 τοῦ
822 703 909 748 ζώου
929 703 1048 742 τούτου
1064 702 1127 749 τὴν

108 771 280 818 τοσαύτην
311 770 434 823 σοφίαν
448 800 458 820 ,
487 769 682 814 ἐκπλήττου
715 772 774 806 τοῦ
809 765 1128 816 δημιουργήσαντος

106 831 170 877 τὴν
188 832 342 878 δύναμιν.
365 832 409 868 Εἰ
425 829 493 882 γὰρ
511 834 571 867 τοῦ
590 829 732 880 οὐρανοῦ
747 827 786 866 τὸ
799 827 925 869 κάλλος
940 825 1126 878 ὁρώμενον,

107 890 305 941 εὐγνώμονα
323 889 449 935 θεατὴν
465 892 513 932 εἰς
526 888 589 935 τὴν
605 893 665 926 τοῦ
682 887 1003 940 δημιουργήσαντος
1016 902 1129 939 παρα-

105 952 238 1002 πέμπει
267 949 463 1003 δοξολογίαν
479 966 487 974 ·
508 951 628 1002 πολλῷ
653 950 784 1000 μᾶλλον
805 948 844 986 τὸ
862 948 1001 999 λογικὸν
1026 952 1128 986 τοῦτο
1151 957 1176 987 D

106 1015 190 1057 ζῶον
208 1016 226 1051 ὁ
245 1013 422 1065 ἅνθρωπος
439 1011 624 1058 δυνήσεται
637 1010 682 1049 τὰ
707 1009 798 1049 κατὰ
819 1009 882 1056 τὴν
902 1008 1032 1048 οἰκείαν
1051 1009 1130 1048 διοί-

104 1075 234 1113 πλασιν
248 1073 554 1125 ἀναλογιζόμενος,
579 1072 637 1110 καὶ
653 1076 714 1119 τῆς
732 1075 838 1123 τιμῆς
857 1074 919 1118 τῆς
937 1086 1126 1124 παρασχε-

105 1135 221 1183 Οείσης
237 1137 330 1187 αὐτῷ
350 1134 414 1182 τὴν
434 1133 631 1186 ὖπερῧολὴν
644 1162 653 1179 ,
672 1133 732 1172 καὶ
751 1136 820 1171 τῶν
839 1133 977 1186 δωρεῶν
996 1132 1039 1171 τὰ
1060 1149 1127 1183 με-

103 1196 189 1248 γέθη
203 1226 212 1242 ,
232 1196 292 1234 καὶ
311 1196 372 1240 τὰς
392 1196 542 1247 ἀφάτους
563 1194 759 1248 εὐεργεσίας
781 1195 946 1241 διηνεκῶς
965 1197 1128 1245 ἀνυμνεῖν

104 1259 161 1297 τὸν
181 1260 454 1312 παραγαγόντα,
483 1257 541 1294 καὶ
569 1257 633 1303 τὴν
653 1255 744 1294 κατὰ
765 1256 908 1307 δύναμιν
929 1255 1126 1307 δοξολογίαν

106 1318 288 1371 ἀναφέρειν
315 1321 365 1370 τῷ
400 1318 574 1370 Δεσπότῃ.
615 1317 837 1368 Ἔὸουλόμην
871 1317 931 1355 καὶ
955 1322 1026 1360 τοῖς
1051 1317 1129 1364 ἑξῆς

105 1380 316 1424 ἐπεξελθεῖν·
345 1381 422 1418 ἀλλ’
455 1379 511 1417 ἵνα
543 1378 592 1430 μὴ
623 1381 673 1431 τῷ
697 1378 824 1425 πλήθει
841 1381 912 1416 τῶν
929 1377 1127 1430 λεγομένων

105 1440 370 1493 καταχώσωμεν
384 1440 448 1486 τὴν
466 1439 608 1491 μνήμην
626 1441 695 1477 τῶν
709 1438 777 1486 ἤδη
791 1438 1000 1491 λεχθέντων,
1021 1443 1129 1492 ἀναγ-

104 1508 202 1540 καῖον
236 1503 385 1539 ἐνταῦθα
416 1504 544 1547 στῆσαι
578 1501 637 1539 τὸν
671 1503 734 1547 τῆς
761 1500 987 1545 διδασκαλίας
1012 1501 1126 1553 λόγον.

103 1562 195 1601 Οὐδὲ
226 1561 293 1614 γὰρ
320 1566 420 1601 τοῦτο
446 1561 548 1612 μόνον
569 1562 662 1600 ἐστὶν
684 1565 767 1612 ἡμῖν
788 1562 828 1600 τὸ
847 1561 1126 1614 σπουδαζόμενον
1151 1579 1176 1610 Ε

104 1625 224 1667 ἁπλῶς
242 1624 356 1662 πολλὰ
383 1625 489 1662 εἰπεῖν
507 1639 514 1646 ·
536 1623 626 1662 ἀλλὰ
653 1622 710 1661 διὰ
725 1627 826 1662 τοῦτο
844 1623 1011 1675 λέγομεν,
1036 1624 1128 1663 ὥστε

104 1684 191 1722 αὐτὰ
211 1684 377 1730 διηνεκῶς
395 1687 485 1735 ὑμᾶς
506 1683 598 1736 ἔχειν
618 1683 848 1736 ἐμπεπηγότα
866 1690 943 1728 ταῖς
961 1684 1128 1728 διανοίαις

105 1751 181 1789 ταῖς
195 1746 396 1798 ὑμετέραις,
418 1746 474 1784 ἵνα
494 1746 543 1797 μὴ
568 1745 670 1796 μόνον
691 1745 789 1784 αὐτοὶ
807 1747 921 1792 εἰδῆτε
935 1745 980 1784 τὰ
999 1747 1034 1783 ἐν
1049 1752 1126 1789 ταῖς

102 1807 208 1851 θείαις
220 1809 375 1859 Γραφαῖς
387 1807 584 1859 ἐγκείμενοι,
601 1807 691 1845 ἀλλὰ
708 1806 767 1845 καὶ
779 1806 909 1860 ἑτέροις
923 1807 1127 1846 διδάσκαλοι

104 1868 245 1920 γίνησθε
257 1897 268 1913 ,
296 1869 479 1918 δυνάμενοι
506 1868 566 1906 καὶ
594 1869 719 1911 ἄλλους
740 1872 922 1906 νουθετεῖν.
949 1866 1127 1911 εΈκαστος

104 1930 218 1968 τοίνυν
235 1932 332 1981 ὑμῶν
344 1960 353 1976 ,
380 1931 579 1981 παρακαλῶ
597 1959 606 1977 ,
633 1930 787 1967 ἐντεῦθεν
813 1928 911 1973 ἐξιὼν
923 1959 933 1976 ,
957 1928 1048 1979 μετὰ
1066 1933 1125 1967 τοῦ

104 1993 119 2009 ⁹
132 1990 277 2035 πλησίον
301 1988 581 2038 ἀναλαμῧανέτω
597 1990 664 2025 τῶν
681 1988 871 2041 εἰρημένων
885 1987 948 2035 τὴν
969 1987 1125 2038 μνήμην,

105 2050 164 2087 καὶ
198 2049 242 2087 τὰ
268 2049 352 2101 παρ’
381 2052 504 2088 ἑαυτοῦ
522 2049 703 2101 εἰσφέρων,
723 2049 877 2101 δεχέσθω
896 2049 956 2087 καὶ
977 2048 1021 2087 τὰ
1039 2051 1124 2102 παρ’
1137 2088 1150 2112 ¹

1035 256 1198 286 GENES.

1240 255 1401 284 nomn...
1442 255 1536 284 xiv.
2069 244 2153 290 135

1203 338 1417 391 incorporeae
1441 337 1569 376 animae
1589 337 1778 390 sapientia,
1792 351 1899 388 quani
1916 340 2090 378 Dominus
2102 342 2155 379 illi

1202 397 1316 450 dedit,
1329 412 1413 437 cum
1431 397 1647 437 admirabile
1660 407 1693 436 et
1710 398 1921 437 rationabile
1938 400 2003 438 hoe
2025 402 2155 440 animal

1202 473 1248 498 ex
1263 458 1404 498 duabus
1422 459 1558 498 naturis
1576 459 1806 511 constituens,
1822 460 2063 513 incorpoream
2080 464 2157 500 aui-

1202 533 1268 558 mae
1288 521 1534 569 substantiam,
1547 534 1609 559 ceu
1624 521 1800 573 optimum
1817 522 2006 572 artificem,
2019 525 2155 576 corpori

1200 582 1302 633 quasi
1322 583 1555 621 instrumento
1579 582 1779 634 conjunxit.
1801 583 1917 634 Igitur
1935 599 2017 622 cum
2040 593 2154 623 tecum

1202 644 1374 695 cogitabis
1390 653 1524 682 tantam
1543 644 1651 696 hujus
1670 645 1834 683 animalis
1853 646 2077 698 sapientiam,
2093 648 2155 686 ad-

1201 704 1332 742 mirare
1339 705 1493 757 opificis
1508 705 1712 757 potentiam.
1724 708 1815 744 Nam
1827 706 1856 744 si
1868 707 1943 744 caeli
1954 708 2155 760 pulchritu-

1200 764 1247 802 do
1260 778 1280 802 a
1296 765 1440 803 cordato
1454 766 1745 817 spectatore-visa,
1755 767 1856 805 illum
1867 767 1913 806 ad
1927 769 2155 808 celebrandas

1201 825 1404 864 Conditoris
1427 826 1550 864 laudes
1572 826 1719 864 adducit
1734 842 1742 863 τ
1757 838 1890 878 quanto
1912 830 2026 881 magis
2048 833 2153 870 ratio-

1202 886 1281 924 nale
1299 886 1368 925 hoe
1383 886 1517 925 animal
1537 886 1658 937 homo,
1675 902 1758 925 cum
1776 902 1878 927 suam
1895 891 2154 941 formationem,

1201 947 1347 986 honoris
1365 963 1385 986 a
1406 949 1482 987 Deo
1501 948 1569 987 sibi
1590 948 1665 986 dati
1685 949 1928 1001 eminentiam,
1942 955 2156 1004 maguitudi-

1202 1022 1283 1047 nem
1301 1009 1477 1048 donorum
1496 1018 1530 1048 et
1548 1010 1743 1048 ineffabilia
1759 1010 1931 1050 beneficia
1948 1014 2156 1063 considerat,

1201 1080 1383 1110 auctorem
1400 1071 1531 1110 horum
1558 1071 1735 1110 continuis
1756 1071 1926 1112 laudibus
1946 1075 2153 1127 praedicare,

1202 1140 1236 1170 et
1252 1147 1318 1184 pro
1331 1132 1405 1171 suis
1421 1132 1559 1172 viribus
1577 1133 1728 1184 gloriam
1744 1135 1821 1172 Deo
1838 1134 1984 1174 reddere
1998 1138 2155 1189 poterit?

1202 1193 1344 1233 Vellem
1363 1203 1396 1232 et
1417 1193 1462 1232 cle
1483 1193 1712 1245 sequentibus
1733 1207 1837 1246 agere
1853 1196 1938 1234 :sed
1966 1211 2009 1235 ne
2035 1197 2157 1236 multi-
2171 1213 2288 1242 moran,
2307 1225 2358 1242 02-

1201 1253 1325 1293 tudine
1337 1269 1459 1293 eorum
1474 1270 1551 1306 quae
1564 1254 1811 1307 dicunturjam
1821 1256 1999 1295 (lictorum
2007 1259 2157 1298 obruam
2172 1255 2309 1284 ¹¹⁰‘¹··¹³⁰¹

1201 1316 1545 1369 memoriam,0pe1‘ae
1554 1316 1710 1369 pretium
1723 1317 1830 1355 fuerit
1842 1317 2012 1356 doctrinm
2025 1334 2156 1359 sermo-

1201 1390 1282 1415 nem
1301 1376 1370 1416 hoc
1391 1378 1468 1416 loco
1488 1377 1664 1416 claudere.
1684 1379 1808 1429 Neque
1832 1379 1928 1416 enim
1947 1379 2014 1419 hoc
2043 1381 2157 1419 solum

1201 1437 1305 1476 nobis
1336 1452 1429 1476 curae
1462 1448 1528 1490 est,
1561 1448 1602 1476 ut
1637 1438 1752 1477 multa
1782 1439 1944 1478 dicamus
1962 1456 1969 1477 ε
1986 1441 2047 1479 scd
2080 1442 2158 1480 ideo

1201 1499 1373 1552 dicimus,
1405 1510 1444 1538 ut
1473 1509 1645 1554 perpetuo
1675 1501 1712 1539 in
1739 1502 1869 1540 animis
1887 1503 2015 1541 vestris
2037 1504 2158 1543 delixa

1201 1561 1364 1612 servetis,
1381 1571 1492 1613 utque
1510 1576 1579 1600 non
1600 1562 1716 1600 solum
1730 1576 1794 1601 vos
1809 1562 1877 1615 ipsi
1893 1564 2011 1602 sciatis
2027 1580 2064 1604 ea
2081 1580 2158 1617 quae

1201 1622 1238 1660 in
1253 1622 1389 1662 divinis
1409 1623 1607 1676 Scripturis
1621 1623 1858 1673 eontinentur,
1877 1625 1939 1663 secl
1961 1635 1997 1664 ut
2017 1637 2050 1664 et
2071 1627 2157 1666 alio—

1200 1699 1283 1723 rum
1297 1684 1375 1723 sitis
1390 1685 1565 1734 doctores,
1577 1685 1794 1737 possitisque
1805 1695 1837 1724 et
1852 1686 1942 1725 alios
1955 1688 2155 1727 admonere.

1201 1746 1457 1797 Unusquisque
1471 1746 1582 1798 igitur
1596 1755 1768 1793 vestrum,
1780 1748 2029 1797 obsecro,hinc
2043 1764 2157 1802 egres-

1199 1820 1270 1856 sus,
1279 1820 1362 1845 cum
1376 1807 1543 1859 proximo
1557 1820 1622 1845 suo
1639 1807 1818 1845 dictorum
1833 1810 2041 1848 memoriam
2057 1812 2157 1849 refri-

1199 1875 1266 1917 cet,
1282 1875 1316 1905 et
1333 1881 1412 1918 quae
1443 1865 1518 1920 ipse
1549 1867 1697 1905 retinuit
1722 1868 1883 1917 afferens,
1899 1883 1939 1907 ea
1957 1884 2037 1921 quae
2063 1872 2156 1910 alius

1198 1927 1369 1965 memoria
1385 1936 1479 1966 tenet
1493 1927 1657 1979 accipiat.
1685 1927 1731 1966 Et
1748 1928 1795 1966 ita
1815 1929 1933 1967 omnia
1951 1931 2155 1983 colligentes

1197 1997 1301 2040 atque
1314 1989 1485 2028 memoria
1499 1999 1668 2036 tenentes,
1685 1989 1835 2028 domum
1850 1993 2042 2043 concedite,
2057 1996 2155 2047 apud

1154 2087 1185 2116 Μ
1197 2062 1262 2087 vos
1282 2050 1377 2103 ipsos
1397 2050 1618 2088 ruminantes
1650 2050 1792 2089 divinas
1822 2051 1927 2090 hasce
1951 2053 2153 2094 doctrinas:

104 2110 222 2163 ἑτέρου
237 2109 529 2161 μνημονευθέντα.
547 2109 617 2147 Καὶ
632 2109 721 2147 οὕτω
736 2109 959 2161 συλλέγοντες
973 2109 1124 2158 ἅπαντα,
1149 2125 1173 2155 Α
1198 2118 1238 2147 ut
1255 2110 1327 2148 huc
1345 2111 1443 2149 omni
1458 2125 1542 2149 eura
1562 2120 1676 2149 vestra
1696 2125 1880 2162 conversa,
1904 2124 2091 2166 menteque
2119 2117 2154 2156 in

102 2171 161 2209 καὶ
182 2171 322 2208 ἔναυλον
342 2172 455 2208 αὐτῶν
475 2169 611 2221 ἔχοντες
630 2169 693 2216 τὴν
722 2169 878 2220 μνήμην,
900 2169 1018 2208 οἴκαδε
1035 2173 1125 2208 ἀνα-

102 2238 249 2285 χωρεῖτε
263 2261 273 2277 ,
299 2232 358 2270 καὶ
387 2231 466 2269 καθ’
485 2230 624 2275 ἑαυτοὺς
645 2230 960 2284 ἀναμηρυκώμενοι
986 2231 1030 2270 τὰ
1050 2235 1126 2270 θεῖα

100 2297 210 2331 ταῦτα
241 2293 458 2344 διδάγματα·
491 2291 548 2329 ἵνα
579 2293 614 2329 ἐν
633 2291 766 2336 τούτοις
785 2292 923 2344 ἔχοντες
944 2292 1008 2340 τὴν
1029 2294 1126 2347 μέρι-

104 2370 191 2405 μναν
219 2354 379 2401 ἅπασαν,
402 2352 461 2391 καὶ
488 2354 716 2405 ἀσχολοῦντες
743 2357 839 2404 ὑμῶν
862 2353 926 2400 τὴν
958 2354 1125 2403 διάνοιαν,

103 2415 248 2462 δύνησθε
277 2418 351 2466 μετ’
375 2414 532 2458 εὐκολίας
557 2415 802 2466 περιγενέσθαι
830 2415 891 2454 καὶ
912 2419 981 2454 τῶν
1003 2419 1126 2456 παθῶν

103 2479 172 2514 τῶν
205 2476 459 2529 ἐνοχλούντων,
493 2476 552 2514 καὶ
583 2476 646 2520 τὰς
677 2480 737 2516 τοῦ
770 2477 931 2517 διαὸόλου
964 2478 1128 2531 μηχανὰς

104 2538 296 2590 διαφυγεῖν.
310 2537 421 2576 Ἔνθα
437 2537 505 2590 γὰρ
527 2537 566 2575 ἂν
587 2537 645 2589 ἴδῃ
659 2541 677 2577 ὁ
700 2537 850 2591 πονηρὸς
878 2539 1013 2591 δαίμων
1034 2543 1128 2579 ἐκεῖ-

104 2614 158 2643 νος
183 2599 298 2652 ψυχὴν
325 2599 369 2638 τὰ
393 2602 453 2636 τοῦ
479 2601 570 2638 Θεοῦ
603 2602 853 2651 μεριμνῶσαν,
879 2601 939 2639 καὶ
959 2602 1127 2649 διηνεκῶς

103 2663 219 2699 ἐκεῖνα
253 2660 537 2713 φανταζομένην,
576 2660 635 2698 καὶ
668 2666 779 2700 ταῦτα
811 2661 1126 2715 περιστρέφουσαν,

103 2722 179 2761 οὐδὲ
194 2722 423 2774 προσεγγίσαι
443 2724 571 2774 τολμᾷ,
591 2721 681 2759 ἀλλὰ
702 2721 837 2774 ταχέως
851 2725 1020 2776 ἀποπηδᾷ
1032 2753 1041 2769 ,
1057 2740 1123 2763 κα-

103 2783 213 2836 θάπερ
242 2783 338 2822 ’ἀπὸ
363 2783 470 2836 πυρός
499 2799 616 2827 τινος,
647 2782 715 2821 ὑπὸ
746 2786 809 2830 τῆς
833 2788 894 2822 τοῦ
920 2783 1126 2835 Πνεύματος

103 2844 275 2896 ἐνεργείας
298 2844 585 2897 φυγαδευόμενος.
619 2843 685 2882 Ἵν’
713 2839 771 2883 οὖν
798 2844 857 2883 καὶ
886 2845 982 2885 αὐτοὶ
1004 2845 1048 2884 τὰ
1064 2846 1126 2898 μέ-

102 2920 208 2956 γιστα
239 2905 495 2958 κερδαίνωμεν,
523 2905 682 2943 κάκείνου
701 2906 942 2958 περιγενέσθαι
967 2909 1126 2956 δυνηθῶ-

105 2981 180 3015 μεν,
202 2965 262 3003 καὶ
275 2965 337 3011 τὴν
353 2965 450 3018 παρὰ
468 2969 528 3004 τοῦ
542 2967 635 3005 Θεοῧ
657 2966 766 3019 ῥοπὴν
791 2968 957 3017 μειζόνως
973 2971 1127 3008 ἐπισπα-

103 3025 264 3076 σώμεθα,
287 3029 322 3064 ἐν
341 3025 474 3070 τούτοις
505 3028 711 3079 ἀσχολῶμεν
739 3031 840 3079 ἡμῶν
869 3029 932 3076 τὴν
960 3030 1126 3069 διάνοιαν.

103 3087 209 3126 Οὕτω
223 3087 290 3140 γὰρ
314 3090 399 3138 ἡμῖν
419 3088 478 3126 καὶ
499 3087 542 3125 τὰ
564 3090 597 3126 ἐν
617 3089 720 3142 χερσὶ
738 3090 854 3128 πάντα
873 3091 1128 3143 ἐξευμαρισθή-

105 3165 215 3197 σεται,
239 3149 299 3187 καὶ
318 3148 362 3187 τὰ
378 3148 530 3187 δύσκολα
549 3149 675 3188 εὔκολα
694 3150 900 3201 γενήσεται,
927 3151 987 3189 καὶ
1006 3151 1049 3189 τὰ
1068 3153 1129 3190 δο-

104 3212 232 3247 κοῦντα
266 3203 353 3247 εἶναι
386 3209 525 3262 λυπηρὰ
553 3210 706 3262 χρηστὸν
740 3211 890 3262 λήψεται
920 3211 1039 3260 τέλος,
1071 3213 1131 3250 καὶ

105 3269 201 3308 οὐδὲν
231 3273 324 3320 ἡμᾶς
340 3271 409 3307 τῶν
429 3270 610 3323 παρόντων
635 3272 791 3317 λυπῆσαι
812 3271 1010 3318 δυνήσεται.
1043 3272 1128 3310 Ἐὰν

151 3402 164 3416 0
180 3391 316 3424 Coislin.
336 3396 470 3434 πλησίον,
488 3397 568 3427 ἀλλὰ
585 3396 775 3436 λαμὸκνέτω.

153 3453 165 3467 ·
184 3442 287 3477 Savil.
303 3451 336 3476 et.
351 3443 487 3487 quidam
505 3444 582 3479 Mss.
602 3451 661 3480 ἀπὸ
680 3453 786 3490 πυρᾶς.
802 3444 918 3478 Morel.
938 3453 970 3477 et
987 3444 1041 3476 alii
1060 3450 1118 3479 ἀπὸ

1197 2169 1254 2207 bis
1273 2180 1456 2223 occupata,
1473 2171 1619 2224 possitis
1635 2172 1740 2210 facile
1755 2181 1788 2210 et
1809 2173 2029 2213 turbulentas
2044 2177 2155 2216 animi

1195 2231 1399 2270 affectiones
1421 2232 1576 2282 vincere,
1602 2242 1636 2270 et
1656 2233 1792 2271 diaboli
1812 2234 1963 2273 insidias
1981 2237 2150 2290 effugere.

1198 2293 1290 2331 Nam
1319 2307 1400 2331 cum
1419 2293 1536 2332 malus
1556 2294 1618 2332 ille
1643 2294 1784 2332 daemon
1805 2295 1905 2334 videt
1929 2298 2085 2337 animam
2111 2300 2155 2339 de

1196 2353 1331 2394 divinis
1348 2355 1455 2393 rebus
1473 2355 1675 2404 sollicitam,
1686 2364 1718 2393 et
1732 2366 1902 2409 perpetuo
1912 2358 1992 2397 illas
2003 2362 2156 2412 cogitan-

1197 2423 1270 2454 tem
1296 2425 1331 2454 et
1356 2426 1571 2466 versantem,
1594 2430 1638 2454 ne
1657 2417 1825 2456 accedere
1842 2419 1986 2470 quidem
2007 2423 2156 2474 propius

1197 2476 1318 2528 audet,
1337 2477 1398 2516 sed
1417 2477 1577 2516 celeriter
1597 2478 1720 2527 resilit,
1736 2493 1755 2516 a
1776 2479 1934 2531 Spiritus
1953 2484 2155 2535 operatione

1198 2538 1299 2589 quasi
1314 2553 1334 2576 a
1353 2552 1520 2577 succenso
1536 2551 1623 2590 rogo
1637 2539 1798 2578 abactus.
1814 2542 1863 2579 Ut
1881 2541 1992 2593 igitur
2003 2552 2036 2580 et
2049 2544 2153 2583 nobis

1196 2599 1397 2652 plurimum
1417 2599 1461 2637 sit
1479 2599 1582 2648 lucri,
1596 2609 1630 2637 et
1658 2599 1762 2637 illum
1788 2600 1930 2640 vincere
1953 2604 2150 2653 valeamus,

1197 2668 1231 2698 et
1249 2674 1402 2713 superne
1418 2659 1520 2698 nobis
1547 2659 1726 2712 copiosior
1745 2670 1932 2712 praestetur
1959 2665 2089 2715 gratia,
2114 2667 2149 2705 in

1196 2721 1252 2759 his
1270 2721 1431 2759 animum
1451 2729 1611 2758 nostrum
1631 2735 1870 2759 exerceamus.
1897 2725 1988 2762 Nam
2003 2725 2050 2763 ita
2065 2742 2149 2779 pro-

1196 2783 1434 2836 sperabuntur
1461 2781 1495 2819 in
1528 2781 1694 2819 manibus
1726 2783 1856 2821 nostris
1889 2786 2022 2837 omnia,
2048 2787 2156 2828 erunt

1151 2863 1171 2892 Β
1196 2844 1314 2883 facilia
1333 2857 1412 2895 quae
1431 2842 1596 2881 difficilia
1622 2851 1722 2881 erant
1738 2857 1746 2879 t
1762 2857 1840 2894 quae
1866 2846 2013 2885 molesta
2042 2849 2150 2888 vide-

1195 2907 1328 2944 bantur
1343 2919 1431 2952 esse,
1449 2904 1583 2941 bonum
1602 2903 1739 2942 exitum
1758 2905 1960 2956 sortientur,
1972 2922 2034 2947 nee
2046 2910 2151 2961 quid-

1197 2981 1305 3019 quam
1333 2965 1559 3018 praesentium
1579 2977 1641 3002 nos
1662 2964 1806 3003 tristitia
1838 2967 1979 3006 afficere
2009 2971 2149 3022 poterit.

1199 3024 1498 3077 Quandoquidem
1519 3025 1547 3062 si
1565 3024 1668 3063 nobis
1680 3038 1772 3063 curae
1786 3026 1917 3066 suerint
1931 3029 2153 3083 divina,ipse

1200 3101 1339 3140 quoque
1358 3088 1456 3124 Deus
1474 3099 1539 3137 pro
1559 3085 1662 3123 nobis
1681 3085 1855 3134 sollicitus
1875 3090 1954 3138 erit,
1971 3099 2004 3128 et
2026 3105 2153 3143 magna

1199 3148 1387 3187 securitate
1405 3161 1468 3198 per
1487 3145 1634 3197 pelagus
1655 3145 1765 3197 hujus
1786 3148 1870 3186 vitae
1890 3150 2155 3202 navigabimus,

1200 3225 1241 3247 ac
1261 3208 1456 3247 deducente
1490 3220 1552 3245 nos
1581 3219 1710 3259 magno
1732 3207 1794 3246 illo
1826 3210 2061 3261 gubernatore
2081 3214 2156 3251 Deo

1203 3271 1294 3323 ipso,
1324 3268 1370 3307 ad
1395 3268 1493 3306 illius
1514 3267 1707 3306 clementiae
1735 3278 1876 3321 portum
1910 3273 2153 3324 appellemus:

1153 3401 1250 3437 πυρός.
