2516 3791
346 137 439 198 890

343 234 468 272 morbo
494 234 676 287 impleant.
701 235 785 274 Ideo
809 236 1041 288 cupiebamus
1060 235 1144 273 istos
1165 249 1287 286 nosse;

341 295 404 333 sed
421 296 586 347 quamvis
606 311 664 336 eos
683 297 843 349 corporis
862 295 975 334 oculis
992 294 1199 346 dignoscere
1218 309 1290 333 non

341 356 544 405 valeamus,
562 359 715 397 verbum
734 367 849 396 tamen
871 370 929 395 eos
948 370 1093 408 prorsus
1111 365 1289 408 agnoscet,

341 427 570 470 correptaque
582 419 730 457 illorum
743 417 954 456 conscientia
964 447 974 465 ,
987 416 1090 454 facile
1100 416 1291 469 persuade-

340 478 413 528 bit,
436 489 476 517 ut
499 494 563 518 sua
583 489 707 532 sponte
733 480 959 530 volentesque
985 487 1133 528 exeant,
1159 477 1289 517 doeens

267 568 289 590 ,
338 538 444 577 illum
473 540 588 578 solum
615 554 689 578 esse
710 541 818 589 intus,
841 540 903 590 qui
927 548 1078 577 mentem
1100 539 1167 577 hac
1184 553 1288 578 exer-

338 600 503 639 citatione
516 601 663 654 dignam
677 601 806 639 habeat
826 615 834 636 ε
852 600 964 639 veluti
977 609 1116 648 contra,
1133 599 1195 651 qui
1209 614 1286 638 cor-

336 671 440 714 rupte
456 662 582 701 vivens
602 677 710 701 sacrae
734 663 842 714 hujus
866 661 1148 714 congregationis
1174 661 1286 714 parti-

336 735 417 775 ceps
433 732 497 774 est,
519 724 657 762 etiamsi
676 737 822 776 corpore
841 723 901 760 hic
918 722 1115 772 adstiterit,
1135 722 1287 774 rejectus

336 793 406 832 est,
426 784 616 836 veriusque
635 785 833 834 submotus,
853 798 963 835 quam
981 783 1008 821 ii
1028 783 1090 834 qui
1108 783 1202 821 foras
1221 796 1287 821 ex-

335 846 424 884 clusi
445 856 540 898 sunt,
560 847 691 898 quibus
719 847 880 886 nondum
908 847 990 886 lieet
1017 859 1124 885 sacrae
1155 860 1285 884 mensae

175 915 324 965 Poeniiep-
334 908 524 961 participes
542 923 626 947 esse.
651 909 837 960 Siquidem
851 909 907 946 illi
923 908 1120 947 secundum
1139 906 1285 946 divinas

131 961 174 984 ¹²³
187 956 321 986 E⁰⁰¹“⁵¹ae
333 968 427 1020 leges
441 971 582 1023 expulsi
597 971 751 1022 forisque
765 979 962 1019 manentes,
981 969 1153 1006 hactenus
1169 968 1206 1006 in
1221 982 1284 1020 spe

129 999 218 1035 septis

129 1038 213 1067 clusi.

272 1010 307 1029 ex
331 1030 424 1069 bona
440 1041 522 1069 sunt
542 1048 549 1068 :
570 1047 654 1070 nam
664 1032 691 1070 si
705 1031 813 1070 modo
833 1031 942 1071 velint
958 1030 1135 1082 corrigere
1150 1029 1281 1068 delicta

330 1105 406 1141 sua,
420 1092 466 1130 ol)
484 1107 563 1144 quae
580 1107 643 1145 per
662 1092 858 1130 Ecclesiam
880 1101 962 1130 sunt
979 1091 1097 1143 ejecti,
1114 1099 1281 1144 poterunt

327 1153 445 1192 denuo
461 1168 543 1192 cum
556 1168 647 1206 pura
675 1153 886 1192 conscientia
912 1152 1056 1192 reverti.
1080 1154 1126 1190 At
1142 1152 1203 1203 qui
1225 1166 1280 1190 se-

326 1214 422 1267 ipsos
440 1216 782 1263 contaminaverunt,
798 1224 832 1252 et
850 1213 1025 1252 admoniti
1043 1226 1087 1251 ne
1106 1213 1206 1266 prius
1226 1213 1278 1251 in-

324 1283 473 1325 troeant,
489 1275 600 1314 donec
619 1276 797 1314 maculam
815 1289 833 1313 e
853 1275 1043 1313 sceleribus
1060 1283 1277 1313 contractam

323 1341 567 1389 repurgarint,
583 1338 711 1376 deinde
735 1337 960 1390 impudenter
979 1350 1014 1374 se
1034 1345 1179 1388 gerunt,
1195 1336 1277 1375 vul-

323 1412 390 1437 nus
409 1408 442 1437 et
456 1400 558 1438 ulcus
582 1400 692 1438 animi
716 1399 868 1437 reddunt
892 1398 1054 1436 acerbius
1080 1412 1121 1436 ac
1142 1399 1271 1450 majus.

321 1460 445 1511 Neque
469 1461 564 1499 enim
593 1471 666 1500 tam
700 1475 808 1513 grave
844 1469 895 1499 est
923 1459 1142 1510 delinquere,
1167 1474 1276 1510 quam

321 1530 400 1572 post
427 1520 597 1560 delictum
625 1521 851 1574 impudenter
865 1535 901 1559 se
918 1534 1054 1571 gerere,
1076 1534 1140 1557 nec
1152 1534 1277 1571 parere

319 1581 562 1620 sacerdotibus
594 1583 679 1621 talia
709 1581 929 1634 jubentibus.
956 1580 1005 1617 Et
1026 1579 1116 1630 quid
1137 1579 1191 1630 hi,
1218 1580 1274 1617 in-

319 1643 464 1693 quiunt,
482 1643 569 1681 adeo
588 1643 709 1695 magni
727 1642 869 1681 sceleris
890 1640 1154 1689 commiserunt,
1172 1649 1211 1677 ut
1227 1641 1273 1678 ab

316 1703 394 1742 istis
409 1704 518 1742 sacris
532 1704 698 1743 cancellis
715 1703 859 1741 arcendi
879 1702 977 1740 sint?
993 1702 1071 1739 Imo
1091 1700 1188 1752 quod
1209 1700 1272 1739 de-

315 1764 441 1804 lictum
460 1765 528 1804 hoc
547 1766 693 1818 gravius
712 1764 843 1816 quaeris
858 1764 1024 1812 istorum,
1039 1763 1100 1814 qui
1117 1777 1199 1801 cum
1219 1777 1272 1801 se-

315 1826 410 1879 ipsos
426 1827 529 1880 plane
544 1827 720 1866 adulterio
737 1825 1026 1875 contaminarint,
1044 1824 1272 1878 impudenter

314 1900 355 1924 ac
368 1887 579 1925 rabidorum
590 1902 688 1925 more
701 1900 841 1934 canum,
855 1884 902 1924 ad
914 1898 1049 1923 sacram
1063 1884 1155 1922 hanc
1171 1898 1270 1922 men-

314 1957 389 1982 sam
403 1944 574 1984 irruunt?
586 1945 694 1993 Quod
707 1945 737 1984 si
751 1944 842 1984 velis
860 1943 1028 1982 adulterii
1048 1942 1197 1981 modum
1213 1957 1266 1982 co-

314 2019 491 2057 gnoscere,
505 2021 574 2046 non
597 2021 675 2046 mea
693 2007 802 2046 verba
822 2005 890 2044 tibi
912 2005 1073 2054 referam,
1090 2003 1152 2042 sed
1170 2004 1269 2043 illius

116 2072 230 2101 ΜαιεΙι.
250 2072 279 2102 5.
316 2067 378 2118 qui
397 2067 443 2106 de
461 2078 533 2107 tota
556 2069 713 2108 hominis
740 2069 815 2108 vita
839 2067 1067 2120 judicaturus
1087 2075 1139 2104 est
1159 2081 1167 2102 ε
1192 2068 1270 2118 Qui

116 2114 165 2144 28.

315 2128 410 2166 enim
420 2131 577 2177 viderit,
592 2130 722 2181 inquit,
733 2130 932 2167 mulierem
943 2128 997 2166 ad
1003 2130 1269 2179 concupiscen-

315 2190 408 2227 dam
435 2191 560 2239 illam,
578 2194 665 2243 jam
685 2192 894 2229 moeclzatus
915 2198 971 2227 est
990 2203 1076 2226 eam
1096 2191 1138 2225 in
1154 2190 1268 2227 corde

313 2264 395 2288 suo·
423 2251 531 2297 Quod
548 2252 577 2289 si
596 2252 725 2289 mulier
744 2251 833 2289 forte
851 2250 887 2287 in
904 2250 981 2287 soro
1011 2249 1132 2297 obvia,
1147 2258 1180 2287 et
1200 2264 1265 2287 ne-

313 2311 462 2362 glectius
477 2313 570 2350 culta
582 2326 671 2365 saepe
686 2311 859 2350 curiosius
874 2311 1068 2349 intuentem
1082 2309 1175 2362 cepit
1188 2310 1264 2362 ipso

312 2373 434 2411 vultus
459 2383 624 2426 aspectu5
647 2374 705 2411 isti
732 2373 794 2425 qui
813 2386 882 2410 non
901 2370 1129 2423 simpliciter,
1151 2385 1264 2422 neque

311 2434 474 2484 fortuito,
488 2435 549 2474 scd
562 2434 692 2483 studio,
703 2443 736 2472 et
750 2443 846 2472 tanto
862 2433 994 2479 studio,
1010 2441 1049 2469 ut
1064 2431 1262 2471 Ecclesiam

309 2510 450 2547 quoque
469 2505 708 2544 contemnant,
729 2505 762 2534 et
782 2496 849 2533 hac
867 2508 970 2532 causa
991 2502 1142 2546 pergunt
1162 2493 1261 2542 illue,

308 2570 350 2595 ac
361 2566 474 2596 totum
484 2558 534 2596 ibi
549 2557 747 2596 desidentes
762 2556 858 2594 diem
869 2556 904 2594 in
920 2555 1027 2593 facies
1040 2555 1258 2607 abjectarum

308 2618 522 2657 feminarum
546 2618 689 2656 illarum
714 2618 852 2656 defixos
876 2617 1009 2655 habent
1030 2616 1168 2664 oculos,
1187 2631 1256 2667 qua

307 2680 422 2718 fronte
448 2689 613 2733 poterunt
642 2679 781 2726 dicere,
799 2693 836 2718 se
869 2693 926 2716 eas
955 2692 1023 2716 non
1054 2677 1188 2717 vidisse
1210 2678 1255 2716 ad

306 2742 655 2794 concupiscendum?
681 2741 743 2779 ubi
771 2741 879 2780 verba
904 2754 1045 2791 quoque
1082 2739 1255 2778 accedunt

303 2802 414 2840 fracta
430 2803 650 2854 lascivaque,
672 2802 733 2840 ubi
750 2802 927 2841 cantiones
946 2800 1167 2849 meretriciae,
1190 2800 1254 2838 ubi

303 2877 375 2901 vox
394 2864 617 2902 vehementer
640 2863 687 2902 ad
713 2865 933 2916 voluptatem
956 2862 1168 2915 composita,
1188 2862 1251 2900 ubi

301 2924 407 2963 stibio
426 2925 512 2977 picti
528 2926 638 2975 oculi,
654 2926 716 2964 uhi
732 2925 910 2964 coloribus
930 2925 1046 2963 tinctae
1062 2938 1171 2976 genae,
1188 2924 1250 2962 ubi

299 2987 406 3025 vestis
432 2987 606 3024 curiosius
637 2987 856 3034 concinnata,
878 2987 940 3025 ubi
962 2986 1071 3024 totius
1093 2986 1250 3037 corporis

298 3047 443 3085 habitus
454 3048 533 3085 fuco
545 3049 668 3100 plenus
676 3058 738 3094 cst,
748 3048 1005 3099 aliaquemulta
1020 3047 1193 3085 lenocinia
1202 3047 1246 3085 ad

297 3108 471 3146 fallendos
484 3109 757 3160 inest-,nudosque
776 3110 949 3147 intuentes
968 3109 1138 3147 instructa
1155 3124 1165 3157 ;
1183 3107 1246 3146 ubi

296 3170 455 3208 socordia
475 3171 709 3222 spectantium
723 3201 732 3218 ,
753 3170 935 3221 multaque
961 3169 1141 3220 confusio,
1161 3170 1246 3208 hinc

336 3306 348 3318 ἑ·
375 3295 465 3338 Regii
480 3294 576 3326 iidem
596 3299 677 3332 ὁτῆς
697 3320 717 3328 ..
738 3299 821 3334 ἀξίαν
847 3299 930 3337 ἔχων.
951 3293 1053 3326 Morel
1076 3297 1227 3339 παρέχων.
1246 3293 1303 3324 ln-

293 3346 339 3377 srss
357 3349 449 3388 Regii
463 3347 531 3380 duo
549 3353 674 3382 ἐνταῦθα
691 3352 827 3386 εἱστήκει,
847 3349 1034 3384 ἐκδέξητκι.

1293 2026 1316 2056 D

755 152 790 182 S.
826 153 1014 184 JOANNIS
1049 152 1295 184 cnRYsos'r.
1334 154 1543 186 ARCHIEP.
1579 156 1944 189 CONSTANTINOP-

1362 235 1466 290 νέλθῃ
1485 237 1604 287 πάλιν,
1634 239 1695 278 καὶ
1724 240 1773 291 μὴ
1806 244 1973 279 νοσοῦντα
2002 241 2066 290 τὴν
2087 243 2216 295 ἀγέλην
2249 246 2387 286 ἅπασαν

1363 299 1529 352 ἐμπλήσῃ
1547 303 1610 347 τῆς
1636 302 1832 353 ἀρρωστίας
1852 302 1995 350 ἐκείνης.
2024 304 2092 342 Διά
2119 321 2172 343 τοι
2200 311 2300 346 τοῦτο
2330 308 2390 346 καὶ

1363 363 1464 410 ἡμεῖς
1482 361 1695 413 ἐὸουλόμεθα
1709 363 1849 408 τούτους
1866 364 2009 403 εἰδέναι·
2027 367 2102 404 ἀλλ’
2122 368 2152 404 εἰ
2173 367 2232 405 καὶ
2251 367 2298 418 μὴ
2319 375 2390 413 τοῖς

1364 423 1539 470 αἰσθητοῖς
1565 425 1752 477 ὀφθαλμοῖς
1781 424 1903 469 αὐτοὺς
1936 427 2109 479 διακρῖναι
2138 428 2335 479 δυνάμεθα,
2372 434 2390 468 ὁ

1361 481 1460 534 λόγος
1485 484 1604 529 αὐτοὺς
1621 485 1851 537 ἐπιγνώσεται
1870 486 2008 531 πάντως
2019 518 2029 536 ,
2046 488 2105 526 καὶ
2123 494 2182 528 τοῦ
2199 491 2390 535 συνειδότος

1362 547 1473 583 αὐτῶν
1508 547 1758 598 ἐπιλαὲόμενος
1793 548 1906 586 πείσει
1938 548 2063 602 ῥᾳδίως
2095 549 2235 594 ἑκόντας
2266 550 2389 595 αὐτοὺς

1360 605 1519 656 ἐξελθεῖν,
1538 608 1711 647 διδάσκων
1724 610 1777 648 δ’τι
1793 612 1920 654 ἐκεῖνος
1934 610 2025 650 ἔνδον
2042 611 2114 650 ἐστὶ
2138 612 2255 662 μόνος,
2274 617 2288 632 ‘¹
2299 616 2387 660 ὃτῆς

1359 670 1507 707 ἐνταῦθα
1539 671 1718 722 διατριὸἧς
1757 671 1854 716 ἀξίαν
1886 667 1981 724 ἔχων
2009 672 2071 720 τὴν
2098 672 2262 724 γνώμην·
2299 677 2345 718 ὡς
2369 679 2386 714 ὁ

1360 730 1451 780 μετὰ
1473 731 1650 776 πολιτείας
1673 733 1923 786 διεφθαρμένης
1941 738 2000 772 τοῦ
2028 737 2120 788 ἱεροῦ
2141 735 2261 774 τούτου
2282 737 2383 786 μετέ-

1357 809 1431 845 χων
1449 793 1616 846 συλλόγου
1629 826 1639 843 ,
1657 794 1721 833 κᾶν
1740 795 1779 833 τὸ
1806 797 1910 845 σῶμα
1931 797 2077 834 ἐνταῦθα
2107 795 2250 848 εἰσάγῃ,
2283 797 2384 836 ἐκέέ-
2404 799 2407 801 ’

1357 854 1505 902 ὄληται,
1522 855 1582 894 καὶ
1607 859 1676 894 τῶν
1705 857 2029 907 ἀποκεκλεισμένων
2064 855 2128 900 ἔξω
2156 857 2215 894 καὶ
2236 858 2384 908 μηδέπω

1357 914 1555 965 δυναμένων
1587 920 1649 963 τῆς
1682 918 1776 969 ἱερᾶς
1809 923 2009 969 μετασχεῖν.
2040 918 2215 971 τραπέζης
2250 920 2382 969 μᾶλλον

1357 975 1592 1022 ἀπελήλαται.
1609 978 1760 1017 Ἐκεῖνοι
1784 978 1846 1029 μὲν
1860 977 1927 1030 γὰρ
1949 982 1980 1017 οἱ
1995 978 2086 1017 κατὰ
2104 979 2183 1023 τοὺς
2201 984 2263 1018 τοῦ.
2289 982 2381 1020 Θεοῦ

1354 1036 1478 1088 νόμους
1499 1038 1743 1088 ἐκὸληθέντες,
1763 1039 1822 1078 καὶ
1842 1039 2000 1091 μένοντες
2016 1039 2099 1087 ἔξω,
2119 1039 2205 1085 τέως
2225 1041 2384 1093 χρηστὰς

1353 1097 1474 1152 ἔχουσι
1493 1100 1556 1144 τὰς
1582 1101 1745 1145 ἐλπίδας·
1765 1100 1829 1139 κᾶν
1860 1101 1928 1153 γὰρ
1950 1102 2094 1140 ἐθέλωσι
2129 1103 2383 1152 διορθώσασθαι

1352 1159 1424 1199 ι’τὰ
1450 1161 1746 1214 παραπτώματα,
1773 1163 1815 1201 δι’
1837 1163 1860 1200 ἃ
1883 1166 1945 1209 τῆς
1960 1162 2174 1209 Ἔκκλησίας
2200 1163 2379 1212 ἐξέπεσον,

1352 1221 1557 1269 δυνήσονται
1580 1222 1670 1273 μετὰ
1693 1227 1846 1276 καθαροῦ
1879 1223 2070 1268 συνειδότος
2101 1225 2208 1263 πάλιν
2234 1226 2379 1263 ἐπανελ-

1351 1287 1432 1322 θεῖν.
1456 1286 1502 1323 Oi
1522 1285 1557 1322 δὲ
1579 1285 1784 1336 μολύναντες
1803 1284 1966 1333 ἑαυτοὺς,
1993 1286 2050 1323 καὶ
2068 1285 2308 1329 κελευσθέντες
2328 1286 2377 1338 μὴ

1349 1343 1516 1397 πρότερον
1537 1344 1700 1391 ἐπιὸἧναι
1717 1374 1726 1391 ,
1745 1344 1810 1388 ἕως
1836 1344 1876 1382 ἂν
1897 1345 2190 1397 ἀποκαθάρωνται
2214 1345 2276 1393 τὴν
2306 1362 2377 1393 κη-

1348 1406 1428 1442 λῖδα
1440 1403 1502 1451 τὴν
1512 1406 1551 1442 ἐκ
1569 1408 1638 1443 τῶν
1657 1406 1935 1459 ἁμαρτημάτων,
1956 1400 2030 1443 εἶτα
2052 1407 2375 1458 ἀναισχυντοῦντες,

1347 1465 1594 1518 χαλεπώτερον
1622 1466 1660 1505 τὸ
1693 1471 1833 1518 τραῦμα
1858 1466 2077 1519 ἐργάζονται,
2102 1468 2160 1505 καὶ
2195 1469 2309 1518 μεῖζον
2336 1468 2376 1505 τὸ

1347 1525 1457 1570 ἕλκος.
1475 1529 1528 1565 Οὐ
1546 1526 1614 1579 γὰρ
1632 1526 1722 1565 οὕτω
1740 1527 1779 1564 τὸ
1804 1527 2015 1579 ἁμαρτάνειν
2041 1527 2115 1565 ἐστὶ
2135 1529 2308 1579 χαλεπὸν,
2328 1532 2375 1572 ὡς

1347 1590 1368 1633 ἡ
1392 1587 1481 1637 μετὰ
1501 1587 1564 1634 τὴν
1584 1587 1759 1639 ἁμαρτίαν
1782 1587 2011 1638 ἀναισχυντία
2024 1618 2033 1635 ,
2063 1588 2177 1626 καὶτὸ
2194 1588 2242 1638 μὴ
2264 1589 2376 1628 πείθε-

1346 1652 1425 1687 σθαι
1450 1655 1520 1692 τοῖς
1538 1651 1668 1700 ἱερεῦσι
1694 1648 1739 1686 τὰ
1753 1651 1899 1686 τοιαῦτα
1916 1647 2104 1687 κελεύουσι.
2121 1649 2191 1687 Καὶ
2205 1649 2239 1687 τί
2253 1655 2375 1690 τοσοῦ-

1345 1725 1401 1748 τον
1416 1709 1620 1762 ἡμάρτηται
1639 1708 1772 1754 τούτοις
1785 1739 1795 1757 ,
1817 1708 1936 1761 φησὶν,
1957 1708 2047 1748 ὥστε
2065 1709 2186 1754 αὐτοὺς
2212 1711 2374 1750 ἐκὸαλεῖν

1343 1774 1410 1811 τῶν
1431 1775 1532 1825 ἱερῶν
1551 1773 1681 1812 τούτων
1696 1772 1890 1824 περιὸόλων
1901 1788 1912 1823 3
1935 1773 2004 1811 Καὶ
2030 1772 2133 1812 ποίαν
2149 1774 2268 1828 ἑτέραν
2290 1775 2373 1814 ταύ-

1342 1850 1405 1881 της
1420 1838 1532 1881 ζητεῖς
1565 1835 1705 1887 μείζονα
1726 1834 1900 1887 ἁμαρτίαν
1913 1865 1922 1883 ,
1953 1835 2033 1873 ὅταν
2067 1834 2212 1888 μοιχοὺς
2231 1835 2372 1882 ἑαυτοὺς

1343 1896 1622 1950 ἀπηρτισμένους
1653 1896 1879 1944 ποιήσαντες,
1900 1897 2068 1943 ἀναιδῶς,
2091 1896 2248 1950 καθάπερ
2274 1898 2370 1943 κύνες

1341 1960 1549 2005 λυττῶντες,
1571 1960 1770 2009 ἐπιπηδῶσι
1791 1962 1834 2010 τῇ
1859 1961 1935 2011 ἱερᾷ
1958 1957 2067 2011 ταύτῃ
2085 1958 2241 2012 τραπέζῃ
2258 1975 2269 2009 3
2299 1961 2370 1999 Καὶ

1342 2023 1371 2059 εἰ
1390 2020 1504 2072 βούλει
1519 2024 1639 2071 μαθεῖν
1656 2020 1781 2059 καὶτὸν
1798 2020 1924 2072 τρόπον
1942 2022 2004 2065 τῆς
2020 2019 2194 2072 μοιχείας,
2209 2023 2271 2060 οὐκ
2285 2023 2368 2074 ἐμὸν

1341 2085 1409 2134 ἐρῶ
1429 2099 1482 2121 σοι
1511 2082 1627 2133 λόγον,
1650 2083 1725 2120 ἀλλ’
1741 2083 1847 2119 αὐτοῦ
1868 2085 1928 2119 τοῦ
1948 2081 2133 2132 μέλλοντος
2154 2085 2254 2133 ἡμῶν
2271 2084 2367 2122 δικά-

1339 2145 1407 2188 ζειν
1422 2144 1485 2191 τὴν
1506 2143 1596 2191 ζωὴν
1617 2143 1756 2181 ἅπασαν
1771 2159 1778 2166 ·
1794 2142 1839 2182 ‘O
1855 2142 1922 2195 γὰρ
1949 2142 2126 2194 ἐμὸλέψας
2138 2173 2148 2190 ,
2175 2144 2277 2195 φησὶ,
2303 2161 2368 2197 γυ-

1338 2211 1442 2243 ναῖκα
1468 2206 1553 2257 πρὸς
1587 2205 1627 2244 τὸ
1655 2208 1872 2255 ἐπιθυμῆσαι
1900 2206 2022 2251 αὐτῆς,
2057 2204 2124 2251 ἤδη
2162 2205 2365 2257 ἐμοίχευσεν

1339 2261 1445 2309 αὐτὴν
1470 2265 1503 2300 ἐν
1527 2266 1570 2314 τῇ
1591 2261 1717 2314 καρδίᾳ
1747 2263 1862 2300 αὐτοῦ.
1895 2263 1937 2299 Εἰ
1954 2261 1989 2300 δὲ
2015 2265 2036 2308 ἡ
2058 2262 2127 2300 ἀπὸ
2145 2263 2365 2314 ταύτομάτου

1338 2324 1429 2362 κατὰ
1466 2323 1528 2371 τὴν
1567 2323 1696 2375 ἀγορὰν
1732 2325 1920 2375 ἐντυχοῦσα
1948 2322 2032 2375 γυνὴ
2069 2324 2130 2362 καὶ
2160 2326 2206 2369 ὡς
2244 2325 2365 2379 ἔτυχεν

1337 2383 1533 2433 ἐσταλμένη
1560 2383 1617 2421 τὸν
1643 2381 1833 2434 περιέργως
1858 2381 1973 2419 ἰδόντα
2009 2377 2080 2420 εἷλε
2112 2383 2281 2428 πολλάκις
2319 2388 2363 2434 τῇ

1335 2447 1396 2491 τῆς
1413 2445 1522 2497 ὅψειι)ς
1539 2443 1665 2496 θεωρία
1677 2459 1684 2466 ·
1701 2446 1731 2481 οἱ
1746 2442 1794 2493 μὴ
1811 2443 1930 2487 ἁπλῶς
1949 2443 2037 2493 μηδὲ
2049 2443 2118 2481 ἀπὸ
2131 2446 2363 2495 ταύτομάτου,

1336 2505 1411 2542 ἀλλ’
1431 2503 1499 2541 ἀπὸ
1529 2503 1681 2548 σπουδῆς
1709 2501 1899 2549 τοσαύτης,
1926 2505 1972 2546 ὡς
1993 2503 2130 2549 καὶτῆς
2147 2502 2363 2550 Ἐκκλησίας

1334 2564 1518 2614 ὑπεριδεῖν,
1536 2563 1593 2600 καὶ
1617 2562 1673 2600 διὰ
1694 2565 1795 2599 τοῦτο
1822 2561 2011 2604 ἀναὸοίντες
2031 2563 2114 2608 ἐκεῖ,
2144 2562 2203 2599 καὶ
2235 2563 2360 2614 διημε-

1334 2624 1533 2676 ρεύσαντες,
1553 2625 1612 2662 καὶ
1630 2630 1705 2667 ταῖς
1722 2623 1821 2675 ὄψεσι
1840 2626 1908 2660 τῶν
1933 2623 2164 2673 ἦτιμωμένων
2187 2627 2359 2674 γυναικῶν

1283 2689 1304 2718 E
1331 2683 1470 2722 ἐκείνων
1491 2682 1774 2737 προσηλωμένοι,
1798 2685 1872 2724 πῶς
1892 2681 2097 2727 δυνήσονται
2111 2681 2235 2733 λέγειν,
2253 2682 2307 2722 ὅτι
2321 2686 2359 2722 οὐ

1328 2744 1413 2797 πρὸς
1444 2744 1626 2794 ἐπιθυμίαν
1659 2738 1767 2791 εἶδον,
1795 2745 1879 2780 ὅπου
1915 2743 1974 2780 καὶ
2004 2743 2146 2795 ῥήματα
2175 2743 2358 2783 διακεκλα-

1327 2804 1455 2855 σμένα,
1474 2803 1534 2842 καὶ
1546 2804 1688 2856 ᾅσματα
1702 2802 1868 2855 πορνικὰ,
1886 2802 1945 2840 καὶ
1964 2801 2060 2854 φωνὴ
2076 2802 2208 2850 πολλὴν
2231 2803 2357 2852 ἡδονὴν

1326 2865 1476 2918 ἔχουσα,
1499 2865 1556 2903 καὶ
1576 2865 1762 2916 ὀφθαλμῶν
1785 2863 2001 2916 ὑπογραφαὶ,
2020 2864 2079 2902 καὶ
2116 2864 2356 2918 ἐπιτρίμματα

1323 2932 1490 2979 παρειᾶς,
1520 2924 1579 2962 καὶ
1613 2923 1721 2969 στολὴ
1752 2923 2016 2975 περιεργότερον
2043 2923 2269 2974 συγκειμένη,
2296 2923 2355 2961 καὶ

1322 2990 1446 3040 σχῆμα
1477 2985 1637 3037 γοητείας
1664 2987 1768 3038 γέμον
1807 2986 1960 3031 πολλῆς,
1996 2984 2054 3022 καὶ
2083 2983 2199 3036 ἕτεραι
2225 2984 2353 3023 πολλαὶ

1322 3052 1530 3098 μαγγανεῖαι
1563 3045 1647 3098 πρὸς
1686 3045 1825 3090 ἀπάτην
1859 3044 1918 3081 καὶ
1956 3044 2077 3094 δέλεαρ
2097 3047 2166 3082 τῶν
2192 3044 2351 3096 ὁρώντων

1317 3106 1660 3156 κατεσκευασμέναι,
1680 3105 1739 3143 καὶ
1758 3104 1911 3158 ῥᾳθυμία
1931 3107 2045 3156 ψυχῆς
2066 3107 2134 3142 τῶν
2153 3105 2346 3155 θεωμένων,

1317 3168 1376 3206 καὶ
1396 3167 1508 3214 πολλὴ
1530 3170 1551 3213 ἡ
1573 3167 1731 3219 διάχυσις
1746 3197 1755 3215 ,
1783 3165 1842 3204 καὶ
1869 3169 1890 3212 ἠ
1922 3164 2018 3218 παρὰ
2052 3168 2112 3203 τοῦ
2137 3164 2243 3204 τόπου
2264 3165 2350 3218 πρὸς

1381 3291 1397 3314 ¹*
1423 3288 1596 3331 Rogiiduo
1614 3295 1652 3324 τὰ
1671 3295 1894 3334 ἁμαρτήματα-
