2516 3791
698 224 740 253 IN
778 224 880 253 CAP.

97 309 287 364 προοίμιον.
307 308 423 347 “Oi-av
456 306 524 359 γὰρ
552 306 768 358 ἀκούσωμεν,
787 306 841 345 ὅτι
873 309 891 344 6
923 305 1074 351 δίκαιος,
1098 308 1116 342 6

96 373 242 419 τέλειος,
258 373 276 408 6
294 368 357 416 τὴν
383 368 513 406 ἄνωθεν
531 367 726 421 μαρτυρίαν
747 366 929 418 δεξάμενος
953 367 1030 406 ἔπιε
1056 365 1116 404 καὶ

93 430 263 483 ἐμεθύσθη
275 460 285 476 ,
306 432 380 473 πῶς
398 433 499 481 ἡμεῖς
514 429 635 468 λοιπον
656 432 687 467 οἱ
715 428 889 472 τοσούτοις
909 428 968 467 καὶ
987 427 1116 479 ἑτέροις

93 492 323 545 ἁμαρτήμασι
360 489 729 541 καταὸεὸαπτισμένοι
755 490 832 541 οὐχὶ
870 489 959 541 μετὰ
987 490 1116 527 πολλοῦ

92 558 151 592 τοῦ
169 552 267 591 τόνου
288 552 531 603 σπουδάσομεν
549 556 668 604 φυγεῖν
691 550 753 598 τὴν
777 553 815 588 ἐκ
845 555 907 598 τῆς
927 549 1034 600 μέθης
1055 548 1115 587 λύ-

93 630 162 664 μην
173 630 183 662 5
200 614 323 652 Καίτοι
337 630 376 666 γε
395 615 460 665 οὐχ
483 612 601 664 ὅμοιόν
619 615 692 651 ἐστι
712 612 751 650 τὸ
766 612 823 650 τὸν
849 612 981 650 δίκαιον
997 614 1116 648 τοῦτον

93 676 225 713 ἁλῶναι
266 677 313 727 τῷ
346 674 468 722 πάθει,
500 674 560 712 καὶ
583 676 677 724 ἡμᾶς
703 675 754 724 τῷ
779 673 872 724 αὐτῷ
902 675 1116 722 περιπεσεῖν.

92 735 216 774 Πολλὰ
239 736 306 789 γάρ
335 735 479 783 ἐστιν,ἃ
506 735 564 773 τὸν
599 733 730 772 δίκαιον
758 737 878 772 τοῦτον
911 730 1120 782 συγγνώμης

95 797 189 841 ἄξιον
213 796 409 849 ἀποφαίνει.
441 796 511 834 Καὶ
533 799 645 834 ταῦτα
673 794 765 845 λέγω
785 795 823 831 οὗ
850 793 908 830 τὸν
941 791 1028 844 ὑπὲρ
1055 794 1119 837 τῆς

93 858 200 908 μέθης
229 857 330 908 λόγον
361 855 588 907 ποιούμενος,
608 854 700 893 ἀλλὰ
731 852 864 897 δεικνὺς
895 853 949 892 ὅτι
983 853 1045 891 οὐκ
1082 851 1117 896 ἐξ

93 918 263 970 ἀκρασίας
291 921 309 956 ὁ
337 918 466 960 δίκαιος
493 914 752 962 ὑπεσκελίσθη,
773 914 853 954 ἀλλ’
881 914 947 953 ὑπὸ
978 913 1117 966 ἀγνοίας

91 980 238 1030 μᾶλλον.
257 979 352 1017 ’Καὶ
370 977 423 1016 ὅτι
455 979 521 1030 οὐχ
552 977 673 1019 ἁπλῶς
702 971 780 1029 εῧρε
807 974 871 1023 τὴν
905 974 1115 1022 οἶνοποσίαν,

91 1040 193 1078 ἄκουε
213 1040 318 1085 αὐτῆς
341 1040 403 1084 τῆς
426 1039 567 1090 Γραφῆς
584 1035 752 1088 λεγούσης
770 1035 828 1073 καὶ
847 1034 910 1082 τὴν
927 1034 1118 1086 ἀπολογίαν

94 1099 327 1150 ποιουμένης,
355 1098 399 1136 δι’
423 1092 471 1136 ῶν
499 1098 703 1150 φθέγγεται·
725 1096 794 1135 Καὶ
830 1095 982 1148 ἤρξατο,
1013 1095 1116 1149 φησὶ,

91 1161 172 1198 Νῶε
192 1161 371 1213 ἅνθρωπος
387 1158 538 1213 γεωργὸς
548 1162 623 1210 γ’ἧς,
639 1158 698 1196 καὶ
711 1158 895 1211 ἐφύτευσεν
910 1159 1116 1209 ἀμπελῶνα,

91 1221 151 1259 καὶ
171 1221 266 1258 ἔπιεν
293 1223 332 1259 ἐκ
350 1224 410 1258 τοῦ
433 1219 524 1258 οἴνου
536 1250 546 1268 ,
566 1219 626 1257 καὶ
645 1218 829 1269 ἐμεθύσθη.
853 1218 944 1257 Αὐτὸ
963 1223 1062 1257 τοῦτο
1077 1219 1117 1257 τὸ

91 1283 214 1329 εἰπεῖν,
228 1281 382 1333 ’Ἠρξατο
396 1311 406 1329 ,
428 1280 600 1319 δείκνυσιν
620 1279 674 1319 ὅτι
693 1279 794 1323 αὐτὸς
816 1278 878 1327 τὴν
909 1278 1021 1331 ἀρχὴν
1040 1274 1117 1330 εὗρε

90 1345 151 1389 τῆς
179 1341 394 1390 οἰνοποσίας,
421 1341 480 1380 καὶ
499 1341 556 1379 διὰ
587 1340 720 1387 πολλὴν
750 1339 892 1391 ἄγνοιαν
916 1339 976 1377 καὶ
1005 1339 1061 1377 διὰ
1077 1339 1116 1377 τὸ

91 1402 139 1452 μὴ
160 1402 285 1441 εἰδέναι
303 1405 365 1449 τ’ἧς
393 1403 621 1454 μεταληψεως
641 1402 684 1439 τὰ
707 1400 817 1454 μέτρα
837 1403 886 1444 εἷς
912 1400 975 1448 τὴν
1005 1400 1115 1451 με’θην

91 1462 302 1509 ἐξεκυλίσθη.
321 1463 390 1502 Καὶ
411 1465 449 1502 οὐ
474 1467 575 1501 τοῦτο
598 1462 701 1513 μόνον
728 1461 820 1500 ἐστὶν
831 1463 860 1509 *‚
877 1463 954 1502 ἀλλ’
984 1460 1036 1500 ὅτι
1057 1462 1117 1500 καὶ

92 1523 223 1577 ἀθυμίᾳ
256 1526 369 1576 πολλῇ
401 1524 634 1576 κατεχόμενος
663 1523 835 1571 ἐδουλῆθη
863 1523 926 1570 τὴν
960 1525 1115 1562 ἐντεῦθεν

88 1586 314 1638 παραμυθίαν
335 1589 448 1639 ἑαυτῷ
468 1589 671 1633 ἐπινοῆσαι,
694 1585 853 1638 καθάπερ
880 1584 940 1624 καί
959 1584 1011 1629 τίς
1030 1601 1116 1638 φησι

89 1646 208 1698 σοφός·
229 1646 316 1685 Δότε
333 1641 422 1686 οἶνον
448 1653 520 1690 τοῖς
539 1649 573 1685 ἐν
606 1646 733 1690 λύπαις
746 1677 756 1694 ,
777 1647 838 1686 καὶ
866 1647 973 1698 μεὈην
992 1654 1062 1691 τοῖς
1080 1649 1115 1685 ἐν

88 1708 244 1752 ὀδύναις·
270 1707 403 1753 δεικνὺς
428 1709 480 1748 ὅτι
502 1707 596 1747 οὐδὲν
617 1707 724 1751 οὕτως
756 1708 908 1759 ἀθυμίας
931 1708 1114 1761 φάρμακον

87 1767 246 1819 γενέσθαι
278 1769 439 1817 δύναται,
459 1772 505 1813 ὡς
523 1773 546 1816 ἡ
574 1768 695 1807 τούτου
714 1771 860 1822 χρῆσις·
884 1769 986 1819 μόνον
1008 1771 1038 1807 εἷ
1066 1769 1114 1820 μή

88 1846 155 1868 που
177 1834 200 1877 ἡ
221 1831 373 1883 ἀμετρία
403 1831 604 1881 λυμήνηται
634 1830 696 1878 τὴν
733 1830 768 1874 ἐξ
800 1833 904 1869 αὐτοῦ
933 1831 1114 1882 ὠφέλειαν.

88 1889 175 1930 ‘'O-:t
195 1892 230 1930 δὲ
251 1894 284 1931 ἐν
300 1892 395 1943 λύπῃ
412 1886 454 1939 ἦν
471 1892 530 1930 καὶ
552 1890 685 1942 ἀθυμίᾳ
701 1894 718 1929 ὁ
739 1891 870 1935 δίκαιος
890 1886 1006 1940 οὗτος,
1026 1895 1114 1946 ὁρῶν

88 1955 210 1993 ἑαυτὸν
235 1956 269 1993 ἐν
291 1954 420 2006 ἐρημία
441 1952 613 2005 τοσαύτῃ,
640 1953 700 1992 καὶ
729 1952 798 2005 πρὸ
830 1955 898 1991 τῶν
925 1955 1113 2005 ὀφθαλμῶν

88 2014 208 2067 ἐκείνῳ
233 2015 277 2054 τὰ
311 2015 461 2066 σώματα
492 2017 561 2053 τῶν
590 2014 781 2069 ἀνθρώπων
814 2014 1026 2067 ἐρριμμένα,
1055 2016 1114 2054 καὶ

87 2076 175 2126 μετὰ
197 2078 266 2114 τῶν
281 2080 415 2123 κτηνῶν
436 2076 496 2115 καὶ
520 2080 588 2115 τῶν
621 2076 772 2127 ἀλόγων,
791 2076 850 2114 καὶ
870 2077 978 2128 τάφον
1000 2077 1113 2115 κοινὸν

87 2136 196 2176 ἅπασι
218 2138 460 2189 γεγενημένον,
482 2138 534 2181 τίς
550 2141 708 2189 ἀντερεῖ;
729 2137 834 2182 Ἔθος
852 2136 920 2190 γὰρ
936 2144 1007 2181 τοῖς
1024 2153 1112 2190 προ-

87 2197 213 2250 φήταις
232 2198 292 2236 καὶ
311 2205 382 2243 τοῖς
418 2198 565 2242 δικαίοις
591 2199 703 2237 ἅπασι
722 2197 770 2249 μὴ
800 2198 903 2249 μόνον
936 2199 1024 2250 ὑπὲρ
1042 2201 1111 2236 τῶν

85 2262 162 2297 καθ’
181 2259 323 2303 ἑαυτοὺς
342 2261 459 2312 ἀλγεῖν
473 2291 482 2306 ,
506 2259 597 2299 ἀλλὰ
617 2259 677 2297 καὶ
697 2259 784 2312 ὑπὲρ
805 2263 873 2298 τῶν
897 2262 1027 2298 λοιπῶν
1046 2262 1110 2298 ἀν-

85 2319 246 2374 θρώπων.
275 2321 347 2360 Καὶ
379 2322 412 2360 εἴ
441 2338 492 2366 τις
520 2321 750 2374 ἐξαριθμῆσαι
784 2322 952 2372 βούλοιτο,
972 2321 1110 2375 εὑρήσει

84 2381 218 2425 πάντας
242 2381 373 2429 ταύτην
392 2382 456 2430 τὴν
476 2382 694 2434 συμπάθειαν
712 2382 1030 2434 ἐπιδεικνυμένους,
1051 2384 1111 2422 καὶ

84 2441 225 2480 ἀκούσει
248 2447 308 2481 τοῦ
338 2443 400 2493 μὲν
417 2443 564 2483 Ἡσαΐου
583 2443 761 2496 λέγοντος·
783 2444 845 2491 Μὴ
868 2445 1110 2496 κατισχύσητε

84 2504 301 2554 παρακαλεῖν
324 2520 366 2555 με
392 2504 449 2542 ἐπὶ
478 2508 536 2542 τοῦ
558 2504 817 2557 συντρίμματος
846 2508 909 2552 τῆς
942 2507 1109 2558 θυγατρὸς

85 2567 145 2601 τοῦ
163 2563 281 2615 γένους
310 2581 392 2615 μου·
420 2570 479 2604 τοῦ
500 2565 535 2605 δὲ
555 2565 744 2619 Ἱερεμίου,
763 2568 795 2605 T
799 2566 827 2610 ίς
849 2565 953 2605 δώσει
974 2569 1016 2618 τῇ
1048 2584 1108 2606 κε-

84 2626 176 2676 φαλῇ
208 2641 274 2675 μου
297 2625 411 2679 ὕδωρ,
430 2627 490 2664 καὶ
508 2633 579 2670 τοῖς
599 2629 788 2679 ὀφθαλμοῖς
808 2644 873 2678 μου
901 2628 1018 2680 πηγὴν
1039 2630 1106 2667 δα-

82 2685 213 2737 κρύων;
237 2690 297 2724 τοῦ
331 2687 366 2724 δὲ
397 2687 584 2736 Ἰεζεκιὴλ,
603 2688 731 2738 Οἴμοι,
763 2688 890 2739 Κύριε,
918 2689 1107 2743 ἐξαλείφεις

82 2745 124 2783 σὺ
143 2746 182 2784 τὸ
197 2748 408 2786 κατάλοιπον
427 2751 486 2786 τοῦ
503 2748 664 2801 Ἰσραήλ;
685 2748 745 2787 καὶ
773 2754 833 2788 τοῦ
860 2749 996 2797 Δανιὴλ
1018 2754 1104 2803 θρη-

82 2809 219 2851 νοῦντος
228 2838 238 2856 ‚
251 2808 312 2846 καὶ
325 2809 483 2860 λέγοντος
494 2838 504 2855 ,
516 2809 570 2848 ὅτι
589 2809 816 2862 Ὀλιγοστοὺς
828 2814 922 2861 ἡμᾶς
937 2811 1105 2859 ἐποίησας

82 2867 178 2920 παρὰ
198 2868 312 2907 πάντα
333 2869 376 2907 τὰ
407 2870 503 2918 ἔθνη·
523 2870 582 2909 καὶ
614 2875 674 2910 τοῦ
695 2871 828 2921 Ἀμὼς,
858 2873 1102 2920 Μετανόησον,

82 2928 207 2980 Κύριε,
227 2929 284 2968 ἐπὶ
302 2930 413 2982 τούτῳ
425 2947 432 2954 ·
447 2931 578 2970 καὶτοῦ
599 2931 819 2983 Meneta,
833 2932 912 2972 Ἵνα
928 2933 962 2971 τί
976 2934 1105 2979 ἔδειξας

82 3004 141 3039 μοι
169 2990 295 3034 κόπους
323 2991 382 3030 καὶ
414 2992 562 3044 μόχθους
572 3010 582 3041 ;
603 2993 663 3032 καὶ
690 2994 809 3042 πάλιν,
845 2995 916 3034 Καὶ
948 2996 1106 3043 ποιήσεις

80 3049 157 3094 τοὺς
172 3051 373 3104 ἀνθρώπους
387 3056 433 3097 ὡς
450 3053 528 3098 τοὺς
543 3054 664 3107 ἰχθύας
677 3059 739 3102 τῆς
753 3056 932 3104 θαλάσσης
946 3073 952 3080 ·
970 3057 1030 3096 καὶ
1047 3063 1107 3098 τοῦ

82 3112 253 3165 μακαρίου
265 3113 301 3152 δὲ
316 3115 418 3153 αὐτοῦ
429 3115 551 3154 τούτου
570 3116 747 3161 Μωϋσέως
757 3117 900 3156 ἀκούσει
917 3117 1077 3170 λέγοντος
1088 3150 1098 3168 ,

124 3226 139 3242 ⁸
163 3223 218 3252 Καὶ
233 3223 279 3253 ὅτι
293 3223 346 3263 οὐχ
370 3224 470 3260 ἁπλῶς
493 3221 560 3267 εὗρε
584 3228 639 3261 τὴν
663 3228 839 3258 οἷνοποσίαν.
857 3221 936 3255 Uaec
951 3221 994 3255 ad
1012 3222 1084 3256 lite-

82 3281 151 3301 ram
168 3264 354 3314 significant
373 3285 379 3303 τ
397 3280 429 3304 et
452 3274 544 3317 qnod
558 3286 625 3306 non
640 3275 838 3318 simpliciter
852 3276 927 3306 vini
939 3277 1084 3316 potatio-

81 3333 154 3353 nem
176 3323 344 3357 invenerit.
358 3325 401 3356 Et
415 3333 526 3358 tamen
539 3326 609 3358 Noe
629 3327 697 3358 vini
714 3325 921 3369 potationem
939 3328 1083 3368 invenit,

81 3381 117 3406 ut
137 3373 236 3407 etiam
261 3375 344 3407 iufra
370 3375 452 3409 dicit
475 3377 744 3421 Clirysostomus.
769 3378 835 3412 Sed
861 3378 915 3411 liic
936 3385 1084 3415 οἰνοπσεία.

83 3428 287 3469 potationem
310 3428 444 3462 nimiam
471 3441 525 3464 scu
549 3429 743 3464 ebrictatem
759 3431 924 3475 signifieat
945 3445 950 3463 .·
971 3444 1082 3466 sensus

921 223 982 252 lx.
1020 220 1180 251 GENEs.

1144 801 1166 830 B

1140 1532 1164 1562 C

1221 219 1377 250 nonni„
1417 220 1544 250 xxix.
2050 211 2142 273 329

1189 302 1364 341 damnum
1378 303 1559 342 ebrietatis
1572 302 1730 355 effugere
1740 302 1994 342 studebimus?
2008 308 2142 352 Quam-

1190 368 1246 407 vis
1266 382 1335 407 non
1355 368 1451 406 idem
1472 368 1590 422 ipsum
1608 368 1826 421 sit,justum
1848 369 1950 406 illum
1970 370 2038 408 hoc
2055 371 2143 409 vitio

1193 439 1339 482 captum
1375 430 1494 477 fuisse,
1515 439 1548 468 et
1568 444 1631 469 nos
1649 430 1683 468 in
1703 429 1799 468 idem
1825 430 1997 469 incidere.
2025 433 2144 471 Multa

1195 492 1289 530 euim
1310 501 1403 541 sunt,
1424 494 1652 545 qua-justum
1670 493 1775 531 illum
1796 493 1898 531 venia
1914 493 2066 545 dignum
2085 493 2144 533 de-

1191 552 1338 590 clarant.
1359 555 1450 599 Qua:
1478 567 1548 591 non
1568 553 1650 592 dieo
1670 554 1773 605 quasi
1802 553 2010 593 ebrietatem
2031 569 2142 594 excu-

1191 627 1286 662 sanS,
1310 613 1372 652 sed
1391 614 1639 653 demonstrans
1655 616 1794 667 justum
1815 630 1882 654 non
1904 631 1948 655 ex
1972 617 2142 670 intempe-

1190 675 1318 721 rantia,
1343 675 1404 712 sed
1434 675 1552 727 potius
1581 691 1625 714 ex
1649 677 1848 727 ignorantia
1872 678 2144 731 supplantatum

1190 734 1308 772 sitisse.
1331 735 1379 772 Et
1396 736 1493 786 quod
1512 751 1581 775 non
1601 737 1647 774 ita
1674 738 1887 790 simpliciter
1902 740 1974 777 vini
1991 740 2144 792 potatio-

1191 808 1269 832 nem
1291 794 1476 845 invenerit,
1497 797 1581 834 audi
1603 798 1828 849 Scripturam
1845 800 1922 850 ejus
1941 800 2145 851 apologiam

1190 856 1412 906 asserentem,
1446 871 1527 896 cum
1555 858 1743 896 dicit:Ec
1774 862 1884 910 coepit
1918 862 2001 897 Noe
2030 863 2144 899 horno

1189 919 1365 970 agricola
1385 927 1510 966 terrae,
1533 928 1569 958 et
1586 921 1786 972 plantavit
1800 923 1976 968 vineam,
1995 930 2030 959 et
2050 924 2146 961 bibit

1189 980 1237 1017 de
1258 982 1368 1026 vino,
1392 989 1428 1018 et
1447 982 1664 1018 inebriatus
1681 989 1750 1019 est.
1779 981 1876 1019 Istuc
1908 981 2026 1033 ipsum
2047 983 2145 1033 quod

1189 1039 1331 1091 inquit,
1351 1043 1486 1094 Coepit,
1504 1041 1658 1081 ostendit
1677 1041 1798 1094 ipsum
1816 1042 1888 1081 vini
1906 1043 2053 1082 bibendi
2070 1045 2143 1097 pri-

1189 1115 1288 1139 murn
1324 1102 1547 1142 inventorem
1580 1103 1703 1150 fuisse,
1732 1112 1766 1141 et
1796 1117 1858 1156 per
1885 1103 2139 1157 ignorantiam,

1189 1163 1402 1202 nescientem
1418 1166 1555 1216 justam
1575 1179 1714 1203 sumere
1730 1179 1947 1213 mensuram,
1967 1166 2003 1204 in
2027 1167 2141 1205 ebrie·
2172 1200 2176 1204 .
2211 1159 2348 1194 ³3⁰⁰¹²¹¹‘

2172 1209 2228 1225 ΙῖΙΠΙ
2298 1210 2346 1227 Un-

1189 1233 1298 1262 tatem
1319 1225 1496 1264 incidisse.
1517 1227 1639 1277 Neque
1653 1226 1722 1264 hoc
1737 1226 1855 1264 solum
1875 1226 1910 1265 in
1941 1242 2046 1266 causa
2073 1238 2141 1278 est,
2159 1205 2302 1268 ielffiatur.

1189 1281 1251 1320 sed
1280 1283 1363 1334 quia
1391 1297 1518 1336 magna
1553 1284 1740 1323 tenebatur
1760 1284 1925 1332 tristitia,
1945 1295 1979 1324 et
2003 1286 2144 1339 sibiipsi

1188 1344 1464 1384 consolationem
1486 1345 1571 1384 inde
1589 1346 1795 1399 excogitare
1813 1347 1976 1394 volebat,
1999 1348 2089 1386 sicut
2111 1358 2145 1387 et

1187 1405 1328 1457 sapiens
1347 1405 1495 1457 quidam
1515 1407 1603 1445 dicit
1624 1423 1632 1445 :
1650 1409 1756 1445 Date
1783 1411 1922 1446 vinnm
1952 1412 1999 1447 iis
2019 1412 2141 1462 quiin
2160 1421 2252 1448 va.
2272 1420 2326 1450 31.

1189 1465 1372 1511 tristitia,
1403 1473 1440 1502 et
1459 1479 1607 1503 merum
1629 1468 1677 1504 iis
1699 1468 1766 1518 qni
1785 1469 1826 1504 in
1849 1467 1983 1505 dolore
2005 1484 2015 1504 :
2038 1482 2141 1507 mon—
2158 1461 2189 1490 6·

1187 1532 1302 1562 strans
1322 1525 1464 1564 nullum
1489 1540 1564 1565 esse
1586 1535 1659 1564 tam
1678 1541 1833 1580 praesens
1853 1527 2005 1567 tristitiae
2025 1544 2143 1569 reme—

1186 1583 1304 1635 dium,
1326 1601 1436 1638 quam
1454 1587 1532 1627 vini
1553 1603 1680 1640 usum,
1704 1598 1844 1627 tantum
1859 1590 2050 1630 utilitatem
2069 1593 2145 1645 ejus

1186 1646 1222 1684 ni
1243 1647 1371 1699 perdat
1391 1648 1681 1702 intemperantia.
1696 1649 1803 1697 Quod
1815 1660 1934 1689 antem
1953 1653 1989 1690 in
2001 1653 2145 1693 tristitia

1187 1717 1221 1745 et
1242 1722 1392 1747 moerore
1409 1710 1517 1748 suerit
1533 1711 1655 1763 justus
1682 1711 1762 1761 ille,
1782 1711 1909 1750 videns
1930 1713 2086 1766 seipsum
2107 1715 2144 1754 in

1187 1777 1285 1806 tanta
1319 1769 1526 1819 solitudine,
1549 1781 1582 1809 et
1604 1771 1750 1811 illorum
1779 1773 1968 1812 hominum
1996 1790 2143 1829 corpora

1187 1839 1267 1867 ante
1285 1831 1408 1869 oculos
1427 1833 1600 1884 projecta,
1625 1843 1659 1872 et
1684 1848 1871 1872 commune
1897 1837 2058 1876 omnium
2082 1852 2140 1877 se—

1187 1891 1353 1943 pulerum
1367 1893 1574 1932 hominibus
1593 1903 1626 1933 et
1635 1895 1751 1933 brutis
1765 1896 1915 1945 factum,
1938 1899 2020 1949 quis
2035 1913 2142 1952 nega-

1187 1952 1308 1991 verit?
1344 1956 1424 1993 Mos
1462 1955 1557 1994 enim
1598 1957 1856 2009 prophetarum
1897 1967 1932 1997 et
1958 1960 2141 2012 justorum

1186 2015 1348 2053 omnium
1375 2025 1441 2066 est,
1463 2031 1533 2055 non
1550 2032 1618 2071 pro
1639 2018 1683 2056 iis
1712 2018 1903 2059 dumtaxat
1925 2021 2058 2072 dolere,
2077 2024 2141 2074 qui

1185 2076 1253 2113 sibi
1272 2077 1431 2128 proximi
1454 2087 1552 2129 sunt,
1573 2078 1635 2116 sed
1661 2088 1695 2117 et
1724 2094 1792 2132 pro
1813 2081 1964 2133 reliquis
1981 2082 2142 2121 homini-

1185 2136 1266 2175 bus.
1298 2136 1345 2175 Et
1364 2137 1394 2175 si
1414 2138 1496 2188 qnis
1514 2152 1694 2178 recensere
1714 2140 1816 2191 velit,
1845 2142 2002 2181 inveniet
2020 2158 2142 2182 omnes

1185 2197 1280 2234 hunc
1302 2198 1620 2237 commiserationis
1639 2200 1806 2239 affectum
1822 2217 1895 2255 prae
1918 2218 1954 2241 se
1976 2204 2086 2254 ferre,
2109 2214 2142 2243 et

1183 2257 1303 2296 audiet
1325 2258 1471 2297 Esaiam
1491 2259 1640 2310 quidem
1660 2260 1842 2301 dicentem
1864 2280 1872 2300 :
1896 2266 2034 2303 [Volite
2049 2281 2138 2304 con—
2159 2283 2234 2311 lsai.
2249 2293 2297 2312 22,
2312 2286 2344 2322 4,

1184 2320 1353 2367 tendere,
1385 2330 1427 2358 nt
1458 2335 1520 2359 nze
1555 2323 1811 2362 consolemini
1837 2328 1879 2362 in
1908 2331 2140 2366 contritione

1180 2379 1277 2431 filice
1290 2384 1443 2434 generis
1463 2385 1537 2420 mei
1556 2398 1567 2418 .·
1585 2384 1778 2423 Jeremiam
1798 2396 1932 2435 antem,
1954 2390 2048 2439 Quis
2063 2392 2138 2428 da-
2154 2397 2221 2424 Jer.
2243 2405 2273 2435 9.
2295 2407 2320 2426 ι,

1184 2443 1239 2479 bit
1259 2445 1381 2495 capiti
1401 2458 1484 2482 meo
1504 2458 1664 2496 aquam,
1685 2455 1722 2484 et
1742 2449 1864 2486 oeulis
1882 2452 1975 2488 meis
1986 2452 2139 2501 sontem

1182 2502 1453 2551 lacrymarum
1463 2508 1480 2540 Ρ
1492 2503 1715 2543 Ezechielem
1729 2520 1826 2555 vero,
1838 2509 1926 2545 Ileu
1937 2511 2044 2557 mihi,
2056 2512 2137 2548 Do·
2154 2516 2264 2545 Ezech.
2274 2517 2340 2554 9-8-

1181 2566 1298 2610 mine,
1318 2565 1465 2602 delebis
1479 2573 1522 2602 tu
1536 2565 1721 2616 reliquias
1735 2568 1889 2604 Israel?
1908 2577 1940 2606 et
1951 2570 2136 2610 Danielem

1181 2624 1449 2674 lamentantem,
1470 2634 1503 2662 et
1517 2625 1709 2676 dicentem,
1730 2628 1931 2667 Paucnlos
1959 2633 2137 2684 nos-feci·
2153 2640 2271 2677 Dan.9.
2288 2640 2321 2672 [f]

1179 2689 1231 2724 sti
1255 2687 1361 2724 ultra
1390 2701 1519 2724 omnes
1547 2696 1679 2739 gentes
1702 2703 1712 2723 .·
1734 2697 1767 2725 et
1799 2691 1922 2739 Amos,
1942 2693 2135 2731 Poeniteat
2150 2705 2242 2733 Amos
2262 2707 2325 2743 7.3.

1180 2757 1230 2797 te,
1251 2750 1434 2798 Domine,
1459 2762 1574 2800 super
1609 2749 1681 2786 Izoc
1702 2764 1709 2784 :
1732 2759 1764 2787 et
1785 2749 1966 2798 llabacue,
2007 2754 2136 2803 Quare
2152 2767 2269 2796 [labae.
2290 2777 2316 2797 ι.

1179 2813 1382 2850 ostendisti
1407 2812 1504 2848 milti
1533 2811 1684 2849 labores
1706 2820 1742 2848 et
1772 2813 1998 2852 molestias?
2017 2825 2049 2853 et
2065 2817 2131 2854 ite·
2150 2807 2182 2837 3·

1178 2888 1274 2920 rum,
1311 2874 1364 2911 Et
1382 2873 1563 2923 facturus
1596 2886 1635 2910 es
1667 2874 1841 2911 homines
1870 2878 1984 2927 quasi
2010 2880 2133 2928 pisces
2151 2895 2272 2924 Ibitis.
2289 2898 2335 2934 μ’,

2199 1115 2260 1144 Noe
2297 1127 2349 1154 prr

1129 2946 1153 2975 13
1179 2937 1321 2972 maris:
1344 2943 1378 2971 et
1397 2933 1541 2971 beatum
1559 2932 1666 2971 istum
1688 2936 1825 2972 Mosem
1848 2950 1991 2988 quoque
2011 2939 2133 2978 dicen-

1179 3007 1251 3035 tem
1272 2995 1398 3033 audiet
1413 2995 1472 3032 :Si
1491 2996 1646 3047 quidem
1666 2996 1830 3034 dimittis
1851 3000 1904 3036 eis
1917 3010 2131 3051 peccatum,
2148 3023 2314 3052 1.,’10432ι

1178 3060 1352 3102 dimitte;
1372 3058 1433 3094 sin
1453 3058 1595 3101 minus,
1619 3070 1678 3093 me
1697 3070 1850 3109 quoque
1869 3059 1968 3098 dele.
2000 3061 2048 3099 Et
2067 3062 2131 3099 itc-
2148 3063 2196 3092 32·

1168 3134 1264 3170 rum,
1294 3132 1377 3156 cum
1407 3116 1628 3169 promisisset
1644 3116 1697 3154 illi
1716 3119 1814 3156 Deus
1837 3121 1983 3173 majoris
2007 3123 2131 3175 populi

1119 3236 1197 3267 ergo
1213 3231 1281 3264 est,
1301 3224 1371 3255 Noe
1390 3233 1456 3254 non
1481 3219 1579 3253 fuisse
1605 3220 1799 3264 siinpliciter
1815 3232 1847 3257 et
1864 3236 1938 3257 vere
1961 3235 2130 3260 auctorem

1119 3274 1312 3313 ebrietatis,
1330 3274 1405 3305 lieet
1423 3274 1550 3315 primus
1576 3273 1608 3305 iu
1633 3273 1827 3307 ebrietatem
1855 3277 2009 3310 inciderit
2029 3296 2034 3313 2
2055 3283 2131 3322 quia

1118 3330 1238 3362 inst-ius
1250 3354 1256 3367 ,
1270 3325 1485 3369 nondumque
1502 3333 1656 3368 expertus
1671 3325 1737 3360 vini
1754 3336 1906 3362 naturam
1921 3356 1928 3369 ,
1944 3342 2130 3365 mensur-mn

1116 3382 1265 3414 excessit.

1163 3435 1177 3449 ⁸
1203 3431 1328 3476 [savit.
1350 3442 1380 3463 in
1398 3441 1501 3472 marg.
1522 3429 1618 3464 addit
1633 3434 1749 3471 zaraa]
