2433 3775
247 167 278 220 [4
668 177 705 208 S.
744 177 928 208 JOANNlS
964 175 1217 207 CHRYSOST.
1257 177 1460 207 Auenti-21³.
1498 177 1860 208 CONSTANTINOP-

246 275 326 299 cum
345 260 475 299 laetitiae
499 259 597 298 illius
622 260 816 312 spiritualis
841 259 1016 312 particeps
1035 259 1192 308 futurus,

245 330 278 359 et
293 322 415 360 volens
433 320 608 360 adventus
625 330 751 359 sanctae
766 320 1071 371 Quadragesimae‚
1086 332 1194 356 reme-

244 382 311 431 dii,
327 382 486 433 inquam,
501 381 702 420 animarum
712 390 928 429 nostrarum,
941 379 1046 417 vobis
1059 391 1196 415 annun-
1217 383 1240 412 B

244 442 350 481 tiator
370 457 454 481 esse.
488 441 695 481 Communis
725 441 820 478 enim
846 448 1006 477 nostrum
1035 437 1195 475 omnium

245 504 434 554 Dominus,
458 503 567 541 veluti
587 511 687 553 pater
708 500 802 538 filios
826 512 963 548 amanS,
989 498 1135 550 cupiens
1156 511 1196 535 ea

243 578 321 615 quae
344 577 512 614 umquam
527 560 791 614 peccaverimus
813 559 968 607 abluere,
983 558 1075 596 hanc
1094 558 1197 596 nobis

242 639 304 676 per
313 633 472 662 sanctum
477 637 490 674 J
496 622 655 674 ejunium
662 621 880 658 curationem
889 619 1040 657 adinven
1046 620 1085 657 it.
1102 620 1194 658 Nul-

241 685 296 722 lus
319 684 432 735 igitur
456 692 616 734 moestus,
644 683 766 720 nullus
789 681 901 720 tristis
925 691 1105 734 appareat,
1133 681 1196 720 sed

241 761 361 785 omnes
378 746 555 784 exsultent
567 755 600 783 et
611 744 805 796 gaudeant,
823 759 863 782 ac
879 744 1030 796 gloriam
1044 744 1195 782 referant

240 808 274 844 in
302 807 503 845 animarum
531 815 734 844 nostrarum
760 814 977 852 curatorem,
1014 804 1077 855 qui
1105 805 1196 843 hanc

239 867 412 919 optimam
431 866 534 904 nobis
547 865 686 919 aperuit
707 865 818 913 viam,
839 874 872 902 et
886 864 984 902 illius
999 864 1193 903 adventum

240 942 366 979 magna
399 942 480 966 eum
502 927 682 965 alacritate
704 925 891 978 accipiant.
920 925 1193 964 confundantur

237 989 397 1041 gentiles,
413 988 549 1041 pudore
567 1002 603 1027 se
624 987 755 1026 abdant
773 987 906 1035 Judaei,
935 986 1096 1025 videntes
1122 1001 1190 1026 no-
1217 1019 1231 1041 2

237 1061 346 1088 stram
375 1050 559 1088 caritatem
584 1049 693 1087 hilari
725 1048 843 1086 studio
872 1048 970 1085 illius
996 1047 1191 1086 adventum
1214 1055 1239 1083 A

235 1112 445 1150 salutantem
464 1126 504 1149 ac
518 1111 764 1164 excipientem,
778 1109 987 1159 discantque
1003 1122 1065 1161 per
1077 1122 1191 1160 expe-

235 1173 412 1223 rientiam,
430 1181 604 1223 quantum
617 1172 708 1209 inter
722 1185 784 1209 nos
797 1170 841 1208 sit
855 1179 888 1207 et
903 1169 1000 1221 ipsos
1018 1169 1192 1208 interval-

236 1235 325 1271 lum.
351 1234 398 1271 Et
423 1234 477 1271 illi
505 1232 651 1284 quidem
675 1232 779 1271 ferias
811 1241 844 1270 et
868 1232 979 1277 ¹festas
1008 1231 1191 1269 nominent

235 1295 452 1344 ebrietatem,
485 1307 695 1345 omnemque
727 1293 835 1331 aliam
867 1291 1190 1344 intemperantiam,

234 1370 274 1393 ac
303 1354 563 1409 turpitudines,
594 1368 682 1406 quas
716 1353 912 1392 verisimile
942 1362 993 1390 est
1022 1366 1080 1391 eos
1107 1352 1191 1391 inde

233 1417 439 1455 contrahere
461 1432 468 1453 :
490 1426 526 1455 at
538 1416 700 1454 Ecclesia
719 1416 786 1454 Dei
805 1429 843 1453 ea
862 1429 941 1466 quae
954 1413 1187 1453 illis‘adversa

233 1487 328 1527 sunt,
356 1491 482 1530 nempe
504 1477 707 1530 jejunium,
735 1476 870 1515 ventris
900 1475 1122 1527 despectum,
1155 1484 1189 1513 et

233 1553 353 1577 omnes
366 1539 454 1577 alias
462 1539 611 1577 virtutes
624 1538 721 1576 illius
732 1537 1001 1587 comites,ferias
1016 1536 1183 1589 appellet.

235 1601 296 1638 Hae
318 1601 413 1639 enim
431 1615 523 1639 verae
543 1600 638 1638 feriae
653 1609 747 1648 sunt,
769 1600 832 1637 ubi
854 1599 1055 1637 animarum
1074 1599 1183 1649 salus,

233 1662 294 1699 ubi
311 1677 382 1715 pax
406 1671 439 1700 et
465 1662 653 1700 concordia
674 1671 737 1711 est,
763 1661 826 1698 ubi
842 1660 956 1698 omnis
982 1660 1090 1713 hujus
1105 1661 1188 1698 vitae

233 1733 426 1776 apparatus
442 1723 691 1775 abigitur3ubi
719 1723 866 1772 clamor,
897 1731 930 1760 et
953 1722 1140 1771 tumultus,
1156 1731 1189 1760 et

233 1797 430 1834 coquorum
458 1784 658 1833 discursus,
690 1793 723 1821 et
751 1783 931 1836 pecudum
959 1783 1188 1821 mactationes

231 1859 250 1882 e
264 1845 382 1883 medio
398 1846 576 1883 tolluntur
591 1845 707 1896 :quies
721 1858 805 1882 vero
819 1845 948 1893 omnis,
963 1854 996 1882 et
1011 1844 1190 1895 tranquil-
1214 1855 1236 1885 Β

232 1907 323 1957 litas,
339 1916 372 1945 et
392 1907 531 1955 caritas,
550 1916 583 1944 et
602 1905 792 1958 gaudium,
810 1915 843 1944 et
861 1920 945 1958 pax,
965 1914 998 1943 et
1019 1920 1189 1944 mansue—

232 1968 332 2018 tudo,
366 1977 400 2006 et
425 1968 609 2006 innumera
633 1968 726 2006 bona
755 1981 820 2020 pro
849 1967 922 2005 illis
947 1968 983 2006 in
1006 1982 1071 2005 usu
1096 1977 1187 2006 sunt.

233 2030 286 2067 De
301 2029 364 2067 illo
381 2029 493 2080 igitur
504 2043 632 2080 pauca,
650 2029 807 2077 obsecro,
822 2028 960 2066 caritati
973 2037 1097 2066 vestrae
1112 2029 1190 2066 col-

232 2091 434 2141 loquamur,
451 2089 558 2140 idque
576 2089 734 2142 primum
759 2103 936 2142 rogemUS,
956 2098 995 2126 ut
1015 2103 1190 2127 sermones

234 2152 314 2189 illos
348 2160 486 2189 nostros
515 2150 657 2203 placide
689 2150 902 2203 suscipiatis,
927 2164 996 2201 quo
1030 2149 1189 2196 domum,

234 2212 390 2250 fructum
405 2211 594 2263 quemdam
616 2211 791 2261 insignem
814 2211 1007 2261 assequuti,
1028 2209 1189 2248 redeatis.

236 2275 355 2324 Neque
377 2273 471 2311 enim
488 2281 618 2311 temere
637 2282 669 2310 et
698 2273 831 2310 frustra
857 2272 927 2309 huc
946 2272 1189 2322 convenimus,

31 2346 214 2373 Contionum
237 2343 275 2371 ut
296 2348 387 2371 unus
408 2333 553 2384 quidem
569 2332 748 2384 loquatur,
764 2333 855 2370 alius
867 2346 950 2371 vero
966 2347 1044 2383 quae
1059 2332 1191 2370 dicun-

33 2397 116 2414 verus

33 2435 58 2455 et
78 2438 156 2456 usu«.

161 2386 223 2413 (Μ’
239 2403 296 2432 tur
318 2394 503 2446 plausibus
524 2394 694 2446 excipiat,
720 2403 753 2431 et
777 2393 827 2432 sie
845 2393 929 2431 hinc
947 2393 1160 2431 excedamus
1183 2409 1191 2430 ε

236 2455 296 2493 sed
311 2465 349 2493 ut
364 2465 397 2493 et
411 2470 473 2493 nos
487 2455 699 2506 frugiferum
716 2454 890 2506 quiddam
902 2463 934 2493 et
948 2454 1053 2493 saluti
1067 2464 1191 2493 vestrae

235 2516 458 2555 conducibile
480 2508 680 2567 loquamur,
707 2525 741 2553 et
759 2530 821 2554 vos
838 2517 937 2554 luero
957 2530 975 2554 e
994 2515 1100 2554 djctis
1120 2531 1189 2555 no-
1214 2524 1238 2554 C

233 2578 315 2617 stris
330 2587 486 2630 accepto,
506 2587 539 2616 et
571 2577 699 2629 amplae
718 2577 884 2616 utilitatis
898 2578 1054 2616 fructum
1076 2579 1185 2628 nacti,

234 2639 315 2676 hinc
336 2639 478 2677 exeatis.
505 2638 665 2676 Ecclesia
693 2652 775 2677 sane
793 2638 935 2677 officina
955 2638 1117 2690 quaedam
1137 2649 1188 2678 est

280 2785 290 2798 ¹
319 2774 470 2814 Quatuor
486 2773 561 2805 MSS.
582 2776 664 2816 ὑμῶν
686 2782 876 2812 κοινωνήσων.

280 2829 296 2851 b
320 2825 504 2858 Colbcrtin.
524 2837 605 2857 uuus
623 2832 652 2859 ἐν
667 2831 756 2861 παντὶ
772 2833 881 2871 χρόνῳ,
899 2825 986 2858 forte
1002 2824 1128 2857 melius.
1148 2825 1241 2858 Infra

236 2886 379 2922 quatuor
395 2878 472 2908 Mss.
492 2879 567 2917 μηδὲ
587 2885 713 2920 στυγνὸς.
739 2876 880 2910 Savilius
904 2884 1015 2909 autem
1033 2875 1103 2909 haec
1122 2885 1217 2909 notat
1233 2889 1238 2907 :

238 2944 253 2960 a
273 2930 384 2963 Plures
401 2928 477 2961 libri
499 2928 622 2961 habent
647 2934 749 2972 μηδεὶς
765 2935 908 2975 φαινέσθω
927 2936 1053 2973 στυγνός.
1071 2930 1114 2962 Et
1130 2931 1176 2962 ita
1197 2929 1242 2963 le-

235 2985 284 3025 git
300 2983 480 3024 Intcrpres.
499 2994 512 3006 ι·

280 3045 291 3059 c
312 3035 391 3077 R<·g.
411 3044 492 3065 unus
517 3040 567 3070 τῆς
594 3039 759 3076 προθυμίας
776 3037 971 3078 υποδεχέσθω.
996 3039 1154 3079 Προθυμία
1177 3033 1240 3066 ltOC

237 3099 330 3119 sens-u
355 3086 475 3117 usitata
503 3095 577 3116 vox.
601 3085 676 3115 Mox
694 3086 782 3117 circa
806 3085 944 3119 xerbum
961 3090 1241 3129 ἐγκαλυπτέςθωσαν

236 3139 306 3170 haec
336 3145 432 3170 notat
457 3135 598 3168 Savilius
620 3148 625 3165 z
659 3149 674 3164 «
699 3137 941 3179 ιέγιαὶύπτεςθαι
965 3150 1026 3181 pro
1057 3142 1240 3183 αἰσχύνεσθαι

235 3189 312 3221 huic
330 3196 446 3220 nostro
461 3186 623 3218 familiare
636 3194 670 3218 et
684 3188 849 3230 Nesyt-hio
862 3201 1051 3234 synonyma
1063 3199 1150 3230 sunt,
1164 3193 1240 3234 quia

235 3253 319 3284 quos
335 3240 472 3281 alicujus
489 3239 532 3270 rei
546 3236 659 3280 pudet,
677 3238 785 3271 solent
801 3239 920 3273 faciem
936 3240 1118 3275 obnubere.
1139 3244 1237 3275 Hom.

238 3294 276 3325 {8
298 3290 446 3334 sequenti
473 3297 611 3332 apparet
634 3291 737 3331 majus
759 3290 882 3332 aliquid
899 3304 966 3325 esse
993 3297 1238 3336 εγκαλύπτεσθαι,

235 3356 334 3389 quam
355 3346 550 3388 αἰσχύνεσθαι,
570 3346 610 3375 Οὐ
623 3349 712 3383 μόνον
727 3346 959 3384 issadon-:2⁰21
977 3351 1143 3391 ἀνείλομεν,
1161 3350 1241 3381 em&

1266 258 1460 311 προθυμίας
1478 258 1626 306 ἀνέστην
1645 260 1812 312 σήμερον,
1840 263 1927 310 ὁμοῦ
1955 260 2012 298 καὶ
2040 263 2103 306 τῆς
2121 261 2288 312 εὐφροσύ-

1266 334 1325 364 νης
1349 320 1453 367 ε’ὑμῖν
1481 319 1701 366 κοινωνήσων
1720 321 1849 367 ταύτης
1868 324 1930 367 τῆς
1952 321 2208 370 πνευματικῆς,
2229 320 2288 358 καὶ

1267 377 1424 428 μηνυτὴς
1452 381 1532 428 ὑμῖν
1567 380 1726 430 γενέσθαι
1762 381 1967 432 βουλόμενος
2002 382 2064 426 τῆς
2097 379 2289 431 παρουσίας

1266 441 1328 483 τῆς
1356 437 1456 490 ἁγίας
1489 443 1792 491 τεσσαρακοστῆς,
1812 446 1871 480 τοῦ
1889 441 2073 494 φαρμάκου
2100 441 2193 491 λέγω
2219 443 2288 478 τῶν

1265 499 1444 550 ἡμετέρων
1467 501 1600 552 ψυχῶν.
1621 500 1790 554 Καθάπερ
1810 501 1877 553 γὰρ
1893 502 2010 554 πατὴρ
2030 502 2252 554 φιλόστοργος
2271 505 2289 540 ὃ

1265 561 1377 604 κοινὸς
1404 561 1568 600 ἁπάντων
1598 564 1699 611 ἡμῶν
1732 563 1925 610 Δεσπότης,
1957 563 2163 614 βουλόμενος
2195 566 2288 613 ἡμᾶς

1266 621 1502 674 ἀπονίψασθαι
1529 622 1573 660 τὰ
1594 621 1654 660 ὓέν
1682 622 1788 660 παντὶ
1810 624 1860 674 τῷ
1885 622 2000 675 χρόνῳ
2019 626 2104 673 ἡμῖν
2129 626 2288 675 ἡμαρτη-

1266 681 1367 732 μένα,
1387 683 1445 720 καὶ
1463 682 1519 722 διὰ
1541 684 1603 730 τῆς
1623 682 1723 734 ἁγίας
1743 682 1903 730 νηστείας
1923 682 2106 730 ἐπενόησεν
2129 687 2214 733 ἡμῖν
2235 687 2290 720 θε-

1267 743 1423 795 ραπείαν.
1454 745 1588 790 Μηδεὶς
1622 744 1736 783 τοίνυν
1767 744 1914 796 γινέσθω
1951 744 2130 794 κατηφὴς,
2169 743 2290 794 μηδεὶς

1264 805 1407 855 στυγνὸς
1423 806 1616 858 φαινέσθω,
1637 805 1727 844 ἀλλὰ
1745 806 1940 858 σκιρτάτω,
1965 806 2022 844 καὶ
2042 804 2209 857 χαιρέτω,
2229 805 2288 842 καὶ

1264 865 1434 911 δοξαζέτω
1461 868 1518 905 τὸν
1548 867 1724 918 κηδεμόνα
1752 869 1820 905 τῶν
1849 866 2028 919 ἡμετέρων
2055 868 2198 918 ψυχῶν,
2230 865 2288 904 τὸν

1265 928 1394 974 ταύτην
1424 931 1509 978 ἡμῖν
1541 928 1604 975 τὴν
1635 929 1781 982 ἀρίστην
1809 928 1961 978 τεμόντα
1989 928 2086 974 ὁδὸν,
2108 927 2167 964 καὶ
2200 926 2288 977 μετὰ

1265 990 1397 1035 πολλῆς
1430 993 1515 1036 ςτῆς
1558 990 1786 1042 περιχαρείας
1813 989 2034 1042 ὑποδεχέσθω
2062 988 2191 1035 ταύτης
2223 987 2286 1034 τὴν

1263 1049 1468 1102 παρουσίαν.
1489 1052 1780 1103 Αἷσχυνέσθωσαν
1795 1050 1968 1098 ἽΞλληνες
1980 1081 1987 1093 .
2001 1049 2288 1102 ἐγκαλυπτέσθω-

1265 1127 1327 1148 σαν
1355 1111 1535 1159 Ἰουδαῖοι,
1555 1114 1700 1163 ὁρῶντες
1726 1113 1827 1162 ἡμῶν
1852 1112 1915 1159 τὴν
1944 1112 2085 1162 ἀγάπην
2111 1113 2216 1163 ἱλαρᾷ
2243 1113 2286 1161 τῇ

1263 1171 1441 1224 προθυμίᾳ
1465 1171 1527 1219 τὴν
1554 1171 1684 1219 ταύτης
1712 1172 1904 1224 παρουσίαν
1925 1172 2201 1222 ἀσπαζομένους,
2227 1171 2287 1209 καὶ

1263 1234 1534 1284 μανθανέτωσαν
1557 1233 1613 1272 διὰ
1629 1236 1691 1280 τῆς
1709 1237 1779 1272 τῶν
1799 1234 2017 1287 πραγμάτιον
2035 1233 2157 1286 πείρας
2170 1264 2180 1279 ,
2207 1233 2287 1271 ὅσον

1262 1296 1300 1334 τὸ
1319 1295 1422 1346 μέσον
1443 1297 1542 1346 ἡμῶν
1559 1311 1597 1333 τε
1613 1295 1672 1333 καὶ
1690 1296 1815 1333 αὐτῶν.
1834 1295 1904 1333 Καὶ
1930 1297 2055 1333 ἐκεῖνοι
2080 1294 2142 1345 μὲν
2167 1293 2288 1346 ἑορτὰς

1261 1357 1321 1394 καὶ
1351 1356 1561 1410 πανηγύρεις
1588 1356 1854 1406 ὂνομαζέτωσαν
1887 1355 1950 1402 τὴν
1986 1356 2108 1406 μέθην,
2133 1354 2192 1392 καὶ
2222 1355 2287 1401 τὴν

1263 1418 1371 1465 ἄλλην
1393 1417 1533 1456 ἅπασαν
1562 1417 1766 1465 ἀκολασίαν,
1794 1418 1853 1455 καὶ
1874 1417 1936 1460 τὰς
1956 1416 2225 1469 ἅσχημοσύνας,
2248 1416 2287 1458 ἃς

1263 1477 1353 1520 εἰκὸς
1383 1479 1537 1516 ἐντεῦθεν
1565 1478 1685 1521 αὐτοὺς
1717 1478 1942 1531 ἐπισύρεσθαι
1966 1492 1972 1499 “
2000 1481 2022 1524 ἦ
2049 1478 2085 1516 δὲ
2108 1481 2168 1516 τοῦ
2192 1479 2286 1515 Θεοῦ

1262 1538 1460 1585 Ἐκκλησία
1493 1539 1699 1583 ἀπεναντίας
1730 1539 1871 1583 ἐκείνοις
1908 1539 1971 1586 τὴν
2006 1539 2189 1586 νηστείαν,
2222 1537 2286 1584 τὴν

1263 1602 1326 1646 τῆς
1356 1601 1504 1654 γαστρὸς
1533 1600 1743 1653 ὑπεροψίαν,
1776 1601 1836 1639 καὶ
1871 1600 1934 1647 τὴν
1967 1600 2141 1648 ἑπομένην
2175 1599 2285 1650 ταύτγι

1264 1669 1380 1700 πᾶσαν
1409 1662 1535 1713 ἀρετὴν
1568 1662 1689 1716 ἑορτὴν
1721 1663 1933 1714 ὀνομαζέτω.
1964 1662 2061 1709 Αὕτη
2083 1662 2172 1715 ι”γὲιρ
2200 1663 2287 1708 ἀλη-

1265 1723 1324 1770 θὴς
1356 1722 1480 1775 ἑορτὴ,
1509 1724 1588 1762 ἔνθα
1613 1725 1736 1776 ψυχῶν
1763 1724 1942 1778 σωτηρία,
1965 1724 2045 1761 ἔνθα
2077 1723 2196 1775 εἰρήνη
2226 1720 2285 1760 καὶ

1258 1785 1420 1835 ὁμόνοια,
1455 1783 1535 1822 ἔνθα
1573 1784 1721 1835 βιωτικὴ
1761 1792 1860 1823 πᾶσα
1895 1784 2069 1837 φαντασία
2103 1784 2283 1830 ἀπελήλα-

1258 1861 1338 1885 ται·
1358 1846 1444 1884 ὅπου
1474 1845 1607 1896 κραυγὴ
1636 1845 1695 1883 καὶ
1725 1845 1880 1898 θόρυὸος,
1909 1846 1969 1883 καὶ
1998 1844 2173 1897 μαγείρων
2203 1845 2284 1895 δρό-

1260 1923 1336 1958 μοι,
1370 1907 1429 1945 καὶ
1458 1910 1526 1945 τῶν
1557 1907 1691 1958 ἀλόγων
1725 1908 1856 1960 σφαγαὶ
1889 1906 2044 1945 ἐκποδών
2061 1922 2068 1930 ·
2089 1905 2220 1959 ἠρεμία
2249 1906 2284 1944 δὲ

1259 1975 1369 2017 πᾶσα,
1391 1968 1451 2006 καὶ
1478 1968 1628 2020 γαλήνη,
1662 1968 1722 2006 καὶ
1749 1969 1893 2020 ἀγάπη,
1924 1967 1984 2007 καὶ
2012 1968 2122 2021 χαρὰ,
2152 1967 2210 2005 καὶ
2238 1969 2285 2005 εἷ-

1261 2029 1358 2082 ρήνη,
1379 2028 1439 2067 καὶ
1460 2029 1628 2081 πραότης,
1649 2028 1734 2067 ι’καὶ
1762 2029 1868 2080 μυρία
1899 2029 2013 2080 ἀγαθὰ
2043 2031 2116 2068 ἀντ’
2145 2029 2284 2067 ἐκείνων

1259 2089 1489 2128 πολιτεύεται.
1502 2089 1596 2141 Φέρε
1615 2084 1685 2137 οὖν,
1705 2091 1913 2140 παρακαλῶ,
1933 2089 2042 2142 μικρὰ
2061 2089 2140 2142 περὶ
2155 2089 2285 2136 ταύτης

1261 2152 1498 2202 διαλεχθῶμεν
1520 2150 1605 2203 πρὸς
1624 2150 1686 2197 τὴν
1704 2150 1873 2202 ὑμετέραν
1895 2151 2050 2201 ἀγάπην,
2071 2153 2181 2189 ἐκεῖνο
2195 2150 2285 2203 πρό-

1260 2227 1357 2265 τερον
1388 2212 1696 2262 παρακαλέσαντες
1724 2216 1824 2262 ὑμᾶς,
1847 2212 1935 2262 μετὰ
1966 2212 2098 2258 πολλῆς
2133 2211 2285 2263 ἡσυχίας

1260 2272 1421 2316 δέξασθαι
1451 2271 1528 2316 τοὺς
1556 2273 1745 2325 ἡμετέρους
1769 2274 1903 2325 λόγους,
1924 2272 1981 2310 ἵνα
2012 2273 2285 2326 καρπωσάμενοί

1260 2350 1293 2371 τι
1309 2339 1475 2385 γενναῖον,
1495 2336 1645 2372 ἐντεῦθεν
1666 2334 1783 2374 οἴκαδε
1807 2334 2076 2387 ἀναχωρήσητε.
2103 2336 2194 2373 Οὐδὲ
2215 2334 2284 2388 γὰρ

1261 2397 1379 2438 ἁπλῶς
1399 2395 1457 2433 καὶ
1482 2397 1557 2447 εἰκῇ
1584 2397 1731 2434 ἐνταῦθα
1750 2395 1932 2446 εσύνιμεν,
1952 2395 2008 2434 ἵνα
2030 2399 2047 2434 ὃ
2067 2396 2129 2446 μὲν
2151 2395 2246 2447 εἴπῃ,
2265 2398 2283 2433 ὁ

1262 2456 1296 2494 δὲ
1313 2456 1466 2509 κροτὴσῃ
1495 2456 1613 2500 ἅπλῶς
1634 2457 1676 2494 τὰ
1695 2457 1878 2508 λεγόμενα,
1907 2457 1966 2495 καὶ
1991 2456 2099 2500 οὕτως
2130 2459 2281 2495 ἐντεῦθεν

1260 2517 1452 2568 ἐξέλθωμεν
1469 2533 1477 2541 ·
1497 2519 1573 2556 ἀλλ’
1594 2517 1650 2556 ἵνα
1669 2519 1728 2556 καὶ
1747 2521 1850 2569 ἡμεῖς
1875 2518 2051 2572 χρήσιμόν
2075 2535 2109 2557 τι
2129 2519 2188 2557 καὶ
2213 2520 2281 2556 τῶν

1259 2578 1472 2631 συνεχόντων
1504 2578 1566 2625 τὴν
1595 2579 1770 2632 σωτηρίαν
1803 2579 1866 2626 τὴν
1900 2579 2094 2631 ᾱὺμετέραν
2123 2579 2280 2632 φθεγξώ-

1261 2643 1360 2691 μεθα,
1382 2639 1441 2677 καὶ
1463 2643 1560 2690 ὑμεῖς
1589 2639 1814 2691 κερδάναντες
1841 2642 1879 2677 ἐκ
1898 2642 1967 2677 τῶν
1985 2639 2202 2691 λεγομένων,
2221 2641 2281 2678 καὶ

1275 2779 1323 2808 καὶ
1340 2776 1536 2818 αἰσχύνεσθαι.
1554 2788 1569 2804 >1

1318 2837 1331 2852 n
1357 2828 1510 2867 Quattuor
1523 2827 1600 2860 Mss.
1618 2832 1675 2872 γὰρ
1693 2831 1806 2865 ἀληθὴς
1821 2829 1922 2872 ἑορτὴ.
1939 2832 2007 2860 ἔνθα
2022 2834 2120 2871 ψυχῶν
2136 2833 2280 2874 σωτηρία,

1277 2876 1358 2910 bene
1371 2879 1500 2910 omissis
1516 2877 1675 2918 articulis,
1695 2879 1750 2922 qui
1767 2879 1799 2910 in
1817 2878 1907 2920 prins
1922 2878 2028 2911 Editis
2044 2878 2207 2912 habentur
2220 2882 2282 2920 sic,

1277 2936 1295 2969 ἡ
1314 2934 1427 2969 ἀληθὴς
1444 2935 1546 2977 ἑορτὴ,
1563 2936 1632 2965 ἔνθα
1650 2941 1707 2965 τῶν
1723 2938 1833 2974 ψυχῶν.
1851 2931 2145 2974 Coislinianus[N⁰
2160 2935 2193 2965 61
2217 2931 2280 2975 bis,

1275 2993 1372 3025 quem
1388 2994 1448 3014 nos
1467 2982 1579 3015 dcnuo
1601 2981 1817 3026 contulimus]
1840 2989 1907 3017 ἔνθα
1924 2990 1981 3026 γάρ
2003 2989 2019 3022 ἡ
2038 2989 2154 3023 ἀληθῶς
2177 2989 2278 3030 ἑορτὴ,

1275 3040 1342 3068 ἔνθα
1359 3042 1468 3078 ψυχῶν.

1318 3088 1334 3111 b
1360 3088 1438 3130 Reg.
1466 3098 1549 3118 unus
1573 3095 1604 3119 et
1621 3087 1756 3120 Coislin.
1781 3095 1815 3119 et
1837 3086 1963 3131 aliquot
1985 3087 2040 3120 alii
2063 3089 2140 3121 Mss.
2166 3094 2214 3122 καὶ
2240 3095 2279 3122 τά

1274 3144 1379 3182 μυρία.

1317 3200 1330 3215 e
1356 3188 1446 3223 Edit.
1468 3189 1581 3222 Morel.
1600 3199 1735 3233 συνῆμεν,
1756 3190 1850 3223 male.
1871 3190 1964 3223 Multi
1982 3192 2055 3223 Mss.
2071 3194 2279 3234 abusque-aha-

1274 3240 1328 3273 iil.
1347 3249 1380 3273 et.
1394 3253 1476 3273 unus
1488 3241 1599 3275 Codex
1616 3246 1740 3285 σύνιμεν.

1319 3295 1334 3320 ¹¹
1359 3294 1494 3328 coislin.
1515 3302 1546 3327 et
1561 3302 1627 3327 tres
1643 3293 1696 3326 alii
1712 3299 1872 3340 ἡμετέραν,
1891 3303 1920 3328 ct
1941 3297 1985 3327 «ic
2000 3294 2100 3327 §.u-il.
