2483 3791
729 241 770 270 tx
808 241 911 269 (LU’.
953 240 997 269 ll.
1037 239 1197 268 GEMS.
1239 239 1393 268 llOMlI..
1435 239 1510 267 xil.
2056 243 2136 285 117

97 327 136 364 τὸ
147 325 241 378 παρὰ
258 327 314 362 τοῦ
330 327 420 364 Θεοῦ
431 325 566 375 γεγονὸς
583 326 628 367 εἰς
646 323 747 361 αὐτὸν
763 323 966 374 ἐμφύσημα.
980 322 1049 361 Καὶ
1063 321 1119 360 ἵνα

96 389 197 424 τοῦτο
216 384 264 436 μὴ
285 387 322 423 ἐκ
342 387 410 423 τῶν
431 385 507 422 τότε
525 383 782 435 γεγενημένων,
804 384 894 422 ἀλλὰ
915 384 972 421 καὶ
993 385 1032 421 ἐκ
1051 387 1119 422 τῶν

97 451 154 484 νῦν
182 448 258 484 καθ’
297 446 448 491 ἑκάστην
487 445 623 498 ἡμέραν
659 444 920 495 συμὸαινόντων
954 444 1119 491 κατίδοις,

98 509 204 546 ἐννόει
225 523 284 558 μοι
307 506 396 558 μετὰ
412 506 474 554 τὴν
498 509 560 552 τῆς
575 508 688 558 ψυχῆς
706 505 818 550 ἔξοδον
840 506 880 544 τὸ
899 509 1002 555 σῶμα
1021 510 1121 544 τοῦτο

99 571 172 611 πῶς
200 568 302 615 ἀηδὲς
322 568 380 605 καὶ
400 567 546 619 ἀτερπὲς
565 566 723 618 ’φαίνεται
741 582 748 590 ·
769 567 829 604 καὶ
850 566 884 603 τί
910 565 1002 616 λέγω
1019 566 1120 612 ἀηδὲς

100 629 159 667 καὶ
178 629 341 682 ἀτερπές
361 632 435 672 πῶς
467 628 629 680 φευκτὸν,
664 627 832 670 δυσωδίας
862 626 1120 677 ἐμπεπλησμέ-

101 704 177 735 νον,
197 695 211 709 “““
223 689 337 736 πάσης
355 689 526 741 ἀμορφίας
548 687 822 740 πεπληρωμένον
836 716 846 734 ,
872 687 912 725 τὸ
938 686 1006 737 πρὸ
1037 687 1120 725 τού-

102 766 184 797 του,
206 751 309 794 ἡνίκα
337 750 399 797 τὴν
435 749 550 801 ψυχὴν
581 743 671 800 εἶχεν
701 751 929 801 ἡνιοχοῧσαν,
961 748 1122 800 φαιδρὸν,

102 811 240 864 χαρίεν,
260 812 391 857 πολλῆς
409 813 471 855 τῆς
498 810 685 861 εὐμορφίας
704 808 995 859 ἐμπεπλησμένον
1008 838 1017 855 ,
1034 810 1120 846 πολ-

102 875 164 917 λῆς
183 875 243 917 τῆς
266 871 433 913 συνέσεως
462 869 736 920 πεπληρωμένον
749 899 758 916 ,
779 870 911 915 πολλὴν
931 868 1123 915 ἐπιτηδειό-

102 948 192 979 τητα
214 932 293 983 ἔχον
315 931 400 983 πρὸς
419 930 482 977 τὴν
508 934 575 968 τῶν
597 933 734 980 ἀγαθῶν
752 929 909 981 πράξεων
939 929 1125 982 ἐνέργειαν.

104 994 226 1032 'raim
260 992 301 1039 δὴ
334 992 448 1030 πάντα
471 995 680 1039 ἐννοοῦντες,
707 992 766 1030 καὶ
794 992 1008 1043 λογιζόμενοι
1038 991 1124 1037 ”τῆν

104 1054 276 1106 εὐγένειαν
298 1057 359 1100 τῆς
378 1052 550 1106 ἡμετέρας
577 1055 705 1105 ψυχῆς,
726 1053 834 1103 μηδὲν
856 1053 992 1098 ἀνάξιον
1021 1054 1127 1098 αὖτῆς

104 1114 417 1168 διαπραττώμεθα,
443 1114 532 1165 μηδὲ
558 1115 895 1168 καταῤῥυπαίνωμεν
922 1113 1028 1160 αὐτὴν
1054 1120 1128 1156 ταῖς

105 1178 246 1220 ἀτόποις
266 1175 424 1229 πράξεσι,
441 1175 664 1219 καθέλκοντες
684 1176 789 1223 αὐτὴν
810 1179 857 1220 εἷς
876 1176 939 1223 τὴν
960 1179 1022 1223 τῆς
1038 1191 1127 1227 σαρ-

106 1240 163 1282 κὸς
186 1237 383 1289 ὑποταγὴν,
414 1237 473 1275 καὶ
500 1237 579 1290 περὶ
598 1236 661 1283 τὴν
682 1236 791 1281 οὕτως
819 1239 939 1288 εὐγενῆ
954 1266 963 1283 ,
984 1237 1044 1275 καὶ
1073 1251 1128 1274 το-

107 1300 237 1345 σαύτης
271 1298 468 1350 ἠξιωμένην
509 1299 714 1350 προεδρίας,
757 1298 864 1342 οὕτως
913 1301 1132 1349 ἀσυμπαθεῖς

108 1360 301 1411 γινόμενοι,
321 1360 379 1397 καὶ
402 1358 612 1410 ἀγνώμονες.
634 1359 701 1397 Διὰ
730 1359 798 1412 γὰρ
817 1359 880 1406 τὴν
911 1359 1040 1407 ταύτης
1071 1362 1132 1398 οὐ-

108 1422 184 1460 σίαν
215 1425 317 1472 ἡμεῖς
345 1423 376 1459 οἱ
405 1419 545 1470 σώματι
565 1420 896 1472 συμπεπλεγμένοι,
917 1422 976 1459 ἐὰν
1005 1422 1134 1472 βουλη-

108 1487 243 1534 θῶμεν,
270 1482 504 1533 δυνησόμεθα,
524 1485 586 1529 τῆς
604 1482 703 1535 παρὰ
722 1487 782 1521 τοῦ
805 1485 897 1522 Θεοῦ
920 1486 1029 1535 ῥοπῆς
1049 1487 1134 1534 ἡμῖν

108 1543 434 1596 συνεφαπτομένης,
453 1549 528 1586 ταῖς
548 1543 754 1594 ’ἀσωμάτοις
785 1545 1001 1595 ἁμιλλᾶσθαι
1029 1544 1136 1583 δυνά-

109 1621 210 1655 μεσι,
230 1604 289 1642 καὶ
310 1606 344 1642 ἐν
369 1606 413 1654 γῇ
436 1603 631 1655 βαδίζοντες
658 1607 705 1649 ὡς
725 1606 758 1643 ἐν
778 1607 915 1657 οὐρανῷ
943 1606 1137 1658 διάγοντες,

109 1665 200 1704 οὕτω
217 1666 482 1713 πολιτεύεσθαι,
499 1666 558 1704 καὶ
575 1667 684 1717 μηδὲν
705 1666 844 1705 ἐκείνων
865 1667 1009 1706 ἔλαττον
1032 1667 1138 1720 ἔχειν,

110 1728 200 1766 ἀλλὰ
218 1727 311 1779 τάχα
329 1727 420 1765 κατά
446 1743 480 1764 τι
499 1727 558 1765 καὶ
577 1727 683 1767 πλέον
697 1745 704 1752 ·
725 1729 786 1767 καὶ
807 1732 903 1777 πῶς,
933 1728 1002 1780 ἐγὼ
1030 1729 1135 1780 λέγω.

111 1789 223 1826 ςὈταν
241 1789 309 1841 γὰρ
329 1790 450 1841 εὑρεθῇ
471 1805 522 1832 τις
539 1788 652 1839 (μετὰ
670 1789 710 1826 τὸ
727 1789 866 1840 σώματι
883 1792 1025 1842 φθαρτῷ
1046 1805 1139 1840 eope

111 1850 322 1901 πεπλέχθαι,
341 1849 384 1887 τὰ
405 1849 493 1888 αὐτὰ
518 1855 594 1893 ταῖς
622 1850 694 1888 ἄνω
723 1851 891 1901 δυνάμεσι
912 1852 1140 1901 πολιτευόμε-

113 1926 180 1959 νος,
198 1914 272 1953 πῶς
291 1911 329 1948 οὐ
351 1911 508 1953 πλείονος
527 1910 756 1958 ἀξιωθήσεται
773 1915 834 1958 τῆς
850 1911 948 1965 παρὰ
968 1915 1028 1949 τοῦ
1051 1914 1143 1950 Θεοῦ

114 1975 238 2023 ῥοπῆς,
259 1971 312 2009 ὅτι
340 1971 398 2009 καὶ
414 1977 489 2014 ταῖς
507 1971 675 2022 ἀνάγκαις
689 1977 749 2012 τοῦ
769 1971 931 2022 σώματος
951 1972 1141 2023 ὑποκείμε-

115 2049 168 2077 νος
196 2032 356 2084 ἀκέραιον
387 2035 449 2079 τῆς
477 2036 591 2085 ψυχῆς
617 2032 705 2080 ‘'r-hv
735 2033 907 2085 εὐγένειαν
939 2034 1144 2086 διετήρησε,

116 2095 185 2133 Καὶ
206 2094 257 2137 τίς
276 2094 316 2131 ἂν
336 2094 521 2141 δυνηθείη,
540 2094 644 2145 φησὶ,
661 2098 816 2138 τοιοῦτος
842 2095 1022 2147 εὑρεθῆναί
1040 2111 1144 2143 *nore-3

117 2156 271 2198 Εἰκότως
304 2154 470 2194 ἀδύνατον
493 2158 579 2205 ἡμῖν
605 2156 644 2194 τὸ
674 2163 822 2207 πρᾶγμα
851 2157 1054 2207 νενόμισται
1088 2156 1145 2194 διὰ

115 2215 173 2252 τὸν
188 2215 296 2253 πολὺν
326 2217 390 2261 τῆς
411 2218 538 2267 ἀρετῆς
560 2216 710 2268 αὐχμόν.
733 2218 776 2255 Εἰ
804 2217 839 2256 δὲ
861 2217 977 2269 βούλει
1003 2221 1145 2268 μαθεῖν,

113 2277 167 2316 ὅτι
185 2278 248 2314 οὐκ
275 2276 349 2315 ἔστι
373 2280 475 2316 τοῦτο
503 2280 571 2315 τῶν
607 2278 809 2326 ἀδυνάτων,
829 2278 992 2325 ἐννόησόν
1024 2294 1083 2329 μοι
1113 2278 1146 2323 ἐξ

115 2340 226 2389 ἀρχῆς
255 2337 360 2391 μέχρι
387 2341 447 2375 τοῦ
471 2339 641 2390 παρόντος
669 2339 748 2382 τοὺς
773 2339 1075 2393 εὖαρεστήσαντας
1096 2342 1146 2389 τῷ

116 2398 279 2449 Aeo-⁷:627.
291 2429 300 2446 ‚
319 2398 376 2436 τὸν
394 2398 504 2451 μέγαν
524 2403 539 2419 ⁴³
554 2399 720 2447 Ἰωάννην
736 2402 877 2453 ἐκεῖνον,
896 2400 953 2439 τὸν
971 2404 1034 2447 τῆς
1053 2399 1147 2438 στεί-

118 2475 178 2511 ρας
205 2460 299 2507 υἱον,
329 2460 388 2498 τὸν
416 2463 477 2506 τῆς
507 2461 638 2513 ἐρήμου
654 2462 816 2510 πολίτην,
838 2464 978 2501 Παῦλον
1005 2462 1064 2501 τὸν
1085 2465 1148 2508 τῆς

116 2520 319 2571 οἰκουμένης
352 2521 583 2568 διδάσκαλον,
616 2523 676 2561 καὶ
706 2524 821 2562 πάντα
850 2527 920 2562 τῶν
953 2523 1060 2576 ἁγίων
1085 2524 1143 2562 τὸν

117 2582 284 2634 ὃρμαθὸν,
311 2581 343 2619 οἳ
363 2586 424 2629 τῆς
444 2584 553 2629 αὐτῆς
572 2586 659 2635 ἡμῖν
683 2584 816 2637 φύσεως
846 2584 1051 2638 ἐτύγχανον,
1069 2591 1146 2629 ταῖς

117 2644 236 2686 αὐταῖς
264 2642 430 2694 ἀνάγκαις
454 2647 514 2682 τοῦ
534 2643 695 2695 σώματος
719 2646 964 2697 ὓποκείμενοι,
990 2646 1050 2685 καὶ
1071 2663 1143 2698 μη-

118 2703 192 2742 κέτι
218 2703 339 2742 λοιπὸν
367 2704 532 2744 ἀδύνατον
554 2699 642 2744 εἶναι
660 2706 700 2744 τὸ
728 2713 877 2759 πρᾶγμα
895 2707 1031 2758 νόμιζε,
1056 2698 1145 2759 μηδὲ

118 2765 343 2817 ὀκνηρότερος
361 2765 456 2816 γίνου
476 2767 557 2819 περὶ
583 2766 647 2814 τὴν
677 2768 819 2821 ἀρετὴν,
837 2768 1009 2812 τοσαύτας
1027 2768 1145 2807 λαὸὼν

121 2826 181 2869 τὰς
203 2826 362 2879 ἀφορμὰς
381 2827 479 2880 παρὰ
496 2831 555 2866 τοῦ
586 2829 766 2868 Δεσπότου
785 2830 870 2882 πρὸς
890 2830 931 2869 τὸ
950 2832 1027 2881 μετ’
1049 2831 1148 2868 εὐκο-

120 2886 196 2930 λίας
211 2885 336 2934 ἀὐτὴν
359 2889 596 2927 ἀσπάσασθαι.
615 2889 684 2928 Καὶ
703 2890 771 2943 γὰρ
788 2890 887 2935 εἰδὼς
905 2895 923 2930 ὁ
945 2891 1145 2944 φιλάνθρω-

122 2962 184 2990 πῦς
203 2950 302 2997 ἡμῶν
323 2948 504 2996 Δεσπότης
531 2951 571 2989 τὸ
600 2953 740 2995 ἀσθενὲς
764 2955 864 3002 ἡμῶν
895 2955 958 2999 τῆς
984 2950 1149 3005 προαιρέ-

122 3023 226 3055 σεως,
262 3009 320 3046 καὶ
360 3009 399 3046 τὸ
437 3010 610 3050 εὐόλισθον
623 3041 632 3059 ,
678 3013 816 3063 μεγάλα
850 3013 1022 3066 φάρμακα
1062 3016 1148 3062 ἡμῖν

123 3069 308 3118 κατέλιπε,
328 3070 390 3117 τὴν
413 3073 452 3109 ἐκ
471 3074 538 3110 τῶν
558 3074 706 3125 Γραφῶν
727 3074 921 3126 ἀνάγνωσιν
935 3105 944 3122 ,
962 3073 1019 3112 ἵνα
1037 3077 1148 3112 ταῦτα

167 3194 184 3208 ι
196 3183 333 3218 Coislin.
354 3191 401 3219 καὶ
418 3192 511 3225 πάσης
528 3193 679 3233 ἁμαρτίας
695 3193 939 3234 πεπληρωμένον-

168 3235 254 3268 bSic
279 3236 430 3270 sax-itm
454 3250 508 3271 sex
537 3241 628 3280 Mss„
647 3248 747 3284 atque
772 3240 817 3273 ita
845 3241 922 3285 legit
950 3242 1132 3284 Interpres.

107 3306 109 3308 -
126 3286 239 3320 Morel.
257 3295 290 3319 et.
305 3287 360 3320 alil
375 3296 428 3329 τὴν
443 3296 601 3336 ἐνέργειαν.

168 3349 179 3362 r
199 3339 274 3371 Duo
300 3339 377 3372 Mss.
404 3349 485 3384 μετὰ
510 3353 568 3387 τῷ,
596 3343 691 3376 male.
721 3343 822 3379 savit.
846 3351 928 3388 μετὰ
954 3353 999 3380 τό.
1019 3344 1133 3378 Moret.

128 3396 208 3430 μετὰ
235 3396 297 3424 τοῦ.

172 3441 187 3465 <¹
205 3440 258 3474 Sic
275 3442 377 3478 savit,
389 3451 421 3475 et
438 3443 575 3478 contin.
594 3454 693 3489 atque
710 3447 754 3479 ita
773 3448 850 3491 tegit
864 3449 1044 3491 Inter-pres.
1063 3449 1136 3482 Mo—

1188 320 1233 358 atl
1253 321 1342 359 nihil
1362 320 1477 369 utilis;
1498 322 1544 357 ita
1571 329 1614 358 ut-
1628 329 1741 358 totum
1766 320 1855 357 illud
1877 321 1974 371 quod
2003 322 2036 358 iu
2066 332 2140 358 tau—

1190 391 1265 420 tum
1288 382 1456 420 honorem
1478 382 1596 434 ipsum
1617 382 1805 435 provexit,
1831 382 1922 419 nibil
1952 382 2048 419 aliud
2079 384 2139 431 sit,

1188 458 1296 494 quam
1310 443 1529 496 spiraculum
1546 443 1639 481 illud
1661 458 1680 480 a
1702 444 1776 481 Deo
1793 443 2017 495 inspiratum.
2033 444 2142 481 Ca-tc-

1138 540 1169 564 98
1191 518 1270 542 rum
1296 514 1334 542 ut
1359 504 1427 543 hoc
1451 518 1520 543 non
1550 504 1666 543 solum
1697 519 1742 543 ex
1766 504 1809 542 iis
1837 518 1915 556 quae
1946 513 2030 541 tune
2052 505 2142 540 sacta

1144 581 1166 605 Λ
1189 574 1292 615 suut,
1308 565 1368 603 sed
1382 574 1470 604 etex
1491 565 1535 603 iis
1553 579 1632 617 quoe
1650 579 1743 603 nunc
1759 564 1919 616 quotidie
1937 564 2142 615 contingunt

1190 625 1311 663 videas
1325 656 1335 675 ‚
1350 627 1465 678 cogita
1486 636 1602 664 tecum
1619 626 1798 677 quomodo
1822 635 1898 677 post
1917 626 2044 664 animae
2058 626 2144 663 emi-

1191 687 1403 737 grationem,
1420 701 1548 738 corpus
1569 687 1634 724 hoc
1657 697 1728 725 tam
1755 688 1902 725 insuave
1928 695 1961 724 et
1981 686 2146 738 injucun-

1190 747 1278 784 dum
1295 757 1443 799 apparet
1459 763 1466 784 :
1481 757 1512 785 et
1540 747 1627 798 quid
1647 748 1748 796 dico,
1768 749 1915 785 insuave
1931 757 1963 785 et
1984 748 2147 799 injucun-

1191 808 1305 845 dum?
1336 822 1444 858 quam
1477 808 1721 857 horrendum,
1761 824 1868 859 quain
1896 809 2080 858 soetidum,
2116 819 2149 846 et

1191 868 1417 907 deformitate
1442 869 1607 921 plenum,
1627 868 1722 919 quod
1743 877 1845 906 antea
1867 883 1947 905 cum
1964 871 2009 906 ab
2028 870 2148 906 anima

1193 939 1376 981 regeretur
1392 960 1403 980 ,
1442 929 1645 982 jucundum
1666 960 1676 979 ,
1712 938 1853 981 gratum
1887 929 2151 981 admodumque

1195 992 1391 1029 formosum
1409 1000 1504 1041 erat,
1519 990 1631 1029 multa
1651 991 1796 1043 plenum
1820 991 2006 1042 prudentia
2018 1021 2029 1037 ,
2053 1000 2087 1028 et
2105 991 2153 1028 ad

1196 1052 1289 1090 hona
1313 1067 1419 1105 opera
1452 1066 1580 1104 magna
1608 1052 1818 1090 dexteritate
1840 1052 2044 1104 praeditum.
2068 1053 2153 1090 llaet:

1198 1113 1320 1165 utique
1345 1114 1463 1151 omnia
1487 1114 1701 1166 cogitantes,
1721 1128 1761 1152 ac
1781 1113 1966 1151 nobiscum
1988 1124 2152 1166 reputan-

1198 1184 1248 1213 tes
1268 1185 1398 1226 quanta
1421 1177 1466 1214 sit
1493 1176 1619 1214 animae
1646 1185 1772 1214 nostrat
1794 1176 1959 1213 nobilitas
1973 1206 1982 1221 ‚
2005 1190 2047 1213 nc
2066 1176 2155 1226 quid

1200 1251 1238 1274 ea
1266 1236 1458 1288 indignum
1488 1251 1689 1290 operemur,
1712 1251 1754 1275 ne
1784 1236 2053 1288 eoinquinemus
2078 1251 2152 1275 eam

1155 1307 1178 1338 B
1201 1298 1338 1337 illicitis
1356 1299 1548 1351 operibus,
1569 1314 1611 1337 ne
1630 1299 1698 1338 sub
1719 1299 1834 1337 earnis
1856 1300 2062 1338 servitutem
2079 1315 2155 1337 eam

1201 1360 1451 1412 subjugemus,
1467 1375 1508 1399 ne
1522 1370 1595 1399 tam
1610 1361 1763 1398 nobilem
1779 1392 1787 1408 ,
1800 1370 1966 1412 tantaque
1985 1360 2158 1412 dignitate

1203 1421 1392 1460 sublimem
1403 1452 1414 1471 ,
1427 1421 1478 1460 sic
1497 1421 1689 1460 crudeliter
1701 1432 1735 1460 et
1749 1422 2078 1461 innnisericorditer
2089 1432 2158 1461 tra-

1204 1491 1350 1521 ctemus.
1371 1483 1464 1521 Nam
1483 1493 1628 1536 propter
1650 1483 1746 1522 illius
1766 1483 2001 1522 substantiam
2023 1498 2085 1522 nos
2099 1485 2159 1535 qui

1205 1557 1352 1596 corpore
1374 1543 1529 1582 involuti
1557 1546 1743 1594 sumus,si
1775 1545 1946 1594 velimus,
1972 1560 2160 1597 possumus

1207 1619 1290 1643 cum
1307 1605 1525 1658 incorporeis
1543 1607 1739 1645 virtutibus
1751 1637 1759 1653 ‚
1777 1607 1971 1659 adjuvante
1983 1621 2046 1645 nos
2060 1607 2160 1645 divi-

1207 1681 1251 1704 na
1267 1667 1400 1719 gratia,
1423 1676 1570 1718 certare,
1584 1677 1619 1705 et
1638 1668 1673 1705 in
1693 1677 1785 1707 terra
1802 1668 2023 1706 ambulantes
2037 1699 2047 1717 ,
2061 1669 2161 1719 quasi

1208 1728 1244 1766 in
1264 1729 1349 1766 caelo
1368 1728 1505 1778 vivere,
1517 1737 1551 1766 et
1566 1729 1658 1767 nibil
1671 1730 1788 1768 minus
1803 1744 1910 1780 quam
1925 1729 1996 1767 illae
2012 1730 2162 1775 habere;

1209 1788 1280 1827 imo
1314 1790 1403 1827 sorte
1435 1789 1574 1839 aliquid
1604 1790 1784 1842 amplius:
1810 1791 1990 1841 quomodo
2021 1800 2163 1838 autem,

1209 1863 1273 1901 ego
1300 1849 1431 1887 dicam.
1456 1850 1611 1896 Quando
1638 1851 1733 1888 enim
1760 1851 1840 1901 quis
1868 1851 2034 1889 inventus
2060 1851 2167 1889 fuerit

1211 1910 1438 1963 corruptibili
1459 1910 1526 1949 hoc
1547 1925 1693 1963 corpore
1712 1911 1967 1961 circumdatus,
1985 1913 2032 1950 ita
2054 1913 2165 1951 vitam

1211 1985 1318 2024 agens
1346 1981 1385 2009 ut
1414 1986 1574 2024 supernae
1601 1972 1672 2010 illae
1697 1973 1868 2022 virtutes,
1897 1973 2076 2024 quomodo
2098 1988 2166 2012 non

1164 2048 1187 2078 (⁸¹
1213 2033 1479 2085 propensiorem
1495 2033 1562 2070 Dei
1573 2032 1724 2085 gratiam
1742 2033 1921 2079 sortietur,
1941 2034 2024 2085 quia
2044 2049 2168 2087 corpo-

1213 2093 1263 2132 ris
1278 2094 1548 2132 necessitatibus
1565 2094 1763 2145 obnoxius,
1780 2095 2024 2147 incorruptam
2041 2096 2168 2134 anima:

1214 2155 1438 2193 nobilitatem
1464 2155 1646 2194 servavit?
1676 2155 1810 2206 Ecquis
1836 2171 2032 2207 umquam,
2054 2156 2169 2206 dices,

1214 2216 1344 2268 poterit
1364 2216 1521 2256 inveniri
1541 2216 1646 2254 talis?
1663 2216 1794 2255 Merito
1814 2217 2046 2269 impossibilis
2065 2218 2170 2256 nobis

1214 2277 1291 2315 haec
1310 2291 1364 2316 res
1381 2276 1538 2326 videtur,
1559 2293 1713 2329 quorum
1732 2279 1847 2318 virtus
1877 2278 2073 2317 admodum
2092 2281 2170 2318 exi-

1216 2353 1297 2390 gua.
1320 2340 1369 2377 At·
1388 2339 1418 2378 si
1439 2338 1494 2379 vis
1509 2339 1643 2377 discere
1662 2354 1732 2378 non
1748 2354 1822 2378 esse
1838 2340 1905 2378 hoc
1924 2341 2147 2393 impossibile
2161 2371 2171 2389 ,

1216 2400 1347 2453 cogita,
1368 2415 1446 2451 oro,
1467 2415 1588 2440 omnes
1603 2402 1718 2454 justos
1731 2433 1741 2451 ,
1757 2402 1818 2453 qui
1834 2403 1989 2440 Domino
2005 2402 2051 2440 ab
2071 2402 2172 2440 initio

1217 2475 1328 2513 usque
1346 2461 1392 2499 ad
1416 2476 1569 2515 praesens
1595 2471 1735 2515 tempus
1758 2463 1985 2515 placuerunt,
2003 2477 2172 2515 magnum

1217 2522 1341 2571 illum,
1373 2532 1407 2560 et
1439 2522 1638 2560 insecundae
1673 2523 1791 2561 filium
1809 2553 1820 2573 ,
1851 2533 1885 2561 et
1912 2524 2019 2561 eremi
2056 2524 2171 2562 civem

1216 2585 1410 2634 Joannem,
1433 2584 1588 2621 Paulum
1608 2598 1750 2635 quoque
1768 2585 1977 2636 magistrum
1994 2585 2091 2622 orbis
2109 2615 2119 2634 ,
2137 2594 2171 2623 et
2219 2602 2376 2629 Possumus

1217 2659 1358 2684 omnem
1371 2654 1574 2683 sauctorum
1596 2645 1868 2696 numerum,qui
1891 2645 2051 2683 eamdem
2066 2660 2172 2697 quam
2231 2643 2375 2698 *¹⁰³¹.¹f¹‘''”

1218 2721 1282 2744 nos
1297 2715 1461 2744 naturam
1475 2705 1651 2754 habuere,
1665 2705 1791 2743 iisdem
1811 2706 1970 2758 corporis
1988 2707 2173 2745 necessita·
2189 2685 2376 2755 “mlliffiffiffi

1170 2783 1196 2812 Ι)
1220 2767 1316 2806 tibus
1330 2766 1499 2815 obnoxii,
1520 2776 1554 2804 et
1572 2780 1616 2803 ne
1639 2765 1732 2803 ultra
1752 2766 1974 2819 impossibile
1995 2781 2069 2805 esse
2084 2782 2174 2820 opus
2189 2770 2310 2797 immri-

1220 2829 1424 2875 existimes,
1447 2842 1560 2878 neque
1590 2826 1731 2878 segnior
1762 2827 1810 2865 sis
1833 2827 1881 2866 ad
1912 2827 2104 2877 virtutem,
2129 2829 2176 2867 ad

1220 2904 1329 2941 quam
1350 2889 1453 2928 facile
1470 2886 1756 2940 amplectendam
1777 2897 1891 2927 tantas
1906 2903 1924 2926 a
1945 2890 2101 2928 Domino
2115 2904 2177 2928 na-

1220 2960 1298 2989 ctus
1312 2964 1347 2989 es
1363 2949 1577 2989 occasiones.
1597 2948 1720 2986 Sciens
1738 2949 1834 2987 enim
1856 2949 2032 3003 benignus
2045 2951 2176 2989 Domi-

1222 3027 1289 3051 nus
1309 3021 1438 3050 nostrae
1452 3010 1648 3049 voluntatis
1669 3010 1928 3060 infirmitatem,
1944 3021 1977 3050 et
1995 3012 2041 3050 ad
2058 3013 2178 3051 laben-

1221 3073 1310 3112 dum
1326 3072 1606 3125 proclivitatem,
1619 3085 1746 3123 magna
1763 3072 1867 3110 nobis
1884 3072 2119 3112 medicamina
2143 3074 2177 3111 in

1172 3188 1229 3220 rel.
1244 3187 1342 3221 etalii
1361 3195 1414 3226 τὴν
1430 3194 1589 3233 ἐνέργειαν.

1214 3247 1226 3260 ⁰
1241 3241 1295 3273 Sic
1312 3239 1413 3273 Savil.
1431 3247 1463 3271 et
1477 3238 1544 3272 duo
1559 3238 1638 3271 Mss.
1659 3238 1721 3272 Alii
1738 3238 1830 3275 ὺλίαν
1846 3252 1906 3283 pro
1921 3242 2058 3280 ἰωάννηυ.
2073 3242 2181 3275 Inter-

1171 3304 1246 3335 pres
1270 3299 1447 3335 utrumque
1470 3290 1611 3335 legerat,
1629 3291 1673 3324 ita
1697 3301 1732 3324 ut
1756 3293 1902 3326 Joannes
1926 3292 1979 3326 liic
2009 3302 2181 3327 vocaretur

1171 3344 1292 3377 Helias.
1307 3344 1361 3377 Sic
1377 3345 1477 3375 etiam
1497 3352 1562 3377 tres
1578 3344 1654 3376 Mss.
1673 3341 1766 3380 ὺλὶαν
1781 3350 1887 3380 ἐκεῖνον
1909 3346 2044 3383 ἰωάννην.

1217 3398 1230 3422 Γ
1251 3397 1304 3429 Sic
1320 3395 1421 3429 Saxil.
1441 3403 1473 3428 et
1489 3407 1608 3429 notem
1624 3397 1702 3430 Mss.
1723 3396 1838 3431 Moret.
1858 3409 1934 3430 xero
1952 3403 2043 3436 αὐτὴν
2064 3404 2186 3432 ἐπηπά-

1174 3454 1288 3483 σασθαμ
