2516 3791
295 119 388 165 658

296 215 534 267 reprimamus
561 229 684 256 eorum
720 217 944 268 inimicitias,
977 226 1011 255 et
1046 216 1248 267 indignatas

299 289 422 314 eorum
451 291 614 315 curemus
646 278 793 316 animas.
817 278 912 317 Vide
926 277 1020 315 enim
1038 276 1248 328 sapientiam
1269 290 1277 297 ·

299 336 408 389 hujus
425 338 526 389 justi,
542 338 720 388 quomodo
739 352 865 389 magua
882 338 1074 375 verborum
1091 337 1248 375 efficacia

299 397 349 435 ita
362 397 457 435 Esa'u
472 398 655 446 demulsit,
677 407 715 435 ut
731 407 764 435 et
780 398 825 435 ad
844 411 925 434 eum
943 397 1131 434 colendum
1145 398 1247 435 festi-

299 467 412 505 naret,
432 467 465 494 et
489 458 602 495 facere
620 458 726 496 vellet
745 457 864 494 omnia
887 471 966 507 quae
982 457 1028 495 ad
1049 458 1125 510 ejus
1140 459 1248 511 perti-

298 519 429 556 nebant
446 519 627 556 honorem.
648 519 725 556 Hoc
750 532 832 556 vere
856 533 1003 557 summae
1015 519 1161 557 virtutis
1180 529 1246 570 est,

299 589 338 617 ut
364 593 433 617 non
459 579 572 617 solum
593 593 650 616 eos
677 578 738 629 qui
762 579 851 617 bene
874 579 909 617 in
941 594 1005 618 nos
1027 581 1247 631 afficiuntur,

298 654 427 691 magno
454 639 572 676 studio
599 638 808 690 diligamus,
821 649 854 678 et
869 641 919 678 eis
949 641 1114 680 omnibus
1133 642 1249 680 modis

112 738 118 744 ,
146 695 595 743 ,¹¹¹³m⁵⁰‘?⁵serviamus:sed
620 709 659 738 ut
687 701 792 739 etiam
826 716 883 740 eos
915 702 979 753 qui
1004 703 1106 740 nobis
1133 703 1249 741 infesti

95 737 168 806 1⁵32
188 747 284 804 ⁶⁰22]
300 776 372 799 esse
396 761 534 809 volunt,
553 760 760 800 assiduitate
788 762 990 801 officiorum
1007 764 1110 802 nobis
1134 765 1250 802 conci-

97 830 150 857 gna
179 820 283 849 virm·
297 823 424 860 liemus
443 822 587 860 amicos.
608 822 709 861 Nihil
723 823 817 862 enim
831 824 1101 863 mansuetudine
1115 825 1251 863 violen-

297 884 379 921 tius.
408 885 502 921 Nam
536 883 627 921 sicut
657 898 784 935 rogum
814 886 1039 924 vehementer
1070 887 1251 925 incensum

296 960 388 996 aqua
415 945 542 997 injecta
569 944 771 997 restinguit,
790 946 838 983 ita
869 956 904 984 et
933 947 1092 985 animum
1112 949 1250 986 camino

297 1007 411 1058 magis
430 1007 715 1044 exardescentem
734 1007 887 1045 verbum
907 1022 986 1046 cum
1008 1009 1251 1047 mansuetudi—

297 1083 341 1106 ne
360 1069 540 1121 prolatum
567 1068 762 1120 exstinguit
785 1084 793 1104 ε
816 1078 850 1107 et
877 1069 1014 1121 duplex
1043 1070 1125 1108 inde
1150 1071 1251 1109 nobis

298 1130 440 1168 lucrum
461 1131 637 1177 accrescit,
647 1138 723 1167 tum
738 1129 835 1180 quod
862 1145 925 1168 nos
945 1132 1252 1173 mansuetudinem

300 1191 523 1239 exhibemus,
540 1200 617 1228 tum
644 1190 736 1242 quod
759 1191 878 1230 fratris
899 1192 1178 1244 indignationem
1202 1208 1253 1232 se-

301 1252 443 1302 damus,
467 1261 500 1289 et
518 1261 671 1289 mentem
691 1253 766 1304 ejus
780 1266 800 1289 a
819 1253 1022 1291 turbatione
1042 1254 1248 1293 liberamus.

303 1312 402 1361 Quid
432 1313 616 1361 eni1n‚dic
642 1313 757 1351 mihi?
776 1316 900 1351 Annon
928 1315 1156 1366 reprehendis
1184 1316 1252 1353 sra-

301 1383 392 1412 trem
410 1383 513 1412 tuum
532 1384 565 1413 et
583 1389 726 1413 accusas
745 1375 820 1427 ejus
843 1376 1136 1427 indignationem,
1159 1377 1254 1429 quod

301 1434 478 1473 hostiliter
501 1436 546 1473 sit
575 1437 722 1475 aflectus
746 1451 827 1488 erga
855 1437 912 1474 te?
937 1439 1010 1475 Cur
1042 1438 1153 1489 igitur
1184 1453 1253 1477 non

301 1495 444 1534 diversa
456 1497 513 1535 via
534 1496 653 1534 studes
673 1497 844 1544 incedere,
858 1497 918 1534 sed
934 1498 1008 1550 ipse
1021 1499 1135 1550 magis
1151 1499 1253 1537 irasci

302 1555 357 1593 vis
369 1557 385 1592 1³
397 1556 493 1593 Num
510 1565 623 1607 potest
642 1556 716 1607 igni
737 1556 829 1607 ignis
847 1557 1052 1609 exstingui?
1067 1560 1255 1611 Repugnat

301 1616 370 1654 hoe
397 1626 543 1654 naturae.
563 1617 623 1654 Sic
642 1631 753 1669 neque
770 1619 870 1655 furor
894 1619 1011 1656 furore
1031 1619 1102 1657 alio
1118 1620 1256 1658 demul-

303 1677 372 1714 ceri
391 1678 518 1729 poterit
533 1692 704 1728 umquam
722 1695 729 1715 :
747 1679 876 1717 etenim
889 1679 986 1730 quod
1000 1680 1074 1731 igni
1088 1690 1138 1718 est
1152 1696 1255 1732 aqua,

301 1737 370 1775 hoc
385 1748 436 1776 est
455 1739 516 1776 irae
536 1740 770 1778 mansuetudo
786 1750 819 1778 et
835 1740 1043 1779 moderatio.
1067 1743 1256 1795 Propterea

104 1794 218 1823 M‘fflh·
237 1793 267 1821 5-
304 1805 336 1833 et
367 1796 533 1834 Christus
562 1796 700 1835 dicebat
730 1798 917 1851 discipulis
948 1815 956 1836 z
983 1800 1023 1838 Si
1053 1802 1257 1854 diligentes

102 1834 158 1875 46⁷
303 1871 375 1895 vos
396 1858 572 1909 diligitis,
590 1873 708 1910 quam
725 1862 936 1897 mercedem
949 1862 1099 1899 habetis
1112 1867 1128 1899 P
1149 1863 1256 1900 Dein-

303 1919 347 1956 de
379 1919 494 1970 magis
530 1919 577 1957 ad
615 1921 684 1958 hoc
717 1921 894 1959 cohortari
931 1931 964 1960 et
1000 1924 1257 1975 reprehendere

304 1980 520 2031 negligentes
541 1981 676 2029 volens,
696 1981 785 2019 dicit
803 1999 810 2019 :
829 1984 969 2021 Nonne
995 1993 1031 2022 et
1054 1986 1257 2036 publicani

305 2042 406 2077 idem
417 2043 608 2093 faciunt?
629 2044 899 2094 Quemcumque
918 2044 1013 2082 enim
1044 2045 1257 2096 ignavorum

305 2102 496 2151 sumseris,
523 2117 637 2140 nonne
677 2103 744 2141 hoc
775 2104 884 2142 facit?
914 2119 1028 2143 nonne
1071 2116 1105 2144 et
1136 2108 1258 2159 publi-

1269 2137 1316 2161 569

716 137 754 167 S.
792 136 978 167 JOANNIS
1014 136 1256 167 CHRYSOST.
1296 135 1502 167 ARCHIEP.
1541 136 1901 169 CONSTANTINOP.

1320 217 1377 256 διὰ
1403 219 1620 270 πραγμάτων
1651 220 1941 271 καταστέλλωμεν
1966 225 2076 260 αὐτῶν
2104 222 2167 270 τὴν
2196 222 2339 277 ἔχθραν,

1320 277 1380 315 καὶ
1396 277 1609 331 ἷατρεύωμεν
1631 280 1743 318 αὐτῶν
1759 280 1822 327 τὴν
1836 281 1952 334 ψυχὴν
1962 283 2226 334 κεκακωμένην.
2241 283 2339 336 “Ορα

1321 338 1388 391 γὰρ
1406 339 1469 386 τὴν
1496 339 1617 391 σοφίαν
1637 340 1756 380 τούτου
1780 347 1840 381 τοῦ
1868 344 2018 393 δικαίου,
2039 345 2132 388 ὅπως
2157 349 2199 396 τῇ
2227 347 2339 398 πολλῇ

1323 399 1456 451 εὐτονίᾳ
1478 403 1546 438 τῶν
1565 401 1731 453 ῥημάτων
1761 402 1850 441 οὕτω
1869 403 1926 441 τὸν
1943 404 2058 443 (Ησαῦ
2087 406 2341 456 κατεμάλαξεν,

1321 463 1368 504 ὡς
1387 460 1448 498 καὶ
1466 461 1550 512 πρὸς
1568 462 1751 512 θεραπείαν
1774 464 1879 502 αὐτοῦ
1909 465 2127 516 ἐπείγεσθαι,
2150 466 2209 504 καὶ
2227 466 2343 505 πάντα

1321 522 1406 575 πρὸς
1422 522 1484 569 τὴν
1503 521 1624 560 τούτου
1644 523 1749 573 τιμὴν
1776 525 1959 575 βούλεσθαι
1974 533 2100 564 ποιεῖν.
2123 529 2237 565 Τοῦτο
2257 529 2343 574 ἀλη-

1322 585 1389 627 θῶς
1421 583 1588 635 μεγίστης
1617 583 1709 622 ἐστὶν
1738 586 1888 636 ἀρετῆς,
1909 589 1972 639 οὐχ
1993 587 2076 625 ὅταν
2098 587 2175 630 τοὺς
2195 587 2345 639 γνησίως

1321 644 1407 696 πρὸς
1437 649 1533 695 ἡμᾶς
1563 645 1800 695 διακειμένους
1827 648 1969 699 ἀγαπᾷν
1995 649 2255 699 σπουδάζωμεν,
2286 648 2345 686 καὶ

1323 705 1566 758 θεραπεύωμεν
1593 706 1698 744 παντὶ
1726 709 1775 759 τῷ
1797 706 1935 759 τρόπῳ,
1967 708 2057 746 ἀλλὰ
2079 709 2138 746 καὶ
2163 708 2243 747 ὅταν
2263 709 2342 753 τοὺς

1324 764 1526 818 ἐπηρεάζειν
1545 769 1630 816 ἡμῖν
1650 766 1874 817 βουλομένους
1895 766 1952 805 διὰ
1977 771 2039 814 τῆς
2071 769 2204 814 πολλῆς
2223 784 2336 821 προσ-

1325 824 1440 871 ηνείας
1450 824 1691 876 ἐπισπώμεθα.
1703 826 1814 865 Οὐδὲν
1828 826 1896 880 γὰρ
1907 827 2092 872 ἐπιεικείας
2104 827 2343 881 σφοδρότερον.

1322 884 1465 939 ”Ωσπερ
1480 885 1547 939 γὰρ
1560 886 1623 933 τὴν
1637 887 1747 939 πυρὰν
1762 889 1916 940 σφοδρῶς
1932 889 2102 932 πολλάκις
2115 888 2346 939 ἐκκαιομένην

1325 947 1418 1001 ὕδωρ
1437 948 1623 994 ἐπιὲληθὲν
1643 949 1865 996 κατέσὸεσεν,
1883 949 1972 988 οὕτω
1999 950 2058 988 καὶ
2077 950 2134 988 τὸν
2159 949 2264 1000 θυμὸν
2280 965 2344 987 κα-

1326 1009 1426 1060 μίνου
1441 1002 1664 1062 σφοδρότερον
1685 1010 1914 1061 ἐξαπτόμενον
1934 1011 2034 1062 λόγος
2056 1013 2132 1061 μετ’
2154 1010 2342 1054 ἐπιεικείας

1325 1069 1456 1125 προϊὼν
1477 1070 1731 1109 κατασῧέννυσι
1743 1102 1752 1118 ,
1770 1071 1829 1109 καὶ
1845 1072 1982 1109 διπλοῦν
2001 1075 2086 1121 ἡμῖν
2103 1073 2143 1110 τὸ
2157 1072 2277 1124 κέρδος
2292 1070 2348 1123 γί-

1324 1147 1437 1178 νεται,
1455 1130 1540 1179 ὑπὲρ
1556 1125 1604 1168 ῶν
1621 1147 1659 1169 τε
1677 1132 1772 1170 αὐτοὶ
1787 1131 1850 1178 τὴν
1864 1131 2051 1169 ἐπιείκειαν
2070 1131 2347 1182 ἐπιδεικνύμεθα,

1326 1191 1385 1230 καὶ
1397 1191 1482 1244 ὑπὲρ
1503 1186 1550 1230 ῶν
1580 1196 1640 1230 τοῦ
1664 1193 1812 1244 ἀδελφοῦ
1833 1192 1891 1229 τὸν
1908 1193 2014 1243 θυμὸν
2035 1193 2322 1236 καταπαύσαντες
2336 1221 2346 1240 ,

1326 1253 1384 1292 τὸν
1411 1253 1577 1304 λογισμὸν
1608 1256 1712 1292 αὐτοῦ
1741 1256 1898 1305 ταραχῆς
1926 1255 2180 1305 ἐλευθεροῦμεν.
2201 1254 2248 1291 Τὶ
2268 1253 2348 1305 γὰρ,

1328 1315 1404 1352 εἰπέ
1429 1331 1505 1366 μοι,
1526 1315 1617 1366 Οὐχὶ
1645 1314 1765 1367 μέμφῃ
1789 1314 1847 1352 καὶ
1880 1320 2086 1366 κατηγορεῖς
2109 1319 2168 1352 τοῦ
2200 1315 2348 1367 ἀδελφοῦ

1328 1376 1564 1426 θυμουμένου,
1581 1376 1640 1413 καὶ
1664 1378 1794 1427 ἐχθρῶς
1820 1375 1905 1427 πρὸς
1931 1374 1969 1414 σὲ
1992 1375 2230 1426 διακειμένου,
2246 1374 2348 1417 Τίνος

1328 1430 1386 1475 οῦν
1414 1436 1527 1474 ἕνεκεν
1567 1437 1644 1488 οὐχὶ
1676 1436 1731 1474 διὰ
1758 1438 1826 1474 τῶν
1859 1436 2019 1473 ἐναντίων
2054 1436 2155 1479 αὐτὸς
2186 1435 2350 1487 ἔρχεσθαι

1288 1512 1300 1540 ζ
1329 1498 1554 1545 σπουδάζεις,
1583 1497 1673 1536 ἀλλὰ
1703 1500 1893 1548 θυμοῦσθαι
1923 1497 1982 1535 καὶ
2015 1497 2115 1540 αὐτὸς
2145 1496 2203 1534 ἐπὶ
2231 1497 2349 1534 πλεῖον

1330 1559 1467 1610 βούλει,
1485 1560 1547 1605 Μὴ
1575 1559 1642 1611 γὰρ
1663 1559 1803 1596 δυνατὸν
1829 1562 1900 1608 πῦρ
1922 1558 2006 1610 πυρὶ
2030 1558 2252 1605 σὸέννυσθαι,
2272 1559 2350 1595 Οὐκ

1330 1618 1405 1671 ἔχει
1431 1620 1532 1671 φύσιν
1554 1620 1594 1657 τὸ
1617 1620 1857 1671 γεγενημένον.
1879 1619 2003 1662 Οὕτως
2023 1619 2098 1657 οὐδὲ
2117 1618 2223 1668 θυμὸν
2242 1617 2350 1671 ἑτέρῳ

1330 1683 1427 1732 θυμῷ
1443 1678 1752 1732 καταπραύνεσθαι
1770 1680 1910 1718 δυνατὸν
1928 1680 1967 1717 ἂν
1987 1679 2119 1731 γένοιτό
2138 1694 2220 1717 ποτε
2234 1694 2241 1702 ·
2264 1678 2350 1731 ὅπερ

1326 1741 1395 1794 γάρ
1413 1743 1488 1779 ἐστι
1511 1744 1561 1794 τῷ
1581 1741 1665 1793 πυρὶ
1685 1741 1725 1779 τὸ
1753 1740 1855 1792 ὕδωρ,
1875 1744 1977 1778 τοῦτο
1995 1743 2046 1793 τῷ
2068 1743 2165 1791 θυμῷ
2181 1739 2350 1778 ἐπιείκεια

1327 1801 1386 1839 καὶ
1403 1801 1571 1854 πραΰτης.
1595 1802 1662 1840 Διὰ
1680 1806 1780 1840 τοῦτο
1795 1801 1854 1840 καὶ
1872 1805 1889 1840 ὃ
1906 1801 2056 1854 Χριστὸς
2073 1800 2170 1851 ἔλεγε
2188 1807 2259 1844 τοῖς
2280 1816 2351 1851 μα·

1328 1865 1460 1911 θηταῖς,
1482 1863 1567 1902 Ἐὰν
1586 1863 1663 1906 τοὺς
1683 1865 1890 1914 ἀγαπῶντας
1906 1866 1996 1914 ὑμᾶς
2015 1864 2186 1915 ἀγαπᾶτε,
2203 1862 2280 1899 τίνα
2297 1878 2352 1912 μι-

1328 1924 1407 1962 σθὸν
1431 1923 1550 1977 ἔχετε,
1571 1919 1660 1963 Εἶτα
1683 1924 1844 1977 ἐντρέψαι
1869 1924 2075 1976 βουλόμενος
2093 1927 2137 1976 τῇ
2163 1925 2351 1975 ἐπαγωγῇ,

1328 1983 1387 2021 καὶ
1417 1984 1619 2022 καθικέσθαι
1653 1987 1722 2022 τῶν
1759 1987 1923 2036 ῥᾳθυμεῖν
1959 1982 2177 2034 βουλομένων
2189 2013 2199 2030 ,
2225 1981 2329 2034 φησίν
2341 1996 2350 2005 ·

1329 2045 1421 2096 Οὐχὶ
1435 2045 1494 2083 καὶ
1519 2048 1549 2084 οἱ
1570 2047 1718 2083 τελῶναι
1743 2044 1782 2081 τὸ
1809 2045 1890 2083 αὐτὸ
1914 2048 2092 2090 ποιοῦσιν,
2116 2042 2265 2081 ζὈντινα
2282 2041 2350 2094 γὰρ

1331 2104 1370 2142 ἂν
1397 2107 1509 2158 λάὸῃς
1536 2109 1605 2144 τῶν
1635 2105 1817 2158 ῥᾳθύμων,
1849 2105 1927 2157 οὐχὶ
1953 2109 2054 2144 τοῦτο
2080 2104 2351 2156 διαπράττεται,

307 2162 385 2199 cani
418 2176 546 2213 magno
577 2163 696 2201 studio
722 2165 797 2202 haec
822 2166 980 2203 faciunt?
1006 2167 1105 2213 Quid
1140 2178 1258 2206 autem
1282 2174 1307 2202 Α
1331 2166 1390 2203 καὶ
1409 2167 1506 2204 αὐτοὶ
1525 2170 1555 2205 οἱ
1582 2169 1729 2204 τελῶναι
1751 2166 1826 2217 οὐχὶ
1848 2170 1949 2204 τοῦτο
1968 2166 2024 2204 διὰ
2043 2166 2194 2211 σπουδῆς
2214 2164 2350 2216 ἔχουσι,

307 2223 497 2274 publicano
525 2223 705 2262 deterius?
726 2227 889 2263 Attamen
921 2227 1078 2265 invenies
1092 2242 1173 2266 eum
1191 2229 1259 2267 hoc

306 2284 473 2321 omnibus
511 2284 626 2322 modis
661 2285 872 2335 ohservare,
903 2296 935 2324 et
967 2302 1035 2325 non
1068 2298 1118 2326 est
1148 2290 1260 2341 possi-

305 2345 379 2382 bile
406 2354 446 2382 ut
475 2359 544 2383 non
579 2345 736 2384 redamet
772 2347 834 2397 qui
859 2357 1008 2385 amatur.
1035 2348 1112 2400 Ego
1141 2359 1259 2388 autem

306 2406 387 2455 quia
416 2415 448 2443 et
472 2406 681 2444 excelsiores
704 2421 764 2445 vos
779 2421 851 2445 esse
863 2409 958 2457 volo,
975 2418 1007 2446 et
1029 2409 1163 2460 aliquid
1183 2425 1258 2448 am-

306 2467 402 2518 plius
435 2468 584 2518 habere,
608 2482 678 2506 non
714 2469 781 2507 hoe
819 2469 1007 2519 admoneo,
1030 2471 1090 2508 sed
1125 2479 1163 2508 ut
1195 2472 1259 2509 ini-

306 2528 417 2566 micos
439 2528 613 2580 diligatis.
632 2529 675 2566 Id
694 2529 790 2581 quod
810 2529 935 2567 beatus
955 2530 1015 2568 ille
1033 2540 1112 2569 ante
1131 2532 1257 2583 legem,

305 2599 385 2627 ante
411 2589 610 2627 doctrinam
634 2590 680 2628 ab
713 2590 794 2628 aliis
828 2601 1022 2643 acceptam,
1041 2602 1164 2644 sponte
1196 2608 1258 2630 sua

306 2651 389 2688 fecit
416 2667 423 2686 :
451 2660 484 2689 et
513 2661 656 2703 propter
685 2652 917 2690 excellentem
952 2653 1259 2691 mansuetudinem

307 2711 406 2762 prius
435 2713 616 2764 superavit
639 2713 773 2762 Laban,
795 2727 888 2751 nunc
906 2723 1025 2752 autem
1051 2724 1083 2752 et
1102 2715 1257 2753 fratrem.

307 2773 397 2809 Nam
419 2772 498 2810 licet
527 2788 678 2825 superno
704 2774 871 2826 pracsidio
897 2776 1005 2813 fretus
1030 2775 1146 2823 fucrit,
1171 2785 1260 2813 atta-

147 2845 220 2873 Noia
251 2846 386 2873 10-1uen
406 2834 501 2884 quod
521 2849 626 2872 suum
646 2845 719 2872 crat
738 2836 837 2887 prius
857 2837 1034 2875 exhihuit.
1053 2838 1105 2874 Ita
1125 2851 1207 2875 sane
1228 2846 1261 2875 ct

106 2898 203 2957 ξζιᾞη
220 2889 295 2956 ὴᾛξ
309 2909 370 2932 1105
390 2894 665 2946 persuadeamus
684 2897 799 2946 nobis,
818 2898 899 2936 licet
919 2898 1049 2937 millies
1068 2899 1259 2950 enitamur,

105 2972 155 3006 qua
191 2950 294 3007 ι(31η.
309 2956 398 2993 nihil
430 2966 545 2994 tamen
572 2972 716 3009 prorsus
741 2969 832 2997 recte
855 2973 957 3011 agere
981 2974 1094 3012 posse,
1114 2960 1180 2998 nisi
1203 2975 1262 2998 su-

106 3018 176 3039 ⁵‘'³¹·
213 3012 294 3038 ⁹⁰¹³·
309 3032 418 3070 perno
444 3018 582 3055 auxilio
600 3018 753 3071 adjutos.
777 3020 876 3059 Sicut
895 3021 989 3060 enim
1011 3021 1078 3060 nisi
1098 3021 1160 3060 illo
1176 3021 1260 3059 sub-

105 3054 151 3089 giu
199 3052 295 3080 favere

105 3096 218 3121 meunt.

1332 2226 1379 2264 Τί
1393 2227 1460 2278 γὰρ
1476 2228 1625 2266 τελώνου
1640 2234 1774 2280 χεῖρον,
1793 2227 1861 2265 Καὶ
1878 2227 1970 2278 ὅμως
1985 2230 2086 2265 τοῦτο
2102 2227 2207 2264 παντὶ
2231 2226 2350 2288 τρόπῳ

1332 2287 1489 2339 εὑρήσεις
1517 2291 1600 2342 παρ’
1622 2292 1736 2331 αὐτοῖς
1764 2288 2097 2340 πληρούμενον,καὶ
2129 2290 2193 2340 οὐχ
2220 2286 2290 2325 οἷόν
2314 2302 2352 2325 τε

1332 2349 1388 2387 τὸν
1408 2350 1635 2400 ἀγαπώμενον
1658 2350 1705 2400 μὴ
1726 2350 1784 2387 καὶ
1808 2352 1959 2401 ἀγαπᾷν.
1979 2348 2074 2400 Ἐγὼ
2092 2350 2140 2397 δὲ,
2153 2348 2272 2395 ἐπειδὴ
2294 2348 2352 2386 καὶ

1332 2411 1564 2463 ὑψηλοτέρους
1580 2413 1669 2461 ὑμᾶς
1684 2405 1770 2449 εἶναι
1784 2410 1966 2462 βούλομαι,
1987 2410 2046 2448 καὶ
2063 2409 2153 2462 ἔχειν
2173 2426 2208 2448 τι
2221 2409 2352 2447 τούτων

1331 2472 1456 2519 πλέον,
1484 2475 1521 2510 οὐ
1547 2477 1648 2510 τοῦτο
1675 2475 1859 2525 παραινῶ,
1887 2472 1976 2510 ἀλλὰ
2008 2472 2068 2509 καὶ
2096 2471 2173 2514 τοὺς
2210 2469 2353 2522 ἐχθροὺς

1332 2532 1642 2585 ἀγαπᾷ·κ.3“οπερ
1669 2536 1686 2571 ὃ
1719 2532 1888 2584 μακάριος
1915 2527 2012 2575 οὗτος
2040 2532 2108 2584 πρὸ
2136 2535 2195 2569 τοῦ
2227 2530 2351 2580 νόμου,

1331 2594 1398 2646 πρὸ
1416 2597 1477 2640 τῆς
1494 2594 1719 2637 διδασκαλίας
1736 2597 1797 2640 τῆς
1818 2596 1900 2644 παρ’
1923 2592 2064 2645 ἑτέρων,
2088 2592 2219 2630 οἴκοθεν
2234 2590 2354 2628 κινού-

1334 2671 1453 2706 μενος,
1482 2654 1538 2692 διὰ
1561 2658 1623 2701 τῆς
1650 2653 1936 2705 ὑπερὸαλλούσης
1969 2652 2154 2696 ἐπιεικείας
2185 2651 2352 2704 πρότερον

1334 2715 1395 2765 μὲν
1415 2719 1473 2753 τοῦ
1497 2715 1619 2753 Αάῧαν
1639 2714 1858 2767 περιγέγονε,
1881 2714 1952 2751 νυνὶ
1970 2714 2004 2751 δὲ
2027 2714 2086 2752 καὶ
2111 2717 2170 2751 τοῦ
2193 2714 2352 2764 ἀδελφοῦ.

1334 2778 1377 2814 Εἰ
1395 2775 1462 2827 γὰρ
1481 2777 1540 2813 καὶ
1565 2779 1627 2821 τῆς
1655 2776 1783 2813 ἄνωθεν
1808 2774 2012 2826 συμμαχίας
2033 2774 2254 2819 ἀπήλαυσεν,
2275 2773 2352 2810 ἀλλ’

1333 2837 1426 2887 ὅμως
1456 2837 1514 2874 καὶ
1540 2836 1583 2874 τὰ
1608 2838 1690 2887 παρ’
1712 2838 1833 2873 ἑαυτοῦ
1862 2835 2160 2886 προεπεδείκνυτο.
2179 2832 2284 2871 Οὕτω
2313 2831 2353 2879 δὴ

1334 2898 1393 2936 καὶ
1412 2902 1513 2948 ἡμεῖς
1528 2897 1703 2947 πείσωμεν
1725 2896 1885 2943 ἑαυτοὺς,
1902 2896 1954 2934 ὅτι
1974 2896 2036 2934 κᾶν
2059 2895 2219 2947 μυριάκις
2240 2909 2356 2931 σπου-

1335 2957 1611 3010 δάζωμεν,οὐδὲν
1633 2957 1796 2996 οὐδέποτε
1822 2961 2040 3009 κατορθῶσαι
2072 2954 2308 3005 δυνησόμεθα,
2325 2955 2356 2991 εἰ

1336 3020 1385 3072 μὴ
1404 3021 1462 3058 καὶ
1478 3023 1538 3066 τῆς
1554 3021 1682 3058 ἄνωθεν
1705 3022 1813 3072 ῥοπῆς
1828 3018 2105 3069 ἀπολαύσαιμεν.
2118 3017 2256 3068 εὨσπερ
2271 3015 2354 3068 γὰρ,

348 3201 361 3215 ³
378 3187 459 3235 ὀπερ
477 3194 491 3223 ὸ
503 3195 659 3234 μακάριος.
673 3190 776 3223 Savil.
794 3203 800 3221 ε
819 3204 834 3220 α
850 3190 908 3223 Vel
921 3190 1095 3235 legendum
1111 3194 1203 3239 ᾧπερ,
1219 3199 1257 3224 ιιι
1271 3191 1315 3223 sit
1348 3191 1488 3233 [Boisius
1504 3198 1579 3233 post
1599 3194 1763 3233 κινούμενος
1786 3189 1882 3222 addit
1896 3194 2012 3228 ἐποίησε
2027 3189 2105 3231 καί]
2134 3188 2149 3205 *
2162 3186 2269 3219 Haud
2283 3198 2356 3218 raro

304 3242 436 3274 dativus
460 3242 691 3283 instrumenti,
713 3242 761 3274 vel
779 3242 1001 3285 supplendum
1025 3252 1158 3284 ποιήσας,
1173 3251 1232 3275 aut
1249 3242 1313 3275 tale
1348 3250 1429 3274 certe
1455 3241 1709 3284 Cl'zrysoslomus
1736 3243 1770 3273 in
1789 3241 1838 3273 his
1866 3243 1899 3272 in
1929 3241 2084 3273 Genesim
2114 3239 2259 3272 homiliis
2280 3249 2356 3270 sen-

303 3294 426 3337 aliquid
449 3292 675 3335 participium,
695 3305 711 3324 n
730 3305 796 3336 quo
819 3303 950 3339 regatur
968 3297 1174 3329 accusat'wus
1191 3301 1274 3340 ὅπερ.
1295 3309 1310 3326 »
1348 3297 1483 3327 rentiam
1509 3294 1733 3339 imperfectam
1748 3293 1914 3335 relinquit.
