2516 3791
647 183 691 214 ΙΝ
727 184 830 215 ΟΑΡ.
869 185 967 216 xvh

101 269 160 306 τοῦ
179 266 272 305 Θεοῦ
293 264 438 316 δύναμις
453 265 514 304 καὶ
531 264 610 305 τότε
626 266 714 314 δήλη
735 267 776 304 ἂν
791 261 832 314 ἦν
844 283 852 291 ·
869 267 1039 322 νεκρωθὲν
1056 267 1124 321 γὰρ

99 326 140 366 τὸ
161 326 387 378 ἐργαστήριον
423 329 486 373 τῆς
518 326 672 379 φύσεως,
692 328 752 366 καὶ
781 328 958 383 ἄχρηστον
987 330 1125 382 γεγονὸς

98 387 184 440 πρὸς
209 387 432 426 παιδοποιίαν
455 388 470 404 ¹*
483 386 621 431 πάντως
640 389 740 433 αὐτὸς
757 393 806 443 τῷ
829 390 946 443 οἰκείῳ
965 391 1125 444 προστά-

98 463 208 499 γματι
227 448 334 486 πάλιν
354 447 552 500 ἐζωογόνει·
573 451 650 488 ἀλλ’
670 451 733 488 οὐκ
749 449 788 488 ἂν
808 450 898 489 οὕτω
918 451 976 490 τὸν
997 451 1127 504 στέφα-

97 525 154 548 νον
172 509 365 555 ἀνεδήσατο
384 513 402 548 ὁ
423 510 645 563 πατριάρχης
659 541 668 558 ,
685 510 805 563 ὥσπερ
832 517 890 550 νῦν
911 515 944 551 ἓν
972 511 1126 564 τοσούτῳ

97 568 203 620 μήκει
231 570 355 622 χρόνου
375 573 437 616 τῆς
458 573 583 625 ἀρετῆς
612 573 717 610 αὐτοῦ
747 573 1046 624 βασανιζομένης,
1066 573 1126 611 καὶ

95 633 172 669 καθ’
195 631 345 679 ἑκάστην
366 631 500 684 ἡμέραν
518 633 765 686 λαμπροτέρας
784 633 980 685 γινομένης.

149 692 220 730 Καὶ
239 693 295 731 ἵνα
317 693 429 745 μάθῃς
454 692 508 732 ὅτι
534 695 572 731 οὖ
603 693 706 744 μόνον
727 694 918 746 εὐεργετεῖν
941 693 1122 744 βούλεται,

94 752 154 790 καὶ
174 753 235 798 τὰς
255 756 338 806 παρ’
355 757 476 793 ἑαυτοῦ
500 753 630 808 δωρεὰς
644 754 825 806 παρέχειν,
844 755 921 792 ἀλλ’
936 753 1009 797 ἔθος
1027 755 1122 806 αὐτῷ
1143 758 1168 789 C

93 819 194 853 τοῦτο
212 815 272 853 καὶ
299 815 378 859 τοὺς
409 814 540 858 ταύτας
568 814 773 866 δεχομένους
806 814 1120 869 περιφανεστέρους

92 875 220 914 ἐθέλειν
257 882 382 923 ποιεῖν,
412 875 475 929 ὅρα
511 875 613 913 αὐτὸν
645 874 705 913 καὶ
734 874 792 913 ἐπὶ
818 879 881 922 τῆς
920 876 1122 920 Χαναναίας

91 939 193 974 τοῦτο
217 937 510 990 διαπραξάμενον,
537 936 597 975 καὶ
627 935 685 975 διὰ
716 939 818 975 τοῦτο
853 937 1026 988 μέλλοντα
1060 939 1120 977 καὶ

90 996 372 1048 ὑπερτιθέμενον,
407 997 464 1035 ἵνα
495 997 544 1049 μὴ
585 997 687 1048 μόνον
722 997 786 1045 τὴν
823 997 961 1045 αἴτησιν
1003 999 1117 1052 ἐκείνῃ

88 1058 257 1111 παράσχῃ
271 1088 280 1105 ,
304 1058 395 1097 ἀλλὰ
411 1058 471 1097 καὶ
491 1058 599 1105 αὐτὴν
625 1061 672 1103 εἷς
690 1065 806 1098 πᾶσαν
827 1058 891 1106 τὴν
911 1060 1117 1110 οἰκουμένην

89 1119 285 1167 κατάδηλον
318 1121 521 1172 ἐργάζηται.
546 1119 695 1168 Ἐπειδὴ
721 1119 790 1173 γὰρ
819 1123 1014 1174 προσῆλθεν
1048 1125 1119 1160 ἱκε-

87 1180 233 1220 τεύουσα
252 1181 312 1223 καὶ
331 1182 498 1235 λέγουσα·
521 1181 691 1229 Ἐλέησόν
709 1198 770 1234 με,
792 1181 919 1235 Κύριε,
939 1181 992 1220 ὅτι
1013 1186 1034 1229 ἡ
1053 1186 1116 1220 θυ-

87 1241 201 1296 γάτηρ
237 1259 302 1293 μου
338 1247 456 1287 κακῶς
489 1242 743 1293 δαιμονίζεται·
782 1241 860 1281 οὔτε
899 1243 1118 1295 ἀποκρίσεως

87 1301 104 1322 ¹²
116 1303 223 1351 αὐτὴν
238 1303 327 1348 ἀξιοῖ
341 1307 359 1342 ὁ
373 1304 612 1356 εὔσπλαγχνος
627 1304 687 1342 καὶ
703 1304 947 1356 φιλάνθρωπος
957 1335 967 1352 ,
983 1304 1042 1343 καὶ
1061 1304 1115 1343 ἀεὶ

85 1363 149 1408 τὰς
176 1365 328 1411 αἰτήσεις
347 1369 449 1415 ἡμῶν
469 1365 690 1418 προφθάνων.
714 1365 782 1403 Καὶ
810 1367 840 1403 οἱ
863 1365 926 1416 μὲν
959 1365 1114 1416 μαθηταὶ

85 1428 147 1464 οὐκ
167 1425 294 1469 εἰδότες
306 1425 346 1464 τὸ
366 1426 492 1477 μέλλον
512 1427 668 1475 ἔσεσθαι,
685 1427 744 1464 καὶ
765 1426 818 1465 ὅτι
843 1428 1033 1478 κηδόμενος
1051 1431 1115 1475 τῆς

84 1488 267 1539 γυναικὸς,
283 1487 343 1526 καὶ
361 1490 398 1527 οὐ
420 1488 627 1539 βουλόμενος
652 1490 758 1535 αὐτῆς
784 1488 842 1526 τὸν
864 1488 1036 1542 θησαυρὸν
1055 1505 1112 1528 κε·
1133 1496 1159 1526 D

83 1548 255 1601 κρύφθαι,
281 1548 339 1588 διὰ
365 1553 467 1588 τοῦτο
483 1550 545 1587 οὐκ
562 1548 809 1601 ἀποκρίνεται,
832 1552 879 1593 ὡς
906 1551 1007 1596 δῆθεν
1024 1565 1113 1601 συμ-

81 1607 308 1661 παθέστεροι,
319 1608 567 1660 προσελθόντες
583 1610 801 1661 παρεκάλουν
820 1609 920 1647 αὐτὸν
935 1609 1111 1662 λέγοντες,

80 1669 270 1708 Ἀπόλυσον
297 1669 419 1718 αὐτὴν,
436 1671 489 1708 ὅτι
517 1669 635 1722 κράζει
655 1671 795 1709 ὄπισθεν
812 1673 928 1721 ἡμῶν,
949 1687 1112 1722 μονονου-

80 1730 119 1783 χὶ
134 1730 343 1776 δεικνύντες,
359 1729 412 1769 ὅτι
436 1733 498 1770 οὐκ
529 1730 579 1769 ἔτι
600 1731 759 1784 φέρουσιν
787 1733 893 1778 αὐτῆς
920 1731 983 1778 τὴν
1016 1732 1109 1770 ἐπά-

79 1796 212 1845 χθειαν.
233 1793 422 1832 Ἀπόλυσον
442 1793 510 1845 γὰρ
531 1792 651 1841 αὐτὴν,
672 1793 788 1846 φασὶν,
809 1795 871 1832 οὐκ
897 1793 1017 1840 ἐπειδὴ
1040 1809 1107 1832 κα-

82 1854 234 1899 κώδυνός
259 1857 362 1901 ἐστιν,
380 1855 455 1894 οὐδὲ
475 1854 597 1902 ἐπειδὴ
616 1858 638 1901 ἡ
669 1854 804 1902 αἴτησις
825 1857 932 1901 αὐτῆς
951 1856 1106 1908 εὔλογος,

83 1916 161 1955 ἀλλ’
179 1916 266 1956 e'Ort
295 1917 415 1970 κράζει
439 1917 579 1956 ὄπισθεν
596 1919 711 1968 ἡμῶν.
728 1916 776 1955 Τί
795 1910 852 1955 οῧν
869 1919 886 1954 ὁ
903 1916 1104 1964 Δεσπότης

81 1978 297 2030 Βουλόμενος
316 1978 481 2025 κάκείνης
507 1978 565 2016 τὸν
585 1978 757 2031 θησαυρὸν
783 1976 874 2016 κατὰ
902 1978 1025 2030 μικρὸν
1048 1981 1106 2016 ε’κ-

79 2039 252 2092 καλύψαι,
279 2040 338 2078 καὶ
371 2039 511 2083 τούτους
543 2038 697 2086 διδάξαι,
723 2038 802 2078 ὅσον
832 2038 1106 2102 λείπονταιΝτ-ῆς

80 2103 184 2140 αὐτοῦ
199 2101 476 2154 φιλανθρωπίας,
491 2101 676 2154 ἀπόκρισιν
696 2106 849 2139 ποιεῖται
863 2100 986 2147 ἱκανὴν
999 2104 1104 2139 οὖσαν

78 2161 242 2208 κάκείνης
260 2163 425 2213 πηρῶσαι
448 2162 506 2200 τὸν
524 2161 702 2213 λογισμὸν,
723 2161 753 2198 εἷ
773 2160 821 2212 μὴ
849 2160 1104 2212 συντεταμένην

79 2217 153 2275 εἶχε
183 2222 248 2270 τὴν
284 2224 450 2270 διάνοιαν,
472 2223 532 2262 καὶ
568 2223 688 2268 ζέοντα
709 2223 767 2261 τὸν
802 2221 921 2270 πόθον,
950 2222 1010 2260 καὶ
1038 2221 1101 2270 τὴν
1124 2223 1148 2253 Ε

77 2284 275 2336 προθυμίαν
317 2286 562 2336 ἀκμάζουσαν,
590 2284 768 2328 κάκείνους
805 2285 1007 2330 ἀποστῆσαι
1040 2287 1102 2331 τ’ῆς

77 2345 165 2399 ὑπὲρ
187 2349 293 2393 αὐτῆς
325 2346 514 2400 ἱκετηρίας.
536 2348 613 2386 Οὐκ
644 2346 845 2391 ἀπεστάλην
872 2344 953 2397 γὰρ,
984 2345 1102 2398 φησὶν,

76 2410 106 2447 εἶ
132 2406 180 2458 μὴ
204 2410 250 2452 εἷς
277 2408 321 2446 τὰ
343 2408 503 2461 πρόὸατα
528 2408 572 2446 τὰ
599 2407 807 2446 ἀπολωλότα
830 2407 925 2446 οἴκου
943 2407 1101 2461 Ἰσραήλ.

75 2471 190 2508 Τοῦτο
217 2470 364 2514 ἐκείνους
395 2469 457 2520 μὲν
491 2469 668 2516 ἀπέστησε
695 2475 755 2509 τοῦ
775 2471 992 2522 παρακαλεῖν
1013 2469 1101 2522 ὑπὲρ

74 2534 137 2578 τῆς
152 2532 333 2583 γυναικὸς,
355 2530 490 2578 ἐκείνην
510 2531 545 2570 δὲ
567 2531 795 2585 ὀκνηροτέραν
814 2534 876 2570 οὐκ
895 2531 1101 2584 εἰργάσατο,

75 2592 165 2631 ἀλλὰ
185 2593 244 2631 καὶ
268 2593 400 2644 μᾶλλον
431 2594 626 2631 ἐπικεῖσθαι
653 2593 906 2644 παρεσκεύασε.
933 2595 1100 2632 Τοιοῦτον

74 2654 142 2707 γὰρ
156 2659 177 2702 ἡ
199 2654 399 2705 ὀδυνωμένη
420 2654 535 2707 ψυχὴ,
552 2655 610 2692 καὶ
631 2655 720 2705 μετὰ
739 2658 869 2707 θερμῆς
898 2659 960 2702 τῆς
989 2655 1100 2694 διαθέ-

1005 185 1164 216 GENES.

1207 185 1362 218 nomn„
1402 189 1596 222 xxxviii.
2058 186 2150 244 447

1197 278 1268 307 set:
1282 279 1318 309 at
1334 285 1404 310 non
1421 271 1469 310 ita
1484 286 1632 310 suarum
1650 273 1799 312 laudum
1815 287 1942 314 corona
1961 276 2150 316 redimitus

1196 330 1319 370 suisset
1340 333 1558 385 patriarcba,
1581 343 1621 372 ut
1649 348 1743 373 nunc
1763 349 1844 373 cum
1868 345 1965 374 tanto
1995 346 2153 390 tempore

1196 391 1310 444 ipsius
1338 394 1487 446 probata
1509 403 1561 433 est
1590 395 1726 446 virtus,
1746 405 1780 434 et
1807 395 1967 448 quotidie
1986 398 2076 436 sacta
2101 409 2151 437 est

1197 452 1340 492 clarior.

1246 693 1283 730 5.
1307 693 1354 731 Et
1374 703 1413 732 ut
1434 695 1525 733 scias
1557 698 1674 735 Deum
1703 712 1772 737 non
1790 701 1906 739 solum
1925 701 2099 742 beneficia
2116 714 2149 743 et

1191 750 1284 790 dona
1303 768 1366 791 sua
1386 756 1546 793 conferre
1566 758 1674 805 velle,
1696 759 1756 797 sed
1780 761 1926 801 solitum
1945 779 2019 802 esse
2038 766 2149 804 bene·

1191 813 1272 851 ficia
1302 825 1512 868 accepturos
1545 817 1692 856 reddere
1722 820 1902 871 clariores,
1927 824 2010 862 vide
2045 827 2147 865 illum

1191 873 1259 913 hoc
1274 884 1307 912 et
1323 876 1359 914 in
1376 877 1576 916 Cliananaea
1591 879 1653 917 illa
1670 880 1798 929 facere,
1818 891 1851 919 et
1866 883 1999 922 idcirco
2015 900 2149 926 cessare
2165 906 2277 934 nam„
2302 907 2349 936 ,5,

1189 949 1230 973 ae
1245 935 1404 988 differre,
1424 948 1461 977 ut
1481 954 1549 978 non
1565 940 1681 979 solum
1698 941 1905 994 petitionem
1923 944 2020 983 illius
2039 961 2148 986 exau-

1189 996 1279 1047 diat,
1294 998 1357 1036 sed
1377 1009 1409 1037 et
1425 1009 1462 1037 ut
1480 1000 1580 1039 illam
1597 1002 1712 1054 ipsam
1733 1003 1770 1041 in
1785 1012 1858 1042 toto
1873 1005 1959 1043 orbe
1971 1007 2146 1047 celebrem

1188 1057 1324 1098 reddat.
1343 1060 1648 1113 Quandoquidem
1666 1077 1748 1101 cum
1764 1065 1981 1117 supplicaret
1996 1083 2037 1106 ac
2052 1069 2148 1108 dice-

1187 1127 1262 1157 ret:
1283 1121 1468 1160 Miserere
1497 1126 1586 1174 mei,
1616 1125 1800 1172 Domine,
1823 1129 1919 1178 quia
1936 1129 2035 1181 fllia
2061 1145 2147 1169 mea
2165 1148 2274 1177 Ibam.
2296 1158 2348 1179 22,

1187 1181 1291 1218 male
1315 1195 1341 1219 a
1366 1183 1558 1221 daemonio
1588 1193 1790 1237 torquetur
1807 1202 1817 1222 .-
1833 1201 1947 1239 neque
1979 1204 2146 1243 responso

1185 1254 1263 1279 eam
1284 1241 1455 1294 dignatur
1474 1245 1676 1284 misericors
1703 1256 1738 1285 et
1758 1247 2057 1289 clementissimus
2072 1254 2147 1291 Do-

1185 1302 1319 1354 minus,
1347 1305 1483 1357 alioqui
1516 1321 1638 1359 preces
1673 1317 1810 1348 nostras
1838 1324 1977 1363 semper
2008 1327 2146 1365 praeve-

1185 1364 1295 1403 niens.
1316 1366 1364 1403 Et
1385 1366 1558 1420 discipuli
1583 1369 1730 1420 quidem
1759 1372 1952 1411 nescientes
1973 1375 2062 1425 quid
2081 1377 2143 1414 fu-

1184 1433 1306 1464 turum
1337 1437 1450 1477 esset,
1480 1438 1514 1467 et
1547 1444 1629 1469 eum
1660 1445 1783 1471 curam
1820 1447 1924 1485 agere
1955 1436 2118 1475 mulieris
2132 1467 2143 1486 ,

1183 1487 1347 1540 nolleque
1368 1489 1578 1530 thesaurum
1605 1493 1684 1544 ejus
1700 1493 1825 1543 latere,
1843 1504 1951 1546 atque
1971 1496 2051 1535 ideo
2073 1512 2142 1536 non

1181 1549 1409 1602 respondere,
1424 1552 1526 1604 quasi
1544 1554 1679 1606 majore
1696 1555 2002 1597 commiseratione
2023 1558 2140 1611 ducti,

1180 1621 1402 1650 accesserunt
1422 1622 1456 1651 et
1488 1614 1723 1654 obsecrabant
1749 1631 1832 1655 eum
1857 1618 2015 1657 dicentes
2033 1636 2041 1656 :
2062 1622 2140 1658 Di-
2156 1638 2235 1667 Ihid.
2248 1650 2274 1667 v.
2290 1639 2340 1669 23·

1181 1673 1290 1710 mitte
1305 1687 1406 1723 eam,
1422 1677 1517 1727 quia
1542 1676 1690 1714 clamat
1711 1686 1799 1729 post
1817 1692 1907 1717 nos:
1920 1681 2021 1730 quasi
2038 1695 2141 1720 mon-

1179 1741 1331 1771 strarent
1349 1747 1385 1772 se
1401 1735 1479 1786 jam
1498 1749 1567 1774 non
1586 1737 1678 1775 serre
1697 1737 1796 1777 illius
1818 1739 2031 1779 molestiam.
2059 1744 2138 1781 Di-

1179 1797 1288 1832 mitte
1305 1794 1401 1833 enim
1424 1811 1525 1843 eam,
1552 1797 1731 1849 inquiunt,
1755 1813 1823 1838 non
1845 1801 1928 1852 quia
1948 1811 2022 1840 tam
2045 1818 2138 1842 aeru-

1178 1869 1301 1893 mnosa
1315 1865 1378 1905 est,
1391 1871 1461 1895 non
1475 1858 1561 1909 quia
1574 1873 1694 1911 preces
1710 1860 1785 1913 ejus
1799 1862 2028 1902 rationabiles
2039 1874 2136 1914 sunt,

1177 1916 1239 1955 sed
1258 1918 1359 1968 Quia
1377 1919 1525 1957 clamat
1541 1929 1629 1972 post
1652 1935 1733 1960 nos.
1755 1922 1858 1970 Quid
1876 1923 1989 1976 igitur
2008 1926 2134 1964 Domi-

1177 1978 1274 2016 nus?
1295 1980 1427 2019 Volens
1447 1989 1480 2018 et
1498 1981 1677 2033 paulatim
1697 1982 1796 2022 illius
1812 1984 2020 2024 thesaurum
2036 1987 2132 2026 dete·

1176 2053 1269 2090 gere,
1281 2049 1314 2078 et
1328 2040 1454 2080 docere
1470 2051 1644 2093 quantum
1662 2043 1833 2097 discipuli
1849 2046 1894 2084 ab
1909 2047 2132 2088 humanitate

1174 2115 1236 2139 sua
1264 2102 1443 2151 abessent,
1470 2118 1682 2156 responsum
1702 2105 1777 2155 dat,
1797 2107 1893 2158 quod
1915 2117 1949 2146 et
1969 2109 2131 2147 mulieris

1173 2177 1346 2202 occaecare
1375 2173 1544 2215 mentem,
1580 2166 1650 2204 nisi
1679 2175 1778 2206 tanto
1810 2169 1934 2207 fuisset
1965 2185 2131 2210 succensa

1172 2223 1350 2263 desiderio
1381 2225 1635 2277 alacritateque
1667 2228 1857 2280 viguisset,
1882 2239 1915 2268 et
1934 2231 2131 2284 discipulos

1172 2284 1218 2323 ab
1233 2285 1519 2339 interpellatione
1535 2287 1714 2327 deterrere
1733 2290 1921 2342 potuisset.
1939 2294 2031 2331 Non
2045 2308 2130 2333 sum
2146 2315 2224 2343 aad,
2239 2327 2265 2344 v,
2280 2325 2295 2344 2
2308 2315 2331 2355 j.

1172 2346 1266 2385 enim
1278 2350 1430 2395 missus,
1443 2348 1571 2400 inquit,
1583 2353 1660 2388 nisi
1670 2352 1724 2388 ad
1737 2365 1824 2391 oves
1837 2354 1972 2393 domus
1985 2357 2128 2405 Israel,

1173 2423 1259 2461 quoe
1286 2412 1496 2460 perierunt.
1527 2410 1573 2449 Et
1597 2411 1666 2449 hoc
1699 2412 1846 2463 quidem
1873 2414 2013 2453 dictum
2047 2417 2132 2456 illos

1171 2470 1379 2521 absterruit,
1414 2485 1457 2509 ne
1484 2486 1551 2524 pro
1581 2472 1734 2512 muliere
1766 2474 2042 2527 intercederent,
2069 2479 2129 2517 sed

1171 2531 1272 2569 illam
1297 2532 1497 2583 segniorem
1515 2547 1585 2571 non
1605 2533 1704 2584 fecit,
1726 2534 1798 2573 imo
1816 2536 1852 2574 in
1873 2550 1978 2574 causa
1996 2538 2063 2576 fuit
2090 2549 2130 2577 ut

1171 2593 1286 2646 magis
1306 2603 1458 2645 urgeret.
1479 2595 1534 2631 Ita
1550 2594 1646 2632 enim
1665 2609 1701 2632 se
1727 2595 1834 2634 hahet
1853 2597 1971 2636 anima
1986 2598 2124 2641 dolens,

1172 2664 1206 2693 et
1220 2656 1370 2693 ferventi
1390 2656 1520 2693 affectu
1534 2655 1722 2693 accedens:
1735 2657 1825 2695 nihil
1839 2659 1988 2697 attendit
2004 2674 2126 2699 eorum

74 2731 159 2759 σεως
177 2720 387 2767 προσιοῦσα·
407 2716 493 2767 πρὸς
506 2714 601 2753 οὐδὲν
612 2715 858 2768 ἐπιστρέφεται
872 2718 940 2754 τῶν
955 2716 1099 2768 λεγομέ-
1111 2741 1158 2765 387
1172 2732 1250 2768 quae
1279 2717 1447 2755 dicuntur
1462 2733 1473 2767 3
1496 2717 1558 2755 sed
1586 2731 1698 2755 unum
1723 2718 1839 2756 solum
1865 2729 2014 2772 spectat,
2037 2736 2128 2772 quo-

72 2792 152 2825 νων,
171 2777 247 2815 ἀλλ’
267 2776 302 2814 ἓν
329 2776 431 2827 μόνον
448 2782 591 2825 σκοπεῖ,
608 2775 701 2820 ὅπως
720 2777 869 2829 ἐπιτύχῃ
892 2780 961 2816 τῶν
992 2793 1098 2816 σπου·
1126 2778 1148 2807 Λ
1172 2779 1277 2817 modo
1298 2794 1336 2818 ea
1355 2793 1434 2830 quse
1448 2778 1517 2816 sibi
1537 2793 1630 2816 curae
1646 2788 1727 2817 sunt
1740 2782 2016 2832 assequatur1id
2032 2783 2127 2834 quod

73 2837 287 2888 δαζομένων·
309 2837 394 2889 ὅπερ
411 2837 469 2875 καὶ
489 2837 576 2885 αὕτη
599 2837 802 2885 πεποίηκεν.
820 2838 1014 2878 Ἀκούσασα
1031 2839 1100 2891 γὰρ

70 2903 203 2946 ταῦτα,
227 2898 333 2936 πάλιν
367 2899 472 2951 φησὶ,
499 2898 765 2951 Προσεκύνησεν
796 2900 897 2939 αὐτὸν
928 2901 1098 2952 λέγουσα·

70 2960 212 3008 ἐλέησόν
234 2975 277 3011 με
290 2990 299 3007 ,
317 2959 434 3011 Κύριε.
450 2960 553 3015 ’ᾙδει
567 2965 627 2998 τοῦ
644 2960 822 3000 Δεσπότου
838 2961 900 3009 τὴν
921 2964 1098 3015 εὐσπλαγ-

68 3020 184 3073 χνίαν,
198 3021 257 3059 καὶ
282 3021 338 3059 διὰ
357 3027 458 3060 τοῦτο
485 3024 597 3073 πολλῇ
627 3022 798 3075 κέχρηται
817 3026 860 3075 τῇ
891 3024 1094 3077 προσεδρίᾳ.

68 3084 159 3121 Ἀλλ’
180 3082 245 3135 ὅρα
262 3082 368 3121 πάλιν
383 3083 441 3121 τὸν
457 3083 560 3135 σοφὸν
580 3083 639 3121 καὶ
654 3084 852 3136 εὐμήχανον
867 3100 874 3108 ·
895 3085 972 3124 οὐδὲ
987 3086 1096 3130 οὕτως

1170 2850 1203 2879 et
1223 2841 1290 2879 ista
1318 2841 1412 2879 fecit.
1439 2840 1582 2878 Auditis
1615 2840 1709 2878 enim
1742 2841 1816 2890 his,
1840 2842 1970 2881 iterum
1993 2844 2125 2895 inquit,

1170 2904 1373 2941 Adoravit
1387 2917 1487 2949 eum,
1500 2904 1838 2942 dicensfflrliserere
1850 2908 2123 2952 mei‚Dom1'ne.
2140 2919 2218 2947 [bnt.
2232 2930 2258 2947 v.
2271 2919 2322 2947 25.

1168 2964 1310 3003 Sciebat
1326 2963 1473 3001 Domini
1488 2963 1780 3013 misericordiam,
1792 2974 1825 3003 et
1835 2966 1986 3018 proinde
1998 2982 2122 3020 magna

1168 3025 1379 3063 assiduitate
1398 3024 1574 3062 utebatur.
1603 3024 1676 3063 Sed
1696 3024 1780 3063 vide
1798 3027 1993 3079 sapientem
2018 3029 2124 3068 illum

1167 3097 1201 3126 et
1213 3088 1390 3136 solertem,
1401 3085 1579 3137 quomodo
1595 3100 1706 3138 neque
1725 3087 1777 3125 sic
1790 3099 1935 3140 annuat,
1951 3090 2012 3128 sed
2025 3105 2123 3144 aspe-

112 3205 128 3221 ⁸
152 3205 285 3248 [Voces
309 3211 427 3244 πάντως
451 3209 538 3244 αὑτάς
555 3207 641 3249 (quae
657 3206 776 3238 desunt
797 3205 828 3238 in
851 3207 970 3252 Coisl.)
987 3210 1080 3242 uncis
1112 3209 1174 3242 bns
1199 3211 1349 3252 exposita
1372 3220 1470 3251 supra
1495 3209 1595 3242 Tom.
1615 3210 1688 3252 111,
1706 3209 1747 3242 (le
1772 3209 1977 3249 chananaea,
1994 3226 2026 3256 p.
2045 3216 2123 3248 435*

66 3256 201 3289 inclusit.
214 3257 315 3290 Savil.
334 3257 388 3300 qui
406 3266 481 3300 post
498 3263 588 3293 πάλιν
603 3258 700 3292 addit
717 3264 766 3293 καὶ
783 3261 903 3304 οὕτως.]

1112 3261 1239 3294 Eadem
1263 3263 1332 3303 ipsa
1359 3258 1566 3304 persequitur
1592 3259 1854 3305 Chrysostomus
1881 3265 2004 3299 uomit.
2029 3267 2066 3300 53
2091 3269 2123 3299 in

113 3311 128 3334 b
149 3308 250 3341 Savil.
271 3317 303 3340 et
323 3319 380 3341 sex
401 3310 478 3344 Mss.
498 3315 589 3350 αὐτὴν
611 3316 742 3352 ἠξωσεν.
762 3310 875 3343 ΜοτεΙ.
896 3319 930 3344 et
951 3311 1006 3344 nlii
1026 3317 1080 3347 αὐ·
1113 3311 1320 3345 Mattliaeum.

66 3366 119 3399 τὴν
135 3366 220 3401 ἀξιοῖ.
236 3362 318 3402 Quae
337 3361 390 3394 hic
407 3360 448 3394 de
463 3362 649 3394 Chananaea
668 3360 839 3403 dicuntur,
856 3361 958 3396 habes
973 3363 1079 3406 pluri-
