<?xml version="1.0" encoding="UTF-8"?>
<!DOCTYPE html PUBLIC "-//W3C//DTD XHTML 1.0 Transitional//EN"
    "http://www.w3.org/TR/xhtml1/DTD/xhtml1-transitional.dtd">
<html xmlns="http://www.w3.org/1999/xhtml" xml:lang="en" lang="en">
 <head>
  <title>
</title>
<meta http-equiv="Content-Type" content="text/html;charset=utf-8" />
  <meta name='ocr-system' content='tesseract 3.04.00' />
  <meta name='ocr-capabilities' content='ocr_page ocr_carea ocr_par ocr_line ocrx_word'/>
</head>
<body>
  <div class='ocr_page' id='page_1' title='image "./operaomniaquaeex04johnuoft_0240.png"; bbox 0 0 2566 3791; ppageno 0'>
   <div class='ocr_carea' id='block_1_1' title="bbox 429 254 886 286">
    <p class='ocr_par' dir='ltr' id='par_1_1' title="bbox 429 254 886 286">
     <span class='ocr_line' id='line_1_1' title="bbox 429 254 886 286; baseline 0.007 -3"><span class='ocrx_word' id='word_1_1' title='bbox 429 254 519 284; x_wconf 82' lang='lat'><strong>220</strong></span> <span class='ocrx_word' id='word_1_2' title='bbox 847 255 886 286; x_wconf 89' lang='lat' dir='ltr'><strong>S.</strong></span> 
     </span>
    </p>
   </div>
   <div class='ocr_carea' id='block_1_2' title="bbox 429 335 1386 817">
    <p class='ocr_par' dir='ltr' id='par_1_2' title="bbox 429 335 1386 817">
     <span class='ocr_line' id='line_1_2' title="bbox 436 335 1386 391; baseline 0.004 -18"><span class='ocrx_word' id='word_1_3' title='bbox 436 335 549 388; x_wconf 86' lang='lat' dir='ltr'><strong>ipsius</strong></span> <span class='ocrx_word' id='word_1_4' title='bbox 579 336 777 389; x_wconf 86' lang='lat' dir='ltr'><strong>profectum</strong></span> <span class='ocrx_word' id='word_1_5' title='bbox 797 347 849 376; x_wconf 90' lang='lat' dir='ltr'><strong>est</strong></span> <span class='ocrx_word' id='word_1_6' title='bbox 867 339 964 389; x_wconf 87' lang='lat' dir='ltr'><strong>quod</strong></span> <span class='ocrx_word' id='word_1_7' title='bbox 984 340 1060 377; x_wconf 88' lang='lat' dir='ltr'><strong>Deo</strong></span> <span class='ocrx_word' id='word_1_8' title='bbox 1078 340 1244 391; x_wconf 83' lang='lat' dir='ltr'><strong>placeret,</strong></span> <span class='ocrx_word' id='word_1_9' title='bbox 1263 340 1313 376; x_wconf 87' lang='lat' dir='ltr'><strong>ita</strong></span> <span class='ocrx_word' id='word_1_10' title='bbox 1346 348 1386 377; x_wconf 89' lang='lat' dir='ltr'><strong>ut</strong></span> 
     </span>
     <span class='ocr_line' id='line_1_3' title="bbox 436 397 1384 451; baseline 0.003 -18"><span class='ocrx_word' id='word_1_11' title='bbox 436 411 548 448; x_wconf 88' lang='lat' dir='ltr'><strong>usque</strong></span> <span class='ocrx_word' id='word_1_12' title='bbox 569 397 676 436; x_wconf 84' lang='lat' dir='ltr'><strong>hodie</strong></span> <span class='ocrx_word' id='word_1_13' title='bbox 706 398 808 438; x_wconf 81' lang='lat' dir='ltr'><strong>vivat</strong></span> <span class='ocrx_word' id='word_1_14' title='bbox 839 400 997 437; x_wconf 89' lang='lat' dir='ltr'><strong>nondum</strong></span> <span class='ocrx_word' id='word_1_15' title='bbox 1026 409 1176 437; x_wconf 89' lang='lat' dir='ltr'><strong>mortem</strong></span> <span class='ocrx_word' id='word_1_16' title='bbox 1205 408 1384 451; x_wconf 79' lang='lat' dir='ltr'><strong>expertus.</strong></span> 
     </span>
     <span class='ocr_line' id='line_1_4' title="bbox 436 458 1383 511; baseline 0.002 -16"><span class='ocrx_word' id='word_1_17' title='bbox 436 458 530 495; x_wconf 86' lang='lat' dir='ltr'><strong>Nam</strong></span> <span class='ocrx_word' id='word_1_18' title='bbox 549 459 577 496; x_wconf 88' lang='lat' dir='ltr'><strong>si</strong></span> <span class='ocrx_word' id='word_1_19' title='bbox 593 458 737 511; x_wconf 79' lang='lat' dir='ltr'><strong>nuptiae,</strong></span> <span class='ocrx_word' id='word_1_20' title='bbox 756 459 890 507; x_wconf 86' lang='lat' dir='ltr'><strong>dilecti,</strong></span> <span class='ocrx_word' id='word_1_21' title='bbox 912 460 968 497; x_wconf 75' lang='lat' dir='ltr'><strong>vel</strong></span> <span class='ocrx_word' id='word_1_22' title='bbox 985 473 1178 510; x_wconf 88' lang='lat' dir='ltr'><strong>puerorum</strong></span> <span class='ocrx_word' id='word_1_23' title='bbox 1198 459 1383 508; x_wconf 80' lang='lat' dir='ltr'>educatio,</span> 
     </span>
     <span class='ocr_line' id='line_1_5' title="bbox 434 517 1384 570; baseline 0.002 -15"><span class='ocrx_word' id='word_1_24' title='bbox 434 517 728 570; x_wconf 83' lang='lat' dir='ltr'><strong>impedimentum</strong></span> <span class='ocrx_word' id='word_1_25' title='bbox 739 519 851 556; x_wconf 86' lang='lat' dir='ltr'><strong>forent</strong></span> <span class='ocrx_word' id='word_1_26' title='bbox 862 520 897 556; x_wconf 90' lang='lat' dir='ltr'><strong>in</strong></span> <span class='ocrx_word' id='word_1_27' title='bbox 911 519 1085 557; x_wconf 87' lang='lat' dir='ltr'><strong>virtutum</strong></span> <span class='ocrx_word' id='word_1_28' title='bbox 1103 519 1242 569; x_wconf 88' lang='lat' dir='ltr'><strong>itinere,</strong></span> <span class='ocrx_word' id='word_1_29' title='bbox 1254 533 1384 570; x_wconf 85' lang='lat' dir='ltr'><strong>nequa—</strong></span> 
     </span>
     <span class='ocr_line' id='line_1_6' title="bbox 433 579 1385 634; baseline 0.004 -18"><span class='ocrx_word' id='word_1_30' title='bbox 433 593 540 629; x_wconf 88' lang='lat' dir='ltr'><strong>quam</strong></span> <span class='ocrx_word' id='word_1_31' title='bbox 549 580 583 616; x_wconf 89' lang='lat' dir='ltr'><strong>in</strong></span> <span class='ocrx_word' id='word_1_32' title='bbox 595 579 685 617; x_wconf 91' lang='lat' dir='ltr'><strong>hanc</strong></span> <span class='ocrx_word' id='word_1_33' title='bbox 699 590 854 618; x_wconf 88' lang='lat' dir='ltr'><strong>nostram</strong></span> <span class='ocrx_word' id='word_1_34' title='bbox 861 580 970 618; x_wconf 86' lang='lat' dir='ltr'><strong>vitam</strong></span> <span class='ocrx_word' id='word_1_35' title='bbox 980 581 1385 634; x_wconf 81' lang='lat' dir='ltr'><strong>nuptiasintroduxisset</strong></span> 
     </span>
     <span class='ocr_line' id='line_1_7' title="bbox 432 641 1386 696; baseline 0.005 -19"><span class='ocrx_word' id='word_1_36' title='bbox 432 641 680 678; x_wconf 81' lang='lat' dir='ltr'><strong>universorum</strong></span> <span class='ocrx_word' id='word_1_37' title='bbox 709 642 865 691; x_wconf 83' lang='lat' dir='ltr'><strong>Creator,</strong></span> <span class='ocrx_word' id='word_1_38' title='bbox 886 651 925 680; x_wconf 88' lang='lat' dir='ltr'><strong>ut</strong></span> <span class='ocrx_word' id='word_1_39' title='bbox 947 657 990 681; x_wconf 89' lang='lat' dir='ltr'><strong>ne</strong></span> <span class='ocrx_word' id='word_1_40' title='bbox 1010 643 1044 680; x_wconf 90' lang='lat' dir='ltr'><strong>in</strong></span> <span class='ocrx_word' id='word_1_41' title='bbox 1065 642 1171 681; x_wconf 89' lang='lat' dir='ltr'><strong>rebus</strong></span> <span class='ocrx_word' id='word_1_42' title='bbox 1192 644 1386 696; x_wconf 84' lang='lat' dir='ltr'><strong>praecipuis</strong></span> 
     </span>
     <span class='ocr_line' id='line_1_8' title="bbox 430 700 1382 755; baseline 0.007 -18"><span class='ocrx_word' id='word_1_43' title='bbox 430 709 463 738; x_wconf 89' lang='lat' dir='ltr'><strong>et</strong></span> <span class='ocrx_word' id='word_1_44' title='bbox 481 700 638 739; x_wconf 80' lang='lat' dir='ltr'><strong>maxime</strong></span> <span class='ocrx_word' id='word_1_45' title='bbox 654 702 858 742; x_wconf 85' lang='lat' dir='ltr'><strong>necessariis</strong></span> <span class='ocrx_word' id='word_1_46' title='bbox 874 717 938 741; x_wconf 93' lang='lat' dir='ltr'><strong>nos</strong></span> <span class='ocrx_word' id='word_1_47' title='bbox 954 703 1110 742; x_wconf 81' lang='lat' dir='ltr'><strong>laederet.</strong></span> <span class='ocrx_word' id='word_1_48' title='bbox 1130 703 1202 742; x_wconf 88' lang='lat' dir='ltr'><strong>Sed</strong></span> <span class='ocrx_word' id='word_1_49' title='bbox 1215 704 1297 755; x_wconf 90' lang='lat' dir='ltr'><strong>quia</strong></span> <span class='ocrx_word' id='word_1_50' title='bbox 1314 719 1382 744; x_wconf 92' lang='lat' dir='ltr'><strong>non</strong></span> 
     </span>
     <span class='ocr_line' id='line_1_9' title="bbox 429 761 1382 817; baseline 0.006 -19"><span class='ocrx_word' id='word_1_51' title='bbox 429 761 545 799; x_wconf 87' lang='lat' dir='ltr'><strong>solum</strong></span> <span class='ocrx_word' id='word_1_52' title='bbox 574 763 667 800; x_wconf 85' lang='lat' dir='ltr'>nihil</span> <span class='ocrx_word' id='word_1_53' title='bbox 687 763 789 802; x_wconf 85' lang='lat' dir='ltr'><strong>nobis</strong></span> <span class='ocrx_word' id='word_1_54' title='bbox 807 764 948 802; x_wconf 80' lang='lat' dir='ltr'>obstant</span> <span class='ocrx_word' id='word_1_55' title='bbox 979 765 1027 804; x_wconf 87' lang='lat' dir='ltr'><strong>ad</strong></span> <span class='ocrx_word' id='word_1_56' title='bbox 1053 765 1382 817; x_wconf 84' lang='lat' dir='ltr'><strong>philosophandum</strong></span> 
     </span>
    </p>
   </div>
   <div class='ocr_carea' id='block_1_3' title="bbox 924 256 2034 296">
    <p class='ocr_par' dir='ltr' id='par_1_3' title="bbox 924 256 2034 296">
     <span class='ocr_line' id='line_1_10' title="bbox 924 256 2034 296; baseline 0.009 -10"><span class='ocrx_word' id='word_1_57' title='bbox 924 257 1107 287; x_wconf 77' lang='lat' dir='ltr'><strong>JOANNIS</strong></span> <span class='ocrx_word' id='word_1_58' title='bbox 1141 256 1393 288; x_wconf 77' lang='lat' dir='ltr'>CHRYSOST.</span> <span class='ocrx_word' id='word_1_59' title='bbox 1431 258 1638 290; x_wconf 80' lang='lat' dir='ltr'>ARCHIEP.</span> <span class='ocrx_word' id='word_1_60' title='bbox 1677 261 2034 296; x_wconf 70' lang='lat' dir='ltr'>CONSTANTINOP-</span> 
     </span>
    </p>
   </div>
   <div class='ocr_carea' id='block_1_4' title="bbox 1454 341 2479 826">
    <p class='ocr_par' dir='ltr' id='par_1_4' title="bbox 1454 341 2479 826">
     <span class='ocr_line' id='line_1_11' title="bbox 1458 341 2476 403; baseline 0.012 -26"><span class='ocrx_word' id='word_1_61' title='bbox 1458 341 1527 378; x_wconf 83' lang='grc' dir='ltr'><strong>ἀπὸ</strong></span> <span class='ocrx_word' id='word_1_62' title='bbox 1542 343 1776 396; x_wconf 86' lang='grc' dir='ltr'>προαιρέσεως</span> <span class='ocrx_word' id='word_1_63' title='bbox 1793 347 1964 395; x_wconf 67' lang='grc' dir='ltr'>τοσαύτην</span> <span class='ocrx_word' id='word_1_64' title='bbox 1981 348 2179 392; x_wconf 75' lang='grc' dir='ltr'>ἐπεδείξατο</span> <span class='ocrx_word' id='word_1_65' title='bbox 2204 348 2267 396; x_wconf 75' lang='grc' dir='ltr'><strong>τὴν</strong></span> <span class='ocrx_word' id='word_1_66' title='bbox 2289 349 2476 403; x_wconf 81' lang='grc' dir='ltr'>εὐαρέστη-</span> 
     </span>
     <span class='ocr_line' id='line_1_12' title="bbox 1457 403 2477 461; baseline 0.011 -22"><span class='ocrx_word' id='word_1_67' title='bbox 1457 417 1523 450; x_wconf 88' lang='grc' dir='ltr'>σιν,</span> <span class='ocrx_word' id='word_1_68' title='bbox 1541 406 1587 447; x_wconf 82' lang='grc' dir='ltr'>ὡς</span> <span class='ocrx_word' id='word_1_69' title='bbox 1607 403 1714 457; x_wconf 77' lang='grc' dir='ltr'>μέχρι</span> <span class='ocrx_word' id='word_1_70' title='bbox 1736 410 1799 453; x_wconf 73' lang='grc' dir='ltr'><strong>τῆς</strong></span> <span class='ocrx_word' id='word_1_71' title='bbox 1823 407 1974 461; x_wconf 81' lang='grc' dir='ltr'>σήμερον</span> <span class='ocrx_word' id='word_1_72' title='bbox 2008 409 2210 461; x_wconf 82' lang='grc' dir='ltr'>διαρκέσαι,</span> <span class='ocrx_word' id='word_1_73' title='bbox 2232 411 2292 449; x_wconf 78' lang='grc' dir='ltr'><strong>καὶ</strong></span> <span class='ocrx_word' id='word_1_74' title='bbox 2331 412 2477 461; x_wconf 78' lang='grc' dir='ltr'>μηδέπω</span> 
     </span>
     <span class='ocr_line' id='line_1_13' title="bbox 1456 464 2478 524; baseline 0.011 -23"><span class='ocrx_word' id='word_1_75' title='bbox 1456 464 1516 502; x_wconf 81' lang='grc' dir='ltr'><strong>καὶ</strong></span> <span class='ocrx_word' id='word_1_76' title='bbox 1545 468 1604 502; x_wconf 87' lang='grc' dir='ltr'><strong>νῦν</strong></span> <span class='ocrx_word' id='word_1_77' title='bbox 1631 471 1755 517; x_wconf 89' lang='grc' dir='ltr'>πεῖραν</span> <span class='ocrx_word' id='word_1_78' title='bbox 1788 469 1936 508; x_wconf 82' lang='grc' dir='ltr'>θανάτου</span> <span class='ocrx_word' id='word_1_79' title='bbox 1971 470 2103 509; x_wconf 69' lang='grc' dir='ltr'>λαὸεἷν.</span> <span class='ocrx_word' id='word_1_80' title='bbox 2124 473 2169 510; x_wconf 83' lang='grc' dir='ltr'><strong>Εἰ</strong></span> <span class='ocrx_word' id='word_1_81' title='bbox 2199 472 2267 524; x_wconf 78' lang='grc' dir='ltr'><strong>γὰρ</strong></span> <span class='ocrx_word' id='word_1_82' title='bbox 2298 475 2315 510; x_wconf 75' lang='grc' dir='ltr'>ὁ</span> <span class='ocrx_word' id='word_1_83' title='bbox 2346 473 2478 523; x_wconf 85' lang='grc' dir='ltr'>γάμος,</span> 
     </span>
     <span class='ocr_line' id='line_1_14' title="bbox 1457 525 2477 584; baseline 0.008 -22"><span class='ocrx_word' id='word_1_84' title='bbox 1457 525 1635 575; x_wconf 78' lang='grc' dir='ltr'>ἀγαπητὲ,</span> <span class='ocrx_word' id='word_1_85' title='bbox 1652 527 1712 565; x_wconf 83' lang='grc' dir='ltr'><strong>καὶ</strong></span> <span class='ocrx_word' id='word_1_86' title='bbox 1730 530 1751 574; x_wconf 78' lang='grc' dir='ltr'>ἡ</span> <span class='ocrx_word' id='word_1_87' title='bbox 1767 530 1997 582; x_wconf 77' lang='grc' dir='ltr'>παιδοτροφία</span> <span class='ocrx_word' id='word_1_88' title='bbox 2011 531 2157 582; x_wconf 83' lang='grc' dir='ltr'>κώλυμα</span> <span class='ocrx_word' id='word_1_89' title='bbox 2173 532 2303 582; x_wconf 76' lang='grc' dir='ltr'>ἤμελλε</span> <span class='ocrx_word' id='word_1_90' title='bbox 2321 534 2477 584; x_wconf 86' lang='grc' dir='ltr'>γίνεσθαι</span> 
     </span>
     <span class='ocr_line' id='line_1_15' title="bbox 1455 587 2479 645; baseline 0.009 -22"><span class='ocrx_word' id='word_1_91' title='bbox 1455 587 1541 639; x_wconf 83' lang='grc' dir='ltr'>πρὸς</span> <span class='ocrx_word' id='word_1_92' title='bbox 1556 587 1707 634; x_wconf 74' lang='grc' dir='ltr'>τὴντῆς</span> <span class='ocrx_word' id='word_1_93' title='bbox 1734 591 1860 639; x_wconf 70' lang='grc' dir='ltr'>ἀρετῆς</span> <span class='ocrx_word' id='word_1_94' title='bbox 1887 591 1979 638; x_wconf 76' lang='grc' dir='ltr'>ὁδὸν,</span> <span class='ocrx_word' id='word_1_95' title='bbox 2002 593 2064 629; x_wconf 83' lang='grc' dir='ltr'><strong>οὐκ</strong></span> <span class='ocrx_word' id='word_1_96' title='bbox 2083 592 2261 644; x_wconf 76' lang='grc' dir='ltr'>εἰσήνεγκε</span> <span class='ocrx_word' id='word_1_97' title='bbox 2285 595 2396 645; x_wconf 84' lang='grc' dir='ltr'>γάμον</span> <span class='ocrx_word' id='word_1_98' title='bbox 2430 596 2479 637; x_wconf 84' lang='grc' dir='ltr'><strong>εἷς</strong></span> 
     </span>
     <span class='ocr_line' id='line_1_16' title="bbox 1454 647 2475 706; baseline 0.006 -20"><span class='ocrx_word' id='word_1_99' title='bbox 1454 649 1512 687; x_wconf 82' lang='grc' dir='ltr'><strong>τὸν</strong></span> <span class='ocrx_word' id='word_1_100' title='bbox 1534 647 1606 700; x_wconf 83' lang='grc' dir='ltr'>βίον</span> <span class='ocrx_word' id='word_1_101' title='bbox 1622 649 1679 688; x_wconf 78' lang='grc' dir='ltr'><strong>τὸν</strong></span> <span class='ocrx_word' id='word_1_102' title='bbox 1696 649 1864 702; x_wconf 85' lang='grc' dir='ltr'>ἡμέτερον</span> <span class='ocrx_word' id='word_1_103' title='bbox 1885 654 1902 689; x_wconf 84' lang='grc' dir='ltr'>ὁ</span> <span class='ocrx_word' id='word_1_104' title='bbox 1917 653 1985 689; x_wconf 81' lang='grc' dir='ltr'><strong>τῶν</strong></span> <span class='ocrx_word' id='word_1_105' title='bbox 2006 653 2093 690; x_wconf 83' lang='grc' dir='ltr'>ὅλων</span> <span class='ocrx_word' id='word_1_106' title='bbox 2115 653 2339 706; x_wconf 81' lang='grc' dir='ltr'>δημιουργὸς,</span> <span class='ocrx_word' id='word_1_107' title='bbox 2352 655 2408 693; x_wconf 82' lang='grc' dir='ltr'><strong>ἵνα</strong></span> <span class='ocrx_word' id='word_1_108' title='bbox 2425 653 2475 704; x_wconf 87' lang='grc' dir='ltr'>μὴ</span> 
     </span>
     <span class='ocr_line' id='line_1_17' title="bbox 1455 710 2479 766; baseline 0.004 -18"><span class='ocrx_word' id='word_1_109' title='bbox 1455 712 1489 748; x_wconf 84' lang='grc' dir='ltr'><strong>ἐν</strong></span> <span class='ocrx_word' id='word_1_110' title='bbox 1517 717 1588 754; x_wconf 91' lang='grc' dir='ltr'>τοῖς</span> <span class='ocrx_word' id='word_1_111' title='bbox 1632 710 1780 763; x_wconf 87' lang='grc' dir='ltr'>καιρίοις</span> <span class='ocrx_word' id='word_1_112' title='bbox 1809 711 1867 749; x_wconf 78' lang='grc' dir='ltr'><strong>καὶ</strong></span> <span class='ocrx_word' id='word_1_113' title='bbox 1904 713 2035 764; x_wconf 70' lang='grc' dir='ltr'>σφόδρα</span> <span class='ocrx_word' id='word_1_114' title='bbox 2072 714 2353 766; x_wconf 83' lang='grc' dir='ltr'>ἀναγκαιοτέροις</span> <span class='ocrx_word' id='word_1_115' title='bbox 2383 719 2479 766; x_wconf 77' lang='grc' dir='ltr'>ἡμᾶς</span> 
     </span>
     <span class='ocr_line' id='line_1_18' title="bbox 1454 771 2479 826; baseline 0.004 -16"><span class='ocrx_word' id='word_1_116' title='bbox 1454 771 1664 822; x_wconf 88' lang='grc' dir='ltr'>λυμήνηται.</span> <span class='ocrx_word' id='word_1_117' title='bbox 1686 773 1777 811; x_wconf 81' lang='grc' dir='ltr'>Ἀλλ’</span> <span class='ocrx_word' id='word_1_118' title='bbox 1800 774 1918 822; x_wconf 83' lang='grc' dir='ltr'>ἐπειδὴ</span> <span class='ocrx_word' id='word_1_119' title='bbox 1936 776 1973 812; x_wconf 81' lang='grc' dir='ltr'><strong>οὐ</strong></span> <span class='ocrx_word' id='word_1_120' title='bbox 1995 774 2098 825; x_wconf 88' lang='grc' dir='ltr'>μόνον</span> <span class='ocrx_word' id='word_1_121' title='bbox 2117 775 2210 813; x_wconf 80' lang='grc' dir='ltr'>οὐδὲν</span> <span class='ocrx_word' id='word_1_122' title='bbox 2231 779 2315 826; x_wconf 84' lang='grc' dir='ltr'>ἡμῖν</span> <span class='ocrx_word' id='word_1_123' title='bbox 2335 775 2479 826; x_wconf 79' lang='grc' dir='ltr'>ἐμποδί-</span> 
     </span>
    </p>
   </div>
   <div class='ocr_carea' id='block_1_5' title="bbox 428 823 2478 951">
    <p class='ocr_par' dir='ltr' id='par_1_5' title="bbox 428 823 2478 951">
     <span class='ocr_line' id='line_1_19' title="bbox 428 823 2478 889; baseline 0.008 -29"><span class='ocrx_word' id='word_1_124' title='bbox 428 823 623 862; x_wconf 85' lang='lat' dir='ltr'><strong>secundum</strong></span> <span class='ocrx_word' id='word_1_125' title='bbox 645 826 776 876; x_wconf 88' lang='lat' dir='ltr'><strong>Deum,</strong></span> <span class='ocrx_word' id='word_1_126' title='bbox 798 825 827 863; x_wconf 87' lang='lat' dir='ltr'><strong>si</strong></span> <span class='ocrx_word' id='word_1_127' title='bbox 847 825 1066 864; x_wconf 87' lang='lat' dir='ltr'><strong>voluerimus</strong></span> <span class='ocrx_word' id='word_1_128' title='bbox 1089 840 1162 865; x_wconf 87' lang='lat' dir='ltr'><strong>esse</strong></span> <span class='ocrx_word' id='word_1_129' title='bbox 1179 827 1303 878; x_wconf 78' lang='lat' dir='ltr'><strong>sobrii,</strong></span> <span class='ocrx_word' id='word_1_130' title='bbox 1320 827 1381 866; x_wconf 89' lang='lat' dir='ltr'><strong>sed</strong></span> <span class='ocrx_word' id='word_1_131' title='bbox 1393 858 1440 882; x_wconf 67' lang='lat'><strong>137</strong></span> <span class='ocrx_word' id='word_1_132' title='bbox 1454 835 1503 878; x_wconf 72' lang='grc' dir='ltr'><strong>ζει</strong></span> <span class='ocrx_word' id='word_1_133' title='bbox 1526 835 1617 887; x_wconf 32' lang='grc' dir='ltr'>πρὸς,</span> <span class='ocrx_word' id='word_1_134' title='bbox 1637 833 1700 881; x_wconf 79' lang='grc' dir='ltr'><strong>τὴν</strong></span> <span class='ocrx_word' id='word_1_135' title='bbox 1729 835 1820 873; x_wconf 77' lang='grc' dir='ltr'>κατὰ</span> <span class='ocrx_word' id='word_1_136' title='bbox 1840 836 1930 874; x_wconf 79' lang='grc' dir='ltr'>Θεὸν</span> <span class='ocrx_word' id='word_1_137' title='bbox 1953 836 2170 889; x_wconf 72' lang='grc' dir='ltr'>φιλοσοφίαν,</span> <span class='ocrx_word' id='word_1_138' title='bbox 2192 837 2250 874; x_wconf 83' lang='grc' dir='ltr'><strong>ἐὰν</strong></span> <span class='ocrx_word' id='word_1_139' title='bbox 2272 836 2478 889; x_wconf 84' lang='grc' dir='ltr'>βουλώμεθα</span> 
     </span>
     <span class='ocr_line' id='line_1_20' title="bbox 428 887 2478 951; baseline 0.007 -30"><span class='ocrx_word' id='word_1_140' title='bbox 428 893 463 921; x_wconf 85' lang='lat' dir='ltr'><strong>et</strong></span> <span class='ocrx_word' id='word_1_141' title='bbox 476 899 641 936; x_wconf 88' lang='lat' dir='ltr'><strong>magnam</strong></span> <span class='ocrx_word' id='word_1_142' title='bbox 656 887 809 925; x_wconf 82' lang='lat' dir='ltr'><strong>asserunt</strong></span> <span class='ocrx_word' id='word_1_143' title='bbox 825 887 1112 937; x_wconf 79' lang='lat' dir='ltr'><strong>consolationem,</strong></span> <span class='ocrx_word' id='word_1_144' title='bbox 1126 888 1214 926; x_wconf 89' lang='lat' dir='ltr'><strong>dum</strong></span> <span class='ocrx_word' id='word_1_145' title='bbox 1226 890 1381 941; x_wconf 83' lang='lat' dir='ltr'><strong>compri-</strong></span> <span class='ocrx_word' id='word_1_146' title='bbox 1405 896 1430 924; x_wconf 83' lang='grc' dir='ltr'>Α</span> <span class='ocrx_word' id='word_1_147' title='bbox 1451 894 1582 947; x_wconf 64' lang='grc' dir='ltr'>νήφειν,</span> <span class='ocrx_word' id='word_1_148' title='bbox 1601 894 1690 933; x_wconf 80' lang='grc' dir='ltr'>ἀλλὰ</span> <span class='ocrx_word' id='word_1_149' title='bbox 1711 896 1770 934; x_wconf 74' lang='grc' dir='ltr'><strong>καὶ</strong></span> <span class='ocrx_word' id='word_1_150' title='bbox 1799 897 1931 944; x_wconf 74' lang='grc' dir='ltr'>πολλὴν</span> <span class='ocrx_word' id='word_1_151' title='bbox 1960 901 2045 947; x_wconf 66' lang='grc' dir='ltr'>ἡμῖν</span> <span class='ocrx_word' id='word_1_152' title='bbox 2074 897 2203 949; x_wconf 78' lang='grc' dir='ltr'>εἰσάγει</span> <span class='ocrx_word' id='word_1_153' title='bbox 2222 899 2285 944; x_wconf 75' lang='grc' dir='ltr'><strong>τὴν</strong></span> <span class='ocrx_word' id='word_1_154' title='bbox 2314 914 2478 951; x_wconf 86' lang='grc' dir='ltr'>παραμυ-</span> 
     </span>
    </p>
   </div>
   <div class='ocr_carea' id='block_1_6' title="bbox 380 947 1381 3140">
    <p class='ocr_par' dir='ltr' id='par_1_6' title="bbox 380 947 1381 3140">
     <span class='ocr_line' id='line_1_21' title="bbox 380 947 1380 1002; baseline 0.007 -20"><span class='ocrx_word' id='word_1_155' title='bbox 380 996 385 999; x_wconf 32' lang='lat'>¹</span> <span class='ocrx_word' id='word_1_156' title='bbox 428 955 530 984; x_wconf 91' lang='lat' dir='ltr'><strong>munt</strong></span> <span class='ocrx_word' id='word_1_157' title='bbox 562 947 728 986; x_wconf 88' lang='lat' dir='ltr'><strong>insanum</strong></span> <span class='ocrx_word' id='word_1_158' title='bbox 760 958 894 987; x_wconf 84' lang='lat' dir='ltr'><strong>naturae</strong></span> <span class='ocrx_word' id='word_1_159' title='bbox 928 949 1113 1002; x_wconf 84' lang='lat' dir='ltr'><strong>impetum,</strong></span> <span class='ocrx_word' id='word_1_160' title='bbox 1145 964 1208 988; x_wconf 91' lang='lat' dir='ltr'><strong>nec</strong></span> <span class='ocrx_word' id='word_1_161' title='bbox 1240 951 1380 989; x_wconf 87' lang='lat' dir='ltr'><strong>turbari</strong></span> 
     </span>
     <span class='ocr_line' id='line_1_22' title="bbox 426 1007 1381 1062; baseline 0.005 -18"><span class='ocrx_word' id='word_1_162' title='bbox 426 1007 528 1057; x_wconf 83' lang='lat' dir='ltr'>quasi</span> <span class='ocrx_word' id='word_1_163' title='bbox 539 1022 636 1046; x_wconf 88' lang='lat' dir='ltr'><strong>mare</strong></span> <span class='ocrx_word' id='word_1_164' title='bbox 648 1009 783 1059; x_wconf 90' lang='lat' dir='ltr'><strong>sinunt,</strong></span> <span class='ocrx_word' id='word_1_165' title='bbox 803 1009 862 1047; x_wconf 88' lang='lat' dir='ltr'><strong>sed</strong></span> <span class='ocrx_word' id='word_1_166' title='bbox 871 1009 1032 1047; x_wconf 85' lang='lat' dir='ltr'><strong>efficiunt</strong></span> <span class='ocrx_word' id='word_1_167' title='bbox 1042 1019 1081 1047; x_wconf 90' lang='lat' dir='ltr'><strong>ut</strong></span> <span class='ocrx_word' id='word_1_168' title='bbox 1095 1010 1224 1062; x_wconf 83' lang='lat' dir='ltr'><strong>scapha</strong></span> <span class='ocrx_word' id='word_1_169' title='bbox 1233 1011 1381 1050; x_wconf 82' lang='lat' dir='ltr'><strong>feliciter</strong></span> 
     </span>
     <span class='ocr_line' id='line_1_23' title="bbox 427 1067 1381 1121; baseline 0.005 -16"><span class='ocrx_word' id='word_1_170' title='bbox 427 1067 463 1105; x_wconf 89' lang='lat' dir='ltr'><strong>in</strong></span> <span class='ocrx_word' id='word_1_171' title='bbox 476 1077 618 1120; x_wconf 87' lang='lat' dir='ltr'><strong>portum</strong></span> <span class='ocrx_word' id='word_1_172' title='bbox 635 1069 804 1121; x_wconf 86' lang='lat' dir='ltr'><strong>appellat,</strong></span> <span class='ocrx_word' id='word_1_173' title='bbox 822 1069 901 1108; x_wconf 88' lang='lat' dir='ltr'><strong>ideo</strong></span> <span class='ocrx_word' id='word_1_174' title='bbox 918 1071 1193 1108; x_wconf 84' lang='lat' dir='ltr'><strong>consolationem</strong></span> <span class='ocrx_word' id='word_1_175' title='bbox 1207 1071 1297 1110; x_wconf 87' lang='lat' dir='ltr'><strong>hane</strong></span> <span class='ocrx_word' id='word_1_176' title='bbox 1311 1073 1381 1111; x_wconf 89' lang='lat' dir='ltr'><strong>hu-</strong></span> 
     </span>
     <span class='ocr_line' id='line_1_24' title="bbox 426 1130 1375 1183; baseline 0.005 -17"><span class='ocrx_word' id='word_1_177' title='bbox 426 1143 530 1167; x_wconf 89' lang='lat' dir='ltr'><strong>mano</strong></span> <span class='ocrx_word' id='word_1_178' title='bbox 551 1132 671 1179; x_wconf 85' lang='lat' dir='ltr'><strong>generi</strong></span> <span class='ocrx_word' id='word_1_179' title='bbox 704 1130 843 1168; x_wconf 88' lang='lat' dir='ltr'><strong>tribuit.</strong></span> <span class='ocrx_word' id='word_1_180' title='bbox 864 1131 969 1177; x_wconf 85' lang='lat' dir='ltr'><strong>Quod</strong></span> <span class='ocrx_word' id='word_1_181' title='bbox 1001 1146 1110 1182; x_wconf 91' lang='lat' dir='ltr'><strong>quam</strong></span> <span class='ocrx_word' id='word_1_182' title='bbox 1145 1146 1272 1170; x_wconf 80' lang='lat' dir='ltr'><strong>verum</strong></span> <span class='ocrx_word' id='word_1_183' title='bbox 1305 1133 1375 1183; x_wconf 92' lang='lat' dir='ltr'><strong>sit,</strong></span> 
     </span>
     <span class='ocr_line' id='line_1_25' title="bbox 426 1190 1380 1246; baseline 0.005 -19"><span class='ocrx_word' id='word_1_184' title='bbox 426 1190 579 1228; x_wconf 90' lang='lat' dir='ltr'><strong>ostendit</strong></span> <span class='ocrx_word' id='word_1_185' title='bbox 599 1191 718 1242; x_wconf 90' lang='lat' dir='ltr'><strong>justus</strong></span> <span class='ocrx_word' id='word_1_186' title='bbox 736 1191 810 1229; x_wconf 90' lang='lat' dir='ltr'><strong>ille.</strong></span> <span class='ocrx_word' id='word_1_187' title='bbox 830 1191 924 1238; x_wconf 84' lang='lat' dir='ltr'><strong>Quia</strong></span> <span class='ocrx_word' id='word_1_188' title='bbox 944 1201 1146 1244; x_wconf 83' lang='lat' dir='ltr'><strong>postquam,</strong></span> <span class='ocrx_word' id='word_1_189' title='bbox 1168 1192 1298 1244; x_wconf 85' lang='lat' dir='ltr'><strong>inquit,</strong></span> <span class='ocrx_word' id='word_1_190' title='bbox 1319 1208 1380 1246; x_wconf 87' lang='lat' dir='ltr'><strong>ge-</strong></span> 
     </span>
     <span class='ocr_line' id='line_1_26' title="bbox 426 1250 1379 1307; baseline 0.008 -20"><span class='ocrx_word' id='word_1_191' title='bbox 426 1250 504 1288; x_wconf 90' lang='lat' dir='ltr'><strong>nuit</strong></span> <span class='ocrx_word' id='word_1_192' title='bbox 522 1252 562 1289; x_wconf 85' lang='lat' dir='ltr'><strong>M</strong></span> <span class='ocrx_word' id='word_1_193' title='bbox 567 1252 740 1301; x_wconf 87' lang='lat' dir='ltr'><strong>athusala,</strong></span> <span class='ocrx_word' id='word_1_194' title='bbox 750 1252 886 1305; x_wconf 87' lang='lat' dir='ltr'><strong>placuit</strong></span> <span class='ocrx_word' id='word_1_195' title='bbox 902 1255 977 1291; x_wconf 90' lang='lat' dir='ltr'><strong>Deo</strong></span> <span class='ocrx_word' id='word_1_196' title='bbox 994 1253 1256 1305; x_wconf 88' lang='lat' dir='ltr'><strong>Enoch,neque</strong></span> <span class='ocrx_word' id='word_1_197' title='bbox 1267 1269 1379 1307; x_wconf 81' lang='lat' dir='ltr'><strong>parvo</strong></span> 
     </span>
     <span class='ocr_line' id='line_1_27' title="bbox 425 1313 1379 1368; baseline 0.006 -19"><span class='ocrx_word' id='word_1_198' title='bbox 425 1326 600 1350; x_wconf 90' lang='lat' dir='ltr'><strong>annorum</strong></span> <span class='ocrx_word' id='word_1_199' title='bbox 615 1327 762 1352; x_wconf 87' lang='lat' dir='ltr'><strong>numero</strong></span> <span class='ocrx_word' id='word_1_200' title='bbox 780 1313 815 1352; x_wconf 89' lang='lat' dir='ltr'><strong>in</strong></span> <span class='ocrx_word' id='word_1_201' title='bbox 835 1314 1013 1352; x_wconf 88' lang='lat' dir='ltr'><strong>virtutum</strong></span> <span class='ocrx_word' id='word_1_202' title='bbox 1028 1315 1198 1354; x_wconf 84' lang='lat' dir='ltr'><strong>exercitio</strong></span> <span class='ocrx_word' id='word_1_203' title='bbox 1217 1331 1379 1368; x_wconf 85' lang='lat' dir='ltr'><strong>perseve-</strong></span> 
     </span>
     <span class='ocr_line' id='line_1_28' title="bbox 426 1373 1379 1430; baseline 0.005 -19"><span class='ocrx_word' id='word_1_204' title='bbox 426 1373 534 1425; x_wconf 87' lang='lat' dir='ltr'><strong>ravit,</strong></span> <span class='ocrx_word' id='word_1_205' title='bbox 555 1373 617 1412; x_wconf 89' lang='lat' dir='ltr'><strong>sed</strong></span> <span class='ocrx_word' id='word_1_206' title='bbox 628 1374 737 1425; x_wconf 74' lang='lat' dir='ltr'><strong>vixit,</strong></span> <span class='ocrx_word' id='word_1_207' title='bbox 759 1375 888 1426; x_wconf 88' lang='lat' dir='ltr'><strong>inquit,</strong></span> <span class='ocrx_word' id='word_1_208' title='bbox 913 1376 1014 1414; x_wconf 88' lang='lat' dir='ltr'><strong>annis</strong></span> <span class='ocrx_word' id='word_1_209' title='bbox 1034 1376 1210 1415; x_wconf 88' lang='lat' dir='ltr'><strong>ducentis.</strong></span> <span class='ocrx_word' id='word_1_210' title='bbox 1231 1377 1278 1416; x_wconf 89' lang='lat' dir='ltr'><strong>Et</strong></span> <span class='ocrx_word' id='word_1_211' title='bbox 1295 1378 1379 1430; x_wconf 82' lang='lat' dir='ltr'><strong>quia</strong></span> 
     </span>
     <span class='ocr_line' id='line_1_29' title="bbox 426 1436 1378 1491; baseline 0.007 -20"><span class='ocrx_word' id='word_1_212' title='bbox 426 1444 505 1486; x_wconf 87' lang='lat' dir='ltr'><strong>post</strong></span> <span class='ocrx_word' id='word_1_213' title='bbox 519 1436 835 1487; x_wconf 83' lang='lat' dir='ltr'><strong>transgressionem</strong></span> <span class='ocrx_word' id='word_1_214' title='bbox 847 1437 933 1475; x_wconf 84' lang='lat' dir='ltr'><strong>Adae</strong></span> <span class='ocrx_word' id='word_1_215' title='bbox 949 1438 1113 1476; x_wconf 84' lang='lat' dir='ltr'><strong>inventus</strong></span> <span class='ocrx_word' id='word_1_216' title='bbox 1128 1448 1178 1476; x_wconf 91' lang='lat' dir='ltr'><strong>est</strong></span> <span class='ocrx_word' id='word_1_217' title='bbox 1194 1438 1300 1477; x_wconf 90' lang='lat' dir='ltr'><strong>homo</strong></span> <span class='ocrx_word' id='word_1_218' title='bbox 1315 1440 1378 1491; x_wconf 90' lang='lat' dir='ltr'><strong>qui</strong></span> 
     </span>
     <span class='ocr_line' id='line_1_30' title="bbox 425 1495 1378 1551; baseline 0.005 -18"><span class='ocrx_word' id='word_1_219' title='bbox 425 1495 473 1533; x_wconf 84' lang='lat' dir='ltr'><strong>ad</strong></span> <span class='ocrx_word' id='word_1_220' title='bbox 487 1495 663 1534; x_wconf 79' lang='lat' dir='ltr'><strong>virtutum</strong></span> <span class='ocrx_word' id='word_1_221' title='bbox 681 1497 820 1536; x_wconf 90' lang='lat' dir='ltr'><strong>culmen</strong></span> <span class='ocrx_word' id='word_1_222' title='bbox 842 1498 1057 1546; x_wconf 82' lang='lat' dir='ltr'><strong>ascenderet,</strong></span> <span class='ocrx_word' id='word_1_223' title='bbox 1075 1509 1108 1538; x_wconf 89' lang='lat' dir='ltr'><strong>et</strong></span> <span class='ocrx_word' id='word_1_224' title='bbox 1127 1499 1233 1551; x_wconf 85' lang='lat' dir='ltr'><strong>primi</strong></span> <span class='ocrx_word' id='word_1_225' title='bbox 1252 1514 1378 1551; x_wconf 86' lang='lat' dir='ltr'><strong>paren-</strong></span> 
     </span>
     <span class='ocr_line' id='line_1_31' title="bbox 424 1556 1377 1612; baseline 0.005 -19"><span class='ocrx_word' id='word_1_226' title='bbox 424 1556 470 1594; x_wconf 88' lang='lat' dir='ltr'><strong>tis</strong></span> <span class='ocrx_word' id='word_1_227' title='bbox 487 1566 669 1609; x_wconf 86' lang='lat' dir='ltr'><strong>peccatum</strong></span> <span class='ocrx_word' id='word_1_228' title='bbox 683 1568 875 1607; x_wconf 87' lang='lat' dir='ltr'><strong>revocaret,</strong></span> <span class='ocrx_word' id='word_1_229' title='bbox 885 1559 931 1597; x_wconf 89' lang='lat' dir='ltr'><strong>ob</strong></span> <span class='ocrx_word' id='word_1_230' title='bbox 945 1574 1022 1597; x_wconf 88' lang='lat' dir='ltr'><strong>cam</strong></span> <span class='ocrx_word' id='word_1_231' title='bbox 1036 1574 1144 1610; x_wconf 88' lang='lat' dir='ltr'><strong>quam</strong></span> <span class='ocrx_word' id='word_1_232' title='bbox 1159 1560 1254 1612; x_wconf 83' lang='lat' dir='ltr'><strong>apud</strong></span> <span class='ocrx_word' id='word_1_233' title='bbox 1266 1562 1377 1599; x_wconf 85' lang='lat' dir='ltr'><strong>Deum</strong></span> 
     </span>
     <span class='ocr_line' id='line_1_32' title="bbox 424 1617 1376 1670; baseline 0.006 -16"><span class='ocrx_word' id='word_1_234' title='bbox 424 1617 578 1656; x_wconf 87' lang='lat' dir='ltr'><strong>habebat</strong></span> <span class='ocrx_word' id='word_1_235' title='bbox 593 1620 756 1670; x_wconf 82' lang='lat' dir='ltr'><strong>gratiam,</strong></span> <span class='ocrx_word' id='word_1_236' title='bbox 772 1619 857 1659; x_wconf 77' lang='lat' dir='ltr'><strong>vide</strong></span> <span class='ocrx_word' id='word_1_237' title='bbox 872 1620 958 1659; x_wconf 90' lang='lat' dir='ltr'><strong>boni</strong></span> <span class='ocrx_word' id='word_1_238' title='bbox 978 1620 1045 1658; x_wconf 89' lang='lat' dir='ltr'><strong>Dei</strong></span> <span class='ocrx_word' id='word_1_239' title='bbox 1058 1621 1288 1659; x_wconf 77' lang='lat' dir='ltr'><strong>excellentem</strong></span> <span class='ocrx_word' id='word_1_240' title='bbox 1303 1622 1376 1660; x_wconf 85' lang='lat' dir='ltr'><strong>cle—</strong></span> 
     </span>
     <span class='ocr_line' id='line_1_33' title="bbox 424 1679 1377 1735; baseline 0.007 -21"><span class='ocrx_word' id='word_1_241' title='bbox 424 1679 714 1719; x_wconf 83' lang='lat' dir='ltr'><strong>mentiam.Na1n</strong></span> <span class='ocrx_word' id='word_1_242' title='bbox 730 1681 814 1732; x_wconf 83' lang='lat' dir='ltr'><strong>quia</strong></span> <span class='ocrx_word' id='word_1_243' title='bbox 835 1681 970 1720; x_wconf 89' lang='lat' dir='ltr'><strong>invenit</strong></span> <span class='ocrx_word' id='word_1_244' title='bbox 999 1681 1152 1733; x_wconf 87' lang='lat' dir='ltr'><strong>aliquem</strong></span> <span class='ocrx_word' id='word_1_245' title='bbox 1174 1682 1235 1733; x_wconf 91' lang='lat' dir='ltr'><strong>qui</strong></span> <span class='ocrx_word' id='word_1_246' title='bbox 1260 1684 1377 1735; x_wconf 86' lang='lat' dir='ltr'><strong>potuit</strong></span> 
     </span>
     <span class='ocr_line' id='line_1_34' title="bbox 422 1741 1376 1796; baseline 0.006 -20"><span class='ocrx_word' id='word_1_247' title='bbox 422 1749 608 1791; x_wconf 83' lang='lat' dir='ltr'><strong>peccatum</strong></span> <span class='ocrx_word' id='word_1_248' title='bbox 634 1741 719 1779; x_wconf 80' lang='lat' dir='ltr'><strong>Adae</strong></span> <span class='ocrx_word' id='word_1_249' title='bbox 756 1754 920 1780; x_wconf 86' lang='lat' dir='ltr'><strong>revocare</strong></span> <span class='ocrx_word' id='word_1_250' title='bbox 943 1757 951 1778; x_wconf 79' lang='grc' dir='ltr'><strong><em>ε</em></strong></span> <span class='ocrx_word' id='word_1_251' title='bbox 977 1743 1206 1781; x_wconf 89' lang='lat' dir='ltr'><strong>monstrando</strong></span> <span class='ocrx_word' id='word_1_252' title='bbox 1236 1757 1274 1782; x_wconf 84' lang='lat' dir='ltr'><strong>re</strong></span> <span class='ocrx_word' id='word_1_253' title='bbox 1302 1744 1376 1796; x_wconf 85' lang='lat' dir='ltr'><strong>ipsa</strong></span> 
     </span>
     <span class='ocr_line' id='line_1_35' title="bbox 424 1800 1378 1855; baseline 0.006 -18"><span class='ocrx_word' id='word_1_254' title='bbox 424 1800 507 1851; x_wconf 85' lang='lat' dir='ltr'><strong>quia</strong></span> <span class='ocrx_word' id='word_1_255' title='bbox 529 1815 598 1839; x_wconf 89' lang='lat' dir='ltr'><strong>non</strong></span> <span class='ocrx_word' id='word_1_256' title='bbox 622 1803 742 1841; x_wconf 78' lang='lat' dir='ltr'><strong>volens</strong></span> <span class='ocrx_word' id='word_1_257' title='bbox 764 1812 913 1840; x_wconf 89' lang='lat' dir='ltr'><strong>mortem</strong></span> <span class='ocrx_word' id='word_1_258' title='bbox 932 1803 1088 1842; x_wconf 90' lang='lat' dir='ltr'><strong>humano</strong></span> <span class='ocrx_word' id='word_1_259' title='bbox 1108 1804 1227 1855; x_wconf 82' lang='lat' dir='ltr'><strong>generi</strong></span> <span class='ocrx_word' id='word_1_260' title='bbox 1248 1804 1378 1843; x_wconf 88' lang='lat' dir='ltr'><strong>inferre</strong></span> 
     </span>
     <span class='ocr_line' id='line_1_36' title="bbox 421 1862 1376 1916; baseline 0.005 -18"><span class='ocrx_word' id='word_1_261' title='bbox 421 1870 567 1913; x_wconf 85' lang='lat' dir='ltr'><strong>propter</strong></span> <span class='ocrx_word' id='word_1_262' title='bbox 581 1862 738 1901; x_wconf 85' lang='lat' dir='ltr'><strong>mandati</strong></span> <span class='ocrx_word' id='word_1_263' title='bbox 755 1864 1082 1915; x_wconf 81' lang='lat' dir='ltr'><strong>transgressionem,</strong></span> <span class='ocrx_word' id='word_1_264' title='bbox 1098 1879 1179 1902; x_wconf 89' lang='lat' dir='ltr'><strong>eum</strong></span> <span class='ocrx_word' id='word_1_265' title='bbox 1195 1865 1257 1916; x_wconf 89' lang='lat' dir='ltr'><strong>qui</strong></span> <span class='ocrx_word' id='word_1_266' title='bbox 1276 1879 1376 1903; x_wconf 86' lang='lat' dir='ltr'><strong>man-</strong></span> 
     </span>
     <span class='ocr_line' id='line_1_37' title="bbox 422 1922 1376 1977; baseline 0.006 -18"><span class='ocrx_word' id='word_1_267' title='bbox 422 1922 547 1960; x_wconf 88' lang='lat' dir='ltr'><strong>datum</strong></span> <span class='ocrx_word' id='word_1_268' title='bbox 566 1934 749 1977; x_wconf 87' lang='lat' dir='ltr'><strong>acceperat</strong></span> <span class='ocrx_word' id='word_1_269' title='bbox 767 1925 1071 1977; x_wconf 85' lang='lat' dir='ltr'><strong>condemnaverit,</strong></span> <span class='ocrx_word' id='word_1_270' title='bbox 1087 1926 1182 1964; x_wconf 87' lang='lat' dir='ltr'><strong>hunc</strong></span> <span class='ocrx_word' id='word_1_271' title='bbox 1197 1928 1376 1966; x_wconf 76' lang='lat' dir='ltr'><strong>viventem</strong></span> 
     </span>
     <span class='ocr_line' id='line_1_38' title="bbox 421 1985 1376 2039; baseline 0.009 -19"><span class='ocrx_word' id='word_1_272' title='bbox 421 1985 598 2023; x_wconf 88' lang='lat' dir='ltr'><strong>transfert.</strong></span> <span class='ocrx_word' id='word_1_273' title='bbox 618 1988 673 2024; x_wconf 82' lang='lat' dir='ltr'><strong>Et</strong></span> <span class='ocrx_word' id='word_1_274' title='bbox 691 1987 867 2039; x_wconf 80' lang='lat' dir='ltr'><strong>placuit,</strong></span> <span class='ocrx_word' id='word_1_275' title='bbox 904 1987 1040 2038; x_wconf 88' lang='lat' dir='ltr'><strong>inquit,</strong></span> <span class='ocrx_word' id='word_1_276' title='bbox 1059 1989 1198 2026; x_wconf 81' lang='lat' dir='ltr'><strong>Enoch</strong></span> <span class='ocrx_word' id='word_1_277' title='bbox 1215 1989 1313 2035; x_wconf 84' lang='lat' dir='ltr'><strong>Deo,</strong></span> <span class='ocrx_word' id='word_1_278' title='bbox 1339 1997 1376 2030; x_wconf 76' lang='lat' dir='ltr'><strong>et</strong></span> 
     </span>
     <span class='ocr_line' id='line_1_39' title="bbox 423 2049 1375 2101; baseline 0.006 -19"><span class='ocrx_word' id='word_1_279' title='bbox 423 2059 501 2082; x_wconf 85' lang='lat' dir='ltr'><strong>non</strong></span> <span class='ocrx_word' id='word_1_280' title='bbox 526 2049 706 2085; x_wconf 77' lang='lat' dir='ltr'><strong>inventus</strong></span> <span class='ocrx_word' id='word_1_281' title='bbox 737 2056 806 2096; x_wconf 85' lang='lat' dir='ltr'><strong>est,</strong></span> <span class='ocrx_word' id='word_1_282' title='bbox 839 2062 881 2087; x_wconf 84' lang='lat' dir='ltr'><strong>eo</strong></span> <span class='ocrx_word' id='word_1_283' title='bbox 907 2050 1012 2101; x_wconf 81' lang='lat' dir='ltr'><strong>quod</strong></span> <span class='ocrx_word' id='word_1_284' title='bbox 1033 2049 1235 2087; x_wconf 81' lang='lat' dir='ltr'><strong>transtulit</strong></span> <span class='ocrx_word' id='word_1_285' title='bbox 1263 2050 1375 2088; x_wconf 81' lang='lat' dir='ltr'><strong>illum</strong></span> 
     </span>
     <span class='ocr_line' id='line_1_40' title="bbox 421 2107 1375 2161; baseline 0.006 -18"><span class='ocrx_word' id='word_1_286' title='bbox 421 2107 658 2147; x_wconf 79' lang='lat' dir='ltr'><strong>Deus.Vides</strong></span> <span class='ocrx_word' id='word_1_287' title='bbox 669 2123 704 2145; x_wconf 88' lang='lat' dir='ltr'><strong>sa</strong></span> <span class='ocrx_word' id='word_1_288' title='bbox 707 2109 1051 2161; x_wconf 69' lang='lat' dir='ltr'><strong>pientiamDomini?</strong></span> <span class='ocrx_word' id='word_1_289' title='bbox 1065 2110 1254 2149; x_wconf 85' lang='lat' dir='ltr'><strong>Viventem</strong></span> <span class='ocrx_word' id='word_1_290' title='bbox 1261 2119 1375 2149; x_wconf 85' lang='lat' dir='ltr'><strong>trans-</strong></span> 
     </span>
     <span class='ocr_line' id='line_1_41' title="bbox 420 2167 1375 2223; baseline 0.006 -20"><span class='ocrx_word' id='word_1_291' title='bbox 420 2167 518 2215; x_wconf 84' lang='lat' dir='ltr'><strong>tulit,</strong></span> <span class='ocrx_word' id='word_1_292' title='bbox 550 2182 619 2205; x_wconf 91' lang='lat' dir='ltr'><strong>non</strong></span> <span class='ocrx_word' id='word_1_293' title='bbox 636 2169 940 2208; x_wconf 88' lang='lat' dir='ltr'><strong>immortalitatem</strong></span> <span class='ocrx_word' id='word_1_294' title='bbox 969 2171 1119 2222; x_wconf 84' lang='lat' dir='ltr'><strong>largitus</strong></span> <span class='ocrx_word' id='word_1_295' title='bbox 1142 2180 1206 2220; x_wconf 88' lang='lat' dir='ltr'><strong>est,</strong></span> <span class='ocrx_word' id='word_1_296' title='bbox 1236 2186 1278 2209; x_wconf 90' lang='lat' dir='ltr'><strong>ne</strong></span> <span class='ocrx_word' id='word_1_297' title='bbox 1293 2186 1375 2223; x_wconf 84' lang='lat' dir='ltr'><strong>pec-</strong></span> 
     </span>
     <span class='ocr_line' id='line_1_42' title="bbox 421 2224 1373 2277; baseline 0.008 -17"><span class='ocrx_word' id='word_1_298' title='bbox 421 2224 526 2261; x_wconf 87' lang='lat' dir='ltr'><strong>candi</strong></span> <span class='ocrx_word' id='word_1_299' title='bbox 543 2234 677 2263; x_wconf 86' lang='lat' dir='ltr'><strong>metum</strong></span> <span class='ocrx_word' id='word_1_300' title='bbox 693 2237 888 2277; x_wconf 84' lang='lat' dir='ltr'><strong>enervaret,</strong></span> <span class='ocrx_word' id='word_1_301' title='bbox 905 2228 967 2266; x_wconf 90' lang='lat' dir='ltr'><strong>sed</strong></span> <span class='ocrx_word' id='word_1_302' title='bbox 982 2228 1144 2266; x_wconf 87' lang='lat' dir='ltr'><strong>timorem</strong></span> <span class='ocrx_word' id='word_1_303' title='bbox 1161 2230 1195 2267; x_wconf 91' lang='lat' dir='ltr'><strong>in</strong></span> <span class='ocrx_word' id='word_1_304' title='bbox 1217 2229 1373 2269; x_wconf 89' lang='lat' dir='ltr'><strong>humano</strong></span> 
     </span>
     <span class='ocr_line' id='line_1_43' title="bbox 420 2286 1372 2342; baseline 0.008 -21"><span class='ocrx_word' id='word_1_305' title='bbox 420 2298 547 2336; x_wconf 84' lang='lat' dir='ltr'><strong>genere</strong></span> <span class='ocrx_word' id='word_1_306' title='bbox 576 2286 755 2338; x_wconf 83' lang='lat' dir='ltr'><strong>vigentem</strong></span> <span class='ocrx_word' id='word_1_307' title='bbox 780 2288 939 2339; x_wconf 85' lang='lat' dir='ltr'><strong>reliquit.</strong></span> <span class='ocrx_word' id='word_1_308' title='bbox 972 2291 1120 2342; x_wconf 83' lang='lat' dir='ltr'><strong>Propter</strong></span> <span class='ocrx_word' id='word_1_309' title='bbox 1150 2290 1218 2328; x_wconf 90' lang='lat' dir='ltr'><strong>hoc</strong></span> <span class='ocrx_word' id='word_1_310' title='bbox 1244 2291 1372 2330; x_wconf 90' lang='lat' dir='ltr'><strong>iterum</strong></span> 
     </span>
     <span class='ocr_line' id='line_1_44' title="bbox 420 2346 1372 2398; baseline 0.006 -14"><span class='ocrx_word' id='word_1_311' title='bbox 420 2346 581 2396; x_wconf 83' lang='lat' dir='ltr'><strong>obscure,</strong></span> <span class='ocrx_word' id='word_1_312' title='bbox 603 2356 642 2385; x_wconf 90' lang='lat' dir='ltr'><strong>ut</strong></span> <span class='ocrx_word' id='word_1_313' title='bbox 664 2348 712 2386; x_wconf 86' lang='lat' dir='ltr'><strong>ita</strong></span> <span class='ocrx_word' id='word_1_314' title='bbox 730 2348 869 2398; x_wconf 88' lang='lat' dir='ltr'><strong>dicam,</strong></span> <span class='ocrx_word' id='word_1_315' title='bbox 891 2358 925 2387; x_wconf 93' lang='lat' dir='ltr'><strong>et</strong></span> <span class='ocrx_word' id='word_1_316' title='bbox 945 2349 1094 2387; x_wconf 86' lang='lat' dir='ltr'><strong>latenter</strong></span> <span class='ocrx_word' id='word_1_317' title='bbox 1111 2364 1275 2389; x_wconf 85' lang='lat' dir='ltr'><strong>revocare</strong></span> <span class='ocrx_word' id='word_1_318' title='bbox 1293 2352 1372 2391; x_wconf 88' lang='lat' dir='ltr'><strong>vult</strong></span> 
     </span>
     <span class='ocr_line' id='line_1_45' title="bbox 420 2409 1371 2463; baseline 0.003 -16"><span class='ocrx_word' id='word_1_319' title='bbox 420 2410 628 2448; x_wconf 87' lang='lat' dir='ltr'><strong>sententiam</strong></span> <span class='ocrx_word' id='word_1_320' title='bbox 643 2424 750 2461; x_wconf 82' lang='lat' dir='ltr'><strong>quain</strong></span> <span class='ocrx_word' id='word_1_321' title='bbox 768 2419 887 2448; x_wconf 86' lang='lat' dir='ltr'><strong>contra</strong></span> <span class='ocrx_word' id='word_1_322' title='bbox 904 2409 1016 2448; x_wconf 80' lang='lat' dir='ltr'><strong>Adam</strong></span> <span class='ocrx_word' id='word_1_323' title='bbox 1028 2412 1199 2463; x_wconf 69' lang='lat' dir='ltr'><strong>protulit,</strong></span> <span class='ocrx_word' id='word_1_324' title='bbox 1218 2413 1280 2450; x_wconf 87' lang='lat' dir='ltr'><strong>sed</strong></span> <span class='ocrx_word' id='word_1_325' title='bbox 1293 2428 1371 2450; x_wconf 87' lang='lat' dir='ltr'><strong>ma-</strong></span> 
     </span>
     <span class='ocr_line' id='line_1_46' title="bbox 418 2470 1367 2521; baseline 0.006 -14"><span class='ocrx_word' id='word_1_326' title='bbox 418 2470 588 2510; x_wconf 87' lang='lat' dir='ltr'><strong>nifestum</strong></span> <span class='ocrx_word' id='word_1_327' title='bbox 607 2471 676 2509; x_wconf 91' lang='lat' dir='ltr'><strong>hoc</strong></span> <span class='ocrx_word' id='word_1_328' title='bbox 698 2486 766 2509; x_wconf 92' lang='lat' dir='ltr'><strong>non</strong></span> <span class='ocrx_word' id='word_1_329' title='bbox 787 2471 882 2521; x_wconf 83' lang='lat' dir='ltr'><strong>facit,</strong></span> <span class='ocrx_word' id='word_1_330' title='bbox 901 2480 940 2509; x_wconf 85' lang='lat' dir='ltr'><strong>ut</strong></span> <span class='ocrx_word' id='word_1_331' title='bbox 959 2472 1066 2510; x_wconf 89' lang='lat' dir='ltr'><strong>timor</strong></span> <span class='ocrx_word' id='word_1_332' title='bbox 1085 2473 1181 2511; x_wconf 88' lang='lat' dir='ltr'><strong>illius</strong></span> <span class='ocrx_word' id='word_1_333' title='bbox 1197 2474 1367 2513; x_wconf 85' lang='lat' dir='ltr'><strong>emenda-</strong></span> 
     </span>
     <span class='ocr_line' id='line_1_47' title="bbox 418 2533 1370 2588; baseline 0.004 -18"><span class='ocrx_word' id='word_1_334' title='bbox 418 2533 506 2571; x_wconf 84' lang='lat' dir='ltr'><strong>tioni</strong></span> <span class='ocrx_word' id='word_1_335' title='bbox 525 2533 667 2572; x_wconf 83' lang='lat' dir='ltr'><strong>serviat.</strong></span> <span class='ocrx_word' id='word_1_336' title='bbox 690 2533 737 2571; x_wconf 87' lang='lat' dir='ltr'><strong>Et</strong></span> <span class='ocrx_word' id='word_1_337' title='bbox 759 2533 893 2571; x_wconf 88' lang='lat' dir='ltr'><strong>idcirco</strong></span> <span class='ocrx_word' id='word_1_338' title='bbox 914 2533 1037 2572; x_wconf 85' lang='lat' dir='ltr'><strong>Enoch</strong></span> <span class='ocrx_word' id='word_1_339' title='bbox 1051 2564 1062 2584; x_wconf 90' lang='lat'><strong>,</strong></span> <span class='ocrx_word' id='word_1_340' title='bbox 1083 2548 1164 2572; x_wconf 78' lang='lat' dir='ltr'><strong>cum</strong></span> <span class='ocrx_word' id='word_1_341' title='bbox 1185 2534 1254 2588; x_wconf 85' lang='lat' dir='ltr'><strong>ipsi</strong></span> <span class='ocrx_word' id='word_1_342' title='bbox 1276 2537 1370 2574; x_wconf 89' lang='lat' dir='ltr'><strong>mul-</strong></span> 
     </span>
     <span class='ocr_line' id='line_1_48' title="bbox 417 2595 1370 2647; baseline 0.003 -15"><span class='ocrx_word' id='word_1_343' title='bbox 417 2604 495 2633; x_wconf 91' lang='lat' dir='ltr'><strong>tum</strong></span> <span class='ocrx_word' id='word_1_344' title='bbox 525 2596 691 2647; x_wconf 84' lang='lat' dir='ltr'><strong>placeret,</strong></span> <span class='ocrx_word' id='word_1_345' title='bbox 721 2595 913 2633; x_wconf 84' lang='lat' dir='ltr'><strong>transtulit.</strong></span> <span class='ocrx_word' id='word_1_346' title='bbox 937 2597 1017 2635; x_wconf 88' lang='lat' dir='ltr'><strong>Jam</strong></span> <span class='ocrx_word' id='word_1_347' title='bbox 1037 2596 1066 2634; x_wconf 88' lang='lat' dir='ltr'><strong>si</strong></span> <span class='ocrx_word' id='word_1_348' title='bbox 1089 2596 1169 2646; x_wconf 89' lang='lat' dir='ltr'><strong>quis</strong></span> <span class='ocrx_word' id='word_1_349' title='bbox 1196 2597 1370 2636; x_wconf 85' lang='lat' dir='ltr'><strong>curiosius</strong></span> 
     </span>
     <span class='ocr_line' id='line_1_49' title="bbox 417 2656 1368 2710; baseline 0.003 -16"><span class='ocrx_word' id='word_1_350' title='bbox 417 2671 542 2709; x_wconf 87' lang='lat' dir='ltr'><strong>rogare</strong></span> <span class='ocrx_word' id='word_1_351' title='bbox 562 2657 659 2705; x_wconf 80' lang='lat' dir='ltr'><strong>velit,</strong></span> <span class='ocrx_word' id='word_1_352' title='bbox 678 2665 711 2694; x_wconf 91' lang='lat' dir='ltr'><strong>et</strong></span> <span class='ocrx_word' id='word_1_353' title='bbox 728 2656 866 2695; x_wconf 83' lang='lat' dir='ltr'><strong>dicere:</strong></span> <span class='ocrx_word' id='word_1_354' title='bbox 882 2657 928 2695; x_wconf 84' lang='lat' dir='ltr'><strong>Et</strong></span> <span class='ocrx_word' id='word_1_355' title='bbox 941 2672 1010 2708; x_wconf 89' lang='lat' dir='ltr'><strong>quo</strong></span> <span class='ocrx_word' id='word_1_356' title='bbox 1030 2657 1148 2710; x_wconf 86' lang='lat' dir='ltr'><strong>ipsum</strong></span> <span class='ocrx_word' id='word_1_357' title='bbox 1162 2660 1368 2697; x_wconf 71' lang='lat' dir='ltr'><strong>transtulit?</strong></span> 
     </span>
     <span class='ocr_line' id='line_1_50' title="bbox 416 2718 1367 2771; baseline 0.002 -15"><span class='ocrx_word' id='word_1_358' title='bbox 416 2727 450 2756; x_wconf 88' lang='lat' dir='ltr'><strong>et</strong></span> <span class='ocrx_word' id='word_1_359' title='bbox 467 2733 551 2756; x_wconf 88' lang='lat' dir='ltr'><strong>num</strong></span> <span class='ocrx_word' id='word_1_360' title='bbox 570 2718 618 2756; x_wconf 87' lang='lat' dir='ltr'><strong>ad</strong></span> <span class='ocrx_word' id='word_1_361' title='bbox 634 2732 745 2769; x_wconf 86' lang='lat' dir='ltr'><strong>usquc</strong></span> <span class='ocrx_word' id='word_1_362' title='bbox 761 2719 804 2755; x_wconf 82' lang='lat' dir='ltr'><strong>ad</strong></span> <span class='ocrx_word' id='word_1_363' title='bbox 822 2732 974 2771; x_wconf 78' lang='lat' dir='ltr'><strong>praesens</strong></span> <span class='ocrx_word' id='word_1_364' title='bbox 987 2718 1148 2757; x_wconf 73' lang='lat' dir='ltr'><strong>vixerit?</strong></span> <span class='ocrx_word' id='word_1_365' title='bbox 1167 2718 1279 2757; x_wconf 88' lang='lat' dir='ltr'><strong>discat</strong></span> <span class='ocrx_word' id='word_1_366' title='bbox 1299 2734 1367 2758; x_wconf 89' lang='lat' dir='ltr'><strong>non</strong></span> 
     </span>
     <span class='ocr_line' id='line_1_51' title="bbox 417 2780 1368 2831; baseline 0.002 -14"><span class='ocrx_word' id='word_1_367' title='bbox 417 2781 604 2818; x_wconf 89' lang='lat' dir='ltr'><strong>convenire</strong></span> <span class='ocrx_word' id='word_1_368' title='bbox 627 2780 796 2818; x_wconf 85' lang='lat' dir='ltr'><strong>humanis</strong></span> <span class='ocrx_word' id='word_1_369' title='bbox 823 2780 1097 2831; x_wconf 84' lang='lat' dir='ltr'><strong>cogitationibus</strong></span> <span class='ocrx_word' id='word_1_370' title='bbox 1135 2781 1301 2831; x_wconf 83' lang='lat' dir='ltr'><strong>obsequi,</strong></span> <span class='ocrx_word' id='word_1_371' title='bbox 1335 2791 1368 2820; x_wconf 77' lang='lat' dir='ltr'><strong>ot</strong></span> 
     </span>
     <span class='ocr_line' id='line_1_52' title="bbox 416 2841 1368 2894; baseline 0.002 -16"><span class='ocrx_word' id='word_1_372' title='bbox 416 2841 592 2879; x_wconf 83' lang='lat' dir='ltr'><strong>curiosius</strong></span> <span class='ocrx_word' id='word_1_373' title='bbox 623 2856 662 2879; x_wconf 83' lang='lat' dir='ltr'><strong>ea</strong></span> <span class='ocrx_word' id='word_1_374' title='bbox 697 2856 776 2892; x_wconf 83' lang='lat' dir='ltr'><strong>quac</strong></span> <span class='ocrx_word' id='word_1_375' title='bbox 805 2856 823 2879; x_wconf 90' lang='lat' dir='ltr'><strong>a</strong></span> <span class='ocrx_word' id='word_1_376' title='bbox 844 2843 920 2880; x_wconf 88' lang='lat' dir='ltr'><strong>Deo</strong></span> <span class='ocrx_word' id='word_1_377' title='bbox 952 2842 1043 2879; x_wconf 83' lang='lat' dir='ltr'><strong>fiunt</strong></span> <span class='ocrx_word' id='word_1_378' title='bbox 1074 2842 1273 2894; x_wconf 19' lang='lat' dir='ltr'><strong>exj-›lorare,</strong></span> <span class='ocrx_word' id='word_1_379' title='bbox 1307 2842 1368 2880; x_wconf 87' lang='lat' dir='ltr'><strong>sed</strong></span> 
     </span>
     <span class='ocr_line' id='line_1_53' title="bbox 417 2903 1367 2953; baseline 0.002 -14"><span class='ocrx_word' id='word_1_380' title='bbox 417 2903 557 2940; x_wconf 77' lang='lat' dir='ltr'><strong>credere</strong></span> <span class='ocrx_word' id='word_1_381' title='bbox 585 2903 628 2940; x_wconf 89' lang='lat' dir='ltr'><strong>iis</strong></span> <span class='ocrx_word' id='word_1_382' title='bbox 657 2917 736 2953; x_wconf 71' lang='lat' dir='ltr'><strong>qum</strong></span> <span class='ocrx_word' id='word_1_383' title='bbox 770 2903 954 2941; x_wconf 83' lang='lat' dir='ltr'><strong>dicuntur.</strong></span> <span class='ocrx_word' id='word_1_384' title='bbox 987 2904 1076 2941; x_wconf 84' lang='lat' dir='ltr'><strong>Nam</strong></span> <span class='ocrx_word' id='word_1_385' title='bbox 1107 2903 1249 2953; x_wconf 83' lang='lat' dir='ltr'><strong>quando</strong></span> <span class='ocrx_word' id='word_1_386' title='bbox 1272 2904 1367 2942; x_wconf 76' lang='lat' dir='ltr'><strong>Deus</strong></span> 
     </span>
     <span class='ocr_line' id='line_1_54' title="bbox 416 2963 1366 3016; baseline 0.003 -16"><span class='ocrx_word' id='word_1_387' title='bbox 416 2964 553 3014; x_wconf 79' lang='lat' dir='ltr'><strong>aliquid</strong></span> <span class='ocrx_word' id='word_1_388' title='bbox 566 2964 783 3015; x_wconf 76' lang='lat' dir='ltr'><strong>pronuntiat,</strong></span> <span class='ocrx_word' id='word_1_389' title='bbox 799 2963 905 3001; x_wconf 84' lang='lat' dir='ltr'><strong>dictis</strong></span> <span class='ocrx_word' id='word_1_390' title='bbox 926 2964 1037 3016; x_wconf 87' lang='lat' dir='ltr'><strong>ipsius</strong></span> <span class='ocrx_word' id='word_1_391' title='bbox 1053 2963 1366 3003; x_wconf 84' lang='lat' dir='ltr'><strong>contradicendum</strong></span> 
     </span>
     <span class='ocr_line' id='line_1_55' title="bbox 418 3024 1366 3077; baseline 0.002 -16"><span class='ocrx_word' id='word_1_392' title='bbox 418 3039 486 3062; x_wconf 90' lang='lat' dir='ltr'><strong>non</strong></span> <span class='ocrx_word' id='word_1_393' title='bbox 517 3033 580 3072; x_wconf 80' lang='lat' dir='ltr'><strong>cst,</strong></span> <span class='ocrx_word' id='word_1_394' title='bbox 613 3024 674 3062; x_wconf 84' lang='lat' dir='ltr'><strong>sed</strong></span> <span class='ocrx_word' id='word_1_395' title='bbox 704 3025 775 3062; x_wconf 85' lang='lat' dir='ltr'><strong>fide</strong></span> <span class='ocrx_word' id='word_1_396' title='bbox 804 3025 967 3076; x_wconf 82' lang='lat' dir='ltr'><strong>digniora</strong></span> <span class='ocrx_word' id='word_1_397' title='bbox 993 3025 1154 3063; x_wconf 86' lang='lat' dir='ltr'><strong>habenda</strong></span> <span class='ocrx_word' id='word_1_398' title='bbox 1182 3035 1264 3063; x_wconf 88' lang='lat' dir='ltr'><strong>sunt</strong></span> <span class='ocrx_word' id='word_1_399' title='bbox 1288 3041 1366 3077; x_wconf 80' lang='lat' dir='ltr'><strong>qua:</strong></span> 
     </span>
     <span class='ocr_line' id='line_1_56' title="bbox 417 3085 1368 3140; baseline 0.005 -18"><span class='ocrx_word' id='word_1_400' title='bbox 417 3101 435 3122; x_wconf 86' lang='lat' dir='ltr'><strong>a</strong></span> <span class='ocrx_word' id='word_1_401' title='bbox 460 3087 534 3123; x_wconf 80' lang='lat' dir='ltr'><strong>Deo</strong></span> <span class='ocrx_word' id='word_1_402' title='bbox 560 3085 847 3137; x_wconf 80' lang='lat' dir='ltr'><strong>pronuntiantur,</strong></span> <span class='ocrx_word' id='word_1_403' title='bbox 873 3087 1012 3124; x_wconf 78' lang='lat' dir='ltr'><strong>etiamsi</strong></span> <span class='ocrx_word' id='word_1_404' title='bbox 1041 3101 1109 3125; x_wconf 89' lang='lat' dir='ltr'><strong>non</strong></span> <span class='ocrx_word' id='word_1_405' title='bbox 1131 3099 1368 3140; x_wconf 84' lang='lat' dir='ltr'><strong>compareant,</strong></span> 
     </span>
    </p>
   </div>
   <div class='ocr_carea' id='block_1_7' title="bbox 416 3153 1369 3271">
    <p class='ocr_par' dir='ltr' id='par_1_7' title="bbox 416 3153 1369 3271">
     <span class='ocr_line' id='line_1_57' title="bbox 417 3153 1369 3207; baseline 0.008 -21"><span class='ocrx_word' id='word_1_406' title='bbox 417 3167 523 3202; x_wconf 81' lang='lat' dir='ltr'><strong>quani</strong></span> <span class='ocrx_word' id='word_1_407' title='bbox 542 3166 580 3189; x_wconf 81' lang='lat' dir='ltr'><strong>ea</strong></span> <span class='ocrx_word' id='word_1_408' title='bbox 601 3153 798 3203; x_wconf 76' lang='lat' dir='ltr'><strong>quaeoculis</strong></span> <span class='ocrx_word' id='word_1_409' title='bbox 814 3154 942 3191; x_wconf 85' lang='lat' dir='ltr'><strong>nostris</strong></span> <span class='ocrx_word' id='word_1_410' title='bbox 957 3155 1113 3207; x_wconf 76' lang='lat' dir='ltr'><strong>subjecta</strong></span> <span class='ocrx_word' id='word_1_411' title='bbox 1130 3165 1221 3193; x_wconf 86' lang='lat' dir='ltr'><strong>sunt.</strong></span> <span class='ocrx_word' id='word_1_412' title='bbox 1241 3155 1369 3194; x_wconf 82' lang='lat' dir='ltr'><strong>Enim-</strong></span> 
     </span>
     <span class='ocr_line' id='line_1_58' title="bbox 416 3219 1369 3271; baseline 0.004 -14"><span class='ocrx_word' id='word_1_413' title='bbox 416 3234 500 3257; x_wconf 70' lang='lat' dir='ltr'><strong>vero</strong></span> <span class='ocrx_word' id='word_1_414' title='bbox 516 3219 700 3271; x_wconf 74' lang='lat' dir='ltr'><strong>Scriptura</strong></span> <span class='ocrx_word' id='word_1_415' title='bbox 721 3220 829 3267; x_wconf 77' lang='lat' dir='ltr'><strong>(lixit,</strong></span> <span class='ocrx_word' id='word_1_416' title='bbox 848 3220 944 3271; x_wconf 84' lang='lat' dir='ltr'><strong>quod</strong></span> <span class='ocrx_word' id='word_1_417' title='bbox 965 3221 1184 3260; x_wconf 85' lang='lat' dir='ltr'><strong>transtulerit</strong></span> <span class='ocrx_word' id='word_1_418' title='bbox 1203 3221 1318 3270; x_wconf 77' lang='lat' dir='ltr'><strong>illuni,</strong></span> <span class='ocrx_word' id='word_1_419' title='bbox 1337 3233 1369 3262; x_wconf 89' lang='lat' dir='ltr'><strong>ct</strong></span> 
     </span>
    </p>
   </div>
   <div class='ocr_carea' id='block_1_8' title="bbox 1449 955 2478 1929">
    <p class='ocr_par' dir='ltr' id='par_1_8' title="bbox 1449 955 2478 1929">
     <span class='ocr_line' id='line_1_59' title="bbox 1452 955 2477 1010; baseline 0.003 -16"><span class='ocrx_word' id='word_1_420' title='bbox 1452 955 1526 994; x_wconf 83' lang='grc' dir='ltr'>Θίαν</span> <span class='ocrx_word' id='word_1_421' title='bbox 1547 956 1760 1007; x_wconf 79' lang='grc' dir='ltr'>μαινομένην</span> <span class='ocrx_word' id='word_1_422' title='bbox 1779 957 1842 1004; x_wconf 75' lang='grc' dir='ltr'><strong>τὴν</strong></span> <span class='ocrx_word' id='word_1_423' title='bbox 1864 957 1962 1010; x_wconf 68' lang='grc' dir='ltr'>φύσιν</span> <span class='ocrx_word' id='word_1_424' title='bbox 1981 964 1995 980; x_wconf 69' lang='lat'>⁸</span> <span class='ocrx_word' id='word_1_425' title='bbox 2009 959 2292 998; x_wconf 86' lang='grc' dir='ltr'>καταστέλλουσα</span> <span class='ocrx_word' id='word_1_426' title='bbox 2305 990 2314 1008; x_wconf 86' lang='grc'><strong>,</strong></span> <span class='ocrx_word' id='word_1_427' title='bbox 2333 960 2392 997; x_wconf 80' lang='grc' dir='ltr'><strong>καὶ</strong></span> <span class='ocrx_word' id='word_1_428' title='bbox 2415 962 2477 997; x_wconf 81' lang='grc' dir='ltr'><strong>οὐκ</strong></span> 
     </span>
     <span class='ocr_line' id='line_1_60' title="bbox 1451 1018 2477 1071; baseline 0.003 -16"><span class='ocrx_word' id='word_1_429' title='bbox 1451 1019 1592 1069; x_wconf 71' lang='grc' dir='ltr'>ἀφιεῖσα</span> <span class='ocrx_word' id='word_1_430' title='bbox 1611 1018 1779 1069; x_wconf 87' lang='grc' dir='ltr'>πελάγιον</span> <span class='ocrx_word' id='word_1_431' title='bbox 1806 1018 1977 1068; x_wconf 77' lang='grc' dir='ltr'>σαλεύειν,</span> <span class='ocrx_word' id='word_1_432' title='bbox 1997 1020 2086 1058; x_wconf 81' lang='grc' dir='ltr'>ἀλλὰ</span> <span class='ocrx_word' id='word_1_433' title='bbox 2112 1021 2277 1066; x_wconf 75' lang='grc' dir='ltr'>διηνεκῶς</span> <span class='ocrx_word' id='word_1_434' title='bbox 2306 1023 2340 1058; x_wconf 80' lang='grc' dir='ltr'><strong>ἐν</strong></span> <span class='ocrx_word' id='word_1_435' title='bbox 2359 1020 2477 1071; x_wconf 77' lang='grc' dir='ltr'>λιμένι</span> 
     </span>
     <span class='ocr_line' id='line_1_61' title="bbox 1450 1078 2476 1133; baseline 0.003 -18"><span class='ocrx_word' id='word_1_436' title='bbox 1450 1078 1489 1116; x_wconf 80' lang='grc' dir='ltr'>τὸ</span> <span class='ocrx_word' id='word_1_437' title='bbox 1518 1078 1647 1130; x_wconf 72' lang='grc' dir='ltr'>σκάφος</span> <span class='ocrx_word' id='word_1_438' title='bbox 1676 1082 1787 1131; x_wconf 68' lang='grc' dir='ltr'>ὁρμᾷν</span> <span class='ocrx_word' id='word_1_439' title='bbox 1822 1081 2158 1133; x_wconf 79' lang='grc' dir='ltr'>παρασκευάζουσα,</span> <span class='ocrx_word' id='word_1_440' title='bbox 2190 1081 2246 1119; x_wconf 82' lang='grc' dir='ltr'>διὰ</span> <span class='ocrx_word' id='word_1_441' title='bbox 2277 1086 2378 1120; x_wconf 76' lang='grc' dir='ltr'>τοῦτο</span> <span class='ocrx_word' id='word_1_442' title='bbox 2411 1081 2476 1128; x_wconf 78' lang='grc' dir='ltr'><strong>τὴν</strong></span> 
     </span>
     <span class='ocr_line' id='line_1_62' title="bbox 1450 1140 2476 1195; baseline 0.005 -19"><span class='ocrx_word' id='word_1_443' title='bbox 1450 1140 1604 1177; x_wconf 80' lang='grc' dir='ltr'>ἐντεῦθεν</span> <span class='ocrx_word' id='word_1_444' title='bbox 1635 1140 1861 1192; x_wconf 74' lang='grc' dir='ltr'>παραμυθίαν</span> <span class='ocrx_word' id='word_1_445' title='bbox 1894 1141 2083 1194; x_wconf 74' lang='grc' dir='ltr'>ἐχαρίσατο</span> <span class='ocrx_word' id='word_1_446' title='bbox 2114 1144 2164 1194; x_wconf 83' lang='grc' dir='ltr'>τῷ</span> <span class='ocrx_word' id='word_1_447' title='bbox 2192 1146 2260 1180; x_wconf 86' lang='grc' dir='ltr'><strong>τῶν</strong></span> <span class='ocrx_word' id='word_1_448' title='bbox 2283 1142 2476 1195; x_wconf 81' lang='grc' dir='ltr'>ἀνθρώπων</span> 
     </span>
     <span class='ocr_line' id='line_1_63' title="bbox 1449 1200 2476 1256; baseline 0.004 -17"><span class='ocrx_word' id='word_1_449' title='bbox 1449 1201 1555 1252; x_wconf 82' lang='grc' dir='ltr'>γένει.</span> <span class='ocrx_word' id='word_1_450' title='bbox 1588 1200 1673 1239; x_wconf 46' lang='grc' dir='ltr'>(Ότι</span> <span class='ocrx_word' id='word_1_451' title='bbox 1706 1200 1776 1254; x_wconf 79' lang='grc' dir='ltr'><strong>γὰρ</strong></span> <span class='ocrx_word' id='word_1_452' title='bbox 1814 1203 1927 1249; x_wconf 77' lang='grc' dir='ltr'>ἀληθῆ</span> <span class='ocrx_word' id='word_1_453' title='bbox 1957 1203 2002 1241; x_wconf 81' lang='grc' dir='ltr'>τὰ</span> <span class='ocrx_word' id='word_1_454' title='bbox 2030 1205 2114 1256; x_wconf 83' lang='grc' dir='ltr'>παρ’</span> <span class='ocrx_word' id='word_1_455' title='bbox 2145 1207 2246 1253; x_wconf 79' lang='grc' dir='ltr'>ἡμῶν</span> <span class='ocrx_word' id='word_1_456' title='bbox 2283 1204 2476 1255; x_wconf 87' lang='grc' dir='ltr'>λεγόμενα,</span> 
     </span>
     <span class='ocr_line' id='line_1_64' title="bbox 1450 1257 2477 1316; baseline 0.002 -16"><span class='ocrx_word' id='word_1_457' title='bbox 1450 1263 1620 1302; x_wconf 86' lang='grc' dir='ltr'>δείκνυσιν</span> <span class='ocrx_word' id='word_1_458' title='bbox 1649 1266 1666 1301; x_wconf 86' lang='grc' dir='ltr'>ὁ</span> <span class='ocrx_word' id='word_1_459' title='bbox 1696 1263 1826 1307; x_wconf 84' lang='grc' dir='ltr'>δίκαιος</span> <span class='ocrx_word' id='word_1_460' title='bbox 1860 1257 1969 1307; x_wconf 64' lang='grc' dir='ltr'>οὗτος.</span> <span class='ocrx_word' id='word_1_461' title='bbox 2004 1263 2106 1302; x_wconf 79' lang='grc' dir='ltr'>Μετὰ</span> <span class='ocrx_word' id='word_1_462' title='bbox 2137 1263 2204 1316; x_wconf 88' lang='grc' dir='ltr'><strong>γὰρ</strong></span> <span class='ocrx_word' id='word_1_463' title='bbox 2224 1264 2264 1303; x_wconf 80' lang='grc' dir='ltr'>τὸ</span> <span class='ocrx_word' id='word_1_464' title='bbox 2292 1269 2477 1316; x_wconf 74' lang='grc' dir='ltr'>γεννῆσαι,</span> 
     </span>
     <span class='ocr_line' id='line_1_65' title="bbox 1450 1324 2476 1378; baseline 0.002 -16"><span class='ocrx_word' id='word_1_465' title='bbox 1450 1325 1552 1377; x_wconf 74' lang='grc' dir='ltr'>φησὶ,</span> <span class='ocrx_word' id='word_1_466' title='bbox 1578 1324 1636 1363; x_wconf 71' lang='grc' dir='ltr'><strong>τὸν</strong></span> <span class='ocrx_word' id='word_1_467' title='bbox 1656 1325 1895 1373; x_wconf 85' lang='grc' dir='ltr'>Μαθουσάλα,</span> <span class='ocrx_word' id='word_1_468' title='bbox 1916 1325 2146 1377; x_wconf 82' lang='grc' dir='ltr'>εὐηρέστησεν</span> <span class='ocrx_word' id='word_1_469' title='bbox 2166 1325 2285 1378; x_wconf 75' lang='grc' dir='ltr'>Ἑνὼχ</span> <span class='ocrx_word' id='word_1_470' title='bbox 2302 1329 2352 1377; x_wconf 78' lang='grc' dir='ltr'>τῷ</span> <span class='ocrx_word' id='word_1_471' title='bbox 2372 1327 2453 1378; x_wconf 86' lang='grc' dir='ltr'><strong>Θεῷ</strong></span> <span class='ocrx_word' id='word_1_472' title='bbox 2466 1356 2476 1374; x_wconf 84' lang='grc'><strong>,</strong></span> 
     </span>
     <span class='ocr_line' id='line_1_66' title="bbox 1449 1386 2477 1440; baseline -0.002 -13"><span class='ocrx_word' id='word_1_473' title='bbox 1449 1387 1508 1427; x_wconf 81' lang='grc' dir='ltr'><strong>καὶ</strong></span> <span class='ocrx_word' id='word_1_474' title='bbox 1541 1389 1578 1426; x_wconf 82' lang='grc' dir='ltr'><strong>οὐ</strong></span> <span class='ocrx_word' id='word_1_475' title='bbox 1611 1386 1744 1439; x_wconf 78' lang='grc' dir='ltr'>βραχύν</span> <span class='ocrx_word' id='word_1_476' title='bbox 1778 1402 1856 1425; x_wconf 90' lang='grc' dir='ltr'>τινα</span> <span class='ocrx_word' id='word_1_477' title='bbox 1889 1386 2034 1440; x_wconf 79' lang='grc' dir='ltr'>ἀριθμὸν</span> <span class='ocrx_word' id='word_1_478' title='bbox 2066 1386 2228 1439; x_wconf 84' lang='grc' dir='ltr'>διήρκεσε</span> <span class='ocrx_word' id='word_1_479' title='bbox 2256 1388 2318 1435; x_wconf 73' lang='grc' dir='ltr'><strong>τὴν</strong></span> <span class='ocrx_word' id='word_1_480' title='bbox 2350 1387 2477 1440; x_wconf 81' lang='grc' dir='ltr'>ἀρετὴν</span> 
     </span>
     <span class='ocr_line' id='line_1_67' title="bbox 1451 1447 2478 1501; baseline 0 -15"><span class='ocrx_word' id='word_1_481' title='bbox 1451 1449 1591 1500; x_wconf 88' lang='grc' dir='ltr'>μετιὼν,</span> <span class='ocrx_word' id='word_1_482' title='bbox 1607 1448 1696 1487; x_wconf 84' lang='grc' dir='ltr'>ἀλλὰ</span> <span class='ocrx_word' id='word_1_483' title='bbox 1711 1479 1720 1496; x_wconf 85' lang='grc'><strong>,</strong></span> <span class='ocrx_word' id='word_1_484' title='bbox 1741 1448 1847 1501; x_wconf 70' lang='grc' dir='ltr'>φησὶ,</span> <span class='ocrx_word' id='word_1_485' title='bbox 1867 1449 2027 1488; x_wconf 82' lang='grc' dir='ltr'>διακόσια</span> <span class='ocrx_word' id='word_1_486' title='bbox 2042 1447 2116 1496; x_wconf 85' lang='grc' dir='ltr'>ἔτη.</span> <span class='ocrx_word' id='word_1_487' title='bbox 2145 1449 2214 1486; x_wconf 79' lang='grc' dir='ltr'><strong>Καὶ</strong></span> <span class='ocrx_word' id='word_1_488' title='bbox 2244 1448 2361 1496; x_wconf 81' lang='grc' dir='ltr'>ἐπειδὴ</span> <span class='ocrx_word' id='word_1_489' title='bbox 2389 1448 2478 1500; x_wconf 79' lang='grc' dir='ltr'>μετὰ</span> 
     </span>
     <span class='ocr_line' id='line_1_68' title="bbox 1449 1509 2478 1563; baseline -0.001 -15"><span class='ocrx_word' id='word_1_490' title='bbox 1449 1510 1512 1558; x_wconf 73' lang='grc' dir='ltr'><strong>τὴν</strong></span> <span class='ocrx_word' id='word_1_491' title='bbox 1532 1514 1592 1548; x_wconf 91' lang='grc' dir='ltr'><strong>τοῦ</strong></span> <span class='ocrx_word' id='word_1_492' title='bbox 1620 1509 1898 1562; x_wconf 86' lang='grc' dir='ltr'>πρωτοπλάστου</span> <span class='ocrx_word' id='word_1_493' title='bbox 1926 1509 2127 1561; x_wconf 68' lang='grc' dir='ltr'>παράὸασιν</span> <span class='ocrx_word' id='word_1_494' title='bbox 2156 1511 2276 1562; x_wconf 82' lang='grc' dir='ltr'>εὑρέθη</span> <span class='ocrx_word' id='word_1_495' title='bbox 2298 1511 2478 1563; x_wconf 82' lang='grc' dir='ltr'>ἄνθρωπος</span> 
     </span>
     <span class='ocr_line' id='line_1_69' title="bbox 1449 1571 2477 1626; baseline -0.001 -17"><span class='ocrx_word' id='word_1_496' title='bbox 1449 1573 1534 1626; x_wconf 80' lang='grc' dir='ltr'>πρὸς</span> <span class='ocrx_word' id='word_1_497' title='bbox 1560 1571 1669 1618; x_wconf 74' lang='grc' dir='ltr'>αὐτὴν</span> <span class='ocrx_word' id='word_1_498' title='bbox 1696 1572 1759 1618; x_wconf 79' lang='grc' dir='ltr'><strong>τὴν</strong></span> <span class='ocrx_word' id='word_1_499' title='bbox 1779 1571 1932 1623; x_wconf 66' lang='grc' dir='ltr'>κορυφὴν</span> <span class='ocrx_word' id='word_1_500' title='bbox 1953 1575 2016 1618; x_wconf 73' lang='grc' dir='ltr'>τῆς</span> <span class='ocrx_word' id='word_1_501' title='bbox 2047 1573 2172 1624; x_wconf 74' lang='grc' dir='ltr'>ἀρετ-ἧς</span> <span class='ocrx_word' id='word_1_502' title='bbox 2192 1571 2308 1619; x_wconf 86' lang='grc' dir='ltr'>ἀνιὼν,</span> <span class='ocrx_word' id='word_1_503' title='bbox 2336 1571 2396 1610; x_wconf 73' lang='grc' dir='ltr'><strong>καὶ</strong></span> <span class='ocrx_word' id='word_1_504' title='bbox 2412 1571 2477 1618; x_wconf 82' lang='grc' dir='ltr'><strong>τὴν</strong></span> 
     </span>
     <span class='ocr_line' id='line_1_70' title="bbox 1449 1633 2477 1688; baseline -0.002 -16"><span class='ocrx_word' id='word_1_505' title='bbox 1449 1638 1508 1673; x_wconf 82' lang='grc' dir='ltr'><strong>τοῦ</strong></span> <span class='ocrx_word' id='word_1_506' title='bbox 1526 1634 1745 1688; x_wconf 74' lang='grc' dir='ltr'>προπάτορος</span> <span class='ocrx_word' id='word_1_507' title='bbox 1771 1633 1946 1686; x_wconf 80' lang='grc' dir='ltr'>ἁμαρτίαν</span> <span class='ocrx_word' id='word_1_508' title='bbox 1973 1633 2253 1682; x_wconf 80' lang='grc' dir='ltr'>ἀνακαλούμενος</span> <span class='ocrx_word' id='word_1_509' title='bbox 2267 1633 2323 1671; x_wconf 77' lang='grc' dir='ltr'>διὰ</span> <span class='ocrx_word' id='word_1_510' title='bbox 2343 1636 2405 1679; x_wconf 72' lang='grc' dir='ltr'><strong>τῆς</strong></span> <span class='ocrx_word' id='word_1_511' title='bbox 2426 1636 2477 1671; x_wconf 84' lang='grc' dir='ltr'><strong>οἷ-</strong></span> 
     </span>
     <span class='ocr_line' id='line_1_71' title="bbox 1449 1693 2474 1748; baseline -0.001 -15"><span class='ocrx_word' id='word_1_512' title='bbox 1449 1696 1544 1738; x_wconf 87' lang='grc' dir='ltr'>κείας</span> <span class='ocrx_word' id='word_1_513' title='bbox 1564 1695 1840 1748; x_wconf 84' lang='grc' dir='ltr'>εὐαρεστήσεως,</span> <span class='ocrx_word' id='word_1_514' title='bbox 1858 1693 1920 1745; x_wconf 79' lang='grc' dir='ltr'><strong>ὅρα</strong></span> <span class='ocrx_word' id='word_1_515' title='bbox 1943 1698 2003 1732; x_wconf 87' lang='grc' dir='ltr'><strong>τοῦ</strong></span> <span class='ocrx_word' id='word_1_516' title='bbox 2025 1697 2153 1746; x_wconf 85' lang='grc' dir='ltr'>ἀγαθοῦ</span> <span class='ocrx_word' id='word_1_517' title='bbox 2173 1697 2263 1733; x_wconf 90' lang='grc' dir='ltr'>Θεοῦ</span> <span class='ocrx_word' id='word_1_518' title='bbox 2282 1693 2344 1740; x_wconf 77' lang='grc' dir='ltr'><strong>τὴν</strong></span> <span class='ocrx_word' id='word_1_519' title='bbox 2365 1697 2474 1745; x_wconf 79' lang='grc' dir='ltr'>ὓπερ-</span> 
     </span>
     <span class='ocr_line' id='line_1_72' title="bbox 1450 1750 2472 1809; baseline -0.003 -14"><span class='ocrx_word' id='word_1_520' title='bbox 1450 1757 1644 1795; x_wconf 62' lang='lat' dir='ltr'><strong>&amp;emoverem</strong></span> <span class='ocrx_word' id='word_1_521' title='bbox 1676 1755 1948 1809; x_wconf 79' lang='grc' dir='ltr'>φιλανθρωπίαν.</span> <span class='ocrx_word' id='word_1_522' title='bbox 1982 1755 2130 1803; x_wconf 75' lang='grc' dir='ltr'>Ἐπειδὴ</span> <span class='ocrx_word' id='word_1_523' title='bbox 2173 1750 2249 1808; x_wconf 63' lang='grc' dir='ltr'>εἶρε</span> <span class='ocrx_word' id='word_1_524' title='bbox 2287 1755 2472 1802; x_wconf 78' lang='grc' dir='ltr'>δυνηθέντα</span> 
     </span>
     <span class='ocr_line' id='line_1_73' title="bbox 1449 1815 2470 1868; baseline -0.005 -11"><span class='ocrx_word' id='word_1_525' title='bbox 1449 1816 1733 1857; x_wconf 82' lang='grc' dir='ltr'>ἀνακαλέσασθαι</span> <span class='ocrx_word' id='word_1_526' title='bbox 1765 1816 1804 1854; x_wconf 82' lang='grc' dir='ltr'>τὸ</span> <span class='ocrx_word' id='word_1_527' title='bbox 1823 1816 2018 1868; x_wconf 87' lang='grc' dir='ltr'>ἁμάρτημα</span> <span class='ocrx_word' id='word_1_528' title='bbox 2041 1821 2100 1854; x_wconf 85' lang='grc' dir='ltr'><strong>τοῦ</strong></span> <span class='ocrx_word' id='word_1_529' title='bbox 2121 1816 2231 1868; x_wconf 76' lang='grc' dir='ltr'>Ἀδὰμ</span> <span class='ocrx_word' id='word_1_530' title='bbox 2245 1847 2255 1865; x_wconf 84' lang='grc'><strong>,</strong></span> <span class='ocrx_word' id='word_1_531' title='bbox 2275 1815 2407 1859; x_wconf 76' lang='grc' dir='ltr'>δεικνὺς</span> <span class='ocrx_word' id='word_1_532' title='bbox 2426 1816 2470 1852; x_wconf 85' lang='grc' dir='ltr'>δι’</span> 
     </span>
     <span class='ocr_line' id='line_1_74' title="bbox 1449 1877 2472 1929; baseline -0.001 -13"><span class='ocrx_word' id='word_1_533' title='bbox 1449 1881 1561 1917; x_wconf 80' lang='grc' dir='ltr'>αὐτῶν</span> <span class='ocrx_word' id='word_1_534' title='bbox 1582 1880 1650 1917; x_wconf 82' lang='grc' dir='ltr'><strong>τῶν</strong></span> <span class='ocrx_word' id='word_1_535' title='bbox 1670 1878 1903 1929; x_wconf 81' lang='grc' dir='ltr'>πραγμάτων,</span> <span class='ocrx_word' id='word_1_536' title='bbox 1929 1877 1981 1916; x_wconf 80' lang='grc' dir='ltr'><strong>ὅτι</strong></span> <span class='ocrx_word' id='word_1_537' title='bbox 2003 1880 2040 1917; x_wconf 85' lang='grc' dir='ltr'><strong>οὐ</strong></span> <span class='ocrx_word' id='word_1_538' title='bbox 2062 1878 2268 1929; x_wconf 87' lang='grc' dir='ltr'>βουλόμενος</span> <span class='ocrx_word' id='word_1_539' title='bbox 2286 1878 2343 1916; x_wconf 79' lang='grc' dir='ltr'><strong>τὸν</strong></span> <span class='ocrx_word' id='word_1_540' title='bbox 2364 1877 2472 1916; x_wconf 55' lang='grc' dir='ltr'><strong>θάνοι-γ</strong></span> 
     </span>
    </p>
   </div>
   <div class='ocr_carea' id='block_1_9' title="bbox 2195 1939 2472 1986">
    <p class='ocr_par' dir='ltr' id='par_1_9' title="bbox 2195 1939 2472 1986">
     <span class='ocr_line' id='line_1_75' title="bbox 2195 1939 2472 1986; baseline 0 -9"><span class='ocrx_word' id='word_1_541' title='bbox 2195 1939 2283 1977; x_wconf 68' lang='grc' dir='ltr'><strong>ι’διὰ</strong></span> <span class='ocrx_word' id='word_1_542' title='bbox 2310 1939 2373 1986; x_wconf 87' lang='grc' dir='ltr'><strong>τὴν</strong></span> <span class='ocrx_word' id='word_1_543' title='bbox 2408 1942 2472 1985; x_wconf 59' lang='grc' dir='ltr'>τῆς</span> 
     </span>
    </p>
   </div>
   <div class='ocr_carea' id='block_1_10' title="bbox 1438 1938 2474 3215">
    <p class='ocr_par' dir='ltr' id='par_1_10' title="bbox 1438 1938 2474 3215">
     <span class='ocr_line' id='line_1_76' title="bbox 1447 1938 2163 1993; baseline -0.004 -13"><span class='ocrx_word' id='word_1_544' title='bbox 1447 1957 1504 1980; x_wconf 79' lang='grc' dir='ltr'><strong>τον</strong></span> <span class='ocrx_word' id='word_1_545' title='bbox 1526 1943 1714 1991; x_wconf 82' lang='grc' dir='ltr'>ἐπαγαγεῖν</span> <span class='ocrx_word' id='word_1_546' title='bbox 1733 1942 1783 1992; x_wconf 82' lang='grc' dir='ltr'>τῷ</span> <span class='ocrx_word' id='word_1_547' title='bbox 1811 1938 1903 1990; x_wconf 83' lang='grc' dir='ltr'>γε’νει</span> <span class='ocrx_word' id='word_1_548' title='bbox 1924 1941 1973 1993; x_wconf 78' lang='grc' dir='ltr'>τῷ</span> <span class='ocrx_word' id='word_1_549' title='bbox 2003 1939 2163 1992; x_wconf 72' lang='grc' dir='ltr'>ἡμετέρῳ</span> 
     </span>
     <span class='ocr_line' id='line_1_77' title="bbox 1447 1999 2474 2053; baseline -0.002 -14"><span class='ocrx_word' id='word_1_550' title='bbox 1447 2003 1587 2049; x_wconf 74' lang='grc' dir='ltr'>ἐντολῆς</span> <span class='ocrx_word' id='word_1_551' title='bbox 1609 2000 1823 2053; x_wconf 68' lang='grc' dir='ltr'>παράὸασιν,</span> <span class='ocrx_word' id='word_1_552' title='bbox 1850 2005 1969 2039; x_wconf 83' lang='grc' dir='ltr'>τοῦτον</span> <span class='ocrx_word' id='word_1_553' title='bbox 2000 1999 2227 2047; x_wconf 84' lang='grc' dir='ltr'>κατεδίκασε,</span> <span class='ocrx_word' id='word_1_554' title='bbox 2254 1999 2313 2038; x_wconf 75' lang='grc' dir='ltr'><strong>τὸν</strong></span> <span class='ocrx_word' id='word_1_555' title='bbox 2337 1999 2399 2047; x_wconf 77' lang='grc' dir='ltr'><strong>τὴν</strong></span> <span class='ocrx_word' id='word_1_556' title='bbox 2419 2002 2474 2037; x_wconf 81' lang='grc' dir='ltr'><strong>ἐν-</strong></span> 
     </span>
     <span class='ocr_line' id='line_1_78' title="bbox 1446 2061 2472 2113; baseline -0.001 -12"><span class='ocrx_word' id='word_1_557' title='bbox 1446 2062 1549 2111; x_wconf 76' lang='grc' dir='ltr'>τολὴν</span> <span class='ocrx_word' id='word_1_558' title='bbox 1574 2061 1770 2113; x_wconf 81' lang='grc' dir='ltr'>δεξάμενον,</span> <span class='ocrx_word' id='word_1_559' title='bbox 1798 2065 1920 2100; x_wconf 88' lang='grc' dir='ltr'>τοῦτον</span> <span class='ocrx_word' id='word_1_560' title='bbox 1945 2064 2057 2106; x_wconf 81' lang='grc' dir='ltr'>ζῶντα</span> <span class='ocrx_word' id='word_1_561' title='bbox 2087 2061 2282 2112; x_wconf 84' lang='grc' dir='ltr'>μεθίστησι.</span> <span class='ocrx_word' id='word_1_562' title='bbox 2304 2062 2373 2100; x_wconf 85' lang='grc' dir='ltr'><strong>Καὶ</strong></span> <span class='ocrx_word' id='word_1_563' title='bbox 2393 2063 2472 2108; x_wconf 78' lang='grc' dir='ltr'>εὔη-</span> 
     </span>
     <span class='ocr_line' id='line_1_79' title="bbox 1448 2123 2470 2177; baseline 0 -15"><span class='ocrx_word' id='word_1_564' title='bbox 1448 2124 1613 2177; x_wconf 87' lang='grc' dir='ltr'>ρέστησε,</span> <span class='ocrx_word' id='word_1_565' title='bbox 1634 2124 1736 2176; x_wconf 82' lang='grc' dir='ltr'>φησὶν</span> <span class='ocrx_word' id='word_1_566' title='bbox 1756 2123 1875 2176; x_wconf 75' lang='grc' dir='ltr'>Ἑνὼχ</span> <span class='ocrx_word' id='word_1_567' title='bbox 1893 2127 1942 2175; x_wconf 83' lang='grc' dir='ltr'>τῷ</span> <span class='ocrx_word' id='word_1_568' title='bbox 1959 2126 2040 2175; x_wconf 79' lang='grc' dir='ltr'><strong>Θεῷ</strong></span> <span class='ocrx_word' id='word_1_569' title='bbox 2055 2153 2064 2170; x_wconf 89' lang='grc'><strong>,</strong></span> <span class='ocrx_word' id='word_1_570' title='bbox 2084 2123 2143 2161; x_wconf 82' lang='grc' dir='ltr'><strong>καὶ</strong></span> <span class='ocrx_word' id='word_1_571' title='bbox 2176 2125 2240 2175; x_wconf 78' lang='grc' dir='ltr'><strong>οὐχ</strong></span> <span class='ocrx_word' id='word_1_572' title='bbox 2264 2123 2470 2175; x_wconf 82' lang='grc' dir='ltr'>ηὑρίσκετο,</span> 
     </span>
     <span class='ocr_line' id='line_1_80' title="bbox 1446 2183 2469 2236; baseline 0.001 -14"><span class='ocrx_word' id='word_1_573' title='bbox 1446 2184 1532 2223; x_wconf 80' lang='grc' dir='ltr'>διότι</span> <span class='ocrx_word' id='word_1_574' title='bbox 1555 2184 1741 2235; x_wconf 79' lang='grc' dir='ltr'>μετέθηκεν</span> <span class='ocrx_word' id='word_1_575' title='bbox 1760 2185 1861 2222; x_wconf 78' lang='grc' dir='ltr'>αὐτὸν</span> <span class='ocrx_word' id='word_1_576' title='bbox 1883 2187 1901 2221; x_wconf 83' lang='grc' dir='ltr'><em>ὃ</em></span> <span class='ocrx_word' id='word_1_577' title='bbox 1927 2183 2027 2226; x_wconf 84' lang='grc' dir='ltr'>Θεός.</span> <span class='ocrx_word' id='word_1_578' title='bbox 2046 2183 2153 2236; x_wconf 60' lang='grc' dir='ltr'>(Ορᾷς</span> <span class='ocrx_word' id='word_1_579' title='bbox 2180 2184 2304 2235; x_wconf 70' lang='grc' dir='ltr'>σοφίαν</span> <span class='ocrx_word' id='word_1_580' title='bbox 2333 2185 2469 2224; x_wconf 84' lang='grc' dir='ltr'>Δεσπό-</span> 
     </span>
     <span class='ocr_line' id='line_1_81' title="bbox 1442 2244 2468 2298; baseline 0.002 -15"><span class='ocrx_word' id='word_1_581' title='bbox 1442 2261 1526 2294; x_wconf 67' lang='grc' dir='ltr'>του,</span> <span class='ocrx_word' id='word_1_582' title='bbox 1547 2246 1729 2292; x_wconf 80' lang='grc' dir='ltr'>Μετέθηκε</span> <span class='ocrx_word' id='word_1_583' title='bbox 1761 2247 1895 2290; x_wconf 77' lang='grc' dir='ltr'>ζῶντα,</span> <span class='ocrx_word' id='word_1_584' title='bbox 1928 2246 2006 2297; x_wconf 76' lang='grc' dir='ltr'>οὐχὶ</span> <span class='ocrx_word' id='word_1_585' title='bbox 2039 2244 2229 2284; x_wconf 79' lang='grc' dir='ltr'>ἀθανασίαν</span> <span class='ocrx_word' id='word_1_586' title='bbox 2263 2246 2468 2298; x_wconf 77' lang='grc' dir='ltr'>ἐχαρίσατο,</span> 
     </span>
     <span class='ocr_line' id='line_1_82' title="bbox 1442 2306 2466 2358; baseline 0.002 -14"><span class='ocrx_word' id='word_1_587' title='bbox 1442 2306 1498 2344; x_wconf 74' lang='grc' dir='ltr'><strong>ἵνα</strong></span> <span class='ocrx_word' id='word_1_588' title='bbox 1519 2306 1567 2357; x_wconf 80' lang='grc' dir='ltr'>μὴ</span> <span class='ocrx_word' id='word_1_589' title='bbox 1599 2306 1727 2357; x_wconf 78' lang='grc' dir='ltr'>ἐκλύσῃ</span> <span class='ocrx_word' id='word_1_590' title='bbox 1754 2312 1813 2345; x_wconf 89' lang='grc' dir='ltr'><strong>τοῦ</strong></span> <span class='ocrx_word' id='word_1_591' title='bbox 1844 2306 2149 2357; x_wconf 84' lang='grc' dir='ltr'>πλημμελήματος</span> <span class='ocrx_word' id='word_1_592' title='bbox 2170 2307 2227 2345; x_wconf 83' lang='grc' dir='ltr'><strong>τὸν</strong></span> <span class='ocrx_word' id='word_1_593' title='bbox 2249 2307 2366 2358; x_wconf 68' lang='grc' dir='ltr'>φόὸον,</span> <span class='ocrx_word' id='word_1_594' title='bbox 2389 2310 2466 2346; x_wconf 81' lang='grc' dir='ltr'>ἀλλ’</span> 
     </span>
     <span class='ocr_line' id='line_1_83' title="bbox 1444 2368 2468 2421; baseline 0.002 -16"><span class='ocrx_word' id='word_1_595' title='bbox 1444 2370 1574 2421; x_wconf 66' lang='grc' dir='ltr'>ἀφῆκεν</span> <span class='ocrx_word' id='word_1_596' title='bbox 1596 2368 1764 2418; x_wconf 83' lang='grc' dir='ltr'>ἀκμάζειν</span> <span class='ocrx_word' id='word_1_597' title='bbox 1781 2370 1831 2421; x_wconf 82' lang='grc' dir='ltr'>τῷ</span> <span class='ocrx_word' id='word_1_598' title='bbox 1848 2371 1915 2406; x_wconf 80' lang='grc' dir='ltr'><strong>τῶν</strong></span> <span class='ocrx_word' id='word_1_599' title='bbox 1941 2368 2132 2419; x_wconf 83' lang='grc' dir='ltr'>ἀνθρώπων</span> <span class='ocrx_word' id='word_1_600' title='bbox 2152 2368 2255 2420; x_wconf 88' lang='grc' dir='ltr'>γένει.</span> <span class='ocrx_word' id='word_1_601' title='bbox 2279 2368 2346 2406; x_wconf 77' lang='grc' dir='ltr'>Διὰ</span> <span class='ocrx_word' id='word_1_602' title='bbox 2366 2373 2468 2407; x_wconf 85' lang='grc' dir='ltr'>τοῦτο</span> 
     </span>
     <span class='ocr_line' id='line_1_84' title="bbox 1442 2429 2465 2481; baseline 0 -13"><span class='ocrx_word' id='word_1_603' title='bbox 1442 2431 1547 2468; x_wconf 81' lang='grc' dir='ltr'>πάλιν</span> <span class='ocrx_word' id='word_1_604' title='bbox 1568 2431 1751 2481; x_wconf 80' lang='grc' dir='ltr'>ἀμυδρῶς,</span> <span class='ocrx_word' id='word_1_605' title='bbox 1769 2432 1815 2473; x_wconf 81' lang='grc' dir='ltr'>ὡς</span> <span class='ocrx_word' id='word_1_606' title='bbox 1841 2431 1963 2474; x_wconf 84' lang='grc' dir='ltr'>εἰπεῖν,</span> <span class='ocrx_word' id='word_1_607' title='bbox 1988 2429 2047 2467; x_wconf 84' lang='grc' dir='ltr'><strong>καὶ</strong></span> <span class='ocrx_word' id='word_1_608' title='bbox 2068 2429 2306 2472; x_wconf 86' lang='grc' dir='ltr'>λανθανόντως</span> <span class='ocrx_word' id='word_1_609' title='bbox 2333 2432 2465 2468; x_wconf 78' lang='grc' dir='ltr'>ἀνακα-</span> 
     </span>
     <span class='ocr_line' id='line_1_85' title="bbox 1440 2491 2468 2544; baseline 0 -14"><span class='ocrx_word' id='word_1_610' title='bbox 1440 2492 1609 2530; x_wconf 87' lang='grc' dir='ltr'>λέσασθαι</span> <span class='ocrx_word' id='word_1_611' title='bbox 1627 2491 1787 2543; x_wconf 78' lang='grc' dir='ltr'>βούλεται</span> <span class='ocrx_word' id='word_1_612' title='bbox 1806 2491 1868 2538; x_wconf 74' lang='grc' dir='ltr'><strong>τὴν</strong></span> <span class='ocrx_word' id='word_1_613' title='bbox 1891 2491 2080 2543; x_wconf 73' lang='grc' dir='ltr'>ἀπόφασιν,</span> <span class='ocrx_word' id='word_1_614' title='bbox 2097 2492 2139 2538; x_wconf 80' lang='grc' dir='ltr'><strong>ἣν</strong></span> <span class='ocrx_word' id='word_1_615' title='bbox 2166 2491 2257 2529; x_wconf 85' lang='grc' dir='ltr'>κατὰ</span> <span class='ocrx_word' id='word_1_616' title='bbox 2276 2497 2336 2531; x_wconf 82' lang='grc' dir='ltr'><strong>τοῦ</strong></span> <span class='ocrx_word' id='word_1_617' title='bbox 2355 2492 2468 2544; x_wconf 77' lang='grc' dir='ltr'>Ἀδὰμ</span> 
     </span>
     <span class='ocr_line' id='line_1_86' title="bbox 1440 2552 2469 2606; baseline 0.001 -15"><span class='ocrx_word' id='word_1_618' title='bbox 1440 2553 1611 2606; x_wconf 76' lang='grc' dir='ltr'>ἐξήνεγκε.</span> <span class='ocrx_word' id='word_1_619' title='bbox 1631 2554 1720 2591; x_wconf 86' lang='grc' dir='ltr'>Ἀλλ’</span> <span class='ocrx_word' id='word_1_620' title='bbox 1750 2555 1787 2591; x_wconf 88' lang='grc' dir='ltr'><strong>οὐ</strong></span> <span class='ocrx_word' id='word_1_621' title='bbox 1818 2559 1911 2590; x_wconf 89' lang='grc' dir='ltr'>ποιεῖ</span> <span class='ocrx_word' id='word_1_622' title='bbox 1944 2552 2027 2590; x_wconf 80' lang='grc' dir='ltr'>αὐτὸ</span> <span class='ocrx_word' id='word_1_623' title='bbox 2047 2552 2206 2606; x_wconf 67' lang='grc' dir='ltr'>φανερὸν,</span> <span class='ocrx_word' id='word_1_624' title='bbox 2232 2552 2288 2590; x_wconf 77' lang='grc' dir='ltr'><strong>ἵνα</strong></span> <span class='ocrx_word' id='word_1_625' title='bbox 2313 2555 2330 2591; x_wconf 87' lang='grc' dir='ltr'>ὁ</span> <span class='ocrx_word' id='word_1_626' title='bbox 2364 2554 2469 2606; x_wconf 67' lang='grc' dir='ltr'>φόὸος</span> 
     </span>
     <span class='ocr_line' id='line_1_87' title="bbox 1441 2612 2467 2667; baseline 0 -15"><span class='ocrx_word' id='word_1_627' title='bbox 1441 2615 1516 2652; x_wconf 82' lang='grc' dir='ltr'>ἀντὶ</span> <span class='ocrx_word' id='word_1_628' title='bbox 1535 2617 1778 2666; x_wconf 69' lang='grc' dir='ltr'>σωφρονισμοῦ</span> <span class='ocrx_word' id='word_1_629' title='bbox 1801 2613 1957 2665; x_wconf 87' lang='grc' dir='ltr'>γένηται.</span> <span class='ocrx_word' id='word_1_630' title='bbox 1982 2612 2051 2651; x_wconf 73' lang='grc' dir='ltr'>Διὰ</span> <span class='ocrx_word' id='word_1_631' title='bbox 2069 2619 2170 2652; x_wconf 88' lang='grc' dir='ltr'>τοῦτο</span> <span class='ocrx_word' id='word_1_632' title='bbox 2187 2615 2467 2667; x_wconf 84' lang='grc' dir='ltr'>εὖαρεστήσαντα</span> 
     </span>
     <span class='ocr_line' id='line_1_88' title="bbox 1440 2673 2468 2728; baseline 0.002 -16"><span class='ocrx_word' id='word_1_633' title='bbox 1440 2675 1496 2712; x_wconf 77' lang='grc' dir='ltr'><strong>τὸν</strong></span> <span class='ocrx_word' id='word_1_634' title='bbox 1516 2675 1635 2727; x_wconf 68' lang='grc' dir='ltr'>Ἰζνὼχ</span> <span class='ocrx_word' id='word_1_635' title='bbox 1663 2675 1865 2725; x_wconf 81' lang='grc' dir='ltr'>μετέθηκεν.</span> <span class='ocrx_word' id='word_1_636' title='bbox 1888 2676 1932 2712; x_wconf 80' lang='grc' dir='ltr'><strong>Εἰ</strong></span> <span class='ocrx_word' id='word_1_637' title='bbox 1960 2674 1997 2711; x_wconf 88' lang='grc' dir='ltr'><strong>δέ</strong></span> <span class='ocrx_word' id='word_1_638' title='bbox 2025 2691 2077 2717; x_wconf 88' lang='grc' dir='ltr'><strong>τις</strong></span> <span class='ocrx_word' id='word_1_639' title='bbox 2099 2673 2256 2725; x_wconf 84' lang='grc' dir='ltr'>βούλοιτο</span> <span class='ocrx_word' id='word_1_640' title='bbox 2283 2676 2468 2728; x_wconf 84' lang='grc' dir='ltr'>περιεργά-</span> 
     </span>
     <span class='ocr_line' id='line_1_89' title="bbox 1439 2735 2465 2787; baseline 0.001 -13"><span class='ocrx_word' id='word_1_641' title='bbox 1439 2739 1577 2783; x_wconf 82' lang='grc' dir='ltr'>ζεσθαι,</span> <span class='ocrx_word' id='word_1_642' title='bbox 1598 2737 1657 2774; x_wconf 87' lang='grc' dir='ltr'><strong>καὶ</strong></span> <span class='ocrx_word' id='word_1_643' title='bbox 1676 2736 1802 2787; x_wconf 84' lang='grc' dir='ltr'>λέγειν,</span> <span class='ocrx_word' id='word_1_644' title='bbox 1832 2736 1891 2774; x_wconf 80' lang='grc' dir='ltr'><strong>καὶ</strong></span> <span class='ocrx_word' id='word_1_645' title='bbox 1922 2740 1988 2774; x_wconf 86' lang='grc' dir='ltr'><strong>ποῦ</strong></span> <span class='ocrx_word' id='word_1_646' title='bbox 2012 2736 2114 2774; x_wconf 78' lang='grc' dir='ltr'>αὐτὸν</span> <span class='ocrx_word' id='word_1_647' title='bbox 2146 2735 2335 2786; x_wconf 84' lang='grc' dir='ltr'>μετέθηκε;</span> <span class='ocrx_word' id='word_1_648' title='bbox 2356 2737 2417 2775; x_wconf 86' lang='grc' dir='ltr'><strong>καὶ</strong></span> <span class='ocrx_word' id='word_1_649' title='bbox 2436 2739 2465 2775; x_wconf 85' lang='grc' dir='ltr'><strong>εἷ</strong></span> 
     </span>
     <span class='ocr_line' id='line_1_90' title="bbox 1441 2797 2464 2851; baseline 0 -15"><span class='ocrx_word' id='word_1_650' title='bbox 1441 2798 1545 2850; x_wconf 73' lang='grc' dir='ltr'>μέχρι</span> <span class='ocrx_word' id='word_1_651' title='bbox 1564 2802 1622 2836; x_wconf 82' lang='grc' dir='ltr'><strong>τοῦ</strong></span> <span class='ocrx_word' id='word_1_652' title='bbox 1655 2798 1825 2851; x_wconf 81' lang='grc' dir='ltr'>παρόντος</span> <span class='ocrx_word' id='word_1_653' title='bbox 1857 2798 2036 2849; x_wconf 72' lang='grc' dir='ltr'>διήρκεσε,</span> <span class='ocrx_word' id='word_1_654' title='bbox 2065 2797 2267 2848; x_wconf 80' lang='grc' dir='ltr'>μανθανέτω</span> <span class='ocrx_word' id='word_1_655' title='bbox 2289 2797 2338 2848; x_wconf 82' lang='grc' dir='ltr'>μὴ</span> <span class='ocrx_word' id='word_1_656' title='bbox 2363 2800 2464 2850; x_wconf 88' lang='grc' dir='ltr'>λογι-</span> 
     </span>
     <span class='ocr_line' id='line_1_91' title="bbox 1439 2858 2464 2912; baseline 0.001 -16"><span class='ocrx_word' id='word_1_657' title='bbox 1439 2866 1537 2909; x_wconf 82' lang='grc' dir='ltr'>σμοῖς</span> <span class='ocrx_word' id='word_1_658' title='bbox 1559 2859 1784 2912; x_wconf 83' lang='grc' dir='ltr'>ἀνθρωπίνοις</span> <span class='ocrx_word' id='word_1_659' title='bbox 1814 2861 2095 2905; x_wconf 85' lang='grc' dir='ltr'>κατακολουθεῖν,</span> <span class='ocrx_word' id='word_1_660' title='bbox 2115 2858 2174 2896; x_wconf 77' lang='grc' dir='ltr'><strong>καὶ</strong></span> <span class='ocrx_word' id='word_1_661' title='bbox 2205 2858 2249 2896; x_wconf 80' lang='grc' dir='ltr'>τὰ</span> <span class='ocrx_word' id='word_1_662' title='bbox 2279 2858 2377 2912; x_wconf 66' lang='grc' dir='ltr'>παρὰ</span> <span class='ocrx_word' id='word_1_663' title='bbox 2404 2863 2464 2898; x_wconf 82' lang='grc' dir='ltr'><strong>τοῦ</strong></span> 
     </span>
     <span class='ocr_line' id='line_1_92' title="bbox 1439 2918 2463 2972; baseline 0.001 -15"><span class='ocrx_word' id='word_1_664' title='bbox 1439 2923 1529 2959; x_wconf 83' lang='grc' dir='ltr'>Θεοῦ</span> <span class='ocrx_word' id='word_1_665' title='bbox 1545 2923 1860 2972; x_wconf 79' lang='grc' dir='ltr'>πολυπραγμονεῖν,</span> <span class='ocrx_word' id='word_1_666' title='bbox 1876 2919 1965 2957; x_wconf 72' lang='grc' dir='ltr'>ἀλλὰ</span> <span class='ocrx_word' id='word_1_667' title='bbox 1978 2918 2153 2958; x_wconf 78' lang='grc' dir='ltr'>πιστεύειν</span> <span class='ocrx_word' id='word_1_668' title='bbox 2168 2926 2238 2962; x_wconf 85' lang='grc' dir='ltr'>τοῖς</span> <span class='ocrx_word' id='word_1_669' title='bbox 2254 2920 2463 2971; x_wconf 85' lang='grc' dir='ltr'>λεγομένοις.</span> 
     </span>
     <span class='ocr_line' id='line_1_93' title="bbox 1438 2980 2463 3032; baseline -0.001 -13"><span class='ocrx_word' id='word_1_670' title='bbox 1438 2980 1551 3019; x_wconf 72' lang='grc' dir='ltr'><strong>ἰΌταν</strong></span> <span class='ocrx_word' id='word_1_671' title='bbox 1569 2981 1635 3032; x_wconf 81' lang='grc' dir='ltr'><strong>γὰρ</strong></span> <span class='ocrx_word' id='word_1_672' title='bbox 1657 2985 1674 3019; x_wconf 82' lang='grc' dir='ltr'>ὁ</span> <span class='ocrx_word' id='word_1_673' title='bbox 1693 2981 1782 3024; x_wconf 80' lang='grc' dir='ltr'>Θεὸς</span> <span class='ocrx_word' id='word_1_674' title='bbox 1799 2980 2034 3032; x_wconf 81' lang='grc' dir='ltr'>ἀποφαίνηταί</span> <span class='ocrx_word' id='word_1_675' title='bbox 2054 2997 2110 3028; x_wconf 84' lang='grc' dir='ltr'><strong>τι,</strong></span> <span class='ocrx_word' id='word_1_676' title='bbox 2124 2983 2161 3019; x_wconf 80' lang='grc' dir='ltr'><strong>οὐ</strong></span> <span class='ocrx_word' id='word_1_677' title='bbox 2177 2981 2226 3019; x_wconf 89' lang='grc' dir='ltr'><strong>δεῖ</strong></span> <span class='ocrx_word' id='word_1_678' title='bbox 2245 2981 2463 3020; x_wconf 68' lang='grc' dir='ltr'>ἀντιὸλέπειν</span> 
     </span>
     <span class='ocr_line' id='line_1_94' title="bbox 1438 3040 2463 3093; baseline 0 -13"><span class='ocrx_word' id='word_1_679' title='bbox 1438 3049 1507 3085; x_wconf 80' lang='grc' dir='ltr'>τοῖς</span> <span class='ocrx_word' id='word_1_680' title='bbox 1527 3045 1690 3093; x_wconf 76' lang='grc' dir='ltr'>ῥηθεῖσιν,</span> <span class='ocrx_word' id='word_1_681' title='bbox 1712 3040 1801 3079; x_wconf 75' lang='grc' dir='ltr'>ἀλλὰ</span> <span class='ocrx_word' id='word_1_682' title='bbox 1819 3041 1863 3079; x_wconf 81' lang='grc' dir='ltr'>τὰ</span> <span class='ocrx_word' id='word_1_683' title='bbox 1884 3041 1978 3092; x_wconf 72' lang='grc' dir='ltr'>παρὰ</span> <span class='ocrx_word' id='word_1_684' title='bbox 1998 3046 2056 3079; x_wconf 91' lang='grc' dir='ltr'><strong>τοῦ</strong></span> <span class='ocrx_word' id='word_1_685' title='bbox 2075 3044 2166 3080; x_wconf 86' lang='grc' dir='ltr'>Θεοῦ</span> <span class='ocrx_word' id='word_1_686' title='bbox 2186 3043 2357 3092; x_wconf 83' lang='grc' dir='ltr'>λεγόμενα</span> <span class='ocrx_word' id='word_1_687' title='bbox 2375 3041 2463 3086; x_wconf 78' lang='grc' dir='ltr'>ἀξιο-</span> 
     </span>
     <span class='ocr_line' id='line_1_95' title="bbox 1438 3101 2463 3155; baseline 0 -15"><span class='ocrx_word' id='word_1_688' title='bbox 1438 3103 1627 3155; x_wconf 82' lang='grc' dir='ltr'>πιστότερα</span> <span class='ocrx_word' id='word_1_689' title='bbox 1654 3105 1832 3153; x_wconf 78' lang='grc' dir='ltr'>ἧγεὶσθαι,</span> <span class='ocrx_word' id='word_1_690' title='bbox 1849 3102 1912 3138; x_wconf 81' lang='grc' dir='ltr'><strong>κᾶν</strong></span> <span class='ocrx_word' id='word_1_691' title='bbox 1942 3101 1990 3151; x_wconf 82' lang='grc' dir='ltr'>μὴ</span> <span class='ocrx_word' id='word_1_692' title='bbox 2012 3102 2175 3154; x_wconf 74' lang='grc' dir='ltr'>φαίνηται</span> <span class='ocrx_word' id='word_1_693' title='bbox 2206 3105 2275 3139; x_wconf 79' lang='grc' dir='ltr'><strong>τῶν</strong></span> <span class='ocrx_word' id='word_1_694' title='bbox 2297 3103 2362 3140; x_wconf 83' lang='grc' dir='ltr'><strong>ὑπὸ</strong></span> <span class='ocrx_word' id='word_1_695' title='bbox 2393 3109 2463 3146; x_wconf 87' lang='grc' dir='ltr'>τοῖς</span> 
     </span>
     <span class='ocr_line' id='line_1_96' title="bbox 1439 3163 2460 3215; baseline 0.003 -15"><span class='ocrx_word' id='word_1_696' title='bbox 1439 3165 1627 3215; x_wconf 50' lang='grc' dir='ltr'>ὀφθαλμοῖς</span> <span class='ocrx_word' id='word_1_697' title='bbox 1641 3163 1808 3213; x_wconf 79' lang='grc' dir='ltr'>κειμένων</span> <span class='ocrx_word' id='word_1_698' title='bbox 1829 3169 1899 3206; x_wconf 84' lang='grc' dir='ltr'>τοῖς</span> <span class='ocrx_word' id='word_1_699' title='bbox 1918 3163 2110 3214; x_wconf 76' lang='grc' dir='ltr'>ἡμετέροις.</span> <span class='ocrx_word' id='word_1_700' title='bbox 2126 3163 2211 3202; x_wconf 60' lang='grc' dir='ltr'><strong>εΌτι</strong></span> <span class='ocrx_word' id='word_1_701' title='bbox 2230 3164 2297 3215; x_wconf 86' lang='grc' dir='ltr'><strong>γὰρ</strong></span> <span class='ocrx_word' id='word_1_702' title='bbox 2315 3165 2460 3215; x_wconf 78' lang='grc' dir='ltr'>μετέθη-</span> 
     </span>
    </p>
   </div>
   <div class='ocr_carea' id='block_1_11' title="bbox 2190 3224 2195 3237">
    <p class='ocr_par' dir='ltr' id='par_1_11' title="bbox 2190 3224 2195 3237">
     <span class='ocr_line' id='line_1_97' title="bbox 2190 3224 2195 3237; baseline 0 0"><span class='ocrx_word' id='word_1_703' title='bbox 2190 3224 2195 3237; x_wconf 66' lang='lat'><em>7</em></span> 
     </span>
    </p>
   </div>
   <div class='ocr_carea' id='block_1_12' title="bbox 1431 3218 2460 3275">
    <p class='ocr_par' dir='ltr' id='par_1_12' title="bbox 1431 3218 2460 3275">
     <span class='ocr_line' id='line_1_98' title="bbox 1431 3218 2460 3275; baseline 0.001 -13"><span class='ocrx_word' id='word_1_704' title='bbox 1431 3240 1489 3262; x_wconf 83' lang='grc' dir='ltr'><strong>κεν</strong></span> <span class='ocrx_word' id='word_1_705' title='bbox 1512 3224 1615 3262; x_wconf 72' lang='grc' dir='ltr'>αὐτὸν</span> <span class='ocrx_word' id='word_1_706' title='bbox 1646 3218 1742 3261; x_wconf 66' lang='grc' dir='ltr'>εἶπεν</span> <span class='ocrx_word' id='word_1_707' title='bbox 1773 3226 1794 3269; x_wconf 80' lang='grc' dir='ltr'>ἡ</span> <span class='ocrx_word' id='word_1_708' title='bbox 1826 3222 1900 3261; x_wconf 88' lang='grc' dir='ltr'>θεία</span> <span class='ocrx_word' id='word_1_709' title='bbox 1922 3223 2065 3275; x_wconf 66' lang='grc' dir='ltr'>Γραφὴ,</span> <span class='ocrx_word' id='word_1_710' title='bbox 2084 3224 2145 3262; x_wconf 86' lang='grc' dir='ltr'><strong>καὶ</strong></span> <span class='ocrx_word' id='word_1_711' title='bbox 2175 3227 2227 3262; x_wconf 85' lang='grc' dir='ltr'><strong>ὁτι</strong></span> <span class='ocrx_word' id='word_1_712' title='bbox 2255 3227 2368 3269; x_wconf 82' lang='grc' dir='ltr'>ζῶντα</span> <span class='ocrx_word' id='word_1_713' title='bbox 2395 3242 2460 3275; x_wconf 88' lang='grc' dir='ltr'><strong>με-</strong></span> 
     </span>
    </p>
   </div>
   <div class='ocr_carea' id='block_1_13' title="bbox 416 3345 2460 3448">
    <p class='ocr_par' dir='ltr' id='par_1_13' title="bbox 416 3345 2460 3448">
     <span class='ocr_line' id='line_1_99' title="bbox 459 3345 2460 3395; baseline 0.004 -19"><span class='ocrx_word' id='word_1_714' title='bbox 459 3355 473 3369; x_wconf 70' lang='lat'><strong>0¹</strong></span> <span class='ocrx_word' id='word_1_715' title='bbox 491 3345 591 3377; x_wconf 69' lang='lat' dir='ltr'><strong>Saril.</strong></span> <span class='ocrx_word' id='word_1_716' title='bbox 608 3353 640 3376; x_wconf 70' lang='lat' dir='ltr'><strong>ut</strong></span> <span class='ocrx_word' id='word_1_717' title='bbox 656 3346 818 3377; x_wconf 74' lang='lat' dir='ltr'><strong>Douuoeus</strong></span> <span class='ocrx_word' id='word_1_718' title='bbox 836 3345 887 3378; x_wconf 71' lang='lat' dir='ltr'><strong>hie</strong></span> <span class='ocrx_word' id='word_1_719' title='bbox 906 3345 1079 3387; x_wconf 63' lang='lat' dir='ltr'><strong>legendum</strong></span> <span class='ocrx_word' id='word_1_720' title='bbox 1107 3347 1300 3381; x_wconf 72' lang='lat' dir='ltr'><strong>existimant</strong></span> <span class='ocrx_word' id='word_1_721' title='bbox 1325 3360 1419 3383; x_wconf 62' lang='lat' dir='ltr'><strong>›ezra-</strong></span> <span class='ocrx_word' id='word_1_722' title='bbox 1457 3354 1546 3383; x_wconf 70' lang='grc' dir='ltr'>λουσκ</span> <span class='ocrx_word' id='word_1_723' title='bbox 1558 3357 1589 3381; x_wconf 86' lang='lat' dir='ltr'><strong>ct</strong></span> <span class='ocrx_word' id='word_1_724' title='bbox 1607 3356 1734 3395; x_wconf 53' lang='grc' dir='ltr'>άριεῑσα,</span> <span class='ocrx_word' id='word_1_725' title='bbox 1747 3356 1921 3392; x_wconf 75' lang='lat' dir='ltr'><strong>potestque</strong></span> <span class='ocrx_word' id='word_1_726' title='bbox 1935 3349 2060 3390; x_wconf 83' lang='lat' dir='ltr'><strong>optime</strong></span> <span class='ocrx_word' id='word_1_727' title='bbox 2075 3347 2187 3380; x_wconf 82' lang='lat' dir='ltr'><strong>referri</strong></span> <span class='ocrx_word' id='word_1_728' title='bbox 2203 3347 2245 3380; x_wconf 82' lang='lat' dir='ltr'><strong>ad</strong></span> <span class='ocrx_word' id='word_1_729' title='bbox 2264 3351 2460 3395; x_wconf 62' lang='lat' dir='ltr'><strong>rraessorpopiz</strong></span> 
     </span>
     <span class='ocr_line' id='line_1_100' title="bbox 416 3397 2454 3448; baseline 0.004 -22"><span class='ocrx_word' id='word_1_730' title='bbox 416 3401 556 3437; x_wconf 45' lang='lat' dir='ltr'><strong>onam-2,</strong></span> <span class='ocrx_word' id='word_1_731' title='bbox 570 3403 602 3427; x_wconf 81' lang='lat' dir='ltr'><strong>et</strong></span> <span class='ocrx_word' id='word_1_732' title='bbox 620 3409 696 3428; x_wconf 76' lang='lat' dir='ltr'><strong>mox</strong></span> <span class='ocrx_word' id='word_1_733' title='bbox 714 3404 742 3429; x_wconf 70' lang='lat'><strong>,2-</strong></span> <span class='ocrx_word' id='word_1_734' title='bbox 757 3404 820 3433; x_wconf 57' lang='grc' dir='ltr'>ιεῐς,</span> <span class='ocrx_word' id='word_1_735' title='bbox 842 3397 1155 3432; x_wconf 77' lang='lat' dir='ltr'><strong>1·‹·fcrentcsscilicct</strong></span> <span class='ocrx_word' id='word_1_736' title='bbox 1171 3399 1214 3432; x_wconf 82' lang='lat' dir='ltr'><strong>ad</strong></span> <span class='ocrx_word' id='word_1_737' title='bbox 1234 3411 1347 3433; x_wconf 79' lang='lat' dir='ltr'><strong>vocem</strong></span> <span class='ocrx_word' id='word_1_738' title='bbox 1366 3408 1419 3443; x_wconf 64' lang='grc' dir='ltr'><strong>γά-</strong></span> <span class='ocrx_word' id='word_1_739' title='bbox 1455 3414 1564 3444; x_wconf 69' lang='lat' dir='ltr'><strong>supru.</strong></span> <span class='ocrx_word' id='word_1_740' title='bbox 1577 3403 1651 3434; x_wconf 78' lang='lat' dir='ltr'><strong>Mox</strong></span> <span class='ocrx_word' id='word_1_741' title='bbox 1668 3401 1770 3435; x_wconf 68' lang='lat' dir='ltr'><strong>Sin-il.</strong></span> <span class='ocrx_word' id='word_1_742' title='bbox 1790 3410 1822 3433; x_wconf 86' lang='lat' dir='ltr'><strong>et</strong></span> <span class='ocrx_word' id='word_1_743' title='bbox 1838 3401 1953 3434; x_wconf 69' lang='lat' dir='ltr'><strong>Movet.</strong></span> <span class='ocrx_word' id='word_1_744' title='bbox 1972 3406 2088 3446; x_wconf 70' lang='grc' dir='ltr'>ὁρμεῖν.</span> <span class='ocrx_word' id='word_1_745' title='bbox 2109 3402 2242 3442; x_wconf 72' lang='lat' dir='ltr'><strong>Septem</strong></span> <span class='ocrx_word' id='word_1_746' title='bbox 2262 3402 2454 3448; x_wconf 56' lang='grc' dir='ltr'>Μεῆ.ὲ[;μᾴυ.</span> 
     </span>
    </p>
   </div>
   <div class='ocr_carea' id='block_1_14' title="bbox 737 3423 749 3441">
    <p class='ocr_par' dir='ltr' id='par_1_14' title="bbox 737 3423 749 3441">
     <span class='ocr_line' id='line_1_101' title="bbox 737 3423 749 3441; baseline 0 -12"><span class='ocrx_word' id='word_1_747' title='bbox 737 3423 749 3441; x_wconf 52' lang='grc' dir='ltr'>Γ</span> 
     </span>
    </p>
   </div>
   <div class='ocr_carea' id='block_1_15' title="bbox 416 3449 1418 3493">
    <p class='ocr_par' dir='ltr' id='par_1_15' title="bbox 416 3449 1418 3493">
     <span class='ocr_line' id='line_1_102' title="bbox 416 3449 1418 3493; baseline -0.001 -12"><span class='ocrx_word' id='word_1_748' title='bbox 416 3466 483 3492; x_wconf 65' lang='lat'><strong>:¹⁷¹³-</strong></span> <span class='ocrx_word' id='word_1_749' title='bbox 500 3449 564 3482; x_wconf 65' lang='lat' dir='ltr'><strong>sed</strong></span> <span class='ocrx_word' id='word_1_750' title='bbox 583 3461 694 3482; x_wconf 68' lang='lat' dir='ltr'><strong>oninc‘</strong></span> <span class='ocrx_word' id='word_1_751' title='bbox 717 3451 853 3481; x_wconf 71' lang='lat' dir='ltr'><strong>omnino</strong></span> <span class='ocrx_word' id='word_1_752' title='bbox 870 3451 1084 3493; x_wconf 78' lang='lat' dir='ltr'><strong>Manuscripti</strong></span> <span class='ocrx_word' id='word_1_753' title='bbox 1107 3450 1230 3486; x_wconf 79' lang='lat' dir='ltr'><strong>habent</strong></span> <span class='ocrx_word' id='word_1_754' title='bbox 1252 3459 1418 3488; x_wconf 66' lang='grc' dir='ltr'>καταπελ-</span> 
     </span>
    </p>
   </div>
   <div class='ocr_carea' id='block_1_16' title="bbox 1499 3453 2216 3494">
    <p class='ocr_par' dir='ltr' id='par_1_16' title="bbox 1499 3453 2216 3494">
     <span class='ocr_line' id='line_1_103' title="bbox 1499 3453 2216 3494; baseline 0 -9"><span class='ocrx_word' id='word_1_755' title='bbox 1499 3456 1513 3481; x_wconf 76' lang='lat'><strong>¹·</strong></span> <span class='ocrx_word' id='word_1_756' title='bbox 1532 3455 1540 3494; x_wconf 64' lang='lat' dir='ltr'><strong>l</strong></span> <span class='ocrx_word' id='word_1_757' title='bbox 1561 3453 1659 3485; x_wconf 65' lang='lat' dir='ltr'><strong>Saxil.</strong></span> <span class='ocrx_word' id='word_1_758' title='bbox 1674 3457 1753 3487; x_wconf 65' lang='grc' dir='ltr'>ἀλλςὶ</span> <span class='ocrx_word' id='word_1_759' title='bbox 1777 3457 1878 3487; x_wconf 42' lang='grc' dir='ltr'>διέτη..</span> <span class='ocrx_word' id='word_1_760' title='bbox 1895 3459 1996 3487; x_wconf 58' lang='grc' dir='ltr'>τοῦτο]</span> <span class='ocrx_word' id='word_1_761' title='bbox 2021 3458 2067 3485; x_wconf 67' lang='grc' dir='ltr'><strong>νῦν</strong></span> <span class='ocrx_word' id='word_1_762' title='bbox 2092 3454 2216 3493; x_wconf 47' lang='grc' dir='ltr'>ζ’,ιντμμῙ</span> 
     </span>
    </p>
   </div>
  </div>
 </body>
</html>
