<?xml version="1.0" encoding="UTF-8"?>
<!DOCTYPE html PUBLIC "-//W3C//DTD XHTML 1.0 Transitional//EN"
    "http://www.w3.org/TR/xhtml1/DTD/xhtml1-transitional.dtd">
<html xmlns="http://www.w3.org/1999/xhtml" xml:lang="en" lang="en">
 <head>
  <title>
</title>
<meta http-equiv="Content-Type" content="text/html;charset=utf-8" />
  <meta name='ocr-system' content='tesseract 3.04.00' />
  <meta name='ocr-capabilities' content='ocr_page ocr_carea ocr_par ocr_line ocrx_word'/>
</head>
<body>
  <div class='ocr_page' id='page_1' title='image "./operaomniaquaeex04johnuoft/operaomniaquaeex04johnuoft_0369.png"; bbox 0 0 2516 3791; ppageno 0'>
   <div class='ocr_carea' id='block_1_1' title="bbox 657 174 982 226">
    <p class='ocr_par' dir='ltr' id='par_1_1' title="bbox 657 174 982 226">
     <span class='ocr_line' id='line_1_1' title="bbox 657 174 982 226; baseline 0.003 -1"><span class='ocrx_word' id='word_1_1' title='bbox 657 174 735 225; x_wconf 59' lang='lat' dir='ltr'>vnx·</span> <span class='ocrx_word' id='word_1_2' title='bbox 773 195 874 226; x_wconf 57' lang='lat' dir='ltr'>cte.</span> <span class='ocrx_word' id='word_1_3' title='bbox 919 196 982 226; x_wconf 53' lang='grc' dir='ltr'>κῃ</span> 
     </span>
    </p>
   </div>
   <div class='ocr_carea' id='block_1_2' title="bbox 70 271 1103 1713">
    <p class='ocr_par' dir='ltr' id='par_1_2' title="bbox 70 271 1103 1713">
     <span class='ocr_line' id='line_1_2' title="bbox 84 271 1100 332; baseline -0.003 -12"><span class='ocrx_word' id='word_1_4' title='bbox 84 280 185 320; x_wconf 78' lang='grc' dir='ltr'>Ἀλλὰ</span> <span class='ocrx_word' id='word_1_5' title='bbox 207 278 364 331; x_wconf 87' lang='grc' dir='ltr'>καθάπερ</span> <span class='ocrx_word' id='word_1_6' title='bbox 380 278 447 324; x_wconf 79' lang='grc' dir='ltr'>ἤδη</span> <span class='ocrx_word' id='word_1_7' title='bbox 468 271 561 316; x_wconf 67' lang='grc' dir='ltr'>εἶπεν</span> <span class='ocrx_word' id='word_1_8' title='bbox 582 278 603 322; x_wconf 81' lang='grc' dir='ltr'>ἠ</span> <span class='ocrx_word' id='word_1_9' title='bbox 625 276 748 329; x_wconf 78' lang='grc' dir='ltr'>Γραφὴ</span> <span class='ocrx_word' id='word_1_10' title='bbox 764 308 772 322; x_wconf 82' lang='grc'>,</span> <span class='ocrx_word' id='word_1_11' title='bbox 795 278 934 325; x_wconf 68' lang='grc' dir='ltr'>Κατέὸη</span> <span class='ocrx_word' id='word_1_12' title='bbox 956 277 1100 332; x_wconf 82' lang='grc' dir='ltr'>Κύριος,</span> 
     </span>
     <span class='ocr_line' id='line_1_3' title="bbox 81 346 1101 400; baseline -0.002 -12"><span class='ocrx_word' id='word_1_13' title='bbox 81 349 291 388; x_wconf 80' lang='grc' dir='ltr'>διδάσκουσα</span> <span class='ocrx_word' id='word_1_14' title='bbox 319 351 413 399; x_wconf 78' lang='grc' dir='ltr'>ἡμᾶς</span> <span class='ocrx_word' id='word_1_15' title='bbox 441 346 498 385; x_wconf 81' lang='grc' dir='ltr'>διὰ</span> <span class='ocrx_word' id='word_1_16' title='bbox 531 346 673 392; x_wconf 86' lang='grc' dir='ltr'>τούτου,</span> <span class='ocrx_word' id='word_1_17' title='bbox 706 347 760 386; x_wconf 81' lang='grc' dir='ltr'>ὅτι</span> <span class='ocrx_word' id='word_1_18' title='bbox 797 347 885 398; x_wconf 83' lang='grc' dir='ltr'>μετὰ</span> <span class='ocrx_word' id='word_1_19' title='bbox 921 347 1101 400; x_wconf 71' lang='grc' dir='ltr'>ἀκριὸείας</span> 
     </span>
     <span class='ocr_line' id='line_1_4' title="bbox 80 411 1100 469; baseline -0.001 -14"><span class='ocrx_word' id='word_1_20' title='bbox 80 419 192 456; x_wconf 80' lang='grc' dir='ltr'>αὐτῶν</span> <span class='ocrx_word' id='word_1_21' title='bbox 219 411 287 455; x_wconf 72' lang='grc' dir='ltr'>εἶδε</span> <span class='ocrx_word' id='word_1_22' title='bbox 309 420 370 463; x_wconf 83' lang='grc' dir='ltr'>τῆς</span> <span class='ocrx_word' id='word_1_23' title='bbox 391 414 515 459; x_wconf 81' lang='grc' dir='ltr'>κακίας</span> <span class='ocrx_word' id='word_1_24' title='bbox 533 415 596 463; x_wconf 80' lang='grc' dir='ltr'>τὴν</span> <span class='ocrx_word' id='word_1_25' title='bbox 614 415 809 469; x_wconf 70' lang='grc' dir='ltr'>ὑπερὸολὴν</span> <span class='ocrx_word' id='word_1_26' title='bbox 825 447 835 464; x_wconf 92' lang='grc'>,</span> <span class='ocrx_word' id='word_1_27' title='bbox 859 416 947 455; x_wconf 82' lang='grc' dir='ltr'>οὕτω</span> <span class='ocrx_word' id='word_1_28' title='bbox 966 417 1025 455; x_wconf 73' lang='grc' dir='ltr'>καὶ</span> <span class='ocrx_word' id='word_1_29' title='bbox 1044 419 1100 456; x_wconf 76' lang='grc' dir='ltr'>ἐν·</span> 
     </span>
     <span class='ocr_line' id='line_1_5' title="bbox 79 484 1102 538; baseline -0.002 -14"><span class='ocrx_word' id='word_1_30' title='bbox 79 485 187 525; x_wconf 82' lang='grc' dir='ltr'>ταῧθά</span> <span class='ocrx_word' id='word_1_31' title='bbox 203 501 306 538; x_wconf 82' lang='grc' dir='ltr'>φησι,</span> <span class='ocrx_word' id='word_1_32' title='bbox 332 487 459 533; x_wconf 79' lang='grc' dir='ltr'>Δεῦτε,</span> <span class='ocrx_word' id='word_1_33' title='bbox 477 484 536 523; x_wconf 79' lang='grc' dir='ltr'>καὶ</span> <span class='ocrx_word' id='word_1_34' title='bbox 556 484 783 528; x_wconf 70' lang='grc' dir='ltr'>καταὸάντες.</span> <span class='ocrx_word' id='word_1_35' title='bbox 797 484 863 528; x_wconf 86' lang='grc' dir='ltr'>Ὡς</span> <span class='ocrx_word' id='word_1_36' title='bbox 882 484 968 538; x_wconf 89' lang='grc' dir='ltr'>πρὸς</span> <span class='ocrx_word' id='word_1_37' title='bbox 984 484 1102 536; x_wconf 80' lang='grc' dir='ltr'>ὁμοτί-</span> 
     </span>
     <span class='ocr_line' id='line_1_6' title="bbox 80 553 1102 606; baseline -0.003 -12"><span class='ocrx_word' id='word_1_38' title='bbox 80 570 162 605; x_wconf 83' lang='grc' dir='ltr'>μους</span> <span class='ocrx_word' id='word_1_39' title='bbox 185 555 220 594; x_wconf 85' lang='grc' dir='ltr'>δὲ</span> <span class='ocrx_word' id='word_1_40' title='bbox 238 554 376 598; x_wconf 81' lang='grc' dir='ltr'>πάντως</span> <span class='ocrx_word' id='word_1_41' title='bbox 393 555 468 593; x_wconf 77' lang='grc' dir='ltr'>ἐστὶ</span> <span class='ocrx_word' id='word_1_42' title='bbox 489 554 585 592; x_wconf 75' lang='grc' dir='ltr'>τουτὶ</span> <span class='ocrx_word' id='word_1_43' title='bbox 608 555 648 592; x_wconf 91' lang='grc' dir='ltr'>τὸ</span> <span class='ocrx_word' id='word_1_44' title='bbox 663 554 863 606; x_wconf 84' lang='grc' dir='ltr'>εἰρημένον·</span> <span class='ocrx_word' id='word_1_45' title='bbox 889 557 997 592; x_wconf 79' lang='grc' dir='ltr'>Δεῦτε</span> <span class='ocrx_word' id='word_1_46' title='bbox 1010 584 1020 601; x_wconf 96' lang='grc'>,</span> <span class='ocrx_word' id='word_1_47' title='bbox 1042 553 1102 591; x_wconf 83' lang='grc' dir='ltr'>καὶ</span> 
     </span>
     <span class='ocr_line' id='line_1_7' title="bbox 79 621 1100 675; baseline -0.002 -14"><span class='ocrx_word' id='word_1_48' title='bbox 79 623 293 667; x_wconf 74' lang='grc' dir='ltr'>καταὸάντες</span> <span class='ocrx_word' id='word_1_49' title='bbox 320 623 525 675; x_wconf 76' lang='grc' dir='ltr'>συγχέωμεν</span> <span class='ocrx_word' id='word_1_50' title='bbox 554 626 666 662; x_wconf 81' lang='grc' dir='ltr'>αὐτῶν</span> <span class='ocrx_word' id='word_1_51' title='bbox 685 623 748 670; x_wconf 77' lang='grc' dir='ltr'>τὴν</span> <span class='ocrx_word' id='word_1_52' title='bbox 771 625 943 675; x_wconf 84' lang='grc' dir='ltr'>γλῶτταν,</span> <span class='ocrx_word' id='word_1_53' title='bbox 963 621 1022 660; x_wconf 83' lang='grc' dir='ltr'>ἵνα</span> <span class='ocrx_word' id='word_1_54' title='bbox 1051 621 1100 672; x_wconf 85' lang='grc' dir='ltr'>μὴ</span> 
     </span>
     <span class='ocr_line' id='line_1_8' title="bbox 81 690 1102 744; baseline -0.002 -14"><span class='ocrx_word' id='word_1_55' title='bbox 81 693 277 732; x_wconf 78' lang='grc' dir='ltr'>ἀκούσωσιν</span> <span class='ocrx_word' id='word_1_56' title='bbox 289 693 433 737; x_wconf 76' lang='grc' dir='ltr'>ἕκαστος</span> <span class='ocrx_word' id='word_1_57' title='bbox 453 696 514 739; x_wconf 84' lang='grc' dir='ltr'>τῆς</span> <span class='ocrx_word' id='word_1_58' title='bbox 530 696 646 744; x_wconf 79' lang='grc' dir='ltr'>φωνῆς</span> <span class='ocrx_word' id='word_1_59' title='bbox 665 696 724 730; x_wconf 82' lang='grc' dir='ltr'>τοῦ</span> <span class='ocrx_word' id='word_1_60' title='bbox 739 691 898 739; x_wconf 84' lang='grc' dir='ltr'>πλησίον.</span> <span class='ocrx_word' id='word_1_61' title='bbox 921 690 1102 742; x_wconf 79' lang='grc' dir='ltr'>Καθάπερ,</span> 
     </span>
     <span class='ocr_line' id='line_1_9' title="bbox 79 758 1103 813; baseline -0.004 -13"><span class='ocrx_word' id='word_1_62' title='bbox 79 763 182 813; x_wconf 79' lang='grc' dir='ltr'>φησὶ,</span> <span class='ocrx_word' id='word_1_63' title='bbox 203 762 334 808; x_wconf 81' lang='grc' dir='ltr'>στήλην</span> <span class='ocrx_word' id='word_1_64' title='bbox 368 762 445 799; x_wconf 83' lang='grc' dir='ltr'>τινὰ</span> <span class='ocrx_word' id='word_1_65' title='bbox 474 762 637 807; x_wconf 80' lang='grc' dir='ltr'>διηνεκῆ,</span> <span class='ocrx_word' id='word_1_66' title='bbox 655 760 818 806; x_wconf 73' lang='grc' dir='ltr'>τοιαύτην</span> <span class='ocrx_word' id='word_1_67' title='bbox 846 761 961 803; x_wconf 81' lang='grc' dir='ltr'>αὐτοῖς</span> <span class='ocrx_word' id='word_1_68' title='bbox 993 758 1103 797; x_wconf 88' lang='grc' dir='ltr'>ἐπιτί-</span> 
     </span>
     <span class='ocr_line' id='line_1_10' title="bbox 78 828 1103 882; baseline -0.002 -15"><span class='ocrx_word' id='word_1_69' title='bbox 78 835 164 880; x_wconf 84' lang='grc' dir='ltr'>θημι</span> <span class='ocrx_word' id='word_1_70' title='bbox 183 830 245 875; x_wconf 78' lang='grc' dir='ltr'>τὴν</span> <span class='ocrx_word' id='word_1_71' title='bbox 274 830 459 882; x_wconf 81' lang='grc' dir='ltr'>τιμωρίαν,</span> <span class='ocrx_word' id='word_1_72' title='bbox 478 830 537 867; x_wconf 89' lang='grc' dir='ltr'>καὶ</span> <span class='ocrx_word' id='word_1_73' title='bbox 556 828 612 867; x_wconf 83' lang='grc' dir='ltr'>ἵνα</span> <span class='ocrx_word' id='word_1_74' title='bbox 632 828 736 867; x_wconf 72' lang='grc' dir='ltr'>παντὶ</span> <span class='ocrx_word' id='word_1_75' title='bbox 756 831 805 880; x_wconf 81' lang='grc' dir='ltr'>τῷ</span> <span class='ocrx_word' id='word_1_76' title='bbox 839 830 938 866; x_wconf 76' lang='grc' dir='ltr'>αἰῶνι</span> <span class='ocrx_word' id='word_1_77' title='bbox 955 843 1103 878; x_wconf 83' lang='grc' dir='ltr'>συμπα-</span> 
     </span>
     <span class='ocr_line' id='line_1_11' title="bbox 77 897 1102 951; baseline -0.003 -14"><span class='ocrx_word' id='word_1_78' title='bbox 77 900 313 951; x_wconf 87' lang='grc' dir='ltr'>ρεκτείνηται,</span> <span class='ocrx_word' id='word_1_79' title='bbox 342 899 402 936; x_wconf 81' lang='grc' dir='ltr'>καὶ</span> <span class='ocrx_word' id='word_1_80' title='bbox 431 898 551 949; x_wconf 77' lang='grc' dir='ltr'>μηδεὶς</span> <span class='ocrx_word' id='word_1_81' title='bbox 583 897 706 950; x_wconf 80' lang='grc' dir='ltr'>χρόνος</span> <span class='ocrx_word' id='word_1_82' title='bbox 742 897 853 944; x_wconf 82' lang='grc' dir='ltr'>λήθην</span> <span class='ocrx_word' id='word_1_83' title='bbox 886 900 1002 940; x_wconf 85' lang='grc' dir='ltr'>αὐτοῖς</span> <span class='ocrx_word' id='word_1_84' title='bbox 1037 899 1102 948; x_wconf 85' lang='grc' dir='ltr'>ἐμ-</span> 
     </span>
     <span class='ocr_line' id='line_1_12' title="bbox 72 966 1103 1019; baseline 0 -15"><span class='ocrx_word' id='word_1_85' title='bbox 72 968 215 1018; x_wconf 80' lang='grc' dir='ltr'>ποιήσῃ.</span> <span class='ocrx_word' id='word_1_86' title='bbox 237 967 383 1014; x_wconf 75' lang='grc' dir='ltr'>Ἐπειδὴ</span> <span class='ocrx_word' id='word_1_87' title='bbox 406 966 474 1018; x_wconf 72' lang='grc' dir='ltr'>γὰρ</span> <span class='ocrx_word' id='word_1_88' title='bbox 494 969 531 1005; x_wconf 86' lang='grc' dir='ltr'>οὐ</span> <span class='ocrx_word' id='word_1_89' title='bbox 561 966 704 1010; x_wconf 84' lang='grc' dir='ltr'>δεόντως</span> <span class='ocrx_word' id='word_1_90' title='bbox 738 966 936 1019; x_wconf 78' lang='grc' dir='ltr'>ἐχρήσαντο</span> <span class='ocrx_word' id='word_1_91' title='bbox 955 970 998 1018; x_wconf 79' lang='grc' dir='ltr'>τῇ</span> <span class='ocrx_word' id='word_1_92' title='bbox 1018 969 1103 1017; x_wconf 79' lang='grc' dir='ltr'>ὃμο-</span> 
     </span>
     <span class='ocr_line' id='line_1_13' title="bbox 75 1034 1100 1088; baseline 0.001 -16"><span class='ocrx_word' id='word_1_93' title='bbox 75 1035 208 1088; x_wconf 78' lang='grc' dir='ltr'>φωνίᾳ,</span> <span class='ocrx_word' id='word_1_94' title='bbox 233 1035 290 1074; x_wconf 82' lang='grc' dir='ltr'>διὰ</span> <span class='ocrx_word' id='word_1_95' title='bbox 318 1038 379 1082; x_wconf 89' lang='grc' dir='ltr'>τῆς</span> <span class='ocrx_word' id='word_1_96' title='bbox 410 1035 637 1088; x_wconf 68' lang='grc' dir='ltr'>ἑτεροφωνίας</span> <span class='ocrx_word' id='word_1_97' title='bbox 670 1034 791 1078; x_wconf 73' lang='grc' dir='ltr'>αὐτοὺς</span> <span class='ocrx_word' id='word_1_98' title='bbox 822 1038 1100 1088; x_wconf 74' lang='grc' dir='ltr'>σωφρονισθῆναι</span> 
     </span>
     <span class='ocr_line' id='line_1_14' title="bbox 73 1103 1098 1157; baseline -0.002 -14"><span class='ocrx_word' id='word_1_99' title='bbox 73 1105 253 1156; x_wconf 83' lang='grc' dir='ltr'>βούλομαι.</span> <span class='ocrx_word' id='word_1_100' title='bbox 292 1106 360 1143; x_wconf 80' lang='grc' dir='ltr'>Καὶ</span> <span class='ocrx_word' id='word_1_101' title='bbox 379 1105 447 1157; x_wconf 79' lang='grc' dir='ltr'>γὰρ</span> <span class='ocrx_word' id='word_1_102' title='bbox 479 1103 586 1148; x_wconf 75' lang='grc' dir='ltr'>οὕτως</span> <span class='ocrx_word' id='word_1_103' title='bbox 618 1104 785 1143; x_wconf 84' lang='grc' dir='ltr'>ἑκάστοτε</span> <span class='ocrx_word' id='word_1_104' title='bbox 819 1104 917 1143; x_wconf 87' lang='grc' dir='ltr'>εἴωθε</span> <span class='ocrx_word' id='word_1_105' title='bbox 939 1110 1049 1143; x_wconf 87' lang='grc' dir='ltr'>ποιεῖν</span> <span class='ocrx_word' id='word_1_106' title='bbox 1081 1106 1098 1141; x_wconf 84' lang='grc' dir='ltr'><strong>ὁ</strong></span> 
     </span>
     <span class='ocr_line' id='line_1_15' title="bbox 75 1174 1098 1226; baseline 0 -15"><span class='ocrx_word' id='word_1_107' title='bbox 75 1175 266 1219; x_wconf 83' lang='grc' dir='ltr'>Δεσπότης.</span> <span class='ocrx_word' id='word_1_108' title='bbox 298 1177 412 1213; x_wconf 80' lang='grc' dir='ltr'>Τοῦτο</span> <span class='ocrx_word' id='word_1_109' title='bbox 449 1174 483 1218; x_wconf 83' lang='grc' dir='ltr'>ἐξ</span> <span class='ocrx_word' id='word_1_110' title='bbox 514 1177 626 1226; x_wconf 78' lang='grc' dir='ltr'>ἀρχῆς</span> <span class='ocrx_word' id='word_1_111' title='bbox 664 1175 723 1212; x_wconf 74' lang='grc' dir='ltr'>καὶ</span> <span class='ocrx_word' id='word_1_112' title='bbox 756 1175 813 1213; x_wconf 83' lang='grc' dir='ltr'>ἐπὶ</span> <span class='ocrx_word' id='word_1_113' title='bbox 845 1178 907 1221; x_wconf 81' lang='grc' dir='ltr'>τῆς</span> <span class='ocrx_word' id='word_1_114' title='bbox 938 1174 1098 1226; x_wconf 89' lang='grc' dir='ltr'>γυναικὸς</span> 
     </span>
     <span class='ocr_line' id='line_1_16' title="bbox 74 1243 1098 1296; baseline 0.002 -16"><span class='ocrx_word' id='word_1_115' title='bbox 74 1243 233 1291; x_wconf 82' lang='grc' dir='ltr'>ἐποίησεν</span> <span class='ocrx_word' id='word_1_116' title='bbox 247 1260 254 1267; x_wconf 94' lang='grc'>·</span> <span class='ocrx_word' id='word_1_117' title='bbox 271 1246 334 1283; x_wconf 84' lang='grc' dir='ltr'>οὐκ</span> <span class='ocrx_word' id='word_1_118' title='bbox 349 1246 395 1287; x_wconf 85' lang='grc' dir='ltr'>εἰς</span> <span class='ocrx_word' id='word_1_119' title='bbox 413 1243 486 1283; x_wconf 81' lang='grc' dir='ltr'>δέον</span> <span class='ocrx_word' id='word_1_120' title='bbox 503 1244 678 1296; x_wconf 71' lang='grc' dir='ltr'>ἐχρήσατο</span> <span class='ocrx_word' id='word_1_121' title='bbox 697 1247 739 1295; x_wconf 80' lang='grc' dir='ltr'>τῇ</span> <span class='ocrx_word' id='word_1_122' title='bbox 760 1244 895 1296; x_wconf 77' lang='grc' dir='ltr'>δοθείσῃ</span> <span class='ocrx_word' id='word_1_123' title='bbox 913 1247 1018 1296; x_wconf 79' lang='grc' dir='ltr'>τιμῇ,</span> <span class='ocrx_word' id='word_1_124' title='bbox 1038 1244 1098 1282; x_wconf 86' lang='grc' dir='ltr'>καὶ</span> 
     </span>
     <span class='ocr_line' id='line_1_17' title="bbox 75 1312 1096 1366; baseline 0 -16"><span class='ocrx_word' id='word_1_125' title='bbox 75 1312 130 1351; x_wconf 81' lang='grc' dir='ltr'>διὰ</span> <span class='ocrx_word' id='word_1_126' title='bbox 150 1317 251 1351; x_wconf 80' lang='grc' dir='ltr'>τοῦτο</span> <span class='ocrx_word' id='word_1_127' title='bbox 277 1312 441 1357; x_wconf 81' lang='grc' dir='ltr'>ὑπέταξεν</span> <span class='ocrx_word' id='word_1_128' title='bbox 470 1313 574 1359; x_wconf 84' lang='grc' dir='ltr'>αὐτὴν</span> <span class='ocrx_word' id='word_1_129' title='bbox 599 1316 648 1365; x_wconf 80' lang='grc' dir='ltr'>τῷ</span> <span class='ocrx_word' id='word_1_130' title='bbox 677 1313 787 1366; x_wconf 85' lang='grc' dir='ltr'>ἀνδρί.</span> <span class='ocrx_word' id='word_1_131' title='bbox 821 1313 891 1351; x_wconf 75' lang='grc' dir='ltr'>Καὶ</span> <span class='ocrx_word' id='word_1_132' title='bbox 912 1313 1018 1352; x_wconf 81' lang='grc' dir='ltr'>πάλιν</span> <span class='ocrx_word' id='word_1_133' title='bbox 1039 1313 1096 1351; x_wconf 85' lang='grc' dir='ltr'>ἐπὶ</span> 
     </span>
     <span class='ocr_line' id='line_1_18' title="bbox 74 1381 1097 1434; baseline 0.001 -15"><span class='ocrx_word' id='word_1_134' title='bbox 74 1388 132 1421; x_wconf 80' lang='grc' dir='ltr'>τοῦ</span> <span class='ocrx_word' id='word_1_135' title='bbox 172 1382 291 1433; x_wconf 74' lang='grc' dir='ltr'>Αδὰμ,</span> <span class='ocrx_word' id='word_1_136' title='bbox 332 1382 452 1428; x_wconf 80' lang='grc' dir='ltr'>ἐπειδὴ</span> <span class='ocrx_word' id='word_1_137' title='bbox 497 1382 546 1433; x_wconf 84' lang='grc' dir='ltr'>μὴ</span> <span class='ocrx_word' id='word_1_138' title='bbox 587 1381 748 1434; x_wconf 82' lang='grc' dir='ltr'>ἐκέρδανέ</span> <span class='ocrx_word' id='word_1_139' title='bbox 782 1399 816 1420; x_wconf 89' lang='grc' dir='ltr'>τι</span> <span class='ocrx_word' id='word_1_140' title='bbox 845 1385 884 1421; x_wconf 84' lang='grc' dir='ltr'>ἐκ</span> <span class='ocrx_word' id='word_1_141' title='bbox 919 1386 981 1429; x_wconf 83' lang='grc' dir='ltr'>τῆς</span> <span class='ocrx_word' id='word_1_142' title='bbox 1011 1383 1097 1420; x_wconf 87' lang='grc' dir='ltr'>πολ-</span> 
     </span>
     <span class='ocr_line' id='line_1_19' title="bbox 74 1451 1095 1504; baseline 0.001 -16"><span class='ocrx_word' id='word_1_143' title='bbox 74 1453 135 1497; x_wconf 84' lang='grc' dir='ltr'>λῆς</span> <span class='ocrx_word' id='word_1_144' title='bbox 166 1451 330 1497; x_wconf 82' lang='grc' dir='ltr'>ἀνέσεως,</span> <span class='ocrx_word' id='word_1_145' title='bbox 367 1451 426 1489; x_wconf 80' lang='grc' dir='ltr'>καὶ</span> <span class='ocrx_word' id='word_1_146' title='bbox 462 1453 523 1497; x_wconf 83' lang='grc' dir='ltr'>τῆς</span> <span class='ocrx_word' id='word_1_147' title='bbox 556 1453 590 1489; x_wconf 82' lang='grc' dir='ltr'>ἐν</span> <span class='ocrx_word' id='word_1_148' title='bbox 622 1454 672 1503; x_wconf 83' lang='grc' dir='ltr'>τῷ</span> <span class='ocrx_word' id='word_1_149' title='bbox 708 1451 910 1504; x_wconf 82' lang='grc' dir='ltr'>παραδείσῳ</span> <span class='ocrx_word' id='word_1_150' title='bbox 943 1451 1095 1499; x_wconf 85' lang='grc' dir='ltr'>διαίτης,</span> 
     </span>
     <span class='ocr_line' id='line_1_20' title="bbox 73 1520 1096 1574; baseline 0.001 -16"><span class='ocrx_word' id='word_1_151' title='bbox 73 1521 163 1559; x_wconf 83' lang='grc' dir='ltr'>ἀλλὰ</span> <span class='ocrx_word' id='word_1_152' title='bbox 185 1521 242 1559; x_wconf 75' lang='grc' dir='ltr'>διὰ</span> <span class='ocrx_word' id='word_1_153' title='bbox 265 1524 326 1567; x_wconf 85' lang='grc' dir='ltr'>τῆς</span> <span class='ocrx_word' id='word_1_154' title='bbox 342 1521 576 1573; x_wconf 63' lang='grc' dir='ltr'>παραὸάσεως</span> <span class='ocrx_word' id='word_1_155' title='bbox 594 1524 643 1574; x_wconf 80' lang='grc' dir='ltr'>τῷ</span> <span class='ocrx_word' id='word_1_156' title='bbox 669 1522 835 1574; x_wconf 82' lang='grc' dir='ltr'>ἐπιτιμίῳ</span> <span class='ocrx_word' id='word_1_157' title='bbox 853 1522 973 1560; x_wconf 81' lang='grc' dir='ltr'>ἑαυτὸν</span> <span class='ocrx_word' id='word_1_158' title='bbox 988 1520 1096 1560; x_wconf 83' lang='grc' dir='ltr'>ὑπεύ-</span> 
     </span>
     <span class='ocr_line' id='line_1_21' title="bbox 70 1590 1095 1643; baseline 0.002 -16"><span class='ocrx_word' id='word_1_159' title='bbox 70 1594 166 1629; x_wconf 87' lang='grc' dir='ltr'>θυνον</span> <span class='ocrx_word' id='word_1_160' title='bbox 187 1590 412 1638; x_wconf 72' lang='grc' dir='ltr'>κατέστησεν,</span> <span class='ocrx_word' id='word_1_161' title='bbox 432 1591 572 1636; x_wconf 73' lang='grc' dir='ltr'>ἐξέὸαλε</span> <span class='ocrx_word' id='word_1_162' title='bbox 594 1593 694 1630; x_wconf 82' lang='grc' dir='ltr'>αὐτὸν</span> <span class='ocrx_word' id='word_1_163' title='bbox 715 1593 755 1630; x_wconf 87' lang='grc' dir='ltr'>ἐκ</span> <span class='ocrx_word' id='word_1_164' title='bbox 775 1596 835 1630; x_wconf 79' lang='grc' dir='ltr'>τοῦ</span> <span class='ocrx_word' id='word_1_165' title='bbox 860 1591 1095 1643; x_wconf 83' lang='grc' dir='ltr'>παραδείσου,</span> 
     </span>
     <span class='ocr_line' id='line_1_22' title="bbox 71 1660 1091 1713; baseline 0.001 -15"><span class='ocrx_word' id='word_1_166' title='bbox 71 1660 129 1698; x_wconf 84' lang='grc' dir='ltr'>καὶ</span> <span class='ocrx_word' id='word_1_167' title='bbox 164 1660 226 1707; x_wconf 80' lang='grc' dir='ltr'>τὴν</span> <span class='ocrx_word' id='word_1_168' title='bbox 256 1660 427 1713; x_wconf 82' lang='grc' dir='ltr'>τιμωρίαν</span> <span class='ocrx_word' id='word_1_169' title='bbox 461 1663 555 1713; x_wconf 80' lang='grc' dir='ltr'>αὐτῷ</span> <span class='ocrx_word' id='word_1_170' title='bbox 590 1660 740 1707; x_wconf 79' lang='grc' dir='ltr'>ἐπέθηκε</span> <span class='ocrx_word' id='word_1_171' title='bbox 763 1663 904 1708; x_wconf 75' lang='grc' dir='ltr'>διηνεκῆ</span> <span class='ocrx_word' id='word_1_172' title='bbox 923 1692 932 1709; x_wconf 85' lang='grc'>,</span> <span class='ocrx_word' id='word_1_173' title='bbox 958 1662 1091 1711; x_wconf 83' lang='grc' dir='ltr'>λέγων·</span> 
     </span>
    </p>
   </div>
   <div class='ocr_carea' id='block_1_3' title="bbox 71 1726 1093 1782">
    <p class='ocr_par' dir='ltr' id='par_1_3' title="bbox 71 1726 1093 1782">
     <span class='ocr_line' id='line_1_23' title="bbox 71 1726 1093 1782; baseline 0.001 -15"><span class='ocrx_word' id='word_1_174' title='bbox 71 1728 235 1772; x_wconf 76' lang='grc' dir='ltr'>Ἀκάνθας</span> <span class='ocrx_word' id='word_1_175' title='bbox 251 1729 311 1767; x_wconf 82' lang='grc' dir='ltr'>καὶ</span> <span class='ocrx_word' id='word_1_176' title='bbox 331 1729 510 1782; x_wconf 63' lang='grc' dir='ltr'>τριὸόλους</span> <span class='ocrx_word' id='word_1_177' title='bbox 531 1731 692 1768; x_wconf 84' lang='grc' dir='ltr'>ἀνατελεῖ</span> <span class='ocrx_word' id='word_1_178' title='bbox 711 1746 765 1769; x_wconf 89' lang='grc' dir='ltr'>σοι</span> <span class='ocrx_word' id='word_1_179' title='bbox 784 1734 806 1777; x_wconf 81' lang='grc' dir='ltr'>ἡ</span> <span class='ocrx_word' id='word_1_180' title='bbox 827 1733 886 1782; x_wconf 88' lang='grc' dir='ltr'>γῆ.</span> <span class='ocrx_word' id='word_1_181' title='bbox 911 1731 980 1768; x_wconf 80' lang='grc' dir='ltr'>Καὶ</span> <span class='ocrx_word' id='word_1_182' title='bbox 999 1726 1093 1769; x_wconf 66' lang='grc' dir='ltr'>οὗτοι</span> 
     </span>
    </p>
   </div>
   <div class='ocr_carea' id='block_1_4' title="bbox 70 1797 1154 1863">
    <p class='ocr_par' dir='ltr' id='par_1_4' title="bbox 70 1797 1154 1863">
     <span class='ocr_line' id='line_1_24' title="bbox 70 1797 1154 1863; baseline 0.003 -28"><span class='ocrx_word' id='word_1_183' title='bbox 70 1798 182 1836; x_wconf 88' lang='grc' dir='ltr'>τοίνυν</span> <span class='ocrx_word' id='word_1_184' title='bbox 211 1797 330 1845; x_wconf 81' lang='grc' dir='ltr'>ἐπειδὴ</span> <span class='ocrx_word' id='word_1_185' title='bbox 362 1799 565 1849; x_wconf 82' lang='grc' dir='ltr'>τιμηθέντες</span> <span class='ocrx_word' id='word_1_186' title='bbox 584 1803 626 1851; x_wconf 83' lang='grc' dir='ltr'>τῇ</span> <span class='ocrx_word' id='word_1_187' title='bbox 656 1801 856 1853; x_wconf 77' lang='grc' dir='ltr'>ὁμοφωνίᾳ,</span> <span class='ocrx_word' id='word_1_188' title='bbox 885 1802 934 1843; x_wconf 87' lang='grc' dir='ltr'>εἷς</span> <span class='ocrx_word' id='word_1_189' title='bbox 967 1800 1092 1838; x_wconf 85' lang='grc' dir='ltr'>κακίαν</span> <span class='ocrx_word' id='word_1_190' title='bbox 1106 1839 1154 1863; x_wconf 67' lang='lat'>30⁰</span> 
     </span>
    </p>
   </div>
   <div class='ocr_carea' id='block_1_5' title="bbox 58 1866 1094 3239">
    <p class='ocr_par' dir='ltr' id='par_1_5' title="bbox 58 1866 1094 3239">
     <span class='ocr_line' id='line_1_25' title="bbox 70 1866 1094 1920; baseline 0.001 -16"><span class='ocrx_word' id='word_1_191' title='bbox 70 1867 266 1919; x_wconf 74' lang='grc' dir='ltr'>ἐχρήσαντο</span> <span class='ocrx_word' id='word_1_192' title='bbox 297 1870 340 1916; x_wconf 81' lang='grc' dir='ltr'>τῆ</span> <span class='ocrx_word' id='word_1_193' title='bbox 374 1866 510 1919; x_wconf 81' lang='grc' dir='ltr'>δοθείσῃ</span> <span class='ocrx_word' id='word_1_194' title='bbox 547 1870 655 1918; x_wconf 82' lang='grc' dir='ltr'>τιμῇ,</span> <span class='ocrx_word' id='word_1_195' title='bbox 682 1867 739 1905; x_wconf 70' lang='grc' dir='ltr'>διὰ</span> <span class='ocrx_word' id='word_1_196' title='bbox 774 1871 836 1914; x_wconf 78' lang='grc' dir='ltr'>τῆς</span> <span class='ocrx_word' id='word_1_197' title='bbox 867 1868 1094 1920; x_wconf 71' lang='grc' dir='ltr'>ἑτεροφωνίας</span> 
     </span>
     <span class='ocr_line' id='line_1_26' title="bbox 68 1935 1091 1988; baseline 0.002 -16"><span class='ocrx_word' id='word_1_198' title='bbox 68 1935 205 1983; x_wconf 78' lang='grc' dir='ltr'>ἵστησιν</span> <span class='ocrx_word' id='word_1_199' title='bbox 223 1937 335 1974; x_wconf 71' lang='grc' dir='ltr'>αὐτῶν</span> <span class='ocrx_word' id='word_1_200' title='bbox 354 1938 416 1982; x_wconf 80' lang='grc' dir='ltr'>τῆς</span> <span class='ocrx_word' id='word_1_201' title='bbox 442 1937 565 1980; x_wconf 83' lang='grc' dir='ltr'>κακίας</span> <span class='ocrx_word' id='word_1_202' title='bbox 580 1936 642 1983; x_wconf 75' lang='grc' dir='ltr'>τὴν</span> <span class='ocrx_word' id='word_1_203' title='bbox 658 1937 777 1988; x_wconf 69' lang='grc' dir='ltr'>φοράν.</span> <span class='ocrx_word' id='word_1_204' title='bbox 804 1937 872 1974; x_wconf 84' lang='grc' dir='ltr'>Καὶ</span> <span class='ocrx_word' id='word_1_205' title='bbox 888 1937 1091 1988; x_wconf 77' lang='grc' dir='ltr'>συγχέωμεν</span> 
     </span>
     <span class='ocr_line' id='line_1_27' title="bbox 70 2005 1093 2063; baseline 0.003 -21"><span class='ocrx_word' id='word_1_206' title='bbox 70 2008 194 2053; x_wconf 81' lang='grc' dir='ltr'>αὐτῶν,</span> <span class='ocrx_word' id='word_1_207' title='bbox 214 2007 316 2058; x_wconf 72' lang='grc' dir='ltr'>φησὶ,</span> <span class='ocrx_word' id='word_1_208' title='bbox 331 2006 393 2053; x_wconf 78' lang='grc' dir='ltr'>τὴν</span> <span class='ocrx_word' id='word_1_209' title='bbox 412 2008 583 2057; x_wconf 80' lang='grc' dir='ltr'>γλῶτταν,</span> <span class='ocrx_word' id='word_1_210' title='bbox 598 2005 653 2044; x_wconf 77' lang='grc' dir='ltr'>ἵνα</span> <span class='ocrx_word' id='word_1_211' title='bbox 673 2006 722 2063; x_wconf 80' lang='grc' dir='ltr'>μὴ</span> <span class='ocrx_word' id='word_1_212' title='bbox 738 2006 931 2046; x_wconf 83' lang='grc' dir='ltr'>ἀκούσωσιν</span> <span class='ocrx_word' id='word_1_213' title='bbox 948 2006 1093 2051; x_wconf 80' lang='grc' dir='ltr'>ἕκαστος</span> 
     </span>
     <span class='ocr_line' id='line_1_28' title="bbox 68 2075 1089 2130; baseline 0 -18"><span class='ocrx_word' id='word_1_214' title='bbox 68 2080 129 2122; x_wconf 78' lang='grc' dir='ltr'>τῆς</span> <span class='ocrx_word' id='word_1_215' title='bbox 156 2080 270 2128; x_wconf 70' lang='grc' dir='ltr'>φωνῆς</span> <span class='ocrx_word' id='word_1_216' title='bbox 293 2080 352 2115; x_wconf 77' lang='grc' dir='ltr'>τοῦ</span> <span class='ocrx_word' id='word_1_217' title='bbox 379 2076 549 2123; x_wconf 80' lang='grc' dir='ltr'>πλησίον·</span> <span class='ocrx_word' id='word_1_218' title='bbox 573 2077 629 2115; x_wconf 83' lang='grc' dir='ltr'>ἵνα</span> <span class='ocrx_word' id='word_1_219' title='bbox 647 2077 767 2130; x_wconf 85' lang='grc' dir='ltr'>ὥσπερ</span> <span class='ocrx_word' id='word_1_220' title='bbox 786 2080 807 2123; x_wconf 86' lang='grc' dir='ltr'>ἡ</span> <span class='ocrx_word' id='word_1_221' title='bbox 828 2075 1006 2128; x_wconf 77' lang='grc' dir='ltr'>ὃμοφωνία</span> <span class='ocrx_word' id='word_1_222' title='bbox 1026 2076 1089 2123; x_wconf 71' lang='grc' dir='ltr'>τὴν</span> 
     </span>
     <span class='ocr_line' id='line_1_29' title="bbox 69 2145 1088 2199; baseline 0 -16"><span class='ocrx_word' id='word_1_223' title='bbox 69 2146 266 2193; x_wconf 87' lang='grc' dir='ltr'>συνοίκησιν</span> <span class='ocrx_word' id='word_1_224' title='bbox 285 2147 474 2197; x_wconf 77' lang='grc' dir='ltr'>εἰργάζετο,</span> <span class='ocrx_word' id='word_1_225' title='bbox 489 2146 596 2190; x_wconf 77' lang='grc' dir='ltr'>οὕτως</span> <span class='ocrx_word' id='word_1_226' title='bbox 608 2151 630 2193; x_wconf 83' lang='grc' dir='ltr'>ἡ</span> <span class='ocrx_word' id='word_1_227' title='bbox 648 2146 814 2198; x_wconf 86' lang='grc' dir='ltr'>διαίρεσις</span> <span class='ocrx_word' id='word_1_228' title='bbox 825 2150 887 2194; x_wconf 82' lang='grc' dir='ltr'>τῆς</span> <span class='ocrx_word' id='word_1_229' title='bbox 901 2149 1016 2199; x_wconf 77' lang='grc' dir='ltr'>φωνῆς</span> <span class='ocrx_word' id='word_1_230' title='bbox 1026 2145 1088 2193; x_wconf 78' lang='grc' dir='ltr'>τὴν</span> 
     </span>
     <span class='ocr_line' id='line_1_30' title="bbox 66 2215 1088 2270; baseline 0.001 -18"><span class='ocrx_word' id='word_1_231' title='bbox 66 2216 256 2270; x_wconf 78' lang='grc' dir='ltr'>διασπορὰν</span> <span class='ocrx_word' id='word_1_232' title='bbox 287 2218 402 2259; x_wconf 83' lang='grc' dir='ltr'>αὐτοῖς</span> <span class='ocrx_word' id='word_1_233' title='bbox 434 2216 694 2268; x_wconf 81' lang='grc' dir='ltr'>κατασκευάσῃ.</span> <span class='ocrx_word' id='word_1_234' title='bbox 716 2219 762 2255; x_wconf 84' lang='grc' dir='ltr'>Οἱ</span> <span class='ocrx_word' id='word_1_235' title='bbox 801 2216 849 2268; x_wconf 83' lang='grc' dir='ltr'>μὴ</span> <span class='ocrx_word' id='word_1_236' title='bbox 886 2215 950 2263; x_wconf 83' lang='grc' dir='ltr'>τὴν</span> <span class='ocrx_word' id='word_1_237' title='bbox 981 2215 1088 2263; x_wconf 77' lang='grc' dir='ltr'>αὐτὴν</span> 
     </span>
     <span class='ocr_line' id='line_1_31' title="bbox 65 2284 1088 2337; baseline 0.001 -14"><span class='ocrx_word' id='word_1_238' title='bbox 65 2285 200 2337; x_wconf 75' lang='grc' dir='ltr'>ἔχοντες</span> <span class='ocrx_word' id='word_1_239' title='bbox 220 2285 336 2336; x_wconf 76' lang='grc' dir='ltr'>φωνὴν</span> <span class='ocrx_word' id='word_1_240' title='bbox 364 2285 424 2324; x_wconf 79' lang='grc' dir='ltr'>καὶ</span> <span class='ocrx_word' id='word_1_241' title='bbox 449 2284 610 2334; x_wconf 84' lang='grc' dir='ltr'>διάλεξιν,</span> <span class='ocrx_word' id='word_1_242' title='bbox 635 2289 710 2330; x_wconf 86' lang='grc' dir='ltr'>πῶς</span> <span class='ocrx_word' id='word_1_243' title='bbox 744 2287 784 2323; x_wconf 78' lang='grc' dir='ltr'>ἂν</span> <span class='ocrx_word' id='word_1_244' title='bbox 811 2285 979 2332; x_wconf 81' lang='grc' dir='ltr'>ἠδύναντο</span> <span class='ocrx_word' id='word_1_245' title='bbox 997 2285 1088 2324; x_wconf 78' lang='grc' dir='ltr'>κατὰ</span> 
     </span>
     <span class='ocr_line' id='line_1_32' title="bbox 63 2355 1088 2409; baseline 0.003 -17"><span class='ocrx_word' id='word_1_246' title='bbox 63 2356 168 2394; x_wconf 81' lang='grc' dir='ltr'>ταύτὸ</span> <span class='ocrx_word' id='word_1_247' title='bbox 184 2357 311 2402; x_wconf 81' lang='grc' dir='ltr'>οἷκεῖν;</span> <span class='ocrx_word' id='word_1_248' title='bbox 331 2355 400 2393; x_wconf 75' lang='grc' dir='ltr'>Καὶ</span> <span class='ocrx_word' id='word_1_249' title='bbox 423 2355 616 2408; x_wconf 80' lang='grc' dir='ltr'>διέσπειρεν</span> <span class='ocrx_word' id='word_1_250' title='bbox 643 2356 785 2403; x_wconf 75' lang='grc' dir='ltr'>αὐτοὺς,</span> <span class='ocrx_word' id='word_1_251' title='bbox 811 2356 912 2409; x_wconf 74' lang='grc' dir='ltr'>φησὶ,</span> <span class='ocrx_word' id='word_1_252' title='bbox 931 2355 1056 2409; x_wconf 89' lang='grc' dir='ltr'>Κύριος</span> <span class='ocrx_word' id='word_1_253' title='bbox 1070 2360 1088 2395; x_wconf 83' lang='grc' dir='ltr'>ὁ</span> 
     </span>
     <span class='ocr_line' id='line_1_33' title="bbox 64 2420 1087 2473; baseline 0.003 -15"><span class='ocrx_word' id='word_1_254' title='bbox 64 2421 153 2463; x_wconf 82' lang='grc' dir='ltr'>Θεὸς</span> <span class='ocrx_word' id='word_1_255' title='bbox 184 2422 311 2458; x_wconf 81' lang='grc' dir='ltr'>ἐκεῖθεν</span> <span class='ocrx_word' id='word_1_256' title='bbox 336 2421 418 2459; x_wconf 55' lang='grc' dir='ltr'>ῧέπὶ</span> <span class='ocrx_word' id='word_1_257' title='bbox 446 2420 636 2472; x_wconf 85' lang='grc' dir='ltr'>προσώπου</span> <span class='ocrx_word' id='word_1_258' title='bbox 674 2422 790 2468; x_wconf 84' lang='grc' dir='ltr'>πάσης</span> <span class='ocrx_word' id='word_1_259' title='bbox 821 2426 884 2469; x_wconf 85' lang='grc' dir='ltr'>τῆς</span> <span class='ocrx_word' id='word_1_260' title='bbox 913 2425 996 2473; x_wconf 86' lang='grc' dir='ltr'>γῆς,</span> <span class='ocrx_word' id='word_1_261' title='bbox 1027 2422 1087 2461; x_wconf 84' lang='grc' dir='ltr'>καὶ</span> 
     </span>
     <span class='ocr_line' id='line_1_34' title="bbox 64 2488 1086 2545; baseline 0.004 -19"><span class='ocrx_word' id='word_1_262' title='bbox 64 2488 261 2527; x_wconf 81' lang='grc' dir='ltr'>ἐπαύσαντο</span> <span class='ocrx_word' id='word_1_263' title='bbox 288 2490 545 2540; x_wconf 76' lang='grc' dir='ltr'>οἰκοδομοῦντες</span> <span class='ocrx_word' id='word_1_264' title='bbox 573 2490 635 2537; x_wconf 75' lang='grc' dir='ltr'>τὴν</span> <span class='ocrx_word' id='word_1_265' title='bbox 662 2491 763 2531; x_wconf 84' lang='grc' dir='ltr'>πόλιν</span> <span class='ocrx_word' id='word_1_266' title='bbox 792 2491 852 2530; x_wconf 79' lang='grc' dir='ltr'>καὶ</span> <span class='ocrx_word' id='word_1_267' title='bbox 870 2492 928 2531; x_wconf 92' lang='grc' dir='ltr'>τὸν</span> <span class='ocrx_word' id='word_1_268' title='bbox 943 2491 1086 2545; x_wconf 83' lang='grc' dir='ltr'>πύργον.</span> 
     </span>
     <span class='ocr_line' id='line_1_35' title="bbox 64 2558 1086 2614; baseline 0.004 -17"><span class='ocrx_word' id='word_1_269' title='bbox 64 2558 158 2611; x_wconf 73' lang='grc' dir='ltr'>”Ορα</span> <span class='ocrx_word' id='word_1_270' title='bbox 178 2559 356 2598; x_wconf 85' lang='grc' dir='ltr'>Δεσπότου</span> <span class='ocrx_word' id='word_1_271' title='bbox 371 2562 643 2614; x_wconf 78' lang='grc' dir='ltr'>φιλανθρωπίαν,</span> <span class='ocrx_word' id='word_1_272' title='bbox 669 2564 717 2606; x_wconf 84' lang='grc' dir='ltr'>εἷς</span> <span class='ocrx_word' id='word_1_273' title='bbox 729 2562 812 2609; x_wconf 76' lang='grc' dir='ltr'>ὅσην</span> <span class='ocrx_word' id='word_1_274' title='bbox 829 2561 951 2607; x_wconf 77' lang='grc' dir='ltr'>αὐτοὺς</span> <span class='ocrx_word' id='word_1_275' title='bbox 967 2563 1086 2602; x_wconf 60' lang='lat' dir='ltr'>{ve-{622-</span> 
     </span>
     <span class='ocr_line' id='line_1_36' title="bbox 62 2628 1085 2682; baseline 0.006 -18"><span class='ocrx_word' id='word_1_276' title='bbox 62 2629 118 2665; x_wconf 87' lang='grc' dir='ltr'>λεν</span> <span class='ocrx_word' id='word_1_277' title='bbox 133 2628 345 2681; x_wconf 74' lang='grc' dir='ltr'>ἀμηχανίαν.</span> <span class='ocrx_word' id='word_1_278' title='bbox 368 2630 436 2668; x_wconf 83' lang='grc' dir='ltr'>Καὶ</span> <span class='ocrx_word' id='word_1_279' title='bbox 463 2630 531 2682; x_wconf 80' lang='grc' dir='ltr'>γὰρ</span> <span class='ocrx_word' id='word_1_280' title='bbox 548 2631 769 2682; x_wconf 80' lang='grc' dir='ltr'>μαινομένοις</span> <span class='ocrx_word' id='word_1_281' title='bbox 786 2631 907 2670; x_wconf 88' lang='grc' dir='ltr'>λοιπὸν</span> <span class='ocrx_word' id='word_1_282' title='bbox 921 2632 1085 2672; x_wconf 89' lang='grc' dir='ltr'>ἐοίκασιν.</span> 
     </span>
     <span class='ocr_line' id='line_1_37' title="bbox 62 2693 1087 2752; baseline 0.007 -18"><span class='ocrx_word' id='word_1_283' title='bbox 62 2693 107 2734; x_wconf 81' lang='lat' dir='ltr'>‘O</span> <span class='ocrx_word' id='word_1_284' title='bbox 129 2695 192 2747; x_wconf 83' lang='grc' dir='ltr'>μὲν</span> <span class='ocrx_word' id='word_1_285' title='bbox 225 2697 410 2736; x_wconf 83' lang='grc' dir='ltr'>ἐπέταττεν</span> <span class='ocrx_word' id='word_1_286' title='bbox 434 2698 562 2750; x_wconf 78' lang='grc' dir='ltr'>ἕτερον,</span> <span class='ocrx_word' id='word_1_287' title='bbox 583 2703 601 2738; x_wconf 84' lang='grc' dir='ltr'>ὁ</span> <span class='ocrx_word' id='word_1_288' title='bbox 621 2698 656 2738; x_wconf 79' lang='grc' dir='ltr'>δὲ</span> <span class='ocrx_word' id='word_1_289' title='bbox 681 2703 796 2752; x_wconf 82' lang='grc' dir='ltr'>ἕτερον</span> <span class='ocrx_word' id='word_1_290' title='bbox 822 2701 998 2741; x_wconf 76' lang='grc' dir='ltr'>ἐπεδίδου·</span> <span class='ocrx_word' id='word_1_291' title='bbox 1027 2703 1087 2741; x_wconf 83' lang='grc' dir='ltr'>καὶ</span> 
     </span>
     <span class='ocr_line' id='line_1_38' title="bbox 61 2763 1087 2823; baseline 0.008 -21"><span class='ocrx_word' id='word_1_292' title='bbox 61 2764 225 2810; x_wconf 82' lang='grc' dir='ltr'>ἀνόνητος</span> <span class='ocrx_word' id='word_1_293' title='bbox 254 2768 367 2810; x_wconf 84' lang='grc' dir='ltr'>αὐτοῖς</span> <span class='ocrx_word' id='word_1_294' title='bbox 387 2768 507 2806; x_wconf 90' lang='grc' dir='ltr'>λοιπὸν</span> <span class='ocrx_word' id='word_1_295' title='bbox 535 2763 577 2815; x_wconf 75' lang='grc' dir='ltr'>ῆν</span> <span class='ocrx_word' id='word_1_296' title='bbox 607 2776 706 2809; x_wconf 81' lang='grc' dir='ltr'>πᾶσα</span> <span class='ocrx_word' id='word_1_297' title='bbox 725 2773 746 2817; x_wconf 78' lang='grc' dir='ltr'>ἡ</span> <span class='ocrx_word' id='word_1_298' title='bbox 767 2770 997 2823; x_wconf 78' lang='grc' dir='ltr'>ἐπιχείρησις.</span> <span class='ocrx_word' id='word_1_299' title='bbox 1023 2772 1087 2810; x_wconf 93' lang='grc' dir='ltr'>Διὸ</span> 
     </span>
     <span class='ocr_line' id='line_1_39' title="bbox 61 2833 1085 2894; baseline 0.011 -24"><span class='ocrx_word' id='word_1_300' title='bbox 61 2833 132 2871; x_wconf 81' lang='grc' dir='ltr'>Καὶ</span> <span class='ocrx_word' id='word_1_301' title='bbox 148 2833 342 2874; x_wconf 82' lang='grc' dir='ltr'>ἐπαύσαντο</span> <span class='ocrx_word' id='word_1_302' title='bbox 357 2837 618 2888; x_wconf 79' lang='grc' dir='ltr'>οἰκοδομοῦντες</span> <span class='ocrx_word' id='word_1_303' title='bbox 636 2838 699 2886; x_wconf 70' lang='grc' dir='ltr'>τὴν</span> <span class='ocrx_word' id='word_1_304' title='bbox 714 2839 816 2879; x_wconf 88' lang='grc' dir='ltr'>πόλιν</span> <span class='ocrx_word' id='word_1_305' title='bbox 836 2841 896 2879; x_wconf 85' lang='grc' dir='ltr'>καὶ</span> <span class='ocrx_word' id='word_1_306' title='bbox 916 2841 974 2879; x_wconf 88' lang='grc' dir='ltr'>τὸν</span> <span class='ocrx_word' id='word_1_307' title='bbox 993 2841 1085 2894; x_wconf 90' lang='grc' dir='ltr'>πύρ-</span> 
     </span>
     <span class='ocr_line' id='line_1_40' title="bbox 60 2902 1087 2964; baseline 0.011 -24"><span class='ocrx_word' id='word_1_308' title='bbox 60 2918 132 2953; x_wconf 87' lang='grc' dir='ltr'>γον.</span> <span class='ocrx_word' id='word_1_309' title='bbox 149 2902 217 2942; x_wconf 71' lang='grc' dir='ltr'>Δια</span> <span class='ocrx_word' id='word_1_310' title='bbox 234 2908 334 2943; x_wconf 77' lang='grc' dir='ltr'>τοῦτο</span> <span class='ocrx_word' id='word_1_311' title='bbox 353 2907 482 2955; x_wconf 80' lang='grc' dir='ltr'>ἐκλήθη</span> <span class='ocrx_word' id='word_1_312' title='bbox 498 2908 537 2947; x_wconf 86' lang='grc' dir='ltr'>τὸ</span> <span class='ocrx_word' id='word_1_313' title='bbox 556 2909 664 2960; x_wconf 87' lang='grc' dir='ltr'>ὄνομα</span> <span class='ocrx_word' id='word_1_314' title='bbox 691 2913 814 2958; x_wconf 80' lang='grc' dir='ltr'>αὐτῆς,</span> <span class='ocrx_word' id='word_1_315' title='bbox 830 2911 1015 2964; x_wconf 76' lang='grc' dir='ltr'>σύγχυσις·</span> <span class='ocrx_word' id='word_1_316' title='bbox 1031 2912 1087 2952; x_wconf 72' lang='grc' dir='ltr'>ὅτι</span> 
     </span>
     <span class='ocr_line' id='line_1_41' title="bbox 60 2974 1085 3035; baseline 0.012 -24"><span class='ocrx_word' id='word_1_317' title='bbox 60 2975 132 3012; x_wconf 82' lang='grc' dir='ltr'>ἐκεῖ</span> <span class='ocrx_word' id='word_1_318' title='bbox 148 2974 288 3027; x_wconf 79' lang='grc' dir='ltr'>συνέχεε</span> <span class='ocrx_word' id='word_1_319' title='bbox 305 2975 429 3028; x_wconf 82' lang='grc' dir='ltr'>Κύριος</span> <span class='ocrx_word' id='word_1_320' title='bbox 450 2980 468 3015; x_wconf 82' lang='grc' dir='ltr'>ὁ</span> <span class='ocrx_word' id='word_1_321' title='bbox 493 2979 583 3023; x_wconf 84' lang='grc' dir='ltr'>Θεὸς</span> <span class='ocrx_word' id='word_1_322' title='bbox 599 2980 642 3018; x_wconf 80' lang='grc' dir='ltr'>τὰ</span> <span class='ocrx_word' id='word_1_323' title='bbox 657 2981 758 3034; x_wconf 80' lang='grc' dir='ltr'>χείλη</span> <span class='ocrx_word' id='word_1_324' title='bbox 780 2981 898 3029; x_wconf 90' lang='grc' dir='ltr'>πάσης</span> <span class='ocrx_word' id='word_1_325' title='bbox 915 2985 978 3028; x_wconf 85' lang='grc' dir='ltr'>τῆς</span> <span class='ocrx_word' id='word_1_326' title='bbox 996 2986 1060 3035; x_wconf 78' lang='grc' dir='ltr'>γῆς</span> <span class='ocrx_word' id='word_1_327' title='bbox 1077 2999 1085 3006; x_wconf 88' lang='grc'>·</span> 
     </span>
     <span class='ocr_line' id='line_1_42' title="bbox 60 3042 1085 3101; baseline 0.008 -21"><span class='ocrx_word' id='word_1_328' title='bbox 60 3042 119 3081; x_wconf 81' lang='grc' dir='ltr'>καὶ</span> <span class='ocrx_word' id='word_1_329' title='bbox 138 3044 266 3082; x_wconf 85' lang='grc' dir='ltr'>ἐκεῖθεν</span> <span class='ocrx_word' id='word_1_330' title='bbox 279 3044 472 3098; x_wconf 79' lang='grc' dir='ltr'>διέσπειρεν</span> <span class='ocrx_word' id='word_1_331' title='bbox 488 3047 611 3092; x_wconf 82' lang='grc' dir='ltr'>αὐτοὺς</span> <span class='ocrx_word' id='word_1_332' title='bbox 629 3048 753 3101; x_wconf 89' lang='grc' dir='ltr'>Κύριος</span> <span class='ocrx_word' id='word_1_333' title='bbox 766 3054 784 3088; x_wconf 82' lang='grc' dir='ltr'>ὁ</span> <span class='ocrx_word' id='word_1_334' title='bbox 798 3049 887 3094; x_wconf 88' lang='grc' dir='ltr'>Θεὸς</span> <span class='ocrx_word' id='word_1_335' title='bbox 897 3049 955 3088; x_wconf 79' lang='grc' dir='ltr'>ἐπὶ</span> <span class='ocrx_word' id='word_1_336' title='bbox 967 3049 1085 3098; x_wconf 86' lang='grc' dir='ltr'>πάσης</span> 
     </span>
     <span class='ocr_line' id='line_1_43' title="bbox 58 3114 1082 3171; baseline 0.007 -21"><span class='ocrx_word' id='word_1_337' title='bbox 58 3114 120 3158; x_wconf 83' lang='grc' dir='ltr'>τῆς</span> <span class='ocrx_word' id='word_1_338' title='bbox 151 3115 225 3164; x_wconf 82' lang='grc' dir='ltr'>γῆς.</span> <span class='ocrx_word' id='word_1_339' title='bbox 262 3114 395 3152; x_wconf 82' lang='grc' dir='ltr'>Σκόπει</span> <span class='ocrx_word' id='word_1_340' title='bbox 422 3115 515 3155; x_wconf 87' lang='grc' dir='ltr'>πόσα</span> <span class='ocrx_word' id='word_1_341' title='bbox 547 3117 696 3168; x_wconf 88' lang='grc' dir='ltr'>γίνεται,</span> <span class='ocrx_word' id='word_1_342' title='bbox 730 3118 821 3158; x_wconf 88' lang='grc' dir='ltr'>ὥστε</span> <span class='ocrx_word' id='word_1_343' title='bbox 855 3118 918 3166; x_wconf 82' lang='grc' dir='ltr'>τὴν</span> <span class='ocrx_word' id='word_1_344' title='bbox 940 3119 1082 3171; x_wconf 79' lang='grc' dir='ltr'>μνήμην</span> 
     </span>
     <span class='ocr_line' id='line_1_44' title="bbox 59 3179 1079 3239; baseline 0.013 -25"><span class='ocrx_word' id='word_1_345' title='bbox 59 3179 163 3217; x_wconf 78' lang='grc' dir='ltr'>παντὶ</span> <span class='ocrx_word' id='word_1_346' title='bbox 182 3183 233 3232; x_wconf 83' lang='grc' dir='ltr'>τῷ</span> <span class='ocrx_word' id='word_1_347' title='bbox 262 3183 362 3220; x_wconf 80' lang='grc' dir='ltr'>αἰῶνι</span> <span class='ocrx_word' id='word_1_348' title='bbox 394 3186 765 3237; x_wconf 84' lang='grc' dir='ltr'>συμπαρεκτείνεσθαι.</span> <span class='ocrx_word' id='word_1_349' title='bbox 796 3189 944 3239; x_wconf 82' lang='grc' dir='ltr'>Πρῶτον</span> <span class='ocrx_word' id='word_1_350' title='bbox 970 3187 1032 3239; x_wconf 88' lang='grc' dir='ltr'>μὲν</span> <span class='ocrx_word' id='word_1_351' title='bbox 1057 3191 1079 3235; x_wconf 86' lang='grc' dir='ltr'>ἡ</span> 
     </span>
    </p>
   </div>
   <div class='ocr_carea' id='block_1_6' title="bbox 58 3247 1076 3308">
    <p class='ocr_par' dir='ltr' id='par_1_6' title="bbox 58 3247 1076 3308">
     <span class='ocr_line' id='line_1_45' title="bbox 58 3247 1076 3308; baseline 0.012 -24"><span class='ocrx_word' id='word_1_352' title='bbox 58 3249 126 3285; x_wconf 82' lang='grc' dir='ltr'>τῶν</span> <span class='ocrx_word' id='word_1_353' title='bbox 148 3247 314 3299; x_wconf 80' lang='grc' dir='ltr'>γλωσσῶν</span> <span class='ocrx_word' id='word_1_354' title='bbox 334 3252 517 3305; x_wconf 87' lang='grc' dir='ltr'>διαίρεσις,</span> <span class='ocrx_word' id='word_1_355' title='bbox 541 3257 671 3305; x_wconf 81' lang='grc' dir='ltr'>μᾶλλον</span> <span class='ocrx_word' id='word_1_356' title='bbox 693 3255 728 3295; x_wconf 81' lang='grc' dir='ltr'>δὲ</span> <span class='ocrx_word' id='word_1_357' title='bbox 746 3255 806 3294; x_wconf 77' lang='grc' dir='ltr'>καὶ</span> <span class='ocrx_word' id='word_1_358' title='bbox 829 3257 896 3308; x_wconf 90' lang='grc' dir='ltr'>πρὸ</span> <span class='ocrx_word' id='word_1_359' title='bbox 914 3257 1035 3296; x_wconf 87' lang='grc' dir='ltr'>τούτου</span> <span class='ocrx_word' id='word_1_360' title='bbox 1054 3261 1076 3304; x_wconf 85' lang='grc' dir='ltr'>ἡ</span> 
     </span>
    </p>
   </div>
   <div class='ocr_carea' id='block_1_7' title="bbox 1023 195 1182 226">
    <p class='ocr_par' dir='ltr' id='par_1_7' title="bbox 1023 195 1182 226">
     <span class='ocr_line' id='line_1_46' title="bbox 1023 195 1182 226; baseline 0.006 -1"><span class='ocrx_word' id='word_1_361' title='bbox 1023 195 1182 226; x_wconf 78' lang='grc' dir='ltr'><strong>ΟΕΝΕΞ.</strong></span> 
     </span>
    </p>
   </div>
   <div class='ocr_carea' id='block_1_8' title="bbox 1220 187 2127 248">
    <p class='ocr_par' dir='ltr' id='par_1_8' title="bbox 1220 187 2127 248">
     <span class='ocr_line' id='line_1_47' title="bbox 1220 187 2127 248; baseline 0.004 -22"><span class='ocrx_word' id='word_1_362' title='bbox 1220 196 1376 226; x_wconf 71' lang='lat' dir='ltr'>nomn„</span> <span class='ocrx_word' id='word_1_363' title='bbox 1416 197 1526 227; x_wconf 74' lang='lat' dir='ltr'>xxx.</span> <span class='ocrx_word' id='word_1_364' title='bbox 2036 187 2127 248; x_wconf 65' lang='lat'>349</span> 
     </span>
    </p>
   </div>
   <div class='ocr_carea' id='block_1_9' title="bbox 1112 278 2130 2832">
    <p class='ocr_par' dir='ltr' id='par_1_9' title="bbox 1112 278 2130 2832">
     <span class='ocr_line' id='line_1_48' title="bbox 1176 278 2127 331; baseline 0.002 -15"><span class='ocrx_word' id='word_1_365' title='bbox 1176 280 1322 331; x_wconf 89' lang='lat' dir='ltr'>Opusne</span> <span class='ocrx_word' id='word_1_366' title='bbox 1339 278 1447 316; x_wconf 85' lang='lat' dir='ltr'>habet</span> <span class='ocrx_word' id='word_1_367' title='bbox 1472 279 1717 331; x_wconf 74' lang='lat' dir='ltr'>cooperatione</span> <span class='ocrx_word' id='word_1_368' title='bbox 1750 279 1926 317; x_wconf 84' lang='lat' dir='ltr'>Dominus</span> <span class='ocrx_word' id='word_1_369' title='bbox 1947 281 1990 317; x_wconf 85' lang='lat' dir='ltr'>ad</span> <span class='ocrx_word' id='word_1_370' title='bbox 2013 296 2127 318; x_wconf 77' lang='lat' dir='ltr'>eorre-</span> 
     </span>
     <span class='ocr_line' id='line_1_49' title="bbox 1176 336 2128 378; baseline 0.002 -2"><span class='ocrx_word' id='word_1_371' title='bbox 1176 339 1351 377; x_wconf 76' lang='lat' dir='ltr'>ctionem?</span> <span class='ocrx_word' id='word_1_372' title='bbox 1366 354 1410 378; x_wconf 89' lang='lat' dir='ltr'>an</span> <span class='ocrx_word' id='word_1_373' title='bbox 1426 339 1587 378; x_wconf 86' lang='lat' dir='ltr'>subsidio</span> <span class='ocrx_word' id='word_1_374' title='bbox 1605 339 1651 377; x_wconf 88' lang='lat' dir='ltr'>ad</span> <span class='ocrx_word' id='word_1_375' title='bbox 1665 336 1810 377; x_wconf 90' lang='lat' dir='ltr'>illorum</span> <span class='ocrx_word' id='word_1_376' title='bbox 1827 339 2101 378; x_wconf 87' lang='lat' dir='ltr'>destructionem</span> <span class='ocrx_word' id='word_1_377' title='bbox 2111 344 2128 378; x_wconf 65' lang='grc' dir='ltr'>ἶ)</span> 
     </span>
     <span class='ocr_line' id='line_1_50' title="bbox 1179 399 2129 453; baseline 0 -15"><span class='ocrx_word' id='word_1_378' title='bbox 1179 399 1292 438; x_wconf 76' lang='lat' dir='ltr'>Absit.</span> <span class='ocrx_word' id='word_1_379' title='bbox 1311 400 1382 439; x_wconf 82' lang='lat' dir='ltr'>Sed</span> <span class='ocrx_word' id='word_1_380' title='bbox 1405 401 1495 439; x_wconf 86' lang='lat' dir='ltr'>sicut</span> <span class='ocrx_word' id='word_1_381' title='bbox 1515 401 1589 453; x_wconf 88' lang='lat' dir='ltr'>jam</span> <span class='ocrx_word' id='word_1_382' title='bbox 1612 400 1708 439; x_wconf 83' lang='lat' dir='ltr'>dixit</span> <span class='ocrx_word' id='word_1_383' title='bbox 1723 400 1909 453; x_wconf 82' lang='lat' dir='ltr'>Scriptura</span> <span class='ocrx_word' id='word_1_384' title='bbox 1929 416 1936 437; x_wconf 76' lang='grc' dir='ltr'>ε</span> <span class='ocrx_word' id='word_1_385' title='bbox 1957 402 2129 439; x_wconf 85' lang='lat' dir='ltr'>Descen-</span> 
     </span>
     <span class='ocr_line' id='line_1_51' title="bbox 1177 460 2130 513; baseline 0.003 -16"><span class='ocrx_word' id='word_1_386' title='bbox 1177 461 1234 498; x_wconf 84' lang='lat' dir='ltr'>dit</span> <span class='ocrx_word' id='word_1_387' title='bbox 1261 462 1453 499; x_wconf 83' lang='lat' dir='ltr'>Dominus</span> <span class='ocrx_word' id='word_1_388' title='bbox 1466 477 1477 498; x_wconf 92' lang='lat'>.·</span> <span class='ocrx_word' id='word_1_389' title='bbox 1493 460 1623 500; x_wconf 83' lang='lat' dir='ltr'>docens</span> <span class='ocrx_word' id='word_1_390' title='bbox 1639 475 1702 499; x_wconf 90' lang='lat' dir='ltr'>nos</span> <span class='ocrx_word' id='word_1_391' title='bbox 1722 475 1784 513; x_wconf 87' lang='lat' dir='ltr'>per</span> <span class='ocrx_word' id='word_1_392' title='bbox 1805 461 1871 499; x_wconf 89' lang='lat' dir='ltr'>hoc</span> <span class='ocrx_word' id='word_1_393' title='bbox 1893 475 1929 499; x_wconf 92' lang='lat' dir='ltr'>se</span> <span class='ocrx_word' id='word_1_394' title='bbox 1947 461 2130 500; x_wconf 79' lang='lat' dir='ltr'>evidenter</span> 
     </span>
     <span class='ocr_line' id='line_1_52' title="bbox 1176 520 2129 573; baseline 0.003 -16"><span class='ocrx_word' id='word_1_395' title='bbox 1176 520 1322 558; x_wconf 76' lang='lat' dir='ltr'>malitia:</span> <span class='ocrx_word' id='word_1_396' title='bbox 1359 521 1504 560; x_wconf 89' lang='lat' dir='ltr'>illorum</span> <span class='ocrx_word' id='word_1_397' title='bbox 1536 522 1820 573; x_wconf 79' lang='lat' dir='ltr'>magnitudinem</span> <span class='ocrx_word' id='word_1_398' title='bbox 1849 522 2074 560; x_wconf 80' lang='lat' dir='ltr'>vidissezita</span> <span class='ocrx_word' id='word_1_399' title='bbox 2096 532 2129 560; x_wconf 87' lang='lat' dir='ltr'>et</span> 
     </span>
     <span class='ocr_line' id='line_1_53' title="bbox 1175 579 2130 629; baseline 0.004 -12"><span class='ocrx_word' id='word_1_400' title='bbox 1175 579 1233 617; x_wconf 84' lang='lat' dir='ltr'>hic</span> <span class='ocrx_word' id='word_1_401' title='bbox 1260 581 1381 619; x_wconf 89' lang='lat' dir='ltr'>dicit:</span> <span class='ocrx_word' id='word_1_402' title='bbox 1411 584 1560 629; x_wconf 82' lang='lat' dir='ltr'>Venite,</span> <span class='ocrx_word' id='word_1_403' title='bbox 1589 592 1625 621; x_wconf 80' lang='lat' dir='ltr'>et</span> <span class='ocrx_word' id='word_1_404' title='bbox 1661 584 1949 622; x_wconf 80' lang='lat' dir='ltr'><strong><em>descendentes.</em></strong></span> <span class='ocrx_word' id='word_1_405' title='bbox 1982 583 2130 621; x_wconf 84' lang='lat' dir='ltr'>Dictum</span> 
     </span>
     <span class='ocr_line' id='line_1_54' title="bbox 1174 641 2126 698; baseline 0.006 -20"><span class='ocrx_word' id='word_1_406' title='bbox 1174 641 1271 679; x_wconf 80' lang='lat' dir='ltr'>liaud</span> <span class='ocrx_word' id='word_1_407' title='bbox 1299 642 1410 681; x_wconf 88' lang='lat' dir='ltr'>dubie</span> <span class='ocrx_word' id='word_1_408' title='bbox 1439 653 1490 682; x_wconf 89' lang='lat' dir='ltr'>est</span> <span class='ocrx_word' id='word_1_409' title='bbox 1512 658 1575 682; x_wconf 90' lang='lat' dir='ltr'>ceu</span> <span class='ocrx_word' id='word_1_410' title='bbox 1597 645 1643 683; x_wconf 91' lang='lat' dir='ltr'>ad</span> <span class='ocrx_word' id='word_1_411' title='bbox 1675 645 1808 683; x_wconf 83' lang='lat' dir='ltr'>honore</span> <span class='ocrx_word' id='word_1_412' title='bbox 1834 660 1950 698; x_wconf 89' lang='lat' dir='ltr'>pares.</span> <span class='ocrx_word' id='word_1_413' title='bbox 1976 647 2126 691; x_wconf 81' lang='lat' dir='ltr'>Venite,</span> 
     </span>
     <span class='ocr_line' id='line_1_55' title="bbox 1176 701 2130 759; baseline 0.007 -21"><span class='ocrx_word' id='word_1_414' title='bbox 1176 701 1306 752; x_wconf 82' lang='lat' dir='ltr'>inquit,</span> <span class='ocrx_word' id='word_1_415' title='bbox 1325 712 1360 741; x_wconf 82' lang='lat' dir='ltr'>et</span> <span class='ocrx_word' id='word_1_416' title='bbox 1375 705 1648 744; x_wconf 78' lang='lat' dir='ltr'>descendentes</span> <span class='ocrx_word' id='word_1_417' title='bbox 1663 708 1951 759; x_wconf 80' lang='lat' dir='ltr'>confundamus</span> <span class='ocrx_word' id='word_1_418' title='bbox 1971 708 2130 745; x_wconf 83' lang='lat' dir='ltr'>illorum</span> 
     </span>
     <span class='ocr_line' id='line_1_56' title="bbox 1177 763 2128 819; baseline 0.007 -19"><span class='ocrx_word' id='word_1_419' title='bbox 1177 763 1347 815; x_wconf 79' lang='lat' dir='ltr'>linguas,</span> <span class='ocrx_word' id='word_1_420' title='bbox 1385 774 1426 802; x_wconf 80' lang='lat' dir='ltr'>ut</span> <span class='ocrx_word' id='word_1_421' title='bbox 1455 780 1502 803; x_wconf 84' lang='lat' dir='ltr'>ne</span> <span class='ocrx_word' id='word_1_422' title='bbox 1531 767 1668 803; x_wconf 84' lang='lat' dir='ltr'>audiat</span> <span class='ocrx_word' id='word_1_423' title='bbox 1701 771 1964 819; x_wconf 84' lang='lat' dir='ltr'>unusquisque</span> <span class='ocrx_word' id='word_1_424' title='bbox 1993 784 2128 807; x_wconf 76' lang='lat' dir='ltr'>vocem</span> 
     </span>
     <span class='ocr_line' id='line_1_57' title="bbox 1173 824 2127 879; baseline 0.007 -19"><span class='ocrx_word' id='word_1_425' title='bbox 1173 827 1354 874; x_wconf 76' lang='lat' dir='ltr'>proximi.</span> <span class='ocrx_word' id='word_1_426' title='bbox 1364 824 1690 873; x_wconf 82' lang='lat' dir='ltr'>Quemadmodum,</span> <span class='ocrx_word' id='word_1_427' title='bbox 1703 827 1832 876; x_wconf 91' lang='lat' dir='ltr'>iuquit,</span> <span class='ocrx_word' id='word_1_428' title='bbox 1844 828 1989 879; x_wconf 86' lang='lat' dir='ltr'>cippum</span> <span class='ocrx_word' id='word_1_429' title='bbox 2006 844 2127 879; x_wconf 89' lang='lat' dir='ltr'>quem-</span> 
     </span>
     <span class='ocr_line' id='line_1_58' title="bbox 1175 882 2127 939; baseline 0.007 -19"><span class='ocrx_word' id='word_1_430' title='bbox 1175 882 1259 921; x_wconf 90' lang='lat' dir='ltr'>dam</span> <span class='ocrx_word' id='word_1_431' title='bbox 1283 894 1517 937; x_wconf 84' lang='lat' dir='ltr'>perpetuum,</span> <span class='ocrx_word' id='word_1_432' title='bbox 1532 886 1638 923; x_wconf 85' lang='lat' dir='ltr'>talem</span> <span class='ocrx_word' id='word_1_433' title='bbox 1654 886 1726 923; x_wconf 88' lang='lat' dir='ltr'>illis</span> <span class='ocrx_word' id='word_1_434' title='bbox 1743 895 1859 924; x_wconf 85' lang='lat' dir='ltr'>statuo</span> <span class='ocrx_word' id='word_1_435' title='bbox 1875 902 2015 939; x_wconf 86' lang='lat' dir='ltr'>poenam</span> <span class='ocrx_word' id='word_1_436' title='bbox 2032 891 2127 927; x_wconf 90' lang='lat' dir='ltr'>omni</span> 
     </span>
     <span class='ocr_line' id='line_1_59' title="bbox 1174 945 2127 999; baseline 0.005 -18"><span class='ocrx_word' id='word_1_437' title='bbox 1174 945 1302 983; x_wconf 82' lang='lat' dir='ltr'>saeculo</span> <span class='ocrx_word' id='word_1_438' title='bbox 1318 945 1543 993; x_wconf 84' lang='lat' dir='ltr'>duraturam,</span> <span class='ocrx_word' id='word_1_439' title='bbox 1570 956 1608 984; x_wconf 88' lang='lat' dir='ltr'>ut</span> <span class='ocrx_word' id='word_1_440' title='bbox 1629 946 1729 984; x_wconf 91' lang='lat' dir='ltr'>nullo</span> <span class='ocrx_word' id='word_1_441' title='bbox 1755 956 1913 999; x_wconf 89' lang='lat' dir='ltr'>tempore</span> <span class='ocrx_word' id='word_1_442' title='bbox 1939 948 2015 986; x_wconf 67' lang='lat' dir='ltr'>haec</span> <span class='ocrx_word' id='word_1_443' title='bbox 2030 949 2127 986; x_wconf 87' lang='lat' dir='ltr'>obli-</span> 
     </span>
     <span class='ocr_line' id='line_1_60' title="bbox 1173 1005 2125 1059; baseline 0.004 -16"><span class='ocrx_word' id='word_1_444' title='bbox 1173 1005 1367 1045; x_wconf 85' lang='lat' dir='ltr'>viscantur.</span> <span class='ocrx_word' id='word_1_445' title='bbox 1380 1008 1472 1045; x_wconf 88' lang='lat' dir='ltr'>Nam</span> <span class='ocrx_word' id='word_1_446' title='bbox 1487 1007 1570 1059; x_wconf 88' lang='lat' dir='ltr'>quia</span> <span class='ocrx_word' id='word_1_447' title='bbox 1589 1007 1694 1045; x_wconf 85' lang='lat' dir='ltr'>abusi</span> <span class='ocrx_word' id='word_1_448' title='bbox 1713 1017 1797 1046; x_wconf 90' lang='lat' dir='ltr'>sunt</span> <span class='ocrx_word' id='word_1_449' title='bbox 1813 1009 1909 1047; x_wconf 82' lang='lat' dir='ltr'>vocis</span> <span class='ocrx_word' id='word_1_450' title='bbox 1924 1010 2125 1057; x_wconf 84' lang='lat' dir='ltr'>concordia,</span> 
     </span>
     <span class='ocr_line' id='line_1_61' title="bbox 1172 1065 2127 1120; baseline 0.004 -16"><span class='ocrx_word' id='word_1_451' title='bbox 1172 1065 1252 1104; x_wconf 90' lang='lat' dir='ltr'>ideo</span> <span class='ocrx_word' id='word_1_452' title='bbox 1265 1068 1364 1106; x_wconf 79' lang='lat' dir='ltr'>vocis</span> <span class='ocrx_word' id='word_1_453' title='bbox 1378 1068 1586 1106; x_wconf 76' lang='lat' dir='ltr'>diversitate</span> <span class='ocrx_word' id='word_1_454' title='bbox 1595 1069 1760 1120; x_wconf 84' lang='lat' dir='ltr'>castigari</span> <span class='ocrx_word' id='word_1_455' title='bbox 1775 1083 1833 1106; x_wconf 90' lang='lat' dir='ltr'>eos</span> <span class='ocrx_word' id='word_1_456' title='bbox 1853 1070 1948 1108; x_wconf 64' lang='lat' dir='ltr'>volo.</span> <span class='ocrx_word' id='word_1_457' title='bbox 1962 1070 2021 1107; x_wconf 80' lang='lat' dir='ltr'>Sic</span> <span class='ocrx_word' id='word_1_458' title='bbox 2033 1071 2127 1108; x_wconf 88' lang='lat' dir='ltr'>enim</span> 
     </span>
     <span class='ocr_line' id='line_1_62' title="bbox 1171 1127 2126 1178; baseline 0.005 -14"><span class='ocrx_word' id='word_1_459' title='bbox 1171 1127 1305 1178; x_wconf 89' lang='lat' dir='ltr'>ubique</span> <span class='ocrx_word' id='word_1_460' title='bbox 1323 1129 1436 1167; x_wconf 86' lang='lat' dir='ltr'>facere</span> <span class='ocrx_word' id='word_1_461' title='bbox 1455 1130 1639 1168; x_wconf 90' lang='lat' dir='ltr'>consuevit</span> <span class='ocrx_word' id='word_1_462' title='bbox 1654 1130 1844 1169; x_wconf 85' lang='lat' dir='ltr'>Dominus.</span> <span class='ocrx_word' id='word_1_463' title='bbox 1861 1130 1939 1168; x_wconf 88' lang='lat' dir='ltr'>Hoc</span> <span class='ocrx_word' id='word_1_464' title='bbox 1960 1131 2005 1168; x_wconf 88' lang='lat' dir='ltr'>ab</span> <span class='ocrx_word' id='word_1_465' title='bbox 2026 1131 2126 1169; x_wconf 87' lang='lat' dir='ltr'>initio</span> 
     </span>
     <span class='ocr_line' id='line_1_63' title="bbox 1170 1189 2124 1230; baseline 0.004 -4"><span class='ocrx_word' id='word_1_466' title='bbox 1170 1189 1262 1227; x_wconf 90' lang='lat' dir='ltr'>circa</span> <span class='ocrx_word' id='word_1_467' title='bbox 1279 1191 1467 1228; x_wconf 89' lang='lat' dir='ltr'>mulierem</span> <span class='ocrx_word' id='word_1_468' title='bbox 1487 1191 1620 1229; x_wconf 88' lang='lat' dir='ltr'>factum</span> <span class='ocrx_word' id='word_1_469' title='bbox 1640 1201 1691 1229; x_wconf 89' lang='lat' dir='ltr'>est</span> <span class='ocrx_word' id='word_1_470' title='bbox 1709 1207 1716 1228; x_wconf 92' lang='lat'><strong>:</strong></span> <span class='ocrx_word' id='word_1_471' title='bbox 1733 1191 1948 1229; x_wconf 84' lang='lat' dir='ltr'>abutebatur</span> <span class='ocrx_word' id='word_1_472' title='bbox 1967 1192 2027 1230; x_wconf 89' lang='lat' dir='ltr'>illa</span> <span class='ocrx_word' id='word_1_473' title='bbox 2055 1193 2124 1230; x_wconf 77' lang='lat' dir='ltr'>lio—</span> 
     </span>
     <span class='ocr_line' id='line_1_64' title="bbox 1169 1252 2125 1305; baseline 0.004 -17"><span class='ocrx_word' id='word_1_474' title='bbox 1169 1265 1254 1289; x_wconf 88' lang='lat' dir='ltr'>nore</span> <span class='ocrx_word' id='word_1_475' title='bbox 1274 1265 1451 1302; x_wconf 85' lang='lat' dir='ltr'>eoneesso‚</span> <span class='ocrx_word' id='word_1_476' title='bbox 1470 1252 1565 1291; x_wconf 91' lang='lat' dir='ltr'>unde</span> <span class='ocrx_word' id='word_1_477' title='bbox 1584 1253 1736 1305; x_wconf 84' lang='lat' dir='ltr'>subjecit</span> <span class='ocrx_word' id='word_1_478' title='bbox 1755 1267 1831 1291; x_wconf 89' lang='lat' dir='ltr'>eam</span> <span class='ocrx_word' id='word_1_479' title='bbox 1852 1253 1942 1292; x_wconf 90' lang='lat' dir='ltr'>viro.</span> <span class='ocrx_word' id='word_1_480' title='bbox 1961 1254 2007 1292; x_wconf 89' lang='lat' dir='ltr'>Et</span> <span class='ocrx_word' id='word_1_481' title='bbox 2026 1254 2125 1292; x_wconf 89' lang='lat' dir='ltr'>simi-</span> 
     </span>
     <span class='ocr_line' id='line_1_65' title="bbox 1168 1312 2124 1367; baseline 0.003 -17"><span class='ocrx_word' id='word_1_482' title='bbox 1168 1312 1249 1350; x_wconf 80' lang='lat' dir='ltr'>liter</span> <span class='ocrx_word' id='word_1_483' title='bbox 1268 1312 1352 1351; x_wconf 86' lang='lat' dir='ltr'>Adae</span> <span class='ocrx_word' id='word_1_484' title='bbox 1370 1314 1520 1365; x_wconf 80' lang='lat' dir='ltr'>contigit</span> <span class='ocrx_word' id='word_1_485' title='bbox 1536 1330 1542 1350; x_wconf 94' lang='lat'><strong>:</strong></span> <span class='ocrx_word' id='word_1_486' title='bbox 1561 1314 1643 1365; x_wconf 90' lang='lat' dir='ltr'>quia</span> <span class='ocrx_word' id='word_1_487' title='bbox 1666 1314 1760 1352; x_wconf 87' lang='lat' dir='ltr'>enim</span> <span class='ocrx_word' id='word_1_488' title='bbox 1780 1329 1824 1352; x_wconf 80' lang='lat' dir='ltr'>ex</span> <span class='ocrx_word' id='word_1_489' title='bbox 1843 1314 1954 1352; x_wconf 89' lang='lat' dir='ltr'>multa</span> <span class='ocrx_word' id='word_1_490' title='bbox 1976 1329 2124 1367; x_wconf 88' lang='lat' dir='ltr'>prospe-</span> 
     </span>
     <span class='ocr_line' id='line_1_66' title="bbox 1169 1373 2126 1426; baseline 0.003 -15"><span class='ocrx_word' id='word_1_491' title='bbox 1169 1373 1286 1424; x_wconf 76' lang='lat' dir='ltr'>ritate,</span> <span class='ocrx_word' id='word_1_492' title='bbox 1303 1374 1531 1426; x_wconf 87' lang='lat' dir='ltr'>paradisique</span> <span class='ocrx_word' id='word_1_493' title='bbox 1551 1375 1708 1413; x_wconf 84' lang='lat' dir='ltr'>incolatu</span> <span class='ocrx_word' id='word_1_494' title='bbox 1731 1375 1819 1413; x_wconf 89' lang='lat' dir='ltr'>nihil</span> <span class='ocrx_word' id='word_1_495' title='bbox 1841 1376 1933 1414; x_wconf 89' lang='lat' dir='ltr'>lucri</span> <span class='ocrx_word' id='word_1_496' title='bbox 1952 1376 2047 1424; x_wconf 85' lang='lat' dir='ltr'>fecit,</span> <span class='ocrx_word' id='word_1_497' title='bbox 2064 1376 2126 1414; x_wconf 90' lang='lat' dir='ltr'>sed</span> 
     </span>
     <span class='ocr_line' id='line_1_67' title="bbox 1167 1435 2124 1489; baseline 0.002 -17"><span class='ocrx_word' id='word_1_498' title='bbox 1167 1435 1436 1487; x_wconf 84' lang='lat' dir='ltr'>praevaricando</span> <span class='ocrx_word' id='word_1_499' title='bbox 1456 1449 1567 1488; x_wconf 83' lang='lat' dir='ltr'>poenae</span> <span class='ocrx_word' id='word_1_500' title='bbox 1588 1436 1770 1475; x_wconf 79' lang='lat' dir='ltr'>obnoxius</span> <span class='ocrx_word' id='word_1_501' title='bbox 1791 1447 1843 1475; x_wconf 88' lang='lat' dir='ltr'>est</span> <span class='ocrx_word' id='word_1_502' title='bbox 1868 1437 1994 1486; x_wconf 74' lang='lat' dir='ltr'>factus,</span> <span class='ocrx_word' id='word_1_503' title='bbox 2022 1437 2124 1489; x_wconf 89' lang='lat' dir='ltr'>ejecit</span> 
     </span>
     <span class='ocr_line' id='line_1_68' title="bbox 1168 1496 2125 1550; baseline 0.002 -17"><span class='ocrx_word' id='word_1_504' title='bbox 1168 1510 1250 1534; x_wconf 90' lang='lat' dir='ltr'>eum</span> <span class='ocrx_word' id='word_1_505' title='bbox 1263 1510 1307 1534; x_wconf 76' lang='lat' dir='ltr'>cx</span> <span class='ocrx_word' id='word_1_506' title='bbox 1323 1496 1507 1549; x_wconf 87' lang='lat' dir='ltr'>paradiso;</span> <span class='ocrx_word' id='word_1_507' title='bbox 1522 1506 1555 1535; x_wconf 88' lang='lat' dir='ltr'>et</span> <span class='ocrx_word' id='word_1_508' title='bbox 1569 1512 1712 1550; x_wconf 83' lang='lat' dir='ltr'>poenam</span> <span class='ocrx_word' id='word_1_509' title='bbox 1732 1499 1763 1536; x_wconf 91' lang='lat' dir='ltr'>ei</span> <span class='ocrx_word' id='word_1_510' title='bbox 1781 1507 1990 1550; x_wconf 87' lang='lat' dir='ltr'>perpetuam</span> <span class='ocrx_word' id='word_1_511' title='bbox 2007 1498 2125 1550; x_wconf 91' lang='lat' dir='ltr'>injun-</span> 
     </span>
     <span class='ocr_line' id='line_1_69' title="bbox 1168 1557 2124 1611; baseline 0.002 -17"><span class='ocrx_word' id='word_1_512' title='bbox 1168 1557 1234 1607; x_wconf 82' lang='lat' dir='ltr'>xit,</span> <span class='ocrx_word' id='word_1_513' title='bbox 1253 1557 1374 1596; x_wconf 87' lang='lat' dir='ltr'>dicens</span> <span class='ocrx_word' id='word_1_514' title='bbox 1393 1574 1400 1594; x_wconf 95' lang='lat'><strong>:</strong></span> <span class='ocrx_word' id='word_1_515' title='bbox 1415 1558 1554 1610; x_wconf 86' lang='lat' dir='ltr'>Spinas</span> <span class='ocrx_word' id='word_1_516' title='bbox 1570 1567 1605 1596; x_wconf 81' lang='lat' dir='ltr'>et</span> <span class='ocrx_word' id='word_1_517' title='bbox 1623 1560 1784 1597; x_wconf 80' lang='lat' dir='ltr'>tribulos</span> <span class='ocrx_word' id='word_1_518' title='bbox 1798 1561 2033 1611; x_wconf 80' lang='lat' dir='ltr'>germinabit</span> <span class='ocrx_word' id='word_1_519' title='bbox 2053 1561 2124 1596; x_wconf 83' lang='lat' dir='ltr'>tibi</span> 
     </span>
     <span class='ocr_line' id='line_1_70' title="bbox 1168 1619 2124 1672; baseline 0.002 -16"><span class='ocrx_word' id='word_1_520' title='bbox 1168 1628 1283 1656; x_wconf 80' lang='lat' dir='ltr'>terra.</span> <span class='ocrx_word' id='word_1_521' title='bbox 1312 1619 1451 1657; x_wconf 88' lang='lat' dir='ltr'>Horum</span> <span class='ocrx_word' id='word_1_522' title='bbox 1483 1634 1624 1671; x_wconf 84' lang='lat' dir='ltr'>quoque</span> <span class='ocrx_word' id='word_1_523' title='bbox 1660 1620 1808 1658; x_wconf 85' lang='lat' dir='ltr'>malitiae</span> <span class='ocrx_word' id='word_1_524' title='bbox 1848 1635 2009 1669; x_wconf 90' lang='lat' dir='ltr'>cursum,</span> <span class='ocrx_word' id='word_1_525' title='bbox 2039 1621 2124 1672; x_wconf 85' lang='lat' dir='ltr'>quia</span> 
     </span>
     <span class='ocr_line' id='line_1_71' title="bbox 1167 1679 2123 1731; baseline 0.004 -15"><span class='ocrx_word' id='word_1_526' title='bbox 1167 1679 1302 1717; x_wconf 87' lang='lat' dir='ltr'>unitate</span> <span class='ocrx_word' id='word_1_527' title='bbox 1316 1680 1450 1731; x_wconf 82' lang='lat' dir='ltr'>linguae</span> <span class='ocrx_word' id='word_1_528' title='bbox 1470 1680 1647 1730; x_wconf 84' lang='lat' dir='ltr'>honorati,</span> <span class='ocrx_word' id='word_1_529' title='bbox 1663 1681 1798 1719; x_wconf 87' lang='lat' dir='ltr'>honore</span> <span class='ocrx_word' id='word_1_530' title='bbox 1817 1696 1981 1720; x_wconf 90' lang='lat' dir='ltr'>concesso</span> <span class='ocrx_word' id='word_1_531' title='bbox 2001 1682 2036 1719; x_wconf 94' lang='lat' dir='ltr'>in</span> <span class='ocrx_word' id='word_1_532' title='bbox 2052 1697 2123 1720; x_wconf 86' lang='lat' dir='ltr'>ma-</span> 
     </span>
     <span class='ocr_line' id='line_1_72' title="bbox 1166 1740 2122 1794; baseline 0.002 -16"><span class='ocrx_word' id='word_1_533' title='bbox 1166 1740 1240 1778; x_wconf 93' lang='lat' dir='ltr'>lum</span> <span class='ocrx_word' id='word_1_534' title='bbox 1260 1741 1514 1788; x_wconf 85' lang='lat' dir='ltr'>abutebantur,</span> <span class='ocrx_word' id='word_1_535' title='bbox 1531 1743 1630 1780; x_wconf 89' lang='lat' dir='ltr'>Deus</span> <span class='ocrx_word' id='word_1_536' title='bbox 1648 1757 1712 1794; x_wconf 88' lang='lat' dir='ltr'>per</span> <span class='ocrx_word' id='word_1_537' title='bbox 1735 1742 1943 1794; x_wconf 85' lang='lat' dir='ltr'>linguarum</span> <span class='ocrx_word' id='word_1_538' title='bbox 1963 1743 2122 1780; x_wconf 73' lang='lat' dir='ltr'>varieta-</span> 
     </span>
     <span class='ocr_line' id='line_1_73' title="bbox 1167 1802 2122 1855; baseline 0.002 -17"><span class='ocrx_word' id='word_1_539' title='bbox 1167 1810 1237 1839; x_wconf 86' lang='lat' dir='ltr'>tem</span> <span class='ocrx_word' id='word_1_540' title='bbox 1266 1802 1441 1841; x_wconf 83' lang='lat' dir='ltr'>cohibuit.</span> <span class='ocrx_word' id='word_1_541' title='bbox 1464 1804 1518 1840; x_wconf 84' lang='lat' dir='ltr'>Et</span> <span class='ocrx_word' id='word_1_542' title='bbox 1539 1804 1844 1855; x_wconf 70' lang='lat' dir='ltr'>confundamus,</span> <span class='ocrx_word' id='word_1_543' title='bbox 1870 1803 2006 1854; x_wconf 85' lang='lat' dir='ltr'>inquit,</span> <span class='ocrx_word' id='word_1_544' title='bbox 2027 1804 2122 1841; x_wconf 89' lang='lat' dir='ltr'>illo-</span> 
     </span>
     <span class='ocr_line' id='line_1_74' title="bbox 1118 1864 2124 1917; baseline 0.003 -18"><span class='ocrx_word' id='word_1_545' title='bbox 1118 1876 1142 1904; x_wconf 70' lang='grc' dir='ltr'>Α</span> <span class='ocrx_word' id='word_1_546' title='bbox 1166 1876 1252 1900; x_wconf 89' lang='lat' dir='ltr'>rum</span> <span class='ocrx_word' id='word_1_547' title='bbox 1289 1864 1464 1915; x_wconf 84' lang='lat' dir='ltr'>linguam</span> <span class='ocrx_word' id='word_1_548' title='bbox 1481 1894 1491 1912; x_wconf 90' lang='lat'><em>,</em></span> <span class='ocrx_word' id='word_1_549' title='bbox 1526 1872 1567 1902; x_wconf 78' lang='lat' dir='ltr'>ut</span> <span class='ocrx_word' id='word_1_550' title='bbox 1602 1878 1648 1901; x_wconf 88' lang='lat' dir='ltr'>ne</span> <span class='ocrx_word' id='word_1_551' title='bbox 1684 1866 1823 1902; x_wconf 83' lang='lat' dir='ltr'>audiat</span> <span class='ocrx_word' id='word_1_552' title='bbox 1859 1867 2124 1917; x_wconf 82' lang='lat' dir='ltr'>unusquisque</span> 
     </span>
     <span class='ocr_line' id='line_1_75' title="bbox 1164 1925 2121 1976; baseline 0.002 -16"><span class='ocrx_word' id='word_1_553' title='bbox 1164 1937 1300 1961; x_wconf 83' lang='lat' dir='ltr'>vocem</span> <span class='ocrx_word' id='word_1_554' title='bbox 1314 1927 1484 1976; x_wconf 76' lang='lat' dir='ltr'>proximi</span> <span class='ocrx_word' id='word_1_555' title='bbox 1502 1940 1512 1960; x_wconf 90' lang='lat'><em>:</em></span> <span class='ocrx_word' id='word_1_556' title='bbox 1531 1933 1570 1962; x_wconf 88' lang='lat' dir='ltr'>ut</span> <span class='ocrx_word' id='word_1_557' title='bbox 1590 1925 1680 1963; x_wconf 88' lang='lat' dir='ltr'>sicut</span> <span class='ocrx_word' id='word_1_558' title='bbox 1709 1925 1840 1976; x_wconf 77' lang='lat' dir='ltr'>lingua:</span> <span class='ocrx_word' id='word_1_559' title='bbox 1862 1926 1979 1963; x_wconf 86' lang='lat' dir='ltr'>unitas</span> <span class='ocrx_word' id='word_1_560' title='bbox 1997 1935 2121 1964; x_wconf 90' lang='lat' dir='ltr'>contu-</span> 
     </span>
     <span class='ocr_line' id='line_1_76' title="bbox 1163 1984 2117 2039; baseline 0.002 -17"><span class='ocrx_word' id='word_1_561' title='bbox 1163 1984 1329 2023; x_wconf 85' lang='lat' dir='ltr'>bernium</span> <span class='ocrx_word' id='word_1_562' title='bbox 1350 1986 1448 2035; x_wconf 83' lang='lat' dir='ltr'>fecit,</span> <span class='ocrx_word' id='word_1_563' title='bbox 1477 1986 1525 2023; x_wconf 87' lang='lat' dir='ltr'>ita</span> <span class='ocrx_word' id='word_1_564' title='bbox 1547 1985 1679 2036; x_wconf 77' lang='lat' dir='ltr'>lingua:</span> <span class='ocrx_word' id='word_1_565' title='bbox 1710 1985 1898 2024; x_wconf 83' lang='lat' dir='ltr'>diversitas</span> <span class='ocrx_word' id='word_1_566' title='bbox 1920 1986 2117 2039; x_wconf 84' lang='lat' dir='ltr'>dispergat.</span> 
     </span>
     <span class='ocr_line' id='line_1_77' title="bbox 1163 2047 2120 2100; baseline 0.002 -16"><span class='ocrx_word' id='word_1_567' title='bbox 1163 2047 1255 2085; x_wconf 90' lang='lat' dir='ltr'>Nam</span> <span class='ocrx_word' id='word_1_568' title='bbox 1275 2047 1406 2098; x_wconf 90' lang='lat' dir='ltr'>quibus</span> <span class='ocrx_word' id='word_1_569' title='bbox 1427 2060 1497 2084; x_wconf 91' lang='lat' dir='ltr'>non</span> <span class='ocrx_word' id='word_1_570' title='bbox 1513 2056 1564 2084; x_wconf 88' lang='lat' dir='ltr'>est</span> <span class='ocrx_word' id='word_1_571' title='bbox 1583 2047 1679 2085; x_wconf 88' lang='lat' dir='ltr'>idem</span> <span class='ocrx_word' id='word_1_572' title='bbox 1698 2062 1812 2085; x_wconf 91' lang='lat' dir='ltr'>sermo</span> <span class='ocrx_word' id='word_1_573' title='bbox 1829 2057 1862 2085; x_wconf 89' lang='lat' dir='ltr'>et</span> <span class='ocrx_word' id='word_1_574' title='bbox 1878 2048 2014 2100; x_wconf 79' lang='lat' dir='ltr'>lingua,</span> <span class='ocrx_word' id='word_1_575' title='bbox 2031 2062 2120 2099; x_wconf 87' lang='lat' dir='ltr'>quo-</span> 
     </span>
     <span class='ocr_line' id='line_1_78' title="bbox 1163 2107 2120 2161; baseline 0.003 -16"><span class='ocrx_word' id='word_1_576' title='bbox 1163 2107 1270 2145; x_wconf 91' lang='lat' dir='ltr'>modo</span> <span class='ocrx_word' id='word_1_577' title='bbox 1295 2107 1403 2145; x_wconf 89' lang='lat' dir='ltr'>simul</span> <span class='ocrx_word' id='word_1_578' title='bbox 1430 2107 1593 2145; x_wconf 85' lang='lat' dir='ltr'>habitare</span> <span class='ocrx_word' id='word_1_579' title='bbox 1617 2109 1794 2160; x_wconf 76' lang='lat' dir='ltr'>possunt?</span> <span class='ocrx_word' id='word_1_580' title='bbox 1812 2108 1848 2147; x_wconf 87' lang='lat'>8.</span> <span class='ocrx_word' id='word_1_581' title='bbox 1866 2110 1919 2146; x_wconf 82' lang='lat' dir='ltr'>Et</span> <span class='ocrx_word' id='word_1_582' title='bbox 1940 2110 2120 2161; x_wconf 80' lang='lat' dir='ltr'>dispersit</span> 
     </span>
     <span class='ocr_line' id='line_1_79' title="bbox 1163 2168 2120 2219; baseline 0.004 -14"><span class='ocrx_word' id='word_1_583' title='bbox 1163 2169 1265 2215; x_wconf 85' lang='lat' dir='ltr'>illos,</span> <span class='ocrx_word' id='word_1_584' title='bbox 1287 2168 1417 2219; x_wconf 83' lang='lat' dir='ltr'>inquit,</span> <span class='ocrx_word' id='word_1_585' title='bbox 1438 2170 1631 2206; x_wconf 85' lang='lat' dir='ltr'>Dominus</span> <span class='ocrx_word' id='word_1_586' title='bbox 1663 2170 1771 2207; x_wconf 87' lang='lat' dir='ltr'>Deus</span> <span class='ocrx_word' id='word_1_587' title='bbox 1791 2172 1841 2206; x_wconf 86' lang='lat' dir='ltr'>ab</span> <span class='ocrx_word' id='word_1_588' title='bbox 1863 2171 1934 2207; x_wconf 85' lang='lat' dir='ltr'>illo</span> <span class='ocrx_word' id='word_1_589' title='bbox 1955 2172 2038 2209; x_wconf 90' lang='lat' dir='ltr'>loco</span> <span class='ocrx_word' id='word_1_590' title='bbox 2057 2185 2120 2209; x_wconf 86' lang='lat' dir='ltr'>su-</span> 
     </span>
     <span class='ocr_line' id='line_1_80' title="bbox 1158 2230 2119 2282; baseline 0.003 -16"><span class='ocrx_word' id='word_1_591' title='bbox 1158 2243 1228 2281; x_wconf 89' lang='lat' dir='ltr'>per</span> <span class='ocrx_word' id='word_1_592' title='bbox 1243 2230 1398 2282; x_wconf 80' lang='lat' dir='ltr'>faciem</span> <span class='ocrx_word' id='word_1_593' title='bbox 1429 2232 1622 2268; x_wconf 69' lang='lat' dir='ltr'>universae</span> <span class='ocrx_word' id='word_1_594' title='bbox 1651 2239 1776 2277; x_wconf 73' lang='lat' dir='ltr'>terrie,</span> <span class='ocrx_word' id='word_1_595' title='bbox 1806 2240 1842 2268; x_wconf 85' lang='lat' dir='ltr'>et</span> <span class='ocrx_word' id='word_1_596' title='bbox 1873 2242 2119 2270; x_wconf 79' lang='lat' dir='ltr'>cessaverunt</span> 
     </span>
     <span class='ocr_line' id='line_1_81' title="bbox 1163 2291 2119 2343; baseline 0.004 -16"><span class='ocrx_word' id='word_1_597' title='bbox 1163 2291 1404 2343; x_wconf 65' lang='lat' dir='ltr'>aedificantes</span> <span class='ocrx_word' id='word_1_598' title='bbox 1436 2294 1635 2329; x_wconf 82' lang='lat' dir='ltr'>civitatem</span> <span class='ocrx_word' id='word_1_599' title='bbox 1670 2301 1706 2330; x_wconf 85' lang='lat' dir='ltr'>et</span> <span class='ocrx_word' id='word_1_600' title='bbox 1746 2295 1895 2331; x_wconf 84' lang='lat' dir='ltr'>turrim.</span> <span class='ocrx_word' id='word_1_601' title='bbox 1927 2293 2119 2332; x_wconf 84' lang='lat' dir='ltr'>Considera</span> 
     </span>
     <span class='ocr_line' id='line_1_82' title="bbox 1161 2351 2120 2404; baseline 0.003 -15"><span class='ocrx_word' id='word_1_602' title='bbox 1161 2351 1308 2389; x_wconf 90' lang='lat' dir='ltr'>Domini</span> <span class='ocrx_word' id='word_1_603' title='bbox 1330 2351 1626 2403; x_wconf 84' lang='lat' dir='ltr'>miscricordiam,</span> <span class='ocrx_word' id='word_1_604' title='bbox 1645 2353 1681 2390; x_wconf 89' lang='lat' dir='ltr'>in</span> <span class='ocrx_word' id='word_1_605' title='bbox 1701 2362 1871 2404; x_wconf 90' lang='lat' dir='ltr'>quantam</span> <span class='ocrx_word' id='word_1_606' title='bbox 1886 2354 1997 2392; x_wconf 89' lang='lat' dir='ltr'>animi</span> <span class='ocrx_word' id='word_1_607' title='bbox 2016 2355 2120 2392; x_wconf 67' lang='lat' dir='ltr'>haesi-</span> 
     </span>
     <span class='ocr_line' id='line_1_83' title="bbox 1160 2412 2118 2468; baseline 0.004 -18"><span class='ocrx_word' id='word_1_608' title='bbox 1160 2412 1327 2450; x_wconf 84' lang='lat' dir='ltr'>tationem</span> <span class='ocrx_word' id='word_1_609' title='bbox 1347 2413 1443 2466; x_wconf 89' lang='lat' dir='ltr'>ipsos</span> <span class='ocrx_word' id='word_1_610' title='bbox 1469 2414 1626 2466; x_wconf 87' lang='lat' dir='ltr'>impulit.</span> <span class='ocrx_word' id='word_1_611' title='bbox 1654 2415 1863 2453; x_wconf 84' lang='lat' dir='ltr'>Amentibus</span> <span class='ocrx_word' id='word_1_612' title='bbox 1883 2415 1975 2453; x_wconf 88' lang='lat' dir='ltr'>enim</span> <span class='ocrx_word' id='word_1_613' title='bbox 1998 2425 2118 2468; x_wconf 85' lang='lat' dir='ltr'>postea</span> 
     </span>
     <span class='ocr_line' id='line_1_84' title="bbox 1159 2473 2113 2528; baseline 0.004 -18"><span class='ocrx_word' id='word_1_614' title='bbox 1159 2473 1295 2511; x_wconf 89' lang='lat' dir='ltr'>similes</span> <span class='ocrx_word' id='word_1_615' title='bbox 1317 2474 1476 2511; x_wconf 85' lang='lat' dir='ltr'>fuerunt.</span> <span class='ocrx_word' id='word_1_616' title='bbox 1500 2474 1546 2511; x_wconf 88' lang='lat' dir='ltr'>Et</span> <span class='ocrx_word' id='word_1_617' title='bbox 1567 2474 1627 2512; x_wconf 88' lang='lat' dir='ltr'>ille</span> <span class='ocrx_word' id='word_1_618' title='bbox 1646 2475 1795 2525; x_wconf 90' lang='lat' dir='ltr'>quidem</span> <span class='ocrx_word' id='word_1_619' title='bbox 1812 2476 2011 2528; x_wconf 85' lang='lat' dir='ltr'>imperabat</span> <span class='ocrx_word' id='word_1_620' title='bbox 2032 2477 2113 2521; x_wconf 82' lang='lat' dir='ltr'>hoc,</span> 
     </span>
     <span class='ocr_line' id='line_1_85' title="bbox 1160 2535 2117 2588; baseline 0.003 -16"><span class='ocrx_word' id='word_1_621' title='bbox 1160 2543 1194 2572; x_wconf 89' lang='lat' dir='ltr'>et</span> <span class='ocrx_word' id='word_1_622' title='bbox 1229 2535 1321 2573; x_wconf 91' lang='lat' dir='ltr'>alius</span> <span class='ocrx_word' id='word_1_623' title='bbox 1353 2535 1606 2587; x_wconf 87' lang='lat' dir='ltr'>suppeditabat</span> <span class='ocrx_word' id='word_1_624' title='bbox 1645 2537 1746 2574; x_wconf 90' lang='lat' dir='ltr'>aliud</span> <span class='ocrx_word' id='word_1_625' title='bbox 1763 2553 1774 2586; x_wconf 85' lang='lat'>;</span> <span class='ocrx_word' id='word_1_626' title='bbox 1809 2537 2018 2588; x_wconf 85' lang='lat' dir='ltr'>inutilisque</span> <span class='ocrx_word' id='word_1_627' title='bbox 2049 2539 2117 2575; x_wconf 86' lang='lat' dir='ltr'>fuit</span> 
     </span>
     <span class='ocr_line' id='line_1_86' title="bbox 1160 2596 2115 2636; baseline 0.002 -2"><span class='ocrx_word' id='word_1_628' title='bbox 1160 2596 1275 2634; x_wconf 88' lang='lat' dir='ltr'>omnis</span> <span class='ocrx_word' id='word_1_629' title='bbox 1292 2597 1438 2635; x_wconf 91' lang='lat' dir='ltr'>illorum</span> <span class='ocrx_word' id='word_1_630' title='bbox 1459 2605 1626 2635; x_wconf 88' lang='lat' dir='ltr'>conatus:</span> <span class='ocrx_word' id='word_1_631' title='bbox 1645 2597 1726 2636; x_wconf 90' lang='lat' dir='ltr'>idco</span> <span class='ocrx_word' id='word_1_632' title='bbox 1744 2600 2001 2636; x_wconf 76' lang='lat' dir='ltr'>cessaverunt</span> <span class='ocrx_word' id='word_1_633' title='bbox 2025 2600 2115 2636; x_wconf 83' lang='lat' dir='ltr'>aedi-</span> 
     </span>
     <span class='ocr_line' id='line_1_87' title="bbox 1148 2657 2116 2710; baseline 0.002 -16"><span class='ocrx_word' id='word_1_634' title='bbox 1148 2657 1280 2710; x_wconf 81' lang='lat' dir='ltr'>ficare</span> <span class='ocrx_word' id='word_1_635' title='bbox 1300 2659 1497 2695; x_wconf 79' lang='lat' dir='ltr'>civitatem</span> <span class='ocrx_word' id='word_1_636' title='bbox 1524 2665 1559 2694; x_wconf 84' lang='lat' dir='ltr'>et</span> <span class='ocrx_word' id='word_1_637' title='bbox 1581 2660 1730 2696; x_wconf 83' lang='lat' dir='ltr'>turrim.</span> <span class='ocrx_word' id='word_1_638' title='bbox 1744 2659 1780 2696; x_wconf 80' lang='grc'>9,</span> <span class='ocrx_word' id='word_1_639' title='bbox 1799 2659 1835 2695; x_wconf 91' lang='lat' dir='ltr'><em>E</em></span> <span class='ocrx_word' id='word_1_640' title='bbox 1839 2667 1852 2695; x_wconf 86' lang='lat' dir='ltr'>t</span> <span class='ocrx_word' id='word_1_641' title='bbox 1883 2659 2027 2696; x_wconf 85' lang='lat' dir='ltr'>idcirco</span> <span class='ocrx_word' id='word_1_642' title='bbox 2045 2673 2116 2696; x_wconf 83' lang='lat' dir='ltr'>vo-</span> 
     </span>
     <span class='ocr_line' id='line_1_88' title="bbox 1112 2715 2116 2771; baseline 0.002 -15"><span class='ocrx_word' id='word_1_643' title='bbox 1112 2715 1134 2745; x_wconf 85' lang='grc' dir='ltr'><strong>Β</strong></span> <span class='ocrx_word' id='word_1_644' title='bbox 1159 2727 1290 2756; x_wconf 84' lang='lat' dir='ltr'>catum</span> <span class='ocrx_word' id='word_1_645' title='bbox 1306 2727 1363 2756; x_wconf 87' lang='lat' dir='ltr'>est</span> <span class='ocrx_word' id='word_1_646' title='bbox 1385 2731 1524 2755; x_wconf 87' lang='lat' dir='ltr'>nomen</span> <span class='ocrx_word' id='word_1_647' title='bbox 1550 2719 1674 2764; x_wconf 86' lang='lat' dir='ltr'>illius,</span> <span class='ocrx_word' id='word_1_648' title='bbox 1699 2719 1892 2771; x_wconf 83' lang='lat' dir='ltr'>confusio,</span> <span class='ocrx_word' id='word_1_649' title='bbox 1913 2722 2006 2770; x_wconf 84' lang='lat' dir='ltr'>quia</span> <span class='ocrx_word' id='word_1_650' title='bbox 2033 2720 2116 2758; x_wconf 88' lang='lat' dir='ltr'>illic</span> 
     </span>
     <span class='ocr_line' id='line_1_89' title="bbox 1159 2780 2113 2832; baseline -0.002 -13"><span class='ocrx_word' id='word_1_651' title='bbox 1159 2782 1339 2832; x_wconf 83' lang='lat' dir='ltr'>confudit</span> <span class='ocrx_word' id='word_1_652' title='bbox 1356 2781 1550 2818; x_wconf 88' lang='lat' dir='ltr'>Dominus</span> <span class='ocrx_word' id='word_1_653' title='bbox 1577 2781 1683 2817; x_wconf 87' lang='lat' dir='ltr'>Deus</span> <span class='ocrx_word' id='word_1_654' title='bbox 1704 2780 1811 2817; x_wconf 80' lang='lat' dir='ltr'>labia</span> <span class='ocrx_word' id='word_1_655' title='bbox 1831 2783 1955 2819; x_wconf 84' lang='lat' dir='ltr'>omnis</span> <span class='ocrx_word' id='word_1_656' title='bbox 1979 2790 2113 2819; x_wconf 84' lang='lat' dir='ltr'>terrae:</span> 
     </span>
    </p>
   </div>
   <div class='ocr_carea' id='block_1_10' title="bbox 1126 902 1150 932">
    <p class='ocr_par' dir='ltr' id='par_1_10' title="bbox 1126 902 1150 932">
     <span class='ocr_line' id='line_1_90' title="bbox 1126 902 1150 932; baseline 0 0"><span class='ocrx_word' id='word_1_657' title='bbox 1126 902 1150 932; x_wconf 90' lang='lat' dir='ltr'>E</span> 
     </span>
    </p>
   </div>
   <div class='ocr_carea' id='block_1_11' title="bbox 2144 1565 2328 1595">
    <p class='ocr_par' dir='ltr' id='par_1_11' title="bbox 2144 1565 2328 1595">
     <span class='ocr_line' id='line_1_91' title="bbox 2144 1565 2328 1595; baseline 0.011 -4"><span class='ocrx_word' id='word_1_658' title='bbox 2144 1565 2328 1595; x_wconf 80' lang='lat' dir='ltr'>Gen.3.18.</span> 
     </span>
    </p>
   </div>
   <div class='ocr_carea' id='block_1_12' title="bbox 1158 2842 2162 2893">
    <p class='ocr_par' dir='ltr' id='par_1_12' title="bbox 1158 2842 2162 2893">
     <span class='ocr_line' id='line_1_92' title="bbox 1158 2842 2162 2893; baseline 0.001 -14"><span class='ocrx_word' id='word_1_659' title='bbox 1158 2851 1196 2880; x_wconf 82' lang='lat' dir='ltr'>et</span> <span class='ocrx_word' id='word_1_660' title='bbox 1232 2844 1323 2880; x_wconf 79' lang='lat' dir='ltr'>hinc</span> <span class='ocrx_word' id='word_1_661' title='bbox 1358 2843 1540 2893; x_wconf 82' lang='lat' dir='ltr'>dispersit</span> <span class='ocrx_word' id='word_1_662' title='bbox 1572 2844 1672 2893; x_wconf 86' lang='lat' dir='ltr'>ipsos</span> <span class='ocrx_word' id='word_1_663' title='bbox 1705 2842 1898 2880; x_wconf 87' lang='lat' dir='ltr'>Dominus</span> <span class='ocrx_word' id='word_1_664' title='bbox 1932 2844 2040 2882; x_wconf 86' lang='lat' dir='ltr'>Deus</span> <span class='ocrx_word' id='word_1_665' title='bbox 2073 2847 2115 2881; x_wconf 87' lang='lat' dir='ltr'>in</span> <span class='ocrx_word' id='word_1_666' title='bbox 2153 2855 2162 2860; x_wconf 82' lang='lat'><strong>·</strong></span> 
     </span>
    </p>
   </div>
   <div class='ocr_carea' id='block_1_13' title="bbox 1156 2901 2114 3265">
    <p class='ocr_par' dir='ltr' id='par_1_13' title="bbox 1156 2901 2114 3265">
     <span class='ocr_line' id='line_1_93' title="bbox 1161 2901 2114 2952; baseline 0.001 -11"><span class='ocrx_word' id='word_1_667' title='bbox 1161 2917 1311 2941; x_wconf 87' lang='lat' dir='ltr'>omnem</span> <span class='ocrx_word' id='word_1_668' title='bbox 1329 2912 1485 2941; x_wconf 83' lang='lat' dir='ltr'>terram.</span> <span class='ocrx_word' id='word_1_669' title='bbox 1505 2901 1600 2941; x_wconf 68' lang='lat' dir='ltr'>Vide</span> <span class='ocrx_word' id='word_1_670' title='bbox 1619 2911 1751 2952; x_wconf 89' lang='lat' dir='ltr'>quanta</span> <span class='ocrx_word' id='word_1_671' title='bbox 1771 2902 1870 2951; x_wconf 80' lang='lat' dir='ltr'>(iant,</span> <span class='ocrx_word' id='word_1_672' title='bbox 1887 2913 1924 2942; x_wconf 90' lang='lat' dir='ltr'>ut</span> <span class='ocrx_word' id='word_1_673' title='bbox 1943 2903 2114 2942; x_wconf 83' lang='lat' dir='ltr'>memoria</span> 
     </span>
     <span class='ocr_line' id='line_1_94' title="bbox 1161 2963 2114 3018; baseline 0 -15"><span class='ocrx_word' id='word_1_674' title='bbox 1161 2965 1269 3018; x_wconf 88' lang='lat' dir='ltr'>hujus</span> <span class='ocrx_word' id='word_1_675' title='bbox 1291 2964 1373 3002; x_wconf 86' lang='lat' dir='ltr'>sacti</span> <span class='ocrx_word' id='word_1_676' title='bbox 1396 2964 1430 3001; x_wconf 91' lang='lat' dir='ltr'>in</span> <span class='ocrx_word' id='word_1_677' title='bbox 1453 2963 1571 3001; x_wconf 84' lang='lat' dir='ltr'>omnia</span> <span class='ocrx_word' id='word_1_678' title='bbox 1592 2964 1718 3002; x_wconf 79' lang='lat' dir='ltr'>saecula</span> <span class='ocrx_word' id='word_1_679' title='bbox 1741 2964 1925 3016; x_wconf 79' lang='lat' dir='ltr'>pervadat.</span> <span class='ocrx_word' id='word_1_680' title='bbox 1952 2965 2114 3004; x_wconf 90' lang='lat' dir='ltr'>Primum</span> 
     </span>
     <span class='ocr_line' id='line_1_95' title="bbox 1159 3024 2112 3078; baseline 0 -13"><span class='ocrx_word' id='word_1_681' title='bbox 1159 3027 1365 3078; x_wconf 85' lang='lat' dir='ltr'>linguarum</span> <span class='ocrx_word' id='word_1_682' title='bbox 1399 3025 1440 3062; x_wconf 82' lang='lat' dir='ltr'>fit</span> <span class='ocrx_word' id='word_1_683' title='bbox 1472 3024 1621 3071; x_wconf 58' lang='lat' dir='ltr'>divisim</span> <span class='ocrx_word' id='word_1_684' title='bbox 1654 3025 1726 3062; x_wconf 91' lang='lat' dir='ltr'>imo</span> <span class='ocrx_word' id='word_1_685' title='bbox 1747 3034 1828 3063; x_wconf 90' lang='lat' dir='ltr'>ante</span> <span class='ocrx_word' id='word_1_686' title='bbox 1858 3025 1925 3064; x_wconf 89' lang='lat' dir='ltr'>hoc</span> <span class='ocrx_word' id='word_1_687' title='bbox 1956 3027 2112 3065; x_wconf 88' lang='lat' dir='ltr'>nominis</span> 
     </span>
     <span class='ocr_line' id='line_1_96' title="bbox 1159 3085 2112 3141; baseline 0.001 -16"><span class='ocrx_word' id='word_1_688' title='bbox 1159 3087 1369 3141; x_wconf 84' lang='lat' dir='ltr'>appellatio:</span> <span class='ocrx_word' id='word_1_689' title='bbox 1385 3086 1515 3125; x_wconf 85' lang='lat' dir='ltr'>Phalec</span> <span class='ocrx_word' id='word_1_690' title='bbox 1529 3085 1623 3123; x_wconf 91' lang='lat' dir='ltr'>enim</span> <span class='ocrx_word' id='word_1_691' title='bbox 1638 3100 1779 3134; x_wconf 86' lang='lat' dir='ltr'>nomen,</span> <span class='ocrx_word' id='word_1_692' title='bbox 1795 3087 1890 3138; x_wconf 91' lang='lat' dir='ltr'>quod</span> <span class='ocrx_word' id='word_1_693' title='bbox 1905 3088 2022 3126; x_wconf 87' lang='lat' dir='ltr'>Heber</span> <span class='ocrx_word' id='word_1_694' title='bbox 2036 3087 2112 3126; x_wconf 84' lang='lat' dir='ltr'>filio</span> 
     </span>
     <span class='ocr_line' id='line_1_97' title="bbox 1157 3147 2110 3202; baseline -0.003 -14"><span class='ocrx_word' id='word_1_695' title='bbox 1157 3149 1339 3202; x_wconf 81' lang='lat' dir='ltr'>imposuit,</span> <span class='ocrx_word' id='word_1_696' title='bbox 1359 3147 1582 3200; x_wconf 85' lang='lat' dir='ltr'>partitionem</span> <span class='ocrx_word' id='word_1_697' title='bbox 1599 3147 1788 3199; x_wconf 76' lang='lat' dir='ltr'>significat.</span> <span class='ocrx_word' id='word_1_698' title='bbox 1805 3149 1942 3199; x_wconf 87' lang='lat' dir='ltr'>Deinde</span> <span class='ocrx_word' id='word_1_699' title='bbox 1962 3149 2029 3187; x_wconf 90' lang='lat' dir='ltr'>loci</span> <span class='ocrx_word' id='word_1_700' title='bbox 2049 3165 2110 3202; x_wconf 87' lang='lat' dir='ltr'>ap-</span> 
     </span>
     <span class='ocr_line' id='line_1_98' title="bbox 1156 3209 2110 3265; baseline -0.001 -15"><span class='ocrx_word' id='word_1_701' title='bbox 1156 3210 1521 3265; x_wconf 59' lang='lat' dir='ltr'>pellati02cor÷susio</span> <span class='ocrx_word' id='word_1_702' title='bbox 1550 3209 1646 3247; x_wconf 91' lang='lat' dir='ltr'>enim</span> <span class='ocrx_word' id='word_1_703' title='bbox 1676 3219 1824 3249; x_wconf 79' lang='lat' dir='ltr'>vocatus</span> <span class='ocrx_word' id='word_1_704' title='bbox 1853 3221 1922 3259; x_wconf 88' lang='lat' dir='ltr'>est,</span> <span class='ocrx_word' id='word_1_705' title='bbox 1952 3210 1989 3248; x_wconf 90' lang='lat' dir='ltr'>id</span> <span class='ocrx_word' id='word_1_706' title='bbox 2011 3212 2110 3262; x_wconf 89' lang='lat' dir='ltr'>quod</span> 
     </span>
    </p>
   </div>
   <div class='ocr_carea' id='block_1_14' title="bbox 2141 3232 2314 3269">
    <p class='ocr_par' dir='ltr' id='par_1_14' title="bbox 2141 3232 2314 3269">
     <span class='ocr_line' id='line_1_99' title="bbox 2141 3232 2314 3269; baseline 0.012 -11"><span class='ocrx_word' id='word_1_707' title='bbox 2141 3232 2237 3259; x_wconf 63' lang='lat' dir='ltr'>lidwi-</span> <span class='ocrx_word' id='word_1_708' title='bbox 2252 3235 2314 3269; x_wconf 83' lang='lat' dir='ltr'>pri—</span> 
     </span>
    </p>
   </div>
   <div class='ocr_carea' id='block_1_15' title="bbox 1159 3271 2314 3324">
    <p class='ocr_par' dir='ltr' id='par_1_15' title="bbox 1159 3271 2314 3324">
     <span class='ocr_line' id='line_1_100' title="bbox 1159 3271 2314 3324; baseline -0.003 -13"><span class='ocrx_word' id='word_1_709' title='bbox 1159 3272 1322 3324; x_wconf 83' lang='lat' dir='ltr'>Babylon</span> <span class='ocrx_word' id='word_1_710' title='bbox 1344 3279 1457 3309; x_wconf 89' lang='lat' dir='ltr'>sonat.</span> <span class='ocrx_word' id='word_1_711' title='bbox 1482 3271 1706 3309; x_wconf 87' lang='lat' dir='ltr'>Postremum</span> <span class='ocrx_word' id='word_1_712' title='bbox 1733 3271 1850 3311; x_wconf 85' lang='lat' dir='ltr'>Heber</span> <span class='ocrx_word' id='word_1_713' title='bbox 1875 3272 1949 3324; x_wconf 81' lang='lat' dir='ltr'>ipse</span> <span class='ocrx_word' id='word_1_714' title='bbox 1981 3273 2109 3311; x_wconf 89' lang='lat' dir='ltr'>mansit</span> <span class='ocrx_word' id='word_1_715' title='bbox 2125 3284 2203 3300; x_wconf 54' lang='grc' dir='ltr'>ΜΗ]</span> <span class='ocrx_word' id='word_1_716' title='bbox 2231 3284 2314 3301; x_wconf 76' lang='lat' dir='ltr'>mun-</span> 
     </span>
    </p>
   </div>
   <div class='ocr_carea' id='block_1_16' title="bbox 102 3389 1560 3442">
    <p class='ocr_par' dir='ltr' id='par_1_16' title="bbox 102 3389 1560 3442">
     <span class='ocr_line' id='line_1_101' title="bbox 102 3389 1560 3442; baseline 0.005 -22"><span class='ocrx_word' id='word_1_717' title='bbox 102 3399 114 3413; x_wconf 78' lang='lat'>⁸</span> <span class='ocrx_word' id='word_1_718' title='bbox 140 3389 299 3429; x_wconf 77' lang='lat' dir='ltr'>Quatuor</span> <span class='ocrx_word' id='word_1_719' title='bbox 316 3391 391 3426; x_wconf 68' lang='lat' dir='ltr'>MSS.</span> <span class='ocrx_word' id='word_1_720' title='bbox 412 3393 458 3435; x_wconf 84' lang='lat' dir='ltr'>[et.</span> <span class='ocrx_word' id='word_1_721' title='bbox 471 3393 572 3437; x_wconf 64' lang='lat' dir='ltr'>Bibl]</span> <span class='ocrx_word' id='word_1_722' title='bbox 584 3400 630 3430; x_wconf 74' lang='grc' dir='ltr'>ἐπὶ</span> <span class='ocrx_word' id='word_1_723' title='bbox 647 3403 803 3441; x_wconf 69' lang='grc' dir='ltr'>πρόσωπον</span> <span class='ocrx_word' id='word_1_724' title='bbox 828 3396 920 3430; x_wconf 79' lang='lat' dir='ltr'>Infra</span> <span class='ocrx_word' id='word_1_725' title='bbox 937 3396 1073 3442; x_wconf 86' lang='lat' dir='ltr'>quidam</span> <span class='ocrx_word' id='word_1_726' title='bbox 1089 3403 1278 3442; x_wconf 72' lang='grc' dir='ltr'>μαινομένοις</span> <span class='ocrx_word' id='word_1_727' title='bbox 1297 3400 1395 3431; x_wconf 66' lang='grc' dir='ltr'>λοιπὸν</span> <span class='ocrx_word' id='word_1_728' title='bbox 1412 3399 1560 3438; x_wconf 72' lang='grc' dir='ltr'>ἐῴκεισαν.</span> 
     </span>
    </p>
   </div>
  </div>
 </body>
</html>
