<?xml version="1.0" encoding="UTF-8"?>
<!DOCTYPE html PUBLIC "-//W3C//DTD XHTML 1.0 Transitional//EN"
    "http://www.w3.org/TR/xhtml1/DTD/xhtml1-transitional.dtd">
<html xmlns="http://www.w3.org/1999/xhtml" xml:lang="en" lang="en">
 <head>
  <title>
</title>
<meta http-equiv="Content-Type" content="text/html;charset=utf-8" />
  <meta name='ocr-system' content='tesseract 3.04.00' />
  <meta name='ocr-capabilities' content='ocr_page ocr_carea ocr_par ocr_line ocrx_word'/>
</head>
<body>
  <div class='ocr_page' id='page_1' title='image "./operaomniaquaeex04johnuoft/operaomniaquaeex04johnuoft_0837.png"; bbox 0 0 2516 3791; ppageno 0'>
   <div class='ocr_carea' id='block_1_1' title="bbox 875 210 934 241">
    <p class='ocr_par' dir='ltr' id='par_1_1' title="bbox 875 210 934 241">
     <span class='ocr_line' id='line_1_1' title="bbox 875 210 934 241; baseline 0 0"><span class='ocrx_word' id='word_1_1' title='bbox 875 210 934 241; x_wconf 84' lang='lat' dir='ltr'><strong>DE</strong></span> 
     </span>
    </p>
   </div>
   <div class='ocr_carea' id='block_1_2' title="bbox 80 293 1103 543">
    <p class='ocr_par' dir='ltr' id='par_1_2' title="bbox 82 293 1099 353">
     <span class='ocr_line' id='line_1_2' title="bbox 82 293 1099 353; baseline -0.017 -6"><span class='ocrx_word' id='word_1_2' title='bbox 82 309 138 348; x_wconf 69' lang='grc' dir='ltr'><strong>τοῦ</strong></span> <span class='ocrx_word' id='word_1_3' title='bbox 154 308 205 346; x_wconf 72' lang='lat' dir='ltr'><strong>Os</strong></span> <span class='ocrx_word' id='word_1_4' title='bbox 192 322 246 344; x_wconf 68' lang='grc' dir='ltr'><strong>ςου</strong></span> <span class='ocrx_word' id='word_1_5' title='bbox 270 302 381 351; x_wconf 88' lang='grc' dir='ltr'>πολλὴ</span> <span class='ocrx_word' id='word_1_6' title='bbox 403 304 425 348; x_wconf 84' lang='grc' dir='ltr'>ἡ</span> <span class='ocrx_word' id='word_1_7' title='bbox 443 299 587 353; x_wconf 70' lang='grc' dir='ltr'>ἀμοιῖἱή.</span> <span class='ocrx_word' id='word_1_8' title='bbox 611 298 672 346; x_wconf 77' lang='grc' dir='ltr'><strong>Μὴ</strong></span> <span class='ocrx_word' id='word_1_9' title='bbox 689 297 802 336; x_wconf 78' lang='grc' dir='ltr'>τοίνυν</span> <span class='ocrx_word' id='word_1_10' title='bbox 827 295 1008 347; x_wconf 79' lang='grc' dir='ltr'>ἀλλότριον</span> <span class='ocrx_word' id='word_1_11' title='bbox 1037 293 1099 330; x_wconf 81' lang='grc' dir='ltr'><strong>αὖ·</strong></span> 
     </span>
    </p>

    <p class='ocr_par' dir='ltr' id='par_1_3' title="bbox 80 352 1103 543">
     <span class='ocr_line' id='line_1_3' title="bbox 82 352 1102 417; baseline -0.016 -10"><span class='ocrx_word' id='word_1_12' title='bbox 82 372 148 408; x_wconf 85' lang='grc' dir='ltr'><strong>τῶν</strong></span> <span class='ocrx_word' id='word_1_13' title='bbox 163 361 250 406; x_wconf 79' lang='grc' dir='ltr'>εἶναι</span> <span class='ocrx_word' id='word_1_14' title='bbox 265 365 500 417; x_wconf 81' lang='grc' dir='ltr'>νομιζέτωσαν</span> <span class='ocrx_word' id='word_1_15' title='bbox 515 365 550 401; x_wconf 79' lang='grc' dir='ltr'><strong>αἱ</strong></span> <span class='ocrx_word' id='word_1_16' title='bbox 568 367 728 414; x_wconf 85' lang='grc' dir='ltr'>γυναῖκες</span> <span class='ocrx_word' id='word_1_17' title='bbox 745 359 785 398; x_wconf 83' lang='grc' dir='ltr'><strong>τὸ</strong></span> <span class='ocrx_word' id='word_1_18' title='bbox 799 357 858 397; x_wconf 73' lang='grc' dir='ltr'><strong>καὶ</strong></span> <span class='ocrx_word' id='word_1_19' title='bbox 878 357 1026 403; x_wconf 88' lang='grc' dir='ltr'>θηλειῶν</span> <span class='ocrx_word' id='word_1_20' title='bbox 1043 352 1102 392; x_wconf 79' lang='grc' dir='ltr'><strong>καὶ</strong></span> 
     </span>
     <span class='ocr_line' id='line_1_4' title="bbox 81 414 1103 488; baseline -0.015 -20"><span class='ocrx_word' id='word_1_21' title='bbox 81 430 230 484; x_wconf 71' lang='grc' dir='ltr'>ἀρρένων</span> <span class='ocrx_word' id='word_1_22' title='bbox 251 426 577 478; x_wconf 82' lang='grc' dir='ltr'>ἐπιμελεῖσθαι.οὖ</span> <span class='ocrx_word' id='word_1_23' title='bbox 603 423 671 488; x_wconf 53' lang='lat' dir='ltr'><strong>713th</strong></span> <span class='ocrx_word' id='word_1_24' title='bbox 691 422 857 473; x_wconf 84' lang='grc' dir='ltr'>διέκρινεν</span> <span class='ocrx_word' id='word_1_25' title='bbox 887 421 1034 457; x_wconf 78' lang='grc' dir='ltr'>ἐνταῦθα</span> <span class='ocrx_word' id='word_1_26' title='bbox 1062 414 1103 453; x_wconf 86' lang='grc' dir='ltr'><strong>τὸ</strong></span> 
     </span>
     <span class='ocr_line' id='line_1_5' title="bbox 80 479 1102 543; baseline -0.014 -13"><span class='ocrx_word' id='word_1_27' title='bbox 80 491 193 543; x_wconf 85' lang='grc' dir='ltr'>γένος,</span> <span class='ocrx_word' id='word_1_28' title='bbox 208 489 298 529; x_wconf 83' lang='grc' dir='ltr'>ἀλλὰ</span> <span class='ocrx_word' id='word_1_29' title='bbox 325 488 384 527; x_wconf 77' lang='grc' dir='ltr'><strong>καὶ</strong></span> <span class='ocrx_word' id='word_1_30' title='bbox 400 491 469 527; x_wconf 82' lang='grc' dir='ltr'>ἐκεῖ</span> <span class='ocrx_word' id='word_1_31' title='bbox 495 488 614 530; x_wconf 84' lang='grc' dir='ltr'>ἁπλῶς</span> <span class='ocrx_word' id='word_1_32' title='bbox 629 479 736 532; x_wconf 72' lang='grc' dir='ltr'>εἶπεν,</span> <span class='ocrx_word' id='word_1_33' title='bbox 756 486 799 523; x_wconf 81' lang='grc' dir='ltr'><strong>Ε’</strong></span> <span class='ocrx_word' id='word_1_34' title='bbox 791 500 800 521; x_wconf 95' lang='grc' dir='ltr'><strong>ι</strong></span> <span class='ocrx_word' id='word_1_35' title='bbox 821 484 873 521; x_wconf 86' lang='grc' dir='ltr'>ε’τε</span> <span class='ocrx_word' id='word_1_36' title='bbox 877 479 1102 532; x_wconf 71' lang='grc' dir='ltr'>κνοτρόφησε,</span> 
     </span>
    </p>
   </div>
   <div class='ocr_carea' id='block_1_3' title="bbox 82 541 1156 599">
    <p class='ocr_par' dir='ltr' id='par_1_4' title="bbox 82 541 1156 599">
     <span class='ocr_line' id='line_1_6' title="bbox 82 541 1156 599; baseline -0.013 -9"><span class='ocrx_word' id='word_1_37' title='bbox 82 552 140 591; x_wconf 81' lang='grc' dir='ltr'><strong>καὶ</strong></span> <span class='ocrx_word' id='word_1_38' title='bbox 169 553 338 597; x_wconf 80' lang='grc' dir='ltr'>ἐνταῦθα,</span> <span class='ocrx_word' id='word_1_39' title='bbox 368 548 454 588; x_wconf 84' lang='grc' dir='ltr'><strong>Ἐὰν</strong></span> <span class='ocrx_word' id='word_1_40' title='bbox 485 547 692 599; x_wconf 80' lang='grc' dir='ltr'>ἓπιμείνωσι</span> <span class='ocrx_word' id='word_1_41' title='bbox 722 548 766 598; x_wconf 82' lang='grc' dir='ltr'><strong>τῇ</strong></span> <span class='ocrx_word' id='word_1_42' title='bbox 803 544 944 590; x_wconf 83' lang='grc' dir='ltr'><strong>πίστει,</strong></span> <span class='ocrx_word' id='word_1_43' title='bbox 966 541 1026 580; x_wconf 76' lang='grc' dir='ltr'><strong>καὶ</strong></span> <span class='ocrx_word' id='word_1_44' title='bbox 1058 542 1102 591; x_wconf 79' lang='grc' dir='ltr'><strong>τῇ</strong></span> <span class='ocrx_word' id='word_1_45' title='bbox 1151 581 1156 589; x_wconf 83' lang='lat'><strong>.</strong></span> 
     </span>
    </p>
   </div>
   <div class='ocr_carea' id='block_1_4' title="bbox 81 603 1113 1648">
    <p class='ocr_par' dir='ltr' id='par_1_5' title="bbox 81 603 1101 664">
     <span class='ocr_line' id='line_1_7' title="bbox 81 603 1101 664; baseline -0.013 -13"><span class='ocrx_word' id='word_1_46' title='bbox 81 611 214 664; x_wconf 80' lang='grc' dir='ltr'>ἀγάπῃ,</span> <span class='ocrx_word' id='word_1_47' title='bbox 228 627 287 649; x_wconf 89' lang='grc' dir='ltr'><strong>και</strong></span> <span class='ocrx_word' id='word_1_48' title='bbox 305 627 355 650; x_wconf 88' lang='grc' dir='ltr'><strong>τω</strong></span> <span class='ocrx_word' id='word_1_49' title='bbox 375 611 554 662; x_wconf 82' lang='grc' dir='ltr'>ἁγιασμῷ.</span> <span class='ocrx_word' id='word_1_50' title='bbox 568 607 680 648; x_wconf 62' lang='lat' dir='ltr'><strong>‘&#39;ssei-ts</strong></span> <span class='ocrx_word' id='word_1_51' title='bbox 699 605 906 659; x_wconf 72' lang='grc' dir='ltr'>ἀμφοτέρων</span> <span class='ocrx_word' id='word_1_52' title='bbox 925 607 1010 655; x_wconf 82' lang='grc' dir='ltr'>ἡμῖν</span> <span class='ocrx_word' id='word_1_53' title='bbox 1029 603 1101 640; x_wconf 86' lang='grc' dir='ltr'>ἐπι-</span> 
     </span>
    </p>

    <p class='ocr_par' dir='ltr' id='par_1_6' title="bbox 81 661 1106 907">
     <span class='ocr_line' id='line_1_8' title="bbox 83 661 1105 726; baseline -0.012 -15"><span class='ocrx_word' id='word_1_54' title='bbox 83 672 251 726; x_wconf 81' lang='grc' dir='ltr'>μελητέον</span> <span class='ocrx_word' id='word_1_55' title='bbox 280 674 348 711; x_wconf 84' lang='grc' dir='ltr'><strong>τῶν</strong></span> <span class='ocrx_word' id='word_1_56' title='bbox 373 671 537 720; x_wconf 88' lang='grc' dir='ltr'>παιδίων,</span> <span class='ocrx_word' id='word_1_57' title='bbox 569 669 629 709; x_wconf 73' lang='grc' dir='ltr'><strong>καὶ</strong></span> <span class='ocrx_word' id='word_1_58' title='bbox 662 668 815 721; x_wconf 83' lang='grc' dir='ltr'>μάλιστα</span> <span class='ocrx_word' id='word_1_59' title='bbox 844 670 920 709; x_wconf 83' lang='grc' dir='ltr'>ταῖς</span> <span class='ocrx_word' id='word_1_60' title='bbox 938 661 1105 716; x_wconf 76' lang='grc' dir='ltr'>γυναιξὶν,</span> 
     </span>
     <span class='ocr_line' id='line_1_9' title="bbox 81 723 1104 787; baseline -0.011 -15"><span class='ocrx_word' id='word_1_61' title='bbox 81 734 153 787; x_wconf 83' lang='grc' dir='ltr'><strong>ὅσω</strong></span> <span class='ocrx_word' id='word_1_62' title='bbox 172 733 232 772; x_wconf 74' lang='grc' dir='ltr'><strong>καὶ</strong></span> <span class='ocrx_word' id='word_1_63' title='bbox 247 732 290 771; x_wconf 83' lang='grc' dir='ltr'><strong>τὰ</strong></span> <span class='ocrx_word' id='word_1_64' title='bbox 306 732 449 770; x_wconf 84' lang='grc' dir='ltr'>πλείονα</span> <span class='ocrx_word' id='word_1_65' title='bbox 468 732 555 770; x_wconf 80' lang='grc' dir='ltr'>οἴκοι</span> <span class='ocrx_word' id='word_1_66' title='bbox 570 730 751 777; x_wconf 79' lang='grc' dir='ltr'>κάθηνται.</span> <span class='ocrx_word' id='word_1_67' title='bbox 771 727 863 771; x_wconf 82' lang='grc' dir='ltr'>Ἰους</span> <span class='ocrx_word' id='word_1_68' title='bbox 879 725 940 778; x_wconf 81' lang='grc' dir='ltr'><strong>μὲν</strong></span> <span class='ocrx_word' id='word_1_69' title='bbox 953 723 1061 778; x_wconf 84' lang='grc' dir='ltr'><strong>γὰρ</strong></span> <span class='ocrx_word' id='word_1_70' title='bbox 1039 739 1104 762; x_wconf 90' lang='grc' dir='ltr'><strong>αν-</strong></span> 
     </span>
     <span class='ocr_line' id='line_1_10' title="bbox 84 785 1106 848; baseline -0.01 -15"><span class='ocrx_word' id='word_1_71' title='bbox 84 797 166 848; x_wconf 85' lang='grc' dir='ltr'>δρας</span> <span class='ocrx_word' id='word_1_72' title='bbox 194 810 252 832; x_wconf 89' lang='grc' dir='ltr'><strong>και</strong></span> <span class='ocrx_word' id='word_1_73' title='bbox 281 793 500 844; x_wconf 82' lang='grc' dir='ltr'>ἀποδημίαι,</span> <span class='ocrx_word' id='word_1_74' title='bbox 521 791 580 830; x_wconf 77' lang='grc' dir='ltr'><strong>καὶ</strong></span> <span class='ocrx_word' id='word_1_75' title='bbox 600 792 635 829; x_wconf 83' lang='grc' dir='ltr'><strong>αἱ</strong></span> <span class='ocrx_word' id='word_1_76' title='bbox 652 793 715 836; x_wconf 77' lang='grc' dir='ltr'><strong>τῆς</strong></span> <span class='ocrx_word' id='word_1_77' title='bbox 747 790 874 841; x_wconf 82' lang='grc' dir='ltr'>ἀγορᾶς</span> <span class='ocrx_word' id='word_1_78' title='bbox 902 785 1079 839; x_wconf 80' lang='grc' dir='ltr'>φροντίδες</span> <span class='ocrx_word' id='word_1_79' title='bbox 1096 815 1106 833; x_wconf 89' lang='grc'>,</span> 
     </span>
     <span class='ocr_line' id='line_1_11' title="bbox 84 847 1105 907; baseline -0.01 -12"><span class='ocrx_word' id='word_1_80' title='bbox 84 856 144 895; x_wconf 74' lang='grc' dir='ltr'><strong>καὶ</strong></span> <span class='ocrx_word' id='word_1_81' title='bbox 160 855 203 894; x_wconf 78' lang='grc' dir='ltr'><strong>τὰ</strong></span> <span class='ocrx_word' id='word_1_82' title='bbox 221 858 284 902; x_wconf 76' lang='grc' dir='ltr'><strong>τῆς</strong></span> <span class='ocrx_word' id='word_1_83' title='bbox 303 854 436 898; x_wconf 85' lang='grc' dir='ltr'>πόλεως</span> <span class='ocrx_word' id='word_1_84' title='bbox 454 853 647 907; x_wconf 85' lang='grc' dir='ltr'>πράγματα</span> <span class='ocrx_word' id='word_1_85' title='bbox 665 850 888 904; x_wconf 82' lang='grc' dir='ltr'>περιέλκουσι</span> <span class='ocrx_word' id='word_1_86' title='bbox 908 847 1105 892; x_wconf 83' lang='grc' dir='ltr'>πολλάκις·</span> 
     </span>
    </p>

    <p class='ocr_par' dir='ltr' id='par_1_7' title="bbox 83 911 1113 1648">
     <span class='ocr_line' id='line_1_12' title="bbox 83 911 1106 969; baseline -0.01 -11"><span class='ocrx_word' id='word_1_87' title='bbox 83 923 105 966; x_wconf 83' lang='grc' dir='ltr'>ἡ</span> <span class='ocrx_word' id='word_1_88' title='bbox 124 919 158 958; x_wconf 80' lang='grc' dir='ltr'><strong>δὲ</strong></span> <span class='ocrx_word' id='word_1_89' title='bbox 173 919 258 969; x_wconf 82' lang='grc' dir='ltr'>γυνὴ</span> <span class='ocrx_word' id='word_1_90' title='bbox 275 917 391 963; x_wconf 81' lang='grc' dir='ltr'>πάσης</span> <span class='ocrx_word' id='word_1_91' title='bbox 403 914 565 963; x_wconf 88' lang='grc' dir='ltr'>τοιαύτης</span> <span class='ocrx_word' id='word_1_92' title='bbox 581 913 759 967; x_wconf 81' lang='grc' dir='ltr'>φροντίδος</span> <span class='ocrx_word' id='word_1_93' title='bbox 778 911 973 951; x_wconf 82' lang='grc' dir='ltr'>ἀτέλειαν”</span> <span class='ocrx_word' id='word_1_94' title='bbox 953 926 1084 963; x_wconf 77' lang='grc' dir='ltr'>εχουσα</span> <span class='ocrx_word' id='word_1_95' title='bbox 1095 939 1106 958; x_wconf 87' lang='grc'>,</span> 
     </span>
     <span class='ocr_line' id='line_1_13' title="bbox 84 974 1106 1033; baseline -0.01 -13"><span class='ocrx_word' id='word_1_96' title='bbox 84 979 312 1033; x_wconf 79' lang='grc' dir='ltr'>εὐκολώτερον</span> <span class='ocrx_word' id='word_1_97' title='bbox 328 977 458 1016; x_wconf 83' lang='grc' dir='ltr'>δύναιτ’</span> <span class='ocrx_word' id='word_1_98' title='bbox 479 975 519 1014; x_wconf 85' lang='grc' dir='ltr'><strong>ἂν</strong></span> <span class='ocrx_word' id='word_1_99' title='bbox 538 979 608 1014; x_wconf 85' lang='grc' dir='ltr'><strong>τῶν</strong></span> <span class='ocrx_word' id='word_1_100' title='bbox 625 974 820 1028; x_wconf 74' lang='grc' dir='ltr'>τεχθέντων</span> <span class='ocrx_word' id='word_1_101' title='bbox 844 974 1106 1025; x_wconf 79' lang='grc' dir='ltr'>ἐπιμελεῖσθαι,</span> 
     </span>
     <span class='ocr_line' id='line_1_14' title="bbox 83 1033 1108 1091; baseline -0.01 -10"><span class='ocrx_word' id='word_1_102' title='bbox 83 1043 214 1088; x_wconf 78' lang='grc' dir='ltr'>πολλῆς</span> <span class='ocrx_word' id='word_1_103' title='bbox 239 1039 464 1080; x_wconf 83' lang='grc' dir='ltr'>ἀπολαύουσα</span> <span class='ocrx_word' id='word_1_104' title='bbox 481 1041 544 1086; x_wconf 79' lang='grc' dir='ltr'>τ’ἧς</span> <span class='ocrx_word' id='word_1_105' title='bbox 575 1040 716 1091; x_wconf 65' lang='grc' dir='ltr'>σχολῆς.</span> <span class='ocrx_word' id='word_1_106' title='bbox 736 1035 860 1080; x_wconf 76' lang='grc' dir='ltr'>Οὕτως</span> <span class='ocrx_word' id='word_1_107' title='bbox 894 1038 930 1074; x_wconf 80' lang='grc' dir='ltr'><strong>αἱ</strong></span> <span class='ocrx_word' id='word_1_108' title='bbox 959 1033 1108 1073; x_wconf 82' lang='grc' dir='ltr'>παλαιαὶ</span> 
     </span>
     <span class='ocr_line' id='line_1_15' title="bbox 83 1096 1108 1156; baseline -0.009 -13"><span class='ocrx_word' id='word_1_109' title='bbox 83 1104 218 1144; x_wconf 77' lang='grc' dir='ltr'>ἐποίουν</span> <span class='ocrx_word' id='word_1_110' title='bbox 243 1109 402 1156; x_wconf 87' lang='grc' dir='ltr'>γυναῖκες</span> <span class='ocrx_word' id='word_1_111' title='bbox 418 1117 426 1125; x_wconf 95' lang='grc'>·</span> <span class='ocrx_word' id='word_1_112' title='bbox 458 1102 497 1139; x_wconf 84' lang='grc' dir='ltr'><strong>οὗ</strong></span> <span class='ocrx_word' id='word_1_113' title='bbox 525 1100 593 1154; x_wconf 78' lang='grc' dir='ltr'><strong>γὰρ</strong></span> <span class='ocrx_word' id='word_1_114' title='bbox 625 1099 771 1154; x_wconf 78' lang='grc' dir='ltr'>ἀνδράσι</span> <span class='ocrx_word' id='word_1_115' title='bbox 796 1098 912 1150; x_wconf 84' lang='grc' dir='ltr'>μόνον,</span> <span class='ocrx_word' id='word_1_116' title='bbox 932 1096 1023 1136; x_wconf 79' lang='grc' dir='ltr'>ἀλλὰ</span> <span class='ocrx_word' id='word_1_117' title='bbox 1049 1096 1108 1135; x_wconf 75' lang='grc' dir='ltr'><strong>καὶ</strong></span> 
     </span>
     <span class='ocr_line' id='line_1_16' title="bbox 83 1160 1108 1219; baseline -0.009 -13"><span class='ocrx_word' id='word_1_118' title='bbox 83 1166 236 1219; x_wconf 71' lang='grc' dir='ltr'>γυναιξὶν</span> <span class='ocrx_word' id='word_1_119' title='bbox 253 1169 441 1217; x_wconf 89' lang='grc' dir='ltr'>ἀναγκαῖον</span> <span class='ocrx_word' id='word_1_120' title='bbox 458 1166 561 1202; x_wconf 79' lang='grc' dir='ltr'>τοῦτο</span> <span class='ocrx_word' id='word_1_121' title='bbox 578 1162 618 1201; x_wconf 81' lang='grc' dir='ltr'><strong>τὸ</strong></span> <span class='ocrx_word' id='word_1_122' title='bbox 637 1163 779 1216; x_wconf 80' lang='grc' dir='ltr'>ὄφλημα</span> <span class='ocrx_word' id='word_1_123' title='bbox 790 1178 797 1185; x_wconf 95' lang='grc'><em>·</em></span> <span class='ocrx_word' id='word_1_124' title='bbox 813 1161 907 1213; x_wconf 89' lang='grc' dir='ltr'>λέγω</span> <span class='ocrx_word' id='word_1_125' title='bbox 926 1160 963 1199; x_wconf 84' lang='grc' dir='ltr'><strong>δὲ</strong></span> <span class='ocrx_word' id='word_1_126' title='bbox 982 1160 1022 1199; x_wconf 85' lang='grc' dir='ltr'><strong>τὸ</strong></span> <span class='ocrx_word' id='word_1_127' title='bbox 1039 1161 1108 1198; x_wconf 89' lang='grc' dir='ltr'><strong>τῶν</strong></span> 
     </span>
     <span class='ocr_line' id='line_1_17' title="bbox 84 1222 1109 1279; baseline -0.006 -14"><span class='ocrx_word' id='word_1_128' title='bbox 84 1227 220 1266; x_wconf 82' lang='grc' dir='ltr'>οἰκείων</span> <span class='ocrx_word' id='word_1_129' title='bbox 249 1229 469 1279; x_wconf 80' lang='grc' dir='ltr'>προνοεῖσθαι</span> <span class='ocrx_word' id='word_1_130' title='bbox 497 1224 644 1270; x_wconf 85' lang='grc' dir='ltr'>παίδων,</span> <span class='ocrx_word' id='word_1_131' title='bbox 665 1223 726 1262; x_wconf 67' lang='grc' dir='ltr'><strong>καὶ</strong></span> <span class='ocrx_word' id='word_1_132' title='bbox 752 1225 798 1267; x_wconf 87' lang='grc' dir='ltr'><strong>εἷς</strong></span> <span class='ocrx_word' id='word_1_133' title='bbox 829 1222 1032 1276; x_wconf 69' lang='grc' dir='ltr'>φιλοσοφίαν</span> <span class='ocrx_word' id='word_1_134' title='bbox 1049 1222 1109 1259; x_wconf 85' lang='grc' dir='ltr'><strong>αὗ-</strong></span> 
     </span>
     <span class='ocr_line' id='line_1_18' title="bbox 84 1283 1110 1340; baseline -0.008 -12"><span class='ocrx_word' id='word_1_135' title='bbox 84 1289 162 1333; x_wconf 81' lang='grc' dir='ltr'>τοὺς</span> <span class='ocrx_word' id='word_1_136' title='bbox 187 1288 332 1340; x_wconf 78' lang='grc' dir='ltr'>ἐνάγειν.</span> <span class='ocrx_word' id='word_1_137' title='bbox 356 1286 426 1326; x_wconf 77' lang='grc' dir='ltr'><strong>Καὶ</strong></span> <span class='ocrx_word' id='word_1_138' title='bbox 446 1287 499 1325; x_wconf 80' lang='grc' dir='ltr'><strong>ὅτι</strong></span> <span class='ocrx_word' id='word_1_139' title='bbox 529 1285 631 1324; x_wconf 77' lang='grc' dir='ltr'>τοῦτό</span> <span class='ocrx_word' id='word_1_140' title='bbox 658 1287 752 1324; x_wconf 84' lang='grc' dir='ltr'>ἐστιν</span> <span class='ocrx_word' id='word_1_141' title='bbox 779 1284 928 1332; x_wconf 82' lang='grc' dir='ltr'>ἀληθὲς,</span> <span class='ocrx_word' id='word_1_142' title='bbox 959 1283 1110 1336; x_wconf 74' lang='grc' dir='ltr'>ἀρχαίαν</span> 
     </span>
     <span class='ocr_line' id='line_1_19' title="bbox 86 1345 1113 1403; baseline -0.006 -15"><span class='ocrx_word' id='word_1_143' title='bbox 86 1349 163 1388; x_wconf 82' lang='grc' dir='ltr'>τινὰ</span> <span class='ocrx_word' id='word_1_144' title='bbox 194 1349 350 1403; x_wconf 80' lang='grc' dir='ltr'>ἱστορίαν</span> <span class='ocrx_word' id='word_1_145' title='bbox 380 1352 458 1399; x_wconf 83' lang='grc' dir='ltr'>ὑμῖν</span> <span class='ocrx_word' id='word_1_146' title='bbox 493 1346 717 1399; x_wconf 76' lang='grc' dir='ltr'>διηγήσομαι.</span> <span class='ocrx_word' id='word_1_147' title='bbox 745 1345 849 1385; x_wconf 83' lang='grc' dir='ltr'>Ἄννα</span> <span class='ocrx_word' id='word_1_148' title='bbox 884 1361 936 1389; x_wconf 87' lang='grc' dir='ltr'><strong>τις</strong></span> <span class='ocrx_word' id='word_1_149' title='bbox 974 1345 1113 1396; x_wconf 81' lang='grc' dir='ltr'>ἐγένετο</span> 
     </span>
     <span class='ocr_line' id='line_1_20' title="bbox 86 1405 1109 1464; baseline -0.006 -14"><span class='ocrx_word' id='word_1_150' title='bbox 86 1411 183 1464; x_wconf 84' lang='grc' dir='ltr'>παρὰ</span> <span class='ocrx_word' id='word_1_151' title='bbox 198 1417 268 1454; x_wconf 89' lang='grc' dir='ltr'>τοῖς</span> <span class='ocrx_word' id='word_1_152' title='bbox 285 1410 465 1454; x_wconf 84' lang='grc' dir='ltr'>Ἰουδαίοις</span> <span class='ocrx_word' id='word_1_153' title='bbox 489 1409 588 1461; x_wconf 83' lang='grc' dir='ltr'>γυνή.</span> <span class='ocrx_word' id='word_1_154' title='bbox 617 1408 714 1455; x_wconf 76' lang='grc' dir='ltr'>Αὕτη</span> <span class='ocrx_word' id='word_1_155' title='bbox 732 1411 754 1455; x_wconf 85' lang='grc' dir='ltr'>ἠ</span> <span class='ocrx_word' id='word_1_156' title='bbox 774 1406 879 1446; x_wconf 78' lang='grc' dir='ltr'>Ἄννα</span> <span class='ocrx_word' id='word_1_157' title='bbox 905 1405 1012 1446; x_wconf 76' lang='grc' dir='ltr'>πολὺν</span> <span class='ocrx_word' id='word_1_158' title='bbox 1032 1406 1109 1445; x_wconf 82' lang='grc' dir='ltr'>ἐνό-</span> 
     </span>
     <span class='ocr_line' id='line_1_21' title="bbox 87 1467 1110 1524; baseline -0.007 -12"><span class='ocrx_word' id='word_1_159' title='bbox 87 1488 191 1519; x_wconf 87' lang='grc' dir='ltr'>σησεν</span> <span class='ocrx_word' id='word_1_160' title='bbox 211 1471 377 1515; x_wconf 84' lang='grc' dir='ltr'>ἀπαιδίας</span> <span class='ocrx_word' id='word_1_161' title='bbox 396 1471 533 1524; x_wconf 80' lang='grc' dir='ltr'>χρόνον,</span> <span class='ocrx_word' id='word_1_162' title='bbox 563 1469 623 1508; x_wconf 73' lang='grc' dir='ltr'><strong>καὶ</strong></span> <span class='ocrx_word' id='word_1_163' title='bbox 649 1469 690 1508; x_wconf 82' lang='grc' dir='ltr'><strong>τὸ</strong></span> <span class='ocrx_word' id='word_1_164' title='bbox 716 1469 758 1516; x_wconf 80' lang='grc' dir='ltr'><strong>δὴ</strong></span> <span class='ocrx_word' id='word_1_165' title='bbox 779 1468 1040 1522; x_wconf 70' lang='grc' dir='ltr'>χαλεπώτερον,</span> <span class='ocrx_word' id='word_1_166' title='bbox 1055 1467 1110 1507; x_wconf 78' lang='grc' dir='ltr'><strong>ὅτι</strong></span> 
     </span>
     <span class='ocr_line' id='line_1_22' title="bbox 1014 1528 1110 1569; baseline -0.026 0.462"><span class='ocrx_word' id='word_1_167' title='bbox 1014 1528 1110 1569; x_wconf 68' lang='lat' dir='ltr'><strong>&#39;lm</strong></span> 
     </span>
     <span class='ocr_line' id='line_1_23' title="bbox 88 1591 1110 1648; baseline -0.004 -14"><span class='ocrx_word' id='word_1_168' title='bbox 88 1595 123 1634; x_wconf 85' lang='grc' dir='ltr'><strong>δὲ</strong></span> <span class='ocrx_word' id='word_1_169' title='bbox 149 1597 195 1639; x_wconf 87' lang='grc' dir='ltr'><strong>ὡς</strong></span> <span class='ocrx_word' id='word_1_170' title='bbox 213 1597 257 1647; x_wconf 77' lang='grc' dir='ltr'><strong>τῇ</strong></span> <span class='ocrx_word' id='word_1_171' title='bbox 277 1595 377 1648; x_wconf 71' lang='grc' dir='ltr'>φύσει</span> <span class='ocrx_word' id='word_1_172' title='bbox 395 1594 455 1632; x_wconf 74' lang='grc' dir='ltr'><strong>καὶ</strong></span> <span class='ocrx_word' id='word_1_173' title='bbox 481 1595 557 1632; x_wconf 81' lang='grc' dir='ltr'>καθ’</span> <span class='ocrx_word' id='word_1_174' title='bbox 579 1593 680 1632; x_wconf 83' lang='grc' dir='ltr'>ἑαυτὸ</span> <span class='ocrx_word' id='word_1_175' title='bbox 698 1593 738 1630; x_wconf 85' lang='grc' dir='ltr'><strong>τὸ</strong></span> <span class='ocrx_word' id='word_1_176' title='bbox 755 1599 905 1647; x_wconf 83' lang='grc' dir='ltr'>πρᾶγμα</span> <span class='ocrx_word' id='word_1_177' title='bbox 937 1591 1110 1646; x_wconf 79' lang='grc' dir='ltr'>ἀφόρητόν</span> 
     </span>
    </p>
   </div>
   <div class='ocr_carea' id='block_1_5' title="bbox 85 1531 989 1584">
    <p class='ocr_par' dir='ltr' id='par_1_8' title="bbox 85 1531 989 1584">
     <span class='ocr_line' id='line_1_24' title="bbox 85 1531 989 1584; baseline -0.004 -12"><span class='ocrx_word' id='word_1_178' title='bbox 85 1537 107 1581; x_wconf 88' lang='grc' dir='ltr'>ἡ</span> <span class='ocrx_word' id='word_1_179' title='bbox 124 1533 303 1582; x_wconf 82' lang='grc' dir='ltr'>ἀντίζηλος</span> <span class='ocrx_word' id='word_1_180' title='bbox 321 1535 427 1579; x_wconf 71' lang='grc' dir='ltr'>αὐτῆς</span> <span class='ocrx_word' id='word_1_181' title='bbox 453 1532 589 1571; x_wconf 84' lang='grc' dir='ltr'>παίδων</span> <span class='ocrx_word' id='word_1_182' title='bbox 619 1534 662 1577; x_wconf 86' lang='grc' dir='ltr'><strong>ἠν</strong></span> <span class='ocrx_word' id='word_1_183' title='bbox 691 1531 810 1584; x_wconf 69' lang='grc' dir='ltr'>μήτηρ</span> <span class='ocrx_word' id='word_1_184' title='bbox 837 1532 989 1569; x_wconf 84' lang='grc' dir='ltr'>πολλῶν.</span> 
     </span>
    </p>
   </div>
   <div class='ocr_carea' id='block_1_6' title="bbox 88 1655 1116 1831">
    <p class='ocr_par' dir='ltr' id='par_1_9' title="bbox 88 1655 1114 1831">
     <span class='ocr_line' id='line_1_25' title="bbox 88 1655 1113 1731; baseline -0.004 -36"><span class='ocrx_word' id='word_1_185' title='bbox 88 1660 162 1696; x_wconf 84' lang='grc' dir='ltr'>ἐστι</span> <span class='ocrx_word' id='word_1_186' title='bbox 177 1662 253 1700; x_wconf 88' lang='grc' dir='ltr'>ταῖς</span> <span class='ocrx_word' id='word_1_187' title='bbox 271 1655 449 1708; x_wconf 81' lang='grc' dir='ltr'>γυναιξίν·</span> <span class='ocrx_word' id='word_1_188' title='bbox 465 1655 548 1694; x_wconf 81' lang='grc' dir='ltr'>ὅταν</span> <span class='ocrx_word' id='word_1_189' title='bbox 568 1655 603 1693; x_wconf 84' lang='grc' dir='ltr'><strong>δὲ</strong></span> <span class='ocrx_word' id='word_1_190' title='bbox 619 1671 679 1693; x_wconf 92' lang='grc' dir='ltr'><strong>και</strong></span> <span class='ocrx_word' id='word_1_191' title='bbox 698 1655 879 1700; x_wconf 85' lang='grc' dir='ltr'>ἀντίζηλος</span> <span class='ocrx_word' id='word_1_192' title='bbox 895 1656 1020 1731; x_wconf 83' lang='grc' dir='ltr'>προσῇ</span> <span class='ocrx_word' id='word_1_193' title='bbox 1031 1658 1113 1692; x_wconf 86' lang='grc' dir='ltr'>παῖ-</span> 
     </span>
     <span class='ocr_line' id='line_1_26' title="bbox 89 1714 1114 1770; baseline -0.003 -14"><span class='ocrx_word' id='word_1_194' title='bbox 89 1719 149 1762; x_wconf 81' lang='grc' dir='ltr'><strong>δας</strong></span> <span class='ocrx_word' id='word_1_195' title='bbox 168 1718 319 1770; x_wconf 68' lang='grc' dir='ltr'>ἔχουσα,</span> <span class='ocrx_word' id='word_1_196' title='bbox 343 1719 462 1769; x_wconf 86' lang='grc' dir='ltr'>πολλῶ</span> <span class='ocrx_word' id='word_1_197' title='bbox 479 1715 760 1768; x_wconf 78' lang='grc' dir='ltr'>χαλεπώτερον</span> <span class='ocrx_word' id='word_1_198' title='bbox 745 1715 898 1754; x_wconf 67' lang='grc' dir='ltr'>γίνεται·</span> <span class='ocrx_word' id='word_1_199' title='bbox 919 1717 954 1753; x_wconf 85' lang='grc' dir='ltr'><strong>ἐν</strong></span> <span class='ocrx_word' id='word_1_200' title='bbox 984 1714 1052 1768; x_wconf 85' lang='grc' dir='ltr'><strong>γαρ</strong></span> <span class='ocrx_word' id='word_1_201' title='bbox 1071 1731 1114 1766; x_wconf 82' lang='grc' dir='ltr'><strong>τῃ</strong></span> 
     </span>
     <span class='ocr_line' id='line_1_27' title="bbox 90 1775 1116 1831; baseline -0.003 -13.933"><span class='ocrx_word' id='word_1_202' title='bbox 90 1782 151 1826; x_wconf 74' lang='grc' dir='ltr'><strong>τῆς</strong></span> <span class='ocrx_word' id='word_1_203' title='bbox 170 1779 329 1831; x_wconf 83' lang='grc' dir='ltr'>γυναικὸς</span> <span class='ocrx_word' id='word_1_204' title='bbox 355 1777 488 1824; x_wconf 82' lang='grc' dir='ltr'>ἐκείνης</span> <span class='ocrx_word' id='word_1_205' title='bbox 515 1777 689 1831; x_wconf 87' lang='grc' dir='ltr'>ευπραγία</span> <span class='ocrx_word' id='word_1_206' title='bbox 719 1776 784 1823; x_wconf 75' lang='grc' dir='ltr'><strong>τὴν</strong></span> <span class='ocrx_word' id='word_1_207' title='bbox 812 1776 942 1815; x_wconf 82' lang='grc' dir='ltr'>οἰκείαν</span> <span class='ocrx_word' id='word_1_208' title='bbox 974 1775 1116 1828; x_wconf 72' lang='grc' dir='ltr'>ἀκριὸέ-</span> 
     </span>
    </p>
   </div>
   <div class='ocr_carea' id='block_1_7' title="bbox 91 1839 252 1894">
    <p class='ocr_par' dir='ltr' id='par_1_10' title="bbox 91 1839 252 1894">
     <span class='ocr_line' id='line_1_28' title="bbox 91 1839 252 1894; baseline 0 -14"><span class='ocrx_word' id='word_1_209' title='bbox 91 1857 208 1894; x_wconf 69' lang='grc' dir='ltr'>στερον</span> <span class='ocrx_word' id='word_1_210' title='bbox 236 1839 252 1861; x_wconf 70' lang='lat' dir='ltr'><strong>b</strong></span> 
     </span>
    </p>
   </div>
   <div class='ocr_carea' id='block_1_8' title="bbox 89 1839 1120 2633">
    <p class='ocr_par' dir='ltr' id='par_1_11' title="bbox 89 1839 1120 2633">
     <span class='ocr_line' id='line_1_29' title="bbox 265 1839 1116 1893; baseline -0.005 -13"><span class='ocrx_word' id='word_1_211' title='bbox 265 1840 524 1893; x_wconf 72' lang='grc' dir='ltr'>καταμανθάνει</span> <span class='ocrx_word' id='word_1_212' title='bbox 553 1839 754 1892; x_wconf 58' lang='grc' dir='ltr'>συμφοράν·</span> <span class='ocrx_word' id='word_1_213' title='bbox 786 1839 946 1892; x_wconf 88' lang='grc' dir='ltr'>καθάπερ</span> <span class='ocrx_word' id='word_1_214' title='bbox 973 1842 1030 1878; x_wconf 84' lang='grc' dir='ltr'><strong>οὖν</strong></span> <span class='ocrx_word' id='word_1_215' title='bbox 1056 1855 1116 1878; x_wconf 88' lang='grc' dir='ltr'><strong>και</strong></span> 
     </span>
     <span class='ocr_line' id='line_1_30' title="bbox 90 1901 1116 1956; baseline -0.003 -14"><span class='ocrx_word' id='word_1_216' title='bbox 90 1907 121 1942; x_wconf 82' lang='grc' dir='ltr'><strong>οἱ</strong></span> <span class='ocrx_word' id='word_1_217' title='bbox 141 1903 243 1943; x_wconf 87' lang='grc' dir='ltr'>πενία</span> <span class='ocrx_word' id='word_1_218' title='bbox 264 1905 432 1948; x_wconf 81' lang='grc' dir='ltr'>συζωντες</span> <span class='ocrx_word' id='word_1_219' title='bbox 450 1903 585 1956; x_wconf 80' lang='grc' dir='ltr'>ἐσχάτῃ</span> <span class='ocrx_word' id='word_1_220' title='bbox 598 1934 607 1951; x_wconf 87' lang='grc'>,</span> <span class='ocrx_word' id='word_1_221' title='bbox 623 1903 701 1942; x_wconf 89' lang='grc' dir='ltr'>τότε</span> <span class='ocrx_word' id='word_1_222' title='bbox 720 1903 910 1942; x_wconf 78' lang='grc' dir='ltr'>ὀδυνῶνται</span> <span class='ocrx_word' id='word_1_223' title='bbox 931 1901 1095 1954; x_wconf 84' lang='grc' dir='ltr'>μειζόνως</span> <span class='ocrx_word' id='word_1_224' title='bbox 1107 1930 1116 1946; x_wconf 87' lang='grc'>,</span> 
     </span>
     <span class='ocr_line' id='line_1_31' title="bbox 90 1963 1115 2015; baseline -0.003 -10"><span class='ocrx_word' id='word_1_225' title='bbox 90 1966 172 2005; x_wconf 83' lang='grc' dir='ltr'>ὅταν</span> <span class='ocrx_word' id='word_1_226' title='bbox 193 1965 382 2013; x_wconf 78' lang='grc' dir='ltr'>ἐννοήσωσι</span> <span class='ocrx_word' id='word_1_227' title='bbox 405 1965 482 2008; x_wconf 78' lang='grc' dir='ltr'>τοὺς</span> <span class='ocrx_word' id='word_1_228' title='bbox 509 1966 755 2008; x_wconf 78' lang='grc' dir='ltr'>πλουτοῦντας.</span> <span class='ocrx_word' id='word_1_229' title='bbox 777 1963 846 2003; x_wconf 76' lang='grc' dir='ltr'><strong>Καὶ</strong></span> <span class='ocrx_word' id='word_1_230' title='bbox 867 1966 906 2002; x_wconf 83' lang='grc' dir='ltr'><strong>οὐ</strong></span> <span class='ocrx_word' id='word_1_231' title='bbox 923 1967 1024 2002; x_wconf 76' lang='grc' dir='ltr'>τοῦτο</span> <span class='ocrx_word' id='word_1_232' title='bbox 1047 1963 1115 2015; x_wconf 87' lang='grc' dir='ltr'><strong>μό-</strong></span> 
     </span>
     <span class='ocr_line' id='line_1_32' title="bbox 91 2019 1117 2078; baseline -0.003 -12"><span class='ocrx_word' id='word_1_233' title='bbox 91 2043 146 2066; x_wconf 91' lang='grc' dir='ltr'><strong>νον</strong></span> <span class='ocrx_word' id='word_1_234' title='bbox 164 2022 207 2075; x_wconf 55' lang='lat' dir='ltr'><strong>{v</strong></span> <span class='ocrx_word' id='word_1_235' title='bbox 223 2027 263 2066; x_wconf 85' lang='grc' dir='ltr'><strong>τὸ</strong></span> <span class='ocrx_word' id='word_1_236' title='bbox 279 2026 401 2072; x_wconf 80' lang='grc' dir='ltr'>δεινὸν,</span> <span class='ocrx_word' id='word_1_237' title='bbox 418 2026 473 2066; x_wconf 74' lang='grc' dir='ltr'><strong>ὅτι</strong></span> <span class='ocrx_word' id='word_1_238' title='bbox 492 2027 618 2070; x_wconf 84' lang='grc' dir='ltr'>παῖδας</span> <span class='ocrx_word' id='word_1_239' title='bbox 638 2025 726 2072; x_wconf 81' lang='grc' dir='ltr'>αὕτη</span> <span class='ocrx_word' id='word_1_240' title='bbox 745 2025 807 2078; x_wconf 81' lang='grc' dir='ltr'><strong>μὲν</strong></span> <span class='ocrx_word' id='word_1_241' title='bbox 823 2027 885 2064; x_wconf 78' lang='grc' dir='ltr'><strong>οὐκ</strong></span> <span class='ocrx_word' id='word_1_242' title='bbox 906 2019 1011 2078; x_wconf 63' lang='grc' dir='ltr'>εἶχεν,</span> <span class='ocrx_word' id='word_1_243' title='bbox 1027 2024 1117 2064; x_wconf 83' lang='grc' dir='ltr'>ἐκεί-</span> 
     </span>
     <span class='ocr_line' id='line_1_33' title="bbox 91 2081 1117 2141; baseline 0 -16"><span class='ocrx_word' id='word_1_244' title='bbox 91 2104 133 2135; x_wconf 92' lang='grc' dir='ltr'><strong>νη</strong></span> <span class='ocrx_word' id='word_1_245' title='bbox 155 2087 190 2126; x_wconf 83' lang='grc' dir='ltr'><strong>δὲ</strong></span> <span class='ocrx_word' id='word_1_246' title='bbox 212 2081 316 2141; x_wconf 69' lang='grc' dir='ltr'>εἶχεν,</span> <span class='ocrx_word' id='word_1_247' title='bbox 336 2089 412 2127; x_wconf 88' lang='grc' dir='ltr'>ἀλλ’</span> <span class='ocrx_word' id='word_1_248' title='bbox 444 2087 498 2127; x_wconf 78' lang='grc' dir='ltr'><strong>ὅτι</strong></span> <span class='ocrx_word' id='word_1_249' title='bbox 525 2087 584 2125; x_wconf 76' lang='grc' dir='ltr'><strong>καὶ</strong></span> <span class='ocrx_word' id='word_1_250' title='bbox 610 2086 790 2134; x_wconf 84' lang='grc' dir='ltr'>ἀντίζηλος</span> <span class='ocrx_word' id='word_1_251' title='bbox 813 2081 868 2136; x_wconf 64' lang='grc' dir='ltr'><strong>ἦν,</strong></span> <span class='ocrx_word' id='word_1_252' title='bbox 897 2087 957 2126; x_wconf 72' lang='grc' dir='ltr'><strong>καὶ</strong></span> <span class='ocrx_word' id='word_1_253' title='bbox 977 2088 1043 2140; x_wconf 77' lang='grc' dir='ltr'><strong>οὐχ</strong></span> <span class='ocrx_word' id='word_1_254' title='bbox 1064 2087 1117 2125; x_wconf 74' lang='grc' dir='ltr'><strong>ὅτι</strong></span> 
     </span>
     <span class='ocr_line' id='line_1_34' title="bbox 93 2144 1117 2202; baseline -0.001 -14"><span class='ocrx_word' id='word_1_255' title='bbox 93 2149 273 2197; x_wconf 79' lang='grc' dir='ltr'>ἀντίζηλος</span> <span class='ocrx_word' id='word_1_256' title='bbox 298 2144 340 2196; x_wconf 67' lang='grc' dir='ltr'><strong>ἦν</strong></span> <span class='ocrx_word' id='word_1_257' title='bbox 363 2149 480 2201; x_wconf 83' lang='grc' dir='ltr'>μόνον,</span> <span class='ocrx_word' id='word_1_258' title='bbox 516 2149 593 2187; x_wconf 86' lang='grc' dir='ltr'>ἀλλ’</span> <span class='ocrx_word' id='word_1_259' title='bbox 617 2148 670 2186; x_wconf 78' lang='grc' dir='ltr'><strong>ὅτι</strong></span> <span class='ocrx_word' id='word_1_260' title='bbox 688 2147 906 2202; x_wconf 80' lang='grc' dir='ltr'>παρώργιζεν</span> <span class='ocrx_word' id='word_1_261' title='bbox 929 2148 1038 2196; x_wconf 84' lang='grc' dir='ltr'>αὐτὴν</span> <span class='ocrx_word' id='word_1_262' title='bbox 1060 2149 1117 2187; x_wconf 74' lang='grc' dir='ltr'><strong>διὰ</strong></span> 
     </span>
     <span class='ocr_line' id='line_1_35' title="bbox 89 2209 1116 2262; baseline 0.001 -14"><span class='ocrx_word' id='word_1_263' title='bbox 89 2211 130 2249; x_wconf 74' lang='grc' dir='ltr'><strong>τὸ</strong></span> <span class='ocrx_word' id='word_1_264' title='bbox 151 2210 332 2255; x_wconf 80' lang='grc' dir='ltr'>ἐξουθενεὶν</span> <span class='ocrx_word' id='word_1_265' title='bbox 353 2211 474 2258; x_wconf 72' lang='grc' dir='ltr'>αὐτ-ἡν.</span> <span class='ocrx_word' id='word_1_266' title='bbox 497 2209 541 2250; x_wconf 89' lang='grc' dir='ltr'>Ὁ</span> <span class='ocrx_word' id='word_1_267' title='bbox 568 2209 605 2248; x_wconf 80' lang='grc' dir='ltr'><strong>δὲ</strong></span> <span class='ocrx_word' id='word_1_268' title='bbox 632 2210 723 2254; x_wconf 82' lang='grc' dir='ltr'>Θεὸς</span> <span class='ocrx_word' id='word_1_269' title='bbox 748 2213 860 2248; x_wconf 76' lang='grc' dir='ltr'>ταῦτα</span> <span class='ocrx_word' id='word_1_270' title='bbox 888 2210 1004 2249; x_wconf 88' lang='grc' dir='ltr'>πάντα</span> <span class='ocrx_word' id='word_1_271' title='bbox 1028 2212 1116 2262; x_wconf 76' lang='grc' dir='ltr'>ὁρῶν</span> 
     </span>
     <span class='ocr_line' id='line_1_36' title="bbox 89 2270 1116 2325; baseline 0.001 -16"><span class='ocrx_word' id='word_1_272' title='bbox 89 2273 267 2325; x_wconf 76' lang='grc' dir='ltr'>ἠνείχετο,</span> <span class='ocrx_word' id='word_1_273' title='bbox 294 2271 354 2310; x_wconf 81' lang='grc' dir='ltr'><strong>καὶ</strong></span> <span class='ocrx_word' id='word_1_274' title='bbox 373 2274 452 2311; x_wconf 79' lang='grc' dir='ltr'>Οὐκ</span> <span class='ocrx_word' id='word_1_275' title='bbox 471 2271 596 2310; x_wconf 84' lang='grc' dir='ltr'>ἔδωκεν</span> <span class='ocrx_word' id='word_1_276' title='bbox 618 2273 705 2323; x_wconf 78' lang='grc' dir='ltr'>αὐτῇ</span> <span class='ocrx_word' id='word_1_277' title='bbox 730 2270 857 2324; x_wconf 86' lang='grc' dir='ltr'>Κύριος</span> <span class='ocrx_word' id='word_1_278' title='bbox 871 2302 880 2319; x_wconf 86' lang='grc'>,</span> <span class='ocrx_word' id='word_1_279' title='bbox 907 2271 1014 2324; x_wconf 80' lang='grc' dir='ltr'>φησὶ,</span> <span class='ocrx_word' id='word_1_280' title='bbox 1033 2288 1116 2310; x_wconf 88' lang='grc' dir='ltr'>παι-</span> 
     </span>
     <span class='ocr_line' id='line_1_37' title="bbox 90 2331 1119 2385; baseline 0.002 -16"><span class='ocrx_word' id='word_1_281' title='bbox 90 2332 160 2370; x_wconf 81' lang='grc' dir='ltr'>δίον</span> <span class='ocrx_word' id='word_1_282' title='bbox 191 2332 281 2371; x_wconf 72' lang='grc' dir='ltr'>κατὰ</span> <span class='ocrx_word' id='word_1_283' title='bbox 312 2333 376 2381; x_wconf 75' lang='grc' dir='ltr'><strong>τὴν</strong></span> <span class='ocrx_word' id='word_1_284' title='bbox 411 2332 526 2385; x_wconf 67' lang='grc' dir='ltr'>θλίψιν</span> <span class='ocrx_word' id='word_1_285' title='bbox 555 2334 682 2381; x_wconf 60' lang='grc' dir='ltr'>αὐτῆς,</span> <span class='ocrx_word' id='word_1_286' title='bbox 720 2332 780 2370; x_wconf 81' lang='grc' dir='ltr'><strong>καὶ</strong></span> <span class='ocrx_word' id='word_1_287' title='bbox 816 2331 909 2371; x_wconf 83' lang='grc' dir='ltr'>κατὰ</span> <span class='ocrx_word' id='word_1_288' title='bbox 942 2332 1007 2379; x_wconf 77' lang='grc' dir='ltr'><strong>τὴν</strong></span> <span class='ocrx_word' id='word_1_289' title='bbox 1038 2336 1119 2372; x_wconf 85' lang='grc' dir='ltr'>ἀθυ-</span> 
     </span>
     <span class='ocr_line' id='line_1_38' title="bbox 92 2394 1116 2448; baseline 0.002 -17"><span class='ocrx_word' id='word_1_290' title='bbox 92 2394 174 2444; x_wconf 83' lang='grc' dir='ltr'>μίαν</span> <span class='ocrx_word' id='word_1_291' title='bbox 202 2397 264 2440; x_wconf 74' lang='grc' dir='ltr'><strong>τῆς</strong></span> <span class='ocrx_word' id='word_1_292' title='bbox 292 2396 407 2446; x_wconf 72' lang='grc' dir='ltr'>ψυχῆς</span> <span class='ocrx_word' id='word_1_293' title='bbox 438 2397 556 2441; x_wconf 78' lang='grc' dir='ltr'>αὖτῆς.</span> <span class='ocrx_word' id='word_1_294' title='bbox 578 2394 626 2434; x_wconf 92' lang='grc' dir='ltr'><strong>Τί</strong></span> <span class='ocrx_word' id='word_1_295' title='bbox 652 2396 743 2443; x_wconf 84' lang='grc' dir='ltr'>ἐστι,</span> <span class='ocrx_word' id='word_1_296' title='bbox 779 2394 881 2433; x_wconf 74' lang='grc' dir='ltr'>Κατὰ</span> <span class='ocrx_word' id='word_1_297' title='bbox 909 2394 973 2442; x_wconf 77' lang='grc' dir='ltr'><strong>τὴν</strong></span> <span class='ocrx_word' id='word_1_298' title='bbox 1001 2394 1116 2448; x_wconf 75' lang='grc' dir='ltr'>θλίψιν</span> 
     </span>
     <span class='ocr_line' id='line_1_39' title="bbox 91 2455 1116 2509; baseline 0.002 -17"><span class='ocrx_word' id='word_1_299' title='bbox 91 2456 216 2502; x_wconf 56' lang='grc' dir='ltr'>αὐτ-’ῆς</span> <span class='ocrx_word' id='word_1_300' title='bbox 246 2456 322 2494; x_wconf 85' lang='grc' dir='ltr'>Οὐκ</span> <span class='ocrx_word' id='word_1_301' title='bbox 355 2455 448 2494; x_wconf 85' lang='grc' dir='ltr'>ἔστιν</span> <span class='ocrx_word' id='word_1_302' title='bbox 485 2457 607 2504; x_wconf 81' lang='grc' dir='ltr'>εἰπεῖν,</span> <span class='ocrx_word' id='word_1_303' title='bbox 640 2455 757 2509; x_wconf 74' lang='grc' dir='ltr'>φησὶν,</span> <span class='ocrx_word' id='word_1_304' title='bbox 788 2456 842 2494; x_wconf 82' lang='grc' dir='ltr'><strong>ὅτι</strong></span> <span class='ocrx_word' id='word_1_305' title='bbox 873 2456 992 2509; x_wconf 72' lang='grc' dir='ltr'>πράως</span> <span class='ocrx_word' id='word_1_306' title='bbox 1027 2459 1116 2508; x_wconf 84' lang='grc' dir='ltr'>ὁρῶν</span> 
     </span>
     <span class='ocr_line' id='line_1_40' title="bbox 91 2515 1120 2570; baseline 0 -15"><span class='ocrx_word' id='word_1_307' title='bbox 91 2517 260 2569; x_wconf 75' lang='grc' dir='ltr'>φέρουσαν</span> <span class='ocrx_word' id='word_1_308' title='bbox 298 2515 360 2564; x_wconf 76' lang='grc' dir='ltr'><strong>τὴν</strong></span> <span class='ocrx_word' id='word_1_309' title='bbox 395 2516 587 2570; x_wconf 77' lang='grc' dir='ltr'>συμφορὰν,</span> <span class='ocrx_word' id='word_1_310' title='bbox 615 2520 750 2570; x_wconf 73' lang='grc' dir='ltr'>ἐπεῖχεν</span> <span class='ocrx_word' id='word_1_311' title='bbox 783 2519 889 2565; x_wconf 68' lang='grc' dir='ltr'>αὐτῆς</span> <span class='ocrx_word' id='word_1_312' title='bbox 921 2518 979 2557; x_wconf 85' lang='grc' dir='ltr'><strong>τὸν</strong></span> <span class='ocrx_word' id='word_1_313' title='bbox 1005 2518 1120 2564; x_wconf 86' lang='grc' dir='ltr'>τόκον,</span> 
     </span>
     <span class='ocr_line' id='line_1_41' title="bbox 92 2577 1097 2633; baseline 0.002 -16"><span class='ocrx_word' id='word_1_314' title='bbox 92 2578 182 2617; x_wconf 69' lang='grc' dir='ltr'>ἀλλὰ</span> <span class='ocrx_word' id='word_1_315' title='bbox 208 2577 321 2617; x_wconf 89' lang='grc' dir='ltr'>καίτοι</span> <span class='ocrx_word' id='word_1_316' title='bbox 347 2578 622 2629; x_wconf 76' lang='grc' dir='ltr'>διακοπτομένην</span> <span class='ocrx_word' id='word_1_317' title='bbox 648 2582 751 2633; x_wconf 81' lang='grc' dir='ltr'>ὁρῶν,</span> <span class='ocrx_word' id='word_1_318' title='bbox 779 2580 1013 2632; x_wconf 81' lang='grc' dir='ltr'>ὀδυνωμένην,</span> <span class='ocrx_word' id='word_1_319' title='bbox 1043 2581 1097 2619; x_wconf 88' lang='grc' dir='ltr'><strong>θλι</strong></span> 
     </span>
    </p>
   </div>
   <div class='ocr_carea' id='block_1_9' title="bbox 90 2702 1122 3309">
    <p class='ocr_par' dir='ltr' id='par_1_12' title="bbox 91 2702 1122 3309">
     <span class='ocr_line' id='line_1_42' title="bbox 92 2702 1122 2777; baseline 0.002 -36"><span class='ocrx_word' id='word_1_320' title='bbox 92 2705 208 2753; x_wconf 84' lang='grc' dir='ltr'>μεῖζον</span> <span class='ocrx_word' id='word_1_321' title='bbox 233 2704 435 2753; x_wconf 88' lang='grc' dir='ltr'>οἰκονομῶν.</span> <span class='ocrx_word' id='word_1_322' title='bbox 469 2703 595 2741; x_wconf 57' lang='lat' dir='ltr'><strong>&#39;luvra</strong></span> <span class='ocrx_word' id='word_1_323' title='bbox 624 2702 674 2754; x_wconf 80' lang='grc' dir='ltr'><strong>μὴ</strong></span> <span class='ocrx_word' id='word_1_324' title='bbox 712 2703 895 2777; x_wconf 84' lang='grc' dir='ltr'>παρέργως</span> <span class='ocrx_word' id='word_1_325' title='bbox 927 2704 1122 2756; x_wconf 86' lang='grc' dir='ltr'>ἀκούωμεν,</span> 
     </span>
     <span class='ocr_line' id='line_1_43' title="bbox 90 2763 1121 2820; baseline 0.004 -19.095"><span class='ocrx_word' id='word_1_326' title='bbox 90 2763 204 2801; x_wconf 65' lang='grc' dir='ltr'>’ἀλλὰ</span> <span class='ocrx_word' id='word_1_327' title='bbox 233 2763 292 2801; x_wconf 70' lang='grc' dir='ltr'><strong>καὶ</strong></span> <span class='ocrx_word' id='word_1_328' title='bbox 322 2765 475 2802; x_wconf 82' lang='grc' dir='ltr'>ἐντεῦθεν</span> <span class='ocrx_word' id='word_1_329' title='bbox 509 2763 676 2815; x_wconf 79' lang='grc' dir='ltr'>μάθωμεν</span> <span class='ocrx_word' id='word_1_330' title='bbox 703 2765 870 2816; x_wconf 81' lang='grc' dir='ltr'>μεγίστην</span> <span class='ocrx_word' id='word_1_331' title='bbox 904 2767 1121 2820; x_wconf 71' lang='grc' dir='ltr'>φιλοσοφίαν,</span> 
     </span>
     <span class='ocr_line' id='line_1_44' title="bbox 92 2824 1122 2880; baseline 0.004 -17"><span class='ocrx_word' id='word_1_332' title='bbox 92 2840 151 2863; x_wconf 76' lang='grc' dir='ltr'><strong>και</strong></span> <span class='ocrx_word' id='word_1_333' title='bbox 171 2824 310 2862; x_wconf 79' lang='grc' dir='ltr'>επειδὰν</span> <span class='ocrx_word' id='word_1_334' title='bbox 341 2825 440 2863; x_wconf 84' lang='grc' dir='ltr'>δεινῶ</span> <span class='ocrx_word' id='word_1_335' title='bbox 470 2840 538 2863; x_wconf 89' lang='grc' dir='ltr'>τινι</span> <span class='ocrx_word' id='word_1_336' title='bbox 567 2825 828 2878; x_wconf 84' lang='grc' dir='ltr'>περιπέσωμεν,</span> <span class='ocrx_word' id='word_1_337' title='bbox 860 2826 924 2866; x_wconf 80' lang='grc' dir='ltr'><strong>κᾶν</strong></span> <span class='ocrx_word' id='word_1_338' title='bbox 945 2829 1122 2880; x_wconf 86' lang='grc' dir='ltr'>ἀλγῶμεν,</span> 
     </span>
     <span class='ocr_line' id='line_1_45' title="bbox 91 2882 1122 2941; baseline 0.006 -19"><span class='ocrx_word' id='word_1_339' title='bbox 91 2885 156 2923; x_wconf 72' lang='grc' dir='ltr'><strong>κᾶν</strong></span> <span class='ocrx_word' id='word_1_340' title='bbox 174 2885 399 2937; x_wconf 72' lang='grc' dir='ltr'>ὀδυρώμεθα,</span> <span class='ocrx_word' id='word_1_341' title='bbox 419 2885 483 2923; x_wconf 78' lang='grc' dir='ltr'><strong>κᾶν</strong></span> <span class='ocrx_word' id='word_1_342' title='bbox 500 2885 672 2938; x_wconf 78' lang='grc' dir='ltr'>ἀφόρητον</span> <span class='ocrx_word' id='word_1_343' title='bbox 689 2891 774 2938; x_wconf 82' lang='grc' dir='ltr'>ἡμῖν</span> <span class='ocrx_word' id='word_1_344' title='bbox 790 2882 879 2927; x_wconf 71' lang='grc' dir='ltr'>εἶναι.</span> <span class='ocrx_word' id='word_1_345' title='bbox 899 2890 983 2941; x_wconf 78' lang='grc' dir='ltr'>δοκῇ</span> <span class='ocrx_word' id='word_1_346' title='bbox 1003 2889 1043 2928; x_wconf 85' lang='grc' dir='ltr'><strong>τὸ</strong></span> <span class='ocrx_word' id='word_1_347' title='bbox 1059 2906 1122 2928; x_wconf 78' lang='grc' dir='ltr'><strong>κα-</strong></span> 
     </span>
     <span class='ocr_line' id='line_1_46' title="bbox 92 2946 1120 3002; baseline 0.004 -17"><span class='ocrx_word' id='word_1_348' title='bbox 92 2947 162 2991; x_wconf 76' lang='grc' dir='ltr'>κὸν,</span> <span class='ocrx_word' id='word_1_349' title='bbox 181 2946 231 2997; x_wconf 80' lang='grc' dir='ltr'><strong>μὴ</strong></span> <span class='ocrx_word' id='word_1_350' title='bbox 253 2946 475 2997; x_wconf 73' lang='grc' dir='ltr'>σπεύδωμεν,</span> <span class='ocrx_word' id='word_1_351' title='bbox 495 2946 583 2997; x_wconf 81' lang='grc' dir='ltr'>μηδὲ</span> <span class='ocrx_word' id='word_1_352' title='bbox 599 2947 771 2998; x_wconf 85' lang='grc' dir='ltr'>ἀλύιι)μεν,</span> <span class='ocrx_word' id='word_1_353' title='bbox 791 2950 868 2987; x_wconf 89' lang='grc' dir='ltr'>ἀλλ’</span> <span class='ocrx_word' id='word_1_354' title='bbox 890 2950 1120 3002; x_wconf 84' lang='grc' dir='ltr'>ἀναμένωμεν</span> 
     </span>
     <span class='ocr_line' id='line_1_47' title="bbox 92 3005 1121 3066; baseline 0.006 -20"><span class='ocrx_word' id='word_1_355' title='bbox 92 3011 151 3047; x_wconf 80' lang='grc' dir='ltr'><strong>τοῦ</strong></span> <span class='ocrx_word' id='word_1_356' title='bbox 173 3011 266 3047; x_wconf 75' lang='grc' dir='ltr'>Θεοῦ</span> <span class='ocrx_word' id='word_1_357' title='bbox 286 3007 349 3055; x_wconf 74' lang='grc' dir='ltr'><strong>τὴν</strong></span> <span class='ocrx_word' id='word_1_358' title='bbox 367 3007 543 3061; x_wconf 85' lang='grc' dir='ltr'>πρόνοιαν.</span> <span class='ocrx_word' id='word_1_359' title='bbox 560 3007 715 3054; x_wconf 82' lang='grc' dir='ltr'>Ἐκεῖνος</span> <span class='ocrx_word' id='word_1_360' title='bbox 730 3010 798 3063; x_wconf 80' lang='grc' dir='ltr'><strong>γὰρ</strong></span> <span class='ocrx_word' id='word_1_361' title='bbox 815 3005 885 3050; x_wconf 65' lang='grc' dir='ltr'>οἶδε</span> <span class='ocrx_word' id='word_1_362' title='bbox 906 3016 1024 3066; x_wconf 78' lang='grc' dir='ltr'>σαφῶς</span> <span class='ocrx_word' id='word_1_363' title='bbox 1036 3013 1121 3052; x_wconf 80' lang='grc' dir='ltr'>πότε</span> 
     </span>
     <span class='ocr_line' id='line_1_48' title="bbox 94 3069 1121 3126; baseline 0.006 -19"><span class='ocrx_word' id='word_1_364' title='bbox 94 3070 144 3107; x_wconf 81' lang='grc' dir='ltr'>δεῖ</span> <span class='ocrx_word' id='word_1_365' title='bbox 164 3071 268 3108; x_wconf 75' lang='grc' dir='ltr'>λῦσαι</span> <span class='ocrx_word' id='word_1_366' title='bbox 286 3070 326 3108; x_wconf 81' lang='grc' dir='ltr'><strong>τὸ</strong></span> <span class='ocrx_word' id='word_1_367' title='bbox 347 3074 466 3108; x_wconf 75' lang='grc' dir='ltr'>ποιοῦν</span> <span class='ocrx_word' id='word_1_368' title='bbox 487 3069 550 3116; x_wconf 74' lang='grc' dir='ltr'><strong>τὴν</strong></span> <span class='ocrx_word' id='word_1_369' title='bbox 574 3070 724 3121; x_wconf 85' lang='grc' dir='ltr'>ἀθυμίαν</span> <span class='ocrx_word' id='word_1_370' title='bbox 747 3075 832 3122; x_wconf 83' lang='grc' dir='ltr'><strong>ἠμῖν</strong></span> <span class='ocrx_word' id='word_1_371' title='bbox 845 3088 854 3096; x_wconf 92' lang='grc'><em>·</em></span> <span class='ocrx_word' id='word_1_372' title='bbox 878 3073 963 3126; x_wconf 80' lang='grc' dir='ltr'>ὅπερ</span> <span class='ocrx_word' id='word_1_373' title='bbox 983 3069 1041 3113; x_wconf 63' lang='grc' dir='ltr'><strong>οὖν</strong></span> <span class='ocrx_word' id='word_1_374' title='bbox 1061 3075 1121 3113; x_wconf 74' lang='grc' dir='ltr'><strong>καὶ</strong></span> 
     </span>
     <span class='ocr_line' id='line_1_49' title="bbox 93 3130 1121 3183; baseline 0.007 -15"><span class='ocrx_word' id='word_1_375' title='bbox 93 3131 152 3168; x_wconf 72' lang='grc' dir='ltr'><strong>ἐπὶ</strong></span> <span class='ocrx_word' id='word_1_376' title='bbox 169 3131 299 3177; x_wconf 82' lang='grc' dir='ltr'>ταύτης</span> <span class='ocrx_word' id='word_1_377' title='bbox 317 3130 458 3178; x_wconf 67' lang='grc' dir='ltr'>συνέέη.</span> <span class='ocrx_word' id='word_1_378' title='bbox 483 3132 537 3170; x_wconf 82' lang='grc' dir='ltr'><strong>Οὐ</strong></span> <span class='ocrx_word' id='word_1_379' title='bbox 564 3130 631 3183; x_wconf 75' lang='grc' dir='ltr'><strong>γὰρ</strong></span> <span class='ocrx_word' id='word_1_380' title='bbox 659 3135 770 3182; x_wconf 81' lang='grc' dir='ltr'>μισῶν</span> <span class='ocrx_word' id='word_1_381' title='bbox 791 3133 913 3182; x_wconf 81' lang='grc' dir='ltr'>αὐτὴν,</span> <span class='ocrx_word' id='word_1_382' title='bbox 932 3136 1009 3175; x_wconf 79' lang='grc' dir='ltr'>οὐδὲ</span> <span class='ocrx_word' id='word_1_383' title='bbox 1037 3138 1121 3175; x_wconf 84' lang='grc' dir='ltr'>ἀπο-</span> 
     </span>
     <span class='ocr_line' id='line_1_50' title="bbox 96 3191 1119 3251; baseline 0.006 -21"><span class='ocrx_word' id='word_1_384' title='bbox 96 3191 323 3243; x_wconf 78' lang='grc' dir='ltr'>στρεφόμενος</span> <span class='ocrx_word' id='word_1_385' title='bbox 349 3196 367 3231; x_wconf 84' lang='grc' dir='ltr'>ὁ</span> <span class='ocrx_word' id='word_1_386' title='bbox 387 3192 712 3236; x_wconf 82' lang='grc' dir='ltr'>Θεὸς-ἀπέκλεισεν</span> <span class='ocrx_word' id='word_1_387' title='bbox 742 3195 850 3240; x_wconf 73' lang='grc' dir='ltr'>αὐτῆς</span> <span class='ocrx_word' id='word_1_388' title='bbox 876 3195 938 3243; x_wconf 82' lang='grc' dir='ltr'><strong>τὴν</strong></span> <span class='ocrx_word' id='word_1_389' title='bbox 967 3197 1119 3251; x_wconf 70' lang='grc' dir='ltr'>μήτραν,</span> 
     </span>
     <span class='ocr_line' id='line_1_51' title="bbox 99 3253 1119 3309; baseline 0.012 -20"><span class='ocrx_word' id='word_1_390' title='bbox 99 3254 172 3290; x_wconf 83' lang='grc' dir='ltr'>ἀλλ’</span> <span class='ocrx_word' id='word_1_391' title='bbox 189 3253 245 3291; x_wconf 79' lang='grc' dir='ltr'><strong>ἵνα</strong></span> <span class='ocrx_word' id='word_1_392' title='bbox 263 3257 346 3304; x_wconf 71' lang='grc' dir='ltr'>ἡμῖν</span> <span class='ocrx_word' id='word_1_393' title='bbox 361 3254 479 3307; x_wconf 83' lang='grc' dir='ltr'>ἀνοίξῃ</span> <span class='ocrx_word' id='word_1_394' title='bbox 497 3255 558 3300; x_wconf 87' lang='grc' dir='ltr'><strong>τὰς</strong></span> <span class='ocrx_word' id='word_1_395' title='bbox 577 3254 682 3306; x_wconf 77' lang='grc' dir='ltr'>θύρας</span> <span class='ocrx_word' id='word_1_396' title='bbox 699 3259 760 3303; x_wconf 75' lang='grc' dir='ltr'>τ-ἧς</span> <span class='ocrx_word' id='word_1_397' title='bbox 779 3258 985 3309; x_wconf 80' lang='grc' dir='ltr'>φιλοσοφίας.</span> <span class='ocrx_word' id='word_1_398' title='bbox 999 3263 1061 3306; x_wconf 77' lang='grc' dir='ltr'><strong>τῆς</strong></span> <span class='ocrx_word' id='word_1_399' title='bbox 1084 3264 1119 3300; x_wconf 82' lang='grc' dir='ltr'><strong>ἐν</strong></span> 
     </span>
    </p>
   </div>
   <div class='ocr_carea' id='block_1_10' title="bbox 145 3368 1105 3474">
    <p class='ocr_par' dir='ltr' id='par_1_13' title="bbox 145 3368 1105 3474">
     <span class='ocr_line' id='line_1_52' title="bbox 145 3368 752 3417; baseline 0.007 -15"><span class='ocrx_word' id='word_1_400' title='bbox 145 3368 160 3389; x_wconf 60' lang='lat' dir='ltr'><strong>l&#39;</strong></span> <span class='ocrx_word' id='word_1_401' title='bbox 175 3369 270 3403; x_wconf 76' lang='lat' dir='ltr'><strong>Colb.</strong></span> <span class='ocrx_word' id='word_1_402' title='bbox 290 3371 357 3406; x_wconf 74' lang='lat' dir='ltr'><strong>(luo</strong></span> <span class='ocrx_word' id='word_1_403' title='bbox 372 3380 406 3406; x_wconf 74' lang='lat' dir='ltr'><strong>el.</strong></span> <span class='ocrx_word' id='word_1_404' title='bbox 421 3373 501 3417; x_wconf 59' lang='grc' dir='ltr'><strong>ΚΘΕ.</strong></span> <span class='ocrx_word' id='word_1_405' title='bbox 521 3379 752 3417; x_wconf 65' lang='grc' dir='ltr'>κατεμάνθανεν.</span> 
     </span>
     <span class='ocr_line' id='line_1_53' title="bbox 146 3422 1105 3474; baseline 0.01 -20"><span class='ocrx_word' id='word_1_406' title='bbox 146 3434 157 3446; x_wconf 67' lang='grc'><strong>·’·</strong></span> <span class='ocrx_word' id='word_1_407' title='bbox 174 3422 268 3457; x_wconf 53' lang='lat' dir='ltr'><strong>(lull).</strong></span> <span class='ocrx_word' id='word_1_408' title='bbox 297 3424 362 3460; x_wconf 79' lang='lat' dir='ltr'><strong>duo</strong></span> <span class='ocrx_word' id='word_1_409' title='bbox 384 3434 416 3460; x_wconf 77' lang='lat' dir='ltr'><strong>el.</strong></span> <span class='ocrx_word' id='word_1_410' title='bbox 437 3427 518 3470; x_wconf 74' lang='lat' dir='ltr'><strong>ch.</strong></span> <span class='ocrx_word' id='word_1_411' title='bbox 545 3431 613 3463; x_wconf 65' lang='grc' dir='ltr'>ἀλλ’</span> <span class='ocrx_word' id='word_1_412' title='bbox 640 3433 766 3463; x_wconf 67' lang='grc' dir='ltr'>ἐνταῦθα</span> <span class='ocrx_word' id='word_1_413' title='bbox 795 3433 999 3474; x_wconf 58' lang='grc' dir='ltr'>ᾳιλοσοῐῡῶμεν</span> <span class='ocrx_word' id='word_1_414' title='bbox 1017 3436 1105 3472; x_wconf 75' lang='grc' dir='ltr'>μεγί-</span> 
     </span>
    </p>
   </div>
   <div class='ocr_carea' id='block_1_11' title="bbox 971 204 1345 240">
    <p class='ocr_par' dir='ltr' id='par_1_14' title="bbox 971 204 1345 240">
     <span class='ocr_line' id='line_1_54' title="bbox 971 204 1345 240; baseline -0.013 0"><span class='ocrx_word' id='word_1_415' title='bbox 971 207 1093 240; x_wconf 68' lang='lat' dir='ltr'><strong>anm</strong></span> <span class='ocrx_word' id='word_1_416' title='bbox 1131 204 1278 236; x_wconf 74' lang='lat' dir='ltr'>SERMO</span> <span class='ocrx_word' id='word_1_417' title='bbox 1316 205 1345 235; x_wconf 90' lang='grc' dir='ltr'><strong>Ι.</strong></span> 
     </span>
    </p>
   </div>
   <div class='ocr_carea' id='block_1_12' title="bbox 91 2607 1176 2695">
    <p class='ocr_par' dir='ltr' id='par_1_15' title="bbox 91 2607 1176 2695">
     <span class='ocr_line' id='line_1_55' title="bbox 91 2607 1176 2695; baseline 0.003 -17"><span class='ocrx_word' id='word_1_418' title='bbox 91 2639 178 2691; x_wconf 68' lang='grc' dir='ltr'>ὅομέ</span> <span class='ocrx_word' id='word_1_419' title='bbox 164 2656 254 2688; x_wconf 66' lang='grc' dir='ltr'>ενην,</span> <span class='ocrx_word' id='word_1_420' title='bbox 286 2641 348 2678; x_wconf 82' lang='grc' dir='ltr'><strong>οὐκ</strong></span> <span class='ocrx_word' id='word_1_421' title='bbox 376 2639 477 2678; x_wconf 87' lang='grc' dir='ltr'>ἔλυσε</span> <span class='ocrx_word' id='word_1_422' title='bbox 506 2639 568 2687; x_wconf 77' lang='grc' dir='ltr'><strong>τὴν</strong></span> <span class='ocrx_word' id='word_1_423' title='bbox 601 2641 763 2691; x_wconf 82' lang='grc' dir='ltr'>ἀθυμίαν,</span> <span class='ocrx_word' id='word_1_424' title='bbox 792 2640 908 2694; x_wconf 81' lang='grc' dir='ltr'>ἕτερόν</span> <span class='ocrx_word' id='word_1_425' title='bbox 938 2658 973 2680; x_wconf 91' lang='grc' dir='ltr'><strong>τι</strong></span> <span class='ocrx_word' id='word_1_426' title='bbox 998 2607 1176 2695; x_wconf 53' lang='grc' dir='ltr'><strong>ἰτολλῳἸιολ6</strong></span> 
     </span>
    </p>
   </div>
   <div class='ocr_carea' id='block_1_13' title="bbox 2037 188 2125 250">
    <p class='ocr_par' dir='ltr' id='par_1_16' title="bbox 2037 188 2125 250">
     <span class='ocr_line' id='line_1_56' title="bbox 2037 188 2125 250; baseline 0 0"><span class='ocrx_word' id='word_1_427' title='bbox 2037 188 2125 250; x_wconf 77' lang='lat'><strong>8¹7</strong></span> 
     </span>
    </p>
   </div>
   <div class='ocr_carea' id='block_1_14' title="bbox 1175 286 2338 710">
    <p class='ocr_par' dir='ltr' id='par_1_17' title="bbox 1175 286 2130 341">
     <span class='ocr_line' id='line_1_57' title="bbox 1175 286 2130 341; baseline -0.003 -14"><span class='ocrx_word' id='word_1_428' title='bbox 1175 289 1204 327; x_wconf 80' lang='lat' dir='ltr'><strong>si</strong></span> <span class='ocrx_word' id='word_1_429' title='bbox 1218 287 1366 327; x_wconf 86' lang='lat' dir='ltr'><strong>consilio</strong></span> <span class='ocrx_word' id='word_1_430' title='bbox 1384 288 1503 341; x_wconf 63' lang='lat' dir='ltr'><strong>juveS,</strong></span> <span class='ocrx_word' id='word_1_431' title='bbox 1518 286 1564 327; x_wconf 88' lang='lat' dir='ltr'><strong>ob</strong></span> <span class='ocrx_word' id='word_1_432' title='bbox 1578 287 1669 325; x_wconf 86' lang='lat' dir='ltr'><strong>hanc</strong></span> <span class='ocrx_word' id='word_1_433' title='bbox 1684 300 1805 324; x_wconf 87' lang='lat' dir='ltr'><strong>curam</strong></span> <span class='ocrx_word' id='word_1_434' title='bbox 1822 286 1933 324; x_wconf 87' lang='lat' dir='ltr'><strong>multa</strong></span> <span class='ocrx_word' id='word_1_435' title='bbox 1952 286 2015 324; x_wconf 85' lang='lat' dir='ltr'><strong>tibi</strong></span> <span class='ocrx_word' id='word_1_436' title='bbox 2035 287 2130 338; x_wconf 81' lang='lat' dir='ltr'><strong>apud</strong></span> 
     </span>
    </p>

    <p class='ocr_par' dir='ltr' id='par_1_18' title="bbox 1176 347 2130 397">
     <span class='ocr_line' id='line_1_58' title="bbox 1176 347 2130 397; baseline -0.002 -9"><span class='ocrx_word' id='word_1_437' title='bbox 1176 351 1294 388; x_wconf 89' lang='lat' dir='ltr'><strong>Deum</strong></span> <span class='ocrx_word' id='word_1_438' title='bbox 1311 364 1443 388; x_wconf 84' lang='lat' dir='ltr'>merces</span> <span class='ocrx_word' id='word_1_439' title='bbox 1463 349 1529 387; x_wconf 87' lang='lat' dir='ltr'><strong>erit</strong></span> <span class='ocrx_word' id='word_1_440' title='bbox 1548 349 1753 387; x_wconf 86' lang='lat' dir='ltr'><strong>constituta.</strong></span> <span class='ocrx_word' id='word_1_441' title='bbox 1773 349 1825 386; x_wconf 83' lang='lat' dir='ltr'><strong>Ne</strong></span> <span class='ocrx_word' id='word_1_442' title='bbox 1847 347 1958 397; x_wconf 72' lang='lat' dir='ltr'><strong>igitur</strong></span> <span class='ocrx_word' id='word_1_443' title='bbox 1975 347 2130 386; x_wconf 87' lang='lat' dir='ltr'><strong>alienum</strong></span> 
     </span>
    </p>

    <p class='ocr_par' dir='ltr' id='par_1_19' title="bbox 1177 409 2338 710">
     <span class='ocr_line' id='line_1_59' title="bbox 1177 409 2338 468; baseline -0.003 -18.992"><span class='ocrx_word' id='word_1_444' title='bbox 1177 426 1196 449; x_wconf 91' lang='lat' dir='ltr'><strong>a</strong></span> <span class='ocrx_word' id='word_1_445' title='bbox 1213 426 1249 450; x_wconf 89' lang='lat' dir='ltr'><strong>se</strong></span> <span class='ocrx_word' id='word_1_446' title='bbox 1265 411 1431 449; x_wconf 85' lang='lat' dir='ltr'><strong>mulieres</strong></span> <span class='ocrx_word' id='word_1_447' title='bbox 1446 411 1678 459; x_wconf 81' lang='lat' dir='ltr'><strong>arbitrentur,</strong></span> <span class='ocrx_word' id='word_1_448' title='bbox 1693 410 1721 447; x_wconf 88' lang='lat' dir='ltr'><strong>si</strong></span> <span class='ocrx_word' id='word_1_449' title='bbox 1736 419 1768 447; x_wconf 89' lang='lat' dir='ltr'><strong>et</strong></span> <span class='ocrx_word' id='word_1_450' title='bbox 1784 409 1995 447; x_wconf 77' lang='lat' dir='ltr'><strong>seminatum</strong></span> <span class='ocrx_word' id='word_1_451' title='bbox 2009 419 2041 447; x_wconf 87' lang='lat' dir='ltr'><strong>et</strong></span> <span class='ocrx_word' id='word_1_452' title='bbox 2057 424 2131 447; x_wconf 87' lang='lat' dir='ltr'><strong>ma-</strong></span> <span class='ocrx_word' id='word_1_453' title='bbox 2204 409 2268 465; x_wconf 49' lang='grc'><strong>““1“</strong></span> <span class='ocrx_word' id='word_1_454' title='bbox 2249 410 2285 424; x_wconf 66' lang='lat'><strong>&#39;¹²</strong></span> <span class='ocrx_word' id='word_1_455' title='bbox 2277 411 2316 466; x_wconf 50' lang='lat'><strong>[¹¹¹¹</strong></span> <span class='ocrx_word' id='word_1_456' title='bbox 2317 410 2338 468; x_wconf 60' lang='grc' dir='ltr'>ἶ</span> 
     </span>
     <span class='ocr_line' id='line_1_60' title="bbox 1178 471 2336 524; baseline -0.002 -14"><span class='ocrx_word' id='word_1_457' title='bbox 1178 472 1274 511; x_wconf 91' lang='lat' dir='ltr'><strong>rium</strong></span> <span class='ocrx_word' id='word_1_458' title='bbox 1291 487 1413 511; x_wconf 86' lang='lat' dir='ltr'><strong>curam</strong></span> <span class='ocrx_word' id='word_1_459' title='bbox 1433 481 1570 524; x_wconf 78' lang='lat' dir='ltr'>gerant.</span> <span class='ocrx_word' id='word_1_460' title='bbox 1588 474 1665 510; x_wconf 80' lang='lat' dir='ltr'><strong>Non</strong></span> <span class='ocrx_word' id='word_1_461' title='bbox 1680 471 1772 509; x_wconf 90' lang='lat' dir='ltr'><strong>enim</strong></span> <span class='ocrx_word' id='word_1_462' title='bbox 1791 471 1850 509; x_wconf 92' lang='lat' dir='ltr'><strong>hic</strong></span> <span class='ocrx_word' id='word_1_463' title='bbox 1865 486 1990 509; x_wconf 83' lang='lat' dir='ltr'><strong>sexum</strong></span> <span class='ocrx_word' id='word_1_464' title='bbox 2005 471 2133 509; x_wconf 86' lang='lat' dir='ltr'><strong>distin·</strong></span> <span class='ocrx_word' id='word_1_465' title='bbox 2149 490 2171 507; x_wconf 73' lang='grc' dir='ltr'><strong>ει</strong></span> <span class='ocrx_word' id='word_1_466' title='bbox 2175 482 2229 507; x_wconf 60' lang='lat' dir='ltr'><strong>lut.</strong></span> <span class='ocrx_word' id='word_1_467' title='bbox 2231 488 2272 507; x_wconf 96' lang='grc' dir='ltr'><strong>ιιι</strong></span> <span class='ocrx_word' id='word_1_468' title='bbox 2277 483 2336 508; x_wconf 80' lang='grc' dir='ltr'>..ιι</span> 
     </span>
     <span class='ocr_line' id='line_1_61' title="bbox 1178 522 2298 586; baseline -0.001 -14"><span class='ocrx_word' id='word_1_469' title='bbox 1178 534 1235 572; x_wconf 80' lang='lat' dir='ltr'><strong>xit</strong></span> <span class='ocrx_word' id='word_1_470' title='bbox 1248 535 1360 583; x_wconf 84' lang='lat' dir='ltr'><strong>Deus,</strong></span> <span class='ocrx_word' id='word_1_471' title='bbox 1381 533 1442 572; x_wconf 86' lang='lat' dir='ltr'><strong>sed</strong></span> <span class='ocrx_word' id='word_1_472' title='bbox 1462 543 1495 572; x_wconf 91' lang='lat' dir='ltr'><strong>et</strong></span> <span class='ocrx_word' id='word_1_473' title='bbox 1519 533 1593 571; x_wconf 87' lang='lat' dir='ltr'><strong>illic</strong></span> <span class='ocrx_word' id='word_1_474' title='bbox 1613 533 1823 586; x_wconf 87' lang='lat' dir='ltr'><strong>simpliciter</strong></span> <span class='ocrx_word' id='word_1_475' title='bbox 1845 522 2298 586; x_wconf 59' lang='lat' dir='ltr'><strong>dixit,31slu›³¹⁰&#39;·‘⁰¹¹¹&#39;¹</strong></span> 
     </span>
     <span class='ocr_line' id='line_1_62' title="bbox 1179 595 2136 648; baseline -0.002 -14"><span class='ocrx_word' id='word_1_476' title='bbox 1179 598 1359 635; x_wconf 77' lang='lat' dir='ltr'><strong>educavit</strong></span> <span class='ocrx_word' id='word_1_477' title='bbox 1368 610 1386 645; x_wconf 83' lang='lat'><strong>,·</strong></span> <span class='ocrx_word' id='word_1_478' title='bbox 1405 606 1439 634; x_wconf 91' lang='lat' dir='ltr'><strong>et</strong></span> <span class='ocrx_word' id='word_1_479' title='bbox 1464 595 1544 643; x_wconf 86' lang='lat' dir='ltr'><strong>hic,</strong></span> <span class='ocrx_word' id='word_1_480' title='bbox 1566 596 1607 634; x_wconf 87' lang='lat' dir='ltr'><strong>Si</strong></span> <span class='ocrx_word' id='word_1_481' title='bbox 1618 598 1905 648; x_wconf 77' lang='lat' dir='ltr'><strong>permanserint</strong></span> <span class='ocrx_word' id='word_1_482' title='bbox 1927 598 1968 632; x_wconf 86' lang='lat' dir='ltr'><strong>in</strong></span> <span class='ocrx_word' id='word_1_483' title='bbox 1982 596 2083 648; x_wconf 82' lang='lat' dir='ltr'><strong>side,</strong></span> <span class='ocrx_word' id='word_1_484' title='bbox 2099 604 2136 632; x_wconf 81' lang='lat' dir='ltr'><strong>et</strong></span> 
     </span>
     <span class='ocr_line' id='line_1_63' title="bbox 1180 656 2138 710; baseline -0.002 -14"><span class='ocrx_word' id='word_1_485' title='bbox 1180 659 1400 705; x_wconf 79' lang='lat' dir='ltr'><em>dilectione,</em></span> <span class='ocrx_word' id='word_1_486' title='bbox 1417 667 1452 696; x_wconf 81' lang='lat' dir='ltr'><strong>et</strong></span> <span class='ocrx_word' id='word_1_487' title='bbox 1468 658 1792 710; x_wconf 76' lang='lat' dir='ltr'><strong>sanctificatione.</strong></span> <span class='ocrx_word' id='word_1_488' title='bbox 1808 658 1930 708; x_wconf 82' lang='lat' dir='ltr'><strong>ltaque</strong></span> <span class='ocrx_word' id='word_1_489' title='bbox 1949 656 2138 707; x_wconf 85' lang='lat' dir='ltr'><strong>utriusque</strong></span> 
     </span>
    </p>
   </div>
   <div class='ocr_carea' id='block_1_15' title="bbox 2219 357 2336 384">
    <p class='ocr_par' dir='ltr' id='par_1_20' title="bbox 2219 357 2336 384">
     <span class='ocr_line' id='line_1_64' title="bbox 2219 357 2336 384; baseline 0.009 -1"><span class='ocrx_word' id='word_1_490' title='bbox 2219 357 2336 384; x_wconf 59' lang='lat' dir='ltr'><strong>Mulie:-</strong></span> 
     </span>
    </p>
   </div>
   <div class='ocr_carea' id='block_1_16' title="bbox 1131 718 2136 772">
    <p class='ocr_par' dir='ltr' id='par_1_21' title="bbox 1131 718 2136 772">
     <span class='ocr_line' id='line_1_65' title="bbox 1131 718 2136 772; baseline -0.002 -15"><span class='ocrx_word' id='word_1_491' title='bbox 1131 727 1154 756; x_wconf 83' lang='lat' dir='ltr'>C</span> <span class='ocrx_word' id='word_1_492' title='bbox 1182 718 1319 772; x_wconf 82' lang='lat' dir='ltr'><strong>generis</strong></span> <span class='ocrx_word' id='word_1_493' title='bbox 1346 718 1541 756; x_wconf 85' lang='lat' dir='ltr'><strong>liberorum</strong></span> <span class='ocrx_word' id='word_1_494' title='bbox 1577 718 1804 771; x_wconf 82' lang='lat' dir='ltr'><strong>suscipienda</strong></span> <span class='ocrx_word' id='word_1_495' title='bbox 1833 719 1935 756; x_wconf 90' lang='lat' dir='ltr'><strong>nobis</strong></span> <span class='ocrx_word' id='word_1_496' title='bbox 1961 727 2011 756; x_wconf 79' lang='lat' dir='ltr'><strong>est</strong></span> <span class='ocrx_word' id='word_1_497' title='bbox 2039 733 2136 767; x_wconf 87' lang='lat' dir='ltr'><strong>cura,</strong></span> 
     </span>
    </p>
   </div>
   <div class='ocr_carea' id='block_1_17' title="bbox 1182 779 2144 1384">
    <p class='ocr_par' dir='ltr' id='par_1_22' title="bbox 1182 779 2144 1384">
     <span class='ocr_line' id='line_1_66' title="bbox 1184 779 2138 833; baseline -0.002 -14"><span class='ocrx_word' id='word_1_498' title='bbox 1184 790 1351 833; x_wconf 88' lang='lat' dir='ltr'><strong>tantoque</strong></span> <span class='ocrx_word' id='word_1_499' title='bbox 1367 781 1483 832; x_wconf 84' lang='lat' dir='ltr'><strong>magis</strong></span> <span class='ocrx_word' id='word_1_500' title='bbox 1500 780 1724 829; x_wconf 86' lang='lat' dir='ltr'><strong>mulieribus,</strong></span> <span class='ocrx_word' id='word_1_501' title='bbox 1742 789 1874 832; x_wconf 87' lang='lat' dir='ltr'><strong>quanto</strong></span> <span class='ocrx_word' id='word_1_502' title='bbox 1894 780 2022 833; x_wconf 65' lang='lat' dir='ltr'><strong>sapius</strong></span> <span class='ocrx_word' id='word_1_503' title='bbox 2040 779 2138 818; x_wconf 80' lang='lat' dir='ltr'><strong>(lomi</strong></span> 
     </span>
     <span class='ocr_line' id='line_1_67' title="bbox 1183 841 2138 894; baseline 0 -14"><span class='ocrx_word' id='word_1_504' title='bbox 1183 841 1348 881; x_wconf 84' lang='lat' dir='ltr'><strong>resident.</strong></span> <span class='ocrx_word' id='word_1_505' title='bbox 1365 843 1456 880; x_wconf 87' lang='lat' dir='ltr'><strong>Nam</strong></span> <span class='ocrx_word' id='word_1_506' title='bbox 1479 841 1576 881; x_wconf 82' lang='lat' dir='ltr'><strong>viros</strong></span> <span class='ocrx_word' id='word_1_507' title='bbox 1599 842 1746 894; x_wconf 89' lang='lat' dir='ltr'><strong>quidem</strong></span> <span class='ocrx_word' id='word_1_508' title='bbox 1766 841 2076 894; x_wconf 40' lang='lat' dir='ltr'><strong>pereffliiiationeg</strong></span> <span class='ocrx_word' id='word_1_509' title='bbox 2096 857 2138 880; x_wconf 88' lang='lat' dir='ltr'><strong>ae</strong></span> 
     </span>
     <span class='ocr_line' id='line_1_68' title="bbox 1183 903 2137 956; baseline -0.001 -14"><span class='ocrx_word' id='word_1_510' title='bbox 1183 904 1251 943; x_wconf 87' lang='lat' dir='ltr'><strong>sori</strong></span> <span class='ocrx_word' id='word_1_511' title='bbox 1269 904 1540 952; x_wconf 78' lang='lat' dir='ltr'><strong>sollicitudines,</strong></span> <span class='ocrx_word' id='word_1_512' title='bbox 1562 913 1595 942; x_wconf 89' lang='lat' dir='ltr'><strong>et</strong></span> <span class='ocrx_word' id='word_1_513' title='bbox 1614 903 1755 956; x_wconf 86' lang='lat' dir='ltr'><strong>negotia</strong></span> <span class='ocrx_word' id='word_1_514' title='bbox 1778 903 1934 942; x_wconf 89' lang='lat' dir='ltr'><strong>civitatis</strong></span> <span class='ocrx_word' id='word_1_515' title='bbox 1947 918 2039 955; x_wconf 71' lang='lat' dir='ltr'><strong>saepe</strong></span> <span class='ocrx_word' id='word_1_516' title='bbox 2056 903 2137 941; x_wconf 88' lang='lat' dir='ltr'><strong>dis-</strong></span> 
     </span>
     <span class='ocr_line' id='line_1_69' title="bbox 1182 965 2141 1004; baseline -0.001 0"><span class='ocrx_word' id='word_1_517' title='bbox 1182 966 1330 1004; x_wconf 88' lang='lat' dir='ltr'><strong>trahunt</strong></span> <span class='ocrx_word' id='word_1_518' title='bbox 1351 981 1359 1003; x_wconf 75' lang='lat' dir='ltr'><strong><em>z</em></strong></span> <span class='ocrx_word' id='word_1_519' title='bbox 1381 966 1510 1004; x_wconf 88' lang='lat' dir='ltr'><strong>mulier</strong></span> <span class='ocrx_word' id='word_1_520' title='bbox 1533 974 1651 1004; x_wconf 88' lang='lat' dir='ltr'><strong>autem</strong></span> <span class='ocrx_word' id='word_1_521' title='bbox 1672 966 1718 1004; x_wconf 86' lang='lat' dir='ltr'><strong>ab</strong></span> <span class='ocrx_word' id='word_1_522' title='bbox 1742 965 1798 1003; x_wconf 86' lang='lat' dir='ltr'><strong>his</strong></span> <span class='ocrx_word' id='word_1_523' title='bbox 1817 966 1912 1004; x_wconf 90' lang='lat' dir='ltr'><strong>curis</strong></span> <span class='ocrx_word' id='word_1_524' title='bbox 1931 965 2141 1003; x_wconf 84' lang='lat' dir='ltr'><strong>immunita-</strong></span> 
     </span>
     <span class='ocr_line' id='line_1_70' title="bbox 1185 1028 2140 1080; baseline -0.001 -14"><span class='ocrx_word' id='word_1_525' title='bbox 1185 1036 1255 1066; x_wconf 84' lang='lat' dir='ltr'><strong>tem</strong></span> <span class='ocrx_word' id='word_1_526' title='bbox 1283 1028 1405 1066; x_wconf 90' lang='lat' dir='ltr'><strong>sortita</strong></span> <span class='ocrx_word' id='word_1_527' title='bbox 1435 1028 1575 1066; x_wconf 82' lang='lat' dir='ltr'><strong>facilius</strong></span> <span class='ocrx_word' id='word_1_528' title='bbox 1603 1028 1745 1080; x_wconf 87' lang='lat' dir='ltr'><strong>poterit,</strong></span> <span class='ocrx_word' id='word_1_529' title='bbox 1768 1042 1850 1065; x_wconf 88' lang='lat' dir='ltr'><strong>cum</strong></span> <span class='ocrx_word' id='word_1_530' title='bbox 1878 1036 1974 1065; x_wconf 87' lang='lat' dir='ltr'><strong>tauto</strong></span> <span class='ocrx_word' id='word_1_531' title='bbox 2003 1028 2140 1065; x_wconf 88' lang='lat' dir='ltr'><strong>fruatur</strong></span> 
     </span>
     <span class='ocr_line' id='line_1_71' title="bbox 1185 1088 2141 1140; baseline -0.001 -13"><span class='ocrx_word' id='word_1_532' title='bbox 1185 1089 1273 1140; x_wconf 88' lang='lat' dir='ltr'><strong>otio,</strong></span> <span class='ocrx_word' id='word_1_533' title='bbox 1293 1089 1488 1127; x_wconf 85' lang='lat' dir='ltr'><strong>liberorum</strong></span> <span class='ocrx_word' id='word_1_534' title='bbox 1511 1103 1634 1127; x_wconf 89' lang='lat' dir='ltr'><strong>curam</strong></span> <span class='ocrx_word' id='word_1_535' title='bbox 1656 1103 1786 1140; x_wconf 80' lang='lat' dir='ltr'><strong>gerere.</strong></span> <span class='ocrx_word' id='word_1_536' title='bbox 1807 1089 1860 1126; x_wconf 87' lang='lat' dir='ltr'><strong>Ita</strong></span> <span class='ocrx_word' id='word_1_537' title='bbox 1886 1088 2062 1126; x_wconf 86' lang='lat' dir='ltr'><strong>faciebant</strong></span> <span class='ocrx_word' id='word_1_538' title='bbox 2077 1103 2141 1127; x_wconf 88' lang='lat' dir='ltr'><strong>an-</strong></span> 
     </span>
     <span class='ocr_line' id='line_1_72' title="bbox 1187 1149 2141 1201; baseline -0.002 -13"><span class='ocrx_word' id='word_1_539' title='bbox 1187 1150 1294 1201; x_wconf 82' lang='lat' dir='ltr'><strong>tiquae</strong></span> <span class='ocrx_word' id='word_1_540' title='bbox 1332 1150 1500 1188; x_wconf 88' lang='lat' dir='ltr'><strong>mulieres</strong></span> <span class='ocrx_word' id='word_1_541' title='bbox 1521 1165 1528 1186; x_wconf 94' lang='lat'><strong>:</strong></span> <span class='ocrx_word' id='word_1_542' title='bbox 1551 1164 1620 1187; x_wconf 92' lang='lat' dir='ltr'><strong>non</strong></span> <span class='ocrx_word' id='word_1_543' title='bbox 1654 1149 1749 1188; x_wconf 88' lang='lat' dir='ltr'><strong>enim</strong></span> <span class='ocrx_word' id='word_1_544' title='bbox 1766 1164 1785 1187; x_wconf 91' lang='lat' dir='ltr'><strong>a</strong></span> <span class='ocrx_word' id='word_1_545' title='bbox 1808 1149 1897 1187; x_wconf 85' lang='lat' dir='ltr'><strong>viris</strong></span> <span class='ocrx_word' id='word_1_546' title='bbox 1920 1149 2060 1198; x_wconf 91' lang='lat' dir='ltr'><strong>solum,</strong></span> <span class='ocrx_word' id='word_1_547' title='bbox 2079 1149 2141 1187; x_wconf 87' lang='lat' dir='ltr'><strong>sed</strong></span> 
     </span>
     <span class='ocr_line' id='line_1_73' title="bbox 1186 1210 2139 1263; baseline -0.002 -14"><span class='ocrx_word' id='word_1_548' title='bbox 1186 1211 1293 1250; x_wconf 82' lang='lat' dir='ltr'><strong>etiam</strong></span> <span class='ocrx_word' id='word_1_549' title='bbox 1314 1226 1333 1249; x_wconf 92' lang='lat' dir='ltr'><strong>a</strong></span> <span class='ocrx_word' id='word_1_550' title='bbox 1351 1210 1563 1248; x_wconf 88' lang='lat' dir='ltr'><strong>mulieribus</strong></span> <span class='ocrx_word' id='word_1_551' title='bbox 1584 1210 1652 1248; x_wconf 91' lang='lat' dir='ltr'><strong>hoc</strong></span> <span class='ocrx_word' id='word_1_552' title='bbox 1670 1210 1885 1263; x_wconf 88' lang='lat' dir='ltr'><strong>postulatur,</strong></span> <span class='ocrx_word' id='word_1_553' title='bbox 1907 1219 1946 1247; x_wconf 91' lang='lat' dir='ltr'><strong>ut</strong></span> <span class='ocrx_word' id='word_1_554' title='bbox 1965 1224 2059 1258; x_wconf 91' lang='lat' dir='ltr'><strong>suos,</strong></span> <span class='ocrx_word' id='word_1_555' title='bbox 2080 1210 2139 1248; x_wconf 92' lang='lat' dir='ltr'><strong>in—</strong></span> 
     </span>
     <span class='ocr_line' id='line_1_74' title="bbox 1186 1271 2143 1325; baseline 0 -15"><span class='ocrx_word' id='word_1_556' title='bbox 1186 1287 1312 1324; x_wconf 91' lang='lat' dir='ltr'><strong>quam,</strong></span> <span class='ocrx_word' id='word_1_557' title='bbox 1338 1273 1470 1311; x_wconf 88' lang='lat' dir='ltr'><strong>liberos</strong></span> <span class='ocrx_word' id='word_1_558' title='bbox 1497 1282 1637 1322; x_wconf 85' lang='lat' dir='ltr'><strong>curent,</strong></span> <span class='ocrx_word' id='word_1_559' title='bbox 1669 1281 1774 1323; x_wconf 89' lang='lat' dir='ltr'><strong>atque</strong></span> <span class='ocrx_word' id='word_1_560' title='bbox 1800 1271 1846 1309; x_wconf 88' lang='lat' dir='ltr'><strong>ad</strong></span> <span class='ocrx_word' id='word_1_561' title='bbox 1876 1272 2143 1325; x_wconf 78' lang='lat' dir='ltr'><strong>philosophiam</strong></span> 
     </span>
     <span class='ocr_line' id='line_1_75' title="bbox 1186 1334 2144 1384; baseline -0.001 -11"><span class='ocrx_word' id='word_1_562' title='bbox 1186 1335 1268 1374; x_wconf 92' lang='lat' dir='ltr'><strong>illos</strong></span> <span class='ocrx_word' id='word_1_563' title='bbox 1286 1335 1447 1373; x_wconf 84' lang='lat' dir='ltr'><strong>incitent.</strong></span> <span class='ocrx_word' id='word_1_564' title='bbox 1465 1334 1573 1382; x_wconf 91' lang='lat' dir='ltr'><strong>Quod</strong></span> <span class='ocrx_word' id='word_1_565' title='bbox 1589 1343 1628 1372; x_wconf 91' lang='lat' dir='ltr'><strong>ut</strong></span> <span class='ocrx_word' id='word_1_566' title='bbox 1647 1348 1774 1373; x_wconf 81' lang='lat' dir='ltr'><strong>verum</strong></span> <span class='ocrx_word' id='word_1_567' title='bbox 1795 1348 1869 1372; x_wconf 89' lang='lat' dir='ltr'><strong>esse</strong></span> <span class='ocrx_word' id='word_1_568' title='bbox 1890 1343 2036 1384; x_wconf 84' lang='lat' dir='ltr'><strong>constet,</strong></span> <span class='ocrx_word' id='word_1_569' title='bbox 2053 1344 2144 1373; x_wconf 84' lang='lat' dir='ltr'><strong>vete·</strong></span> 
     </span>
    </p>
   </div>
   <div class='ocr_carea' id='block_1_18' title="bbox 1138 1395 2142 1448">
    <p class='ocr_par' dir='ltr' id='par_1_23' title="bbox 1138 1395 2142 1448">
     <span class='ocr_line' id='line_1_76' title="bbox 1138 1395 2142 1448; baseline 0 -13"><span class='ocrx_word' id='word_1_570' title='bbox 1138 1402 1160 1431; x_wconf 89' lang='lat' dir='ltr'>D</span> <span class='ocrx_word' id='word_1_571' title='bbox 1186 1411 1261 1435; x_wconf 89' lang='lat' dir='ltr'><strong>rem</strong></span> <span class='ocrx_word' id='word_1_572' title='bbox 1274 1396 1379 1435; x_wconf 72' lang='lat' dir='ltr'><strong>vobis</strong></span> <span class='ocrx_word' id='word_1_573' title='bbox 1392 1396 1580 1435; x_wconf 84' lang='lat' dir='ltr'><strong>historiam</strong></span> <span class='ocrx_word' id='word_1_574' title='bbox 1598 1395 1762 1433; x_wconf 81' lang='lat' dir='ltr'><strong>narrabo.</strong></span> <span class='ocrx_word' id='word_1_575' title='bbox 1780 1395 1864 1434; x_wconf 86' lang='lat' dir='ltr'><strong>Fuit</strong></span> <span class='ocrx_word' id='word_1_576' title='bbox 1884 1395 1980 1448; x_wconf 89' lang='lat' dir='ltr'><strong>apud</strong></span> <span class='ocrx_word' id='word_1_577' title='bbox 1999 1395 2142 1435; x_wconf 81' lang='lat' dir='ltr'><strong>Judaeos</strong></span> 
     </span>
    </p>
   </div>
   <div class='ocr_carea' id='block_1_19' title="bbox 1185 1457 2345 2063">
    <p class='ocr_par' dir='ltr' id='par_1_24' title="bbox 1186 1457 2345 1743">
     <span class='ocr_line' id='line_1_77' title="bbox 1187 1457 2141 1510; baseline 0 -14"><span class='ocrx_word' id='word_1_578' title='bbox 1187 1461 1287 1496; x_wconf 90' lang='lat' dir='ltr'><strong>Anna</strong></span> <span class='ocrx_word' id='word_1_579' title='bbox 1303 1458 1434 1497; x_wconf 90' lang='lat' dir='ltr'><strong>mulier</strong></span> <span class='ocrx_word' id='word_1_580' title='bbox 1447 1457 1625 1510; x_wconf 84' lang='lat' dir='ltr'><strong>quaedam.</strong></span> <span class='ocrx_word' id='word_1_581' title='bbox 1642 1457 1727 1495; x_wconf 80' lang='lat' dir='ltr'><strong>Haec</strong></span> <span class='ocrx_word' id='word_1_582' title='bbox 1738 1459 1838 1495; x_wconf 84' lang='lat' dir='ltr'><strong>Anna</strong></span> <span class='ocrx_word' id='word_1_583' title='bbox 1853 1458 1967 1496; x_wconf 92' lang='lat' dir='ltr'><strong>multo</strong></span> <span class='ocrx_word' id='word_1_584' title='bbox 1984 1467 2141 1510; x_wconf 88' lang='lat' dir='ltr'><strong>tempore</strong></span> 
     </span>
     <span class='ocr_line' id='line_1_78' title="bbox 1186 1519 2345 1581; baseline -0.002 -22"><span class='ocrx_word' id='word_1_585' title='bbox 1186 1520 1372 1559; x_wconf 83' lang='lat' dir='ltr'><strong>sterilitate</strong></span> <span class='ocrx_word' id='word_1_586' title='bbox 1390 1520 1550 1559; x_wconf 64' lang='lat' dir='ltr'><strong>laboiax</strong></span> <span class='ocrx_word' id='word_1_587' title='bbox 1529 1529 1581 1567; x_wconf 86' lang='lat' dir='ltr'><strong>1t</strong></span> <span class='ocrx_word' id='word_1_588' title='bbox 1599 1519 1767 1570; x_wconf 83' lang='lat' dir='ltr'><strong>quodque</strong></span> <span class='ocrx_word' id='word_1_589' title='bbox 1791 1534 1832 1571; x_wconf 82' lang='lat' dir='ltr'><strong>gi</strong></span> <span class='ocrx_word' id='word_1_590' title='bbox 1834 1534 1937 1558; x_wconf 65' lang='lat' dir='ltr'><strong>axius</strong></span> <span class='ocrx_word' id='word_1_591' title='bbox 1961 1520 2043 1570; x_wconf 89' lang='lat' dir='ltr'><strong>suit,</strong></span> <span class='ocrx_word' id='word_1_592' title='bbox 2065 1521 2163 1580; x_wconf 86' lang='lat' dir='ltr'><strong>ejus</strong></span> <span class='ocrx_word' id='word_1_593' title='bbox 2156 1560 2206 1581; x_wconf 60' lang='grc' dir='ltr'>Η</span> <span class='ocrx_word' id='word_1_594' title='bbox 2222 1557 2345 1581; x_wconf 59' lang='lat' dir='ltr'><strong>s-...ne-</strong></span> 
     </span>
     <span class='ocr_line' id='line_1_79' title="bbox 1187 1576 2246 1623; baseline -0.002 -3"><span class='ocrx_word' id='word_1_595' title='bbox 1187 1582 1318 1620; x_wconf 83' lang='lat' dir='ltr'><strong>aemula</strong></span> <span class='ocrx_word' id='word_1_596' title='bbox 1346 1581 1543 1620; x_wconf 88' lang='lat' dir='ltr'><strong>multorum</strong></span> <span class='ocrx_word' id='word_1_597' title='bbox 1568 1580 1700 1619; x_wconf 80' lang='lat' dir='ltr'><strong>liberm</strong></span> <span class='ocrx_word' id='word_1_598' title='bbox 1703 1595 1764 1618; x_wconf 91' lang='lat' dir='ltr'><strong>um</strong></span> <span class='ocrx_word' id='word_1_599' title='bbox 1789 1590 1902 1619; x_wconf 87' lang='lat' dir='ltr'><strong>mate1</strong></span> <span class='ocrx_word' id='word_1_600' title='bbox 1928 1589 2014 1618; x_wconf 87' lang='lat' dir='ltr'><strong>erat.</strong></span> <span class='ocrx_word' id='word_1_601' title='bbox 2035 1581 2143 1619; x_wconf 89' lang='lat' dir='ltr'><strong>Scitis</strong></span> <span class='ocrx_word' id='word_1_602' title='bbox 2157 1596 2202 1623; x_wconf 84' lang='grc' dir='ltr'><strong>ι.</strong></span> <span class='ocrx_word' id='word_1_603' title='bbox 2243 1576 2246 1580; x_wconf 60' lang='grc'><strong>’</strong></span> 
     </span>
     <span class='ocr_line' id='line_1_80' title="bbox 1187 1642 2143 1694; baseline -0.002 -12"><span class='ocrx_word' id='word_1_604' title='bbox 1187 1653 1306 1683; x_wconf 85' lang='lat' dir='ltr'><strong>autem</strong></span> <span class='ocrx_word' id='word_1_605' title='bbox 1333 1658 1441 1694; x_wconf 88' lang='lat' dir='ltr'><strong>quam</strong></span> <span class='ocrx_word' id='word_1_606' title='bbox 1466 1652 1592 1681; x_wconf 89' lang='lat' dir='ltr'><strong>natura</strong></span> <span class='ocrx_word' id='word_1_607' title='bbox 1615 1656 1678 1680; x_wconf 89' lang='lat' dir='ltr'><strong>sua</strong></span> <span class='ocrx_word' id='word_1_608' title='bbox 1702 1651 1735 1680; x_wconf 89' lang='lat' dir='ltr'><strong>et</strong></span> <span class='ocrx_word' id='word_1_609' title='bbox 1753 1656 1816 1694; x_wconf 84' lang='lat' dir='ltr'><strong>per</strong></span> <span class='ocrx_word' id='word_1_610' title='bbox 1834 1642 1987 1694; x_wconf 85' lang='lat' dir='ltr'><strong>seipsam</strong></span> <span class='ocrx_word' id='word_1_611' title='bbox 2006 1656 2060 1680; x_wconf 84' lang='lat' dir='ltr'><strong>res</strong></span> <span class='ocrx_word' id='word_1_612' title='bbox 2080 1642 2143 1681; x_wconf 85' lang='lat' dir='ltr'><strong>illa</strong></span> 
     </span>
     <span class='ocr_line' id='line_1_81' title="bbox 1187 1703 2143 1743; baseline 0 -1"><span class='ocrx_word' id='word_1_613' title='bbox 1187 1704 1398 1743; x_wconf 86' lang='lat' dir='ltr'><strong>mulieribus</strong></span> <span class='ocrx_word' id='word_1_614' title='bbox 1412 1704 1458 1743; x_wconf 88' lang='lat' dir='ltr'><strong>sit</strong></span> <span class='ocrx_word' id='word_1_615' title='bbox 1471 1703 1816 1742; x_wconf 84' lang='lat' dir='ltr'><strong>intolerabilis:cum</strong></span> <span class='ocrx_word' id='word_1_616' title='bbox 1833 1718 1916 1742; x_wconf 76' lang='lat' dir='ltr'><strong>vero</strong></span> <span class='ocrx_word' id='word_1_617' title='bbox 1930 1703 2060 1742; x_wconf 87' lang='lat' dir='ltr'><strong>liberos</strong></span> <span class='ocrx_word' id='word_1_618' title='bbox 2078 1704 2143 1742; x_wconf 87' lang='lat' dir='ltr'><strong>ha-</strong></span> 
     </span>
    </p>

    <p class='ocr_par' dir='ltr' id='par_1_25' title="bbox 1187 1764 2143 1817">
     <span class='ocr_line' id='line_1_82' title="bbox 1187 1764 2143 1817; baseline -0.001 -12"><span class='ocrx_word' id='word_1_619' title='bbox 1187 1766 1273 1805; x_wconf 87' lang='lat' dir='ltr'><strong>bens</strong></span> <span class='ocrx_word' id='word_1_620' title='bbox 1288 1766 1425 1805; x_wconf 87' lang='lat' dir='ltr'><strong>aecedit</strong></span> <span class='ocrx_word' id='word_1_621' title='bbox 1443 1765 1588 1816; x_wconf 83' lang='lat' dir='ltr'><strong>aemula,</strong></span> <span class='ocrx_word' id='word_1_622' title='bbox 1608 1764 1722 1803; x_wconf 86' lang='lat' dir='ltr'><strong>multo</strong></span> <span class='ocrx_word' id='word_1_623' title='bbox 1742 1764 1783 1803; x_wconf 85' lang='lat' dir='ltr'><strong>fit</strong></span> <span class='ocrx_word' id='word_1_624' title='bbox 1799 1765 2143 1817; x_wconf 81' lang='lat' dir='ltr'><strong>gravi01·:siquidem</strong></span> 
     </span>
    </p>

    <p class='ocr_par' dir='ltr' id='par_1_26' title="bbox 1187 1826 2144 1879">
     <span class='ocr_line' id='line_1_83' title="bbox 1187 1826 2144 1879; baseline 0.001 -14"><span class='ocrx_word' id='word_1_625' title='bbox 1187 1841 1233 1865; x_wconf 80' lang='lat' dir='ltr'><strong>ex</strong></span> <span class='ocrx_word' id='word_1_626' title='bbox 1259 1827 1419 1866; x_wconf 81' lang='lat' dir='ltr'><strong>mulieris</strong></span> <span class='ocrx_word' id='word_1_627' title='bbox 1439 1827 1538 1865; x_wconf 90' lang='lat' dir='ltr'><strong>illius</strong></span> <span class='ocrx_word' id='word_1_628' title='bbox 1564 1826 1798 1879; x_wconf 85' lang='lat' dir='ltr'><strong>prosperitate</strong></span> <span class='ocrx_word' id='word_1_629' title='bbox 1816 1826 1946 1864; x_wconf 90' lang='lat' dir='ltr'><strong>melius</strong></span> <span class='ocrx_word' id='word_1_630' title='bbox 1963 1827 2144 1866; x_wconf 86' lang='lat' dir='ltr'><strong>calamita-</strong></span> 
     </span>
    </p>

    <p class='ocr_par' dir='ltr' id='par_1_27' title="bbox 1188 1888 2144 1941">
     <span class='ocr_line' id='line_1_84' title="bbox 1188 1888 2144 1941; baseline -0.001 -13"><span class='ocrx_word' id='word_1_631' title='bbox 1188 1898 1257 1928; x_wconf 87' lang='lat' dir='ltr'><strong>tem</strong></span> <span class='ocrx_word' id='word_1_632' title='bbox 1271 1904 1374 1928; x_wconf 91' lang='lat' dir='ltr'><strong>suam</strong></span> <span class='ocrx_word' id='word_1_633' title='bbox 1386 1888 1672 1940; x_wconf 65' lang='lat' dir='ltr'><strong>intelligit;sictit</strong></span> <span class='ocrx_word' id='word_1_634' title='bbox 1687 1888 1791 1940; x_wconf 88' lang='lat' dir='ltr'><strong>etqui</strong></span> <span class='ocrx_word' id='word_1_635' title='bbox 1806 1897 1964 1927; x_wconf 77' lang='lat' dir='ltr'><strong>extrema</strong></span> <span class='ocrx_word' id='word_1_636' title='bbox 1976 1903 2144 1941; x_wconf 82' lang='lat' dir='ltr'><strong>premun-</strong></span> 
     </span>
    </p>

    <p class='ocr_par' dir='ltr' id='par_1_28' title="bbox 1185 1949 2144 2003">
     <span class='ocr_line' id='line_1_85' title="bbox 1185 1949 2144 2003; baseline -0.001 -14"><span class='ocrx_word' id='word_1_637' title='bbox 1185 1961 1246 1990; x_wconf 87' lang='lat' dir='ltr'><strong>tur</strong></span> <span class='ocrx_word' id='word_1_638' title='bbox 1260 1960 1425 2003; x_wconf 87' lang='lat' dir='ltr'><strong>egestate,</strong></span> <span class='ocrx_word' id='word_1_639' title='bbox 1444 1959 1522 1988; x_wconf 90' lang='lat' dir='ltr'><strong>tum</strong></span> <span class='ocrx_word' id='word_1_640' title='bbox 1539 1949 1660 1988; x_wconf 89' lang='lat' dir='ltr'><strong>dolent</strong></span> <span class='ocrx_word' id='word_1_641' title='bbox 1679 1950 1809 1997; x_wconf 87' lang='lat' dir='ltr'><strong>aerius,</strong></span> <span class='ocrx_word' id='word_1_642' title='bbox 1827 1963 1908 1987; x_wconf 91' lang='lat' dir='ltr'><strong>cum</strong></span> <span class='ocrx_word' id='word_1_643' title='bbox 1923 1949 2054 1989; x_wconf 84' lang='lat' dir='ltr'><strong>divites</strong></span> <span class='ocrx_word' id='word_1_644' title='bbox 2070 1950 2144 1988; x_wconf 90' lang='lat' dir='ltr'><strong>illis</strong></span> 
     </span>
    </p>

    <p class='ocr_par' dir='ltr' id='par_1_29' title="bbox 1186 2011 2144 2063">
     <span class='ocr_line' id='line_1_86' title="bbox 1186 2011 2144 2063; baseline -0.002 -12"><span class='ocrx_word' id='word_1_645' title='bbox 1186 2013 1222 2052; x_wconf 92' lang='lat' dir='ltr'><strong>in</strong></span> <span class='ocrx_word' id='word_1_646' title='bbox 1251 2022 1406 2051; x_wconf 89' lang='lat' dir='ltr'><strong>mentem</strong></span> <span class='ocrx_word' id='word_1_647' title='bbox 1428 2011 1602 2051; x_wconf 86' lang='lat' dir='ltr'><strong>venerint.</strong></span> <span class='ocrx_word' id='word_1_648' title='bbox 1633 2012 1755 2063; x_wconf 86' lang='lat' dir='ltr'><strong>Neque</strong></span> <span class='ocrx_word' id='word_1_649' title='bbox 1784 2025 1869 2050; x_wconf 75' lang='lat' dir='ltr'><strong>vero</strong></span> <span class='ocrx_word' id='word_1_650' title='bbox 1897 2012 2144 2050; x_wconf 88' lang='lat' dir='ltr'><strong>calamitosum</strong></span> 
     </span>
    </p>
   </div>
   <div class='ocr_carea' id='block_1_20' title="bbox 2155 1471 2344 1539">
    <p class='ocr_par' dir='ltr' id='par_1_30' title="bbox 2155 1471 2344 1539">
     <span class='ocr_line' id='line_1_87' title="bbox 2217 1471 2343 1497; baseline -0.008 0"><span class='ocrx_word' id='word_1_651' title='bbox 2217 1471 2253 1497; x_wconf 84' lang='grc' dir='ltr'><strong>Ὴι</strong></span> <span class='ocrx_word' id='word_1_652' title='bbox 2260 1478 2299 1496; x_wconf 96' lang='grc' dir='ltr'>ιιιι</span> <span class='ocrx_word' id='word_1_653' title='bbox 2305 1473 2343 1497; x_wconf 72' lang='grc' dir='ltr'><strong>ιιι</strong></span> 
     </span>
     <span class='ocr_line' id='line_1_88' title="bbox 2155 1511 2344 1539; baseline -0.005 0"><span class='ocrx_word' id='word_1_654' title='bbox 2155 1511 2245 1539; x_wconf 79' lang='grc' dir='ltr'>Αιιιιιι·</span> <span class='ocrx_word' id='word_1_655' title='bbox 2286 1525 2344 1539; x_wconf 62' lang='lat' dir='ltr'><strong>n...⁴</strong></span> 
     </span>
    </p>
   </div>
   <div class='ocr_carea' id='block_1_21' title="bbox 1140 2072 2143 2128">
    <p class='ocr_par' dir='ltr' id='par_1_31' title="bbox 1140 2072 2143 2128">
     <span class='ocr_line' id='line_1_89' title="bbox 1140 2072 2143 2128; baseline -0.001 -15"><span class='ocrx_word' id='word_1_656' title='bbox 1140 2098 1162 2128; x_wconf 69' lang='grc' dir='ltr'>Ε</span> <span class='ocrx_word' id='word_1_657' title='bbox 1187 2075 1255 2114; x_wconf 89' lang='lat' dir='ltr'><strong>hoc</strong></span> <span class='ocrx_word' id='word_1_658' title='bbox 1275 2083 1414 2113; x_wconf 88' lang='lat' dir='ltr'><strong>tantum</strong></span> <span class='ocrx_word' id='word_1_659' title='bbox 1436 2073 1516 2123; x_wconf 87' lang='lat' dir='ltr'><strong>fuit,</strong></span> <span class='ocrx_word' id='word_1_660' title='bbox 1534 2072 1630 2125; x_wconf 86' lang='lat' dir='ltr'><strong>quod</strong></span> <span class='ocrx_word' id='word_1_661' title='bbox 1646 2073 1724 2111; x_wconf 81' lang='lat' dir='ltr'><strong>haec</strong></span> <span class='ocrx_word' id='word_1_662' title='bbox 1742 2073 1873 2112; x_wconf 86' lang='lat' dir='ltr'><strong>liberos</strong></span> <span class='ocrx_word' id='word_1_663' title='bbox 1892 2088 1961 2112; x_wconf 91' lang='lat' dir='ltr'><strong>non</strong></span> <span class='ocrx_word' id='word_1_664' title='bbox 1983 2073 2143 2118; x_wconf 83' lang='lat' dir='ltr'><strong>haberet,</strong></span> 
     </span>
    </p>
   </div>
   <div class='ocr_carea' id='block_1_22' title="bbox 1186 2134 2341 3103">
    <p class='ocr_par' dir='ltr' id='par_1_32' title="bbox 1186 2134 2341 3103">
     <span class='ocr_line' id='line_1_90' title="bbox 1186 2134 2145 2186; baseline -0.002 -11"><span class='ocrx_word' id='word_1_665' title='bbox 1186 2136 1248 2175; x_wconf 88' lang='lat' dir='ltr'><strong>illa</strong></span> <span class='ocrx_word' id='word_1_666' title='bbox 1261 2136 1420 2186; x_wconf 85' lang='lat' dir='ltr'><strong>haberet,</strong></span> <span class='ocrx_word' id='word_1_667' title='bbox 1437 2134 1496 2174; x_wconf 92' lang='lat' dir='ltr'><strong>sed</strong></span> <span class='ocrx_word' id='word_1_668' title='bbox 1518 2134 1615 2186; x_wconf 87' lang='lat' dir='ltr'><strong>quod</strong></span> <span class='ocrx_word' id='word_1_669' title='bbox 1633 2134 1762 2173; x_wconf 82' lang='lat' dir='ltr'><strong>aemula</strong></span> <span class='ocrx_word' id='word_1_670' title='bbox 1778 2144 1867 2173; x_wconf 88' lang='lat' dir='ltr'><strong>esset</strong></span> <span class='ocrx_word' id='word_1_671' title='bbox 1887 2150 1895 2171; x_wconf 91' lang='lat'>:</span> <span class='ocrx_word' id='word_1_672' title='bbox 1913 2149 2027 2186; x_wconf 85' lang='lat' dir='ltr'><strong>neque</strong></span> <span class='ocrx_word' id='word_1_673' title='bbox 2047 2135 2145 2186; x_wconf 86' lang='lat' dir='ltr'><strong>quod</strong></span> 
     </span>
     <span class='ocr_line' id='line_1_91' title="bbox 1186 2195 2145 2249; baseline -0.002 -13"><span class='ocrx_word' id='word_1_674' title='bbox 1186 2197 1315 2236; x_wconf 83' lang='lat' dir='ltr'><strong>aemula</strong></span> <span class='ocrx_word' id='word_1_675' title='bbox 1334 2206 1475 2235; x_wconf 85' lang='lat' dir='ltr'><strong>tantum</strong></span> <span class='ocrx_word' id='word_1_676' title='bbox 1504 2204 1608 2246; x_wconf 88' lang='lat' dir='ltr'><strong>esset,</strong></span> <span class='ocrx_word' id='word_1_677' title='bbox 1626 2209 1754 2235; x_wconf 75' lang='lat' dir='ltr'><strong>verum</strong></span> <span class='ocrx_word' id='word_1_678' title='bbox 1780 2195 1886 2233; x_wconf 87' lang='lat' dir='ltr'><strong>etiam</strong></span> <span class='ocrx_word' id='word_1_679' title='bbox 1911 2195 2009 2247; x_wconf 89' lang='lat' dir='ltr'><strong>quod</strong></span> <span class='ocrx_word' id='word_1_680' title='bbox 2030 2196 2145 2249; x_wconf 88' lang='lat' dir='ltr'><strong>ipsam</strong></span> 
     </span>
     <span class='ocr_line' id='line_1_92' title="bbox 1187 2257 2146 2311; baseline -0.001 -13"><span class='ocrx_word' id='word_1_681' title='bbox 1187 2259 1234 2298; x_wconf 84' lang='lat' dir='ltr'><strong>ad</strong></span> <span class='ocrx_word' id='word_1_682' title='bbox 1257 2257 1482 2297; x_wconf 78' lang='lat' dir='ltr'><strong>iracundiam</strong></span> <span class='ocrx_word' id='word_1_683' title='bbox 1505 2266 1730 2310; x_wconf 87' lang='lat' dir='ltr'><strong>provocaret,</strong></span> <span class='ocrx_word' id='word_1_684' title='bbox 1751 2270 1791 2295; x_wconf 82' lang='lat' dir='ltr'><strong>eo</strong></span> <span class='ocrx_word' id='word_1_685' title='bbox 1813 2257 1910 2308; x_wconf 88' lang='lat' dir='ltr'><strong>quod</strong></span> <span class='ocrx_word' id='word_1_686' title='bbox 1932 2258 2031 2296; x_wconf 89' lang='lat' dir='ltr'><strong>illam</strong></span> <span class='ocrx_word' id='word_1_687' title='bbox 2050 2273 2146 2311; x_wconf 87' lang='lat' dir='ltr'><strong>sper-</strong></span> 
     </span>
     <span class='ocr_line' id='line_1_93' title="bbox 1187 2315 2143 2365; baseline -0.001 -9"><span class='ocrx_word' id='word_1_688' title='bbox 1187 2325 1298 2356; x_wconf 84' lang='lat' dir='ltr'><strong>neret.</strong></span> <span class='ocrx_word' id='word_1_689' title='bbox 1317 2317 1415 2355; x_wconf 86' lang='lat' dir='ltr'><strong>Deus</strong></span> <span class='ocrx_word' id='word_1_690' title='bbox 1427 2325 1545 2354; x_wconf 85' lang='lat' dir='ltr'><strong>autem</strong></span> <span class='ocrx_word' id='word_1_691' title='bbox 1572 2329 1655 2354; x_wconf 90' lang='lat' dir='ltr'><strong>cum</strong></span> <span class='ocrx_word' id='word_1_692' title='bbox 1673 2315 1740 2354; x_wconf 89' lang='lat' dir='ltr'><strong>hoc</strong></span> <span class='ocrx_word' id='word_1_693' title='bbox 1765 2326 1934 2365; x_wconf 85' lang='lat' dir='ltr'><strong>cerneret,</strong></span> <span class='ocrx_word' id='word_1_694' title='bbox 1955 2317 2143 2364; x_wconf 87' lang='lat' dir='ltr'><strong>tolerabat,</strong></span> 
     </span>
     <span class='ocr_line' id='line_1_94' title="bbox 1187 2377 2341 2432; baseline -0.003 -15"><span class='ocrx_word' id='word_1_695' title='bbox 1187 2388 1221 2417; x_wconf 88' lang='lat' dir='ltr'><strong>et</strong></span> <span class='ocrx_word' id='word_1_696' title='bbox 1243 2380 1334 2417; x_wconf 81' lang='lat' dir='ltr'><strong>Non</strong></span> <span class='ocrx_word' id='word_1_697' title='bbox 1355 2378 1462 2416; x_wconf 80' lang='lat' dir='ltr'><strong>dedit</strong></span> <span class='ocrx_word' id='word_1_698' title='bbox 1491 2379 1528 2415; x_wconf 81' lang='lat' dir='ltr'><strong>ei</strong></span> <span class='ocrx_word' id='word_1_699' title='bbox 1554 2378 1762 2424; x_wconf 79' lang='lat' dir='ltr'><strong>Dominus,</strong></span> <span class='ocrx_word' id='word_1_700' title='bbox 1787 2377 1919 2429; x_wconf 86' lang='lat' dir='ltr'><strong>inquit,</strong></span> <span class='ocrx_word' id='word_1_701' title='bbox 1937 2379 2066 2431; x_wconf 82' lang='lat' dir='ltr'><strong>filium</strong></span> <span class='ocrx_word' id='word_1_702' title='bbox 2086 2393 2143 2417; x_wconf 83' lang='lat' dir='ltr'><strong>se·</strong></span> <span class='ocrx_word' id='word_1_703' title='bbox 2168 2404 2193 2425; x_wconf 79' lang='lat' dir='ltr'><strong>r.</strong></span> <span class='ocrx_word' id='word_1_704' title='bbox 2220 2395 2296 2432; x_wconf 69' lang='lat' dir='ltr'><strong>mg.</strong></span> <span class='ocrx_word' id='word_1_705' title='bbox 2315 2401 2341 2423; x_wconf 67' lang='lat'><strong>1,</strong></span> 
     </span>
     <span class='ocr_line' id='line_1_95' title="bbox 1187 2437 2194 2491; baseline -0.001 -12"><span class='ocrx_word' id='word_1_706' title='bbox 1187 2441 1358 2480; x_wconf 82' lang='lat' dir='ltr'><strong>cundum</strong></span> <span class='ocrx_word' id='word_1_707' title='bbox 1378 2439 1670 2478; x_wconf 75' lang='lat' dir='ltr'><strong>tribulationem</strong></span> <span class='ocrx_word' id='word_1_708' title='bbox 1686 2441 1767 2491; x_wconf 83' lang='lat' dir='ltr'><strong>ejus</strong></span> <span class='ocrx_word' id='word_1_709' title='bbox 1788 2447 1822 2476; x_wconf 81' lang='lat' dir='ltr'><strong>ec</strong></span> <span class='ocrx_word' id='word_1_710' title='bbox 1842 2442 2051 2478; x_wconf 79' lang='lat' dir='ltr'><strong>secundum</strong></span> <span class='ocrx_word' id='word_1_711' title='bbox 2080 2444 2147 2478; x_wconf 85' lang='lat' dir='ltr'><strong>tri·</strong></span> <span class='ocrx_word' id='word_1_712' title='bbox 2164 2437 2194 2466; x_wconf 74' lang='lat'><strong>⁶·</strong></span> 
     </span>
     <span class='ocr_line' id='line_1_96' title="bbox 1188 2499 2147 2552; baseline -0.002 -12"><span class='ocrx_word' id='word_1_713' title='bbox 1188 2504 1337 2540; x_wconf 79' lang='lat' dir='ltr'><strong>stitlam</strong></span> <span class='ocrx_word' id='word_1_714' title='bbox 1353 2503 1497 2539; x_wconf 85' lang='lat' dir='ltr'><strong>animoe</strong></span> <span class='ocrx_word' id='word_1_715' title='bbox 1518 2502 1615 2552; x_wconf 85' lang='lat' dir='ltr'><strong>ejus.</strong></span> <span class='ocrx_word' id='word_1_716' title='bbox 1633 2499 1733 2546; x_wconf 89' lang='lat' dir='ltr'><strong>Quid</strong></span> <span class='ocrx_word' id='word_1_717' title='bbox 1758 2508 1823 2547; x_wconf 88' lang='lat' dir='ltr'><strong>est,</strong></span> <span class='ocrx_word' id='word_1_718' title='bbox 1842 2500 2060 2538; x_wconf 80' lang='lat' dir='ltr'><strong>Secundam</strong></span> <span class='ocrx_word' id='word_1_719' title='bbox 2082 2504 2147 2538; x_wconf 81' lang='lat' dir='ltr'><strong>tri-</strong></span> 
     </span>
     <span class='ocr_line' id='line_1_97' title="bbox 1191 2560 2149 2614; baseline -0.001 -13"><span class='ocrx_word' id='word_1_720' title='bbox 1191 2563 1432 2601; x_wconf 79' lang='lat' dir='ltr'><strong>bulationem</strong></span> <span class='ocrx_word' id='word_1_721' title='bbox 1446 2563 1555 2614; x_wconf 78' lang='lat' dir='ltr'><strong>ejus?</strong></span> <span class='ocrx_word' id='word_1_722' title='bbox 1571 2560 1654 2598; x_wconf 90' lang='lat' dir='ltr'><strong>Diei</strong></span> <span class='ocrx_word' id='word_1_723' title='bbox 1677 2574 1746 2598; x_wconf 87' lang='lat' dir='ltr'><strong>non</strong></span> <span class='ocrx_word' id='word_1_724' title='bbox 1772 2569 1900 2612; x_wconf 87' lang='lat' dir='ltr'><strong>potest,</strong></span> <span class='ocrx_word' id='word_1_725' title='bbox 1920 2561 2050 2612; x_wconf 88' lang='lat' dir='ltr'><strong>inquit,</strong></span> <span class='ocrx_word' id='word_1_726' title='bbox 2065 2576 2149 2601; x_wconf 89' lang='lat' dir='ltr'><strong>eum</strong></span> 
     </span>
     <span class='ocr_line' id='line_1_98' title="bbox 1189 2621 2146 2674; baseline -0.001 -11"><span class='ocrx_word' id='word_1_727' title='bbox 1189 2625 1370 2663; x_wconf 88' lang='lat' dir='ltr'><strong>videntem</strong></span> <span class='ocrx_word' id='word_1_728' title='bbox 1397 2623 1498 2661; x_wconf 89' lang='lat' dir='ltr'><strong>illam</strong></span> <span class='ocrx_word' id='word_1_729' title='bbox 1517 2637 1619 2674; x_wconf 71' lang='lat' dir='ltr'><strong>:equo</strong></span> <span class='ocrx_word' id='word_1_730' title='bbox 1638 2621 1758 2660; x_wconf 86' lang='lat' dir='ltr'><strong>animo</strong></span> <span class='ocrx_word' id='word_1_731' title='bbox 1778 2622 2015 2661; x_wconf 77' lang='lat' dir='ltr'><strong>calamitatem</strong></span> <span class='ocrx_word' id='word_1_732' title='bbox 2040 2624 2146 2673; x_wconf 86' lang='lat' dir='ltr'><strong>serre,</strong></span> 
     </span>
     <span class='ocr_line' id='line_1_99' title="bbox 1189 2683 2149 2738; baseline -0.001 -13"><span class='ocrx_word' id='word_1_733' title='bbox 1189 2686 1391 2725; x_wconf 84' lang='lat' dir='ltr'><strong>cohibuisse</strong></span> <span class='ocrx_word' id='word_1_734' title='bbox 1409 2693 1554 2738; x_wconf 88' lang='lat' dir='ltr'><strong>partum</strong></span> <span class='ocrx_word' id='word_1_735' title='bbox 1576 2684 1667 2736; x_wconf 85' lang='lat' dir='ltr'><strong>ejus,</strong></span> <span class='ocrx_word' id='word_1_736' title='bbox 1686 2683 1851 2735; x_wconf 80' lang='lat' dir='ltr'><strong>quamvis</strong></span> <span class='ocrx_word' id='word_1_737' title='bbox 1877 2698 1955 2722; x_wconf 87' lang='lat' dir='ltr'><strong>eam</strong></span> <span class='ocrx_word' id='word_1_738' title='bbox 1984 2685 2149 2735; x_wconf 88' lang='lat' dir='ltr'><strong>cruciari,</strong></span> 
     </span>
     <span class='ocr_line' id='line_1_100' title="bbox 1189 2745 2150 2799; baseline -0.002 -12"><span class='ocrx_word' id='word_1_739' title='bbox 1189 2749 1321 2797; x_wconf 88' lang='lat' dir='ltr'><strong>dolere,</strong></span> <span class='ocrx_word' id='word_1_740' title='bbox 1341 2746 1456 2798; x_wconf 78' lang='lat' dir='ltr'><strong>affligi</strong></span> <span class='ocrx_word' id='word_1_741' title='bbox 1472 2745 1624 2796; x_wconf 84' lang='lat' dir='ltr'><strong>videret,</strong></span> <span class='ocrx_word' id='word_1_742' title='bbox 1643 2759 1832 2783; x_wconf 85' lang='lat' dir='ltr'><strong>moerorem</strong></span> <span class='ocrx_word' id='word_1_743' title='bbox 1848 2754 1965 2784; x_wconf 87' lang='lat' dir='ltr'><strong>tamen</strong></span> <span class='ocrx_word' id='word_1_744' title='bbox 1983 2747 2060 2799; x_wconf 88' lang='lat' dir='ltr'><strong>ejus</strong></span> <span class='ocrx_word' id='word_1_745' title='bbox 2080 2759 2150 2785; x_wconf 90' lang='lat' dir='ltr'><strong>non</strong></span> 
     </span>
     <span class='ocr_line' id='line_1_101' title="bbox 1191 2806 2153 2859; baseline -0.002 -11"><span class='ocrx_word' id='word_1_746' title='bbox 1191 2809 1371 2858; x_wconf 86' lang='lat' dir='ltr'><strong>discussit,</strong></span> <span class='ocrx_word' id='word_1_747' title='bbox 1397 2817 1437 2846; x_wconf 89' lang='lat' dir='ltr'><strong>ut</strong></span> <span class='ocrx_word' id='word_1_748' title='bbox 1467 2807 1584 2859; x_wconf 87' lang='lat' dir='ltr'><strong>majus</strong></span> <span class='ocrx_word' id='word_1_749' title='bbox 1611 2806 1748 2858; x_wconf 90' lang='lat' dir='ltr'><strong>aliquid</strong></span> <span class='ocrx_word' id='word_1_750' title='bbox 1775 2807 1974 2846; x_wconf 87' lang='lat' dir='ltr'><strong>moliretur.</strong></span> <span class='ocrx_word' id='word_1_751' title='bbox 2003 2808 2088 2846; x_wconf 80' lang='lat' dir='ltr'><strong>Haec</strong></span> <span class='ocrx_word' id='word_1_752' title='bbox 2109 2822 2153 2846; x_wconf 90' lang='lat' dir='ltr'><strong>ne</strong></span> 
     </span>
     <span class='ocr_line' id='line_1_102' title="bbox 1195 2860 2154 2922; baseline -0.002 -12"><span class='ocrx_word' id='word_1_753' title='bbox 1195 2882 1376 2922; x_wconf 82' lang='lat' dir='ltr'><strong>tamquam</strong></span> <span class='ocrx_word' id='word_1_754' title='bbox 1396 2868 1496 2907; x_wconf 89' lang='lat' dir='ltr'><strong>aliud</strong></span> <span class='ocrx_word' id='word_1_755' title='bbox 1509 2877 1652 2920; x_wconf 84' lang='lat' dir='ltr'><strong>agentes</strong></span> <span class='ocrx_word' id='word_1_756' title='bbox 1665 2868 1866 2918; x_wconf 87' lang='lat' dir='ltr'><strong>audiamus,</strong></span> <span class='ocrx_word' id='word_1_757' title='bbox 1881 2869 1942 2907; x_wconf 92' lang='lat' dir='ltr'><strong>sed</strong></span> <span class='ocrx_word' id='word_1_758' title='bbox 1957 2860 2154 2908; x_wconf 81' lang='lat' dir='ltr'><strong>maximam</strong></span> 
     </span>
     <span class='ocr_line' id='line_1_103' title="bbox 1196 2929 2157 2987; baseline -0.002 -16"><span class='ocrx_word' id='word_1_759' title='bbox 1196 2931 1460 2987; x_wconf 83' lang='lat' dir='ltr'><strong>philosophiam</strong></span> <span class='ocrx_word' id='word_1_760' title='bbox 1492 2930 1577 2968; x_wconf 90' lang='lat' dir='ltr'><strong>hinc</strong></span> <span class='ocrx_word' id='word_1_761' title='bbox 1605 2929 1808 2979; x_wconf 88' lang='lat' dir='ltr'><strong>discamus,</strong></span> <span class='ocrx_word' id='word_1_762' title='bbox 1829 2938 1863 2968; x_wconf 84' lang='lat' dir='ltr'><strong>et</strong></span> <span class='ocrx_word' id='word_1_763' title='bbox 1887 2930 1916 2968; x_wconf 91' lang='lat' dir='ltr'><strong>si</strong></span> <span class='ocrx_word' id='word_1_764' title='bbox 1948 2931 2092 2982; x_wconf 89' lang='lat' dir='ltr'><strong>quando</strong></span> <span class='ocrx_word' id='word_1_765' title='bbox 2121 2931 2157 2969; x_wconf 91' lang='lat' dir='ltr'><strong>in</strong></span> 
     </span>
     <span class='ocr_line' id='line_1_104' title="bbox 1197 2989 2158 3044; baseline -0.003 -11"><span class='ocrx_word' id='word_1_766' title='bbox 1197 2994 1333 3034; x_wconf 81' lang='lat' dir='ltr'><strong>malum</strong></span> <span class='ocrx_word' id='word_1_767' title='bbox 1349 2990 1497 3044; x_wconf 87' lang='lat' dir='ltr'><strong>aliquod</strong></span> <span class='ocrx_word' id='word_1_768' title='bbox 1513 2989 1758 3036; x_wconf 81' lang='lat' dir='ltr'><strong>inciderimus,</strong></span> <span class='ocrx_word' id='word_1_769' title='bbox 1771 2990 1852 3029; x_wconf 91' lang='lat' dir='ltr'><strong>licet</strong></span> <span class='ocrx_word' id='word_1_770' title='bbox 1865 2990 2062 3039; x_wconf 84' lang='lat' dir='ltr'><strong>doleamus,</strong></span> <span class='ocrx_word' id='word_1_771' title='bbox 2077 2993 2158 3030; x_wconf 90' lang='lat' dir='ltr'><strong>licet</strong></span> 
     </span>
     <span class='ocr_line' id='line_1_105' title="bbox 1196 3051 2158 3103; baseline -0.004 -8"><span class='ocrx_word' id='word_1_772' title='bbox 1196 3057 1443 3103; x_wconf 83' lang='lat' dir='ltr'><strong>lamentcmur,</strong></span> <span class='ocrx_word' id='word_1_773' title='bbox 1452 3053 1534 3091; x_wconf 90' lang='lat' dir='ltr'><strong>licet</strong></span> <span class='ocrx_word' id='word_1_774' title='bbox 1548 3051 1770 3090; x_wconf 86' lang='lat' dir='ltr'><strong>intolerabile</strong></span> <span class='ocrx_word' id='word_1_775' title='bbox 1781 3052 1884 3091; x_wconf 88' lang='lat' dir='ltr'><strong>nobis</strong></span> <span class='ocrx_word' id='word_1_776' title='bbox 1893 3053 2027 3090; x_wconf 87' lang='lat' dir='ltr'><strong>malum</strong></span> <span class='ocrx_word' id='word_1_777' title='bbox 2038 3052 2158 3091; x_wconf 59' lang='lat' dir='ltr'><strong>videa·</strong></span> 
     </span>
    </p>
   </div>
   <div class='ocr_carea' id='block_1_23' title="bbox 1198 3119 2158 3243">
    <p class='ocr_par' dir='ltr' id='par_1_33' title="bbox 1198 3119 2158 3243">
     <span class='ocr_line' id='line_1_106' title="bbox 1198 3119 2158 3174; baseline -0.003 -12"><span class='ocrx_word' id='word_1_778' title='bbox 1198 3133 1268 3173; x_wconf 85' lang='lat' dir='ltr'><strong>tur,</strong></span> <span class='ocrx_word' id='word_1_779' title='bbox 1285 3136 1329 3161; x_wconf 85' lang='lat' dir='ltr'><strong>ne</strong></span> <span class='ocrx_word' id='word_1_780' title='bbox 1347 3134 1594 3174; x_wconf 81' lang='lat' dir='ltr'><strong>properemus,</strong></span> <span class='ocrx_word' id='word_1_781' title='bbox 1616 3133 1680 3157; x_wconf 86' lang='lat' dir='ltr'><strong>nec</strong></span> <span class='ocrx_word' id='word_1_782' title='bbox 1699 3119 1820 3158; x_wconf 87' lang='lat' dir='ltr'><strong>animo</strong></span> <span class='ocrx_word' id='word_1_783' title='bbox 1840 3120 2081 3169; x_wconf 82' lang='lat' dir='ltr'><strong>concidamus,</strong></span> <span class='ocrx_word' id='word_1_784' title='bbox 2097 3121 2158 3159; x_wconf 81' lang='lat' dir='ltr'><strong>scd</strong></span> 
     </span>
     <span class='ocr_line' id='line_1_107' title="bbox 1198 3188 2158 3243; baseline -0.007 -12"><span class='ocrx_word' id='word_1_785' title='bbox 1198 3191 1264 3231; x_wconf 85' lang='lat' dir='ltr'><strong>Dei</strong></span> <span class='ocrx_word' id='word_1_786' title='bbox 1312 3188 1576 3243; x_wconf 82' lang='lat' dir='ltr'><strong>providentiam</strong></span> <span class='ocrx_word' id='word_1_787' title='bbox 1621 3196 1876 3240; x_wconf 78' lang='lat' dir='ltr'><strong>exspectemus.</strong></span> <span class='ocrx_word' id='word_1_788' title='bbox 1911 3188 1975 3225; x_wconf 84' lang='lat' dir='ltr'><strong>llle</strong></span> <span class='ocrx_word' id='word_1_789' title='bbox 2007 3202 2158 3237; x_wconf 85' lang='lat' dir='ltr'><strong>namque</strong></span> 
     </span>
    </p>
   </div>
   <div class='ocr_carea' id='block_1_24' title="bbox 1198 3254 2161 3314">
    <p class='ocr_par' dir='ltr' id='par_1_34' title="bbox 1198 3254 2161 3314">
     <span class='ocr_line' id='line_1_108' title="bbox 1198 3254 2161 3314; baseline -0.005 -17"><span class='ocrx_word' id='word_1_790' title='bbox 1198 3260 1308 3314; x_wconf 82' lang='lat' dir='ltr'><strong>probe</strong></span> <span class='ocrx_word' id='word_1_791' title='bbox 1338 3255 1636 3308; x_wconf 43' lang='lat' dir='ltr'><strong>novin-quando</strong></span> <span class='ocrx_word' id='word_1_792' title='bbox 1673 3255 1765 3294; x_wconf 87' lang='lat' dir='ltr'><strong>illud</strong></span> <span class='ocrx_word' id='word_1_793' title='bbox 1794 3255 2058 3295; x_wconf 86' lang='lat' dir='ltr'><strong>discutiendum</strong></span> <span class='ocrx_word' id='word_1_794' title='bbox 2091 3254 2161 3302; x_wconf 85' lang='lat' dir='ltr'><strong>sit,</strong></span> 
     </span>
    </p>
   </div>
   <div class='ocr_carea' id='block_1_25' title="bbox 1147 3381 1409 3424">
    <p class='ocr_par' dir='ltr' id='par_1_35' title="bbox 1147 3381 1409 3424">
     <span class='ocr_line' id='line_1_109' title="bbox 1147 3381 1409 3424; baseline -0.019 -12"><span class='ocrx_word' id='word_1_795' title='bbox 1147 3381 1409 3424; x_wconf 61' lang='lat' dir='ltr'><strong>:r1,25.c)oeo;iuu.</strong></span> 
     </span>
    </p>
   </div>
  </div>
 </body>
</html>
