<?xml version="1.0" encoding="UTF-8"?>
<!DOCTYPE html PUBLIC "-//W3C//DTD XHTML 1.0 Transitional//EN"
    "http://www.w3.org/TR/xhtml1/DTD/xhtml1-transitional.dtd">
<html xmlns="http://www.w3.org/1999/xhtml" xml:lang="en" lang="en">
 <head>
  <title>
</title>
<meta http-equiv="Content-Type" content="text/html;charset=utf-8" />
  <meta name='ocr-system' content='tesseract 3.04.00' />
  <meta name='ocr-capabilities' content='ocr_page ocr_carea ocr_par ocr_line ocrx_word'/>
</head>
<body>
  <div class='ocr_page' id='page_1' title='image "./operaomniaquaeex04johnuoft/operaomniaquaeex04johnuoft_0505.png"; bbox 0 0 2516 3791; ppageno 0'>
   <div class='ocr_carea' id='block_1_1' title="bbox 704 187 1050 220">
    <p class='ocr_par' dir='ltr' id='par_1_1' title="bbox 704 187 1050 220">
     <span class='ocr_line' id='line_1_1' title="bbox 704 187 1050 220; baseline -0.003 -1"><span class='ocrx_word' id='word_1_1' title='bbox 704 187 747 219; x_wconf 80' lang='lat' dir='ltr'>IN</span> <span class='ocrx_word' id='word_1_2' title='bbox 785 190 883 220; x_wconf 64' lang='lat' dir='ltr'>CAP.</span> <span class='ocrx_word' id='word_1_3' title='bbox 923 188 1032 219; x_wconf 83' lang='lat' dir='ltr'>xvttt</span> <span class='ocrx_word' id='word_1_4' title='bbox 1042 209 1050 218; x_wconf 91' lang='lat'>.</span> 
     </span>
    </p>
   </div>
   <div class='ocr_carea' id='block_1_2' title="bbox 119 263 1150 438">
    <p class='ocr_par' dir='ltr' id='par_1_2' title="bbox 119 263 1150 438">
     <span class='ocr_line' id='line_1_2' title="bbox 124 263 1148 324; baseline -0.001 -14"><span class='ocrx_word' id='word_1_5' title='bbox 124 263 181 310; x_wconf 59' lang='grc' dir='ltr'>οἷν</span> <span class='ocrx_word' id='word_1_6' title='bbox 199 264 286 310; x_wconf 72' lang='grc' dir='ltr'>οἶδεν</span> <span class='ocrx_word' id='word_1_7' title='bbox 314 271 367 309; x_wconf 79' lang='grc' dir='ltr'>ὅτι</span> <span class='ocrx_word' id='word_1_8' title='bbox 386 274 497 309; x_wconf 79' lang='grc' dir='ltr'>ταῦτα</span> <span class='ocrx_word' id='word_1_9' title='bbox 523 270 679 322; x_wconf 89' lang='grc' dir='ltr'>μάλιστα</span> <span class='ocrx_word' id='word_1_10' title='bbox 700 275 763 319; x_wconf 72' lang='grc' dir='ltr'>τῆς</span> <span class='ocrx_word' id='word_1_11' title='bbox 782 275 897 324; x_wconf 71' lang='grc' dir='ltr'>ψυχῆς</span> <span class='ocrx_word' id='word_1_12' title='bbox 919 272 976 310; x_wconf 80' lang='grc' dir='ltr'>τὸν</span> <span class='ocrx_word' id='word_1_13' title='bbox 1009 272 1148 324; x_wconf 82' lang='grc' dir='ltr'>ὄλεθρον</span> 
     </span>
     <span class='ocr_line' id='line_1_3' title="bbox 122 331 1150 385; baseline 0.001 -15"><span class='ocrx_word' id='word_1_14' title='bbox 122 331 326 383; x_wconf 83' lang='grc' dir='ltr'>ἐργάζεται,</span> <span class='ocrx_word' id='word_1_15' title='bbox 345 331 402 369; x_wconf 82' lang='grc' dir='ltr'>διὰ</span> <span class='ocrx_word' id='word_1_16' title='bbox 427 335 531 369; x_wconf 84' lang='grc' dir='ltr'>τοῦτο</span> <span class='ocrx_word' id='word_1_17' title='bbox 553 331 651 370; x_wconf 81' lang='grc' dir='ltr'>οὐδὲν</span> <span class='ocrx_word' id='word_1_18' title='bbox 679 333 912 385; x_wconf 81' lang='grc' dir='ltr'>παρῃτήσατο</span> <span class='ocrx_word' id='word_1_19' title='bbox 938 335 1008 371; x_wconf 86' lang='grc' dir='ltr'>τῶν</span> <span class='ocrx_word' id='word_1_20' title='bbox 1037 347 1150 385; x_wconf 87' lang='grc' dir='ltr'>προσ-</span> 
     </span>
     <span class='ocr_line' id='line_1_4' title="bbox 119 392 1150 438; baseline 0.001 -9"><span class='ocrx_word' id='word_1_21' title='bbox 119 392 273 438; x_wconf 88' lang='grc' dir='ltr'>ηκόντων</span> <span class='ocrx_word' id='word_1_22' title='bbox 291 393 340 435; x_wconf 83' lang='grc' dir='ltr'>εἰς</span> <span class='ocrx_word' id='word_1_23' title='bbox 360 392 587 431; x_wconf 72' lang='grc' dir='ltr'>διδασκαλίαν</span> <span class='ocrx_word' id='word_1_24' title='bbox 606 399 682 437; x_wconf 89' lang='grc' dir='ltr'>ταῖς</span> <span class='ocrx_word' id='word_1_25' title='bbox 700 398 811 432; x_wconf 77' lang='grc' dir='ltr'>ταῦτα</span> <span class='ocrx_word' id='word_1_26' title='bbox 837 393 1017 437; x_wconf 82' lang='grc' dir='ltr'>νοσούσαις</span> <span class='ocrx_word' id='word_1_27' title='bbox 1031 409 1038 417; x_wconf 94' lang='grc'><strong><em>·</em></strong></span> <span class='ocrx_word' id='word_1_28' title='bbox 1059 392 1150 431; x_wconf 86' lang='grc' dir='ltr'>ἀλλά</span> 
     </span>
    </p>
   </div>
   <div class='ocr_carea' id='block_1_3' title="bbox 118 453 1168 506">
    <p class='ocr_par' dir='ltr' id='par_1_3' title="bbox 118 453 1168 506">
     <span class='ocr_line' id='line_1_5' title="bbox 118 453 1168 506; baseline 0.002 -16"><span class='ocrx_word' id='word_1_29' title='bbox 118 468 242 504; x_wconf 81' lang='grc' dir='ltr'>φησιν,</span> <span class='ocrx_word' id='word_1_30' title='bbox 262 455 290 491; x_wconf 87' lang='grc' dir='ltr'>εἰ</span> <span class='ocrx_word' id='word_1_31' title='bbox 321 453 436 505; x_wconf 81' lang='grc' dir='ltr'>βούλει</span> <span class='ocrx_word' id='word_1_32' title='bbox 451 459 676 504; x_wconf 82' lang='grc' dir='ltr'>κοσμεῖσθαι,</span> <span class='ocrx_word' id='word_1_33' title='bbox 702 455 759 494; x_wconf 82' lang='grc' dir='ltr'>τὸν</span> <span class='ocrx_word' id='word_1_34' title='bbox 786 457 898 501; x_wconf 78' lang='grc' dir='ltr'>ἀληθῆ</span> <span class='ocrx_word' id='word_1_35' title='bbox 930 458 1061 506; x_wconf 83' lang='grc' dir='ltr'>κοσμοῦ</span> <span class='ocrx_word' id='word_1_36' title='bbox 1090 455 1168 493; x_wconf 86' lang='grc' dir='ltr'>κό-·</span> 
     </span>
    </p>
   </div>
   <div class='ocr_carea' id='block_1_4' title="bbox 105 514 1147 2275">
    <p class='ocr_par' dir='ltr' id='par_1_4' title="bbox 113 514 1147 1300">
     <span class='ocr_line' id='line_1_6' title="bbox 117 514 1146 567; baseline 0.002 -16"><span class='ocrx_word' id='word_1_37' title='bbox 117 529 218 564; x_wconf 84' lang='grc' dir='ltr'>σμον,</span> <span class='ocrx_word' id='word_1_38' title='bbox 239 514 275 553; x_wconf 82' lang='grc' dir='ltr'>ὃν</span> <span class='ocrx_word' id='word_1_39' title='bbox 303 514 432 566; x_wconf 82' lang='grc' dir='ltr'>πρέπει</span> <span class='ocrx_word' id='word_1_40' title='bbox 458 515 612 567; x_wconf 72' lang='grc' dir='ltr'>γυναιξὶν</span> <span class='ocrx_word' id='word_1_41' title='bbox 635 516 794 554; x_wconf 67' lang='grc' dir='ltr'>εὗσείέσι</span> <span class='ocrx_word' id='word_1_42' title='bbox 808 532 815 540; x_wconf 90' lang='grc'><em>·</em></span> <span class='ocrx_word' id='word_1_43' title='bbox 832 522 904 559; x_wconf 84' lang='grc' dir='ltr'>τοῖς</span> <span class='ocrx_word' id='word_1_44' title='bbox 927 518 1066 566; x_wconf 84' lang='grc' dir='ltr'>ἀγαθοῖς</span> <span class='ocrx_word' id='word_1_45' title='bbox 1086 515 1146 567; x_wconf 85' lang='grc' dir='ltr'>ἔρ-</span> 
     </span>
     <span class='ocr_line' id='line_1_7' title="bbox 116 570 1147 630; baseline 0 -17"><span class='ocrx_word' id='word_1_46' title='bbox 116 589 190 625; x_wconf 90' lang='grc' dir='ltr'>γοις</span> <span class='ocrx_word' id='word_1_47' title='bbox 213 580 358 627; x_wconf 78' lang='grc' dir='ltr'>κοσμοῦ.</span> <span class='ocrx_word' id='word_1_48' title='bbox 379 570 491 620; x_wconf 66' lang='grc' dir='ltr'>Οὗτος</span> <span class='ocrx_word' id='word_1_49' title='bbox 507 579 568 623; x_wconf 74' lang='grc' dir='ltr'>τῆς</span> <span class='ocrx_word' id='word_1_50' title='bbox 586 579 703 630; x_wconf 71' lang='grc' dir='ltr'>ψυχῆς</span> <span class='ocrx_word' id='word_1_51' title='bbox 715 580 733 615; x_wconf 99' lang='lat'><em>6</em></span> <span class='ocrx_word' id='word_1_52' title='bbox 754 579 884 628; x_wconf 84' lang='grc' dir='ltr'>κόσμος</span> <span class='ocrx_word' id='word_1_53' title='bbox 897 607 907 625; x_wconf 87' lang='grc'>,</span> <span class='ocrx_word' id='word_1_54' title='bbox 925 571 1022 620; x_wconf 65' lang='grc' dir='ltr'>οὗτος</span> <span class='ocrx_word' id='word_1_55' title='bbox 1047 577 1147 614; x_wconf 80' lang='grc' dir='ltr'>οὐδε-</span> 
     </span>
     <span class='ocr_line' id='line_1_8' title="bbox 117 635 1147 690; baseline 0 -16"><span class='ocrx_word' id='word_1_56' title='bbox 117 635 200 685; x_wconf 90' lang='grc' dir='ltr'>μίαν</span> <span class='ocrx_word' id='word_1_57' title='bbox 220 639 316 688; x_wconf 80' lang='grc' dir='ltr'>παρὰ</span> <span class='ocrx_word' id='word_1_58' title='bbox 345 640 414 676; x_wconf 80' lang='grc' dir='ltr'>τῶν</span> <span class='ocrx_word' id='word_1_59' title='bbox 442 638 563 683; x_wconf 81' lang='grc' dir='ltr'>ἔξωθεν</span> <span class='ocrx_word' id='word_1_60' title='bbox 597 639 815 690; x_wconf 85' lang='grc' dir='ltr'>κατάγνωσιν</span> <span class='ocrx_word' id='word_1_61' title='bbox 835 638 1002 689; x_wconf 79' lang='grc' dir='ltr'>δέχεται,</span> <span class='ocrx_word' id='word_1_62' title='bbox 1026 640 1147 675; x_wconf 75' lang='grc' dir='ltr'>τοῦτον</span> 
     </span>
     <span class='ocr_line' id='line_1_9' title="bbox 115 693 1147 747; baseline -0.001 -13"><span class='ocrx_word' id='word_1_63' title='bbox 115 697 224 740; x_wconf 77' lang='grc' dir='ltr'>οὐδεὶς</span> <span class='ocrx_word' id='word_1_64' title='bbox 249 699 470 744; x_wconf 78' lang='grc' dir='ltr'>ἀποσυλῆσαι</span> <span class='ocrx_word' id='word_1_65' title='bbox 488 699 695 746; x_wconf 77' lang='grc' dir='ltr'>δυνήσεται,</span> <span class='ocrx_word' id='word_1_66' title='bbox 714 693 812 742; x_wconf 67' lang='grc' dir='ltr'>οὗτος</span> <span class='ocrx_word' id='word_1_67' title='bbox 843 698 1019 740; x_wconf 84' lang='grc' dir='ltr'>ἀνάλωτος</span> <span class='ocrx_word' id='word_1_68' title='bbox 1051 696 1147 747; x_wconf 85' lang='grc' dir='ltr'>μένει</span> 
     </span>
     <span class='ocr_line' id='line_1_10' title="bbox 116 756 1146 811; baseline -0.012 -6"><span class='ocrx_word' id='word_1_69' title='bbox 116 758 294 804; x_wconf 44' lang='lat' dir='ltr'>&amp;KRH-3:-</span> <span class='ocrx_word' id='word_1_70' title='bbox 315 759 398 797; x_wconf 77' lang='grc' dir='ltr'>Ἀπὸ</span> <span class='ocrx_word' id='word_1_71' title='bbox 426 759 494 811; x_wconf 83' lang='grc' dir='ltr'>γὰρ</span> <span class='ocrx_word' id='word_1_72' title='bbox 528 764 588 798; x_wconf 78' lang='grc' dir='ltr'>τοῦ</span> <span class='ocrx_word' id='word_1_73' title='bbox 618 759 750 810; x_wconf 83' lang='grc' dir='ltr'>κόσμου</span> <span class='ocrx_word' id='word_1_74' title='bbox 784 758 906 796; x_wconf 84' lang='grc' dir='ltr'>τούτου</span> <span class='ocrx_word' id='word_1_75' title='bbox 931 760 990 795; x_wconf 77' lang='grc' dir='ltr'>τοῦ</span> <span class='ocrx_word' id='word_1_76' title='bbox 1023 756 1146 800; x_wconf 83' lang='grc' dir='ltr'>ἔξωθεν</span> 
     </span>
     <span class='ocr_line' id='line_1_11' title="bbox 115 818 1146 870; baseline -0.001 -14"><span class='ocrx_word' id='word_1_77' title='bbox 115 818 222 870; x_wconf 84' lang='grc' dir='ltr'>μυρία</span> <span class='ocrx_word' id='word_1_78' title='bbox 241 820 395 857; x_wconf 82' lang='grc' dir='ltr'>τίκτεται</span> <span class='ocrx_word' id='word_1_79' title='bbox 413 820 525 858; x_wconf 84' lang='grc' dir='ltr'>κακά·</span> <span class='ocrx_word' id='word_1_80' title='bbox 546 820 605 858; x_wconf 83' lang='grc' dir='ltr'>καὶ</span> <span class='ocrx_word' id='word_1_81' title='bbox 625 820 721 859; x_wconf 84' lang='grc' dir='ltr'>οὔπω</span> <span class='ocrx_word' id='word_1_82' title='bbox 749 819 842 870; x_wconf 85' lang='grc' dir='ltr'>λέγω</span> <span class='ocrx_word' id='word_1_83' title='bbox 859 818 923 865; x_wconf 81' lang='grc' dir='ltr'>τὴν</span> <span class='ocrx_word' id='word_1_84' title='bbox 949 819 1012 863; x_wconf 75' lang='grc' dir='ltr'>τῆς</span> <span class='ocrx_word' id='word_1_85' title='bbox 1031 818 1146 870; x_wconf 73' lang='grc' dir='ltr'>ψυχῆς</span> 
     </span>
     <span class='ocr_line' id='line_1_12' title="bbox 113 877 1144 932; baseline -0.001 -16"><span class='ocrx_word' id='word_1_86' title='bbox 113 878 240 928; x_wconf 83' lang='grc' dir='ltr'>λύμην,</span> <span class='ocrx_word' id='word_1_87' title='bbox 261 879 323 927; x_wconf 74' lang='grc' dir='ltr'>τὴν</span> <span class='ocrx_word' id='word_1_88' title='bbox 343 881 496 918; x_wconf 79' lang='grc' dir='ltr'>ἐντεῦθεν</span> <span class='ocrx_word' id='word_1_89' title='bbox 516 880 689 932; x_wconf 81' lang='grc' dir='ltr'>φυομένην</span> <span class='ocrx_word' id='word_1_90' title='bbox 706 878 922 926; x_wconf 82' lang='grc' dir='ltr'>ἀλαζονείαν,</span> <span class='ocrx_word' id='word_1_91' title='bbox 942 877 1004 925; x_wconf 80' lang='grc' dir='ltr'>τὴν</span> <span class='ocrx_word' id='word_1_92' title='bbox 1033 880 1144 932; x_wconf 80' lang='grc' dir='ltr'>ὓπερ-</span> 
     </span>
     <span class='ocr_line' id='line_1_13' title="bbox 113 938 1144 992; baseline -0.001 -15"><span class='ocrx_word' id='word_1_93' title='bbox 113 938 214 991; x_wconf 75' lang='grc' dir='ltr'>οψίαν</span> <span class='ocrx_word' id='word_1_94' title='bbox 243 939 306 986; x_wconf 73' lang='grc' dir='ltr'>τὴν</span> <span class='ocrx_word' id='word_1_95' title='bbox 352 939 443 978; x_wconf 81' lang='grc' dir='ltr'>κατὰ</span> <span class='ocrx_word' id='word_1_96' title='bbox 475 943 544 977; x_wconf 79' lang='grc' dir='ltr'>τῶν</span> <span class='ocrx_word' id='word_1_97' title='bbox 570 940 732 988; x_wconf 86' lang='grc' dir='ltr'>πλησίον,</span> <span class='ocrx_word' id='word_1_98' title='bbox 750 943 810 978; x_wconf 76' lang='grc' dir='ltr'>τοῦ</span> <span class='ocrx_word' id='word_1_99' title='bbox 839 939 1059 992; x_wconf 78' lang='grc' dir='ltr'>φρονήματος</span> <span class='ocrx_word' id='word_1_100' title='bbox 1081 939 1144 986; x_wconf 73' lang='grc' dir='ltr'>τὴν</span> 
     </span>
     <span class='ocr_line' id='line_1_14' title="bbox 113 999 1144 1053; baseline 0.002 -17"><span class='ocrx_word' id='word_1_101' title='bbox 113 999 290 1047; x_wconf 80' lang='grc' dir='ltr'>ἀπόνοιαν,</span> <span class='ocrx_word' id='word_1_102' title='bbox 311 1003 372 1047; x_wconf 77' lang='grc' dir='ltr'>τῆς</span> <span class='ocrx_word' id='word_1_103' title='bbox 392 1003 509 1053; x_wconf 75' lang='grc' dir='ltr'>ψυχῆς</span> <span class='ocrx_word' id='word_1_104' title='bbox 529 1000 590 1048; x_wconf 76' lang='grc' dir='ltr'>τὴν</span> <span class='ocrx_word' id='word_1_105' title='bbox 610 1000 810 1053; x_wconf 73' lang='grc' dir='ltr'>διαφθορὰν,</span> <span class='ocrx_word' id='word_1_106' title='bbox 829 1004 899 1038; x_wconf 85' lang='grc' dir='ltr'>τῶν</span> <span class='ocrx_word' id='word_1_107' title='bbox 926 1001 1058 1046; x_wconf 81' lang='grc' dir='ltr'>ἡδονῶν</span> <span class='ocrx_word' id='word_1_108' title='bbox 1074 1003 1144 1038; x_wconf 86' lang='grc' dir='ltr'>τῶν</span> 
     </span>
     <span class='ocr_line' id='line_1_15' title="bbox 114 1061 1144 1112; baseline 0.001 -13"><span class='ocrx_word' id='word_1_109' title='bbox 114 1061 252 1099; x_wconf 84' lang='grc' dir='ltr'>ἀτόπων</span> <span class='ocrx_word' id='word_1_110' title='bbox 273 1061 330 1100; x_wconf 82' lang='grc' dir='ltr'>τὸν</span> <span class='ocrx_word' id='word_1_111' title='bbox 358 1061 464 1112; x_wconf 85' lang='grc' dir='ltr'>ἑσμόν</span> <span class='ocrx_word' id='word_1_112' title='bbox 478 1077 486 1084; x_wconf 92' lang='grc'><em>·</em></span> <span class='ocrx_word' id='word_1_113' title='bbox 519 1063 596 1100; x_wconf 86' lang='grc' dir='ltr'>ἀλλ’</span> <span class='ocrx_word' id='word_1_114' title='bbox 628 1062 682 1100; x_wconf 81' lang='grc' dir='ltr'>ὅτι</span> <span class='ocrx_word' id='word_1_115' title='bbox 716 1062 775 1100; x_wconf 75' lang='grc' dir='ltr'>καὶ</span> <span class='ocrx_word' id='word_1_116' title='bbox 799 1067 812 1082; x_wconf 82' lang='grc'>“</span> <span class='ocrx_word' id='word_1_117' title='bbox 826 1061 959 1106; x_wconf 83' lang='grc' dir='ltr'>ἁλωτὸς</span> <span class='ocrx_word' id='word_1_118' title='bbox 978 1067 996 1101; x_wconf 86' lang='lat'><em>6</em></span> <span class='ocrx_word' id='word_1_119' title='bbox 1015 1061 1144 1112; x_wconf 87' lang='grc' dir='ltr'>κόσμος</span> 
     </span>
     <span class='ocr_line' id='line_1_16' title="bbox 114 1115 1142 1178; baseline 0.002 -18"><span class='ocrx_word' id='word_1_120' title='bbox 114 1115 211 1166; x_wconf 65' lang='grc' dir='ltr'>οὗτος</span> <span class='ocrx_word' id='word_1_121' title='bbox 230 1124 287 1162; x_wconf 78' lang='grc' dir='ltr'>καὶ</span> <span class='ocrx_word' id='word_1_122' title='bbox 317 1126 460 1162; x_wconf 82' lang='grc' dir='ltr'>οἰκετῶν</span> <span class='ocrx_word' id='word_1_123' title='bbox 482 1125 726 1178; x_wconf 80' lang='grc' dir='ltr'>κακουργίαις,</span> <span class='ocrx_word' id='word_1_124' title='bbox 750 1124 810 1162; x_wconf 77' lang='grc' dir='ltr'>καὶ</span> <span class='ocrx_word' id='word_1_125' title='bbox 844 1127 982 1177; x_wconf 80' lang='grc' dir='ltr'>λῃστῶν</span> <span class='ocrx_word' id='word_1_126' title='bbox 1011 1126 1142 1178; x_wconf 71' lang='grc' dir='ltr'>ἐφόδῳ,</span> 
     </span>
     <span class='ocr_line' id='line_1_17' title="bbox 115 1183 1142 1239; baseline 0.002 -17"><span class='ocrx_word' id='word_1_127' title='bbox 115 1183 173 1222; x_wconf 79' lang='grc' dir='ltr'>καὶ</span> <span class='ocrx_word' id='word_1_128' title='bbox 199 1188 422 1238; x_wconf 74' lang='grc' dir='ltr'>συκοφαντῶν</span> <span class='ocrx_word' id='word_1_129' title='bbox 443 1186 643 1230; x_wconf 66' lang='grc' dir='ltr'>ἐπιδουλαῖς</span> <span class='ocrx_word' id='word_1_130' title='bbox 659 1217 668 1232; x_wconf 84' lang='grc'>,</span> <span class='ocrx_word' id='word_1_131' title='bbox 688 1186 747 1224; x_wconf 82' lang='grc' dir='ltr'>καὶ</span> <span class='ocrx_word' id='word_1_132' title='bbox 771 1185 877 1238; x_wconf 85' lang='grc' dir='ltr'>μυρία</span> <span class='ocrx_word' id='word_1_133' title='bbox 897 1186 938 1224; x_wconf 83' lang='grc' dir='ltr'>ἄν</span> <span class='ocrx_word' id='word_1_134' title='bbox 971 1203 1022 1230; x_wconf 89' lang='grc' dir='ltr'>τις</span> <span class='ocrx_word' id='word_1_135' title='bbox 1050 1186 1142 1239; x_wconf 84' lang='grc' dir='ltr'>εὕροι</span> 
     </span>
     <span class='ocr_line' id='line_1_18' title="bbox 114 1247 1143 1300; baseline 0.003 -17"><span class='ocrx_word' id='word_1_136' title='bbox 114 1247 268 1285; x_wconf 79' lang='grc' dir='ltr'>ἐντεῦθεν</span> <span class='ocrx_word' id='word_1_137' title='bbox 284 1248 437 1300; x_wconf 76' lang='grc' dir='ltr'>φυόμενα</span> <span class='ocrx_word' id='word_1_138' title='bbox 451 1249 542 1287; x_wconf 76' lang='grc' dir='ltr'>κακὰ</span> <span class='ocrx_word' id='word_1_139' title='bbox 562 1249 620 1287; x_wconf 85' lang='grc' dir='ltr'>καὶ</span> <span class='ocrx_word' id='word_1_140' title='bbox 634 1249 755 1294; x_wconf 83' lang='grc' dir='ltr'>ἀηδίας</span> <span class='ocrx_word' id='word_1_141' title='bbox 772 1248 1058 1295; x_wconf 81' lang='grc' dir='ltr'>διηνεκεῖς.“Ἀλλ’</span> <span class='ocrx_word' id='word_1_142' title='bbox 1077 1250 1143 1300; x_wconf 75' lang='grc' dir='ltr'>οὐχ</span> 
     </span>
    </p>

    <p class='ocr_par' dir='ltr' id='par_1_5' title="bbox 105 1307 1142 2275">
     <span class='ocr_line' id='line_1_19' title="bbox 159 1307 1141 1362; baseline 0.001 -17"><span class='ocrx_word' id='word_1_143' title='bbox 159 1307 279 1362; x_wconf 77' lang='grc' dir='ltr'>Σάῤῥα</span> <span class='ocrx_word' id='word_1_144' title='bbox 300 1308 442 1355; x_wconf 80' lang='grc' dir='ltr'>τοιαύτη</span> <span class='ocrx_word' id='word_1_145' title='bbox 456 1324 464 1332; x_wconf 87' lang='grc'><em>·</em></span> <span class='ocrx_word' id='word_1_146' title='bbox 484 1310 573 1347; x_wconf 80' lang='grc' dir='ltr'>ἀλλὰ</span> <span class='ocrx_word' id='word_1_147' title='bbox 594 1309 651 1347; x_wconf 85' lang='grc' dir='ltr'>τὸν</span> <span class='ocrx_word' id='word_1_148' title='bbox 673 1310 785 1355; x_wconf 81' lang='grc' dir='ltr'>ἀληθῆ</span> <span class='ocrx_word' id='word_1_149' title='bbox 807 1308 938 1359; x_wconf 82' lang='grc' dir='ltr'>κόσμον</span> <span class='ocrx_word' id='word_1_150' title='bbox 955 1309 1141 1356; x_wconf 83' lang='grc' dir='ltr'>ἐκέκτητο·</span> 
     </span>
     <span class='ocr_line' id='line_1_20' title="bbox 115 1364 1142 1421; baseline 0.002 -16"><span class='ocrx_word' id='word_1_151' title='bbox 115 1368 158 1405; x_wconf 80' lang='grc' dir='ltr'>δι’</span> <span class='ocrx_word' id='word_1_152' title='bbox 177 1368 195 1406; x_wconf 84' lang='grc' dir='ltr'>ὃ</span> <span class='ocrx_word' id='word_1_153' title='bbox 213 1368 271 1406; x_wconf 81' lang='grc' dir='ltr'>καὶ</span> <span class='ocrx_word' id='word_1_154' title='bbox 293 1368 370 1413; x_wconf 82' lang='grc' dir='ltr'>ἀξία</span> <span class='ocrx_word' id='word_1_155' title='bbox 394 1373 453 1406; x_wconf 77' lang='grc' dir='ltr'>τοῦ</span> <span class='ocrx_word' id='word_1_156' title='bbox 472 1370 689 1421; x_wconf 70' lang='grc' dir='ltr'>πατριάρχου</span> <span class='ocrx_word' id='word_1_157' title='bbox 705 1364 762 1417; x_wconf 69' lang='grc' dir='ltr'>ἦν,</span> <span class='ocrx_word' id='word_1_158' title='bbox 785 1369 844 1407; x_wconf 78' lang='grc' dir='ltr'>καὶ</span> <span class='ocrx_word' id='word_1_159' title='bbox 871 1368 1030 1421; x_wconf 85' lang='grc' dir='ltr'>καθάπερ</span> <span class='ocrx_word' id='word_1_160' title='bbox 1049 1371 1142 1407; x_wconf 84' lang='grc' dir='ltr'>ἐκεῖ-</span> 
     </span>
     <span class='ocr_line' id='line_1_21' title="bbox 113 1428 1140 1482; baseline 0.002 -16"><span class='ocrx_word' id='word_1_161' title='bbox 113 1443 168 1471; x_wconf 90' lang='grc' dir='ltr'>νος</span> <span class='ocrx_word' id='word_1_162' title='bbox 184 1428 329 1467; x_wconf 88' lang='grc' dir='ltr'>ἔσπευσε</span> <span class='ocrx_word' id='word_1_163' title='bbox 350 1429 409 1467; x_wconf 82' lang='grc' dir='ltr'>καὶ</span> <span class='ocrx_word' id='word_1_164' title='bbox 436 1430 494 1468; x_wconf 81' lang='grc' dir='ltr'>ἐπὶ</span> <span class='ocrx_word' id='word_1_165' title='bbox 513 1430 576 1476; x_wconf 64' lang='grc' dir='ltr'>τὴν</span> <span class='ocrx_word' id='word_1_166' title='bbox 605 1431 736 1476; x_wconf 84' lang='grc' dir='ltr'>σκηνὴν</span> <span class='ocrx_word' id='word_1_167' title='bbox 762 1430 925 1482; x_wconf 84' lang='grc' dir='ltr'>ἔδραμεν,</span> <span class='ocrx_word' id='word_1_168' title='bbox 964 1429 1054 1469; x_wconf 80' lang='grc' dir='ltr'>οὕτω</span> <span class='ocrx_word' id='word_1_169' title='bbox 1082 1431 1140 1468; x_wconf 85' lang='grc' dir='ltr'>καὶ</span> 
     </span>
     <span class='ocr_line' id='line_1_22' title="bbox 111 1489 1141 1544; baseline 0.003 -18"><span class='ocrx_word' id='word_1_170' title='bbox 111 1489 225 1535; x_wconf 84' lang='grc' dir='ltr'>ἐκείνη</span> <span class='ocrx_word' id='word_1_171' title='bbox 263 1489 352 1540; x_wconf 82' lang='grc' dir='ltr'>μετὰ</span> <span class='ocrx_word' id='word_1_172' title='bbox 394 1491 546 1537; x_wconf 80' lang='grc' dir='ltr'>σπουδῆς</span> <span class='ocrx_word' id='word_1_173' title='bbox 585 1490 625 1528; x_wconf 81' lang='grc' dir='ltr'>τὸ</span> <span class='ocrx_word' id='word_1_174' title='bbox 655 1491 841 1543; x_wconf 73' lang='grc' dir='ltr'>ἐπιταχθὲν</span> <span class='ocrx_word' id='word_1_175' title='bbox 871 1490 1046 1544; x_wconf 83' lang='grc' dir='ltr'>ἐπλήρου,</span> <span class='ocrx_word' id='word_1_176' title='bbox 1082 1491 1141 1530; x_wconf 87' lang='grc' dir='ltr'>καὶ</span> 
     </span>
     <span class='ocr_line' id='line_1_23' title="bbox 110 1549 1141 1605; baseline 0.002 -17"><span class='ocrx_word' id='word_1_177' title='bbox 110 1549 219 1602; x_wconf 76' lang='grc' dir='ltr'>ἐφύρα</span> <span class='ocrx_word' id='word_1_178' title='bbox 250 1551 329 1602; x_wconf 86' lang='grc' dir='ltr'>τρία</span> <span class='ocrx_word' id='word_1_179' title='bbox 365 1550 475 1603; x_wconf 82' lang='grc' dir='ltr'>μέτρα</span> <span class='ocrx_word' id='word_1_180' title='bbox 511 1551 736 1602; x_wconf 82' lang='grc' dir='ltr'>σεμιδάλεως.</span> <span class='ocrx_word' id='word_1_181' title='bbox 769 1551 916 1599; x_wconf 80' lang='grc' dir='ltr'>Ἐπειδὴ</span> <span class='ocrx_word' id='word_1_182' title='bbox 955 1553 1022 1605; x_wconf 79' lang='grc' dir='ltr'>γὰρ</span> <span class='ocrx_word' id='word_1_183' title='bbox 1049 1558 1141 1605; x_wconf 86' lang='grc' dir='ltr'>τρεῖς</span> 
     </span>
     <span class='ocr_line' id='line_1_24' title="bbox 109 1604 1141 1666; baseline 0.003 -18"><span class='ocrx_word' id='word_1_184' title='bbox 109 1604 198 1657; x_wconf 67' lang='grc' dir='ltr'>ἦσαν</span> <span class='ocrx_word' id='word_1_185' title='bbox 218 1613 249 1649; x_wconf 85' lang='grc' dir='ltr'>οἱ</span> <span class='ocrx_word' id='word_1_186' title='bbox 280 1612 574 1664; x_wconf 84' lang='grc' dir='ltr'>παραγεγονότες,</span> <span class='ocrx_word' id='word_1_187' title='bbox 593 1613 674 1665; x_wconf 87' lang='grc' dir='ltr'>τρία</span> <span class='ocrx_word' id='word_1_188' title='bbox 695 1613 806 1666; x_wconf 83' lang='grc' dir='ltr'>μέτρα</span> <span class='ocrx_word' id='word_1_189' title='bbox 836 1612 997 1651; x_wconf 78' lang='grc' dir='ltr'>ἐκέλευσε</span> <span class='ocrx_word' id='word_1_190' title='bbox 1033 1629 1141 1666; x_wconf 71' lang='grc' dir='ltr'>φυρα-</span> 
     </span>
     <span class='ocr_line' id='line_1_25' title="bbox 110 1671 1141 1726; baseline 0.004 -18"><span class='ocrx_word' id='word_1_191' title='bbox 110 1672 234 1717; x_wconf 82' lang='grc' dir='ltr'>θῆναι,</span> <span class='ocrx_word' id='word_1_192' title='bbox 252 1671 342 1711; x_wconf 77' lang='grc' dir='ltr'>ὥστε</span> <span class='ocrx_word' id='word_1_193' title='bbox 369 1677 492 1712; x_wconf 77' lang='grc' dir='ltr'>θᾶττον</span> <span class='ocrx_word' id='word_1_194' title='bbox 514 1674 641 1726; x_wconf 80' lang='grc' dir='ltr'>φθάσαι</span> <span class='ocrx_word' id='word_1_195' title='bbox 673 1674 752 1717; x_wconf 68' lang='grc' dir='ltr'>τοὺς</span> <span class='ocrx_word' id='word_1_196' title='bbox 781 1674 916 1726; x_wconf 84' lang='grc' dir='ltr'>ἄρτους.</span> <span class='ocrx_word' id='word_1_197' title='bbox 937 1674 1008 1712; x_wconf 80' lang='grc' dir='ltr'>Καὶ</span> <span class='ocrx_word' id='word_1_198' title='bbox 1039 1678 1141 1713; x_wconf 77' lang='grc' dir='ltr'>τοῦτο</span> 
     </span>
     <span class='ocr_line' id='line_1_26' title="bbox 110 1734 1140 1788; baseline 0.004 -18"><span class='ocrx_word' id='word_1_199' title='bbox 110 1734 359 1785; x_wconf 77' lang='grc' dir='ltr'>διαταξάμενος</span> <span class='ocrx_word' id='word_1_200' title='bbox 378 1738 426 1780; x_wconf 82' lang='grc' dir='ltr'>εἰς</span> <span class='ocrx_word' id='word_1_201' title='bbox 446 1736 507 1779; x_wconf 79' lang='grc' dir='ltr'>τὰς</span> <span class='ocrx_word' id='word_1_202' title='bbox 535 1739 616 1787; x_wconf 77' lang='grc' dir='ltr'>βοῦς</span> <span class='ocrx_word' id='word_1_203' title='bbox 647 1736 752 1774; x_wconf 89' lang='grc' dir='ltr'>πάλιν</span> <span class='ocrx_word' id='word_1_204' title='bbox 784 1736 886 1780; x_wconf 73' lang='grc' dir='ltr'>αὐτὸς</span> <span class='ocrx_word' id='word_1_205' title='bbox 905 1737 1067 1788; x_wconf 84' lang='grc' dir='ltr'>ἔδραμεν.</span> <span class='ocrx_word' id='word_1_206' title='bbox 1091 1736 1140 1774; x_wconf 87' lang='grc' dir='ltr'><strong><em>Ὢ</em></strong></span> 
     </span>
     <span class='ocr_line' id='line_1_27' title="bbox 110 1794 1138 1850; baseline 0.002 -18"><span class='ocrx_word' id='word_1_207' title='bbox 110 1794 267 1846; x_wconf 87' lang='grc' dir='ltr'>γέροντος</span> <span class='ocrx_word' id='word_1_208' title='bbox 280 1797 419 1843; x_wconf 89' lang='grc' dir='ltr'>νεότης,</span> <span class='ocrx_word' id='word_1_209' title='bbox 437 1797 465 1835; x_wconf 85' lang='grc' dir='ltr'><strong>ὢ</strong></span> <span class='ocrx_word' id='word_1_210' title='bbox 480 1799 596 1850; x_wconf 67' lang='grc' dir='ltr'>ψυχῆς</span> <span class='ocrx_word' id='word_1_211' title='bbox 615 1797 711 1841; x_wconf 87' lang='grc' dir='ltr'>τόνος</span> <span class='ocrx_word' id='word_1_212' title='bbox 726 1813 733 1820; x_wconf 93' lang='grc'>·</span> <span class='ocrx_word' id='word_1_213' title='bbox 750 1797 868 1849; x_wconf 66' lang='grc' dir='ltr'>τρέχει</span> <span class='ocrx_word' id='word_1_214' title='bbox 887 1797 942 1835; x_wconf 80' lang='grc' dir='ltr'>ε’πὶ</span> <span class='ocrx_word' id='word_1_215' title='bbox 962 1797 1024 1840; x_wconf 82' lang='grc' dir='ltr'>τὰς</span> <span class='ocrx_word' id='word_1_216' title='bbox 1040 1800 1138 1848; x_wconf 78' lang='grc' dir='ltr'>βοῦς,</span> 
     </span>
     <span class='ocr_line' id='line_1_28' title="bbox 110 1856 1140 1909; baseline 0.003 -17"><span class='ocrx_word' id='word_1_217' title='bbox 110 1856 169 1893; x_wconf 82' lang='grc' dir='ltr'>καὶ</span> <span class='ocrx_word' id='word_1_218' title='bbox 188 1858 250 1894; x_wconf 74' lang='grc' dir='ltr'>οὐκ</span> <span class='ocrx_word' id='word_1_219' title='bbox 274 1857 397 1909; x_wconf 72' lang='grc' dir='ltr'>ἀφίησί</span> <span class='ocrx_word' id='word_1_220' title='bbox 415 1873 492 1895; x_wconf 90' lang='grc' dir='ltr'>τινα</span> <span class='ocrx_word' id='word_1_221' title='bbox 517 1861 586 1896; x_wconf 82' lang='grc' dir='ltr'>τῶν</span> <span class='ocrx_word' id='word_1_222' title='bbox 607 1860 750 1896; x_wconf 80' lang='grc' dir='ltr'>οἰκετῶν</span> <span class='ocrx_word' id='word_1_223' title='bbox 772 1859 947 1906; x_wconf 73' lang='grc' dir='ltr'>ἀπελθεῖν,</span> <span class='ocrx_word' id='word_1_224' title='bbox 976 1857 1032 1895; x_wconf 81' lang='grc' dir='ltr'>διὰ</span> <span class='ocrx_word' id='word_1_225' title='bbox 1051 1858 1140 1896; x_wconf 90' lang='grc' dir='ltr'>πάν-</span> 
     </span>
     <span class='ocr_line' id='line_1_29' title="bbox 109 1918 1139 1972; baseline 0.004 -18"><span class='ocrx_word' id='word_1_226' title='bbox 109 1933 178 1955; x_wconf 84' lang='grc' dir='ltr'>των</span> <span class='ocrx_word' id='word_1_227' title='bbox 209 1918 341 1963; x_wconf 74' lang='grc' dir='ltr'>δεικνὺς</span> <span class='ocrx_word' id='word_1_228' title='bbox 366 1925 436 1963; x_wconf 88' lang='grc' dir='ltr'>τοῖς</span> <span class='ocrx_word' id='word_1_229' title='bbox 461 1921 751 1972; x_wconf 82' lang='grc' dir='ltr'>παραγεγονόσιν,</span> <span class='ocrx_word' id='word_1_230' title='bbox 770 1920 853 1967; x_wconf 76' lang='grc' dir='ltr'>ὅσης</span> <span class='ocrx_word' id='word_1_231' title='bbox 878 1922 1004 1967; x_wconf 77' lang='grc' dir='ltr'>ἡδονῆς</span> <span class='ocrx_word' id='word_1_232' title='bbox 1024 1921 1139 1967; x_wconf 80' lang='grc' dir='ltr'>ἐπλη-</span> 
     </span>
     <span class='ocr_line' id='line_1_30' title="bbox 110 1978 1138 2034; baseline 0.004 -18"><span class='ocrx_word' id='word_1_233' title='bbox 110 1978 223 2030; x_wconf 84' lang='grc' dir='ltr'>ρώθη,</span> <span class='ocrx_word' id='word_1_234' title='bbox 242 1979 301 2017; x_wconf 75' lang='grc' dir='ltr'>καὶ</span> <span class='ocrx_word' id='word_1_235' title='bbox 319 1981 412 2024; x_wconf 78' lang='grc' dir='ltr'>ὅπως</span> <span class='ocrx_word' id='word_1_236' title='bbox 431 1980 522 2031; x_wconf 80' lang='grc' dir='ltr'>μέγα</span> <span class='ocrx_word' id='word_1_237' title='bbox 549 1997 583 2018; x_wconf 94' lang='grc' dir='ltr'>τι</span> <span class='ocrx_word' id='word_1_238' title='bbox 612 1985 750 2032; x_wconf 82' lang='grc' dir='ltr'>ἡγεῖται</span> <span class='ocrx_word' id='word_1_239' title='bbox 770 1981 833 2028; x_wconf 76' lang='grc' dir='ltr'>τὴν</span> <span class='ocrx_word' id='word_1_240' title='bbox 866 1983 980 2019; x_wconf 83' lang='grc' dir='ltr'>αὐτῶν</span> <span class='ocrx_word' id='word_1_241' title='bbox 1007 1997 1138 2034; x_wconf 77' lang='grc' dir='ltr'>παρου-</span> 
     </span>
     <span class='ocr_line' id='line_1_31' title="bbox 108 2037 1135 2095; baseline 0.004 -18"><span class='ocrx_word' id='word_1_242' title='bbox 108 2040 197 2086; x_wconf 88' lang='grc' dir='ltr'>σίαν,</span> <span class='ocrx_word' id='word_1_243' title='bbox 219 2041 278 2079; x_wconf 83' lang='grc' dir='ltr'>καὶ</span> <span class='ocrx_word' id='word_1_244' title='bbox 296 2042 347 2079; x_wconf 83' lang='grc' dir='ltr'>ὅτι</span> <span class='ocrx_word' id='word_1_245' title='bbox 370 2043 541 2094; x_wconf 81' lang='grc' dir='ltr'>θησαυρὸν</span> <span class='ocrx_word' id='word_1_246' title='bbox 559 2037 646 2080; x_wconf 69' lang='grc' dir='ltr'>εἶναι</span> <span class='ocrx_word' id='word_1_247' title='bbox 663 2043 703 2081; x_wconf 84' lang='grc' dir='ltr'>τὸ</span> <span class='ocrx_word' id='word_1_248' title='bbox 732 2049 881 2095; x_wconf 77' lang='grc' dir='ltr'>πρᾶγμα</span> <span class='ocrx_word' id='word_1_249' title='bbox 900 2043 1044 2093; x_wconf 85' lang='grc' dir='ltr'>νομίζει.</span> <span class='ocrx_word' id='word_1_250' title='bbox 1065 2043 1135 2082; x_wconf 85' lang='grc' dir='ltr'>Καὶ</span> 
     </span>
     <span class='ocr_line' id='line_1_32' title="bbox 107 2101 1134 2155; baseline 0.006 -18"><span class='ocrx_word' id='word_1_251' title='bbox 107 2101 210 2139; x_wconf 57' lang='lat' dir='ltr'>{Aones</span> <span class='ocrx_word' id='word_1_252' title='bbox 223 2132 232 2149; x_wconf 93' lang='lat'>,</span> <span class='ocrx_word' id='word_1_253' title='bbox 250 2102 353 2154; x_wconf 66' lang='grc' dir='ltr'>φησὶ,</span> <span class='ocrx_word' id='word_1_254' title='bbox 375 2103 566 2155; x_wconf 79' lang='grc' dir='ltr'>μοσχάριον</span> <span class='ocrx_word' id='word_1_255' title='bbox 584 2103 718 2142; x_wconf 86' lang='grc' dir='ltr'>ἁπαλὸν</span> <span class='ocrx_word' id='word_1_256' title='bbox 741 2105 800 2142; x_wconf 80' lang='grc' dir='ltr'>καὶ</span> <span class='ocrx_word' id='word_1_257' title='bbox 819 2104 939 2142; x_wconf 87' lang='grc' dir='ltr'>καλόν.</span> <span class='ocrx_word' id='word_1_258' title='bbox 964 2105 1073 2148; x_wconf 86' lang='grc' dir='ltr'>Αὐτὸς</span> <span class='ocrx_word' id='word_1_259' title='bbox 1089 2106 1134 2143; x_wconf 85' lang='grc' dir='ltr'>δι’</span> 
     </span>
     <span class='ocr_line' id='line_1_33' title="bbox 107 2161 1134 2212; baseline 0.004 -15"><span class='ocrx_word' id='word_1_260' title='bbox 107 2162 231 2198; x_wconf 78' lang='grc' dir='ltr'>ἑαυτοῦ</span> <span class='ocrx_word' id='word_1_261' title='bbox 246 2161 308 2207; x_wconf 77' lang='grc' dir='ltr'>τὴν</span> <span class='ocrx_word' id='word_1_262' title='bbox 334 2162 481 2212; x_wconf 80' lang='grc' dir='ltr'>ἐκλογὴν</span> <span class='ocrx_word' id='word_1_263' title='bbox 496 2162 687 2208; x_wconf 78' lang='grc' dir='ltr'>ἐποιήσατο</span> <span class='ocrx_word' id='word_1_264' title='bbox 698 2191 708 2208; x_wconf 87' lang='grc'>,</span> <span class='ocrx_word' id='word_1_265' title='bbox 723 2163 782 2201; x_wconf 88' lang='grc' dir='ltr'>καὶ</span> <span class='ocrx_word' id='word_1_266' title='bbox 797 2163 839 2200; x_wconf 87' lang='grc' dir='ltr'>τὸ</span> <span class='ocrx_word' id='word_1_267' title='bbox 856 2164 1043 2201; x_wconf 85' lang='grc' dir='ltr'>κάλλιστον</span> <span class='ocrx_word' id='word_1_268' title='bbox 1064 2166 1134 2202; x_wconf 83' lang='grc' dir='ltr'>τῶν</span> 
     </span>
     <span class='ocr_line' id='line_1_34' title="bbox 105 2220 1132 2275; baseline 0.005 -18"><span class='ocrx_word' id='word_1_269' title='bbox 105 2220 212 2258; x_wconf 81' lang='grc' dir='ltr'>ὄντων</span> <span class='ocrx_word' id='word_1_270' title='bbox 230 2221 347 2258; x_wconf 65' lang='grc' dir='ltr'>λαὸὼν</span> <span class='ocrx_word' id='word_1_271' title='bbox 367 2222 487 2260; x_wconf 85' lang='grc' dir='ltr'>δίδωσι</span> <span class='ocrx_word' id='word_1_272' title='bbox 505 2225 554 2274; x_wconf 82' lang='grc' dir='ltr'>τῷ</span> <span class='ocrx_word' id='word_1_273' title='bbox 581 2223 698 2269; x_wconf 83' lang='grc' dir='ltr'>παιδὶ,</span> <span class='ocrx_word' id='word_1_274' title='bbox 727 2226 885 2262; x_wconf 69' lang='grc' dir='ltr'>κάκεῖνον</span> <span class='ocrx_word' id='word_1_275' title='bbox 915 2224 1132 2275; x_wconf 83' lang='grc' dir='ltr'>κατεπείγων</span> 
     </span>
    </p>
   </div>
   <div class='ocr_carea' id='block_1_5' title="bbox 106 2280 1176 2331">
    <p class='ocr_par' dir='ltr' id='par_1_6' title="bbox 106 2280 1176 2331">
     <span class='ocr_line' id='line_1_35' title="bbox 106 2280 1176 2331; baseline 0.005 -13"><span class='ocrx_word' id='word_1_276' title='bbox 106 2280 154 2331; x_wconf 85' lang='grc' dir='ltr'>μὴ</span> <span class='ocrx_word' id='word_1_277' title='bbox 174 2283 347 2331; x_wconf 70' lang='grc' dir='ltr'>μελλῆσαι</span> <span class='ocrx_word' id='word_1_278' title='bbox 358 2313 368 2330; x_wconf 89' lang='grc'>,</span> <span class='ocrx_word' id='word_1_279' title='bbox 385 2282 476 2322; x_wconf 80' lang='grc' dir='ltr'>ἀλλὰ</span> <span class='ocrx_word' id='word_1_280' title='bbox 491 2283 625 2330; x_wconf 75' lang='grc' dir='ltr'>πολλὴν</span> <span class='ocrx_word' id='word_1_281' title='bbox 638 2283 701 2331; x_wconf 77' lang='grc' dir='ltr'>τὴν</span> <span class='ocrx_word' id='word_1_282' title='bbox 717 2284 870 2331; x_wconf 77' lang='grc' dir='ltr'>σπουδὴν</span> <span class='ocrx_word' id='word_1_283' title='bbox 882 2285 1129 2330; x_wconf 81' lang='grc' dir='ltr'>ἐπιδείξασθαι.</span> <span class='ocrx_word' id='word_1_284' title='bbox 1152 2294 1176 2323; x_wconf 85' lang='grc' dir='ltr'>Ε</span> 
     </span>
    </p>
   </div>
   <div class='ocr_carea' id='block_1_6' title="bbox 104 2341 1132 2824">
    <p class='ocr_par' dir='ltr' id='par_1_7' title="bbox 104 2341 1132 2824">
     <span class='ocr_line' id='line_1_36' title="bbox 158 2341 1132 2396; baseline 0.005 -19"><span class='ocrx_word' id='word_1_285' title='bbox 158 2341 289 2378; x_wconf 83' lang='grc' dir='ltr'>Σκόπει</span> <span class='ocrx_word' id='word_1_286' title='bbox 304 2344 378 2385; x_wconf 78' lang='grc' dir='ltr'>πῶς</span> <span class='ocrx_word' id='word_1_287' title='bbox 403 2342 517 2381; x_wconf 88' lang='grc' dir='ltr'>πάντα</span> <span class='ocrx_word' id='word_1_288' title='bbox 538 2343 626 2393; x_wconf 84' lang='grc' dir='ltr'>μετὰ</span> <span class='ocrx_word' id='word_1_289' title='bbox 642 2343 790 2395; x_wconf 79' lang='grc' dir='ltr'>τάχους,</span> <span class='ocrx_word' id='word_1_290' title='bbox 822 2343 910 2394; x_wconf 82' lang='grc' dir='ltr'>μετὰ</span> <span class='ocrx_word' id='word_1_291' title='bbox 937 2344 1132 2396; x_wconf 84' lang='grc' dir='ltr'>προθυμίας</span> 
     </span>
     <span class='ocr_line' id='line_1_37' title="bbox 106 2400 1132 2456; baseline 0.004 -17"><span class='ocrx_word' id='word_1_292' title='bbox 106 2400 267 2449; x_wconf 79' lang='grc' dir='ltr'>ζεούσης,</span> <span class='ocrx_word' id='word_1_293' title='bbox 285 2403 373 2453; x_wconf 77' lang='grc' dir='ltr'>μετὰ</span> <span class='ocrx_word' id='word_1_294' title='bbox 388 2404 592 2456; x_wconf 81' lang='grc' dir='ltr'>ἱλαρότητος</span> <span class='ocrx_word' id='word_1_295' title='bbox 607 2433 615 2449; x_wconf 86' lang='grc'>.,</span> <span class='ocrx_word' id='word_1_296' title='bbox 635 2404 724 2455; x_wconf 80' lang='grc' dir='ltr'>μετὰ</span> <span class='ocrx_word' id='word_1_297' title='bbox 740 2411 853 2456; x_wconf 71' lang='grc' dir='ltr'>χαρᾶς</span> <span class='ocrx_word' id='word_1_298' title='bbox 865 2433 874 2450; x_wconf 90' lang='grc'>,</span> <span class='ocrx_word' id='word_1_299' title='bbox 891 2405 981 2455; x_wconf 82' lang='grc' dir='ltr'>μετὰ</span> <span class='ocrx_word' id='word_1_300' title='bbox 999 2407 1132 2454; x_wconf 78' lang='grc' dir='ltr'>πολλῆς</span> 
     </span>
     <span class='ocr_line' id='line_1_38' title="bbox 106 2463 1132 2518; baseline 0.006 -19"><span class='ocrx_word' id='word_1_301' title='bbox 106 2464 168 2507; x_wconf 74' lang='grc' dir='ltr'>τῆς</span> <span class='ocrx_word' id='word_1_302' title='bbox 198 2463 367 2512; x_wconf 81' lang='grc' dir='ltr'>θυμηδίας</span> <span class='ocrx_word' id='word_1_303' title='bbox 401 2464 544 2514; x_wconf 89' lang='grc' dir='ltr'>γίνεται.</span> <span class='ocrx_word' id='word_1_304' title='bbox 574 2465 642 2503; x_wconf 82' lang='grc' dir='ltr'>Καὶ</span> <span class='ocrx_word' id='word_1_305' title='bbox 673 2466 838 2518; x_wconf 73' lang='grc' dir='ltr'>ἐτάχυνεν</span> <span class='ocrx_word' id='word_1_306' title='bbox 872 2469 890 2504; x_wconf 87' lang='lat'><em>6</em></span> <span class='ocrx_word' id='word_1_307' title='bbox 916 2472 998 2509; x_wconf 85' lang='grc' dir='ltr'>παῖς</span> <span class='ocrx_word' id='word_1_308' title='bbox 1030 2470 1132 2506; x_wconf 76' lang='grc' dir='ltr'>τοῦτο</span> 
     </span>
     <span class='ocr_line' id='line_1_39' title="bbox 106 2523 1132 2580; baseline 0.007 -20"><span class='ocrx_word' id='word_1_309' title='bbox 106 2525 268 2571; x_wconf 69' lang='grc' dir='ltr'>ποιῆσαι,</span> <span class='ocrx_word' id='word_1_310' title='bbox 286 2523 384 2576; x_wconf 71' lang='grc' dir='ltr'>φησί.</span> <span class='ocrx_word' id='word_1_311' title='bbox 400 2526 470 2563; x_wconf 82' lang='grc' dir='ltr'>Καὶ</span> <span class='ocrx_word' id='word_1_312' title='bbox 485 2526 561 2564; x_wconf 74' lang='grc' dir='ltr'>οὐδὲ</span> <span class='ocrx_word' id='word_1_313' title='bbox 577 2525 685 2571; x_wconf 78' lang='grc' dir='ltr'>οὕτως</span> <span class='ocrx_word' id='word_1_314' title='bbox 702 2526 827 2579; x_wconf 73' lang='grc' dir='ltr'>ἠρέμει</span> <span class='ocrx_word' id='word_1_315' title='bbox 845 2530 863 2565; x_wconf 88' lang='lat'><em>6</em></span> <span class='ocrx_word' id='word_1_316' title='bbox 888 2526 1013 2580; x_wconf 83' lang='grc' dir='ltr'>γέρων,</span> <span class='ocrx_word' id='word_1_317' title='bbox 1041 2528 1132 2567; x_wconf 87' lang='grc' dir='ltr'>ἀλλὰ</span> 
     </span>
     <span class='ocr_line' id='line_1_40' title="bbox 105 2583 1131 2640; baseline 0.008 -20"><span class='ocrx_word' id='word_1_318' title='bbox 105 2583 210 2621; x_wconf 84' lang='grc' dir='ltr'>πάλιν</span> <span class='ocrx_word' id='word_1_319' title='bbox 230 2586 265 2622; x_wconf 81' lang='grc' dir='ltr'>ἐν</span> <span class='ocrx_word' id='word_1_320' title='bbox 282 2584 377 2629; x_wconf 82' lang='grc' dir='ltr'>τάξει</span> <span class='ocrx_word' id='word_1_321' title='bbox 396 2585 569 2638; x_wconf 79' lang='grc' dir='ltr'>ὑπηρέτου</span> <span class='ocrx_word' id='word_1_322' title='bbox 598 2587 750 2626; x_wconf 80' lang='grc' dir='ltr'>ἵσταται.</span> <span class='ocrx_word' id='word_1_323' title='bbox 774 2588 842 2626; x_wconf 76' lang='grc' dir='ltr'>Καὶ</span> <span class='ocrx_word' id='word_1_324' title='bbox 861 2588 980 2627; x_wconf 71' lang='grc' dir='ltr'>λαὸὼν</span> <span class='ocrx_word' id='word_1_325' title='bbox 1003 2589 1131 2640; x_wconf 77' lang='grc' dir='ltr'>βούτυ-</span> 
     </span>
     <span class='ocr_line' id='line_1_41' title="bbox 107 2645 1130 2702; baseline 0.007 -20"><span class='ocrx_word' id='word_1_326' title='bbox 107 2660 163 2696; x_wconf 89' lang='grc' dir='ltr'>ρον</span> <span class='ocrx_word' id='word_1_327' title='bbox 182 2646 241 2683; x_wconf 83' lang='grc' dir='ltr'>καὶ</span> <span class='ocrx_word' id='word_1_328' title='bbox 259 2645 350 2697; x_wconf 86' lang='grc' dir='ltr'>γάλα</span> <span class='ocrx_word' id='word_1_329' title='bbox 369 2647 428 2685; x_wconf 84' lang='grc' dir='ltr'>καὶ</span> <span class='ocrx_word' id='word_1_330' title='bbox 447 2647 486 2685; x_wconf 82' lang='grc' dir='ltr'>τὸ</span> <span class='ocrx_word' id='word_1_331' title='bbox 507 2649 700 2701; x_wconf 81' lang='grc' dir='ltr'>μοσχάριον</span> <span class='ocrx_word' id='word_1_332' title='bbox 718 2649 736 2688; x_wconf 83' lang='grc' dir='ltr'>ὃ</span> <span class='ocrx_word' id='word_1_333' title='bbox 754 2650 914 2698; x_wconf 84' lang='grc' dir='ltr'>ἐποίησε,</span> <span class='ocrx_word' id='word_1_334' title='bbox 933 2650 1130 2702; x_wconf 80' lang='grc' dir='ltr'>παρέθηκεν</span> 
     </span>
     <span class='ocr_line' id='line_1_42' title="bbox 105 2707 1129 2764; baseline 0.007 -21"><span class='ocrx_word' id='word_1_335' title='bbox 105 2707 231 2750; x_wconf 81' lang='grc' dir='ltr'>αὐτοῖς.</span> <span class='ocrx_word' id='word_1_336' title='bbox 251 2707 361 2752; x_wconf 82' lang='grc' dir='ltr'>Αὐτὸς</span> <span class='ocrx_word' id='word_1_337' title='bbox 382 2709 425 2746; x_wconf 86' lang='grc' dir='ltr'>δι’</span> <span class='ocrx_word' id='word_1_338' title='bbox 443 2712 566 2748; x_wconf 78' lang='grc' dir='ltr'>ἑαυτοῦ</span> <span class='ocrx_word' id='word_1_339' title='bbox 582 2710 698 2748; x_wconf 84' lang='grc' dir='ltr'>πάντα</span> <span class='ocrx_word' id='word_1_340' title='bbox 716 2715 808 2748; x_wconf 90' lang='grc' dir='ltr'>ποιεῖ</span> <span class='ocrx_word' id='word_1_341' title='bbox 829 2711 887 2749; x_wconf 84' lang='grc' dir='ltr'>καὶ</span> <span class='ocrx_word' id='word_1_342' title='bbox 902 2712 1129 2764; x_wconf 80' lang='grc' dir='ltr'>παρατίθησι.</span> 
     </span>
     <span class='ocr_line' id='line_1_43' title="bbox 104 2768 1129 2824; baseline 0.006 -19"><span class='ocrx_word' id='word_1_343' title='bbox 104 2768 173 2805; x_wconf 81' lang='grc' dir='ltr'>Καὶ</span> <span class='ocrx_word' id='word_1_344' title='bbox 204 2769 281 2807; x_wconf 79' lang='grc' dir='ltr'>οὐδὲ</span> <span class='ocrx_word' id='word_1_345' title='bbox 313 2769 403 2813; x_wconf 82' lang='grc' dir='ltr'>ἄξιον</span> <span class='ocrx_word' id='word_1_346' title='bbox 434 2769 554 2808; x_wconf 84' lang='grc' dir='ltr'>ἑαυτὸν</span> <span class='ocrx_word' id='word_1_347' title='bbox 588 2770 726 2822; x_wconf 81' lang='grc' dir='ltr'>ἐνόμισε</span> <span class='ocrx_word' id='word_1_348' title='bbox 757 2775 816 2810; x_wconf 76' lang='grc' dir='ltr'>τοῦ</span> <span class='ocrx_word' id='word_1_349' title='bbox 851 2776 1129 2824; x_wconf 76' lang='grc' dir='ltr'>συγκαθεσθῆναι</span> 
     </span>
    </p>
   </div>
   <div class='ocr_carea' id='block_1_7' title="bbox 1090 187 1250 218">
    <p class='ocr_par' dir='ltr' id='par_1_8' title="bbox 1090 187 1250 218">
     <span class='ocr_line' id='line_1_44' title="bbox 1090 187 1250 218; baseline -0.006 0"><span class='ocrx_word' id='word_1_350' title='bbox 1090 187 1250 218; x_wconf 71' lang='lat' dir='ltr'>GENES.</span> 
     </span>
    </p>
   </div>
   <div class='ocr_carea' id='block_1_8' title="bbox 1292 181 2172 238">
    <p class='ocr_par' dir='ltr' id='par_1_9' title="bbox 1292 181 2172 238">
     <span class='ocr_line' id='line_1_45' title="bbox 1292 181 2172 238; baseline 0.009 -20"><span class='ocrx_word' id='word_1_351' title='bbox 1292 188 1450 218; x_wconf 71' lang='lat' dir='ltr'>nomn..</span> <span class='ocrx_word' id='word_1_352' title='bbox 1490 189 1581 219; x_wconf 76' lang='lat' dir='ltr'>xm.</span> <span class='ocrx_word' id='word_1_353' title='bbox 2079 181 2172 238; x_wconf 62' lang='lat'>455</span> 
     </span>
    </p>
   </div>
   <div class='ocr_carea' id='block_1_9' title="bbox 1162 271 2175 2153">
    <p class='ocr_par' dir='ltr' id='par_1_10' title="bbox 1162 271 2175 2153">
     <span class='ocr_line' id='line_1_46' title="bbox 1220 271 2174 326; baseline 0.007 -17"><span class='ocrx_word' id='word_1_354' title='bbox 1220 271 1346 309; x_wconf 87' lang='lat' dir='ltr'>morbo</span> <span class='ocrx_word' id='word_1_355' title='bbox 1363 271 1571 310; x_wconf 75' lang='lat' dir='ltr'>laborabant</span> <span class='ocrx_word' id='word_1_356' title='bbox 1582 287 1593 321; x_wconf 85' lang='lat'>;</span> <span class='ocrx_word' id='word_1_357' title='bbox 1626 271 1687 310; x_wconf 88' lang='lat' dir='ltr'>scd</span> <span class='ocrx_word' id='word_1_358' title='bbox 1716 273 1832 324; x_wconf 86' lang='lat' dir='ltr'>inquit</span> <span class='ocrx_word' id='word_1_359' title='bbox 1851 290 1858 311; x_wconf 91' lang='lat'>:</span> <span class='ocrx_word' id='word_1_360' title='bbox 1875 275 1915 313; x_wconf 91' lang='lat' dir='ltr'>Si</span> <span class='ocrx_word' id='word_1_361' title='bbox 1948 276 2002 314; x_wconf 84' lang='lat' dir='ltr'>vis</span> <span class='ocrx_word' id='word_1_362' title='bbox 2033 279 2174 326; x_wconf 84' lang='lat' dir='ltr'>ornari,</span> 
     </span>
     <span class='ocr_line' id='line_1_47' title="bbox 1220 333 2173 390; baseline 0.007 -21"><span class='ocrx_word' id='word_1_363' title='bbox 1220 346 1304 370; x_wconf 85' lang='lat' dir='ltr'>vero</span> <span class='ocrx_word' id='word_1_364' title='bbox 1334 341 1370 370; x_wconf 86' lang='lat' dir='ltr'>te</span> <span class='ocrx_word' id='word_1_365' title='bbox 1391 342 1518 372; x_wconf 84' lang='lat' dir='ltr'>ornatu</span> <span class='ocrx_word' id='word_1_366' title='bbox 1545 333 1634 382; x_wconf 84' lang='lat' dir='ltr'>cole,</span> <span class='ocrx_word' id='word_1_367' title='bbox 1650 348 1756 385; x_wconf 88' lang='lat' dir='ltr'>quem</span> <span class='ocrx_word' id='word_1_368' title='bbox 1777 334 1876 374; x_wconf 85' lang='lat' dir='ltr'>decet</span> <span class='ocrx_word' id='word_1_369' title='bbox 1896 335 2063 375; x_wconf 86' lang='lat' dir='ltr'>mulieres</span> <span class='ocrx_word' id='word_1_370' title='bbox 2078 339 2173 390; x_wconf 86' lang='lat' dir='ltr'>pias:</span> 
     </span>
     <span class='ocr_line' id='line_1_48' title="bbox 1221 392 2173 446; baseline 0.006 -16"><span class='ocrx_word' id='word_1_371' title='bbox 1221 392 1324 430; x_wconf 79' lang='lat' dir='ltr'>bonis</span> <span class='ocrx_word' id='word_1_372' title='bbox 1351 402 1384 431; x_wconf 91' lang='lat' dir='ltr'>te</span> <span class='ocrx_word' id='word_1_373' title='bbox 1402 394 1570 446; x_wconf 90' lang='lat' dir='ltr'>operibus</span> <span class='ocrx_word' id='word_1_374' title='bbox 1594 410 1692 433; x_wconf 85' lang='lat' dir='ltr'>orna.</span> <span class='ocrx_word' id='word_1_375' title='bbox 1723 396 1790 434; x_wconf 85' lang='lat' dir='ltr'>llic</span> <span class='ocrx_word' id='word_1_376' title='bbox 1809 396 1937 434; x_wconf 78' lang='lat' dir='ltr'>anima:</span> <span class='ocrx_word' id='word_1_377' title='bbox 1957 397 2075 435; x_wconf 90' lang='lat' dir='ltr'>cultus</span> <span class='ocrx_word' id='word_1_378' title='bbox 2103 408 2173 444; x_wconf 78' lang='lat' dir='ltr'>est,</span> 
     </span>
     <span class='ocr_line' id='line_1_49' title="bbox 1221 452 2175 511; baseline 0.006 -21"><span class='ocrx_word' id='word_1_379' title='bbox 1221 452 1280 491; x_wconf 85' lang='lat' dir='ltr'>hic</span> <span class='ocrx_word' id='word_1_380' title='bbox 1301 468 1320 491; x_wconf 86' lang='lat' dir='ltr'>a</span> <span class='ocrx_word' id='word_1_381' title='bbox 1343 455 1453 492; x_wconf 89' lang='lat' dir='ltr'>nullis</span> <span class='ocrx_word' id='word_1_382' title='bbox 1472 455 1626 494; x_wconf 81' lang='lat' dir='ltr'>externis</span> <span class='ocrx_word' id='word_1_383' title='bbox 1646 455 1918 506; x_wconf 85' lang='lat' dir='ltr'>condemnatur,</span> <span class='ocrx_word' id='word_1_384' title='bbox 1939 457 2034 511; x_wconf 81' lang='lat' dir='ltr'>bunc</span> <span class='ocrx_word' id='word_1_385' title='bbox 2056 459 2175 496; x_wconf 80' lang='lat' dir='ltr'>nullus</span> 
     </span>
     <span class='ocr_line' id='line_1_50' title="bbox 1222 513 2174 570; baseline 0.007 -20"><span class='ocrx_word' id='word_1_386' title='bbox 1222 513 1419 565; x_wconf 66' lang='lat' dir='ltr'>depraedari</span> <span class='ocrx_word' id='word_1_387' title='bbox 1459 517 1603 568; x_wconf 83' lang='lat' dir='ltr'>poterit,</span> <span class='ocrx_word' id='word_1_388' title='bbox 1621 516 1678 554; x_wconf 83' lang='lat' dir='ltr'>hic.</span> <span class='ocrx_word' id='word_1_389' title='bbox 1695 527 1866 570; x_wconf 85' lang='lat' dir='ltr'>perpetuo</span> <span class='ocrx_word' id='word_1_390' title='bbox 1886 528 2003 557; x_wconf 87' lang='lat' dir='ltr'>manet</span> <span class='ocrx_word' id='word_1_391' title='bbox 2023 527 2123 557; x_wconf 88' lang='lat' dir='ltr'>tutus</span> <span class='ocrx_word' id='word_1_392' title='bbox 2142 530 2174 557; x_wconf 87' lang='lat' dir='ltr'>et</span> 
     </span>
     <span class='ocr_line' id='line_1_51' title="bbox 1219 573 2174 625; baseline 0.007 -14"><span class='ocrx_word' id='word_1_393' title='bbox 1219 573 1366 625; x_wconf 81' lang='lat' dir='ltr'>integer.</span> <span class='ocrx_word' id='word_1_394' title='bbox 1389 579 1416 613; x_wconf 83' lang='grc' dir='ltr'>Α</span> <span class='ocrx_word' id='word_1_395' title='bbox 1435 577 1532 614; x_wconf 90' lang='lat' dir='ltr'>cultu</span> <span class='ocrx_word' id='word_1_396' title='bbox 1552 587 1669 615; x_wconf 85' lang='lat' dir='ltr'>autem</span> <span class='ocrx_word' id='word_1_397' title='bbox 1687 588 1832 617; x_wconf 82' lang='lat' dir='ltr'>externo</span> <span class='ocrx_word' id='word_1_398' title='bbox 1851 579 2034 618; x_wconf 88' lang='lat' dir='ltr'>innumera</span> <span class='ocrx_word' id='word_1_399' title='bbox 2055 580 2174 618; x_wconf 88' lang='lat' dir='ltr'>oriun-</span> 
     </span>
     <span class='ocr_line' id='line_1_52' title="bbox 1218 636 2174 689; baseline 0.01 -19"><span class='ocrx_word' id='word_1_400' title='bbox 1218 642 1277 671; x_wconf 91' lang='lat' dir='ltr'>tur</span> <span class='ocrx_word' id='word_1_401' title='bbox 1296 636 1413 672; x_wconf 85' lang='lat' dir='ltr'>mala:</span> <span class='ocrx_word' id='word_1_402' title='bbox 1435 637 1594 675; x_wconf 85' lang='lat' dir='ltr'>nondum</span> <span class='ocrx_word' id='word_1_403' title='bbox 1613 638 1696 676; x_wconf 86' lang='lat' dir='ltr'>dico</span> <span class='ocrx_word' id='word_1_404' title='bbox 1717 639 1844 678; x_wconf 81' lang='lat' dir='ltr'>animae</span> <span class='ocrx_word' id='word_1_405' title='bbox 1863 650 2094 689; x_wconf 85' lang='lat' dir='ltr'>nocumenta,</span> <span class='ocrx_word' id='word_1_406' title='bbox 2117 656 2174 679; x_wconf 81' lang='lat' dir='ltr'>ar-</span> 
     </span>
     <span class='ocr_line' id='line_1_53' title="bbox 1218 695 2173 754; baseline 0.01 -23"><span class='ocrx_word' id='word_1_407' title='bbox 1218 695 1417 745; x_wconf 81' lang='lat' dir='ltr'>rogantiam</span> <span class='ocrx_word' id='word_1_408' title='bbox 1444 710 1522 746; x_wconf 79' lang='lat' dir='ltr'>quae</span> <span class='ocrx_word' id='word_1_409' title='bbox 1553 697 1635 734; x_wconf 85' lang='lat' dir='ltr'>inde</span> <span class='ocrx_word' id='word_1_410' title='bbox 1664 700 1834 748; x_wconf 86' lang='lat' dir='ltr'>nascitur,</span> <span class='ocrx_word' id='word_1_411' title='bbox 1861 701 2066 753; x_wconf 88' lang='lat' dir='ltr'>despectum</span> <span class='ocrx_word' id='word_1_412' title='bbox 2092 716 2173 754; x_wconf 88' lang='lat' dir='ltr'>pro-</span> 
     </span>
     <span class='ocr_line' id='line_1_54' title="bbox 1218 755 2171 814; baseline 0.009 -22"><span class='ocrx_word' id='word_1_413' title='bbox 1218 755 1326 804; x_wconf 83' lang='lat' dir='ltr'>ximi,</span> <span class='ocrx_word' id='word_1_414' title='bbox 1356 756 1486 794; x_wconf 84' lang='lat' dir='ltr'>fastum</span> <span class='ocrx_word' id='word_1_415' title='bbox 1521 757 1670 809; x_wconf 90' lang='lat' dir='ltr'>spiritus</span> <span class='ocrx_word' id='word_1_416' title='bbox 1684 788 1694 806; x_wconf 86' lang='lat'>,</span> <span class='ocrx_word' id='word_1_417' title='bbox 1728 760 1855 797; x_wconf 65' lang='lat' dir='ltr'>animm</span> <span class='ocrx_word' id='word_1_418' title='bbox 1887 763 2171 814; x_wconf 80' lang='lat' dir='ltr'>corruptionem,</span> 
     </span>
     <span class='ocr_line' id='line_1_55' title="bbox 1219 815 2172 869; baseline 0.01 -17"><span class='ocrx_word' id='word_1_419' title='bbox 1219 815 1444 868; x_wconf 89' lang='lat' dir='ltr'>voluptatum</span> <span class='ocrx_word' id='word_1_420' title='bbox 1463 816 1671 855; x_wconf 85' lang='lat' dir='ltr'>illicitarum</span> <span class='ocrx_word' id='word_1_421' title='bbox 1687 833 1854 869; x_wconf 83' lang='lat' dir='ltr'>examen3</span> <span class='ocrx_word' id='word_1_422' title='bbox 1876 822 1936 859; x_wconf 85' lang='lat' dir='ltr'>scd</span> <span class='ocrx_word' id='word_1_423' title='bbox 1956 823 2059 861; x_wconf 84' lang='lat' dir='ltr'>facile</span> <span class='ocrx_word' id='word_1_424' title='bbox 2083 823 2172 861; x_wconf 89' lang='lat' dir='ltr'>diri-</span> 
     </span>
     <span class='ocr_line' id='line_1_56' title="bbox 1168 876 2172 933; baseline 0.008 -20"><span class='ocrx_word' id='word_1_425' title='bbox 1168 887 1191 917; x_wconf 83' lang='lat' dir='ltr'>C</span> <span class='ocrx_word' id='word_1_426' title='bbox 1216 876 1315 928; x_wconf 90' lang='lat' dir='ltr'>pitur</span> <span class='ocrx_word' id='word_1_427' title='bbox 1334 877 1395 915; x_wconf 87' lang='lat' dir='ltr'>ille</span> <span class='ocrx_word' id='word_1_428' title='bbox 1423 877 1540 916; x_wconf 89' lang='lat' dir='ltr'>cultus</span> <span class='ocrx_word' id='word_1_429' title='bbox 1563 887 1596 916; x_wconf 88' lang='lat' dir='ltr'>et</span> <span class='ocrx_word' id='word_1_430' title='bbox 1629 879 1846 917; x_wconf 83' lang='lat' dir='ltr'>famulorum</span> <span class='ocrx_word' id='word_1_431' title='bbox 1877 882 2096 933; x_wconf 79' lang='lat' dir='ltr'>malignitate</span> <span class='ocrx_word' id='word_1_432' title='bbox 2123 884 2172 921; x_wconf 89' lang='lat' dir='ltr'>la—</span> 
     </span>
     <span class='ocr_line' id='line_1_57' title="bbox 1217 938 2170 994; baseline 0.007 -19"><span class='ocrx_word' id='word_1_433' title='bbox 1217 946 1428 990; x_wconf 86' lang='lat' dir='ltr'>tronumque</span> <span class='ocrx_word' id='word_1_434' title='bbox 1457 938 1609 989; x_wconf 83' lang='lat' dir='ltr'>insidiis,</span> <span class='ocrx_word' id='word_1_435' title='bbox 1631 954 1765 979; x_wconf 85' lang='lat' dir='ltr'>necnon</span> <span class='ocrx_word' id='word_1_436' title='bbox 1791 943 2094 994; x_wconf 81' lang='lat' dir='ltr'>sycophantarum</span> <span class='ocrx_word' id='word_1_437' title='bbox 2114 960 2170 982; x_wconf 86' lang='lat' dir='ltr'>ca-</span> 
     </span>
     <span class='ocr_line' id='line_1_58' title="bbox 1214 998 2170 1053; baseline 0.007 -17"><span class='ocrx_word' id='word_1_438' title='bbox 1214 998 1362 1038; x_wconf 90' lang='lat' dir='ltr'>lumniis</span> <span class='ocrx_word' id='word_1_439' title='bbox 1378 1016 1388 1050; x_wconf 88' lang='lat'>;</span> <span class='ocrx_word' id='word_1_440' title='bbox 1411 1009 1444 1038; x_wconf 92' lang='lat' dir='ltr'>et</span> <span class='ocrx_word' id='word_1_441' title='bbox 1460 1001 1600 1039; x_wconf 81' lang='lat' dir='ltr'>infinita</span> <span class='ocrx_word' id='word_1_442' title='bbox 1616 1002 1709 1039; x_wconf 86' lang='lat' dir='ltr'>mala</span> <span class='ocrx_word' id='word_1_443' title='bbox 1731 1002 1892 1041; x_wconf 78' lang='lat' dir='ltr'>invenire</span> <span class='ocrx_word' id='word_1_444' title='bbox 1911 1004 1945 1041; x_wconf 88' lang='lat' dir='ltr'>in</span> <span class='ocrx_word' id='word_1_445' title='bbox 1963 1019 2002 1042; x_wconf 87' lang='lat' dir='ltr'>eo</span> <span class='ocrx_word' id='word_1_446' title='bbox 2023 1005 2115 1053; x_wconf 81' lang='lat' dir='ltr'>licet,</span> <span class='ocrx_word' id='word_1_447' title='bbox 2130 1020 2170 1043; x_wconf 89' lang='lat' dir='ltr'>ac</span> 
     </span>
     <span class='ocr_line' id='line_1_59' title="bbox 1213 1063 2169 1114; baseline 0.006 -15"><span class='ocrx_word' id='word_1_448' title='bbox 1213 1072 1402 1114; x_wconf 86' lang='lat' dir='ltr'>perpetuas</span> <span class='ocrx_word' id='word_1_449' title='bbox 1424 1063 1691 1101; x_wconf 86' lang='lat' dir='ltr'>amaritudines.</span> <span class='ocrx_word' id='word_1_450' title='bbox 1721 1064 1828 1114; x_wconf 83' lang='lat' dir='ltr'>Atqui</span> <span class='ocrx_word' id='word_1_451' title='bbox 1855 1066 1962 1103; x_wconf 84' lang='lat' dir='ltr'>Sarra</span> <span class='ocrx_word' id='word_1_452' title='bbox 1990 1066 2071 1103; x_wconf 90' lang='lat' dir='ltr'>talis</span> <span class='ocrx_word' id='word_1_453' title='bbox 2101 1082 2169 1105; x_wconf 90' lang='lat' dir='ltr'>non</span> 
     </span>
     <span class='ocr_line' id='line_1_60' title="bbox 1212 1123 2170 1177; baseline 0.007 -18"><span class='ocrx_word' id='word_1_454' title='bbox 1212 1131 1309 1172; x_wconf 61' lang='grc' dir='ltr'>(τι-αῖς</span> <span class='ocrx_word' id='word_1_455' title='bbox 1343 1123 1405 1161; x_wconf 93' lang='lat' dir='ltr'>sed</span> <span class='ocrx_word' id='word_1_456' title='bbox 1431 1137 1556 1161; x_wconf 86' lang='lat' dir='ltr'>verum</span> <span class='ocrx_word' id='word_1_457' title='bbox 1584 1124 1788 1177; x_wconf 84' lang='lat' dir='ltr'>possidebat</span> <span class='ocrx_word' id='word_1_458' title='bbox 1822 1135 1985 1164; x_wconf 87' lang='lat' dir='ltr'>ornatum</span> <span class='ocrx_word' id='word_1_459' title='bbox 2009 1143 2017 1163; x_wconf 88' lang='lat'>:</span> <span class='ocrx_word' id='word_1_460' title='bbox 2040 1127 2118 1166; x_wconf 88' lang='lat' dir='ltr'>ideo</span> <span class='ocrx_word' id='word_1_461' title='bbox 2137 1139 2170 1166; x_wconf 85' lang='lat' dir='ltr'>et</span> 
     </span>
     <span class='ocr_line' id='line_1_61' title="bbox 1211 1182 2168 1238; baseline 0.007 -18"><span class='ocrx_word' id='word_1_462' title='bbox 1211 1182 1320 1235; x_wconf 82' lang='lat' dir='ltr'>digna</span> <span class='ocrx_word' id='word_1_463' title='bbox 1333 1185 1400 1222; x_wconf 86' lang='lat' dir='ltr'>fuit</span> <span class='ocrx_word' id='word_1_464' title='bbox 1413 1185 1615 1237; x_wconf 86' lang='lat' dir='ltr'>patriarcha</span> <span class='ocrx_word' id='word_1_465' title='bbox 1631 1202 1638 1222; x_wconf 92' lang='lat'><strong>:</strong></span> <span class='ocrx_word' id='word_1_466' title='bbox 1654 1195 1686 1224; x_wconf 90' lang='lat' dir='ltr'>et</span> <span class='ocrx_word' id='word_1_467' title='bbox 1699 1186 1791 1224; x_wconf 89' lang='lat' dir='ltr'>sicut</span> <span class='ocrx_word' id='word_1_468' title='bbox 1804 1187 1865 1225; x_wconf 87' lang='lat' dir='ltr'>illc</span> <span class='ocrx_word' id='word_1_469' title='bbox 1877 1187 2072 1238; x_wconf 80' lang='lat' dir='ltr'>festinavit,</span> <span class='ocrx_word' id='word_1_470' title='bbox 2084 1199 2117 1227; x_wconf 93' lang='lat' dir='ltr'>et</span> <span class='ocrx_word' id='word_1_471' title='bbox 2134 1190 2168 1227; x_wconf 93' lang='lat' dir='ltr'>in</span> 
     </span>
     <span class='ocr_line' id='line_1_62' title="bbox 1211 1246 2169 1302; baseline 0.006 -19"><span class='ocrx_word' id='word_1_472' title='bbox 1211 1246 1481 1284; x_wconf 88' lang='lat' dir='ltr'>tabernaculum</span> <span class='ocrx_word' id='word_1_473' title='bbox 1499 1249 1669 1297; x_wconf 87' lang='lat' dir='ltr'>cucurrit,</span> <span class='ocrx_word' id='word_1_474' title='bbox 1691 1248 1739 1287; x_wconf 88' lang='lat' dir='ltr'>ita</span> <span class='ocrx_word' id='word_1_475' title='bbox 1756 1258 1789 1287; x_wconf 90' lang='lat' dir='ltr'>et</span> <span class='ocrx_word' id='word_1_476' title='bbox 1810 1249 1886 1302; x_wconf 85' lang='lat' dir='ltr'>ipsa</span> <span class='ocrx_word' id='word_1_477' title='bbox 1906 1264 2035 1302; x_wconf 86' lang='lat' dir='ltr'>magno</span> <span class='ocrx_word' id='word_1_478' title='bbox 2052 1251 2169 1289; x_wconf 91' lang='lat' dir='ltr'>studio</span> 
     </span>
     <span class='ocr_line' id='line_1_63' title="bbox 1211 1307 2168 1361; baseline 0.007 -17"><span class='ocrx_word' id='word_1_479' title='bbox 1211 1307 1294 1345; x_wconf 90' lang='lat' dir='ltr'>secit</span> <span class='ocrx_word' id='word_1_480' title='bbox 1312 1323 1392 1359; x_wconf 81' lang='lat' dir='ltr'>quae</span> <span class='ocrx_word' id='word_1_481' title='bbox 1407 1309 1580 1361; x_wconf 86' lang='lat' dir='ltr'>imperata</span> <span class='ocrx_word' id='word_1_482' title='bbox 1600 1319 1711 1359; x_wconf 84' lang='lat' dir='ltr'>erant,</span> <span class='ocrx_word' id='word_1_483' title='bbox 1727 1320 1760 1348; x_wconf 89' lang='lat' dir='ltr'>et</span> <span class='ocrx_word' id='word_1_484' title='bbox 1774 1311 1918 1349; x_wconf 86' lang='lat' dir='ltr'>miscuit</span> <span class='ocrx_word' id='word_1_485' title='bbox 1940 1321 2008 1350; x_wconf 89' lang='lat' dir='ltr'>tres</span> <span class='ocrx_word' id='word_1_486' title='bbox 2027 1327 2168 1351; x_wconf 89' lang='lat' dir='ltr'>mensu-</span> 
     </span>
     <span class='ocr_line' id='line_1_64' title="bbox 1210 1369 2166 1424; baseline 0.007 -19"><span class='ocrx_word' id='word_1_487' title='bbox 1210 1382 1268 1406; x_wconf 88' lang='lat' dir='ltr'>ras</span> <span class='ocrx_word' id='word_1_488' title='bbox 1283 1369 1420 1407; x_wconf 80' lang='lat' dir='ltr'>similae.</span> <span class='ocrx_word' id='word_1_489' title='bbox 1440 1371 1531 1408; x_wconf 80' lang='lat' dir='ltr'>Nam</span> <span class='ocrx_word' id='word_1_490' title='bbox 1546 1371 1630 1421; x_wconf 86' lang='lat' dir='ltr'>quia</span> <span class='ocrx_word' id='word_1_491' title='bbox 1651 1380 1720 1409; x_wconf 89' lang='lat' dir='ltr'>tres</span> <span class='ocrx_word' id='word_1_492' title='bbox 1740 1373 1910 1424; x_wconf 88' lang='lat' dir='ltr'>erantqui</span> <span class='ocrx_word' id='word_1_493' title='bbox 1931 1372 2166 1423; x_wconf 70' lang='lat' dir='ltr'>advenerant,</span> 
     </span>
     <span class='ocr_line' id='line_1_65' title="bbox 1210 1429 2167 1484; baseline 0.006 -20"><span class='ocrx_word' id='word_1_494' title='bbox 1210 1434 1282 1465; x_wconf 85' lang='lat' dir='ltr'>tres</span> <span class='ocrx_word' id='word_1_495' title='bbox 1301 1441 1484 1466; x_wconf 84' lang='lat' dir='ltr'>mensuras</span> <span class='ocrx_word' id='word_1_496' title='bbox 1498 1429 1606 1481; x_wconf 82' lang='lat' dir='ltr'>jussit</span> <span class='ocrx_word' id='word_1_497' title='bbox 1622 1430 1778 1481; x_wconf 80' lang='lat' dir='ltr'>misceri,</span> <span class='ocrx_word' id='word_1_498' title='bbox 1799 1440 1838 1469; x_wconf 91' lang='lat' dir='ltr'>ut</span> <span class='ocrx_word' id='word_1_499' title='bbox 1860 1431 1965 1469; x_wconf 89' lang='lat' dir='ltr'>citius</span> <span class='ocrx_word' id='word_1_500' title='bbox 1985 1446 2092 1484; x_wconf 87' lang='lat' dir='ltr'>panes</span> <span class='ocrx_word' id='word_1_501' title='bbox 2106 1447 2167 1484; x_wconf 87' lang='lat' dir='ltr'>pa-</span> 
     </span>
     <span class='ocr_line' id='line_1_66' title="bbox 1211 1490 2168 1546; baseline 0.005 -20"><span class='ocrx_word' id='word_1_502' title='bbox 1211 1498 1386 1527; x_wconf 86' lang='lat' dir='ltr'>rarentur.</span> <span class='ocrx_word' id='word_1_503' title='bbox 1407 1490 1455 1528; x_wconf 90' lang='lat' dir='ltr'>Et</span> <span class='ocrx_word' id='word_1_504' title='bbox 1474 1499 1514 1529; x_wconf 91' lang='lat' dir='ltr'>ut</span> <span class='ocrx_word' id='word_1_505' title='bbox 1531 1490 1599 1529; x_wconf 89' lang='lat' dir='ltr'>hoc</span> <span class='ocrx_word' id='word_1_506' title='bbox 1613 1492 1792 1544; x_wconf 83' lang='lat' dir='ltr'>praecepit,</span> <span class='ocrx_word' id='word_1_507' title='bbox 1808 1492 1855 1530; x_wconf 89' lang='lat' dir='ltr'>ad</span> <span class='ocrx_word' id='word_1_508' title='bbox 1873 1493 1982 1531; x_wconf 79' lang='lat' dir='ltr'>boves</span> <span class='ocrx_word' id='word_1_509' title='bbox 2002 1493 2077 1546; x_wconf 86' lang='lat' dir='ltr'>ipse</span> <span class='ocrx_word' id='word_1_510' title='bbox 2104 1493 2168 1532; x_wconf 91' lang='lat' dir='ltr'>ite-</span> 
     </span>
     <span class='ocr_line' id='line_1_67' title="bbox 1211 1552 2167 1606; baseline 0.006 -19"><span class='ocrx_word' id='word_1_511' title='bbox 1211 1564 1294 1588; x_wconf 90' lang='lat' dir='ltr'>rum</span> <span class='ocrx_word' id='word_1_512' title='bbox 1307 1552 1474 1590; x_wconf 83' lang='lat' dir='ltr'>cucurrit.</span> <span class='ocrx_word' id='word_1_513' title='bbox 1498 1553 1530 1590; x_wconf 92' lang='lat' dir='ltr'>O</span> <span class='ocrx_word' id='word_1_514' title='bbox 1552 1553 1644 1591; x_wconf 89' lang='lat' dir='ltr'>senis</span> <span class='ocrx_word' id='word_1_515' title='bbox 1659 1553 1909 1606; x_wconf 68' lang='lat' dir='ltr'>juventutem!</span> <span class='ocrx_word' id='word_1_516' title='bbox 1928 1569 1949 1592; x_wconf 94' lang='grc' dir='ltr'>ο</span> <span class='ocrx_word' id='word_1_517' title='bbox 1969 1555 2096 1593; x_wconf 80' lang='lat' dir='ltr'>animae</span> <span class='ocrx_word' id='word_1_518' title='bbox 2116 1555 2167 1593; x_wconf 73' lang='lat' dir='ltr'>vi-</span> 
     </span>
     <span class='ocr_line' id='line_1_68' title="bbox 1213 1610 2168 1668; baseline 0.006 -20"><span class='ocrx_word' id='word_1_519' title='bbox 1213 1610 1356 1662; x_wconf 72' lang='lat' dir='ltr'>gorem!</span> <span class='ocrx_word' id='word_1_520' title='bbox 1372 1613 1484 1651; x_wconf 86' lang='lat' dir='ltr'>currit</span> <span class='ocrx_word' id='word_1_521' title='bbox 1502 1613 1549 1652; x_wconf 84' lang='lat' dir='ltr'>ad</span> <span class='ocrx_word' id='word_1_522' title='bbox 1567 1614 1729 1664; x_wconf 83' lang='lat' dir='ltr'>boves‚et</span> <span class='ocrx_word' id='word_1_523' title='bbox 1742 1629 1810 1653; x_wconf 88' lang='lat' dir='ltr'>non</span> <span class='ocrx_word' id='word_1_524' title='bbox 1823 1615 1998 1668; x_wconf 88' lang='lat' dir='ltr'>permittit</span> <span class='ocrx_word' id='word_1_525' title='bbox 2013 1616 2168 1667; x_wconf 82' lang='lat' dir='ltr'>aliquem</span> 
     </span>
     <span class='ocr_line' id='line_1_69' title="bbox 1162 1673 2168 1728; baseline 0.005 -19"><span class='ocrx_word' id='word_1_526' title='bbox 1162 1680 1186 1709; x_wconf 90' lang='lat' dir='ltr'>D</span> <span class='ocrx_word' id='word_1_527' title='bbox 1211 1673 1429 1711; x_wconf 86' lang='lat' dir='ltr'>famulorum</span> <span class='ocrx_word' id='word_1_528' title='bbox 1447 1689 1487 1712; x_wconf 92' lang='lat' dir='ltr'>eo</span> <span class='ocrx_word' id='word_1_529' title='bbox 1504 1688 1651 1727; x_wconf 85' lang='lat' dir='ltr'>pergere</span> <span class='ocrx_word' id='word_1_530' title='bbox 1667 1691 1674 1711; x_wconf 92' lang='lat'>:</span> <span class='ocrx_word' id='word_1_531' title='bbox 1692 1690 1755 1728; x_wconf 91' lang='lat' dir='ltr'>per</span> <span class='ocrx_word' id='word_1_532' title='bbox 1774 1677 1893 1714; x_wconf 86' lang='lat' dir='ltr'>omnia</span> <span class='ocrx_word' id='word_1_533' title='bbox 1907 1686 2106 1714; x_wconf 88' lang='lat' dir='ltr'>monstrans</span> <span class='ocrx_word' id='word_1_534' title='bbox 2124 1677 2168 1714; x_wconf 90' lang='lat' dir='ltr'>iis</span> 
     </span>
     <span class='ocr_line' id='line_1_70' title="bbox 1211 1733 2165 1789; baseline 0.005 -19"><span class='ocrx_word' id='word_1_535' title='bbox 1211 1733 1273 1784; x_wconf 90' lang='lat' dir='ltr'>qui</span> <span class='ocrx_word' id='word_1_536' title='bbox 1293 1733 1519 1779; x_wconf 81' lang='lat' dir='ltr'>advenerant,</span> <span class='ocrx_word' id='word_1_537' title='bbox 1530 1745 1660 1786; x_wconf 88' lang='lat' dir='ltr'>quanta</span> <span class='ocrx_word' id='word_1_538' title='bbox 1681 1736 1864 1789; x_wconf 84' lang='lat' dir='ltr'>voluptate</span> <span class='ocrx_word' id='word_1_539' title='bbox 1878 1738 2041 1789; x_wconf 82' lang='lat' dir='ltr'>perfusus</span> <span class='ocrx_word' id='word_1_540' title='bbox 2056 1747 2144 1775; x_wconf 85' lang='lat' dir='ltr'>esset</span> <span class='ocrx_word' id='word_1_541' title='bbox 2154 1767 2165 1787; x_wconf 92' lang='lat'>,</span> 
     </span>
     <span class='ocr_line' id='line_1_71' title="bbox 1211 1795 2166 1849; baseline 0.003 -17"><span class='ocrx_word' id='word_1_542' title='bbox 1211 1803 1244 1832; x_wconf 88' lang='lat' dir='ltr'>et</span> <span class='ocrx_word' id='word_1_543' title='bbox 1265 1795 1387 1846; x_wconf 87' lang='lat' dir='ltr'>quanti</span> <span class='ocrx_word' id='word_1_544' title='bbox 1404 1796 1532 1833; x_wconf 85' lang='lat' dir='ltr'>faceret</span> <span class='ocrx_word' id='word_1_545' title='bbox 1548 1810 1671 1834; x_wconf 91' lang='lat' dir='ltr'>eorum</span> <span class='ocrx_word' id='word_1_546' title='bbox 1689 1797 1928 1849; x_wconf 81' lang='lat' dir='ltr'>praesentiam,</span> <span class='ocrx_word' id='word_1_547' title='bbox 1946 1811 2052 1849; x_wconf 88' lang='lat' dir='ltr'>seque</span> <span class='ocrx_word' id='word_1_548' title='bbox 2070 1797 2166 1835; x_wconf 84' lang='lat' dir='ltr'>hunc</span> 
     </span>
     <span class='ocr_line' id='line_1_72' title="bbox 1209 1857 2164 1910; baseline 0.004 -17"><span class='ocrx_word' id='word_1_549' title='bbox 1209 1870 1275 1908; x_wconf 89' lang='lat' dir='ltr'>pro</span> <span class='ocrx_word' id='word_1_550' title='bbox 1296 1857 1463 1894; x_wconf 87' lang='lat' dir='ltr'>thesauro</span> <span class='ocrx_word' id='word_1_551' title='bbox 1482 1857 1615 1895; x_wconf 88' lang='lat' dir='ltr'>habere</span> <span class='ocrx_word' id='word_1_552' title='bbox 1634 1858 1817 1896; x_wconf 88' lang='lat' dir='ltr'>honorem.</span> <span class='ocrx_word' id='word_1_553' title='bbox 1840 1861 1877 1896; x_wconf 87' lang='lat' dir='ltr'><em>E</em></span> <span class='ocrx_word' id='word_1_554' title='bbox 1881 1868 1893 1896; x_wconf 86' lang='grc' dir='ltr'>ι</span> <span class='ocrx_word' id='word_1_555' title='bbox 1921 1862 2083 1910; x_wconf 80' lang='lat' dir='ltr'>accepit,</span> <span class='ocrx_word' id='word_1_556' title='bbox 2110 1859 2164 1896; x_wconf 93' lang='lat' dir='ltr'>in-</span> 
     </span>
     <span class='ocr_line' id='line_1_73' title="bbox 1209 1917 2164 1972; baseline 0.005 -20"><span class='ocrx_word' id='word_1_557' title='bbox 1209 1917 1300 1967; x_wconf 88' lang='lat' dir='ltr'>quit,</span> <span class='ocrx_word' id='word_1_558' title='bbox 1320 1918 1491 1956; x_wconf 78' lang='lat' dir='ltr'>vitulum</span> <span class='ocrx_word' id='word_1_559' title='bbox 1509 1919 1694 1956; x_wconf 82' lang='lat' dir='ltr'>tenellum</span> <span class='ocrx_word' id='word_1_560' title='bbox 1709 1927 1746 1956; x_wconf 86' lang='lat' dir='ltr'>et</span> <span class='ocrx_word' id='word_1_561' title='bbox 1767 1922 1920 1957; x_wconf 82' lang='lat' dir='ltr'>bonum.</span> <span class='ocrx_word' id='word_1_562' title='bbox 1941 1921 2021 1972; x_wconf 91' lang='lat' dir='ltr'>lpse</span> <span class='ocrx_word' id='word_1_563' title='bbox 2036 1934 2098 1972; x_wconf 87' lang='lat' dir='ltr'>per</span> <span class='ocrx_word' id='word_1_564' title='bbox 2112 1933 2164 1958; x_wconf 88' lang='lat' dir='ltr'>se-</span> 
     </span>
     <span class='ocr_line' id='line_1_74' title="bbox 1209 1977 2164 2031; baseline 0.004 -17"><span class='ocrx_word' id='word_1_565' title='bbox 1209 1977 1402 2030; x_wconf 86' lang='lat' dir='ltr'>metipsum</span> <span class='ocrx_word' id='word_1_566' title='bbox 1413 1978 1593 2016; x_wconf 88' lang='lat' dir='ltr'>delectum</span> <span class='ocrx_word' id='word_1_567' title='bbox 1608 1979 1703 2029; x_wconf 87' lang='lat' dir='ltr'>fecit,</span> <span class='ocrx_word' id='word_1_568' title='bbox 1723 1988 1755 2017; x_wconf 88' lang='lat' dir='ltr'>et</span> <span class='ocrx_word' id='word_1_569' title='bbox 1771 1979 1946 2031; x_wconf 89' lang='lat' dir='ltr'>optimum</span> <span class='ocrx_word' id='word_1_570' title='bbox 1966 1981 2027 2031; x_wconf 89' lang='lat' dir='ltr'>qui</span> <span class='ocrx_word' id='word_1_571' title='bbox 2042 1979 2164 2018; x_wconf 83' lang='lat' dir='ltr'>aderat</span> 
     </span>
     <span class='ocr_line' id='line_1_75' title="bbox 1207 2039 2160 2092; baseline 0.003 -17"><span class='ocrx_word' id='word_1_572' title='bbox 1207 2047 1391 2090; x_wconf 89' lang='lat' dir='ltr'>acceptum</span> <span class='ocrx_word' id='word_1_573' title='bbox 1412 2053 1522 2091; x_wconf 88' lang='lat' dir='ltr'>puero</span> <span class='ocrx_word' id='word_1_574' title='bbox 1542 2039 1663 2087; x_wconf 85' lang='lat' dir='ltr'>dedit,</span> <span class='ocrx_word' id='word_1_575' title='bbox 1690 2049 1724 2077; x_wconf 90' lang='lat' dir='ltr'>et</span> <span class='ocrx_word' id='word_1_576' title='bbox 1743 2039 1847 2077; x_wconf 89' lang='lat' dir='ltr'>illum</span> <span class='ocrx_word' id='word_1_577' title='bbox 1874 2055 2014 2091; x_wconf 91' lang='lat' dir='ltr'>quoque</span> <span class='ocrx_word' id='word_1_578' title='bbox 2036 2050 2160 2092; x_wconf 87' lang='lat' dir='ltr'>urget,</span> 
     </span>
     <span class='ocr_line' id='line_1_76' title="bbox 1207 2099 2160 2153; baseline 0.005 -19"><span class='ocrx_word' id='word_1_579' title='bbox 1207 2108 1246 2136; x_wconf 89' lang='lat' dir='ltr'>ut</span> <span class='ocrx_word' id='word_1_580' title='bbox 1265 2100 1340 2137; x_wconf 90' lang='lat' dir='ltr'>sine</span> <span class='ocrx_word' id='word_1_581' title='bbox 1360 2113 1460 2138; x_wconf 87' lang='lat' dir='ltr'>mora</span> <span class='ocrx_word' id='word_1_582' title='bbox 1484 2108 1658 2151; x_wconf 86' lang='lat' dir='ltr'>quantum</span> <span class='ocrx_word' id='word_1_583' title='bbox 1692 2099 1768 2137; x_wconf 86' lang='lat' dir='ltr'>fieri</span> <span class='ocrx_word' id='word_1_584' title='bbox 1790 2109 1904 2151; x_wconf 86' lang='lat' dir='ltr'>potest</span> <span class='ocrx_word' id='word_1_585' title='bbox 1938 2110 2160 2153; x_wconf 85' lang='lat' dir='ltr'>approperet.</span> 
     </span>
    </p>
   </div>
   <div class='ocr_carea' id='block_1_10' title="bbox 1197 2325 2156 2823">
    <p class='ocr_par' dir='ltr' id='par_1_11' title="bbox 1197 2325 2156 2823">
     <span class='ocr_line' id='line_1_77' title="bbox 1240 2325 2156 2394; baseline 0 -13"><span class='ocrx_word' id='word_1_586' title='bbox 1240 2344 1276 2382; x_wconf 90' lang='lat'>6.</span> <span class='ocrx_word' id='word_1_587' title='bbox 1290 2342 1542 2381; x_wconf 77' lang='lat' dir='ltr'>Animadverte</span> <span class='ocrx_word' id='word_1_588' title='bbox 1551 2342 1729 2394; x_wconf 88' lang='lat' dir='ltr'>quomodo</span> <span class='ocrx_word' id='word_1_589' title='bbox 1740 2325 1859 2381; x_wconf 81' lang='lat' dir='ltr'>omnia</span> <span class='ocrx_word' id='word_1_590' title='bbox 1870 2356 1951 2381; x_wconf 90' lang='lat' dir='ltr'>cum</span> <span class='ocrx_word' id='word_1_591' title='bbox 1959 2343 2156 2389; x_wconf 68' lang='lat' dir='ltr'>velocitate,</span> 
     </span>
     <span class='ocr_line' id='line_1_78' title="bbox 1201 2404 2156 2457; baseline 0 -15"><span class='ocrx_word' id='word_1_592' title='bbox 1201 2418 1283 2443; x_wconf 91' lang='lat' dir='ltr'>cum</span> <span class='ocrx_word' id='word_1_593' title='bbox 1304 2405 1454 2444; x_wconf 84' lang='lat' dir='ltr'>ferventi</span> <span class='ocrx_word' id='word_1_594' title='bbox 1473 2404 1668 2454; x_wconf 72' lang='lat' dir='ltr'>alacritate,</span> <span class='ocrx_word' id='word_1_595' title='bbox 1681 2419 1764 2442; x_wconf 92' lang='lat' dir='ltr'>cum</span> <span class='ocrx_word' id='word_1_596' title='bbox 1777 2404 1969 2453; x_wconf 82' lang='lat' dir='ltr'>hilaritate,</span> <span class='ocrx_word' id='word_1_597' title='bbox 1981 2419 2062 2443; x_wconf 92' lang='lat' dir='ltr'>cum</span> <span class='ocrx_word' id='word_1_598' title='bbox 2074 2419 2156 2457; x_wconf 86' lang='lat' dir='ltr'>gau-</span> 
     </span>
     <span class='ocr_line' id='line_1_79' title="bbox 1199 2465 2154 2519; baseline -0.001 -15"><span class='ocrx_word' id='word_1_599' title='bbox 1199 2465 1275 2517; x_wconf 89' lang='lat' dir='ltr'>dio,</span> <span class='ocrx_word' id='word_1_600' title='bbox 1291 2480 1373 2504; x_wconf 87' lang='lat' dir='ltr'>cum</span> <span class='ocrx_word' id='word_1_601' title='bbox 1387 2480 1515 2518; x_wconf 87' lang='lat' dir='ltr'>magna</span> <span class='ocrx_word' id='word_1_602' title='bbox 1535 2466 1760 2519; x_wconf 80' lang='lat' dir='ltr'>jucunditate</span> <span class='ocrx_word' id='word_1_603' title='bbox 1776 2466 1875 2504; x_wconf 86' lang='lat' dir='ltr'>fiant.</span> <span class='ocrx_word' id='word_1_604' title='bbox 1889 2468 1926 2504; x_wconf 90' lang='lat' dir='ltr'><em>E</em></span> <span class='ocrx_word' id='word_1_605' title='bbox 1930 2476 1941 2503; x_wconf 80' lang='lat' dir='ltr'>t</span> <span class='ocrx_word' id='word_1_606' title='bbox 1940 2467 2154 2519; x_wconf 79' lang='lat' dir='ltr'>festinavit</span> 
     </span>
     <span class='ocr_line' id='line_1_80' title="bbox 1197 2525 2153 2580; baseline -0.002 -15"><span class='ocrx_word' id='word_1_607' title='bbox 1197 2541 1298 2579; x_wconf 83' lang='lat' dir='ltr'>puer·</span> <span class='ocrx_word' id='word_1_608' title='bbox 1317 2528 1553 2580; x_wconf 39' lang='lat' dir='ltr'>hoc-facere.</span> <span class='ocrx_word' id='word_1_609' title='bbox 1575 2527 1697 2577; x_wconf 81' lang='lat' dir='ltr'>Neque</span> <span class='ocrx_word' id='word_1_610' title='bbox 1711 2526 1771 2564; x_wconf 88' lang='lat' dir='ltr'>hic</span> <span class='ocrx_word' id='word_1_611' title='bbox 1793 2541 1899 2564; x_wconf 80' lang='lat' dir='ltr'>senex</span> <span class='ocrx_word' id='word_1_612' title='bbox 1921 2526 2081 2577; x_wconf 89' lang='lat' dir='ltr'>quiescit,</span> <span class='ocrx_word' id='word_1_613' title='bbox 2091 2525 2153 2564; x_wconf 87' lang='lat' dir='ltr'>scd</span> 
     </span>
     <span class='ocr_line' id='line_1_81' title="bbox 1201 2586 2152 2626; baseline -0.002 0"><span class='ocrx_word' id='word_1_614' title='bbox 1201 2588 1382 2626; x_wconf 89' lang='lat' dir='ltr'>iterumin</span> <span class='ocrx_word' id='word_1_615' title='bbox 1402 2587 1557 2626; x_wconf 87' lang='lat' dir='ltr'>ministri</span> <span class='ocrx_word' id='word_1_616' title='bbox 1573 2586 1734 2625; x_wconf 88' lang='lat' dir='ltr'>ordinem</span> <span class='ocrx_word' id='word_1_617' title='bbox 1758 2587 1893 2626; x_wconf 79' lang='lat' dir='ltr'>transit.</span> <span class='ocrx_word' id='word_1_618' title='bbox 1906 2592 1941 2626; x_wconf 78' lang='grc' dir='ltr'>ὅ.</span> <span class='ocrx_word' id='word_1_619' title='bbox 1956 2589 2010 2625; x_wconf 81' lang='lat' dir='ltr'>Ec</span> <span class='ocrx_word' id='word_1_620' title='bbox 2032 2595 2075 2624; x_wconf 80' lang='lat' dir='ltr'>ut</span> <span class='ocrx_word' id='word_1_621' title='bbox 2089 2600 2152 2625; x_wconf 83' lang='lat' dir='ltr'>ac-</span> 
     </span>
     <span class='ocr_line' id='line_1_82' title="bbox 1200 2649 2151 2702; baseline -0.002 -15"><span class='ocrx_word' id='word_1_622' title='bbox 1200 2653 1298 2702; x_wconf 83' lang='lat' dir='ltr'>cepit</span> <span class='ocrx_word' id='word_1_623' title='bbox 1310 2650 1490 2698; x_wconf 75' lang='lat' dir='ltr'>butyrum</span> <span class='ocrx_word' id='word_1_624' title='bbox 1505 2657 1540 2687; x_wconf 81' lang='lat' dir='ltr'>et</span> <span class='ocrx_word' id='word_1_625' title='bbox 1554 2649 1617 2686; x_wconf 87' lang='lat' dir='ltr'>lac</span> <span class='ocrx_word' id='word_1_626' title='bbox 1631 2656 1667 2685; x_wconf 83' lang='lat' dir='ltr'>et</span> <span class='ocrx_word' id='word_1_627' title='bbox 1681 2649 1864 2693; x_wconf 78' lang='lat' dir='ltr'>vitulum,</span> <span class='ocrx_word' id='word_1_628' title='bbox 1878 2662 1989 2698; x_wconf 82' lang='lat' dir='ltr'>quem</span> <span class='ocrx_word' id='word_1_629' title='bbox 2006 2656 2151 2686; x_wconf 82' lang='lat' dir='ltr'>macta-</span> 
     </span>
     <span class='ocr_line' id='line_1_83' title="bbox 1201 2707 2150 2762; baseline -0.003 -13"><span class='ocrx_word' id='word_1_630' title='bbox 1201 2719 1323 2758; x_wconf 83' lang='lat' dir='ltr'>verat,</span> <span class='ocrx_word' id='word_1_631' title='bbox 1341 2713 1520 2762; x_wconf 79' lang='lat' dir='ltr'>apposuit</span> <span class='ocrx_word' id='word_1_632' title='bbox 1535 2710 1628 2747; x_wconf 78' lang='lat' dir='ltr'>illis.</span> <span class='ocrx_word' id='word_1_633' title='bbox 1642 2708 1702 2747; x_wconf 86' lang='lat' dir='ltr'>Sic</span> <span class='ocrx_word' id='word_1_634' title='bbox 1718 2722 1780 2760; x_wconf 87' lang='lat' dir='ltr'>per</span> <span class='ocrx_word' id='word_1_635' title='bbox 1793 2707 2020 2760; x_wconf 89' lang='lat' dir='ltr'>semetipsum</span> <span class='ocrx_word' id='word_1_636' title='bbox 2032 2709 2150 2746; x_wconf 89' lang='lat' dir='ltr'>omnia</span> 
     </span>
     <span class='ocr_line' id='line_1_84' title="bbox 1198 2769 2149 2823; baseline -0.002 -13"><span class='ocrx_word' id='word_1_637' title='bbox 1198 2772 1282 2810; x_wconf 86' lang='lat' dir='ltr'>facit</span> <span class='ocrx_word' id='word_1_638' title='bbox 1299 2781 1331 2810; x_wconf 92' lang='lat' dir='ltr'>ct</span> <span class='ocrx_word' id='word_1_639' title='bbox 1356 2771 1515 2823; x_wconf 86' lang='lat' dir='ltr'>apponit.</span> <span class='ocrx_word' id='word_1_640' title='bbox 1542 2770 1589 2808; x_wconf 88' lang='lat' dir='ltr'>Et</span> <span class='ocrx_word' id='word_1_641' title='bbox 1611 2783 1724 2821; x_wconf 88' lang='lat' dir='ltr'>neque</span> <span class='ocrx_word' id='word_1_642' title='bbox 1753 2769 1905 2821; x_wconf 81' lang='lat' dir='ltr'>dignum</span> <span class='ocrx_word' id='word_1_643' title='bbox 1920 2770 2149 2822; x_wconf 87' lang='lat' dir='ltr'>semetipsum</span> 
     </span>
    </p>
   </div>
   <div class='ocr_carea' id='block_1_11' title="bbox 102 2829 2148 2946">
    <p class='ocr_par' dir='ltr' id='par_1_12' title="bbox 102 2829 2148 2946">
     <span class='ocr_line' id='line_1_85' title="bbox 103 2829 2148 2893; baseline 0.002 -28"><span class='ocrx_word' id='word_1_644' title='bbox 103 2829 239 2875; x_wconf 74' lang='grc' dir='ltr'>αὐτοῖς,</span> <span class='ocrx_word' id='word_1_645' title='bbox 268 2829 346 2867; x_wconf 84' lang='grc' dir='ltr'>ἀλλ’</span> <span class='ocrx_word' id='word_1_646' title='bbox 381 2831 520 2869; x_wconf 82' lang='grc' dir='ltr'>ἐκείνων</span> <span class='ocrx_word' id='word_1_647' title='bbox 551 2832 734 2871; x_wconf 85' lang='grc' dir='ltr'>ἐσθιόντων</span> <span class='ocrx_word' id='word_1_648' title='bbox 766 2833 997 2886; x_wconf 76' lang='grc' dir='ltr'>παρειστήκει</span> <span class='ocrx_word' id='word_1_649' title='bbox 1025 2834 1128 2879; x_wconf 78' lang='grc' dir='ltr'>αὐτὸς</span> <span class='ocrx_word' id='word_1_650' title='bbox 1137 2833 1337 2893; x_wconf 68' lang='lat' dir='ltr'>420censuit</span> <span class='ocrx_word' id='word_1_651' title='bbox 1356 2833 1418 2883; x_wconf 89' lang='lat' dir='ltr'>qui</span> <span class='ocrx_word' id='word_1_652' title='bbox 1436 2830 1631 2869; x_wconf 87' lang='lat' dir='ltr'>consideret</span> <span class='ocrx_word' id='word_1_653' title='bbox 1644 2844 1724 2868; x_wconf 89' lang='lat' dir='ltr'>cum</span> <span class='ocrx_word' id='word_1_654' title='bbox 1735 2829 1796 2878; x_wconf 85' lang='lat' dir='ltr'>eis,</span> <span class='ocrx_word' id='word_1_655' title='bbox 1807 2829 1950 2868; x_wconf 89' lang='lat' dir='ltr'>sedillis</span> <span class='ocrx_word' id='word_1_656' title='bbox 1965 2829 2148 2868; x_wconf 86' lang='lat' dir='ltr'>comeden-</span> 
     </span>
     <span class='ocr_line' id='line_1_86' title="bbox 102 2889 2148 2946; baseline 0.001 -19"><span class='ocrx_word' id='word_1_657' title='bbox 102 2889 169 2927; x_wconf 85' lang='grc' dir='ltr'>ὑπὸ</span> <span class='ocrx_word' id='word_1_658' title='bbox 194 2890 234 2928; x_wconf 87' lang='grc' dir='ltr'>τὸ</span> <span class='ocrx_word' id='word_1_659' title='bbox 263 2891 411 2943; x_wconf 80' lang='grc' dir='ltr'>δένδρον.</span> <span class='ocrx_word' id='word_1_660' title='bbox 429 2890 478 2930; x_wconf 86' lang='grc' dir='ltr'>Ὢ</span> <span class='ocrx_word' id='word_1_661' title='bbox 507 2893 698 2945; x_wconf 82' lang='grc' dir='ltr'>φιλοξενίας</span> <span class='ocrx_word' id='word_1_662' title='bbox 719 2894 884 2946; x_wconf 83' lang='grc' dir='ltr'>μέγεθος,</span> <span class='ocrx_word' id='word_1_663' title='bbox 904 2894 933 2933; x_wconf 81' lang='grc' dir='ltr'>ὢ</span> <span class='ocrx_word' id='word_1_664' title='bbox 961 2911 1126 2934; x_wconf 84' lang='grc' dir='ltr'>ταπεινο-</span> <span class='ocrx_word' id='word_1_665' title='bbox 1149 2904 1176 2932; x_wconf 84' lang='grc' dir='ltr'>Λ</span> <span class='ocrx_word' id='word_1_666' title='bbox 1199 2894 1295 2932; x_wconf 89' lang='lat' dir='ltr'>tibus</span> <span class='ocrx_word' id='word_1_667' title='bbox 1315 2893 1478 2931; x_wconf 86' lang='lat' dir='ltr'>adstabat</span> <span class='ocrx_word' id='word_1_668' title='bbox 1501 2892 1576 2944; x_wconf 85' lang='lat' dir='ltr'>ipse</span> <span class='ocrx_word' id='word_1_669' title='bbox 1589 2890 1656 2928; x_wconf 87' lang='lat' dir='ltr'>sub</span> <span class='ocrx_word' id='word_1_670' title='bbox 1669 2890 1808 2928; x_wconf 89' lang='lat' dir='ltr'>arbore.</span> <span class='ocrx_word' id='word_1_671' title='bbox 1821 2891 1852 2928; x_wconf 97' lang='grc' dir='ltr'>Ο</span> <span class='ocrx_word' id='word_1_672' title='bbox 1866 2889 2148 2944; x_wconf 74' lang='lat' dir='ltr'>magnitudinem</span> 
     </span>
    </p>
   </div>
   <div class='ocr_carea' id='block_1_12' title="bbox 95 2952 1126 3314">
    <p class='ocr_par' dir='ltr' id='par_1_13' title="bbox 95 2952 1126 3314">
     <span class='ocr_line' id='line_1_87' title="bbox 100 2952 1125 3008; baseline 0.006 -19"><span class='ocrx_word' id='word_1_673' title='bbox 100 2952 272 3003; x_wconf 79' lang='grc' dir='ltr'>φροσύνης</span> <span class='ocrx_word' id='word_1_674' title='bbox 300 2953 498 3006; x_wconf 65' lang='grc' dir='ltr'>ὑπερὲολῂ,</span> <span class='ocrx_word' id='word_1_675' title='bbox 526 2954 555 2991; x_wconf 80' lang='grc' dir='ltr'><strong>ὦ</strong></span> <span class='ocrx_word' id='word_1_676' title='bbox 586 2955 742 3007; x_wconf 82' lang='grc' dir='ltr'>φιλοθέου</span> <span class='ocrx_word' id='word_1_677' title='bbox 773 2956 915 3008; x_wconf 86' lang='grc' dir='ltr'>γνώμης</span> <span class='ocrx_word' id='word_1_678' title='bbox 943 2957 1125 3002; x_wconf 84' lang='grc' dir='ltr'>ἐπίτασις·</span> 
     </span>
     <span class='ocr_line' id='line_1_88' title="bbox 98 3010 1126 3070; baseline 0.007 -20"><span class='ocrx_word' id='word_1_679' title='bbox 98 3013 327 3064; x_wconf 75' lang='grc' dir='ltr'>παρειστήκει</span> <span class='ocrx_word' id='word_1_680' title='bbox 345 3017 363 3052; x_wconf 89' lang='lat'><em>6</em></span> <span class='ocrx_word' id='word_1_681' title='bbox 389 3014 638 3062; x_wconf 83' lang='grc' dir='ltr'>ἑκατονταέτης</span> <span class='ocrx_word' id='word_1_682' title='bbox 655 3010 752 3061; x_wconf 60' lang='grc' dir='ltr'>οὗτος</span> <span class='ocrx_word' id='word_1_683' title='bbox 783 3018 962 3070; x_wconf 85' lang='grc' dir='ltr'>ἄνθρωπος</span> <span class='ocrx_word' id='word_1_684' title='bbox 994 3018 1126 3057; x_wconf 85' lang='grc' dir='ltr'>ἐσθιόν-</span> 
     </span>
     <span class='ocr_line' id='line_1_89' title="bbox 102 3075 1125 3126; baseline 0.006 -15"><span class='ocrx_word' id='word_1_685' title='bbox 102 3089 166 3111; x_wconf 86' lang='grc' dir='ltr'>των</span> <span class='ocrx_word' id='word_1_686' title='bbox 196 3076 321 3113; x_wconf 82' lang='grc' dir='ltr'>αὐτῶν.</span> <span class='ocrx_word' id='word_1_687' title='bbox 340 3075 444 3126; x_wconf 78' lang='grc' dir='ltr'>Ἐμοὶ</span> <span class='ocrx_word' id='word_1_688' title='bbox 472 3077 585 3123; x_wconf 87' lang='grc' dir='ltr'>δοκεῖ,</span> <span class='ocrx_word' id='word_1_689' title='bbox 605 3076 672 3114; x_wconf 80' lang='grc' dir='ltr'>ὑπὸ</span> <span class='ocrx_word' id='word_1_690' title='bbox 697 3081 758 3115; x_wconf 75' lang='grc' dir='ltr'>τοῦ</span> <span class='ocrx_word' id='word_1_691' title='bbox 776 3077 883 3115; x_wconf 81' lang='grc' dir='ltr'>πόθου</span> <span class='ocrx_word' id='word_1_692' title='bbox 911 3079 1042 3118; x_wconf 80' lang='grc' dir='ltr'>πολλοῦ</span> <span class='ocrx_word' id='word_1_693' title='bbox 1064 3079 1125 3118; x_wconf 86' lang='grc' dir='ltr'>καὶ</span> 
     </span>
     <span class='ocr_line' id='line_1_90' title="bbox 105 3136 1122 3191; baseline 0.008 -20"><span class='ocrx_word' id='word_1_694' title='bbox 105 3136 160 3180; x_wconf 69' lang='grc' dir='ltr'>τῆς</span> <span class='ocrx_word' id='word_1_695' title='bbox 182 3136 398 3187; x_wconf 87' lang='grc' dir='ltr'>προθυμίας,</span> <span class='ocrx_word' id='word_1_696' title='bbox 418 3136 478 3175; x_wconf 76' lang='grc' dir='ltr'>καὶ</span> <span class='ocrx_word' id='word_1_697' title='bbox 507 3140 570 3183; x_wconf 75' lang='grc' dir='ltr'>τῆς</span> <span class='ocrx_word' id='word_1_698' title='bbox 608 3138 784 3182; x_wconf 84' lang='grc' dir='ltr'>ἀσθενείας</span> <span class='ocrx_word' id='word_1_699' title='bbox 818 3138 988 3191; x_wconf 84' lang='grc' dir='ltr'>ἀνώτερον</span> <span class='ocrx_word' id='word_1_700' title='bbox 1019 3140 1122 3179; x_wconf 76' lang='grc' dir='ltr'>αὐτὸν</span> 
     </span>
     <span class='ocr_line' id='line_1_91' title="bbox 103 3194 1121 3252; baseline 0.009 -20"><span class='ocrx_word' id='word_1_701' title='bbox 103 3194 175 3233; x_wconf 79' lang='grc' dir='ltr'>τότε</span> <span class='ocrx_word' id='word_1_702' title='bbox 191 3199 418 3247; x_wconf 73' lang='grc' dir='ltr'>γεγενῆσθαι,</span> <span class='ocrx_word' id='word_1_703' title='bbox 438 3198 497 3236; x_wconf 82' lang='grc' dir='ltr'>καὶ</span> <span class='ocrx_word' id='word_1_704' title='bbox 526 3198 627 3250; x_wconf 76' lang='grc' dir='ltr'>ἰσχύν</span> <span class='ocrx_word' id='word_1_705' title='bbox 653 3215 729 3237; x_wconf 89' lang='grc' dir='ltr'>τινα</span> <span class='ocrx_word' id='word_1_706' title='bbox 758 3199 986 3252; x_wconf 69' lang='grc' dir='ltr'>προσλαὸεῖν.</span> <span class='ocrx_word' id='word_1_707' title='bbox 1008 3201 1121 3241; x_wconf 83' lang='grc' dir='ltr'>Εἴωθε</span> 
     </span>
     <span class='ocr_line' id='line_1_92' title="bbox 95 3256 1119 3314; baseline 0.008 -21"><span class='ocrx_word' id='word_1_708' title='bbox 95 3256 162 3307; x_wconf 78' lang='grc' dir='ltr'>γὰρ</span> <span class='ocrx_word' id='word_1_709' title='bbox 195 3257 365 3301; x_wconf 87' lang='grc' dir='ltr'>πολλάκις</span> <span class='ocrx_word' id='word_1_710' title='bbox 405 3261 436 3304; x_wconf 82' lang='grc' dir='ltr'>ἡ.</span> <span class='ocrx_word' id='word_1_711' title='bbox 474 3261 536 3304; x_wconf 75' lang='grc' dir='ltr'>τῆς</span> <span class='ocrx_word' id='word_1_712' title='bbox 577 3261 693 3312; x_wconf 72' lang='grc' dir='ltr'>ψυχῆς</span> <span class='ocrx_word' id='word_1_713' title='bbox 739 3261 940 3314; x_wconf 81' lang='grc' dir='ltr'>προθυμία,</span> <span class='ocrx_word' id='word_1_714' title='bbox 981 3262 1119 3300; x_wconf 78' lang='grc' dir='ltr'>ἐπειδὰν</span> 
     </span>
    </p>
   </div>
   <div class='ocr_carea' id='block_1_13' title="bbox 138 3361 518 3402">
    <p class='ocr_par' dir='ltr' id='par_1_14' title="bbox 138 3361 518 3402">
     <span class='ocr_line' id='line_1_93' title="bbox 138 3361 518 3402; baseline 0.008 -10"><span class='ocrx_word' id='word_1_715' title='bbox 138 3370 150 3383; x_wconf 77' lang='lat'><strong><em>³</em></strong></span> <span class='ocrx_word' id='word_1_716' title='bbox 175 3361 255 3393; x_wconf 79' lang='lat' dir='ltr'>Tres</span> <span class='ocrx_word' id='word_1_717' title='bbox 268 3361 343 3394; x_wconf 58' lang='lat' dir='ltr'>les.</span> <span class='ocrx_word' id='word_1_718' title='bbox 364 3366 518 3402; x_wconf 66' lang='grc' dir='ltr'>εὐάλωτος.</span> 
     </span>
    </p>
   </div>
   <div class='ocr_carea' id='block_1_14' title="bbox 1194 2948 2149 3309">
    <p class='ocr_par' dir='ltr' id='par_1_15' title="bbox 1194 2948 2149 3309">
     <span class='ocr_line' id='line_1_94' title="bbox 1197 2948 2149 3007; baseline -0.003 -15"><span class='ocrx_word' id='word_1_719' title='bbox 1197 2951 1470 3007; x_wconf 75' lang='lat' dir='ltr'>hospitalitatis!</span> <span class='ocrx_word' id='word_1_720' title='bbox 1485 2967 1504 2991; x_wconf 95' lang='lat'>0</span> <span class='ocrx_word' id='word_1_721' title='bbox 1520 2951 1987 2990; x_wconf 83' lang='lat' dir='ltr'>humilitatisexcellentiam</span> <span class='ocrx_word' id='word_1_722' title='bbox 1999 2948 2008 2989; x_wconf 71' lang='lat' dir='ltr'>l</span> <span class='ocrx_word' id='word_1_723' title='bbox 2021 2965 2041 2989; x_wconf 93' lang='lat' dir='ltr'>o</span> <span class='ocrx_word' id='word_1_724' title='bbox 2052 2965 2149 2989; x_wconf 91' lang='lat' dir='ltr'>men-</span> 
     </span>
     <span class='ocr_line' id='line_1_95' title="bbox 1196 3009 2148 3064; baseline -0.004 -10"><span class='ocrx_word' id='word_1_725' title='bbox 1196 3025 1267 3054; x_wconf 90' lang='lat' dir='ltr'>tem</span> <span class='ocrx_word' id='word_1_726' title='bbox 1291 3014 1486 3053; x_wconf 87' lang='lat' dir='ltr'>admodum</span> <span class='ocrx_word' id='word_1_727' title='bbox 1509 3009 1731 3064; x_wconf 73' lang='lat' dir='ltr'>religiosam!</span> <span class='ocrx_word' id='word_1_728' title='bbox 1748 3011 1912 3050; x_wconf 86' lang='lat' dir='ltr'>adstabat</span> <span class='ocrx_word' id='word_1_729' title='bbox 1927 3012 2148 3050; x_wconf 87' lang='lat' dir='ltr'>centenarius</span> 
     </span>
     <span class='ocr_line' id='line_1_96' title="bbox 1194 3072 2146 3125; baseline -0.005 -10"><span class='ocrx_word' id='word_1_730' title='bbox 1194 3078 1303 3115; x_wconf 89' lang='lat' dir='ltr'>homo</span> <span class='ocrx_word' id='word_1_731' title='bbox 1323 3074 1589 3114; x_wconf 89' lang='lat' dir='ltr'>comedentibus</span> <span class='ocrx_word' id='word_1_732' title='bbox 1604 3073 1688 3111; x_wconf 90' lang='lat' dir='ltr'>illis.</span> <span class='ocrx_word' id='word_1_733' title='bbox 1708 3072 1803 3112; x_wconf 88' lang='lat' dir='ltr'>Mihi</span> <span class='ocrx_word' id='word_1_734' title='bbox 1813 3072 1956 3112; x_wconf 79' lang='lat' dir='ltr'>videtur</span> <span class='ocrx_word' id='word_1_735' title='bbox 1976 3082 2060 3111; x_wconf 91' lang='lat' dir='ltr'>tunc</span> <span class='ocrx_word' id='word_1_736' title='bbox 2074 3086 2146 3125; x_wconf 83' lang='lat' dir='ltr'>prae</span> 
     </span>
     <span class='ocr_line' id='line_1_97' title="bbox 1195 3134 2146 3191; baseline -0.006 -14"><span class='ocrx_word' id='word_1_737' title='bbox 1195 3138 1326 3191; x_wconf 86' lang='lat' dir='ltr'>gaudio</span> <span class='ocrx_word' id='word_1_738' title='bbox 1345 3137 1596 3186; x_wconf 85' lang='lat' dir='ltr'>alacritateque</span> <span class='ocrx_word' id='word_1_739' title='bbox 1610 3134 1737 3183; x_wconf 87' lang='lat' dir='ltr'>multa,</span> <span class='ocrx_word' id='word_1_740' title='bbox 1759 3134 2006 3172; x_wconf 81' lang='lat' dir='ltr'>imbecillitate</span> <span class='ocrx_word' id='word_1_741' title='bbox 2019 3149 2082 3172; x_wconf 85' lang='lat' dir='ltr'>sua</span> <span class='ocrx_word' id='word_1_742' title='bbox 2095 3134 2146 3171; x_wconf 88' lang='lat' dir='ltr'>sa-</span> 
     </span>
     <span class='ocr_line' id='line_1_98' title="bbox 1194 3195 2147 3252; baseline -0.007 -14"><span class='ocrx_word' id='word_1_743' title='bbox 1194 3210 1271 3238; x_wconf 88' lang='lat' dir='ltr'>ctus</span> <span class='ocrx_word' id='word_1_744' title='bbox 1288 3198 1458 3252; x_wconf 83' lang='lat' dir='ltr'>superior,</span> <span class='ocrx_word' id='word_1_745' title='bbox 1480 3206 1513 3234; x_wconf 90' lang='lat' dir='ltr'>et</span> <span class='ocrx_word' id='word_1_746' title='bbox 1527 3196 1638 3234; x_wconf 90' lang='lat' dir='ltr'>robur</span> <span class='ocrx_word' id='word_1_747' title='bbox 1651 3195 1833 3247; x_wconf 89' lang='lat' dir='ltr'>quoddam</span> <span class='ocrx_word' id='word_1_748' title='bbox 1846 3195 2032 3248; x_wconf 87' lang='lat' dir='ltr'>accepisse.</span> <span class='ocrx_word' id='word_1_749' title='bbox 2047 3196 2147 3246; x_wconf 79' lang='lat' dir='ltr'>Saepe</span> 
     </span>
     <span class='ocr_line' id='line_1_99' title="bbox 1194 3256 2146 3309; baseline -0.006 -10"><span class='ocrx_word' id='word_1_750' title='bbox 1194 3261 1288 3299; x_wconf 82' lang='lat' dir='ltr'>enim</span> <span class='ocrx_word' id='word_1_751' title='bbox 1313 3258 1495 3298; x_wconf 86' lang='lat' dir='ltr'>consuevit</span> <span class='ocrx_word' id='word_1_752' title='bbox 1521 3257 1688 3309; x_wconf 80' lang='lat' dir='ltr'>alacritas</span> <span class='ocrx_word' id='word_1_753' title='bbox 1712 3257 1858 3301; x_wconf 78' lang='lat' dir='ltr'>animm,</span> <span class='ocrx_word' id='word_1_754' title='bbox 1878 3257 1906 3294; x_wconf 89' lang='lat' dir='ltr'>si</span> <span class='ocrx_word' id='word_1_755' title='bbox 1928 3256 2072 3308; x_wconf 85' lang='lat' dir='ltr'>quando</span> <span class='ocrx_word' id='word_1_756' title='bbox 2091 3268 2146 3294; x_wconf 87' lang='lat' dir='ltr'>rc-</span> 
     </span>
    </p>
   </div>
   <div class='ocr_carea' id='block_1_15' title="bbox 2183 1521 2256 1548">
    <p class='ocr_par' dir='ltr' id='par_1_16' title="bbox 2183 1521 2256 1548">
     <span class='ocr_line' id='line_1_100' title="bbox 2183 1521 2256 1548; baseline 0.014 -11"><span class='ocrx_word' id='word_1_757' title='bbox 2183 1521 2210 1538; x_wconf 72' lang='lat' dir='ltr'>V.</span> <span class='ocrx_word' id='word_1_758' title='bbox 2231 1533 2256 1548; x_wconf 47' lang='lat' dir='ltr'>A·</span> 
     </span>
    </p>
   </div>
  </div>
 </body>
</html>
