<?xml version="1.0" encoding="UTF-8"?>
<!DOCTYPE html PUBLIC "-//W3C//DTD XHTML 1.0 Transitional//EN"
    "http://www.w3.org/TR/xhtml1/DTD/xhtml1-transitional.dtd">
<html xmlns="http://www.w3.org/1999/xhtml" xml:lang="en" lang="en">
 <head>
  <title>
</title>
<meta http-equiv="Content-Type" content="text/html;charset=utf-8" />
  <meta name='ocr-system' content='tesseract 3.04.00' />
  <meta name='ocr-capabilities' content='ocr_page ocr_carea ocr_par ocr_line ocrx_word'/>
</head>
<body>
  <div class='ocr_page' id='page_1' title='image "./operaomniaquaeex04johnuoft/operaomniaquaeex04johnuoft_0723.png"; bbox 0 0 2516 3791; ppageno 0'>
   <div class='ocr_carea' id='block_1_1' title="bbox 661 239 976 272">
    <p class='ocr_par' dir='ltr' id='par_1_1' title="bbox 661 239 976 272">
     <span class='ocr_line' id='line_1_1' title="bbox 661 239 976 272; baseline -0.01 -1"><span class='ocrx_word' id='word_1_1' title='bbox 661 243 707 271; x_wconf 88' lang='lat' dir='ltr'>lN</span> <span class='ocrx_word' id='word_1_2' title='bbox 743 241 845 272; x_wconf 68' lang='lat' dir='ltr'>CAP.</span> <span class='ocrx_word' id='word_1_3' title='bbox 883 239 976 270; x_wconf 76' lang='lat' dir='ltr'>XL!-</span> 
     </span>
    </p>
   </div>
   <div class='ocr_carea' id='block_1_2' title="bbox 85 320 1126 996">
    <p class='ocr_par' dir='ltr' id='par_1_2' title="bbox 85 320 1126 996">
     <span class='ocr_line' id='line_1_2' title="bbox 86 320 1115 386; baseline -0.011 -15"><span class='ocrx_word' id='word_1_4' title='bbox 86 331 225 386; x_wconf 81' lang='grc' dir='ltr'>ἐφόδους</span> <span class='ocrx_word' id='word_1_5' title='bbox 237 357 247 375; x_wconf 90' lang='grc'>,</span> <span class='ocrx_word' id='word_1_6' title='bbox 266 328 326 368; x_wconf 72' lang='grc' dir='ltr'>καὶ</span> <span class='ocrx_word' id='word_1_7' title='bbox 341 328 516 381; x_wconf 78' lang='grc' dir='ltr'>πειρατῶν</span> <span class='ocrx_word' id='word_1_8' title='bbox 537 325 726 370; x_wconf 72' lang='grc' dir='ltr'>ἐπιὸουλὰς</span> <span class='ocrx_word' id='word_1_9' title='bbox 739 324 876 377; x_wconf 79' lang='grc' dir='ltr'>ἀνάγκη</span> <span class='ocrx_word' id='word_1_10' title='bbox 891 320 1115 372; x_wconf 76' lang='grc' dir='ltr'>ὑποστῆναι),</span> 
     </span>
     <span class='ocr_line' id='line_1_3' title="bbox 85 385 1116 443; baseline -0.012 -10"><span class='ocrx_word' id='word_1_11' title='bbox 85 393 144 434; x_wconf 74' lang='grc' dir='ltr'>καὶ</span> <span class='ocrx_word' id='word_1_12' title='bbox 162 391 257 443; x_wconf 81' lang='grc' dir='ltr'>ὅμως</span> <span class='ocrx_word' id='word_1_13' title='bbox 275 389 395 429; x_wconf 86' lang='grc' dir='ltr'>πάντα</span> <span class='ocrx_word' id='word_1_14' title='bbox 414 386 504 439; x_wconf 77' lang='grc' dir='ltr'>μετὰ</span> <span class='ocrx_word' id='word_1_15' title='bbox 522 389 656 434; x_wconf 81' lang='grc' dir='ltr'>πολλῆς</span> <span class='ocrx_word' id='word_1_16' title='bbox 684 390 746 434; x_wconf 79' lang='grc' dir='ltr'>τῆς</span> <span class='ocrx_word' id='word_1_17' title='bbox 765 385 960 439; x_wconf 78' lang='grc' dir='ltr'>προθυμίας</span> <span class='ocrx_word' id='word_1_18' title='bbox 977 388 992 406; x_wconf 84' lang='grc'><em>“</em></span> <span class='ocrx_word' id='word_1_19' title='bbox 1005 398 1116 422; x_wconf 88' lang='grc' dir='ltr'>κατα-</span> 
     </span>
     <span class='ocr_line' id='line_1_4' title="bbox 87 445 1115 508; baseline -0.011 -14"><span class='ocrx_word' id='word_1_20' title='bbox 87 455 249 508; x_wconf 83' lang='grc' dir='ltr'>δέχεσθαι</span> <span class='ocrx_word' id='word_1_21' title='bbox 260 451 517 503; x_wconf 84' lang='grc' dir='ltr'>ἑτοιμάζονται,</span> <span class='ocrx_word' id='word_1_22' title='bbox 530 453 573 503; x_wconf 79' lang='grc' dir='ltr'>τῇ</span> <span class='ocrx_word' id='word_1_23' title='bbox 589 448 783 502; x_wconf 75' lang='grc' dir='ltr'>προσδοκίᾳ</span> <span class='ocrx_word' id='word_1_24' title='bbox 795 452 856 487; x_wconf 82' lang='grc' dir='ltr'>τοῦ</span> <span class='ocrx_word' id='word_1_25' title='bbox 869 447 1010 500; x_wconf 85' lang='grc' dir='ltr'>κέρδους</span> <span class='ocrx_word' id='word_1_26' title='bbox 1023 445 1115 484; x_wconf 84' lang='grc' dir='ltr'>οὐδε-</span> 
     </span>
     <span class='ocr_line' id='line_1_5' title="bbox 89 505 1115 569; baseline -0.01 -15"><span class='ocrx_word' id='word_1_27' title='bbox 89 516 171 569; x_wconf 86' lang='grc' dir='ltr'>μίαν</span> <span class='ocrx_word' id='word_1_28' title='bbox 183 517 252 553; x_wconf 90' lang='grc' dir='ltr'>τῶν</span> <span class='ocrx_word' id='word_1_29' title='bbox 262 516 430 566; x_wconf 89' lang='grc' dir='ltr'>λυπηρῶν</span> <span class='ocrx_word' id='word_1_30' title='bbox 443 512 603 559; x_wconf 83' lang='grc' dir='ltr'>αἴσθησιν</span> <span class='ocrx_word' id='word_1_31' title='bbox 615 510 866 562; x_wconf 57' lang='grc' dir='ltr'>λαμίῗάνοντες·</span> <span class='ocrx_word' id='word_1_32' title='bbox 879 509 938 548; x_wconf 78' lang='grc' dir='ltr'>τὸν</span> <span class='ocrx_word' id='word_1_33' title='bbox 954 507 1057 546; x_wconf 81' lang='grc' dir='ltr'>αὐτὸν</span> <span class='ocrx_word' id='word_1_34' title='bbox 1073 505 1115 553; x_wconf 87' lang='grc' dir='ltr'>δὴ</span> 
     </span>
     <span class='ocr_line' id='line_1_6' title="bbox 87 567 1118 631; baseline -0.009 -16"><span class='ocrx_word' id='word_1_35' title='bbox 87 577 214 631; x_wconf 82' lang='grc' dir='ltr'>τρόπον</span> <span class='ocrx_word' id='word_1_36' title='bbox 225 575 284 614; x_wconf 74' lang='grc' dir='ltr'>καὶ</span> <span class='ocrx_word' id='word_1_37' title='bbox 299 578 393 626; x_wconf 80' lang='grc' dir='ltr'>ἡμᾶς</span> <span class='ocrx_word' id='word_1_38' title='bbox 404 576 604 618; x_wconf 82' lang='grc' dir='ltr'>ἐννοοῦντας</span> <span class='ocrx_word' id='word_1_39' title='bbox 614 572 673 611; x_wconf 85' lang='grc' dir='ltr'>τὸν</span> <span class='ocrx_word' id='word_1_40' title='bbox 687 575 841 611; x_wconf 87' lang='grc' dir='ltr'>ἐντεῦθεν</span> <span class='ocrx_word' id='word_1_41' title='bbox 857 574 942 622; x_wconf 85' lang='grc' dir='ltr'>ἡμῖν</span> <span class='ocrx_word' id='word_1_42' title='bbox 956 567 1118 620; x_wconf 84' lang='grc' dir='ltr'>συλλεγό-</span> 
     </span>
     <span class='ocr_line' id='line_1_7' title="bbox 89 629 1120 690; baseline -0.01 -13"><span class='ocrx_word' id='word_1_43' title='bbox 89 654 190 690; x_wconf 85' lang='grc' dir='ltr'>μενον</span> <span class='ocrx_word' id='word_1_44' title='bbox 198 639 347 676; x_wconf 88' lang='grc' dir='ltr'>πλοῦτον</span> <span class='ocrx_word' id='word_1_45' title='bbox 357 636 416 675; x_wconf 76' lang='grc' dir='ltr'>καὶ</span> <span class='ocrx_word' id='word_1_46' title='bbox 426 635 490 683; x_wconf 87' lang='grc' dir='ltr'>τὴν</span> <span class='ocrx_word' id='word_1_47' title='bbox 500 633 741 686; x_wconf 86' lang='grc' dir='ltr'>πνευματικὴν</span> <span class='ocrx_word' id='word_1_48' title='bbox 751 632 939 686; x_wconf 84' lang='grc' dir='ltr'>ἐμπορίαν,</span> <span class='ocrx_word' id='word_1_49' title='bbox 949 629 1120 684; x_wconf 81' lang='grc' dir='ltr'>προσήκει</span> 
     </span>
     <span class='ocr_line' id='line_1_8' title="bbox 88 691 1120 753; baseline -0.01 -15"><span class='ocrx_word' id='word_1_50' title='bbox 88 700 225 753; x_wconf 76' lang='grc' dir='ltr'>χαίρειν</span> <span class='ocrx_word' id='word_1_51' title='bbox 237 699 296 737; x_wconf 80' lang='grc' dir='ltr'>καὶ</span> <span class='ocrx_word' id='word_1_52' title='bbox 309 698 541 749; x_wconf 83' lang='grc' dir='ltr'>ἀγάλλεσθαι,</span> <span class='ocrx_word' id='word_1_53' title='bbox 559 696 619 735; x_wconf 77' lang='grc' dir='ltr'>καὶ</span> <span class='ocrx_word' id='word_1_54' title='bbox 634 695 683 747; x_wconf 78' lang='grc' dir='ltr'>μὴ</span> <span class='ocrx_word' id='word_1_55' title='bbox 695 700 838 734; x_wconf 81' lang='grc' dir='ltr'>σκοπεῖν</span> <span class='ocrx_word' id='word_1_56' title='bbox 850 694 895 732; x_wconf 81' lang='grc' dir='ltr'>τὰ</span> <span class='ocrx_word' id='word_1_57' title='bbox 908 691 1120 745; x_wconf 86' lang='grc' dir='ltr'>βλεπόμενα,</span> 
     </span>
     <span class='ocr_line' id='line_1_9' title="bbox 90 754 1122 812; baseline -0.01 -13"><span class='ocrx_word' id='word_1_58' title='bbox 90 761 181 800; x_wconf 81' lang='grc' dir='ltr'>ἀλλὰ</span> <span class='ocrx_word' id='word_1_59' title='bbox 199 760 241 798; x_wconf 83' lang='grc' dir='ltr'>τὰ</span> <span class='ocrx_word' id='word_1_60' title='bbox 252 758 525 812; x_wconf 56' lang='grc' dir='ltr'>μὴβλεπόμενα,</span> <span class='ocrx_word' id='word_1_61' title='bbox 545 757 728 809; x_wconf 76' lang='grc' dir='ltr'>καθάπερὸ</span> <span class='ocrx_word' id='word_1_62' title='bbox 741 757 883 798; x_wconf 80' lang='grc' dir='ltr'>Παῦλος</span> <span class='ocrx_word' id='word_1_63' title='bbox 893 754 1122 806; x_wconf 89' lang='grc' dir='ltr'>παραινεῖλέ-</span> 
     </span>
     <span class='ocr_line' id='line_1_10' title="bbox 90 813 1125 875; baseline -0.01 -14"><span class='ocrx_word' id='word_1_64' title='bbox 90 839 161 875; x_wconf 76' lang='grc' dir='ltr'>γιον</span> <span class='ocrx_word' id='word_1_65' title='bbox 176 839 184 846; x_wconf 96' lang='grc'><em>·</em></span> <span class='ocrx_word' id='word_1_66' title='bbox 200 821 261 868; x_wconf 83' lang='grc' dir='ltr'>Μὴ</span> <span class='ocrx_word' id='word_1_67' title='bbox 280 820 503 859; x_wconf 85' lang='grc' dir='ltr'>σκοπούντων</span> <span class='ocrx_word' id='word_1_68' title='bbox 517 821 619 870; x_wconf 79' lang='grc' dir='ltr'>ἡμῶν</span> <span class='ocrx_word' id='word_1_69' title='bbox 633 817 678 856; x_wconf 79' lang='grc' dir='ltr'>τὰ</span> <span class='ocrx_word' id='word_1_70' title='bbox 699 817 911 870; x_wconf 88' lang='grc' dir='ltr'>βλεπόμενα.</span> <span class='ocrx_word' id='word_1_71' title='bbox 922 816 1037 853; x_wconf 88' lang='grc' dir='ltr'>Τοῦτο</span> <span class='ocrx_word' id='word_1_72' title='bbox 1056 813 1125 866; x_wconf 80' lang='grc' dir='ltr'>γὰρ</span> 
     </span>
     <span class='ocr_line' id='line_1_11' title="bbox 92 876 1126 933; baseline -0.008 -11"><span class='ocrx_word' id='word_1_73' title='bbox 92 883 209 927; x_wconf 85' lang='grc' dir='ltr'>πίστις</span> <span class='ocrx_word' id='word_1_74' title='bbox 225 913 234 930; x_wconf 88' lang='grc'>,</span> <span class='ocrx_word' id='word_1_75' title='bbox 252 882 334 920; x_wconf 83' lang='grc' dir='ltr'>ὅταν</span> <span class='ocrx_word' id='word_1_76' title='bbox 350 881 399 933; x_wconf 85' lang='grc' dir='ltr'>μὴ</span> <span class='ocrx_word' id='word_1_77' title='bbox 415 887 486 925; x_wconf 89' lang='grc' dir='ltr'>τοῖς</span> <span class='ocrx_word' id='word_1_78' title='bbox 503 885 717 931; x_wconf 86' lang='grc' dir='ltr'>σωματικοῖς</span> <span class='ocrx_word' id='word_1_79' title='bbox 731 879 922 932; x_wconf 68' lang='grc' dir='ltr'>ὀφθαλμοῖς</span> <span class='ocrx_word' id='word_1_80' title='bbox 935 876 1126 929; x_wconf 85' lang='grc' dir='ltr'>ἀρκώμεθα</span> 
     </span>
     <span class='ocr_line' id='line_1_12' title="bbox 97 938 1126 996; baseline -0.007 -13"><span class='ocrx_word' id='word_1_81' title='bbox 97 945 212 996; x_wconf 80' lang='grc' dir='ltr'>μόνον,</span> <span class='ocrx_word' id='word_1_82' title='bbox 239 943 330 982; x_wconf 76' lang='grc' dir='ltr'>ἀλλὰ</span> <span class='ocrx_word' id='word_1_83' title='bbox 350 948 421 987; x_wconf 88' lang='grc' dir='ltr'>τοῖς</span> <span class='ocrx_word' id='word_1_84' title='bbox 444 946 505 989; x_wconf 72' lang='grc' dir='ltr'>τῆς</span> <span class='ocrx_word' id='word_1_85' title='bbox 533 940 685 985; x_wconf 81' lang='grc' dir='ltr'>διανοίας</span> <span class='ocrx_word' id='word_1_86' title='bbox 708 942 845 992; x_wconf 84' lang='grc' dir='ltr'>ὄμμασι</span> <span class='ocrx_word' id='word_1_87' title='bbox 872 938 1126 993; x_wconf 78' lang='grc' dir='ltr'>φανταζώμεθα</span> 
     </span>
    </p>
   </div>
   <div class='ocr_carea' id='block_1_3' title="bbox 1015 236 1177 268">
    <p class='ocr_par' dir='ltr' id='par_1_3' title="bbox 1015 236 1177 268">
     <span class='ocr_line' id='line_1_13' title="bbox 1015 236 1177 268; baseline -0.012 0"><span class='ocrx_word' id='word_1_88' title='bbox 1015 236 1177 268; x_wconf 81' lang='lat' dir='ltr'>GENES.</span> 
     </span>
    </p>
   </div>
   <div class='ocr_carea' id='block_1_4' title="bbox 1123 319 1172 386">
    <p class='ocr_par' dir='ltr' id='par_1_4' title="bbox 1123 319 1172 386">
     <span class='ocr_line' id='line_1_14' title="bbox 1123 319 1172 342; baseline 0 0"><span class='ocrx_word' id='word_1_89' title='bbox 1123 319 1172 342; x_wconf 80' lang='lat'>⁶0⁷</span> 
     </span>
     <span class='ocr_line' id='line_1_15' title="bbox 1137 356 1162 386; baseline 0 0"><span class='ocrx_word' id='word_1_90' title='bbox 1137 356 1162 386; x_wconf 81' lang='grc' dir='ltr'>Α</span> 
     </span>
    </p>
   </div>
   <div class='ocr_carea' id='block_1_5' title="bbox 1187 221 2150 686">
    <p class='ocr_par' dir='ltr' id='par_1_5' title="bbox 1187 221 2150 686">
     <span class='ocr_line' id='line_1_16' title="bbox 1219 221 2138 283; baseline 0.001 -18"><span class='ocrx_word' id='word_1_91' title='bbox 1219 235 1380 266; x_wconf 71' lang='lat' dir='ltr'>nomn„</span> <span class='ocrx_word' id='word_1_92' title='bbox 1418 235 1542 266; x_wconf 75' lang='lat' dir='ltr'>thv.</span> <span class='ocrx_word' id='word_1_93' title='bbox 2050 221 2138 283; x_wconf 70' lang='lat'>70⁵5</span> 
     </span>
     <span class='ocr_line' id='line_1_17' title="bbox 1187 323 2138 378; baseline -0.002 -13"><span class='ocrx_word' id='word_1_94' title='bbox 1187 340 1266 365; x_wconf 86' lang='lat' dir='ltr'>men</span> <span class='ocrx_word' id='word_1_95' title='bbox 1281 325 1400 365; x_wconf 87' lang='lat' dir='ltr'>omnia</span> <span class='ocrx_word' id='word_1_96' title='bbox 1420 339 1549 378; x_wconf 85' lang='lat' dir='ltr'>magna</span> <span class='ocrx_word' id='word_1_97' title='bbox 1579 323 1763 364; x_wconf 81' lang='lat' dir='ltr'>alacritate</span> <span class='ocrx_word' id='word_1_98' title='bbox 1792 323 2007 377; x_wconf 85' lang='lat' dir='ltr'>suscipiunt,</span> <span class='ocrx_word' id='word_1_99' title='bbox 2028 333 2063 362; x_wconf 91' lang='lat' dir='ltr'>et</span> <span class='ocrx_word' id='word_1_100' title='bbox 2091 326 2138 363; x_wconf 92' lang='lat' dir='ltr'>ob</span> 
     </span>
     <span class='ocr_line' id='line_1_18' title="bbox 1192 385 2143 441; baseline -0.002 -15"><span class='ocrx_word' id='word_1_101' title='bbox 1192 387 1494 441; x_wconf 77' lang='lat' dir='ltr'>exspectationem</span> <span class='ocrx_word' id='word_1_102' title='bbox 1515 385 1620 437; x_wconf 90' lang='lat' dir='ltr'>lucri,</span> <span class='ocrx_word' id='word_1_103' title='bbox 1638 399 1879 425; x_wconf 84' lang='lat' dir='ltr'>aerumnarum</span> <span class='ocrx_word' id='word_1_104' title='bbox 1901 399 2044 423; x_wconf 91' lang='lat' dir='ltr'>sensum</span> <span class='ocrx_word' id='word_1_105' title='bbox 2061 387 2143 424; x_wconf 90' lang='lat' dir='ltr'>nul-</span> 
     </span>
     <span class='ocr_line' id='line_1_19' title="bbox 1187 446 2146 498; baseline -0.003 -11"><span class='ocrx_word' id='word_1_106' title='bbox 1187 450 1264 488; x_wconf 89' lang='lat' dir='ltr'>lum</span> <span class='ocrx_word' id='word_1_107' title='bbox 1287 449 1420 487; x_wconf 86' lang='lat' dir='ltr'>hahent</span> <span class='ocrx_word' id='word_1_108' title='bbox 1442 465 1450 486; x_wconf 74' lang='grc' dir='ltr'>ε</span> <span class='ocrx_word' id='word_1_109' title='bbox 1469 448 1593 487; x_wconf 86' lang='lat' dir='ltr'>codem</span> <span class='ocrx_word' id='word_1_110' title='bbox 1612 447 1721 486; x_wconf 93' lang='lat' dir='ltr'>modo</span> <span class='ocrx_word' id='word_1_111' title='bbox 1735 456 1769 485; x_wconf 88' lang='lat' dir='ltr'>et</span> <span class='ocrx_word' id='word_1_112' title='bbox 1782 461 1859 495; x_wconf 90' lang='lat' dir='ltr'>nos,</span> <span class='ocrx_word' id='word_1_113' title='bbox 1877 447 2071 498; x_wconf 76' lang='lat' dir='ltr'>cogitantes</span> <span class='ocrx_word' id='word_1_114' title='bbox 2091 446 2146 485; x_wconf 87' lang='lat' dir='ltr'>di-</span> 
     </span>
     <span class='ocr_line' id='line_1_20' title="bbox 1191 508 2149 563; baseline -0.002 -15"><span class='ocrx_word' id='word_1_115' title='bbox 1191 510 1297 549; x_wconf 83' lang='lat' dir='ltr'>vitias</span> <span class='ocrx_word' id='word_1_116' title='bbox 1315 519 1349 548; x_wconf 89' lang='lat' dir='ltr'>et</span> <span class='ocrx_word' id='word_1_117' title='bbox 1363 510 1570 563; x_wconf 78' lang='lat' dir='ltr'>spirituales</span> <span class='ocrx_word' id='word_1_118' title='bbox 1589 523 1734 557; x_wconf 83' lang='lat' dir='ltr'><strong>merces,</strong></span> <span class='ocrx_word' id='word_1_119' title='bbox 1751 522 1839 560; x_wconf 90' lang='lat' dir='ltr'>quas</span> <span class='ocrx_word' id='word_1_120' title='bbox 1855 508 1957 547; x_wconf 86' lang='lat' dir='ltr'>nobis</span> <span class='ocrx_word' id='word_1_121' title='bbox 1974 509 2033 546; x_wconf 88' lang='lat' dir='ltr'>hic.</span> <span class='ocrx_word' id='word_1_122' title='bbox 2048 508 2149 546; x_wconf 91' lang='lat' dir='ltr'>colli-</span> 
     </span>
     <span class='ocr_line' id='line_1_21' title="bbox 1191 570 2149 624; baseline -0.002 -14"><span class='ocrx_word' id='word_1_123' title='bbox 1191 586 1272 624; x_wconf 85' lang='lat' dir='ltr'>gere</span> <span class='ocrx_word' id='word_1_124' title='bbox 1290 572 1388 622; x_wconf 87' lang='lat' dir='ltr'>licet,</span> <span class='ocrx_word' id='word_1_125' title='bbox 1405 580 1543 624; x_wconf 80' lang='lat' dir='ltr'><strong>oportet</strong></span> <span class='ocrx_word' id='word_1_126' title='bbox 1567 571 1722 623; x_wconf 87' lang='lat' dir='ltr'>gaudere</span> <span class='ocrx_word' id='word_1_127' title='bbox 1749 579 1783 609; x_wconf 88' lang='lat' dir='ltr'>et</span> <span class='ocrx_word' id='word_1_128' title='bbox 1811 570 2006 619; x_wconf 87' lang='lat' dir='ltr'>exsultare,</span> <span class='ocrx_word' id='word_1_129' title='bbox 2027 579 2060 608; x_wconf 90' lang='lat' dir='ltr'>et</span> <span class='ocrx_word' id='word_1_130' title='bbox 2081 583 2149 608; x_wconf 90' lang='lat' dir='ltr'>non</span> 
     </span>
     <span class='ocr_line' id='line_1_22' title="bbox 1193 631 2150 686; baseline -0.002 -14"><span class='ocrx_word' id='word_1_131' title='bbox 1193 633 1427 686; x_wconf 87' lang='lat' dir='ltr'>contemplari</span> <span class='ocrx_word' id='word_1_132' title='bbox 1443 646 1524 684; x_wconf 82' lang='lat' dir='ltr'>quae</span> <span class='ocrx_word' id='word_1_133' title='bbox 1540 632 1724 681; x_wconf 70' lang='lat' dir='ltr'>videntur,</span> <span class='ocrx_word' id='word_1_134' title='bbox 1735 631 1797 670; x_wconf 90' lang='lat' dir='ltr'>scd</span> <span class='ocrx_word' id='word_1_135' title='bbox 1814 647 1892 683; x_wconf 79' lang='lat' dir='ltr'>qua:</span> <span class='ocrx_word' id='word_1_136' title='bbox 1928 646 1996 670; x_wconf 93' lang='lat' dir='ltr'>non</span> <span class='ocrx_word' id='word_1_137' title='bbox 2026 631 2150 670; x_wconf 83' lang='lat' dir='ltr'>viden-</span> 
     </span>
    </p>
   </div>
   <div class='ocr_carea' id='block_1_6' title="bbox 1191 693 2328 745">
    <p class='ocr_par' dir='ltr' id='par_1_6' title="bbox 1191 693 2328 745">
     <span class='ocr_line' id='line_1_23' title="bbox 1191 693 2328 745; baseline -0.002 -12"><span class='ocrx_word' id='word_1_138' title='bbox 1191 705 1263 745; x_wconf 85' lang='lat' dir='ltr'>tur,</span> <span class='ocrx_word' id='word_1_139' title='bbox 1281 695 1373 733; x_wconf 89' lang='lat' dir='ltr'>sicut</span> <span class='ocrx_word' id='word_1_140' title='bbox 1393 703 1426 732; x_wconf 87' lang='lat' dir='ltr'>et</span> <span class='ocrx_word' id='word_1_141' title='bbox 1449 693 1583 732; x_wconf 87' lang='lat' dir='ltr'>Paulus</span> <span class='ocrx_word' id='word_1_142' title='bbox 1595 694 1774 742; x_wconf 79' lang='lat' dir='ltr'><strong>admonet,</strong></span> <span class='ocrx_word' id='word_1_143' title='bbox 1787 693 1910 732; x_wconf 90' lang='lat' dir='ltr'>dicens</span> <span class='ocrx_word' id='word_1_144' title='bbox 1928 710 1936 730; x_wconf 74' lang='grc' dir='ltr'><em>τ</em></span> <span class='ocrx_word' id='word_1_145' title='bbox 1961 695 2049 731; x_wconf 84' lang='lat' dir='ltr'>Non</span> <span class='ocrx_word' id='word_1_146' title='bbox 2061 708 2151 732; x_wconf 85' lang='lat' dir='ltr'>con-</span> <span class='ocrx_word' id='word_1_147' title='bbox 2166 714 2195 734; x_wconf 84' lang='lat'>2.</span> <span class='ocrx_word' id='word_1_148' title='bbox 2213 705 2284 732; x_wconf 70' lang='lat' dir='ltr'>Cur.</span> <span class='ocrx_word' id='word_1_149' title='bbox 2300 706 2328 741; x_wconf 60' lang='lat'>2.</span> 
     </span>
    </p>
   </div>
   <div class='ocr_carea' id='block_1_7' title="bbox 1192 745 2216 931">
    <p class='ocr_par' dir='ltr' id='par_1_7' title="bbox 1192 745 2216 931">
     <span class='ocr_line' id='line_1_24' title="bbox 1192 745 2216 809; baseline -0.003 -13"><span class='ocrx_word' id='word_1_150' title='bbox 1192 758 1455 797; x_wconf 75' lang='lat' dir='ltr'>sidet-antibus</span> <span class='ocrx_word' id='word_1_151' title='bbox 1479 758 1589 794; x_wconf 81' lang='lat' dir='ltr'>nobis</span> <span class='ocrx_word' id='word_1_152' title='bbox 1617 770 1663 794; x_wconf 88' lang='lat' dir='ltr'>ea</span> <span class='ocrx_word' id='word_1_153' title='bbox 1696 771 1782 809; x_wconf 81' lang='lat' dir='ltr'>quoe</span> <span class='ocrx_word' id='word_1_154' title='bbox 1814 757 2008 794; x_wconf 80' lang='lat' dir='ltr'>videntur.</span> <span class='ocrx_word' id='word_1_155' title='bbox 2049 754 2152 794; x_wconf 89' lang='lat' dir='ltr'>Fidei</span> <span class='ocrx_word' id='word_1_156' title='bbox 2170 745 2216 775; x_wconf 72' lang='lat'>¹3·</span> 
     </span>
     <span class='ocr_line' id='line_1_25' title="bbox 1193 817 2156 870; baseline -0.003 -14"><span class='ocrx_word' id='word_1_157' title='bbox 1193 818 1287 857; x_wconf 90' lang='lat' dir='ltr'>cnim</span> <span class='ocrx_word' id='word_1_158' title='bbox 1309 827 1374 866; x_wconf 87' lang='lat' dir='ltr'>est,</span> <span class='ocrx_word' id='word_1_159' title='bbox 1389 831 1459 856; x_wconf 90' lang='lat' dir='ltr'>non</span> <span class='ocrx_word' id='word_1_160' title='bbox 1477 817 1725 870; x_wconf 78' lang='lat' dir='ltr'>corporalibus</span> <span class='ocrx_word' id='word_1_161' title='bbox 1738 817 1851 856; x_wconf 88' lang='lat' dir='ltr'>oculis</span> <span class='ocrx_word' id='word_1_162' title='bbox 1871 826 2053 856; x_wconf 86' lang='lat' dir='ltr'>contentos</span> <span class='ocrx_word' id='word_1_163' title='bbox 2069 831 2156 863; x_wconf 85' lang='lat' dir='ltr'>esse,</span> 
     </span>
     <span class='ocr_line' id='line_1_26' title="bbox 1194 877 2153 931; baseline -0.002 -13"><span class='ocrx_word' id='word_1_164' title='bbox 1194 880 1256 918; x_wconf 90' lang='lat' dir='ltr'>sed</span> <span class='ocrx_word' id='word_1_165' title='bbox 1272 879 1387 918; x_wconf 89' lang='lat' dir='ltr'>oculis</span> <span class='ocrx_word' id='word_1_166' title='bbox 1408 879 1534 917; x_wconf 85' lang='lat' dir='ltr'>mentis</span> <span class='ocrx_word' id='word_1_167' title='bbox 1557 879 1747 931; x_wconf 84' lang='lat' dir='ltr'>imaginari</span> <span class='ocrx_word' id='word_1_168' title='bbox 1769 894 1806 917; x_wconf 86' lang='lat' dir='ltr'>ca</span> <span class='ocrx_word' id='word_1_169' title='bbox 1823 892 1903 930; x_wconf 80' lang='lat' dir='ltr'>quae</span> <span class='ocrx_word' id='word_1_170' title='bbox 1924 893 1994 916; x_wconf 86' lang='lat' dir='ltr'>non</span> <span class='ocrx_word' id='word_1_171' title='bbox 2028 877 2153 917; x_wconf 84' lang='lat' dir='ltr'>viden·</span> 
     </span>
    </p>
   </div>
   <div class='ocr_carea' id='block_1_8' title="bbox 1196 941 2363 1019">
    <p class='ocr_par' dir='ltr' id='par_1_8' title="bbox 1196 941 2363 1019">
     <span class='ocr_line' id='line_1_27' title="bbox 1196 941 2361 994; baseline -0.007 -12"><span class='ocrx_word' id='word_1_172' title='bbox 1196 952 1269 982; x_wconf 88' lang='lat' dir='ltr'>tur.</span> <span class='ocrx_word' id='word_1_173' title='bbox 1292 943 1385 981; x_wconf 83' lang='lat' dir='ltr'>Nam</span> <span class='ocrx_word' id='word_1_174' title='bbox 1400 941 1462 979; x_wconf 82' lang='lat' dir='ltr'>illa</span> <span class='ocrx_word' id='word_1_175' title='bbox 1474 941 1547 980; x_wconf 84' lang='lat' dir='ltr'>fide</span> <span class='ocrx_word' id='word_1_176' title='bbox 1560 941 1726 994; x_wconf 79' lang='lat' dir='ltr'>digniora</span> <span class='ocrx_word' id='word_1_177' title='bbox 1745 941 1920 980; x_wconf 83' lang='lat' dir='ltr'>credenda</span> <span class='ocrx_word' id='word_1_178' title='bbox 1936 950 2032 991; x_wconf 89' lang='lat' dir='ltr'>sunt,</span> <span class='ocrx_word' id='word_1_179' title='bbox 2050 955 2158 992; x_wconf 84' lang='lat' dir='ltr'>quam</span> <span class='ocrx_word' id='word_1_180' title='bbox 2192 949 2280 978; x_wconf 54' lang='lat' dir='ltr'>Fiat-³</span> <span class='ocrx_word' id='word_1_181' title='bbox 2295 959 2361 975; x_wconf 74' lang='lat' dir='ltr'>ocu-</span> 
     </span>
     <span class='ocr_line' id='line_1_28' title="bbox 2173 992 2363 1019; baseline -0.016 0"><span class='ocrx_word' id='word_1_182' title='bbox 2173 993 2207 1019; x_wconf 78' lang='lat' dir='ltr'>lis</span> <span class='ocrx_word' id='word_1_183' title='bbox 2258 992 2363 1018; x_wconf 70' lang='lat' dir='ltr'>mentis</span> 
     </span>
    </p>
   </div>
   <div class='ocr_carea' id='block_1_9' title="bbox 94 1000 2158 1058">
    <p class='ocr_par' dir='ltr' id='par_1_9' title="bbox 94 1000 2158 1058">
     <span class='ocr_line' id='line_1_29' title="bbox 94 1000 2158 1058; baseline -0.002 -12"><span class='ocrx_word' id='word_1_184' title='bbox 94 1006 139 1047; x_wconf 79' lang='grc' dir='ltr'>τὰ</span> <span class='ocrx_word' id='word_1_185' title='bbox 162 1005 211 1058; x_wconf 86' lang='grc' dir='ltr'>μὴ</span> <span class='ocrx_word' id='word_1_186' title='bbox 239 1004 412 1057; x_wconf 85' lang='grc' dir='ltr'>ὁρώμενα.</span> <span class='ocrx_word' id='word_1_187' title='bbox 441 1004 582 1042; x_wconf 82' lang='grc' dir='ltr'>Ἐκεῖνα</span> <span class='ocrx_word' id='word_1_188' title='bbox 606 1002 674 1055; x_wconf 82' lang='grc' dir='ltr'>γὰρ</span> <span class='ocrx_word' id='word_1_189' title='bbox 703 1002 859 1054; x_wconf 87' lang='grc' dir='ltr'>μάλιστα</span> <span class='ocrx_word' id='word_1_190' title='bbox 883 1003 952 1040; x_wconf 82' lang='grc' dir='ltr'>τῶν</span> <span class='ocrx_word' id='word_1_191' title='bbox 977 1000 1034 1039; x_wconf 74' lang='grc' dir='ltr'>διὰ</span> <span class='ocrx_word' id='word_1_192' title='bbox 1058 1003 1127 1038; x_wconf 76' lang='grc' dir='ltr'>τῶν</span> <span class='ocrx_word' id='word_1_193' title='bbox 1150 1014 1173 1043; x_wconf 76' lang='grc' dir='ltr'><strong>Β</strong></span> <span class='ocrx_word' id='word_1_194' title='bbox 1196 1019 1235 1043; x_wconf 91' lang='lat' dir='ltr'>ca</span> <span class='ocrx_word' id='word_1_195' title='bbox 1255 1019 1334 1056; x_wconf 84' lang='lat' dir='ltr'>quae</span> <span class='ocrx_word' id='word_1_196' title='bbox 1353 1003 1599 1056; x_wconf 79' lang='lat' dir='ltr'>corporalibus</span> <span class='ocrx_word' id='word_1_197' title='bbox 1613 1003 1727 1042; x_wconf 87' lang='lat' dir='ltr'>oculis</span> <span class='ocrx_word' id='word_1_198' title='bbox 1747 1003 1929 1042; x_wconf 86' lang='lat' dir='ltr'>videntur.</span> <span class='ocrx_word' id='word_1_199' title='bbox 1959 1003 2020 1041; x_wconf 81' lang='lat' dir='ltr'>Sic</span> <span class='ocrx_word' id='word_1_200' title='bbox 2048 1003 2158 1056; x_wconf 84' lang='lat' dir='ltr'>patri-</span> 
     </span>
    </p>
   </div>
   <div class='ocr_carea' id='block_1_10' title="bbox 99 1063 1145 1736">
    <p class='ocr_par' dir='ltr' id='par_1_10' title="bbox 99 1063 1145 1736">
     <span class='ocr_line' id='line_1_30' title="bbox 99 1063 1131 1120; baseline -0.007 -13"><span class='ocrx_word' id='word_1_201' title='bbox 99 1071 310 1120; x_wconf 86' lang='grc' dir='ltr'>σωματικῶν</span> <span class='ocrx_word' id='word_1_202' title='bbox 332 1068 519 1120; x_wconf 79' lang='grc' dir='ltr'>ὀφθαλμῶν</span> <span class='ocrx_word' id='word_1_203' title='bbox 545 1064 731 1118; x_wconf 82' lang='grc' dir='ltr'>ὁρωμένων</span> <span class='ocrx_word' id='word_1_204' title='bbox 749 1063 1018 1116; x_wconf 81' lang='grc' dir='ltr'>ἀξιοπιστότερα</span> <span class='ocrx_word' id='word_1_205' title='bbox 1036 1066 1131 1113; x_wconf 79' lang='grc' dir='ltr'>ἡμᾶς</span> 
     </span>
     <span class='ocr_line' id='line_1_31' title="bbox 101 1125 1131 1182; baseline -0.005 -14"><span class='ocrx_word' id='word_1_206' title='bbox 101 1133 262 1182; x_wconf 81' lang='grc' dir='ltr'>ἡγεῖσθαι</span> <span class='ocrx_word' id='word_1_207' title='bbox 288 1129 351 1167; x_wconf 84' lang='grc' dir='ltr'>δεῖ.</span> <span class='ocrx_word' id='word_1_208' title='bbox 382 1127 506 1171; x_wconf 80' lang='grc' dir='ltr'>Οὕτως</span> <span class='ocrx_word' id='word_1_209' title='bbox 524 1131 542 1166; x_wconf 85' lang='grc' dir='ltr'><strong>ὁ</strong></span> <span class='ocrx_word' id='word_1_210' title='bbox 562 1126 786 1179; x_wconf 74' lang='grc' dir='ltr'>πατριάρχης</span> <span class='ocrx_word' id='word_1_211' title='bbox 811 1125 1023 1175; x_wconf 78' lang='grc' dir='ltr'>εὐδοκίμησε</span> <span class='ocrx_word' id='word_1_212' title='bbox 1039 1154 1049 1172; x_wconf 94' lang='grc'>,</span> <span class='ocrx_word' id='word_1_213' title='bbox 1069 1140 1131 1163; x_wconf 88' lang='grc' dir='ltr'>πι-</span> 
     </span>
     <span class='ocr_line' id='line_1_32' title="bbox 101 1186 1134 1242; baseline -0.007 -12"><span class='ocrx_word' id='word_1_214' title='bbox 101 1191 247 1235; x_wconf 85' lang='grc' dir='ltr'>στεύσας</span> <span class='ocrx_word' id='word_1_215' title='bbox 270 1191 314 1241; x_wconf 74' lang='grc' dir='ltr'>τῇ</span> <span class='ocrx_word' id='word_1_216' title='bbox 349 1194 409 1228; x_wconf 87' lang='grc' dir='ltr'>τοῦ</span> <span class='ocrx_word' id='word_1_217' title='bbox 435 1191 528 1228; x_wconf 84' lang='grc' dir='ltr'>Θεοῦ</span> <span class='ocrx_word' id='word_1_218' title='bbox 553 1189 764 1242; x_wconf 75' lang='grc' dir='ltr'>ὑποσχέσει,</span> <span class='ocrx_word' id='word_1_219' title='bbox 796 1188 856 1227; x_wconf 77' lang='grc' dir='ltr'>καὶ</span> <span class='ocrx_word' id='word_1_220' title='bbox 876 1186 1046 1239; x_wconf 81' lang='grc' dir='ltr'>ἀνώτερος</span> <span class='ocrx_word' id='word_1_221' title='bbox 1071 1189 1134 1233; x_wconf 63' lang='grc' dir='ltr'>τῆς</span> 
     </span>
     <span class='ocr_line' id='line_1_33' title="bbox 105 1247 1136 1306; baseline -0.005 -15"><span class='ocrx_word' id='word_1_222' title='bbox 105 1252 240 1306; x_wconf 81' lang='grc' dir='ltr'>φύσεως</span> <span class='ocrx_word' id='word_1_223' title='bbox 262 1250 413 1303; x_wconf 81' lang='grc' dir='ltr'>γεγονὼς</span> <span class='ocrx_word' id='word_1_224' title='bbox 431 1251 491 1289; x_wconf 83' lang='grc' dir='ltr'>καὶ</span> <span class='ocrx_word' id='word_1_225' title='bbox 508 1252 577 1288; x_wconf 89' lang='grc' dir='ltr'>τῶν</span> <span class='ocrx_word' id='word_1_226' title='bbox 606 1250 831 1303; x_wconf 78' lang='grc' dir='ltr'>ἀνθρωπίνων</span> <span class='ocrx_word' id='word_1_227' title='bbox 849 1250 1029 1300; x_wconf 82' lang='grc' dir='ltr'>λογισμῶν</span> <span class='ocrx_word' id='word_1_228' title='bbox 1047 1264 1054 1272; x_wconf 89' lang='grc'><em>·</em></span> <span class='ocrx_word' id='word_1_229' title='bbox 1083 1247 1136 1286; x_wconf 83' lang='grc' dir='ltr'>διὸ</span> 
     </span>
     <span class='ocr_line' id='line_1_34' title="bbox 104 1310 1136 1366; baseline -0.006 -13"><span class='ocrx_word' id='word_1_230' title='bbox 104 1314 174 1354; x_wconf 81' lang='grc' dir='ltr'>Καὶ</span> <span class='ocrx_word' id='word_1_231' title='bbox 190 1313 353 1366; x_wconf 83' lang='grc' dir='ltr'>ἐλογίσθη</span> <span class='ocrx_word' id='word_1_232' title='bbox 370 1315 465 1365; x_wconf 82' lang='grc' dir='ltr'>αὐτῷ</span> <span class='ocrx_word' id='word_1_233' title='bbox 485 1314 532 1356; x_wconf 91' lang='grc' dir='ltr'>εἰς</span> <span class='ocrx_word' id='word_1_234' title='bbox 549 1311 783 1359; x_wconf 82' lang='grc' dir='ltr'>δικαιοσύνην.</span> <span class='ocrx_word' id='word_1_235' title='bbox 801 1311 990 1358; x_wconf 81' lang='grc' dir='ltr'>Ἐννόησον</span> <span class='ocrx_word' id='word_1_236' title='bbox 1013 1310 1067 1348; x_wconf 78' lang='grc' dir='ltr'>ὅτι</span> <span class='ocrx_word' id='word_1_237' title='bbox 1086 1311 1136 1347; x_wconf 86' lang='grc' dir='ltr'>δι-</span> 
     </span>
     <span class='ocr_line' id='line_1_35' title="bbox 106 1372 1138 1426; baseline -0.008 -10"><span class='ocrx_word' id='word_1_238' title='bbox 106 1376 272 1423; x_wconf 83' lang='grc' dir='ltr'>καιοσύνη</span> <span class='ocrx_word' id='word_1_239' title='bbox 292 1375 365 1414; x_wconf 74' lang='grc' dir='ltr'>ἐστὶ</span> <span class='ocrx_word' id='word_1_240' title='bbox 380 1374 420 1412; x_wconf 82' lang='grc' dir='ltr'>τὸ</span> <span class='ocrx_word' id='word_1_241' title='bbox 440 1374 617 1413; x_wconf 87' lang='grc' dir='ltr'>πιστεύειν</span> <span class='ocrx_word' id='word_1_242' title='bbox 636 1380 707 1417; x_wconf 85' lang='grc' dir='ltr'>τοῖς</span> <span class='ocrx_word' id='word_1_243' title='bbox 728 1373 828 1426; x_wconf 79' lang='grc' dir='ltr'>παρὰ</span> <span class='ocrx_word' id='word_1_244' title='bbox 843 1379 904 1413; x_wconf 82' lang='grc' dir='ltr'>τοῦ</span> <span class='ocrx_word' id='word_1_245' title='bbox 924 1375 1017 1411; x_wconf 82' lang='grc' dir='ltr'>Θεοῦ</span> <span class='ocrx_word' id='word_1_246' title='bbox 1036 1372 1138 1423; x_wconf 88' lang='grc' dir='ltr'>λεγο-</span> 
     </span>
     <span class='ocr_line' id='line_1_36' title="bbox 107 1434 1140 1491; baseline -0.006 -14"><span class='ocrx_word' id='word_1_247' title='bbox 107 1438 233 1491; x_wconf 86' lang='grc' dir='ltr'>μένοις.</span> <span class='ocrx_word' id='word_1_248' title='bbox 266 1437 384 1476; x_wconf 58' lang='lat' dir='ltr'>“Oi-av</span> <span class='ocrx_word' id='word_1_249' title='bbox 413 1435 480 1488; x_wconf 81' lang='grc' dir='ltr'>γὰρ</span> <span class='ocrx_word' id='word_1_250' title='bbox 515 1438 645 1480; x_wconf 83' lang='grc' dir='ltr'>ἐκεῖνος</span> <span class='ocrx_word' id='word_1_251' title='bbox 674 1434 876 1488; x_wconf 75' lang='grc' dir='ltr'>ὑπόσχηταί</span> <span class='ocrx_word' id='word_1_252' title='bbox 906 1451 963 1483; x_wconf 86' lang='grc' dir='ltr'>τι,</span> <span class='ocrx_word' id='word_1_253' title='bbox 997 1434 1046 1484; x_wconf 86' lang='grc' dir='ltr'>μή</span> <span class='ocrx_word' id='word_1_254' title='bbox 1080 1448 1140 1484; x_wconf 89' lang='grc' dir='ltr'>μοι</span> 
     </span>
     <span class='ocr_line' id='line_1_37' title="bbox 105 1497 1142 1552; baseline -0.004 -13"><span class='ocrx_word' id='word_1_255' title='bbox 105 1500 197 1540; x_wconf 79' lang='grc' dir='ltr'>κατὰ</span> <span class='ocrx_word' id='word_1_256' title='bbox 221 1498 438 1552; x_wconf 79' lang='grc' dir='ltr'>ἀνθρωπίνην</span> <span class='ocrx_word' id='word_1_257' title='bbox 460 1498 665 1537; x_wconf 86' lang='grc' dir='ltr'>ἀκολουθίαν</span> <span class='ocrx_word' id='word_1_258' title='bbox 685 1498 828 1537; x_wconf 86' lang='grc' dir='ltr'>ἀπαίτει</span> <span class='ocrx_word' id='word_1_259' title='bbox 854 1497 899 1536; x_wconf 80' lang='grc' dir='ltr'>τὰ</span> <span class='ocrx_word' id='word_1_260' title='bbox 927 1498 1142 1550; x_wconf 89' lang='grc' dir='ltr'>πράγματα,</span> 
     </span>
     <span class='ocr_line' id='line_1_38' title="bbox 106 1559 1142 1613; baseline -0.003 -12"><span class='ocrx_word' id='word_1_261' title='bbox 106 1563 184 1601; x_wconf 84' lang='grc' dir='ltr'>ἀλλ’</span> <span class='ocrx_word' id='word_1_262' title='bbox 223 1561 394 1611; x_wconf 82' lang='grc' dir='ltr'>ἀνώτερος</span> <span class='ocrx_word' id='word_1_263' title='bbox 441 1562 510 1598; x_wconf 85' lang='grc' dir='ltr'>τῶν</span> <span class='ocrx_word' id='word_1_264' title='bbox 547 1560 712 1599; x_wconf 85' lang='grc' dir='ltr'>τοιούτων</span> <span class='ocrx_word' id='word_1_265' title='bbox 745 1559 925 1613; x_wconf 88' lang='grc' dir='ltr'>γινόμενος</span> <span class='ocrx_word' id='word_1_266' title='bbox 962 1561 1142 1612; x_wconf 86' lang='grc' dir='ltr'>λογισμῶν</span> 
     </span>
     <span class='ocr_line' id='line_1_39' title="bbox 111 1620 1144 1676; baseline -0.004 -13"><span class='ocrx_word' id='word_1_267' title='bbox 111 1624 231 1676; x_wconf 81' lang='grc' dir='ltr'>θάρσει</span> <span class='ocrx_word' id='word_1_268' title='bbox 253 1625 298 1674; x_wconf 81' lang='grc' dir='ltr'>τῇ</span> <span class='ocrx_word' id='word_1_269' title='bbox 318 1625 379 1660; x_wconf 86' lang='grc' dir='ltr'>τοῦ</span> <span class='ocrx_word' id='word_1_270' title='bbox 407 1621 650 1675; x_wconf 77' lang='grc' dir='ltr'>ὑποσχομένου</span> <span class='ocrx_word' id='word_1_271' title='bbox 668 1621 826 1672; x_wconf 83' lang='grc' dir='ltr'>δυνάμει.</span> <span class='ocrx_word' id='word_1_272' title='bbox 849 1620 974 1666; x_wconf 82' lang='grc' dir='ltr'>Οὕτως</span> <span class='ocrx_word' id='word_1_273' title='bbox 995 1620 1144 1664; x_wconf 79' lang='grc' dir='ltr'>ἕκαστος</span> 
     </span>
     <span class='ocr_line' id='line_1_40' title="bbox 111 1676 1145 1736; baseline -0.005 -11"><span class='ocrx_word' id='word_1_274' title='bbox 111 1690 181 1725; x_wconf 89' lang='grc' dir='ltr'>τῶν</span> <span class='ocrx_word' id='word_1_275' title='bbox 197 1685 340 1724; x_wconf 85' lang='grc' dir='ltr'>δικαίων</span> <span class='ocrx_word' id='word_1_276' title='bbox 362 1683 715 1736; x_wconf 73' lang='grc' dir='ltr'>εὖδοκίμησεν,·οὕτω</span> <span class='ocrx_word' id='word_1_277' title='bbox 732 1683 791 1722; x_wconf 77' lang='grc' dir='ltr'>καὶ</span> <span class='ocrx_word' id='word_1_278' title='bbox 805 1685 823 1721; x_wconf 85' lang='grc' dir='ltr'>δ</span> <span class='ocrx_word' id='word_1_279' title='bbox 840 1682 1031 1734; x_wconf 84' lang='grc' dir='ltr'>θαυμάσιος</span> <span class='ocrx_word' id='word_1_280' title='bbox 1047 1676 1145 1726; x_wconf 63' lang='grc' dir='ltr'>οὗτος</span> 
     </span>
    </p>
   </div>
   <div class='ocr_carea' id='block_1_11' title="bbox 112 1744 1191 1800">
    <p class='ocr_par' dir='ltr' id='par_1_11' title="bbox 112 1744 1191 1800">
     <span class='ocr_line' id='line_1_41' title="bbox 112 1744 1191 1800; baseline -0.005 -13"><span class='ocrx_word' id='word_1_281' title='bbox 112 1747 244 1800; x_wconf 72' lang='grc' dir='ltr'>Ἰωσὴφ</span> <span class='ocrx_word' id='word_1_282' title='bbox 256 1778 266 1795; x_wconf 96' lang='grc'>,</span> <span class='ocrx_word' id='word_1_283' title='bbox 283 1745 457 1785; x_wconf 85' lang='grc' dir='ltr'>τοσούτων</span> <span class='ocrx_word' id='word_1_284' title='bbox 477 1745 567 1797; x_wconf 79' lang='grc' dir='ltr'>μετὰ</span> <span class='ocrx_word' id='word_1_285' title='bbox 584 1744 626 1783; x_wconf 85' lang='grc' dir='ltr'>τὰ</span> <span class='ocrx_word' id='word_1_286' title='bbox 642 1744 802 1797; x_wconf 69' lang='grc' dir='ltr'>ὀνείρατα</span> <span class='ocrx_word' id='word_1_287' title='bbox 818 1746 853 1782; x_wconf 86' lang='grc' dir='ltr'>ἐν</span> <span class='ocrx_word' id='word_1_288' title='bbox 869 1745 967 1797; x_wconf 85' lang='grc' dir='ltr'>μέσῳ</span> <span class='ocrx_word' id='word_1_289' title='bbox 982 1744 1147 1795; x_wconf 88' lang='grc' dir='ltr'>κωλυμά-</span> <span class='ocrx_word' id='word_1_290' title='bbox 1167 1751 1191 1783; x_wconf 92' lang='lat' dir='ltr'>C</span> 
     </span>
    </p>
   </div>
   <div class='ocr_carea' id='block_1_12' title="bbox 111 1805 1154 2596">
    <p class='ocr_par' dir='ltr' id='par_1_12' title="bbox 111 1805 1154 2596">
     <span class='ocr_line' id='line_1_42' title="bbox 111 1805 1147 1861; baseline -0.005 -13"><span class='ocrx_word' id='word_1_291' title='bbox 111 1826 180 1848; x_wconf 87' lang='grc' dir='ltr'>των</span> <span class='ocrx_word' id='word_1_292' title='bbox 211 1807 419 1861; x_wconf 85' lang='grc' dir='ltr'>γενομένων,</span> <span class='ocrx_word' id='word_1_293' title='bbox 449 1809 515 1845; x_wconf 78' lang='grc' dir='ltr'>οὐκ</span> <span class='ocrx_word' id='word_1_294' title='bbox 559 1805 736 1859; x_wconf 75' lang='grc' dir='ltr'>ἐταράχθη</span> <span class='ocrx_word' id='word_1_295' title='bbox 770 1805 828 1844; x_wconf 81' lang='grc' dir='ltr'>τὸν</span> <span class='ocrx_word' id='word_1_296' title='bbox 867 1805 1052 1857; x_wconf 83' lang='grc' dir='ltr'>λογισμὸν,</span> <span class='ocrx_word' id='word_1_297' title='bbox 1084 1806 1147 1843; x_wconf 80' lang='grc' dir='ltr'>οὐκ</span> 
     </span>
     <span class='ocr_line' id='line_1_43' title="bbox 117 1866 1146 1923; baseline -0.006 -13"><span class='ocrx_word' id='word_1_298' title='bbox 117 1870 310 1923; x_wconf 72' lang='grc' dir='ltr'>ἐθορυὸήθη</span> <span class='ocrx_word' id='word_1_299' title='bbox 323 1897 332 1915; x_wconf 92' lang='grc'>,</span> <span class='ocrx_word' id='word_1_300' title='bbox 352 1869 430 1908; x_wconf 78' lang='grc' dir='ltr'>ἀλλ’</span> <span class='ocrx_word' id='word_1_301' title='bbox 446 1867 634 1921; x_wconf 66' lang='grc' dir='ltr'>ἐρρωμένῳ</span> <span class='ocrx_word' id='word_1_302' title='bbox 648 1870 698 1920; x_wconf 82' lang='grc' dir='ltr'>τῷ</span> <span class='ocrx_word' id='word_1_303' title='bbox 718 1866 917 1920; x_wconf 80' lang='grc' dir='ltr'>φρονήματι</span> <span class='ocrx_word' id='word_1_304' title='bbox 934 1866 1050 1905; x_wconf 85' lang='grc' dir='ltr'>πάντα</span> <span class='ocrx_word' id='word_1_305' title='bbox 1067 1882 1146 1918; x_wconf 85' lang='grc' dir='ltr'>γεν·</span> 
     </span>
     <span class='ocr_line' id='line_1_44' title="bbox 115 1923 1149 1985; baseline -0.004 -14"><span class='ocrx_word' id='word_1_306' title='bbox 115 1933 220 1977; x_wconf 87' lang='grc' dir='ltr'>ναίως</span> <span class='ocrx_word' id='word_1_307' title='bbox 242 1932 373 1985; x_wconf 70' lang='grc' dir='ltr'>ἔφερεν,</span> <span class='ocrx_word' id='word_1_308' title='bbox 405 1930 503 1974; x_wconf 81' lang='grc' dir='ltr'>εἰδὼς</span> <span class='ocrx_word' id='word_1_309' title='bbox 532 1932 579 1974; x_wconf 82' lang='grc' dir='ltr'>ὡς</span> <span class='ocrx_word' id='word_1_310' title='bbox 599 1931 667 1982; x_wconf 74' lang='grc' dir='ltr'>οὐχ</span> <span class='ocrx_word' id='word_1_311' title='bbox 685 1923 754 1968; x_wconf 69' lang='grc' dir='ltr'>οἶόν</span> <span class='ocrx_word' id='word_1_312' title='bbox 778 1945 817 1967; x_wconf 89' lang='grc' dir='ltr'>τε</span> <span class='ocrx_word' id='word_1_313' title='bbox 841 1929 1017 1968; x_wconf 84' lang='grc' dir='ltr'>διαπεσεῖν</span> <span class='ocrx_word' id='word_1_314' title='bbox 1036 1928 1081 1967; x_wconf 83' lang='grc' dir='ltr'>τὰ</span> <span class='ocrx_word' id='word_1_315' title='bbox 1098 1931 1149 1982; x_wconf 83' lang='grc' dir='ltr'>τῷ</span> 
     </span>
     <span class='ocr_line' id='line_1_45' title="bbox 116 1989 1148 2047; baseline -0.005 -14"><span class='ocrx_word' id='word_1_316' title='bbox 116 1997 199 2047; x_wconf 79' lang='grc' dir='ltr'>Θεῷ</span> <span class='ocrx_word' id='word_1_317' title='bbox 231 1993 387 2038; x_wconf 82' lang='grc' dir='ltr'>δόξαντα.</span> <span class='ocrx_word' id='word_1_318' title='bbox 410 1993 474 2031; x_wconf 76' lang='grc' dir='ltr'>Διὸ</span> <span class='ocrx_word' id='word_1_319' title='bbox 495 1991 554 2030; x_wconf 82' lang='grc' dir='ltr'>καὶ</span> <span class='ocrx_word' id='word_1_320' title='bbox 582 1991 672 2042; x_wconf 89' lang='grc' dir='ltr'>μετὰ</span> <span class='ocrx_word' id='word_1_321' title='bbox 698 1989 869 2038; x_wconf 87' lang='grc' dir='ltr'>δουλείαν,</span> <span class='ocrx_word' id='word_1_322' title='bbox 889 1990 948 2029; x_wconf 75' lang='grc' dir='ltr'>καὶ</span> <span class='ocrx_word' id='word_1_323' title='bbox 978 1990 1069 2042; x_wconf 81' lang='grc' dir='ltr'>μετὰ</span> <span class='ocrx_word' id='word_1_324' title='bbox 1089 1991 1148 2029; x_wconf 86' lang='grc' dir='ltr'>δε-</span> 
     </span>
     <span class='ocr_line' id='line_1_46' title="bbox 120 2051 1149 2108; baseline -0.005 -13"><span class='ocrx_word' id='word_1_325' title='bbox 120 2055 323 2108; x_wconf 75' lang='grc' dir='ltr'>σμωτήριον</span> <span class='ocrx_word' id='word_1_326' title='bbox 339 2054 398 2092; x_wconf 82' lang='grc' dir='ltr'>καὶ</span> <span class='ocrx_word' id='word_1_327' title='bbox 415 2053 648 2106; x_wconf 68' lang='grc' dir='ltr'>συκοφαντίαν</span> <span class='ocrx_word' id='word_1_328' title='bbox 663 2051 851 2100; x_wconf 81' lang='grc' dir='ltr'>τοσαύτην,</span> <span class='ocrx_word' id='word_1_329' title='bbox 867 2052 932 2100; x_wconf 81' lang='grc' dir='ltr'>τὴν</span> <span class='ocrx_word' id='word_1_330' title='bbox 949 2052 1062 2105; x_wconf 71' lang='grc' dir='ltr'>ἀρχὴν</span> <span class='ocrx_word' id='word_1_331' title='bbox 1077 2051 1149 2090; x_wconf 83' lang='grc' dir='ltr'>ἐδέ-</span> 
     </span>
     <span class='ocr_line' id='line_1_47' title="bbox 117 2113 1152 2170; baseline -0.004 -14"><span class='ocrx_word' id='word_1_332' title='bbox 117 2133 203 2170; x_wconf 78' lang='grc' dir='ltr'>χετο</span> <span class='ocrx_word' id='word_1_333' title='bbox 223 2117 338 2164; x_wconf 76' lang='grc' dir='ltr'>πάσης</span> <span class='ocrx_word' id='word_1_334' title='bbox 354 2117 418 2162; x_wconf 77' lang='grc' dir='ltr'>τῆς</span> <span class='ocrx_word' id='word_1_335' title='bbox 432 2114 626 2167; x_wconf 82' lang='grc' dir='ltr'>Αἰγύπτου.</span> <span class='ocrx_word' id='word_1_336' title='bbox 647 2115 773 2154; x_wconf 83' lang='grc' dir='ltr'>Ταῦτα</span> <span class='ocrx_word' id='word_1_337' title='bbox 788 2114 830 2162; x_wconf 85' lang='grc' dir='ltr'>δὴ</span> <span class='ocrx_word' id='word_1_338' title='bbox 844 2114 961 2153; x_wconf 88' lang='grc' dir='ltr'>πάντα</span> <span class='ocrx_word' id='word_1_339' title='bbox 974 2113 1152 2166; x_wconf 83' lang='grc' dir='ltr'>λογιζόμε-</span> 
     </span>
     <span class='ocr_line' id='line_1_48' title="bbox 118 2175 1151 2230; baseline -0.003 -14"><span class='ocrx_word' id='word_1_340' title='bbox 118 2194 170 2217; x_wconf 90' lang='grc' dir='ltr'>νοι</span> <span class='ocrx_word' id='word_1_341' title='bbox 190 2177 392 2230; x_wconf 76' lang='grc' dir='ltr'>ἀντέχωμεν</span> <span class='ocrx_word' id='word_1_342' title='bbox 409 2175 574 2228; x_wconf 85' lang='grc' dir='ltr'>γενναίως</span> <span class='ocrx_word' id='word_1_343' title='bbox 595 2176 680 2228; x_wconf 80' lang='grc' dir='ltr'>πρὸς</span> <span class='ocrx_word' id='word_1_344' title='bbox 700 2176 745 2214; x_wconf 81' lang='grc' dir='ltr'>τὰ</span> <span class='ocrx_word' id='word_1_345' title='bbox 763 2175 987 2226; x_wconf 88' lang='grc' dir='ltr'>ἐπαγόμενα,</span> <span class='ocrx_word' id='word_1_346' title='bbox 1008 2177 1151 2228; x_wconf 77' lang='grc' dir='ltr'>εὔχαρι-</span> 
     </span>
     <span class='ocr_line' id='line_1_49' title="bbox 123 2236 1152 2290; baseline -0.003 -13"><span class='ocrx_word' id='word_1_347' title='bbox 123 2242 283 2282; x_wconf 87' lang='grc' dir='ltr'>στοῦντες</span> <span class='ocrx_word' id='word_1_348' title='bbox 300 2238 388 2290; x_wconf 81' lang='grc' dir='ltr'>ὑπὲρ</span> <span class='ocrx_word' id='word_1_349' title='bbox 404 2237 545 2276; x_wconf 88' lang='grc' dir='ltr'>πάντων</span> <span class='ocrx_word' id='word_1_350' title='bbox 560 2239 611 2290; x_wconf 84' lang='grc' dir='ltr'>τῷ</span> <span class='ocrx_word' id='word_1_351' title='bbox 628 2237 865 2290; x_wconf 84' lang='grc' dir='ltr'>φιλανθρώπῳ</span> <span class='ocrx_word' id='word_1_352' title='bbox 884 2239 967 2290; x_wconf 82' lang='grc' dir='ltr'>Θεῷ</span> <span class='ocrx_word' id='word_1_353' title='bbox 978 2267 988 2284; x_wconf 93' lang='grc'>,</span> <span class='ocrx_word' id='word_1_354' title='bbox 1009 2237 1069 2276; x_wconf 81' lang='grc' dir='ltr'>καὶ</span> <span class='ocrx_word' id='word_1_355' title='bbox 1087 2236 1152 2284; x_wconf 76' lang='grc' dir='ltr'>τὴν</span> 
     </span>
     <span class='ocr_line' id='line_1_50' title="bbox 118 2293 1153 2352; baseline -0.004 -12"><span class='ocrx_word' id='word_1_356' title='bbox 118 2303 202 2352; x_wconf 84' lang='grc' dir='ltr'>παρ’</span> <span class='ocrx_word' id='word_1_357' title='bbox 217 2302 325 2339; x_wconf 81' lang='grc' dir='ltr'>αὐτοῦ</span> <span class='ocrx_word' id='word_1_358' title='bbox 343 2298 572 2350; x_wconf 76' lang='grc' dir='ltr'>ἀναμένοντες</span> <span class='ocrx_word' id='word_1_359' title='bbox 588 2298 773 2351; x_wconf 75' lang='grc' dir='ltr'>ἀντίληψιν</span> <span class='ocrx_word' id='word_1_360' title='bbox 787 2315 794 2322; x_wconf 93' lang='grc'>·</span> <span class='ocrx_word' id='word_1_361' title='bbox 810 2293 852 2345; x_wconf 71' lang='grc' dir='ltr'>ἧς</span> <span class='ocrx_word' id='word_1_362' title='bbox 864 2297 1000 2351; x_wconf 88' lang='grc' dir='ltr'>γένοιτο</span> <span class='ocrx_word' id='word_1_363' title='bbox 1018 2298 1153 2342; x_wconf 85' lang='grc' dir='ltr'>πάντας</span> 
     </span>
     <span class='ocr_line' id='line_1_51' title="bbox 120 2358 1152 2414; baseline -0.003 -14"><span class='ocrx_word' id='word_1_364' title='bbox 120 2365 216 2413; x_wconf 82' lang='grc' dir='ltr'>ἡμᾶς</span> <span class='ocrx_word' id='word_1_365' title='bbox 236 2362 426 2414; x_wconf 77' lang='grc' dir='ltr'>ἐπιτυχεῖν,</span> <span class='ocrx_word' id='word_1_366' title='bbox 443 2359 566 2413; x_wconf 75' lang='grc' dir='ltr'>χάριτι</span> <span class='ocrx_word' id='word_1_367' title='bbox 590 2360 650 2398; x_wconf 73' lang='grc' dir='ltr'>καὶ</span> <span class='ocrx_word' id='word_1_368' title='bbox 670 2358 915 2413; x_wconf 78' lang='grc' dir='ltr'>φιλανθρωπίᾳ</span> <span class='ocrx_word' id='word_1_369' title='bbox 934 2364 994 2398; x_wconf 82' lang='grc' dir='ltr'>τοῦ</span> <span class='ocrx_word' id='word_1_370' title='bbox 1022 2359 1152 2412; x_wconf 90' lang='grc' dir='ltr'>Κυρίου</span> 
     </span>
     <span class='ocr_line' id='line_1_52' title="bbox 124 2415 1153 2474; baseline -0.002 -13"><span class='ocrx_word' id='word_1_371' title='bbox 124 2427 226 2474; x_wconf 77' lang='grc' dir='ltr'>ἡμῶν</span> <span class='ocrx_word' id='word_1_372' title='bbox 252 2422 368 2469; x_wconf 75' lang='grc' dir='ltr'>Ἰησοῦ</span> <span class='ocrx_word' id='word_1_373' title='bbox 394 2423 570 2474; x_wconf 84' lang='grc' dir='ltr'>Χριστοῦ,</span> <span class='ocrx_word' id='word_1_374' title='bbox 593 2423 668 2472; x_wconf 88' lang='grc' dir='ltr'>μεθ’</span> <span class='ocrx_word' id='word_1_375' title='bbox 697 2415 736 2460; x_wconf 66' lang='grc' dir='ltr'>οὗ</span> <span class='ocrx_word' id='word_1_376' title='bbox 766 2423 817 2474; x_wconf 80' lang='grc' dir='ltr'>τῷ</span> <span class='ocrx_word' id='word_1_377' title='bbox 852 2421 971 2474; x_wconf 83' lang='grc' dir='ltr'>Πατρὶ</span> <span class='ocrx_word' id='word_1_378' title='bbox 995 2421 1072 2472; x_wconf 80' lang='grc' dir='ltr'>ἅμα</span> <span class='ocrx_word' id='word_1_379' title='bbox 1102 2423 1153 2474; x_wconf 80' lang='grc' dir='ltr'>τῷ</span> 
     </span>
     <span class='ocr_line' id='line_1_53' title="bbox 123 2482 1154 2538; baseline -0.003 -14"><span class='ocrx_word' id='word_1_380' title='bbox 123 2485 212 2538; x_wconf 85' lang='grc' dir='ltr'>ἆγίῳ</span> <span class='ocrx_word' id='word_1_381' title='bbox 227 2485 410 2535; x_wconf 84' lang='grc' dir='ltr'>Πνεύματι</span> <span class='ocrx_word' id='word_1_382' title='bbox 429 2483 531 2531; x_wconf 83' lang='grc' dir='ltr'>δόξα,</span> <span class='ocrx_word' id='word_1_383' title='bbox 550 2483 692 2536; x_wconf 88' lang='grc' dir='ltr'>κράτος,</span> <span class='ocrx_word' id='word_1_384' title='bbox 715 2483 817 2535; x_wconf 81' lang='grc' dir='ltr'>τιμὴ,</span> <span class='ocrx_word' id='word_1_385' title='bbox 837 2487 896 2522; x_wconf 80' lang='grc' dir='ltr'>νῦν</span> <span class='ocrx_word' id='word_1_386' title='bbox 914 2482 974 2522; x_wconf 78' lang='grc' dir='ltr'>καὶ</span> <span class='ocrx_word' id='word_1_387' title='bbox 990 2483 1064 2531; x_wconf 83' lang='grc' dir='ltr'>ἀεὶ,</span> <span class='ocrx_word' id='word_1_388' title='bbox 1094 2483 1154 2522; x_wconf 83' lang='grc' dir='ltr'>καὶ</span> 
     </span>
     <span class='ocr_line' id='line_1_54' title="bbox 123 2544 820 2596; baseline -0.003 -10"><span class='ocrx_word' id='word_1_389' title='bbox 123 2550 170 2591; x_wconf 87' lang='grc' dir='ltr'>εἷς</span> <span class='ocrx_word' id='word_1_390' title='bbox 187 2546 266 2590; x_wconf 80' lang='grc' dir='ltr'>τοὺς</span> <span class='ocrx_word' id='word_1_391' title='bbox 284 2548 411 2590; x_wconf 81' lang='grc' dir='ltr'>αἰῶνας</span> <span class='ocrx_word' id='word_1_392' title='bbox 428 2548 497 2584; x_wconf 90' lang='grc' dir='ltr'>τῶν</span> <span class='ocrx_word' id='word_1_393' title='bbox 520 2544 670 2584; x_wconf 88' lang='grc' dir='ltr'>αἰώνων.</span> <span class='ocrx_word' id='word_1_394' title='bbox 697 2545 820 2596; x_wconf 79' lang='grc' dir='ltr'>Ἀμήν.</span> 
     </span>
    </p>
   </div>
   <div class='ocr_carea' id='block_1_13' title="bbox 127 2675 1158 3036">
    <p class='ocr_par' dir='ltr' id='par_1_13' title="bbox 127 2675 1158 3036">
     <span class='ocr_line' id='line_1_55' title="bbox 498 2675 779 2723; baseline -0.007 -6"><span class='ocrx_word' id='word_1_395' title='bbox 498 2679 675 2717; x_wconf 85' lang='grc' dir='ltr'><strong>ΟΜΙΑΙΑ</strong></span> <span class='ocrx_word' id='word_1_396' title='bbox 721 2675 779 2723; x_wconf 74' lang='grc' dir='ltr'>ξδ’.</span> 
     </span>
     <span class='ocr_line' id='line_1_56' title="bbox 127 2800 1156 2854; baseline 0.002 -14"><span class='ocrx_word' id='word_1_397' title='bbox 127 2803 136 2818; x_wconf 83' lang='grc'><strong><em>’</em></strong></span> <span class='ocrx_word' id='word_1_398' title='bbox 174 2802 275 2850; x_wconf 78' lang='grc' dir='ltr'>ξῆλθε</span> <span class='ocrx_word' id='word_1_399' title='bbox 292 2803 328 2840; x_wconf 83' lang='grc' dir='ltr'>δὲ</span> <span class='ocrx_word' id='word_1_400' title='bbox 341 2801 474 2854; x_wconf 72' lang='grc' dir='ltr'>Ἰωσὴφ</span> <span class='ocrx_word' id='word_1_401' title='bbox 491 2801 561 2840; x_wconf 83' lang='grc' dir='ltr'>ἀπὸ</span> <span class='ocrx_word' id='word_1_402' title='bbox 575 2800 764 2854; x_wconf 85' lang='grc' dir='ltr'>προσώπου</span> <span class='ocrx_word' id='word_1_403' title='bbox 780 2801 919 2854; x_wconf 86' lang='grc' dir='ltr'>Φαραὼ</span> <span class='ocrx_word' id='word_1_404' title='bbox 930 2831 940 2851; x_wconf 84' lang='grc'>,</span> <span class='ocrx_word' id='word_1_405' title='bbox 958 2802 1018 2840; x_wconf 77' lang='grc' dir='ltr'>καὶ</span> <span class='ocrx_word' id='word_1_406' title='bbox 1038 2804 1156 2850; x_wconf 78' lang='grc' dir='ltr'>διῆλθε</span> 
     </span>
     <span class='ocr_line' id='line_1_57' title="bbox 179 2862 1157 2916; baseline 0.001 -14"><span class='ocrx_word' id='word_1_407' title='bbox 179 2871 295 2903; x_wconf 78' lang='grc' dir='ltr'>πᾶσαν</span> <span class='ocrx_word' id='word_1_408' title='bbox 325 2865 392 2914; x_wconf 72' lang='grc' dir='ltr'>γῆν</span> <span class='ocrx_word' id='word_1_409' title='bbox 419 2862 615 2914; x_wconf 79' lang='grc' dir='ltr'>Αἰγύπτου·</span> <span class='ocrx_word' id='word_1_410' title='bbox 642 2862 701 2900; x_wconf 72' lang='grc' dir='ltr'>καὶ</span> <span class='ocrx_word' id='word_1_411' title='bbox 730 2862 892 2909; x_wconf 85' lang='grc' dir='ltr'>ἐποίησεν</span> <span class='ocrx_word' id='word_1_412' title='bbox 913 2865 935 2910; x_wconf 84' lang='grc' dir='ltr'>ἡ</span> <span class='ocrx_word' id='word_1_413' title='bbox 964 2866 1010 2916; x_wconf 79' lang='grc' dir='ltr'>γῆ</span> <span class='ocrx_word' id='word_1_414' title='bbox 1029 2866 1065 2902; x_wconf 88' lang='grc' dir='ltr'>ἐν</span> <span class='ocrx_word' id='word_1_415' title='bbox 1085 2871 1157 2908; x_wconf 88' lang='grc' dir='ltr'>τοῖς</span> 
     </span>
     <span class='ocr_line' id='line_1_58' title="bbox 181 2923 1158 2977; baseline 0.001 -15"><span class='ocrx_word' id='word_1_416' title='bbox 181 2924 273 2963; x_wconf 77' lang='grc' dir='ltr'>ἑπτὰ</span> <span class='ocrx_word' id='word_1_417' title='bbox 291 2924 384 2963; x_wconf 85' lang='grc' dir='ltr'>ἔτεσι</span> <span class='ocrx_word' id='word_1_418' title='bbox 400 2927 462 2970; x_wconf 79' lang='grc' dir='ltr'>τῆς</span> <span class='ocrx_word' id='word_1_419' title='bbox 481 2923 640 2970; x_wconf 83' lang='grc' dir='ltr'>εὐθηνίας</span> <span class='ocrx_word' id='word_1_420' title='bbox 663 2923 872 2976; x_wconf 84' lang='grc' dir='ltr'>δράγματα·</span> <span class='ocrx_word' id='word_1_421' title='bbox 901 2924 961 2963; x_wconf 77' lang='grc' dir='ltr'>καὶ</span> <span class='ocrx_word' id='word_1_422' title='bbox 982 2926 1158 2977; x_wconf 74' lang='grc' dir='ltr'>συνήγαγε</span> 
     </span>
     <span class='ocr_line' id='line_1_59' title="bbox 183 2984 835 3036; baseline -0.003 -12"><span class='ocrx_word' id='word_1_423' title='bbox 183 2992 278 3024; x_wconf 89' lang='grc' dir='ltr'>σῖτον</span> <span class='ocrx_word' id='word_1_424' title='bbox 292 2988 339 3029; x_wconf 84' lang='grc' dir='ltr'>ὡς</span> <span class='ocrx_word' id='word_1_425' title='bbox 357 2984 420 3031; x_wconf 78' lang='grc' dir='ltr'>τὴν</span> <span class='ocrx_word' id='word_1_426' title='bbox 435 2985 552 3036; x_wconf 83' lang='grc' dir='ltr'>ἄμμον</span> <span class='ocrx_word' id='word_1_427' title='bbox 567 2986 631 3031; x_wconf 75' lang='grc' dir='ltr'>τῆς</span> <span class='ocrx_word' id='word_1_428' title='bbox 646 2984 835 3031; x_wconf 82' lang='grc' dir='ltr'>θαλάσσης.</span> 
     </span>
    </p>
   </div>
   <div class='ocr_carea' id='block_1_14' title="bbox 133 3103 1158 3284">
    <p class='ocr_par' dir='ltr' id='par_1_14' title="bbox 133 3103 1158 3284">
     <span class='ocr_line' id='line_1_60' title="bbox 185 3103 1156 3163; baseline 0 -15"><span class='ocrx_word' id='word_1_429' title='bbox 185 3108 357 3148; x_wconf 79' lang='grc' dir='ltr'>Βούλεσθε</span> <span class='ocrx_word' id='word_1_430' title='bbox 373 3106 431 3145; x_wconf 83' lang='grc' dir='ltr'>καὶ</span> <span class='ocrx_word' id='word_1_431' title='bbox 448 3105 601 3158; x_wconf 64' lang='grc' dir='ltr'>σήμερον</span> <span class='ocrx_word' id='word_1_432' title='bbox 618 3103 709 3153; x_wconf 75' lang='grc' dir='ltr'>ι’τὴν</span> <span class='ocrx_word' id='word_1_433' title='bbox 726 3105 817 3145; x_wconf 82' lang='grc' dir='ltr'>κατὰ</span> <span class='ocrx_word' id='word_1_434' title='bbox 831 3105 890 3145; x_wconf 84' lang='grc' dir='ltr'>τὸν</span> <span class='ocrx_word' id='word_1_435' title='bbox 907 3107 1038 3163; x_wconf 73' lang='grc' dir='ltr'>Ἰωσὴφ</span> <span class='ocrx_word' id='word_1_436' title='bbox 1059 3111 1156 3148; x_wconf 82' lang='grc' dir='ltr'>ἱστο-</span> 
     </span>
     <span class='ocr_line' id='line_1_61' title="bbox 133 3167 1157 3223; baseline 0 -14"><span class='ocrx_word' id='word_1_437' title='bbox 133 3171 208 3223; x_wconf 87' lang='grc' dir='ltr'>ρίαν</span> <span class='ocrx_word' id='word_1_438' title='bbox 238 3169 488 3219; x_wconf 80' lang='grc' dir='ltr'>ἐπεξέλθωμεν,</span> <span class='ocrx_word' id='word_1_439' title='bbox 514 3168 573 3206; x_wconf 82' lang='grc' dir='ltr'>καὶ</span> <span class='ocrx_word' id='word_1_440' title='bbox 605 3168 733 3218; x_wconf 79' lang='grc' dir='ltr'>ἴδωμεν</span> <span class='ocrx_word' id='word_1_441' title='bbox 758 3171 833 3212; x_wconf 89' lang='grc' dir='ltr'>πῶς</span> <span class='ocrx_word' id='word_1_442' title='bbox 857 3167 922 3215; x_wconf 75' lang='grc' dir='ltr'>τὴν</span> <span class='ocrx_word' id='word_1_443' title='bbox 953 3170 1066 3223; x_wconf 71' lang='grc' dir='ltr'>ἀρχὴν</span> <span class='ocrx_word' id='word_1_444' title='bbox 1096 3175 1157 3218; x_wconf 76' lang='grc' dir='ltr'>τῆς</span> 
     </span>
     <span class='ocr_line' id='line_1_62' title="bbox 134 3223 1158 3284; baseline -0.001 -13"><span class='ocrx_word' id='word_1_445' title='bbox 134 3231 312 3284; x_wconf 77' lang='grc' dir='ltr'>Αἰγύπτου</span> <span class='ocrx_word' id='word_1_446' title='bbox 327 3230 443 3277; x_wconf 86' lang='grc' dir='ltr'>πάσης</span> <span class='ocrx_word' id='word_1_447' title='bbox 462 3228 644 3280; x_wconf 77' lang='grc' dir='ltr'>δεξάμενος</span> <span class='ocrx_word' id='word_1_448' title='bbox 660 3231 678 3266; x_wconf 84' lang='grc' dir='ltr'><strong>ὁ</strong></span> <span class='ocrx_word' id='word_1_449' title='bbox 697 3227 886 3279; x_wconf 87' lang='grc' dir='ltr'>θαυμάσιος</span> <span class='ocrx_word' id='word_1_450' title='bbox 905 3223 1014 3281; x_wconf 66' lang='grc' dir='ltr'>οὗτος,</span> <span class='ocrx_word' id='word_1_451' title='bbox 1026 3232 1082 3270; x_wconf 84' lang='grc' dir='ltr'>διὰ</span> <span class='ocrx_word' id='word_1_452' title='bbox 1097 3237 1158 3280; x_wconf 69' lang='grc' dir='ltr'>τῆς</span> 
     </span>
    </p>
   </div>
   <div class='ocr_carea' id='block_1_15' title="bbox 1197 1061 2162 1181">
    <p class='ocr_par' dir='ltr' id='par_1_15' title="bbox 1197 1061 2162 1181">
     <span class='ocr_line' id='line_1_63' title="bbox 1197 1061 2161 1115; baseline -0.001 -14"><span class='ocrx_word' id='word_1_453' title='bbox 1197 1062 1305 1101; x_wconf 81' lang='lat' dir='ltr'>archa</span> <span class='ocrx_word' id='word_1_454' title='bbox 1323 1071 1445 1115; x_wconf 86' lang='lat' dir='ltr'>gratus</span> <span class='ocrx_word' id='word_1_455' title='bbox 1472 1062 1542 1100; x_wconf 89' lang='lat' dir='ltr'>suit</span> <span class='ocrx_word' id='word_1_456' title='bbox 1558 1063 1649 1112; x_wconf 89' lang='lat' dir='ltr'>Deo,</span> <span class='ocrx_word' id='word_1_457' title='bbox 1668 1062 1752 1114; x_wconf 85' lang='lat' dir='ltr'>quia</span> <span class='ocrx_word' id='word_1_458' title='bbox 1769 1061 2161 1115; x_wconf 79' lang='lat' dir='ltr'>crediditpromissioni</span> 
     </span>
     <span class='ocr_line' id='line_1_64' title="bbox 1199 1128 2162 1181; baseline -0.001 -14"><span class='ocrx_word' id='word_1_459' title='bbox 1199 1129 1290 1181; x_wconf 89' lang='lat' dir='ltr'>ejus,</span> <span class='ocrx_word' id='word_1_460' title='bbox 1309 1138 1342 1167; x_wconf 91' lang='lat' dir='ltr'>et</span> <span class='ocrx_word' id='word_1_461' title='bbox 1364 1128 1529 1181; x_wconf 83' lang='lat' dir='ltr'>superior</span> <span class='ocrx_word' id='word_1_462' title='bbox 1562 1138 1687 1167; x_wconf 88' lang='lat' dir='ltr'>natura</span> <span class='ocrx_word' id='word_1_463' title='bbox 1706 1130 1833 1179; x_wconf 89' lang='lat' dir='ltr'>sactus,</span> <span class='ocrx_word' id='word_1_464' title='bbox 1858 1128 2096 1179; x_wconf 85' lang='lat' dir='ltr'>humanisque</span> <span class='ocrx_word' id='word_1_465' title='bbox 2107 1142 2162 1166; x_wconf 87' lang='lat' dir='ltr'>ra-</span> 
     </span>
    </p>
   </div>
   <div class='ocr_carea' id='block_1_16' title="bbox 1201 1190 2363 1243">
    <p class='ocr_par' dir='ltr' id='par_1_16' title="bbox 1201 1190 2363 1243">
     <span class='ocr_line' id='line_1_65' title="bbox 1201 1190 2363 1243; baseline -0.007 -14"><span class='ocrx_word' id='word_1_466' title='bbox 1201 1190 1384 1240; x_wconf 77' lang='lat' dir='ltr'>tionibus;</span> <span class='ocrx_word' id='word_1_467' title='bbox 1405 1190 1486 1229; x_wconf 89' lang='lat' dir='ltr'>ideo</span> <span class='ocrx_word' id='word_1_468' title='bbox 1506 1191 1743 1243; x_wconf 80' lang='lat' dir='ltr'>Repzctatum</span> <span class='ocrx_word' id='word_1_469' title='bbox 1763 1199 1819 1228; x_wconf 79' lang='lat' dir='ltr'>est</span> <span class='ocrx_word' id='word_1_470' title='bbox 1835 1193 1871 1228; x_wconf 83' lang='lat' dir='ltr'>ei</span> <span class='ocrx_word' id='word_1_471' title='bbox 1898 1192 1939 1227; x_wconf 90' lang='lat' dir='ltr'>in</span> <span class='ocrx_word' id='word_1_472' title='bbox 1950 1192 2161 1242; x_wconf 82' lang='lat' dir='ltr'>justitiam.</span> <span class='ocrx_word' id='word_1_473' title='bbox 2183 1196 2266 1225; x_wconf 80' lang='lat' dir='ltr'>Rom.</span> <span class='ocrx_word' id='word_1_474' title='bbox 2284 1191 2313 1233; x_wconf 73' lang='grc'>4.</span> <span class='ocrx_word' id='word_1_475' title='bbox 2333 1192 2363 1222; x_wconf 89' lang='grc'>3.</span> 
     </span>
    </p>
   </div>
   <div class='ocr_carea' id='block_1_17' title="bbox 1203 1251 2180 2110">
    <p class='ocr_par' dir='ltr' id='par_1_17' title="bbox 1203 1251 2180 2110">
     <span class='ocr_line' id='line_1_66' title="bbox 1204 1251 2167 1305; baseline -0.001 -15"><span class='ocrx_word' id='word_1_476' title='bbox 1204 1252 1411 1301; x_wconf 83' lang='lat' dir='ltr'>Considera,</span> <span class='ocrx_word' id='word_1_477' title='bbox 1433 1252 1613 1305; x_wconf 88' lang='lat' dir='ltr'>justitiam</span> <span class='ocrx_word' id='word_1_478' title='bbox 1634 1265 1708 1289; x_wconf 85' lang='lat' dir='ltr'>csse</span> <span class='ocrx_word' id='word_1_479' title='bbox 1725 1251 1868 1289; x_wconf 83' lang='lat' dir='ltr'>credere</span> <span class='ocrx_word' id='word_1_480' title='bbox 1886 1251 1930 1288; x_wconf 88' lang='lat' dir='ltr'>iis</span> <span class='ocrx_word' id='word_1_481' title='bbox 1951 1264 2032 1301; x_wconf 79' lang='lat' dir='ltr'>quae</span> <span class='ocrx_word' id='word_1_482' title='bbox 2051 1266 2071 1288; x_wconf 89' lang='lat' dir='ltr'>a</span> <span class='ocrx_word' id='word_1_483' title='bbox 2092 1252 2167 1289; x_wconf 92' lang='lat' dir='ltr'>Dco</span> 
     </span>
     <span class='ocr_line' id='line_1_67' title="bbox 1203 1314 2167 1368; baseline -0.002 -13"><span class='ocrx_word' id='word_1_484' title='bbox 1203 1316 1388 1355; x_wconf 88' lang='lat' dir='ltr'>dicuntur.</span> <span class='ocrx_word' id='word_1_485' title='bbox 1420 1316 1576 1363; x_wconf 86' lang='lat' dir='ltr'>Quando</span> <span class='ocrx_word' id='word_1_486' title='bbox 1595 1315 1692 1354; x_wconf 89' lang='lat' dir='ltr'>enim</span> <span class='ocrx_word' id='word_1_487' title='bbox 1712 1315 1775 1354; x_wconf 90' lang='lat' dir='ltr'>ille</span> <span class='ocrx_word' id='word_1_488' title='bbox 1794 1314 1934 1367; x_wconf 91' lang='lat' dir='ltr'>aliquid</span> <span class='ocrx_word' id='word_1_489' title='bbox 1947 1315 2167 1368; x_wconf 82' lang='lat' dir='ltr'>promiserit,</span> 
     </span>
     <span class='ocr_line' id='line_1_68' title="bbox 1206 1377 2170 1429; baseline -0.002 -12"><span class='ocrx_word' id='word_1_490' title='bbox 1206 1392 1250 1417; x_wconf 88' lang='lat' dir='ltr'>ne</span> <span class='ocrx_word' id='word_1_491' title='bbox 1279 1377 1370 1416; x_wconf 86' lang='lat' dir='ltr'>mihi</span> <span class='ocrx_word' id='word_1_492' title='bbox 1404 1377 1602 1416; x_wconf 90' lang='lat' dir='ltr'>secundum</span> <span class='ocrx_word' id='word_1_493' title='bbox 1642 1377 1840 1416; x_wconf 87' lang='lat' dir='ltr'>humanam</span> <span class='ocrx_word' id='word_1_494' title='bbox 1882 1377 2170 1429; x_wconf 82' lang='lat' dir='ltr'>consequentiam</span> 
     </span>
     <span class='ocr_line' id='line_1_69' title="bbox 1208 1437 2172 1493; baseline -0.001 -15"><span class='ocrx_word' id='word_1_495' title='bbox 1208 1454 1263 1478; x_wconf 90' lang='lat' dir='ltr'>res</span> <span class='ocrx_word' id='word_1_496' title='bbox 1278 1438 1454 1493; x_wconf 81' lang='lat' dir='ltr'>expende,</span> <span class='ocrx_word' id='word_1_497' title='bbox 1483 1439 1547 1477; x_wconf 88' lang='lat' dir='ltr'>scd</span> <span class='ocrx_word' id='word_1_498' title='bbox 1565 1439 1729 1492; x_wconf 89' lang='lat' dir='ltr'>superior</span> <span class='ocrx_word' id='word_1_499' title='bbox 1746 1437 1955 1492; x_wconf 84' lang='lat' dir='ltr'>hujusmodi</span> <span class='ocrx_word' id='word_1_500' title='bbox 1972 1438 2172 1477; x_wconf 86' lang='lat' dir='ltr'>rationibus</span> 
     </span>
     <span class='ocr_line' id='line_1_70' title="bbox 1208 1503 2174 1557; baseline -0.002 -14"><span class='ocrx_word' id='word_1_501' title='bbox 1208 1504 1271 1554; x_wconf 88' lang='lat' dir='ltr'>sis,</span> <span class='ocrx_word' id='word_1_502' title='bbox 1291 1518 1333 1543; x_wconf 88' lang='lat' dir='ltr'>ac</span> <span class='ocrx_word' id='word_1_503' title='bbox 1351 1503 1494 1543; x_wconf 81' lang='lat' dir='ltr'>confide</span> <span class='ocrx_word' id='word_1_504' title='bbox 1521 1503 1689 1557; x_wconf 76' lang='lat' dir='ltr'>potentiae</span> <span class='ocrx_word' id='word_1_505' title='bbox 1705 1504 1782 1557; x_wconf 86' lang='lat' dir='ltr'>ejus</span> <span class='ocrx_word' id='word_1_506' title='bbox 1803 1503 1865 1556; x_wconf 88' lang='lat' dir='ltr'>qui</span> <span class='ocrx_word' id='word_1_507' title='bbox 1904 1504 2082 1556; x_wconf 89' lang='lat' dir='ltr'>promisit.</span> <span class='ocrx_word' id='word_1_508' title='bbox 2119 1503 2174 1541; x_wconf 84' lang='lat' dir='ltr'>Ita</span> 
     </span>
     <span class='ocr_line' id='line_1_71' title="bbox 1209 1565 2171 1618; baseline 0 -15"><span class='ocrx_word' id='word_1_509' title='bbox 1209 1566 1456 1618; x_wconf 89' lang='lat' dir='ltr'>unusquisque</span> <span class='ocrx_word' id='word_1_510' title='bbox 1471 1566 1655 1618; x_wconf 89' lang='lat' dir='ltr'>justorum</span> <span class='ocrx_word' id='word_1_511' title='bbox 1670 1566 1842 1618; x_wconf 88' lang='lat' dir='ltr'>probatus</span> <span class='ocrx_word' id='word_1_512' title='bbox 1863 1566 1932 1604; x_wconf 79' lang='lat' dir='ltr'>fuit</span> <span class='ocrx_word' id='word_1_513' title='bbox 1950 1596 1961 1617; x_wconf 91' lang='lat'>,</span> <span class='ocrx_word' id='word_1_514' title='bbox 1984 1567 2032 1603; x_wconf 91' lang='lat' dir='ltr'>ita</span> <span class='ocrx_word' id='word_1_515' title='bbox 2054 1575 2087 1604; x_wconf 88' lang='lat' dir='ltr'>et</span> <span class='ocrx_word' id='word_1_516' title='bbox 2107 1565 2171 1604; x_wconf 88' lang='lat' dir='ltr'>ad-</span> 
     </span>
     <span class='ocr_line' id='line_1_72' title="bbox 1210 1625 2174 1678; baseline -0.002 -13"><span class='ocrx_word' id='word_1_517' title='bbox 1210 1626 1389 1665; x_wconf 87' lang='lat' dir='ltr'>mirabilis</span> <span class='ocrx_word' id='word_1_518' title='bbox 1405 1626 1467 1664; x_wconf 87' lang='lat' dir='ltr'>ille</span> <span class='ocrx_word' id='word_1_519' title='bbox 1482 1625 1631 1678; x_wconf 86' lang='lat' dir='ltr'>Joseph,</span> <span class='ocrx_word' id='word_1_520' title='bbox 1648 1640 1731 1664; x_wconf 90' lang='lat' dir='ltr'>cum</span> <span class='ocrx_word' id='word_1_521' title='bbox 1746 1635 1827 1678; x_wconf 85' lang='lat' dir='ltr'>post</span> <span class='ocrx_word' id='word_1_522' title='bbox 1843 1626 1904 1664; x_wconf 90' lang='lat' dir='ltr'>illa</span> <span class='ocrx_word' id='word_1_523' title='bbox 1920 1626 2056 1664; x_wconf 89' lang='lat' dir='ltr'>somnia</span> <span class='ocrx_word' id='word_1_524' title='bbox 2077 1635 2174 1663; x_wconf 86' lang='lat' dir='ltr'>tanta</span> 
     </span>
     <span class='ocr_line' id='line_1_73' title="bbox 1213 1686 2174 1740; baseline -0.002 -14"><span class='ocrx_word' id='word_1_525' title='bbox 1213 1688 1395 1740; x_wconf 88' lang='lat' dir='ltr'>interjecta</span> <span class='ocrx_word' id='word_1_526' title='bbox 1404 1687 1536 1725; x_wconf 87' lang='lat' dir='ltr'>fuerint</span> <span class='ocrx_word' id='word_1_527' title='bbox 1554 1686 1825 1740; x_wconf 88' lang='lat' dir='ltr'>impedimenta,</span> <span class='ocrx_word' id='word_1_528' title='bbox 1842 1701 1911 1725; x_wconf 90' lang='lat' dir='ltr'>non</span> <span class='ocrx_word' id='word_1_529' title='bbox 1940 1688 2106 1725; x_wconf 88' lang='lat' dir='ltr'>turbatus</span> <span class='ocrx_word' id='word_1_530' title='bbox 2123 1696 2174 1725; x_wconf 90' lang='lat' dir='ltr'>est</span> 
     </span>
     <span class='ocr_line' id='line_1_74' title="bbox 1215 1747 2173 1799; baseline -0.001 -12"><span class='ocrx_word' id='word_1_531' title='bbox 1215 1749 1347 1799; x_wconf 89' lang='lat' dir='ltr'>animo,</span> <span class='ocrx_word' id='word_1_532' title='bbox 1387 1763 1458 1787; x_wconf 93' lang='lat' dir='ltr'>non</span> <span class='ocrx_word' id='word_1_533' title='bbox 1479 1757 1679 1787; x_wconf 88' lang='lat' dir='ltr'>commotus</span> <span class='ocrx_word' id='word_1_534' title='bbox 1693 1757 1759 1799; x_wconf 89' lang='lat' dir='ltr'>est,</span> <span class='ocrx_word' id='word_1_535' title='bbox 1789 1747 1851 1786; x_wconf 88' lang='lat' dir='ltr'>sed</span> <span class='ocrx_word' id='word_1_536' title='bbox 1888 1748 2034 1786; x_wconf 86' lang='lat' dir='ltr'>robusta</span> <span class='ocrx_word' id='word_1_537' title='bbox 2057 1757 2173 1787; x_wconf 88' lang='lat' dir='ltr'>mente</span> 
     </span>
     <span class='ocr_line' id='line_1_75' title="bbox 1215 1809 2176 1862; baseline -0.002 -13"><span class='ocrx_word' id='word_1_538' title='bbox 1215 1811 1355 1850; x_wconf 86' lang='lat' dir='ltr'>fortiter</span> <span class='ocrx_word' id='word_1_539' title='bbox 1370 1810 1453 1848; x_wconf 90' lang='lat' dir='ltr'>tulit</span> <span class='ocrx_word' id='word_1_540' title='bbox 1462 1810 1595 1858; x_wconf 78' lang='lat' dir='ltr'>omnia,</span> <span class='ocrx_word' id='word_1_541' title='bbox 1609 1809 1722 1848; x_wconf 86' lang='lat' dir='ltr'>sciens</span> <span class='ocrx_word' id='word_1_542' title='bbox 1745 1823 1814 1848; x_wconf 92' lang='lat' dir='ltr'>non</span> <span class='ocrx_word' id='word_1_543' title='bbox 1838 1823 1912 1848; x_wconf 86' lang='lat' dir='ltr'>esse</span> <span class='ocrx_word' id='word_1_544' title='bbox 1935 1809 2104 1862; x_wconf 90' lang='lat' dir='ltr'>possibile</span> <span class='ocrx_word' id='word_1_545' title='bbox 2136 1823 2176 1847; x_wconf 88' lang='lat' dir='ltr'>ea</span> 
     </span>
     <span class='ocr_line' id='line_1_76' title="bbox 1217 1871 2177 1925; baseline -0.002 -14"><span class='ocrx_word' id='word_1_546' title='bbox 1217 1887 1294 1925; x_wconf 86' lang='lat' dir='ltr'>quae</span> <span class='ocrx_word' id='word_1_547' title='bbox 1310 1874 1408 1911; x_wconf 92' lang='lat' dir='ltr'>Deus</span> <span class='ocrx_word' id='word_1_548' title='bbox 1427 1872 1588 1911; x_wconf 84' lang='lat' dir='ltr'>decrevit</span> <span class='ocrx_word' id='word_1_549' title='bbox 1599 1886 1669 1910; x_wconf 90' lang='lat' dir='ltr'>non</span> <span class='ocrx_word' id='word_1_550' title='bbox 1693 1871 1848 1910; x_wconf 90' lang='lat' dir='ltr'>evenire.</span> <span class='ocrx_word' id='word_1_551' title='bbox 1862 1871 1948 1910; x_wconf 80' lang='lat' dir='ltr'>Ideo</span> <span class='ocrx_word' id='word_1_552' title='bbox 1962 1881 2042 1924; x_wconf 89' lang='lat' dir='ltr'>post</span> <span class='ocrx_word' id='word_1_553' title='bbox 2060 1872 2177 1910; x_wconf 90' lang='lat' dir='ltr'>servi-</span> 
     </span>
     <span class='ocr_line' id='line_1_77' title="bbox 1218 1934 2177 1987; baseline 0.001 -16"><span class='ocrx_word' id='word_1_554' title='bbox 1218 1943 1344 1983; x_wconf 86' lang='lat' dir='ltr'>tutem,</span> <span class='ocrx_word' id='word_1_555' title='bbox 1373 1944 1453 1987; x_wconf 90' lang='lat' dir='ltr'>post</span> <span class='ocrx_word' id='word_1_556' title='bbox 1484 1947 1675 1985; x_wconf 87' lang='lat' dir='ltr'>carcerem,</span> <span class='ocrx_word' id='word_1_557' title='bbox 1706 1942 1912 1984; x_wconf 86' lang='lat' dir='ltr'>tantamque</span> <span class='ocrx_word' id='word_1_558' title='bbox 1948 1934 2177 1983; x_wconf 89' lang='lat' dir='ltr'>calumniam,</span> 
     </span>
     <span class='ocr_line' id='line_1_78' title="bbox 1218 1995 2180 2049; baseline -0.001 -15"><span class='ocrx_word' id='word_1_559' title='bbox 1218 1996 1464 2049; x_wconf 84' lang='lat' dir='ltr'>principatum</span> <span class='ocrx_word' id='word_1_560' title='bbox 1482 1995 1638 2047; x_wconf 84' lang='lat' dir='ltr'>suscepit</span> <span class='ocrx_word' id='word_1_561' title='bbox 1661 1996 1769 2034; x_wconf 89' lang='lat' dir='ltr'>totius</span> <span class='ocrx_word' id='word_1_562' title='bbox 1781 1995 1947 2048; x_wconf 75' lang='lat' dir='ltr'>[Egypti.</span> <span class='ocrx_word' id='word_1_563' title='bbox 1973 1995 2180 2047; x_wconf 80' lang='lat' dir='ltr'>Haecigitur</span> 
     </span>
     <span class='ocr_line' id='line_1_79' title="bbox 1220 2057 2178 2110; baseline -0.002 -14"><span class='ocrx_word' id='word_1_564' title='bbox 1220 2057 1340 2096; x_wconf 88' lang='lat' dir='ltr'>omnia</span> <span class='ocrx_word' id='word_1_565' title='bbox 1355 2057 1561 2110; x_wconf 86' lang='lat' dir='ltr'>cogitantes,</span> <span class='ocrx_word' id='word_1_566' title='bbox 1586 2057 1726 2096; x_wconf 82' lang='lat' dir='ltr'>fortiter</span> <span class='ocrx_word' id='word_1_567' title='bbox 1761 2057 1998 2109; x_wconf 87' lang='lat' dir='ltr'>suscipiamus</span> <span class='ocrx_word' id='word_1_568' title='bbox 2027 2071 2067 2094; x_wconf 89' lang='lat' dir='ltr'>ea</span> <span class='ocrx_word' id='word_1_569' title='bbox 2095 2071 2178 2108; x_wconf 84' lang='lat' dir='ltr'>quae</span> 
     </span>
    </p>
   </div>
   <div class='ocr_carea' id='block_1_18' title="bbox 1219 2118 2181 2230">
    <p class='ocr_par' dir='ltr' id='par_1_18' title="bbox 1219 2118 2181 2230">
     <span class='ocr_line' id='line_1_80' title="bbox 1219 2118 2181 2172; baseline 0 -15"><span class='ocrx_word' id='word_1_570' title='bbox 1219 2119 1434 2170; x_wconf 86' lang='lat' dir='ltr'>inferuntur,</span> <span class='ocrx_word' id='word_1_571' title='bbox 1449 2119 1652 2172; x_wconf 81' lang='lat' dir='ltr'>gratiasque</span> <span class='ocrx_word' id='word_1_572' title='bbox 1666 2133 1816 2171; x_wconf 83' lang='lat' dir='ltr'>agamus</span> <span class='ocrx_word' id='word_1_573' title='bbox 1830 2132 1896 2171; x_wconf 91' lang='lat' dir='ltr'>pro</span> <span class='ocrx_word' id='word_1_574' title='bbox 1913 2118 2082 2156; x_wconf 90' lang='lat' dir='ltr'>omnibus</span> <span class='ocrx_word' id='word_1_575' title='bbox 2106 2119 2181 2157; x_wconf 90' lang='lat' dir='ltr'>clc-</span> 
     </span>
     <span class='ocr_line' id='line_1_81' title="bbox 1225 2176 2180 2230; baseline -0.002 -14"><span class='ocrx_word' id='word_1_576' title='bbox 1225 2177 1336 2216; x_wconf 86' lang='lat' dir='ltr'>menti</span> <span class='ocrx_word' id='word_1_577' title='bbox 1353 2179 1446 2226; x_wconf 87' lang='lat' dir='ltr'>Deo,</span> <span class='ocrx_word' id='word_1_578' title='bbox 1463 2187 1498 2216; x_wconf 84' lang='lat' dir='ltr'>ct</span> <span class='ocrx_word' id='word_1_579' title='bbox 1514 2178 1590 2230; x_wconf 87' lang='lat' dir='ltr'>ejus</span> <span class='ocrx_word' id='word_1_580' title='bbox 1608 2186 1855 2230; x_wconf 79' lang='lat' dir='ltr'>exspectemus</span> <span class='ocrx_word' id='word_1_581' title='bbox 1882 2176 2155 2229; x_wconf 87' lang='lat' dir='ltr'>opitulationem</span> <span class='ocrx_word' id='word_1_582' title='bbox 2172 2193 2180 2214; x_wconf 91' lang='lat'>:</span> 
     </span>
    </p>
   </div>
   <div class='ocr_carea' id='block_1_19' title="bbox 1175 2237 2185 2527">
    <p class='ocr_par' dir='ltr' id='par_1_19' title="bbox 1220 2237 2182 2292">
     <span class='ocr_line' id='line_1_82' title="bbox 1220 2237 2182 2292; baseline -0.001 -14"><span class='ocrx_word' id='word_1_583' title='bbox 1220 2254 1298 2292; x_wconf 86' lang='lat' dir='ltr'>quae</span> <span class='ocrx_word' id='word_1_584' title='bbox 1318 2239 1422 2278; x_wconf 89' lang='lat' dir='ltr'>nobis</span> <span class='ocrx_word' id='word_1_585' title='bbox 1453 2238 1621 2277; x_wconf 90' lang='lat' dir='ltr'>omnibus</span> <span class='ocrx_word' id='word_1_586' title='bbox 1655 2238 1882 2287; x_wconf 85' lang='lat' dir='ltr'>concedatur,</span> <span class='ocrx_word' id='word_1_587' title='bbox 1911 2237 2024 2290; x_wconf 87' lang='lat' dir='ltr'>gratia</span> <span class='ocrx_word' id='word_1_588' title='bbox 2055 2247 2087 2276; x_wconf 89' lang='lat' dir='ltr'>et</span> <span class='ocrx_word' id='word_1_589' title='bbox 2109 2238 2182 2277; x_wconf 90' lang='lat' dir='ltr'>cle—</span> 
     </span>
    </p>

    <p class='ocr_par' dir='ltr' id='par_1_20' title="bbox 1220 2300 2185 2348">
     <span class='ocr_line' id='line_1_83' title="bbox 1220 2300 2185 2348; baseline -0.002 -8"><span class='ocrx_word' id='word_1_590' title='bbox 1220 2301 1352 2340; x_wconf 91' lang='lat' dir='ltr'>mentia</span> <span class='ocrx_word' id='word_1_591' title='bbox 1375 2301 1523 2340; x_wconf 89' lang='lat' dir='ltr'>Domini</span> <span class='ocrx_word' id='word_1_592' title='bbox 1538 2300 1649 2339; x_wconf 86' lang='lat' dir='ltr'>nostri</span> <span class='ocrx_word' id='word_1_593' title='bbox 1671 2301 1756 2340; x_wconf 85' lang='lat' dir='ltr'>Jesu</span> <span class='ocrx_word' id='word_1_594' title='bbox 1770 2300 1919 2348; x_wconf 87' lang='lat' dir='ltr'>Christi,</span> <span class='ocrx_word' id='word_1_595' title='bbox 1938 2301 1994 2338; x_wconf 90' lang='lat' dir='ltr'>cui</span> <span class='ocrx_word' id='word_1_596' title='bbox 2017 2314 2099 2338; x_wconf 89' lang='lat' dir='ltr'>cum</span> <span class='ocrx_word' id='word_1_597' title='bbox 2117 2302 2185 2339; x_wconf 84' lang='lat' dir='ltr'>Pa-</span> 
     </span>
    </p>

    <p class='ocr_par' dir='ltr' id='par_1_21' title="bbox 1219 2362 2182 2415">
     <span class='ocr_line' id='line_1_84' title="bbox 1219 2362 2182 2415; baseline -0.002 -13"><span class='ocrx_word' id='word_1_598' title='bbox 1219 2373 1274 2402; x_wconf 92' lang='lat' dir='ltr'>tre</span> <span class='ocrx_word' id='word_1_599' title='bbox 1306 2373 1341 2402; x_wconf 91' lang='lat' dir='ltr'>et</span> <span class='ocrx_word' id='word_1_600' title='bbox 1371 2372 1493 2402; x_wconf 90' lang='lat' dir='ltr'>sancto</span> <span class='ocrx_word' id='word_1_601' title='bbox 1533 2362 1671 2415; x_wconf 85' lang='lat' dir='ltr'>Spiritu</span> <span class='ocrx_word' id='word_1_602' title='bbox 1693 2362 1739 2401; x_wconf 88' lang='lat' dir='ltr'>sit</span> <span class='ocrx_word' id='word_1_603' title='bbox 1764 2362 1889 2414; x_wconf 90' lang='lat' dir='ltr'>gloria,</span> <span class='ocrx_word' id='word_1_604' title='bbox 1915 2362 2124 2415; x_wconf 88' lang='lat' dir='ltr'>imperium,</span> <span class='ocrx_word' id='word_1_605' title='bbox 2147 2371 2182 2400; x_wconf 89' lang='lat' dir='ltr'>et</span> 
     </span>
    </p>

    <p class='ocr_par' dir='ltr' id='par_1_22' title="bbox 1175 2424 2176 2527">
     <span class='ocr_line' id='line_1_85' title="bbox 1219 2424 2176 2478; baseline -0.002 -14"><span class='ocrx_word' id='word_1_606' title='bbox 1219 2426 1346 2478; x_wconf 92' lang='lat' dir='ltr'>honor,</span> <span class='ocrx_word' id='word_1_607' title='bbox 1365 2439 1462 2465; x_wconf 91' lang='lat' dir='ltr'>nunc</span> <span class='ocrx_word' id='word_1_608' title='bbox 1475 2434 1510 2465; x_wconf 91' lang='lat' dir='ltr'>et</span> <span class='ocrx_word' id='word_1_609' title='bbox 1529 2439 1680 2478; x_wconf 87' lang='lat' dir='ltr'>semper,</span> <span class='ocrx_word' id='word_1_610' title='bbox 1702 2433 1735 2463; x_wconf 87' lang='lat' dir='ltr'>ct</span> <span class='ocrx_word' id='word_1_611' title='bbox 1751 2424 1788 2463; x_wconf 91' lang='lat' dir='ltr'>in</span> <span class='ocrx_word' id='word_1_612' title='bbox 1805 2424 1934 2463; x_wconf 79' lang='lat' dir='ltr'>saecula</span> <span class='ocrx_word' id='word_1_613' title='bbox 1949 2424 2176 2463; x_wconf 82' lang='lat' dir='ltr'>saeculorum.</span> 
     </span>
     <span class='ocr_line' id='line_1_86' title="bbox 1175 2485 1350 2527; baseline 0 -1"><span class='ocrx_word' id='word_1_614' title='bbox 1175 2485 1200 2514; x_wconf 83' lang='lat' dir='ltr'>D</span> <span class='ocrx_word' id='word_1_615' title='bbox 1223 2489 1350 2527; x_wconf 87' lang='lat' dir='ltr'>Amen.</span> 
     </span>
    </p>
   </div>
   <div class='ocr_carea' id='block_1_20' title="bbox 1526 2675 1897 2715">
    <p class='ocr_par' dir='ltr' id='par_1_23' title="bbox 1526 2675 1897 2715">
     <span class='ocr_line' id='line_1_87' title="bbox 1526 2675 1897 2715; baseline -0.005 0"><span class='ocrx_word' id='word_1_616' title='bbox 1526 2676 1738 2715; x_wconf 83' lang='lat' dir='ltr'><strong>HOMILIA</strong></span> <span class='ocrx_word' id='word_1_617' title='bbox 1759 2675 1897 2713; x_wconf 83' lang='lat' dir='ltr'>LXIV.</span> 
     </span>
    </p>
   </div>
   <div class='ocr_carea' id='block_1_21' title="bbox 1225 2795 2348 2913">
    <p class='ocr_par' dir='ltr' id='par_1_24' title="bbox 1225 2795 2348 2913">
     <span class='ocr_line' id='line_1_88' title="bbox 1225 2795 2348 2852; baseline -0.004 -12"><span class='ocrx_word' id='word_1_618' title='bbox 1225 2800 1354 2840; x_wconf 74' lang='lat' dir='ltr'>Exivit</span> <span class='ocrx_word' id='word_1_619' title='bbox 1365 2807 1483 2837; x_wconf 84' lang='lat' dir='ltr'>autem</span> <span class='ocrx_word' id='word_1_620' title='bbox 1508 2795 1641 2850; x_wconf 74' lang='lat' dir='ltr'>,loseph</span> <span class='ocrx_word' id='word_1_621' title='bbox 1664 2810 1684 2834; x_wconf 89' lang='lat' dir='ltr'>a</span> <span class='ocrx_word' id='word_1_622' title='bbox 1702 2795 1792 2834; x_wconf 88' lang='lat' dir='ltr'>facie</span> <span class='ocrx_word' id='word_1_623' title='bbox 1814 2795 2025 2845; x_wconf 81' lang='lat' dir='ltr'>Pharaonis,</span> <span class='ocrx_word' id='word_1_624' title='bbox 2045 2806 2078 2836; x_wconf 88' lang='lat' dir='ltr'>ct</span> <span class='ocrx_word' id='word_1_625' title='bbox 2098 2813 2184 2852; x_wconf 82' lang='lat' dir='ltr'>per·</span> <span class='ocrx_word' id='word_1_626' title='bbox 2203 2812 2278 2839; x_wconf 64' lang='lat' dir='ltr'>Gen.</span> <span class='ocrx_word' id='word_1_627' title='bbox 2298 2809 2348 2848; x_wconf 55' lang='grc' dir='ltr'>φ,</span> 
     </span>
     <span class='ocr_line' id='line_1_89' title="bbox 1278 2852 2346 2913; baseline -0.007 -14"><span class='ocrx_word' id='word_1_628' title='bbox 1278 2860 1418 2913; x_wconf 87' lang='lat' dir='ltr'>agravit</span> <span class='ocrx_word' id='word_1_629' title='bbox 1438 2871 1579 2897; x_wconf 89' lang='lat' dir='ltr'>omnem</span> <span class='ocrx_word' id='word_1_630' title='bbox 1596 2866 1727 2895; x_wconf 87' lang='lat' dir='ltr'>terram</span> <span class='ocrx_word' id='word_1_631' title='bbox 1743 2856 1916 2910; x_wconf 77' lang='lat' dir='ltr'>AEgypti3</span> <span class='ocrx_word' id='word_1_632' title='bbox 1938 2862 1973 2896; x_wconf 80' lang='lat' dir='ltr'>et</span> <span class='ocrx_word' id='word_1_633' title='bbox 1996 2859 2079 2897; x_wconf 89' lang='lat' dir='ltr'>sccit</span> <span class='ocrx_word' id='word_1_634' title='bbox 2093 2869 2183 2899; x_wconf 86' lang='lat' dir='ltr'>terra</span> <span class='ocrx_word' id='word_1_635' title='bbox 2201 2852 2346 2897; x_wconf 67' lang='lat'>56·-4·)·</span> 
     </span>
    </p>
   </div>
   <div class='ocr_carea' id='block_1_22' title="bbox 1278 2918 2184 3037">
    <p class='ocr_par' dir='ltr' id='par_1_25' title="bbox 1278 2918 2184 3037">
     <span class='ocr_line' id='line_1_90' title="bbox 1278 2918 2184 2972; baseline -0.002 -10"><span class='ocrx_word' id='word_1_636' title='bbox 1278 2922 1379 2962; x_wconf 89' lang='lat' dir='ltr'>annis</span> <span class='ocrx_word' id='word_1_637' title='bbox 1406 2929 1541 2972; x_wconf 89' lang='lat' dir='ltr'>septem</span> <span class='ocrx_word' id='word_1_638' title='bbox 1567 2918 1762 2956; x_wconf 85' lang='lat' dir='ltr'>fertilitatis</span> <span class='ocrx_word' id='word_1_639' title='bbox 1794 2919 2014 2972; x_wconf 85' lang='lat' dir='ltr'>manipulos;</span> <span class='ocrx_word' id='word_1_640' title='bbox 2039 2930 2073 2959; x_wconf 88' lang='lat' dir='ltr'>et</span> <span class='ocrx_word' id='word_1_641' title='bbox 2101 2936 2184 2961; x_wconf 89' lang='lat' dir='ltr'>con-</span> 
     </span>
     <span class='ocr_line' id='line_1_91' title="bbox 1281 2979 2086 3037; baseline -0.001 -15"><span class='ocrx_word' id='word_1_642' title='bbox 1281 2982 1442 3037; x_wconf 81' lang='lat' dir='ltr'>gregavit</span> <span class='ocrx_word' id='word_1_643' title='bbox 1461 2982 1681 3019; x_wconf 78' lang='lat' dir='ltr'>[rumentum</span> <span class='ocrx_word' id='word_1_644' title='bbox 1697 2979 1789 3018; x_wconf 89' lang='lat' dir='ltr'>sicut</span> <span class='ocrx_word' id='word_1_645' title='bbox 1807 2994 1952 3019; x_wconf 91' lang='lat' dir='ltr'>arenam</span> <span class='ocrx_word' id='word_1_646' title='bbox 1965 2982 2086 3021; x_wconf 90' lang='lat' dir='ltr'>maris.</span> 
     </span>
    </p>
   </div>
   <div class='ocr_carea' id='block_1_23' title="bbox 1184 3099 2187 3279">
    <p class='ocr_par' dir='ltr' id='par_1_26' title="bbox 1184 3099 2187 3279">
     <span class='ocr_line' id='line_1_92' title="bbox 1283 3099 2186 3156; baseline -0.002 -11"><span class='ocrx_word' id='word_1_647' title='bbox 1283 3110 1321 3146; x_wconf 84' lang='grc'>1.</span> <span class='ocrx_word' id='word_1_648' title='bbox 1344 3103 1467 3145; x_wconf 74' lang='lat' dir='ltr'>Vultis</span> <span class='ocrx_word' id='word_1_649' title='bbox 1482 3110 1522 3140; x_wconf 90' lang='lat' dir='ltr'>ut</span> <span class='ocrx_word' id='word_1_650' title='bbox 1540 3110 1574 3140; x_wconf 89' lang='lat' dir='ltr'>et</span> <span class='ocrx_word' id='word_1_651' title='bbox 1591 3099 1701 3140; x_wconf 83' lang='lat' dir='ltr'>hodie</span> <span class='ocrx_word' id='word_1_652' title='bbox 1727 3100 1919 3140; x_wconf 89' lang='lat' dir='ltr'>historiam</span> <span class='ocrx_word' id='word_1_653' title='bbox 1947 3103 2094 3156; x_wconf 91' lang='lat' dir='ltr'>Josephi</span> <span class='ocrx_word' id='word_1_654' title='bbox 2117 3114 2186 3143; x_wconf 87' lang='lat' dir='ltr'>tra-</span> 
     </span>
     <span class='ocr_line' id='line_1_93' title="bbox 1184 3162 2185 3224; baseline -0.006 -14"><span class='ocrx_word' id='word_1_655' title='bbox 1184 3194 1208 3224; x_wconf 74' lang='lat' dir='ltr'><strong>E</strong></span> <span class='ocrx_word' id='word_1_656' title='bbox 1229 3180 1375 3216; x_wconf 89' lang='lat' dir='ltr'>ctemus,</span> <span class='ocrx_word' id='word_1_657' title='bbox 1391 3175 1425 3204; x_wconf 85' lang='lat' dir='ltr'>et</span> <span class='ocrx_word' id='word_1_658' title='bbox 1446 3163 1631 3203; x_wconf 82' lang='lat' dir='ltr'>videamus</span> <span class='ocrx_word' id='word_1_659' title='bbox 1646 3162 1826 3213; x_wconf 88' lang='lat' dir='ltr'>quomodo</span> <span class='ocrx_word' id='word_1_660' title='bbox 1845 3163 1903 3202; x_wconf 89' lang='lat' dir='ltr'>vir</span> <span class='ocrx_word' id='word_1_661' title='bbox 1925 3164 2000 3211; x_wconf 88' lang='lat' dir='ltr'>ille,</span> <span class='ocrx_word' id='word_1_662' title='bbox 2022 3176 2185 3218; x_wconf 87' lang='lat' dir='ltr'>suscepto</span> 
     </span>
     <span class='ocr_line' id='line_1_94' title="bbox 1230 3223 2187 3279; baseline -0.007 -8"><span class='ocrx_word' id='word_1_663' title='bbox 1230 3232 1340 3271; x_wconf 81' lang='lat' dir='ltr'>totius</span> <span class='ocrx_word' id='word_1_664' title='bbox 1361 3224 1510 3279; x_wconf 79' lang='lat' dir='ltr'>AEgypti</span> <span class='ocrx_word' id='word_1_665' title='bbox 1527 3223 1748 3277; x_wconf 86' lang='lat' dir='ltr'>principatu,</span> <span class='ocrx_word' id='word_1_666' title='bbox 1769 3238 1834 3276; x_wconf 90' lang='lat' dir='ltr'>per</span> <span class='ocrx_word' id='word_1_667' title='bbox 1849 3225 2007 3263; x_wconf 79' lang='lat' dir='ltr'>innatam</span> <span class='ocrx_word' id='word_1_668' title='bbox 2033 3227 2101 3264; x_wconf 89' lang='lat' dir='ltr'>sibi</span> <span class='ocrx_word' id='word_1_669' title='bbox 2134 3227 2187 3265; x_wconf 91' lang='lat' dir='ltr'>in-</span> 
     </span>
    </p>
   </div>
   <div class='ocr_carea' id='block_1_24' title="bbox 179 3363 2187 3416">
    <p class='ocr_par' dir='ltr' id='par_1_27' title="bbox 179 3363 2187 3416">
     <span class='ocr_line' id='line_1_95' title="bbox 179 3363 2187 3416; baseline -0.002 -15"><span class='ocrx_word' id='word_1_670' title='bbox 179 3381 192 3396; x_wconf 81' lang='lat'>=</span> <span class='ocrx_word' id='word_1_671' title='bbox 217 3370 370 3413; x_wconf 82' lang='lat' dir='ltr'>Quinque</span> <span class='ocrx_word' id='word_1_672' title='bbox 381 3370 446 3403; x_wconf 77' lang='lat' dir='ltr'>Mss</span> <span class='ocrx_word' id='word_1_673' title='bbox 473 3373 690 3414; x_wconf 56' lang='grc' dir='ltr'>κατ-,δέχονται</span> <span class='ocrx_word' id='word_1_674' title='bbox 702 3377 740 3414; x_wconf 80' lang='grc' dir='ltr'>τῇ</span> <span class='ocrx_word' id='word_1_675' title='bbox 755 3369 1032 3416; x_wconf 64' lang='grc' dir='ltr'>προσδοκίᾳᾸι-ιῖτει</span> <span class='ocrx_word' id='word_1_676' title='bbox 1045 3368 1145 3402; x_wconf 82' lang='lat' dir='ltr'>iidem</span> <span class='ocrx_word' id='word_1_677' title='bbox 1180 3369 1258 3400; x_wconf 83' lang='lat' dir='ltr'>Mss.</span> <span class='ocrx_word' id='word_1_678' title='bbox 1280 3376 1330 3406; x_wconf 77' lang='grc' dir='ltr'>τῆς</span> <span class='ocrx_word' id='word_1_679' title='bbox 1346 3372 1424 3402; x_wconf 69' lang='grc' dir='ltr'>κατὰ</span> <span class='ocrx_word' id='word_1_680' title='bbox 1441 3370 1490 3400; x_wconf 77' lang='grc' dir='ltr'>τὸν</span> <span class='ocrx_word' id='word_1_681' title='bbox 1507 3364 1603 3409; x_wconf 54' lang='lat' dir='ltr'>inach?</span> <span class='ocrx_word' id='word_1_682' title='bbox 1621 3369 1750 3410; x_wconf 66' lang='grc' dir='ltr'>ἱστορίας</span> <span class='ocrx_word' id='word_1_683' title='bbox 1760 3368 1820 3404; x_wconf 66' lang='grc' dir='ltr'>ἑξέ)</span> <span class='ocrx_word' id='word_1_684' title='bbox 1829 3369 1935 3406; x_wconf 69' lang='grc' dir='ltr'>θωμεν.</span> <span class='ocrx_word' id='word_1_685' title='bbox 1957 3363 2071 3397; x_wconf 81' lang='lat' dir='ltr'>Morel.</span> <span class='ocrx_word' id='word_1_686' title='bbox 2098 3372 2133 3396; x_wconf 87' lang='lat' dir='ltr'>ut</span> <span class='ocrx_word' id='word_1_687' title='bbox 2155 3366 2187 3396; x_wconf 85' lang='lat' dir='ltr'>in</span> 
     </span>
    </p>
   </div>
   <div class='ocr_carea' id='block_1_25' title="bbox 138 3426 1147 3521">
    <p class='ocr_par' dir='ltr' id='par_1_28' title="bbox 138 3426 1147 3521">
     <span class='ocr_line' id='line_1_96' title="bbox 138 3426 1084 3468; baseline -0.001 -12"><span class='ocrx_word' id='word_1_688' title='bbox 138 3428 207 3464; x_wconf 67' lang='grc' dir='ltr'>ἡμῖν</span> <span class='ocrx_word' id='word_1_689' title='bbox 221 3430 416 3466; x_wconf 62' lang='grc' dir='ltr'>συναγόμενον</span> <span class='ocrx_word' id='word_1_690' title='bbox 427 3427 569 3462; x_wconf 74' lang='grc' dir='ltr'>πλοῦτον,</span> <span class='ocrx_word' id='word_1_691' title='bbox 589 3428 638 3457; x_wconf 74' lang='grc' dir='ltr'>καὶ</span> <span class='ocrx_word' id='word_1_692' title='bbox 654 3429 708 3462; x_wconf 75' lang='grc' dir='ltr'>τὴν</span> <span class='ocrx_word' id='word_1_693' title='bbox 721 3428 922 3464; x_wconf 70' lang='grc' dir='ltr'>πνευματικὴν</span> <span class='ocrx_word' id='word_1_694' title='bbox 935 3426 1084 3468; x_wconf 70' lang='grc' dir='ltr'>εὐπορίαν.</span> 
     </span>
     <span class='ocr_line' id='line_1_97' title="bbox 183 3474 1147 3521; baseline 0 -12"><span class='ocrx_word' id='word_1_695' title='bbox 183 3477 198 3499; x_wconf 75' lang='lat'>¹¹</span> <span class='ocrx_word' id='word_1_696' title='bbox 223 3474 324 3510; x_wconf 78' lang='lat' dir='ltr'>Savil.</span> <span class='ocrx_word' id='word_1_697' title='bbox 356 3483 394 3519; x_wconf 75' lang='grc' dir='ltr'>τῇ</span> <span class='ocrx_word' id='word_1_698' title='bbox 416 3483 495 3509; x_wconf 68' lang='grc' dir='ltr'>κατὰ</span> <span class='ocrx_word' id='word_1_699' title='bbox 522 3480 572 3509; x_wconf 76' lang='grc' dir='ltr'>τὸν</span> <span class='ocrx_word' id='word_1_700' title='bbox 602 3475 695 3519; x_wconf 46' lang='lat' dir='ltr'>immi?</span> <span class='ocrx_word' id='word_1_701' title='bbox 721 3479 835 3521; x_wconf 72' lang='grc' dir='ltr'>ἱστορίᾳ</span> <span class='ocrx_word' id='word_1_702' title='bbox 864 3479 1047 3519; x_wconf 76' lang='grc' dir='ltr'>ἐπέλθωμεν.</span> <span class='ocrx_word' id='word_1_703' title='bbox 1064 3474 1147 3506; x_wconf 80' lang='lat' dir='ltr'>Tres</span> 
     </span>
    </p>
   </div>
   <div class='ocr_carea' id='block_1_26' title="bbox 1178 3427 1282 3452">
    <p class='ocr_par' dir='ltr' id='par_1_29' title="bbox 1178 3427 1282 3452">
     <span class='ocr_line' id='line_1_98' title="bbox 1178 3427 1282 3452; baseline -0.019 0"><span class='ocrx_word' id='word_1_704' title='bbox 1178 3427 1282 3452; x_wconf 73' lang='lat' dir='ltr'>textu.</span> 
     </span>
    </p>
   </div>
   <div class='ocr_carea' id='block_1_27' title="bbox 2173 1034 2279 1062">
    <p class='ocr_par' dir='ltr' id='par_1_30' title="bbox 2173 1034 2279 1062">
     <span class='ocr_line' id='line_1_99' title="bbox 2173 1034 2279 1062; baseline -0.028 0"><span class='ocrx_word' id='word_1_705' title='bbox 2173 1034 2279 1062; x_wconf 83' lang='lat' dir='ltr'>utitur.</span> 
     </span>
    </p>
   </div>
  </div>
 </body>
</html>
