2516 3791
279 160 374 225 698
685 178 721 209 S.
759 177 942 209 JOANMS
977 173 1220 205 CHRYSOST·
1260 172 1470 204 ARCHOEP.
1507 173 1868 206 CONSTANTINOP.

279 261 449 299 athletam
463 275 567 300 suum
586 270 678 300 reete
693 269 852 300 certasse.
873 261 954 299 Jam
977 266 1096 296 autem
1110 256 1227 294 disca·
1299 255 1571 307 ἀγωνισάμενον.
1603 255 1702 300 Τέως
1729 256 1766 294 δὲ
1791 257 1955 309 μάθωμεν
1983 257 2043 295 καὶ
2070 259 2110 296 ἐκ
2137 261 2206 297 τῶν
2235 259 2324 310 μετὰ

280 336 360 360 mus
373 331 407 360 et
421 321 520 360 exiis
541 336 620 374 quae
642 331 762 375 postea
781 328 976 370 sequuntur
997 317 1068 355 viri
1091 316 1227 368 patien-
1298 321 1410 354 ταῦτα
1430 315 1620 368 γινομένων
1638 316 1701 364 τὴν
1725 317 1904 368 ὑπομονὴν
1923 323 1983 357 τοῦ
2002 319 2136 372 ἀνδρὸς,
2154 319 2215 358 καὶ
2231 320 2326 365 ὅπως

280 381 383 432 tiam,
403 391 436 420 et
449 381 626 433 quomodo
648 395 715 419 non
733 380 909 432 gravatim
922 379 990 416 fert
1004 377 1228 426 dilationem,
1299 376 1386 431 πρὸς
1408 377 1472 425 τὴν
1493 376 1663 429 μέλλησιν
1683 380 1746 416 οὐκ
1769 378 2009 431 ἐδυσχέρανεν,
2024 379 2102 418 οὐδὲ
2126 381 2325 420 ἀπεδυσπέ-

281 457 505 494 nequeasua
527 444 708 481 alacritate
732 440 883 489 excidi13
903 439 964 477 sed
982 452 1084 490 aequo
1112 437 1230 476 animo
1301 452 1426 483 τησεν·
1459 436 1550 475 ἀλλὰ
1595 436 1683 488 μετὰ
1716 440 1848 485 πολλῆς
1873 442 1936 485 τῆς
1964 439 2159 493 προθυμίας
2188 441 2327 479 ἅπαντα

282 503 402 541 omnia
423 504 501 549 fert,
521 513 553 541 et
575 511 714 554 promte
733 501 864 553 gratias
884 499 958 551 agit
977 498 1131 537 Domino
1151 512 1229 547 suo,
1302 496 1412 549 φέρων
1445 497 1653 549 ηὖχαρίστει
1677 500 1728 551 τῷ
1756 503 1868 537 ταῦτα
1897 505 2136 551 συγχωροῦντι
2168 500 2326 552 γίνεσθαι

283 563 345 615 qui
364 563 439 601 haec
463 564 539 601 fieri
558 562 793 615 permittebat.
817 561 882 599 His
903 560 1047 609 auditis,
1067 559 1232 612 princeps
1302 558 1477 610 Δεσπότη.
1497 560 1622 597 Ταῦτα
1642 557 1792 602 ἀκούσας
1809 561 1827 596 ὃ
1845 561 2127 613 ἀρχισιτοποιὸς,
2146 561 2206 599 καὶ
2224 561 2326 613 νομί-

283 625 457 677 pistorum
482 634 579 662 ratus
600 633 634 662 et
654 638 760 662 suum
780 623 849 662 sibi
866 622 1043 662 somnium
1062 621 1146 660 boni
1166 621 1231 659 ali·
1303 635 1365 662 σας
1384 619 1444 657 καὶ
1462 618 1502 656 τὸ
1522 622 1625 658 αὐτοῦ
1649 619 1731 671 ὄναρ
1747 619 1902 671 χρηστόν
1927 636 1969 670 τι
1984 622 2078 673 αὐτῷ
2098 622 2325 674 προμηνύειν,

283 685 370 737 quid
400 685 632 738 praesignare,
665 694 784 723 narrat
817 685 849 723 ei
883 683 1010 722 somnii
1045 682 1230 722 visionem.
1301 679 1473 731 διηγεῖται
1495 682 1590 733 αὐτῷ
1608 679 1671 727 τὴν
1688 686 1748 720 τοῦ
1766 680 1896 733 ὀνείρου
1917 681 2007 734 ἄψιν.
2029 681 2121 720 Ἀλλ’
2138 682 2288 726 ἀκούσας
2310 686 2328 721 ὃ

284 746 389 792 Quod
404 755 442 783 ut
461 745 575 784 audiit
590 747 734 799 Joseph,
753 755 896 799 accepta
917 745 1024 783 etiam
1043 758 1089 782 ex
1105 757 1230 796 super-
1300 739 1448 793 Ἰωσὴφ,
1471 741 1530 778 καί
1559 744 1598 779 ἐκ
1625 745 1687 788 τῆς
1721 741 1850 780 ἄνωθεν
1879 742 2127 795 ἀποκολύψεως
2155 743 2215 781 καὶ
2233 748 2248 763 ⁰
2263 742 2326 790 τὴν

283 822 326 845 na
346 808 559 846 revelatione
574 809 650 860 ejus
674 807 977 861 interpretatione,
996 805 1162 859 praedicit
1176 804 1232 842 illi
1299 801 1420 839 τούτου
1461 801 1638 854 σύγκρισιν
1682 801 1882 854 δεξάμενος,
1917 803 2112 855 προμηνύει
2143 805 2237 856 αὐτῷ
2267 803 2326 842 τὸν

283 868 465 907 interitum
496 869 739 908 imminentem
754 900 765 920 ,
796 878 830 907 et
855 868 969 906 dicit:
992 868 1053 905 19.
1083 867 1230 906 Adhuc
1254 872 1277 902 E
1301 861 1473 912 μέλλοντα
1506 863 1607 902 αὐτὸν
1637 862 1901 916 καταλήψεσθαι
1929 863 2068 916 ὄλεθρον
2083 894 2092 912 ,
2115 864 2176 902 καί
2203 880 2327 917 φησιν·

283 937 357 967 tres
371 930 466 979 dies,
483 939 521 968 et
536 931 687 982 auferet
699 931 861 968 Pharao
877 938 992 982 caput
1007 938 1114 967 tuum
1129 942 1155 965 a
1178 935 1226 974 te,
1298 921 1382 960 Ἔτι
1402 930 1493 975 τρεῖς
1519 925 1663 976 ἡμέραι,
1681 924 1696 945 ‘¹
1710 925 1768 962 καὶ
1793 926 1912 977 ἀφελεῖ
1931 923 2071 977 Φαραὼ
2089 924 2152 971 τὴν
2170 925 2325 977 κεφαλήν

281 997 317 1026 et
333 991 536 1041 suspendet
564 999 599 1028 te
624 992 665 1027 in
691 990 815 1042 lign0;
831 998 868 1027 et
887 989 1086 1027 comedent
1110 987 1230 1024 volu—
1300 999 1360 1022 σου
1381 985 1449 1022 ἀπὸ
1471 988 1544 1032 σοῦ,
1561 985 1620 1023 καὶ
1643 985 1813 1037 κρεμάσει
1832 1001 1871 1023 σε
1890 985 1947 1024 ἐπὶ
1964 985 2078 1033 ξύλου,
2097 986 2158 1024 καὶ
2178 987 2326 1038 φάγεται

280 1063 360 1088 cres
385 1051 471 1089 eceli
498 1065 634 1089 earnes
652 1060 740 1089 tuas
756 1065 781 1089 a
802 1060 850 1089 te.
871 1051 1020 1102 Propter
1038 1048 1107 1086 hoc
1122 1047 1225 1100 prius
1298 1044 1343 1082 τὰ
1363 1045 1464 1098 ὄρνεα
1488 1051 1548 1084 τοῦ
1579 1049 1722 1099 οὐρανοῦ
1750 1046 1812 1089 τὰς
1838 1045 1969 1099 σάρκας
2000 1062 2060 1084 σου
2080 1047 2150 1085 ἀπὸ
2167 1051 2239 1085 σοῦ.
2257 1047 2327 1087 Διὰ

281 1107 456 1159 dicebam,
479 1110 605 1161 inquit,
633 1125 703 1149 non
722 1125 742 1148 a
768 1110 904 1162 meipso
930 1109 1033 1147 vobis
1060 1107 1231 1161 praedico,
1296 1111 1396 1145 τοῦτο
1420 1106 1606 1158 προλαὸὼν
1634 1100 1749 1152 εἶπον,
1765 1107 1888 1158 φησὶν,
1908 1107 1962 1145 ὅτι
1993 1108 2056 1145 οὐκ
2083 1109 2147 1146 ἀπ’
2171 1108 2325 1158 ἐμαυτοῦ

281 1170 343 1208 sed
367 1185 599 1222 quaecumque
625 1174 722 1210 Deus
749 1170 959 1209 revelaverit
978 1185 986 1206 :
1007 1178 1047 1206 ut
1075 1169 1150 1207 sive
1166 1169 1231 1207 ho·
1297 1171 1409 1206 ταῦτα
1436 1170 1516 1219 ὑμῖν
1545 1167 1751 1220 προμηνύω,
1771 1169 1850 1206 ἀλλ’
1872 1168 1963 1220 άπερ
1984 1167 2024 1206 ἂν
2044 1171 2061 1206 ὃ
2080 1168 2170 1212 Θεὸς
2190 1171 2326 1208 ἀποκα-

281 1247 367 1272 1111111
387 1233 539 1285 aliquid,
564 1235 637 1273 sive
655 1234 790 1272 malum
808 1233 999 1286 praesignet
1011 1234 1230 1270 somniorum
1299 1230 1415 1282 λύψῃ,
1433 1229 1489 1268 ἵνα
1510 1229 1573 1268 κᾶν
1602 1229 1757 1283 χρηστόν
1782 1245 1817 1267 τι
1841 1229 2013 1282 ὑποφαίνῃ
2041 1231 2109 1268 τῶν
2140 1231 2326 1283 ὀνειράτων

280 1295 386 1346 visio,
408 1310 477 1334 non
495 1296 584 1333 mihi
600 1295 821 1334 adscribatis.
839 1295 918 1332 Non
933 1294 1027 1332 enim
1044 1308 1063 1331 a
1080 1308 1137 1331 me
1154 1293 1230 1332 haec
1297 1294 1318 1337 ἡ
1341 1292 1438 1343 ὄψις,
1458 1291 1523 1330 κᾶν
1545 1292 1582 1330 τὸ
1607 1291 1772 1339 ἐναντίον,
1795 1289 1843 1341 μὴ
1867 1291 1944 1341 ἐμοὶ
1964 1290 2166 1342 λογίσησθε.
2187 1293 2240 1330 Οὐ
2258 1291 2327 1345 γὰρ

280 1358 416 1409 loquor,
437 1357 499 1395 scd
526 1357 588 1394 illa
611 1357 713 1395 vobis
734 1356 888 1402 declaro,
910 1369 1145 1406 quaecumque
1163 1370 1228 1394 su-
1297 1352 1428 1392 οἴκοθεν
1451 1357 1562 1392 ταῦτα
1585 1353 1791 1406 φθέγγομαι,
1809 1353 1885 1390 ἀλλ’
1907 1354 2024 1391 ἐκεῖνα
2049 1355 2131 1404 ὑμῖν
2153 1355 2325 1406 διασαφῶ,

279 1433 386 1470 perna
416 1418 529 1471 gratia
555 1418 646 1456 mihi
669 1416 914 1455 manifestarit.
941 1418 1117 1455 Caeterum
1147 1431 1227 1454 cum
1241 1443 1288 1467 503
1299 1414 1388 1466 ἅπερ
1414 1413 1453 1452 ἂν
1486 1418 1508 1461 ἦ
1541 1415 1669 1453 ἄνωθεν
1702 1415 1804 1466 χάρις
1827 1413 2010 1459 κατάδηλα
2044 1414 2189 1466 ποιήσῃ.
2218 1414 2326 1453 Ἀλλὰ

277 1480 438 1518 adessent
463 1480 583 1518 statuti
613 1479 706 1526 dies,
736 1493 840 1531 opere
868 1478 1015 1530 impleta
1042 1487 1124 1516 sunt
1149 1493 1228 1529 quae
1251 1482 1275 1509 A
1298 1477 1360 1521 τῆς
1383 1476 1596 1528 προθεσμίας
1629 1475 1841 1523 ἐπιστάσης,
1864 1477 1912 1518 εἷς
1929 1474 2027 1528 ἔργον
2047 1474 2140 1526 ἐξῄει
2164 1475 2208 1512 τὰ
2227 1475 2325 1528 παρὰ

277 1541 409 1593 Joseph
430 1539 569 1578 dixerat
586 1549 641 1578 :et
660 1541 752 1578 sicut
775 1539 850 1592 ipse
866 1539 1118 1591 interpretatus
1141 1549 1227 1586 erat,
1296 1542 1355 1576 τοῦ
1381 1537 1512 1590 Ἰωσὴφ
1545 1537 1733 1590 εἰρημένα,
1762 1537 1821 1575 καὶ
1853 1535 1944 1574 καθὰ
1976 1535 2077 1579 αὐτὸς
2104 1535 2299 1588 συνέκρινεν
2315 1568 2324 1586 ,

276 1603 323 1640 ita
344 1602 491 1653 contigit
511 1602 667 1653 utrique,
689 1611 722 1639 et
742 1601 801 1638 ille
818 1600 964 1651 quidem
980 1599 1025 1638 ad
1039 1600 1228 1652 pristinam
1295 1598 1386 1637 οὕτω
1401 1600 1539 1651 γέγονεν
1560 1598 1768 1651 ἀμφοτέροις
1782 1628 1791 1646 ,
1812 1603 1826 1618 ³
1839 1598 1898 1636 καὶ
1917 1598 1952 1641 ὃς
1971 1597 2032 1647 μὲν
2053 1599 2100 1642 εἷς
2119 1597 2182 1645 τὴν
2198 1598 2326 1651 προτέ-

275 1662 382 1701 rediit
421 1662 651 1711 felicitatem,
693 1662 754 1700 hic
799 1671 918 1699 autem
962 1675 1105 1713 poenam
1146 1662 1225 1700 luit.
1298 1675 1358 1712 ραν
1388 1661 1578 1706 ἐπανῆλθεν
1607 1659 1815 1712 εὐημερίαν,
1835 1659 1870 1702 ὃς
1907 1659 1942 1697 δὲ
1970 1658 2034 1705 τὴν
2057 1659 2228 1711 τιμωρίαν
2250 1660 2324 1698 ἐδέ-

275 1725 338 1762 ⁶25.
359 1725 485 1762 Porro
509 1724 716 1777 praefectus
741 1725 1031 1775 pincernarum,
1057 1721 1119 1773 qui
1150 1732 1228 1760 tan·
1296 1720 1388 1765 ξατο.
1417 1720 1509 1759 Ἀλλ’
1539 1724 1556 1758 ὁ
1577 1720 1831 1773 ἀρχιοινοχόος,
1847 1722 1864 1757 ὃ
1887 1723 2040 1758 τοσαῦτα
2067 1720 2326 1772 παρακληθεὶς,

274 1796 347 1823 tam
370 1785 646 1824 consolationem
664 1793 856 1837 acceperat,
871 1797 949 1821 non
968 1792 1024 1821 est
1043 1785 1224 1822 recorda·
1294 1784 1356 1820 οὐκ
1376 1781 1552 1832 ἐμνήσθη,
1575 1782 1673 1834 φησὶ,
1696 1787 1756 1820 τοῦ
1784 1780 1932 1834 Ἰωσὴφ,
1956 1781 2031 1818 ἀλλ’
2052 1782 2239 1820 ἐπελάθετο
2263 1784 2326 1820 αὖ-

275 1857 335 1885 tus
353 1848 512 1899 Joseph,
533 1848 601 1885 sed
623 1846 764 1884 oblitus
785 1855 842 1885 est
863 1847 957 1898 ejus.
983 1845 1080 1883 Vide
1096 1845 1227 1885 iterum
1293 1848 1365 1882 τοῦ.
1381 1842 1478 1896 εὈρα
1507 1843 1613 1882 πάλιν
1638 1844 1695 1882 τὸν
1733 1843 1865 1881 δίκαιον
1891 1842 2051 1892 καθάπερ
2086 1844 2120 1880 ἐν
2149 1843 2326 1895 γυμνασία

269 1909 409 1960 justum
441 1908 478 1946 in
509 1907 687 1960 palaestrar
705 1907 824 1958 aliqua
860 1915 1064 1957 certantem,
1094 1916 1128 1945 et
1154 1922 1226 1946 suae
1294 1905 1362 1943 τινὶ
1389 1905 1449 1943 καὶ
1473 1903 1677 1957 παλαίστρᾳ
1710 1904 1978 1956 ἀγωνιζόμενον,
2005 1903 2064 1941 καὶ
2096 1907 2159 1950 τ-ἧς
2195 1903 2326 1947 οἰκείας

273 1969 418 2008 virtutis
438 1969 665 2007 exhibentem
687 1968 898 2021 specimina,
920 1983 991 2006 non
1009 1969 1225 2021 perturbari,
1296 1970 1421 2018 ἀρετῆς
1442 1965 1614 2010 ἀπόδειξιν
1632 1966 1888 2020 παρεχόμενον,
1905 1965 1964 2003 καὶ
1983 1965 2147 2016 οὐδεμίαν
2161 1965 2324 2018 ταραχὴν

273 2044 386 2082 neque
419 2030 656 2079 commoveri,
685 2044 798 2081 neque
823 2043 914 2082 aegre
943 2030 1046 2068 ferre.
1073 2031 1165 2068 Nam
1196 2030 1226 2069 si
1295 2027 1525 2079 ὑπομένοντα,
1541 2027 1616 2066 οὐδὲ
1632 2026 1882 2080 θορυὸούμενον
1902 2026 1960 2065 καὶ
1983 2028 2324 2079 δυσανασχετοῦντα.

275 2092 354 2143 quis
379 2106 423 2129 ex
452 2091 666 2142 x‘ulgaribus
691 2091 834 2141 fuisset,
859 2091 908 2129 ita
943 2091 1100 2130 fortassis
1133 2092 1226 2130 intra
1294 2083 1385 2127 Εἶπε
1403 2089 1470 2140 γὰρ
1491 2088 1530 2126 ἂν
1552 2089 1655 2133 ἄλλος
1680 2088 1767 2140 πρὸς
1783 2087 1904 2126 ἑαυτὸν
1923 2088 2018 2135 ἴσως,
2042 2089 2072 2125 εἰ
2092 2091 2157 2126 τῶν
2186 2089 2324 2126 πολλῶν

276 2166 312 2190 se
326 2152 477 2190 dixisset
498 2169 504 2188 :
523 2152 621 2198 Quid
634 2152 701 2190 hoc
727 2152 802 2189 rei?
819 2152 1005 2204 praefectus
1035 2152 1223 2204 pincerna·
1293 2166 1344 2193 τις
1364 2145 1425 2197 ἦν·
1445 2150 1478 2188 τί
1495 2155 1614 2197 τοῦτο,
1631 2153 1648 2188 ὅ
1670 2150 1732 2200 μὲν
1754 2148 2009 2201 ἀρχιοινοχόος,
2032 2148 2122 2186 καθὰ
2142 2149 2324 2201 συνέκρινα

276 2228 368 2263 rum,
389 2227 475 2251 mox
505 2222 544 2251 ut
572 2213 820 2265 interpretatus
844 2227 924 2250 sum
949 2213 980 2250 ei
1005 2214 1224 2252 somniorum
1246 2213 1270 2243 B
1294 2213 1389 2261 αὐτῷ
1410 2215 1470 2248 τοῦ
1505 2210 1634 2262 ὀνείρου
1656 2211 1718 2257 τὴν
1739 2211 1816 2262 ὄψιν
1832 2241 1840 2257 ,
1862 2209 2017 2248 oti—:fiaes
2044 2209 2132 2259 μετὰ
2153 2209 2324 2256 τοσαύτης

275 2274 459 2323 visionem,
475 2274 664 2327 pristinam
686 2273 890 2310 felicitatem
919 2274 1055 2326 accepit
1070 2290 1077 2310 :
1092 2284 1125 2312 et
1154 2289 1225 2313 non
1292 2270 1488 2322 ταχύτητος
1502 2273 1564 2317 τὴν
1579 2270 1751 2323 προτέραν
1769 2270 1979 2322 εὐημερίαν,
1997 2270 2056 2308 καὶ
2084 2270 2161 2309 οὐδὲ
2178 2270 2322 2322 μνήμην

275 2343 325 2371 est
345 2348 480 2371 memor
502 2334 577 2385 ejus
609 2332 670 2383 qui
699 2331 767 2369 sibi
786 2330 967 2384 praedixit.
992 2332 1056 2369 Ille
1080 2331 1225 2382 quidem
1292 2331 1482 2378 ἐποιήσατο
1502 2334 1585 2382 ἐμοῦ
1601 2337 1659 2370 τοῦ
1678 2331 1977 2384 προμηνύσαντος.
1992 2330 2084 2369 Ἀλλ’
2102 2334 2229 2375 ἐκεῖνος
2258 2332 2321 2383 μέν

274 2395 378 2433 solita
405 2395 571 2433 felicitate
601 2393 749 2442 fruitur,
778 2406 842 2444 ego
871 2402 1008 2442 autem,
1036 2394 1099 2444 qui
1134 2394 1225 2433 nihil
1294 2397 1386 2432 ἐστιν
1411 2395 1445 2432 ἐν
1468 2393 1769 2445 ἀνέσειτοσαότῃ·
1788 2392 1856 2444 ἐγὼ
1878 2392 1913 2429 δὲ
1930 2397 1948 2431 ὁ
1965 2392 2073 2443 μηδὲν
2090 2393 2246 2444 χαλεπὸν
2264 2395 2323 2445 ἐρ-

274 2456 360 2494 mali
375 2465 538 2508 operatus
553 2454 711 2504 sum,hic
721 2453 914 2492 concludor
928 2469 1010 2492 cum
1021 2455 1223 2506 homicidis,
1291 2455 1487 2506 γασάμενος
1520 2457 1665 2493 ἐνταῦθα
1698 2454 2000 2504 κατακέκλεισμαι
2031 2454 2122 2504 μετὰ
2156 2454 2322 2507 ἀνδροφό-

275 2532 355 2555 cum
374 2517 529 2567 furibus,
549 2530 630 2554 cum
651 2515 862 2563 latronibus,
880 2529 961 2553 cum
979 2515 1022 2554 iis
1041 2517 1100 2567 qui
1119 2517 1223 2555 1111111-
1292 2533 1360 2555 νων
1373 2545 1382 2563 ,
1405 2516 1494 2568 μετὰ
1519 2515 1762 2568 τυμὲωρύχων
1776 2547 1785 2564 ,
1815 2514 1904 2566 μετὰ
1936 2516 2095 2566 λῃστῶν,
2130 2514 2218 2566 μετὰ
2250 2517 2319 2553 τῶν

275 2592 370 2615 mera
384 2577 476 2614 mala
493 2576 754 2615 commiserunt.
771 2573 871 2611 Nihil
893 2573 1020 2611 horum
1042 2574 1097 2611 vel
1113 2574 1222 2625 djxit,
1293 2579 1400 2632 μυρία
1427 2578 1673 2632 ἐργασαμένων
1699 2577 1805 2615 κακά.
1827 2576 1936 2615 Οὐδὲν
1963 2576 2096 2614 τούτων
2120 2580 2181 2616 οὐκ
2208 2570 2318 2623 εἶπεν,

274 2639 332 2677 vel
349 2638 517 2691 cogitavit
541 2654 547 2674 :
574 2637 707 2675 sciebat
721 2636 815 2674 enim
835 2634 1008 2686 ampliora
1025 2634 1092 2672 sibi
1109 2635 1223 2674 stadia
1291 2642 1352 2678 οὐκ
1377 2640 1574 2687 ἐνενόησεν·
1594 2640 1670 2689 ᾔδει
1697 2639 1763 2692 γὰρ
1792 2637 1845 2676 ὅτι
1866 2637 1924 2675 καὶ
1947 2637 1989 2675 τὰ
2010 2637 2204 2688 σκάμματα
2223 2640 2317 2690 αὐτῷ

272 2699 388 2751 parari
394 2707 454 2748 ,ut
465 2697 623 2749 legitime
643 2693 808 2733 certando
830 2694 971 2732 clariori
991 2693 1222 2733 redimiretur
1292 2701 1490 2754 μακρότερα
1515 2700 1665 2752 ἐγίνετο,
1684 2699 1740 2737 ἵνα
1758 2699 1914 2749 νομίμως
1938 2698 2195 2750 ἀγωνισάμενος
2221 2700 2315 2749 λαμ-

272 2774 413 2798 corona.
1292 2763 1376 2815 πρὸν
1394 2762 1612 2809 ἀναόήσηται
1632 2762 1688 2800 τὸν
1710 2761 1894 2813 στέφανον.

324 2830 360 2865 5.
390 2827 581 2866 Considera
606 2827 700 2865 enim
724 2824 904 2877 quomodo
927 2834 1006 2878 post
1025 2825 1217 2864 restitutio·
1346 2823 1476 2861 Σκόπει
1493 2822 1560 2874 γάρ
1577 2837 1648 2872 μοι,
1673 2822 1761 2872 μετὰ
1778 2820 1839 2868 τὴν
1859 2820 2144 2858 ἀποκατάστασιν
2170 2820 2315 2865 ἐκείνου,

271 2904 349 2927 nem
366 2890 462 2927 illius
477 2889 548 2926 duo
561 2889 642 2926 anni
658 2887 900 2941 praeterierint.
915 2887 1110 2940 Oportebat
1123 2887 1216 2926 enim
1292 2885 1388 2939 φησὶ,
1411 2884 1468 2922 δύο
1489 2885 1548 2930 ἔτη
1570 2886 1746 2935 παρῆλθον
1773 2887 1925 2935 ἡμερῶν.
1948 2881 2048 2921 Ἔδει
2069 2882 2136 2934 γὰρ
2168 2884 2314 2932 ἀναμεῖ-

268 2950 463 3003 exspectari
494 2959 632 3001 tempus
651 2958 904 3001 opportunum,
924 2957 964 2986 ut
988 2948 1113 3001 majori
1133 2963 1216 2986 cum
1241 2963 1265 2994 C
1291 2963 1347 2985 ναι
1363 2945 1420 2983 τὸν
1439 2945 1558 2997 καιρὸν
1577 2944 1633 2982 τὸν
1651 2945 1866 2991 ἐπιτήδειον,
1882 2943 1974 2982 ὥστε
1988 2944 2076 2995 μετὰ
2091 2942 2314 2997 περιφανείας

267 3011 377 3064 gloria
393 3010 473 3049 inde
487 3011 703 3049 educeretur.
719 3011 756 3048 Si
772 3010 865 3048 enim
880 3010 1067 3062 praefectus
1083 3010 1215 3062 pincer-
1292 3010 1383 3060 αὐτῷ
1397 3007 1556 3059 γενέσθαι
1573 3005 1636 3053 τὴν
1652 3009 1780 3044 ἐκεῖθεν
1795 3006 1918 3051 ἔξοδον.
1929 3007 1973 3044 Εἰ
1990 3004 2052 3055 μὲν
2072 3004 2140 3057 γὰρ
2159 3004 2227 3056 πρὸ
2243 3006 2313 3041 τῶν

265 3084 390 3108 narum
417 3078 497 3106 ante
523 3069 658 3107 somnia
677 3068 872 3107 Pharaonis
892 3068 1109 3117 recordatus,
1129 3083 1208 3106 eum
1288 3069 1472 3121 ὀνειράτων
1487 3073 1546 3106 τοῦ
1562 3067 1699 3120 Φαραὼ
1719 3068 1950 3118 ὑπομνησθεὶς
1970 3070 1987 3105 ὃ
2003 3066 2240 3119 ἀρχιοινοχόος
2256 3064 2312 3102 διὰ

263 3130 421 3170 subsidio
434 3144 498 3169 suo
514 3130 707 3179 liberasset,
722 3131 879 3169 fortassis
894 3145 963 3169 non
980 3140 1052 3169 tam
1067 3130 1205 3183 perspi·
1287 3134 1349 3177 τῆς
1363 3129 1490 3174 οἰκείας
1508 3129 1723 3182 προστασίας
1743 3130 1843 3168 αὐτὸν
1864 3127 2079 3180 ἠλευθέρωσε
2099 3130 2157 3165 τοῦ
2175 3127 2310 3177 δεσμω-

303 3265 315 3280 ε
340 3253 441 3289 Savil.
460 3261 493 3286 et
505 3255 648 3297 quinque
661 3253 736 3285 Mss.
756 3260 809 3293 τὴν
825 3259 893 3299 περὶ
909 3257 1025 3288 τούτου.
1297 3264 1374 3285 xero
1390 3253 1595 3295 suspicemur
1610 3254 1726 3285 vitium
1747 3259 1861 3286 vetant
1875 3250 2048 3284 Editiones
2070 3250 2146 3283 Sav.
2165 3257 2198 3282 et
2211 3249 2308 3289 Mor„

299 3308 314 3332 (Ι
340 3306 442 3341 Savil.
460 3315 493 3340 et.
508 3305 576 3339 duo
589 3306 664 3339 Mss.
681 3312 730 3340 καὶ
749 3312 869 3351 ἀφαιρεῖ
883 3314 1006 3352 Φαραώ.
1296 3316 1473 3348 omnesque
1492 3317 1625 3347 prorsus
1642 3304 1869 3347 Manuscripti.
1889 3302 2006 3346 [Savil.
2024 3310 2133 3336 tamen
2152 3302 2184 3334 in
2200 3311 2305 3344 marg.

298 3371 310 3385 ὅ·
335 3366 390 3394 καὶ
418 3365 448 3399 ὃς
474 3364 529 3403 μὲν
556 3365 593 3397 εἰς
613 3365 705 3397 τὴν...
726 3362 755 3396 ὃς
781 3362 822 3392 δέ.
841 3359 904 3390 Res
917 3359 1054 3391 omnino
1068 3368 1152 3391 nova
1170 3356 1259 3400 apud
1294 3368 1310 3390 e
1335 3368 1403 3391 var.
1421 3356 1496 3391 lect.
1513 3362 1527 3391 ὁ
1542 3365 1608 3398 μέν.
1626 3357 1636 3398 ]

253 3413 540 3458 chrysostomum,
556 3415 585 3450 ὃς
598 3421 714 3454 nempe
735 3408 785 3443 bis
799 3410 975 3452 repetitum
991 3409 1120 3443 articuli
1132 3410 1213 3450 vico,
1227 3420 1266 3442 uc
