2516 3791
92 745 118 764 1.
135 735 272 776 Cor.2.9.

82 1170 155 1198 Luc.
169 1179 219 1198 21.
237 1180 268 1200 2.

78 1903 153 1931 Gt'll.
187 1904 258 1933 1,3.

74 1943 104 1971 6.
125 1944 174 1973 26.

67 2873 123 2901 Vis
147 2876 254 2903 oratio-

64 2917 110 2942 nis
153 2917 254 2945 Eccle-

61 2957 124 2986 sim,

295 141 387 205 754
712 159 750 191 S.

289 239 490 291 pullulant;
513 253 582 279 non
599 249 717 291 aestus,
754 255 824 279 non
850 240 986 293 pluviae
1003 240 1137 289 nimiae,
1169 253 1241 278 non

788 160 977 191 JOANMS
1011 157 1263 188 CHRYSOST.
1300 159 1515 191 ARCmEP.
1553 162 1914 203 CONSTANTINOP.

1313 241 1374 280 καὶ
1397 244 1460 281 οὐκ
1488 243 1638 297 αὐχμὸν,
1665 247 1726 285 οὐκ
1756 247 1970 301 ἐπομὸρίας,
2000 251 2061 288 οὐκ
2092 251 2268 302 ἔρυσίὸην,
2296 255 2334 291 οὐ

289 313 408 349 eruca,
424 300 482 338 vel
508 300 656 352 grando,
687 301 744 340 vel
773 301 994 339 locustarum
1014 313 1155 351 agmen,
1182 299 1240 340 vel
1266 309 1290 338 E
1308 303 1483 355 χάλαζαν,
1498 307 1559 344 οὒκ
1577 306 1717 358 ἀκρίδος
1733 309 1978 360 στρατόπεδον,
2003 313 2042 349 οὔ
2068 315 2234 362 ποταμῶν
2255 315 2333 352 ἐπι-

289 360 485 399 fluviorum
505 361 767 410 inundationes,
793 362 850 399 vel
878 370 1003 399 caetera
1032 361 1240 414 hujusmodi

296 421 485 460 metuenda
508 431 590 458 sunt
619 420 747 458 serenti
754 436 767 471 ,-
796 419 857 458 sed
879 435 957 472 quae
978 421 1030 459 ibi
1043 422 1140 474 jacta
1158 430 1241 460 sunt

289 483 435 531 semina,
457 482 549 519 nulli
563 481 733 533 perniciei
767 491 851 520 sunt
873 482 1040 521 obnoxia.
1059 484 1151 521 Cum
1169 483 1239 535 igi-

289 556 350 583 tur
375 560 438 583 nce
467 545 582 594 labor,
613 559 677 582 nee
715 545 933 597 periculum,
967 562 1032 586 nec
1064 548 1236 601 suspicio,

287 621 399 657 neque
409 607 550 658 jactura
573 606 753 659 quaepiam
767 607 879 658 adsit3
895 609 959 647 sed
978 610 1074 661 jacto
1106 610 1239 648 semine

287 668 392 718 longe
421 666 526 718 plura
573 676 774 716 nascantur,
809 677 843 706 et
880 678 978 708 tanta
1005 670 1090 708 hinc
1118 671 1238 723 pullu-

285 728 358 765 lent
375 728 484 777 bona,
507 728 600 778 Quoe
617 742 686 766 nec
711 729 844 767 oculus
871 731 986 778 vidit,
1028 745 1097 769 nec
1130 734 1238 769 auris

1312 366 1450 408 κλύσεις
1462 396 1472 414 ,
1491 367 1554 405 οὐκ
1568 367 1654 405 ἄλλο
1669 384 1704 406 τι
1718 369 1814 408 οὐδὲν
1829 372 1901 408 ἐκεῖ
1916 371 2121 424 σπείροντάς
2135 375 2210 411 ἐστι
2226 374 2334 426 ’φοὸη-

1312 425 1413 471 θῆναί
1430 443 1534 465 ποτε·
1555 428 1646 466 ἀλλὰ
1663 429 1780 478 πάσης
1799 431 1962 484 ἀνωτέρω
1982 433 2114 484 βλάὸης
2140 434 2266 482 ἕστηκε
2288 435 2334 474 τὰ

1311 487 1382 524 ἐκεῖ
1402 488 1692 540 καταὸαλλόμενα
1720 491 1918 545 σπέρματα.
1935 493 2046 532 εὈταν
2076 489 2134 532 οῧν
2153 495 2242 545 μήτε
2267 496 2332 534 πό-

1313 562 1386 593 νος,
1405 549 1494 599 μήτε
1515 550 1688 597 κίνδυνος,
1709 552 1798 603 μήτε
1813 553 1945 606 ὑποψία
1959 584 1968 602 ,
1987 555 2077 605 μήτε
2091 555 2264 608 ὖποτυχία
2281 573 2334 601 τις

1311 602 1356 660 ᾖ,
1376 610 1435 647 καὶ
1462 613 1582 664 πολλῷ
1603 613 1747 651 πλείονα
1763 616 1832 652 τῶν
1852 615 2170 667 καταὲαλλομένων
2188 616 2333 668 γένηται

1310 669 1355 706 τὰ
1366 671 1537 723 φυόμενα,
1551 673 1610 711 καὶ
1626 678 1777 712 τοσαῦτα
1797 672 1975 728 βλαστάνῄ
1994 676 2126 727 ἀγαθὰ,
2141 675 2239 716 “Oca
2255 678 2332 717 οὔτε

1309 733 1485 784 ὀφθαλμὸς
1515 728 1614 780 εἶδεν,
1646 729 1724 773 οὔτε
1743 730 1799 780 οῧς
1825 736 1984 783 ἤκουσεν,
2002 737 2081 776 οὔτε
2110 738 2167 776 ἐπὶ
2187 739 2331 790 καρδίαν

285 790 449 834 audivit,
475 802 552 826 ‘nec
585 791 626 826 in
660 803 726 827 cor
757 791 924 830 hominis
945 793 1200 830 ascenderunt
1223 809 1234 829 .·
1251 829 1297 854 ⁶51
1312 793 1492 846 ἀνθρώπου
1516 796 1642 844 ἀνέὲη,
1660 800 1735 841 πῶς
1753 799 1815 836 οὔκ
1835 797 1875 836 ἂν
1895 797 1948 844 εἴη
1971 799 2140 852 ῥᾳθυμίας
2158 800 2331 852 ἐσχάτης,

285 863 400 887 annon
425 858 591 886 extremae
618 849 772 900 ignaviae
802 851 924 902 suerit,
959 852 1081 891 relicto
1118 854 1233 905 majo·
1262 866 1288 895 Α
1310 855 1350 893 τὸ
1366 855 1471 894 πλέον
1491 857 1652 910 ἀφέντας,
1667 859 1707 897 τὸ
1725 859 1868 897 ἔλαττον
1885 859 2033 908 διώκειν,
2046 861 2106 899 καὶ
2123 860 2163 899 τὸ
2182 861 2334 913 ἀσφαλὲς

284 925 332 960 re,
358 910 395 948 id
426 910 525 961 quod.
558 909 676 948 minus
712 919 763 948 est
795 914 974 965 persequi,
1005 924 1040 952 et
1074 929 1114 953 eo
1138 915 1237 966 quod

283 983 401 1011 tutum
415 981 489 1010 erat
510 971 660 1021 deserto,
681 972 828 1024 incerta,
868 976 1039 1027 periculis
1065 977 1182 1029 plena,
1202 986 1236 1014 et

284 1036 486 1074 infortuniis
509 1032 632 1070 multis
663 1033 819 1074 obnoxia
844 1036 972 1076 adire?
1014 1039 1103 1086 Quae
1133 1038 1235 1077 nobis

282 1097 387 1135 venia
403 1098 443 1137 id
457 1102 656 1153 agentibus,
667 1117 745 1154 quae
756 1100 963 1140 excusatio?
982 1101 1235 1152 Paupertatem

283 1158 509 1199 obtendimus
532 1178 540 1198 :
570 1172 607 1200 at
630 1163 862 1215 pauperiores
892 1175 961 1199 non
979 1175 1102 1198 sumus
1122 1161 1234 1200 vidua

282 1219 356 1269 illa,
375 1235 455 1271 quae
472 1236 555 1261 cum
575 1223 647 1262 (luo
664 1225 780 1262 solum
796 1224 935 1262 minuta
966 1223 1127 1274 haberet,
1156 1223 1233 1262 haec

285 1280 465 1333 deposuit.
485 1285 588 1322 Illius
608 1285 728 1336 itaque
744 1285 891 1325 divitias
910 1285 1132 1335 aemulemur,
1150 1285 1232 1322 imi-

279 1351 398 1380 temur
416 1345 588 1396 propositi
606 1346 923 1398 magnificentiam,
943 1355 982 1384 ut
1009 1346 1162 1398 reposita
1177 1346 1232 1384 illi

278 1402 371 1440 bona
406 1417 691 1455 consequamur:
720 1421 799 1457 quae
836 1422 900 1445 nos
929 1421 1051 1444 omnes
1079 1406 1232 1459 adipisci

278 1464 472 1515 contingat,
494 1466 608 1516 gratia
629 1476 663 1504 et
681 1467 901 1519 benignitate
934 1467 1082 1505 Domini
1119 1468 1231 1506 nostri

277 1524 361 1562 Jesu
382 1525 532 1574 Christi,
553 1541 635 1564 cum
654 1541 724 1578 quo
754 1528 873 1576 Patri,
894 1527 1072 1578 simulque
1110 1537 1231 1566 sancto
1262 1569 1265 1571 ,

1255 1597 1280 1628 Β
1307 1589 1387 1634 δόξα
1400 1620 1410 1637 ,
1435 1591 1580 1643 κράτος,
1594 1592 1702 1643 τιμὴ,
1721 1598 1778 1632 ν’ῦν
1791 1593 1850 1631 καὶ
1870 1593 1946 1642 ἀεὶ,
1963 1594 2023 1631 καὶ
2041 1596 2089 1637 εἷς
2110 1591 2188 1636 τοὺς
2204 1595 2331 1636 αἰῶνας

276 1585 442 1637 Spiritui,
459 1587 585 1638 gloria,
608 1587 813 1639 imperium,
830 1588 958 1638 honor,
970 1602 1066 1627 nunc
1088 1598 1122 1627 et
1141 1603 1231 1628 sem-

215 1658 224 1669 ·
276 1659 354 1698 per,
375 1654 408 1683 et
427 1646 464 1684 in
478 1647 606 1685 saecula
618 1648 844 1687 saeculorum.
865 1650 989 1686 Amen.

623 1779 791 1818 SERMO
821 1779 870 1817 ΙΙ.

277 1889 356 1926 Cur
375 1891 417 1926 in
433 1889 514 1927 sole
533 1897 569 1927 et
587 1890 685 1927 luna
700 1898 738 1928 et
752 1891 848 1928 coelo
874 1898 911 1928 et
933 1891 1023 1929 aliis
1057 1893 1199 1932 dioeerit
1216 1910 1227 1931 .-

326 1950 418 2000 Fiat,
432 1953 474 1987 in
490 1951 646 1988 homine
664 1959 807 1997 autem,
826 1951 1014 1990 Faciamus
1028 1967 1041 2003 3
1057 1961 1093 1991 et
1114 1955 1226 2006 quid-

329 2026 422 2049 nam
444 2014 495 2049 sit
514 2012 630 2059 illud,
654 2011 708 2049 Ad
725 2012 931 2064 imaginem.

326 2124 361 2159 1.
398 2122 583 2174 Numquid
613 2124 824 2162 meministis
857 2125 1113 2175 quaestionum,
1147 2142 1226 2178 quae

270 2183 373 2221 vobis
394 2196 508 2235 nuper
541 2193 622 2222 sunt
654 2184 875 2235 propositae?
902 2188 942 2224 In
977 2195 1111 2224 tantam
1131 2188 1226 2226 enim

270 2244 511 2295 arrogantiam
544 2253 578 2282 et
604 2244 790 2282 audaciam
827 2259 889 2283 nos
920 2247 1150 2298 provexistis,
1186 2257 1225 2286 ut

270 2305 482 2355 qil-‘ustiones
501 2304 676 2356 intrepide
692 2305 942 2355 aggrediamur
966 2323 973 2342 :
996 2307 1068 2345 imo
1085 2321 1145 2345 nec
1160 2323 1224 2346 au-

269 2364 380 2402 daciae
398 2379 461 2402 nec
483 2365 693 2416 arrogantiae
710 2365 746 2403 id
764 2366 902 2404 facinus
917 2376 980 2405 est.
1019 2369 1097 2405 Non
1127 2370 1223 2407 enim

268 2425 408 2464 viribus
422 2426 551 2463 nostri's
572 2425 804 2477 confidentes,
826 2427 888 2465 sed
911 2427 1110 2467 antistitum
1142 2444 1223 2481 pre-

269 2486 369 2525 cibus
385 2502 426 2525 ac
445 2487 572 2527 vestris
587 2488 707 2525 omnia
727 2487 984 2526 committentes
1003 2489 1048 2526 ad
1067 2490 1222 2529 stadium

267 2562 330 2586 nos
357 2548 593 2587 accinximus.
621 2548 737 2586 Tanta
774 2563 879 2600 porro
903 2550 959 2588 ris
992 2559 1043 2588 est
1076 2565 1221 2602 precum

267 2609 449 2658 Ecclesiae,
467 2618 506 2646 ut
526 2608 608 2646 licet
622 2608 737 2660 magis
758 2609 848 2651 muti
869 2624 976 2660 quam
1006 2610 1141 2663 lapides
1167 2627 1221 2651 es-

265 2685 398 2721 semus,
421 2685 534 2723 penna
551 2671 677 2721 quavis
691 2671 860 2710 leviorem
878 2672 1039 2724 linguam
1064 2683 1220 2712 nostram

266 2731 433 2769 efficiant.
453 2732 545 2768 Nam
560 2732 650 2769 sicut
666 2732 702 2770 in
718 2732 835 2770 media
856 2734 938 2771 navi
957 2733 1119 2773 incidens
1142 2736 1219 2776 vela

267 2793 444 2845 zephyrus
460 2792 588 2843 sagitta
613 2794 772 2833 velocius
807 2795 975 2847 cymbam
1005 2807 1189 2849 promovet
1210 2814 1218 2835 τ

267 2853 318 2890 sic
338 2853 426 2890 etin
461 2853 621 2904 linguam
651 2854 801 2893 dicentis
832 2855 990 2895 incidens
1015 2858 1128 2897 oratio
1150 2858 1220 2897 Ec-

267 2914 397 2962 clesiae‚
414 2914 659 2954 vehementius
674 2931 782 2967 quam
808 2918 986 2970 zephyrus
1021 2933 1219 2959 sermonem

266 2984 462 3027 promovet.
487 2978 674 3029 Pr‹›p5erea
701 2991 764 3015 nos
780 2979 887 3016 etiam
915 2979 1077 3031 quotidie
1105 2982 1220 3020 confi-

265 3036 388 3074 denter
402 3036 449 3074 ad
461 3046 634 3074 certamen
659 3052 720 3076 nos
734 3039 963 3091 accingimus.
997 3040 1036 3079 Si
1067 3041 1161 3080 enim
1179 3043 1216 3080 in

265 3097 419 3135 externis
435 3097 684 3136 certaminibus
698 3099 888 3151 quispiam,
911 3101 969 3138 eui
989 3100 1111 3140 decem
1142 3111 1220 3141 tan-

265 3167 340 3196 tum
359 3168 420 3196 aut
440 3158 566 3210 viginti
604 3158 733 3196 fuerint
763 3160 868 3198 amici
888 3160 925 3198 in
953 3170 1050 3200 tanto
1069 3163 1216 3215 populo,

265 3219 427 3258 alacriter
460 3219 494 3257 in
531 3233 673 3258 arenam
709 3220 889 3259 descendit
909 3237 916 3258 :
952 3223 1064 3261 multo
1104 3225 1219 3276 magis

310 3362 319 3375 ’Ἰ
346 3353 425 3393 Κομ.
448 3355 494 3385 ὖίιο
509 3355 644 3398 δηνάρια,
664 3359 695 3383 et
711 3363 786 3384 mox
803 3358 897 3388 ταῦτα
915 3359 1074 3389 κατὲὃκλ-ῑ.

1310 917 1586 967 καταλιπόντας,
1611 920 1650 957 τὸ
1681 921 1826 958 ἄπιστον
1856 920 1915 958 καὶ
1939 921 2105 959 κινδύνων
2135 921 2242 972 γέμον
2273 922 2332 960 καὶ

1308 977 1440 1021 πολλὰς
1456 979 1538 1031 ἔχον
1554 982 1746 1033 ἀποτυχίας
1762 981 1939 1032 μετιέναι;
1959 982 2023 1025 Τίς
2039 982 2106 1035 γὰρ
2125 986 2209 1033 ἡμῖν
2234 983 2332 1022 ἔσται

1309 1040 1498 1092 συγγνώμη
1517 1047 1618 1080 τοῦτο
1635 1046 1794 1090 ποιοῦσι,
1822 1043 1905 1081 ποία
1929 1043 1964 1080 δὲ
1992 1044 2162 1094 ἀπολογία
2170 1061 2181 1092 ;
2202 1045 2332 1084 Πενίαν

1307 1101 1579 1153 προὸαλλόμεθα
1613 1103 1768 1146 πάντως·
1804 1105 1880 1141 ἀλλ’
1907 1105 1970 1141 οὐκ
2000 1104 2106 1154 ἐσμὲν
2131 1107 2194 1151 τῆς
2219 1106 2333 1158 χήρας

1308 1162 1442 1210 ἐκείνης
1461 1163 1682 1217 πενέστεροι,
1703 1164 1724 1211 ἣ
1745 1169 1759 1184 ³
1775 1164 1834 1202 δύο
1859 1164 1971 1204 λεπτὰ
1990 1165 2117 1217 ἔχουσα
2148 1165 2254 1215 μόνα,
2272 1165 2332 1203 καὶ

1305 1226 1417 1261 ταῦτα
1444 1225 1670 1263 κατεδάλε-ο,
1711 1224 1936 1276 Ζηλώσωμεν
1969 1226 2080 1264 τοίνυν
2114 1225 2248 1272 ἐκείνης
2271 1224 2330 1263 τὸν

1306 1286 1466 1332 πλοῦτον,
1488 1286 1725 1338 μιμησώμεθα
1751 1289 1814 1333 τῆς
1832 1286 2066 1340 προαιρέσεως
2094 1286 2157 1334 τὴν
2182 1287 2332 1338 μεγαλο-

1306 1348 1378 1398 ψυχ
1382 1346 1450 1392 ίαν,
1474 1346 1530 1385 ἵνα
1547 1347 1606 1386 καὶ
1622 1351 1690 1385 τῶν
1710 1347 1822 1401 ἐκείνῃ
1843 1347 2084 1399 ἀποκειμένων
2101 1350 2239 1399 ἀγαθῶν
2260 1350 2334 1386 ἐπι-

1304 1406 1492 1460 τύχωμεν·
1526 1402 1573 1446 ὧν
1606 1408 1740 1459 γένοιτο
1767 1409 1899 1453 πάντας
1930 1412 2024 1460 ἡμᾶς
2056 1409 2332 1457 καταξιωθῆναι,

1304 1467 1425 1520 χάριτι
1455 1468 1515 1506 καὶ
1551 1470 1792 1524 φιλανθρωπίᾳ
1830 1475 1890 1508 τοῦ
1919 1470 2049 1523 Κυρίου
2085 1472 2186 1521 ἡμῶν
2216 1469 2332 1516 Ἰησοῦ

1308 1530 1482 1581 Χριστοῦ,
1499 1531 1575 1580 μεθ’
1595 1525 1632 1569 οῧ
1653 1533 1703 1583 τῷ
1718 1532 1848 1585 Πατρὶ,
1861 1531 1936 1581 ἅμα
1951 1534 2002 1583 τῷ
2023 1530 2110 1584 ἁγίῳ
2134 1530 2331 1582 Πνεύματι,

1306 1654 1375 1689 τῶν
1394 1651 1541 1690 αἰώνων.
1561 1652 1683 1703 Ἀμήν.

1695 1786 1862 1825 ΛΟΓΟΣ
1891 1785 1936 1837 β’.

1307 1891 1355 1929 Τ’
1373 1890 1502 1938 δήποτε
1516 1890 1573 1930 ἐπὶ
1590 1889 1651 1941 μὲν
1665 1890 1765 1938 ἡλίου
1780 1890 1840 1928 καὶ
1860 1889 2008 1937 σελήνης
2027 1889 2092 1930 καὶ
2111 1892 2255 1943 οὐρανοῦ
2270 1892 2331 1930 καὶ

1360 1955 1428 1990 τῶν
1446 1952 1562 1990 ἄλλων
1582 1946 1658 1990 εἶπε
1668 1982 1678 2000 ,
1694 1951 1880 1999 Γενηθήτω
1894 1966 1902 1974 ·
1919 1951 1978 1990 ἐπὶ
1997 1951 2033 1990 δὲ
2050 1956 2109 1990 τοῦ
2127 1951 2308 2004 ἀνθρώπου
2320 1981 2331 2000 ,

1356 2013 1590 2065 Ποιήσωμεν,
1605 2012 1666 2052 καὶ
1689 2013 1724 2051 τί
1744 2012 1831 2051 ποτέ
1857 2014 1931 2051 ἐστι
1949 2012 2008 2062 τὸ,
2021 2015 2110 2052 Κατ’
2130 2013 2257 2054 εἰκόνα.

1354 2119 1393 2164 ηἾἈ
1401 2143 1443 2180 ρα
1464 2125 1643 2177 μέμνησθε
1655 2127 1724 2163 τῶν
1748 2126 1960 2176 ζητημάτων
1977 2128 2046 2164 τῶν
2062 2126 2185 2180 πρῴην
2204 2143 2328 2180 προτε-

1301 2186 1427 2225 θέντων
1458 2189 1561 2238 ὓμῖν,
1590 2189 1653 2230 Εἰς
1673 2192 1834 2225 τοσοῦτον
1871 2186 1938 2239 γὰρ
1958 2191 2053 2238 ἡμᾶς
2079 2188 2242 2232 ἀπονοίας
2269 2190 2328 2228 καὶ

1250 2264 1274 2295 C
1298 2248 1431 2298 τόλμης
1449 2248 1603 2299 ἐπάρατε
1618 2276 1627 2294 ,
1643 2249 1690 2290 ὡς
1705 2247 1764 2285 καὶ
1780 2248 1990 2299 ζητημάτων
2008 2248 2076 2295 ἤδη
2090 2251 2328 2303 κατατολμᾷν·

1301 2309 1432 2358 μᾶλλον
1453 2308 1488 2346 δὲ
1508 2310 1571 2346 οὐκ
1599 2307 1638 2345 ἂν
1665 2307 1718 2354 εἴη
1746 2308 1898 2358 τόλμης,
1921 2308 1996 2347 οὐδὲ
2025 2309 2188 2354 ἀπονοίας
2210 2315 2326 2349 τοῦτο.

1299 2372 1351 2408 Οὐ
1365 2369 1432 2423 γὰρ
1451 2370 1562 2422 οἰκείᾳ
1580 2370 1724 2420 δυνάμει
1736 2371 1971 2422 θαρρήσαντες
1984 2401 1994 2418 ,
2010 2370 2102 2409 ἀλλὰ
2116 2377 2191 2415 ταῖς
2209 2373 2328 2424 εὐχαῖς

1297 2434 1365 2469 τῶν
1380 2431 1557 2484 προέδρων
1573 2430 1633 2470 καὶ
1648 2436 1723 2474 ταῖς
1737 2431 1924 2484 ὑμετέραις
1937 2431 1977 2470 τὸ
1995 2438 2064 2470 πᾶν
2085 2432 2328 2486 ἐπιῤῥίψαντες

1298 2491 1549 2543 ἀπεδυσάμεθα
1578 2492 1664 2544 πρὸς
1691 2492 1731 2531 τὸ
1762 2492 1915 2531 στάδιον.
1936 2491 2037 2544 Εὖχὴ
2058 2491 2094 2530 δὲ
2114 2491 2328 2541 Ἔκκλησίας

1295 2557 1456 2591 τοσοῦτον
1477 2553 1636 2600 δύναται,
1658 2555 1705 2596 ὡς
1724 2555 1753 2591 εἶ
1778 2553 1837 2590 καὶ
1857 2552 1962 2591 λίθων
1982 2547 2071 2602 ιἦμεν
2093 2554 2325 2605 ἀφωνότεροι,

1295 2618 1422 2665 πτεροῦ
1447 2614 1574 2656 παντὸς
1604 2608 1816 2666 κουφοτέραν
1841 2617 1926 2664 ἡμῖν
1945 2613 2009 2660 τὴν
2035 2615 2194 2665 γλῶτταν
2224 2615 2326 2667 ἐργά-

1296 2677 1433 2712 σασθαι.
1457 2674 1596 2727 Ἰξσπερ
1614 2674 1682 2726 γὰρ
1703 2673 1842 2726 ζέφυρος
1871 2676 1918 2718 εἷς
1950 2673 2040 2724 μέσα
2068 2676 2131 2721 τῆς
2154 2675 2235 2722 νηὸς
2264 2678 2326 2728 ἒμ-

1294 2733 1409 2772 πεσὼν
1441 2734 1484 2772 τὰ
1521 2734 1633 2782 ἱστία,
1667 2734 1787 2785 βέλους
1818 2733 1975 2787 ὀξύτερον
2015 2735 2246 2787 παραπέμπει
2285 2737 2325 2776 τὸ

1295 2796 1442 2848 σκάφος·
1473 2796 1564 2833 οὔτω
1593 2796 1652 2834 καὶ
1673 2795 1887 2842 Ἐκκλησίας
1915 2795 2002 2848 εὐχὴ
2031 2798 2077 2840 εἷς
2098 2796 2160 2844 τὴν
2178 2801 2239 2835 τοῦ
2266 2797 2323 2836 λέ-

1294 2871 1411 2907 γοντος
1430 2858 1631 2907 ἐμπεσοῦσα
1648 2858 1820 2908 γλῶτταν,
1847 2856 1992 2911 ζεφύρου
2013 2856 2238 2909 σφοδρότερον
2255 2872 2322 2896 πα-

1246 2932 1271 2962 1)
1297 2917 1473 2971 ραπέμπει
1504 2917 1562 2955 τὸν
1594 2917 1707 2968 λόγον.
1734 2917 1798 2956 Διὸ
1833 2918 1892 2955 καὶ
1922 2921 2024 2968 ἡμεῖς
2057 2921 2133 2956 καθ’
2170 2917 2321 2965 ἑκάστην

1293 2979 1429 3033 ἡμέραν
1467 2982 1671 3032 θαρροῦντες
1703 2977 1936 3030 ἀποδυόμεθα.
1974 2981 2018 3017 Εἰ
2058 2979 2126 3033 γὰρ
2168 2979 2226 3017 ἐπὶ
2251 2981 2320 3017 τῶν

1293 3042 1414 3086 ἔξωθεν
1432 3041 1572 3094 ἀγώνων
1588 3041 1672 3079 δέκα
1688 3057 1740 3086 τις
1755 3041 1871 3092 μόνον,
1894 3040 1916 3087 ἢ
1937 3040 2046 3079 εἴκοσι
2062 3040 2151 3093 ἔχων
2172 3039 2322 3091 ἐραστὰς

1293 3104 1326 3140 ἐν
1342 3103 1443 3156 δήμῳ
1462 3103 1632 3157 τοσούτῳ,
1654 3103 1744 3154 μετὰ
1763 3102 1956 3154 προθυμίας
1977 3104 2024 3145 εἰς
2041 3102 2098 3140 τὸν
2114 3104 2232 3153 ἀγῶνα
2254 3101 2319 3139 κά-

1290 3180 1380 3203 τεισι
1391 3181 1398 3188 ·
1416 3167 1534 3217 πολλῷ
1553 3167 1684 3216 μᾶλλον
1700 3169 1823 3216 ἡμεῖς,
1836 3162 1923 3202 ὅπου
1938 3166 1976 3201 οὖ
1996 3162 2080 3201 δέκα
2092 3192 2101 3209 ,
2117 3163 2194 3201 οὐδὲ
2210 3162 2319 3201 εἴκοσι

1291 3225 1410 3276 μόνον,
1430 3228 1507 3265 ἀλλ’
1526 3227 1618 3265 ἅπαν
1635 3231 1720 3277 ἡμῖν
1735 3226 1774 3265 τὸ
1793 3225 1934 3277 θέατρον
1950 3224 1985 3269 ἐξ
2005 3225 2161 3276 ἀδελφῶν
2178 3224 2236 3262 καὶ
2251 3239 2314 3261 πα-
