2516 3791
112 1120 187 1146 Gen.
204 1115 252 1146 28.

114 1160 160 1189 15.

296 149 390 195 (328
740 164 778 195 s.

301 261 486 300 vesperam
513 256 690 297 maneant,
715 261 795 298 quae
835 256 915 299 post
949 245 1061 282 multa
1094 253 1254 294 tempora

303 318 452 347 ventura
467 317 564 356 sunt,
587 308 622 346 in
641 308 753 346 literis
773 307 848 345 suis
864 305 1092 356 consignant:
1108 304 1148 341 Si
1165 303 1256 340 libe-

304 373 356 409 ris
382 383 532 416 carens,
555 368 682 419 inquit,
704 369 910 419 defunctas
924 366 1055 417 fuerit
1070 379 1081 399 :
1097 366 1131 401 si
1141 363 1255 415 filios

305 433 498 478 habuerit,
517 439 550 468 et
565 442 798 481 quaecumque
814 426 910 464 talia.
925 428 972 463 At
982 424 1043 462 hic
1056 423 1148 462 nihil
1171 424 1252 474 tale,

304 492 365 531 sed
383 506 466 530 cum
491 491 633 541 utrique
663 502 764 527 suam
784 486 952 525 ancillam
972 485 1142 532 dedisset,
1162 485 1257 524 filias

305 552 456 591 elocavit
474 561 583 604 pater.
602 551 666 587 50.
689 549 842 587 Dilexit
864 556 1009 594 autem,
1029 547 1160 598 inquit,
1179 549 1257 585 Ra-

305 615 393 651 chel
406 615 528 663 magis
546 624 665 662 qaam
678 611 792 646 Liam
808 624 818 645 :
836 617 874 646 et
888 610 1047 646 servivit
1062 611 1099 646 ei
1113 617 1257 661 septem

305 676 420 711 annis
437 672 540 708 aliis.
556 669 651 715 Quia
665 668 760 706 enim
774 668 820 705 ab
836 667 939 706 initio
952 667 1135 706 adamavit
1153 668 1255 720 puel-

305 736 375 771 lam
390 741 533 784 propter
546 739 731 768 venustam
747 730 910 779 sormam,
919 739 952 767 et
966 729 1033 767 vix
1045 744 1123 767 eam
1137 743 1259 767 conse-

305 803 438 845 quutus
457 802 508 830 est
525 809 532 829 :
551 791 629 829 ideo
652 806 731 829 eam
747 791 860 843 magis
874 790 1003 828 dilexit
1019 805 1127 841 quam
1142 791 1255 828 Liam.

306 855 447 893 Etenim
469 854 566 892 illius
580 863 748 893 venustas
761 852 886 890 allexit
902 867 983 890 eum
994 852 1042 890 ad
1055 866 1132 890 eam
1142 866 1259 889 aman-

306 916 400 954 dam.
419 917 558 955 Verum
580 915 640 952 hic
667 915 797 952 iterum
819 914 901 952 vide
922 913 1067 951 Domini
1094 913 1259 951 ineffabi-

306 977 377 1015 lem
409 976 703 1024 misericordiam,
729 985 762 1013 et
786 975 966 1026 quomodo
996 989 1076 1025 quae
1107 974 1154 1011 ab
1183 974 1261 1026 ipso

310 1039 449 1075 fuerant
473 1037 649 1090 promissa
680 1037 854 1089 paulatim
875 1037 1064 1088 compleat.
1089 1036 1182 1073 Nam
1201 1035 1262 1086 qui

312 1099 408 1138 dixit
429 1115 437 1135 ε
458 1101 540 1137 Ero
561 1108 697 1143 tecum,
719 1099 939 1136 custodiens
963 1106 997 1134 te
1013 1100 1055 1134 in
1075 1099 1181 1134 omni
1194 1099 1264 1134 via

312 1177 390 1217 qna
404 1162 664 1199 ambulaveris
684 1176 694 1196 :
710 1168 758 1210 et,
771 1160 937 1212 Augebo
950 1167 984 1196 et
999 1159 1265 1210 multiplicabo

312 1235 348 1264 te
364 1241 374 1260 :
392 1224 466 1276 ipse
489 1223 596 1261 etiam
625 1235 718 1259 nunc
745 1221 862 1259 omnia
890 1221 1082 1274 dispensat.
1104 1219 1151 1257 Et
1170 1229 1210 1257 ut
1228 1218 1266 1256 id

312 1286 414 1331 scias,
437 1283 519 1322 audi
541 1284 656 1336 ipsam
677 1281 839 1320 divinam
859 1281 1080 1335 Scripturam
1100 1281 1170 1319 1100
1188 1295 1267 1318 ma—

315 1347 439 1385 nifeste
466 1345 654 1383 dicentem.
693 1345 758 1381 51.
782 1345 831 1381 Ut
848 1344 950 1380 vidit
978 1351 1108 1381 autem
1127 1344 1264 1380 Domi—

316 1422 386 1446 nus
407 1409 527 1453 Deus,
546 1406 650 1459 quod
678 1405 766 1442 odio
787 1405 994 1442 haberetur
1011 1405 1099 1449 Lia,
1118 1406 1269 1455 aperuit

314 1470 477 1507 vulvam
502 1470 584 1521 ejus
612 1483 622 1502 :
650 1466 800 1504 Rachel
835 1474 963 1503 autem
995 1473 1078 1503 erat
1109 1465 1265 1503 sterilis.

316 1534 380 1569 52.
399 1532 452 1568 Et
466 1531 639 1580 concepit
655 1529 743 1573 Lia‚
760 1536 797 1564 et
808 1526 1094 1578 peperitfiliam
1108 1527 1268 1563 Jacobo.

318 1595 348 1631 Υ
356 1591 413 1628 ide
431 1590 593 1627 solertem
608 1588 674 1626 Dei
687 1588 909 1639 sapientiam.
925 1586 1105 1633 Quoniam
1119 1586 1182 1624 illa
1196 1586 1271 1636 qui·

316 1653 398 1690 dem
425 1649 693 1702 pulchritudine
714 1662 777 1685 sua
797 1647 1002 1685 conciliarat
1023 1647 1092 1684 sibi
1122 1646 1270 1697 gratiam

318 1713 400 1761 viri,
419 1713 491 1749 haec
508 1724 593 1749 vero
609 1709 759 1747 minime
778 1709 933 1746 formosa
953 1707 1035 1746 odio
1054 1706 1179 1744 haberi
1197 1707 1274 1745 visa

318 1783 368 1811 est
386 1789 393 1809 :
410 1773 502 1811 hanc
523 1771 688 1809 idoneam
706 1770 790 1808 facit
811 1769 941 1821 partui,
961 1768 1062 1806 illam
1083 1783 1168 1808 vero
1188 1767 1272 1805 inu-

320 1835 437 1884 tilem;
458 1834 534 1871 hanc
564 1833 670 1870 ambo
698 1846 762 1869 sua
784 1829 1027 1869 misericordia
1053 1829 1274 1882 dispensans,

321 1906 360 1934 ut
379 1905 411 1934 et
430 1896 508 1933 haec
529 1909 592 1946 per
610 1893 740 1932 liberos
760 1892 821 1944 qui
841 1906 886 1930 ex
904 1906 942 1929 ea
965 1891 1200 1929 nascebantur
1220 1905 1275 1929 so-

322 1958 449 1995 latium
467 1956 626 2005 haberet,
648 1955 685 1992 in
705 1953 759 1991 sui
782 1967 940 1991 amorem
955 1952 1075 1991 virum
1093 1952 1253 1989 alliciens
1263 1967 1274 2002 3

323 2029 355 2057 et
382 2020 443 2056 illa
463 2033 505 2056 nc
527 2027 672 2070 propter
690 2015 996 2068 pulthritudinem
1017 2024 1050 2052 et
1071 2014 1277 2052 formosita—

326 2090 395 2118 tem
430 2079 600 2117 adversus
625 2091 780 2115 sororem
812 2076 1020 2127 insurgeret.
1044 2078 1097 2113 Et
1117 2078 1279 2127 aperuit,

327 2142 455 2193 inquit7
474 2142 637 2178 vulvam
657 2141 752 2191 ejus.
772 2139 879 2176 Disce
893 2139 966 2187 1110,
982 2138 1124 2185 dilecte,
1147 2137 1282 2175 Condi-

329 2213 440 2241 torem
466 2201 627 2239 onmium
655 2199 774 2238 omnia
803 2199 981 2237 moderari
1000 2213 1042 2236 ac
1062 2198 1281 2250 dispensare,

330 2274 364 2303 et
383 2273 546 2302 naturam
575 2262 689 2314 ipsam
711 2260 758 2298 ad
777 2269 920 2312 partum
941 2259 1109 2305 excitare,
1132 2258 1284 2295 nullam-

331 2340 398 2377 que
423 2339 495 2362 0550
527 2322 736 2361 concubitus
767 2321 972 2370 utilitatem,
991 2320 1021 2357 si
1049 2320 1140 2357 absit
1162 2319 1285 2357 divina

333 2385 548 2438 cooperatio.
572 2387 762 2436 Propterea
776 2381 871 2420 enim
886 2381 995 2430 dixit,
1017 2381 1183 2432 Aperuit
1201 2381 1287 2417 vul-

337 2461 424 2485 vam
444 2448 539 2498 ejus,
560 2453 598 2481 ut
620 2443 774 2481 sciamus
792 2439 947 2496 voluisse
970 2440 1166 2478 Dominum
1187 2438 1288 2477 Liam

336 2505 564 2561 procreandis
587 2503 709 2542 liberis
728 2512 848 2555 aptam
865 2501 957 2549 ficri,
972 2515 1043 2552 quo
1064 2501 1139 2552 ejus
1160 2514 1290 2537 moeror

338 2568 518 2606 leniretur.
531 2567 611 2619 Ipse
634 2565 728 2603 enim
756 2572 807 2601 est
839 2562 900 2613 qui
920 2562 955 2599 in
975 2562 1085 2600 vulva
1113 2562 1243 2612 figurat
1258 2569 1291 2598 et

140 2646 227 2673 mal.
257 2642 324 2673 138.
340 2630 474 2669 :mimat
504 2629 622 2677 foetus,
642 2627 734 2665 sicut
753 2635 786 2663 et
805 2623 926 2663 David
955 2623 1044 2662 dicit
1061 2639 1068 2660 :
1089 2623 1293 2674 Suscepisti

145 2688 188 2715 13.

342 2708 401 2730 me
424 2693 471 2729 tle
501 2699 608 2728 utero
639 2690 776 2726 matris
805 2700 908 2724 meoe.
931 2685 977 2724 Et
1003 2684 1086 2724 vide
1114 2682 1293 2734 quomodo

343 2761 512 2792 monstrat
527 2750 629 2789 nobis
644 2748 766 2787 divina
781 2747 965 2800 Scriptura
982 2755 1114 2783 naturae
1130 2743 1296 2783 Condito-

344 2829 416 2853 rem
437 2823 586 2863 utraque
606 2826 668 2849 sua
691 2810 823 2849 virtute
842 2808 1075 2856 efficientem3
1096 2821 1222 2859 nempe
1240 2806 1297 2843 al-

344 2877 452 2914 terius
474 2874 621 2913 vulvam
640 2871 804 2910 idoneam
826 2867 1221 2916 reddentem‚Ra‹·.helis
1239 2881 1298 2904 au-

345 2948 414 2975 tem
438 2935 745 2985 constringentem.
764 2930 951 2983 Siquidem
970 2939 1104 2967 naturae
1124 2928 1298 2966 Dominus

346 3013 425 3036 cnm
462 2997 531 3039 sit,
555 2995 672 3033 omnia
702 2993 803 3031 facile.
833 3001 1009 3045 operatur.
1026 2992 1080 3029 Et
1111 2992 1296 3041 concepit,
1335 3009 1346 3030 ·,

348 3059 476 3110 inquit,
489 3060 576 3104 Lia,
590 3065 625 3094 et
637 3055 922 3107 peperitfilium
936 3054 1108 3097 Jacob0,·
1126 3054 1299 3089 vocavit-

349 3136 420 3174 que
452 3134 590 3157 nomen
615 3118 865 3170 ejas-Ruben,
884 3115 1013 3153 dicens
1037 3129 1048 3151 .·
1075 3114 1176 3164 Quia
1199 3113 1299 3150 vidit

352 3185 540 3221 Dominus
566 3180 762 3218 vilitatem
787 3192 927 3224 meam,
955 3190 1056 3214 nunc
1085 3176 1217 3227 diliget
1241 3189 1300 3212 me

350 3248 411 3281 vir
437 3256 552 3280 meus.
578 3240 671 3278 Vide
701 3253 805 3290 quam
831 3248 930 3290 grata
950 3237 1078 3276 mulim-
1096 3235 1207 3274 dicit:
1225 3237 1298 3273 Do-

398 3354 402 3362 ·
429 3338 530 3370 Saril.
556 3346 585 3369 ct
619 3344 760 3379 ‹piatuor
788 3336 861 3367 5155.
891 3339 1020 3374 simma

815 164 924 194 JOAN
933 163 1002 194 MS
1037 163 1119 193 ΕΗΒ
1127 162 1263 192 YsosT
1272 180 1281 190 .

1318 160 1525 191 Attenuat).
1564 161 1924 190 CONSTAlx'Tt-NOP.

1325 242 1448 294 χρόνον
1463 242 1497 279 ἐν
1512 247 1582 285 τοῖς
1593 242 1846 294 γραμματείοις
1868 243 2081 281 συντιθέασιν
2095 243 2170 281 ·ἐὰν
2197 243 2349 289 ἄτεκνος,

1324 302 1432 354 φησὶ,
1465 302 1657 354 τελευτήσῃ
1671 334 1680 351 ,
1728 303 1787 342 ἐὰν
1827 304 1950 342 παιδία
1985 303 2162 356 ἐσχηκὼς,
2196 303 2255 341 καὶ
2286 303 2351 341 ὅσα

1325 366 1480 401 τοιαῦτα.
1496 362 1589 401 Ἀλλ’
1606 365 1754 402 ἐνταῦθα
1769 364 1864 402 οὐδὲν
1879 369 2044 413 τοιοῦτον,
2056 363 2147 402 ἀλλὰ
2163 364 2350 410 παιδίσκην

1327 423 1410 475 μίαν
1426 424 1556 475 ἑκάστῃ
1577 423 1654 466 δοὺς
1669 428 1687 463 6
1706 424 1837 478 πατὴρ,
1853 425 1944 464 οὕτω
1960 425 2022 468 τὰς
2042 425 2231 477 θυγατέρας
2251 423 2352 468 ἐξεδί-

1327 485 1396 523 δου.
1417 484 1603 537 Ἥγάπησε
1623 484 1680 532 δὲ,
1709 486 1813 538 φησὶ,
1837 485 1979 537 Ῥαχὴλ
2013 487 2144 537 μᾶλλον
2172 485 2195 531 ἢ
2223 485 2352 532 Λείαν,

1327 546 1387 584 καὶ
1421 545 1623 584 ἐδούλευσεν
1657 546 1752 599 αὐτῷ
1778 545 1868 584 ἑπτὰ
1898 546 1959 592 ἔτη
1981 546 2096 599 ἕτερα.
2113 546 2259 592 Ἐπειδὴ
2288 546 2355 598 γὰρ

1328 606 1362 651 ἐξ
1383 609 1494 659 ἀρχῆς
1514 606 1571 645 διὰ
1592 606 1655 654 τὴν
1675 607 1866 659 εὐμορφίαν
1885 608 2020 659 ἠράσθη
2038 610 2101 653 τῆς
2115 607 2218 661 κόρης
2233 638 2242 656 ,
2262 608 2352 658 ἷιμό-

1328 671 1381 711 λις
1400 669 1436 707 δὲ
1457 675 1573 721 τυχεῖν
1594 685 1678 707 ποτε
1698 669 1852 715 ἠδυνήθη
1872 674 1932 707 τοῦ
1949 669 2246 721 σπουδαζομένου,
2267 668 2355 707 ἐκεί-

1326 745 1410 779 νην,
1430 731 1532 783 φησὶ,
1552 731 1657 769 πλέον
1673 731 1808 782 ἠγάπα,
1827 731 1919 782 ἥπερ
1935 729 1999 777 τὴν
2019 731 2138 768 Λείαν.
2164 730 2233 768 Καὶ
2247 730 2315 782 γὰρ
2332 733 2354 775 ἡ

1330 791 1459 838 ταύτης
1478 791 1650 844 εὐμορφία
1662 822 1671 839 ,
1692 791 1808 844 φησὶν,
1828 791 2006 843 ἐφείλκετο
2023 791 2125 829 αὐτὸν
2139 793 2187 834 εἷς
2206 791 2262 829 τὸν
2277 791 2356 843 περὶ

1331 852 1439 899 αὐτὴν
1459 853 1579 891 πόθον.
1603 853 1694 892 Ἀλλ’
1722 852 1786 904 ὅρα
1809 869 1866 903 μοι
1890 854 2036 890 ἐνταῦθα
2058 852 2177 891 λοιπὸν
2205 856 2264 890 τοῦ
2295 856 2358 890 Δε-

1331 914 1460 953 σπότου
1484 914 1546 960 τὴν
1568 915 1697 966 ἄφατον
1726 914 2005 967 φιλανθρωπίαν,
2021 915 2080 952 καὶ
2103 916 2177 958 πῶς
2199 913 2242 952 τὰ
2274 916 2356 964 παρ’

1332 977 1436 1014 αὐτοῦ
1455 975 1712 1026 ἐπαγγελθέντα
1741 975 1832 1013 κατὰ
1856 976 1979 1027 μικρὸν
2000 978 2047 1019 εἷς
2075 976 2173 1027 ἔργον
2200 975 2287 1026 ἄγει.
2315 974 2360 1013 ‘O

1332 1036 1400 1088 γὰρ
1420 1036 1613 1084 εἰπὼν,ὁ’τι
1627 1036 1783 1086 Ἔσομαι
1805 1037 1893 1087 μετὰ
1913 1040 1989 1083 σοῦ,
2007 1036 2251 1089 διαφυλάσσων
2268 1052 2307 1073 σε
2325 1037 2360 1073 ἐν

1333 1097 1430 1149 πάσῃ
1460 1098 1550 1149 ὁδῷ,
1576 1091 1599 1148 ᾗ
1621 1097 1680 1136 ἐὰν
1708 1100 1890 1150 πορευθῇς,
1911 1097 1970 1134 καὶ
2000 1096 2052 1134 ὅτι
2079 1096 2223 1141 Αὐξανῶ
2245 1113 2282 1135 σε
2303 1095 2362 1134 καὶ

1335 1161 1513 1206 πληθυνῶ,
1530 1159 1630 1201 αὐτὸς
1643 1159 1702 1196 καί
1717 1162 1775 1195 νῦν
1791 1158 1928 1196 ἅπαντα
1946 1161 2130 1208 οἰκονομεῖ.
2149 1159 2218 1196 Καὶ
2228 1158 2282 1195 ἵνα
2299 1174 2363 1209 μα-

1337 1223 1410 1271 θῃς,
1432 1219 1536 1257 ἄκουε
1554 1219 1613 1257 καὶ
1632 1221 1739 1265 αὐτῆς
1760 1223 1822 1266 τῆς
1846 1218 1938 1262 θείας
1959 1221 1986 1257 Γ
1990 1223 2099 1272 ραφῆς
2117 1223 2219 1257 τοῦτο
2247 1223 2364 1272 σαφῶς

1335 1280 1515 1332 λεγούσης.
1538 1280 1635 1319 Ἰδὼν
1659 1280 1694 1318 δὲ
1712 1280 1839 1332 Κύριος
1855 1284 1872 1318 ὃ
1886 1280 1986 1327 Θεὸς,
2005 1281 2121 1333 φησὶν,
2141 1280 2194 1318 ὅτι
2211 1287 2364 1331 μισεῖται

1337 1343 1440 1391 Λεία,
1456 1342 1568 1388 ἤνοιξε
1582 1341 1644 1388 τὴν
1666 1342 1802 1394 μήτραν
1818 1344 1923 1388 αὐτῆς
1937 1358 1944 1365 ·
1958 1342 2098 1395 Ῥαχὴλ
2118 1342 2154 1380 δὲ
2174 1337 2215 1389 ἦν
2232 1348 2363 1394 στεῖρα.

1339 1404 1409 1442 Καὶ
1429 1404 1595 1442 συνέλαὸε
1611 1404 1712 1450 Λεία,
1732 1404 1792 1441 καὶ
1818 1403 1932 1441 ἔτεκεν
1952 1404 2024 1442 υἱὸν
2044 1407 2093 1456 τῷ
2110 1404 2251 1442 Ἰακώὸ.
2270 1402 2367 1454 υΟρα

1339 1469 1402 1505 τοῦ
1423 1465 1622 1518 εὐμηχάνου
1644 1467 1736 1504 Θεοῦ
1758 1465 1820 1512 τὴν
1847 1465 1981 1518 σοφίαν.
2001 1465 2147 1512 Ἐπειδὴ
2173 1470 2195 1511 ἡ
2217 1465 2279 1515 μὲν
2300 1463 2369 1502 ἀπὸ

1313 1560 1320 1571 ,
1340 1530 1403 1573 τῆς
1428 1526 1616 1579 εὐμορφίας
1643 1526 1706 1573 τὴν
1729 1526 1860 1564 εὔνοιαν
1877 1526 2101 1565 ἐπεσπάσατο
2117 1531 2177 1564 τοῦ
2194 1526 2327 1578 ἀνδρὸς,
2346 1529 2368 1571 ἧ

1343 1589 1378 1626 δὲ
1397 1588 1527 1635 ταύτης
1543 1587 1808 1640 ἀπεστερημένη
1828 1592 2004 1638 μισεῖσθαι
2020 1587 2144 1636 ἐδόκει,
2159 1588 2289 1634 ταύτην
2308 1587 2368 1638 μὲν

1344 1649 1503 1700 διεγείρει
1528 1649 1614 1700 πρὸς
1638 1648 1761 1699 γονὴν,
1791 1649 1925 1695 ἐκείνης
1951 1648 1986 1686 δὲ
2006 1656 2112 1701 π-ηροῖ
2129 1648 2192 1696 τὴν
2222 1649 2370 1701 μήτραν,

1344 1710 1525 1763 ἀμφότερα
1545 1709 1602 1747 διὰ
1625 1709 1688 1755 τὴν
1717 1709 1847 1747 οἰκείαν
1879 1709 2140 1762 φιλανθρωπίαν
2166 1711 2371 1759 οἰκονομῶν,

1344 1770 1400 1809 ἵνα
1422 1771 1482 1809 καὶ
1498 1770 1584 1817 αὕτη
1601 1770 1657 1809 διὰ
1671 1770 1715 1808 τὰ
1734 1770 1769 1814 ἐξ
1791 1772 1898 1816 αὐτῆς
1915 1770 2104 1821 τικτόμενα
2122 1773 2191 1822 σχῇ
2210 1786 2289 1808 τινα
2308 1786 2374 1808 *ita—

1347 1831 1517 1884 ραμυθίαν
1531 1863 1540 1880 ,
1563 1831 1777 1883 ἐφελκομένη
1799 1834 1846 1875 εἰς
1864 1831 1921 1870 τὸν
1946 1832 2027 1885 περὶ
2053 1831 2161 1878 αὐτὴν
2181 1831 2286 1870 πόθον
2316 1830 2373 1868 τὸν

1346 1893 1468 1946 ἄνδρα,
1490 1892 1634 1940 κάκείνη
1658 1892 1706 1943 μὴ
1727 1892 1786 1930 διὰ
1800 1891 1840 1930 τὸ
1859 1892 1986 1936 κάλλος
2013 1893 2072 1930 καὶ
2091 1892 2153 1940 τὴν
2185 1891 2374 1945 εὐμορφίαν

1346 1953 1635 2001 κατεξανίστηται
1667 1956 1731 2000 τ’ῆς
1770 1955 1931 2006 ἀδελφῆς.
1967 1953 2037 1991 Καὶ
2072 1952 2235 2000 διήνοιξε,
2270 1952 2375 2005 φησὶ,

1348 2015 1411 2062 τὴν
1429 2016 1564 2069 μήτραν
1589 2016 1707 2061 αὐτῆς.
1734 2016 1902 2052 Μάνθανε
1929 2016 2101 2063 ἐντεῦθεν,
2121 2014 2300 2066 ἀγαπητὲ,
2324 2014 2378 2053 ὅτι

1350 2081 1368 2116 6
1385 2080 1453 2115 τῶν
1474 2076 1636 2115 ἁπάντων
1665 2077 1874 2128 δημιουργός
1893 2078 1987 2115 ἐστιν
2009 2080 2027 2115 6
2042 2076 2087 2115 τὰ
2106 2076 2222 2115 πάντα
2245 2079 2379 2115 οἰκονο-

1353 2142 1441 2189 μῶν,
1461 2137 1521 2175 καὶ
1542 2138 1605 2184 τὴν
1628 2138 1728 2191 φύσιν
1745 2138 1851 2185 αὐτὴν
1870 2138 2046 2191 διεγείρων
2071 2139 2155 2191 πρὸς
2172 2139 2294 2190 γονὴν,
2320 2138 2380 2176 καὶ

1353 2199 1407 2237 ὅτι
1426 2198 1521 2236 οὐδὲν
1543 2201 1604 2244 τῆς
1625 2198 1804 2241 συνουσίας
1831 2199 1967 2249 ὄφελος,
1989 2198 2037 2248 μὴ
2058 2202 2121 2245 τῆς
2139 2199 2267 2236 ἄνωθεν
2288 2215 2380 2249 συμ-

1357 2259 1487 2312 μαχίας
1505 2259 1704 2310 γενομένης.
1725 2258 1794 2296 Διὰ
1816 2258 1885 2311 γὰρ
1909 2263 2009 2297 τοῦτο
2025 2253 2136 2308 εἶπεν,
2153 2259 2206 2298 ὅτι
2224 2259 2382 2306 Διήνοιξε

1356 2320 1418 2367 τὴν
1448 2320 1583 2372 μήτραν
1607 2322 1725 2367 αὐτῆς,
1744 2319 1801 2358 ἵνα
1831 2323 1966 2371 γνῶμεν
1987 2320 2040 2358 ὅτι
2069 2321 2170 2364 αὐτὸς
2196 2324 2214 2358 6
2242 2321 2381 2359 Δεσπό-

1357 2384 1420 2428 τῆς
1437 2381 1615 2428 ἧδουλήθη
1637 2380 1700 2428 τὴν
1721 2381 1828 2419 Λείαν
1847 2381 1932 2433 πρὸς
1951 2382 2168 2433 τεκνογονίαν
2196 2383 2382 2434 διεγεῖραι,

1357 2443 1446 2482 ὥστε
1465 2444 1572 2489 αὐτῆς
1590 2441 1652 2489 τὴν
1673 2442 1823 2493 ἀθυμίαν
1839 2443 2172 2496 παραμυθήσασθαι.
2191 2444 2300 2488 Αὐτὸς
2316 2444 2384 2496 γάρ

1359 2507 1450 2543 ἐστιν
1466 2504 1553 2542 ὁκαὶ
1569 2506 1604 2541 ἐν
1616 2507 1659 2556 τῇ
1677 2504 1795 2558 μήτρᾳ
1810 2504 2029 2542 διαπλάττων
2044 2505 2088 2543 τὰ
2105 2504 2215 2558 βρέφη
2232 2506 2290 2543 καὶ
2302 2507 2384 2549 ζωο-

1359 2567 1489 2617 γονῶν,
1505 2565 1664 2618 καθάπερ
1686 2565 1746 2603 καὶ
1765 2565 1877 2603 Δαυίδ
1896 2581 1999 2617 φησιν
2012 2581 2020 2589 ·
2040 2566 2243 2604 Ἀντελάὸου
2263 2583 2328 2617 μου
2350 2568 2387 2605 ἐκ

1361 2629 1422 2673 τῆς
1439 2627 1586 2679 γαστρὸς
1606 2626 1736 2679 μητρός
1758 2643 1834 2677 μου.
1857 2626 1928 2665 Καὶ
1945 2626 2009 2678 ὅρα
2027 2630 2102 2670 πῶς
2118 2627 2288 2665 δείκνυσιν
2301 2631 2386 2678 ἡμῖν

1361 2691 1383 2734 ἡ
1401 2688 1475 2726 θεία
1496 2687 1618 2741 Γραφὴ
1638 2689 1696 2726 τὸν
1715 2690 1777 2734 τῆς
1797 2688 1929 2740 φύσεως
1949 2688 2156 2740 δημιουργὸν
2177 2689 2325 2741 ἑκάτερα
2344 2692 2387 2741 τῇ

1363 2748 1473 2802 οἰκεία
1499 2748 1643 2799 δυνάμει
1671 2749 1911 2802 ἐργαζόμενον,
1934 2748 1993 2787 καὶ
2007 2751 2069 2794 τῆς
2088 2748 2150 2799 μὲν
2173 2749 2236 2796 τὴν
2254 2749 2390 2804 μήτραν

1365 2809 1593 2862 διεγείροντα,
1614 2812 1676 2856 τ’ἧς
1699 2810 1735 2847 δὲ
1755 2809 1894 2861 (Ραχὴλ
1914 2809 2096 2862 ἐπέχοντα.
2120 2811 2301 2858 Δεσπότης
2323 2811 2390 2862 γὰρ

1367 2869 1413 2907 ὢν
1433 2874 1494 2916 τῆς
1512 2870 1665 2922 φύσεως,
1685 2872 1760 2920 μετ’
1778 2870 1934 2914 εὐκολίας
1950 2870 2088 2909 ἅπαντα
2109 2871 2302 2924 ἐργάζεται.
2324 2873 2393 2910 Καὶ

1369 2930 1550 2979 συνέλαέε,
1576 2931 1678 2983 φησὶ,
1706 2930 1815 2979 Λεία,
1836 2931 1896 2969 καὶ
1926 2931 2040 2970 ἔτεκεν
2065 2931 2136 2969 υἱὸν
2167 2935 2217 2984 τῷ
2246 2931 2393 2971 ’Im-36·

1370 2992 1514 3030 ἐκάλεσε
1543 2992 1576 3029 δὲ
1608 2992 1647 3031 τὸ
1675 2992 1784 3043 ὄνομα
1813 2995 1916 3030 αὐτοῦ
1946 2991 2116 3038 Ἱ)ου8ἢν,
2147 2993 2294 3044 λέγουσα
2313 3009 2320 3016 ·
2344 2994 2396 3032 ὅτι

1371 3047 1439 3090 εἶδέ
1466 3068 1531 3103 μου
1558 3052 1685 3105 Κύριος
1702 3052 1766 3099 τὴν
1791 3053 2014 3100 ταπείνωσιν,
2035 3057 2092 3090 ν’ὕν
2122 3053 2297 3104 ἀγαπήσει
2317 3071 2360 3105 με
2380 3058 2398 3093 6

1370 3114 1457 3166 ἀνήρ
1478 3130 1556 3164 μου.
1580 3113 1675 3165 (Όρα
1699 3117 1773 3159 πῶς
1802 3112 1988 3166 εὐγνώμων
2008 3116 2030 3159 ἡ
2049 3113 2154 3161 γυνὴ,
2175 3115 2396 3166 θεασάμενος,

1370 3175 1453 3227 φησὶ
1467 3204 1476 3221 ,
1497 3173 1561 3221 τὴν
1579 3174 1787 3214 ταπείνωσίν
1809 3191 1874 3225 μου
1894 3178 1912 3212 6
1934 3173 2128 3221 Δεσπότης,
2154 3174 2310 3226 παρέσχε
2336 3191 2395 3226 μοι

1370 3236 1426 3273 τὸν
1457 3235 1576 3279 τόκον,
1599 3236 1654 3274 ἵνα
1677 3235 1732 3275 διὰ
1752 3235 1873 3275 τούτου
1903 3237 2129 3286 ἀγαπηθῆναι
2159 3235 2304 3281 δυνηθῶ.
2325 3237 2394 3275 Καὶ

1053 3338 1082 3367 δὲ
1112 3342 1219 3376 τυχεῖν.
1250 3334 1354 3364 minus
1391 3339 1489 3364 recte>
