2516 3791
720 235 921 266 SELECTA
955 234 1014 264 Ex
1051 232 1184 264 NOTts
1221 231 1413 262 JOANNIS
1450 230 1596 261 BOlSll.

473 367 665 399 HOMILIA
689 366 760 399 LV.

171 462 207 495 P.
226 461 301 494 531-
325 460 361 492 Α.
387 461 419 492 8.
446 464 596 505 θαρσήσας
612 463 713 494 πάλιν.
737 460 810 491 Hoc
830 457 920 496 vult,
937 457 970 490 ni
999 457 1097 490 sallor
1113 484 1121 498 ,

128 511 390 556 Chrysostomus
409 510 598 543 :Jacohum
617 521 684 542 non
701 508 809 541 solum
831 510 865 541 in
890 507 1035 541 tristiore
1051 508 1118 541 sor-

131 570 212 596 tnna
229 560 328 593 fuisse
355 567 565 593 constantem
594 571 634 591 ac
658 557 861 602 patientem,
877 556 934 590 sed
960 559 1061 590 ctiam
1086 558 1119 589 in

129 609 254 644 laetiore
272 609 429 642 humilem
446 620 486 641 ac
503 607 728 641 moderatum.
745 610 814 641 Nec
831 609 864 640 in
878 615 980 648 metu,
999 607 1119 650 inquit,

128 671 190 694 nec
205 661 239 693 in
257 671 314 703 spe
333 660 454 692 nimius
476 657 541 691 fuit
563 670 602 691 ac
629 658 843 692 immodicus.
862 661 946 691 Ante
965 665 1120 700 acceptas

129 723 148 742 u
164 711 234 742 Deo
249 708 486 752 promissiones
501 720 568 742 non
588 708 652 742 fuit
672 720 764 742 metu
789 710 929 743 nimium
949 707 1119 752 dejectus;

129 766 207 803 post
229 767 386 801 acceptas
409 771 429 791 a
455 759 526 791 Deo
553 761 790 802 promissiones
815 770 885 792 non
912 758 975 791 fuit
1002 769 1059 801 spe
1088 765 1122 790 et

130 808 269 843 audacia
285 810 425 842 nimium
442 808 562 849 elatus,
578 809 637 843 sed
655 811 686 842 in
702 818 842 853 utraque
858 808 993 842 fortuna
1009 820 1122 841 exem-

129 859 222 904 plum
237 860 301 893 fuit
323 867 395 893 tum
417 861 599 902 patientiae,
618 868 690 893 tum
714 858 966 892 moderationis.
989 860 1035 892 Ut
1052 858 1123 891 liaec

129 911 292 944 sententia
309 909 426 943 melius
443 909 631 952 elucescat,
649 922 718 944 non
736 912 799 944 erit
812 937 820 951 ‚
838 911 975 953 opinor,
994 909 1054 942 ahs
1067 921 1102 941 re
1114 933 1124 950 ‚

129 959 156 993 si
172 968 249 1003 post
264 965 435 1007 φιλοσοφίας
452 965 545 995 αὑτοῦ
564 959 784 993 subaudiatur
800 967 829 995 ἐν
846 969 906 999 τοῖς
922 964 1020 998 δεινοῖς
1032 985 1040 999 ,
1056 960 1125 992 sive

129 1014 162 1044 dv
175 1018 236 1048 τοῖς
250 1013 400 1053 κινδύνοις,
415 1017 449 1043 et
465 1009 588 1044 deinde
603 1012 705 1044 etiam
722 1015 960 1055 εὐγνωμοσύνης,
978 1011 1065 1042 inter
1081 1012 1124 1045 δι-

129 1063 292 1096 δασκαλίαν
305 1067 338 1093 et
350 1067 505 1107 παρεῖχεν.

472 1175 666 1210 HOMILIA
689 1176 779 1209 LVI.

176 1265 213 1298 P.
227 1266 284 1298 54¹
296 1290 303 1297 .
322 1266 360 1297 A.
380 1266 432 1297 ⁴2.
452 1269 470 1304 ἣ
488 1271 636 1304 συνήθεια.
651 1266 746 1297 Fort.
764 1270 782 1303 ἡ
797 1270 933 1303 συνθήκη.
950 1263 1125 1299 Matrimo-

131 1316 226 1349 nium
239 1316 328 1350 euim
343 1326 507 1349 consensu
520 1312 744 1358 contrahitur,
763 1322 801 1348 ut
816 1313 942 1348 docent
953 1315 972 1348 J
977 1316 1127 1349 uriscon-

133 1364 223 1399 sulti.

466 1445 663 1479 HOMILIA
687 1447 797 1480 LVII.

178 1545 214 1578 P.
233 1544 311 1578 553.
328 1545 368 1577 A.
393 1544 448 1576 ⁴4.
472 1541 676 1576 Addendum
693 1543 829 1578 videtur
847 1552 924 1588 post
941 1542 1064 1589 ᾗαχὴλ,
1079 1551 1129 1582 καὶ

135 1601 233 1630 Λείαν.
251 1595 368 1628 Graeca
378 1604 467 1626 enim
478 1593 586 1625 Biblia
602 1593 729 1627 habent
745 1601 794 1630 καὶ
807 1594 1129 1641 ἀποκριθεῖσαιραχὴλ

137 1650 185 1680 καὶ
200 1650 284 1679 Λεία.
303 1645 320 1662 *⁴
332 1643 372 1677 V
371 1643 424 1676 ide
438 1650 553 1675 nolam
565 1650 712 1676 nostram
727 1644 784 1678 ibi.

179 1696 217 1730 P.
236 1696 312 1728 554.
330 1695 373 1727 D.
393 1695 446 1725 Η.
466 1699 495 1728 αἱ
512 1700 572 1739 γὰρ
588 1700 675 1739 παρὰ
693 1704 752 1728 τῶν
775 1700 908 1730 ἀπίστων
929 1702 994 1730 etc.
1015 1694 1130 1740 Chry-

134 1753 217 1781 sost.
232 1747 332 1779 Hom.
355 1746 390 1777 91
412 1745 447 1776 in
462 1742 585 1776 Mattb.
606 1755 612 1774 :
632 1749 649 1783 ἠ
673 1747 799 1783 ἀλήθεια
815 1750 901 1790 παρὰ
917 1754 977 1780 τῶν
993 1751 1131 1780 ἐναντίων

133 1801 401 1843 ἀνακηρυττομένη
412 1797 589 1837 διαλάμπει.
603 1793 704 1827 Basil.
722 1800 761 1833 εἰς
772 1801 825 1834 τὴν
838 1800 926 1838 ἁγίαν
938 1800 990 1830 τοῦ
1000 1800 1131 1840 Χριστοῦ

135 1853 277 1891 γέννησιν,
287 1855 365 1888 pag·
379 1844 445 1878 233
457 1856 464 1875 2
482 1849 513 1878 αἱ
528 1850 616 1889 παρὰ
629 1855 688 1879 τῶν
702 1850 818 1890 ἐχθρῶν
829 1851 999 1890 μαρτυρίαι
1014 1850 1131 1886 ἀξιοπι-

136 1902 275 1943 στότεραί
294 1901 374 1930 εἰσιν.
390 1895 549 1941 Lactant.
567 1894 611 1928 de
622 1905 698 1927 vera
714 1896 877 1937 sapientia
893 1906 968 1938 cap.
988 1896 1028 1927 12
1047 1893 1133 1933 :Sa-

133 1949 175 1980 u‘s
178 1945 323 1991 firmum
340 1946 562 1978 testimonium
578 1952 627 1977 est
653 1945 702 1977 ad
714 1944 928 1988 probandam
942 1947 1130 1989 veritatem,

136 1997 230 2042 quod
240 1996 284 2029 ab
297 1997 379 2041 ipsis
392 1994 585 2039 perhibetur
601 1996 758 2027 inimicis.

179 2048 217 2081 P.
237 2047 313 2081 555.
334 2047 372 2079 Β.
391 2046 422 2077 2.
441 2048 724 2091 περιπατούμενος.
743 2044 795 2077 Ex
811 2044 919 2077 tribus
935 2043 1000 2078 illis
1015 2044 1133 2078 lectio-

136 2095 247 2139 nibus,
265 2107 348 2140 quas
358 2096 453 2139 Regii
468 2093 580 2129 Codd.
601 2094 738 2135 liabent,
756 2106 816 2138 ego
830 2095 964 2127 tertiam
977 2095 1132 2138 praefero‚

136 2146 313 2187 nimirum,
331 2151 634 2191 περιστοιχιζόμενος.
652 2146 760 2187 Atque
784 2142 831 2176 sic
848 2142 1024 2187 legendum
1039 2143 1134 2177 vide-

138 2205 193 2230 tut·
205 2207 318 2239 supra,
333 2193 428 2228 hom.
447 2196 489 2228 32
499 2221 507 2235 ‚
522 2195 608 2227 sicut
622 2193 840 2238 praeceptoris
854 2195 921 2228 mei
936 2194 1133 2229 annotatio-

139 2258 198 2282 nes
212 2247 247 2281 in
260 2245 354 2279 illum
370 2244 485 2278 locum
497 2251 649 2277 monent.

446 2363 643 2398 HOMILIA
666 2365 797 2399 LVIII.

186 2466 224 2500 P.
252 2466 330 2501 568.
360 2466 398 2498 Α.
424 2467 457 2499 4.
482 2469 498 2500 ὁ
522 2468 554 2499 δὲ
570 2475 727 2512 καρτερεῖν
751 2473 840 2504 αἰτεῖ.
863 2466 951 2509 Quia
979 2477 1137 2515 καρτερεῖν

143 2517 222 2550 huic
238 2515 314 2549 loco
325 2544 333 2558 ‚
351 2523 390 2548 ut
405 2514 488 2547 mihi
504 2514 651 2555 videtur,
669 2527 738 2549 non
755 2516 840 2551 belle
853 2516 1039 2552 admodum
1055 2531 1137 2554 con-

143 2567 236 2600 venit
251 2578 258 2598 :
276 2564 356 2600 vide
384 2577 427 2598 an
451 2576 520 2598 non
542 2564 719 2609 legendum
735 2565 780 2600 sit
804 2569 916 2611 potius
934 2576 1014 2605 κατὰ
1029 2575 1136 2616 μικρὸν

146 2621 320 2665 ὁδοιπορεῖν.
339 2616 356 2635 *
365 2624 531 2663 napi-epatu
547 2616 642 2649 abest
655 2629 677 2649 a
690 2626 803 2650 nostra
815 2618 910 2651 Edit.

483 2740 675 2774 HOMILIA
699 2741 793 2775 LIX.

189 2839 227 2873 P.
243 2837 373 2874 570‚C.
393 2838 446 2869 Η-
463 2843 538 2884 πρὸς
553 2845 607 2878 τὴν
629 2842 772 2883 διανομὴν
788 2849 847 2875 τῶν
862 2844 986 2877 παίδων.
1000 2841 1053 2885 Si,
1072 2853 1135 2885 pro

145 2890 270 2930 παίδων,
289 2891 373 2923 παισί
388 2885 539 2930 legimus,
557 2891 623 2932 regi
638 2887 775 2923 debebit
790 2889 923 2924 dativus
938 2890 982 2923 ab
997 2897 1136 2938 ἀρκέσαι,

144 2949 213 2971 non
228 2948 249 2970 a
270 2939 424 2980 διανομήν,
448 2943 548 2979 atque
565 2937 611 2969 ita
627 2938 777 2973 futurum
801 2949 851 2974 est
874 2949 911 2974 ut
932 2945 1058 2986 διανομὴ
1079 2942 1135 2976 hic

145 2987 330 3030 accipiatur
356 2984 399 3018 de
424 2984 662 3020 distributione
683 2999 704 3020 a
730 2987 817 3032 filiis,
841 3001 909 3024 non
937 2992 1024 3024 inter
1050 2991 1136 3027 filios

143 3035 317 3078 facienda,
335 3043 454 3069 contra
476 3044 623 3069 mentem
637 3063 645 3078 ,
663 3037 785 3080 credo,
803 3042 942 3076 autoris.
967 3041 1136 3083 Quocirca

145 3086 251 3131 legere
266 3085 382 3118 malim
406 3092 479 3133 πρὸς
501 3093 555 3125 τὴν
580 3091 722 3131 διανομὴν
747 3098 806 3124 τῶν
826 3094 959 3126 natam:
978 3093 1000 3125 i.
1026 3103 1054 3126 e.
1076 3094 1138 3138 qui

142 3143 275 3180 possent
287 3135 379 3179 filiis
394 3137 476 3177 suis,
503 3137 532 3167 si
549 3138 633 3168 inter
648 3138 725 3170 illos
742 3138 1032 3185 distribuerentur,
1054 3145 1136 3175 satis

145 3197 227 3219 esse.
239 3186 300 3218 Est
316 3196 425 3218 sermo
438 3186 706 3229 compendiosuS.

190 3236 232 3268 D.
249 3237 301 3267 Η.
312 3237 406 3268 Fon.
421 3236 505 3274 οὗτος
517 3241 574 3279 μὲν
585 3243 640 3271 κᾶν
651 3240 743 3272 παῖδα
756 3242 1001 3283 προὸαλλόμενος
1014 3244 1136 3281 διατελῆ

130 3283 203 3325 (vel
216 3288 352 3324 διηνεκῶς
369 3289 389 3331 ᾔ
404 3288 665 3332 προΐαλλύμενοξ)
678 3316 685 3329 ,
702 3295 799 3323 ταῦτα
820 3296 990 3332 ἀφοσιοῦται
1007 3298 1068 3330 εἰκῆ
1086 3281 1135 3332 καὶ

134 3340 236 3378 μάτην
255 3334 394 3379 :Atque
412 3335 466 3366 hic
484 3337 631 3380 quidem,
651 3339 785 3370 etiamsi
797 3350 936 3382 puerum
953 3331 1133 3385 numquam

136 3394 203 3416 non
221 3387 255 3416 in
275 3394 334 3417 ore
357 3384 635 3428 hw'eat,sruscra
662 3395 692 3420 et
714 3390 941 3432 nequicquam
963 3391 1133 3423 volatalis

134 3430 227 3466 hisce
251 3435 530 3468 excusationibus
555 3439 678 3469 ulitur:
692 3438 917 3481 sivr¹‚J1'‘uslra
941 3448 972 3472 et
992 3443 1130 3484 nequic-

343 3492 437 3517 ΤΟΜ.
462 3494 515 3517 tv.

2088 230 2174 276 021

1194 326 1296 359 quam
1321 313 1395 347 ltoec
1417 316 1563 346 criminas
1590 319 1764 356 utcumque
1780 323 1802 343 a
1818 324 1851 343 se
1868 311 2061 355 depellendi
2078 323 2181 344 causa

1192 366 1284 398 ‹It'ciL

1536 449 1726 482 uomLtA
1750 450 1823 483 Lx.

1238 542 1274 575 P.
1291 543 1367 576 577.
1382 542 1422 575 E.
1439 541 1500 576 ult.
1521 542 1680 585 Suspecta
1695 549 1745 574 est
1760 541 1839 574 mihi
1857 541 1962 575 dictio
1977 547 2180 580 συντείνοντες,

1194 604 1256 635 pro
1267 603 1332 636 qua
1349 592 1431 636 quid
1445 591 1469 624 si
1487 591 1633 635 legamus
1650 597 1742 632 ὄντες,
1754 592 1864 625 deleta
1879 592 2041 635 particula
2057 599 2095 631 εί,-
2107 600 2183 624 autc·

1194 642 1332 682 πλῆθοςὶ)
1349 642 1504 676 Arbitror
1521 652 1679 686 praeterea
1707 643 1870 677 vocabula
1896 643 2056 676 nonnulla
2082 644 2184 675 inter-

1194 697 1325 741 cidisse,
1354 706 1390 731 ut
1414 698 1510 742 plena
1537 707 1571 731 et
1595 700 1724 743 integra
1753 698 1853 732 lectio
1876 700 1941 731 sit:
1960 704 2062 733 ἐκεῖνοι
2084 701 2113 732 ῑὶ
2137 705 2185 733 καὶ

1193 753 1305 788 πλῆθος
1321 753 1398 785 πολὺ
1413 754 1510 791 ὄντες,
1529 755 1577 784 καὶ
1594 755 1633 789 είς
1649 756 1684 785 τὸ
1700 754 1881 790 καταδιώξαι
1897 755 1988 785 ὀπίσω
2006 753 2102 783 αὐτῶν
2118 752 2186 783 ἑαυ-

1194 803 1262 838 τοὺς
1282 806 1475 839 συντείνοντες
1491 807 1542 835 καί
1555 809 1636 840 etc.‚
1657 809 1688 833 ιί
1705 802 1797 833 omni
1812 802 2017 832 contentione
2035 800 2070 831 id
2085 811 2186 844 ugen-

1195 857 1244 882 tes
1260 858 1295 882 ιιι
1313 853 1402 895 Ipsos
1424 860 1709 896 persequerentur.
1727 852 1867 894 Triplici
1883 851 1925 884 dc
1942 862 2040 883 causa
2066 850 2185 884 formi-

1195 899 1322 933 dabiles
1339 909 1436 933 eraut
1453 914 1458 932 :
1476 909 1509 934 et
1529 901 1620 945 quod
1645 903 1758 945 ingens
1780 914 1894 934 eorum
1912 909 1997 934 osset
2013 912 2185 939 numerus,

1196 958 1230 983 et
1252 950 1344 994 quod
1369 959 1441 984 toto
1467 953 1593 995 impetu
1616 951 1812 985 festinarent
1828 950 1871 984 ad
1889 950 2025 991 bellum,
2043 959 2077 983 ct
2095 949 2186 994 quod

1196 1009 1306 1034 essent
1320 1003 1503 1035 unanimes.
1518 1003 1566 1034 Ex
1584 1001 1690 1035 tribus
1708 1002 1796 1035 liisce
1812 1004 1839 1034 si
1857 1013 1958 1034 unum
1976 1000 2111 1045 aliquod
2129 999 2187 1033 de-

1196 1059 1320 1093 matur,
1339 1053 1449 1084 minor
1473 1053 1536 1084 erit
1553 1051 1742 1085 formidinis
1760 1064 1871 1084 causa.
1891 1054 1975 1085 Nam
1993 1063 2053 1084 nec
2071 1050 2186 1083 multi-

1196 1100 1281 1134 tudo
1307 1101 1504 1142 metuenda,
1525 1102 1549 1135 si
1577 1105 1619 1135 sit
1643 1101 1799 1144 languida
1815 1111 1849 1134 et
1865 1104 1970 1143 iners,
1984 1113 2044 1135 nec
2061 1112 2188 1144 pauco-

1196 1162 1271 1184 rum
1287 1160 1345 1184 aut
1362 1151 1448 1184 inter
1464 1164 1498 1185 se
1513 1152 1780 1186 dissentientium
1799 1151 1910 1185 fervor
1926 1153 2046 1196 egregii
2062 1149 2188 1196 aliquid

1197 1210 1353 1245 praestare
1372 1210 1495 1246 potest.

1538 1310 1730 1345 nonam
1754 1292 1848 1346 'LxL

1242 1407 1280 1439 P.
1299 1407 1374 1440 584.
1395 1408 1433 1440 B.
1455 1408 1486 1442 4.
1511 1405 1739 1440 Proculdubio
1761 1406 1855 1440 deest
1885 1407 2103 1440 commodum
2130 1407 2193 1440 ali-

1197 1455 1291 1499 quod
1312 1457 1527 1499 participium
1552 1464 1630 1499 post
1653 1461 1706 1492 ἅτε
1724 1460 1770 1496 δή,
1790 1465 1859 1490 tam
1885 1456 1962 1500 hic,
1981 1468 2080 1500 quam
2107 1457 2192 1491 infra

1198 1506 1238 1538 D.
1259 1507 1292 1539 7.
1317 1504 1613 1547 Quemadmodum
1632 1505 1732 1550 igitur
1755 1518 1856 1549 supra
1875 1517 1915 1550 τῷ
1932 1511 1986 1542 ἅτε
2003 1511 2037 1546 δή
2053 1505 2193 1552 subjun—

1199 1558 1288 1600 gitur
1306 1555 1521 1599 participium
1538 1562 1588 1596 ὥν,
1605 1557 1652 1588 sic
1670 1557 1726 1588 hic
1741 1558 1843 1589 etiam
1865 1557 1966 1598 idem,
1985 1566 2044 1590 aut
2057 1557 2122 1591 tale
2135 1558 2195 1591 ali-

1200 1605 1292 1650 quod
1314 1606 1582 1650 suhjungendum
1600 1618 1718 1640 censeo
1731 1632 1738 1642 .
1756 1607 1857 1639 veluti
1874 1609 1921 1639 sic
1938 1620 1945 1639 t
1964 1613 2019 1643 ἅτε
2036 1612 2070 1647 δὴ
2087 1612 2194 1653 κομιδῇ

1200 1663 1263 1695 νέος
1282 1664 1336 1697 τήν
1351 1662 1469 1696 ἡλικίαν
1486 1661 1543 1699 ὢν,
1562 1663 1700 1704 καθάπερ
1716 1665 1782 1691 etc.
1800 1657 1960 1691 Similiter
1976 1659 2017 1691 D.
2036 1661 2069 1694 7.
2089 1663 2143 1694 ἅτε
2160 1662 2196 1698 δὴ

1200 1713 1312 1753 ἀφελὴς
1325 1714 1376 1742 τὸν
1395 1715 1508 1753 τρόπον
1524 1713 1575 1742 ὥν.
1594 1709 1748 1750 Possunt,
1767 1720 1836 1741 non
1853 1719 1950 1752 nego,
1968 1710 2098 1751 aptiora
2115 1719 2195 1752 par—

1201 1759 1315 1800 ticipia
1332 1759 1527 1799 excogitari,
1540 1759 1598 1790 sed
1612 1757 1694 1790 mihi
1711 1757 1898 1800 exemplum
1919 1760 2096 1801 praebuisse
2115 1758 2197 1791 satis

1201 1815 1263 1840 est.
1279 1809 1385 1840 Porro
1399 1807 1527 1850 plenior
1540 1816 1625 1840 esset
1639 1810 1762 1851 oratio,
1780 1810 1808 1841 si
1821 1817 1863 1853 τῷ
1880 1816 2094 1855 προσφέρεται,
2113 1810 2151 1841 Β.
2162 1810 2193 1849 2,

1202 1862 1302 1897 αὐτοῖς
1318 1857 1556 1901 proeflgeretur.

1238 1909 1278 1941 P.
1299 1909 1375 1940 586.
1395 1910 1432 1941 Β.
1461 1911 1493 1943 8.
1513 1911 1555 1942 Ni
1571 1908 1689 1951 fallor,
1707 1917 1758 1942 est
1778 1908 1834 1942 hic
1855 1909 1976 1942 lacuna
1993 1910 2040 1942 sic
2056 1909 2196 1942 fortasse

1202 1956 1392 2001 explenda:
1411 1962 1571 2005 ἀδελφικὴν
1593 1966 1690 2003 σχέσιν
1713 1965 1752 1998 εἰς
1774 1966 1839 1994 νοῦν
1854 1965 1904 1994 καὶ
1928 1963 2057 1995 διάνοιαν
2082 1964 2196 1996 ἀναλα-

1204 2011 1308 2047 ὅύντας
1325 2014 1380 2048 τὴν
1396 2011 1478 2053 φύσιν
1491 2013 1582 2048 αὐτὴν
1598 2013 1753 2051 αἰδεῖσθαι,
1772 2015 1822 2044 καὶ
1838 2016 1947 2045 οἰκείαν
1962 2018 2027 2044 etc.

1535 2146 1731 2180 HOMILIA
1755 2145 1868 2181 LXII.

1248 2240 1286 2274 P.
1306 2240 1383 2272 592.
1411 2239 1451 2273 C.
1471 2239 1503 2271 4.
1527 2238 1593 2271 Pro
1619 2241 1687 2273 κατ’
1711 2242 1802 2273 αὐτόν
1823 2249 1883 2283 ego
1911 2246 1994 2282 puto
2019 2238 2194 2284 legendum

1203 2293 1296 2334 αὐτῷ,
1314 2288 1425 2321 deleta
1440 2287 1607 2331 particula
1623 2294 1716 2323 κατά.

1249 2339 1286 2372 Ρ.
1307 2339 1382 2371 598.
1401 2339 1441 2371 Ε.
1461 2340 1492 2372 9.
1511 2339 1602 2382 Lego
1619 2344 1798 2381 ἠγωνίσατο,
1817 2344 1865 2374 καὶ
1881 2345 1964 2383 μετὰ
1979 2346 2033 2379 τὴν
2049 2343 2197 2378 τοσαύτην

1205 2392 1342 2433 ἀνδρείαν
1359 2395 1494 2431 ἀπήγετο
1510 2393 1549 2427 είς
1561 2394 1598 2422 τὸ
1613 2393 1817 2435 δεσμωτήριον
1836 2399 1843 2406 ”
1863 2395 1912 2424 καὶ
1931 2397 1999 2434 σιγῇ
2011 2396 2111 2425 πάντα
2128 2394 2195 2425 ὑπέ-

1204 2454 1299 2483 μεινε,
1319 2442 1368 2474 διὰ
1391 2443 1481 2473 τοῦτο
1497 2445 1547 2475 καὶ
1565 2443 1708 2484 μεγάλων
1732 2442 1878 2475 ἀπολαύει
1894 2449 1953 2475 τῶν
1969 2443 2113 2483 ἀμοιὸῶν.
2133 2439 2197 2476 ἴστε

1206 2496 1264 2536 γὰρ
1280 2494 1370 2532 ὅπως,
1387 2496 1453 2522 etc.

1523 2588 1719 2623 HOMILIA
1743 2589 1877 2624 LXIII.

1251 2681 1290 2713 P.
1307 2680 1384 2715 605.
1405 2679 1444 2714 A.
1463 2679 1517 2711 ⁴2.
1534 2678 1653 2711 Deesse
1669 2678 1803 2711 videtur
1821 2683 1912 2714 αὐτοῦ
1927 2687 2005 2723 post
2024 2687 2195 2728 ὀνειράτων,

1253 2731 1290 2765 Ρ.
1310 2732 1386 2765 606.
1402 2731 1440 2763 Α.
1459 2730 1491 2761 5.
1509 2729 1572 2762 Pro
1588 2732 1743 2775 ἑρμηνεὺει
1759 2727 1935 2773 legendum
1952 2728 2084 2764 videtur
2100 2735 2199 2777 ἑρμη-

1209 2797 1385 2865 ν-υρῖαὲὸᾌ
1405 2833 1443 2864 Β.
1463 2833 1494 2864 9.
1523 2829 1623 2864 Haud
1644 2831 1714 2864 scio
1739 2841 1783 2865 an
1805 2829 1892 2865 desit
1905 2839 2031 2878 χωρεῖν,
2050 2839 2108 2864 aut
2134 2831 2197 2865 tale

1208 2880 1301 2925 quid,
1313 2888 1390 2924 post
1404 2886 1586 2926 πράγματα.

1530 2994 1723 3029 HOMILIA
1746 2994 1867 3028 LXIV.

1254 3091 1291 3124 P.
1312 3092 1386 3123 609.
1407 3090 1444 3123 Α.
1461 3090 1491 3121 8.
1511 3090 1558 3122 ἴνα
1570 3097 1607 3132 τῇ
1624 3092 1687 3132 ὄψει
1703 3093 1938 3133 παραθάλλωσιν
1954 3096 2083 3125 ἅπαντα·
2104 3093 2195 3124 Non-

1209 3140 1290 3174 dum
1319 3150 1476 3183 assequor
1499 3137 1580 3181 quid
1609 3137 1678 3171 haec
1702 3138 1803 3171 verba
1829 3140 1891 3172 sibi
1917 3140 2030 3178 wlint,
2055 3141 2114 3173 nisi
2142 3143 2194 3175 hic

1211 3191 1298 3224 sorte
1314 3191 1357 3223 sit
1373 3201 1486 3222 seusus
1505 3201 1511 3219 :
1530 3188 1616 3220 Haec
1631 3189 1705 3233 ideo
1725 3191 1882 3231 evenisse,
1897 3198 1932 3221 ιιι
1948 3192 2074 3222 oculati
2087 3202 2195 3225 essent

1210 3248 1307 3273 testes
1326 3241 1501 3284 dignitatis
1524 3237 1682 3281 Joseplu‘,
1706 3246 1737 3270 et
1756 3241 1825 3282 ipso
1844 3248 1979 3282 aspectu
1995 3252 2097 3284 quam
2114 3255 2195 3276 vera

1210 3298 1317 3323 essent
1330 3302 1407 3334 quoe
1420 3290 1555 3322 somniis
1567 3289 1646 3320 olim
1659 3290 1865 3333 portemlclm
1895 3298 1955 3330 (ur,
1970 3291 2194 3334 deprehende-

1211 3349 1294 3374 νιήι.
1311 3339 1377 3374 Sed
1394 3351 1508 3372 vereor
1526 3347 1563 3372 ut
1577 3338 1676 3372 xerba
1695 3339 1792 3372 talem
1813 3340 2119 3382 interpretationem
2136 3343 2194 3376 ad-

1211 3392 1359 3424 mittant.
1381 3392 1449 3422 Fac
1477 3401 1556 3422 vcro
1586 3390 1747 3431 scriptum
1774 3389 1870 3422 fuisse
1896 3397 2112 3433 καταμαθωσι,
2134 3405 2195 3435 pro

1212 3445 1446 3486 παραὸαλλωσι,
1464 3447 1497 3473 et
1521 3448 1600 3474 tunc
1617 3437 1771 3481 expedita
1788 3448 1886 3472 erunt
1902 3442 2024 3473 omnia.
2045 3440 2132 3476 Nihil
2153 3443 2194 3476 si-

2013 3486 2062 3523 60
