<?xml version="1.0" encoding="UTF-8"?>
<!DOCTYPE html PUBLIC "-//W3C//DTD XHTML 1.0 Transitional//EN"
    "http://www.w3.org/TR/xhtml1/DTD/xhtml1-transitional.dtd">
<html xmlns="http://www.w3.org/1999/xhtml" xml:lang="en" lang="en">
 <head>
  <title>
</title>
<meta http-equiv="Content-Type" content="text/html;charset=utf-8" />
  <meta name='ocr-system' content='tesseract 3.04.00' />
  <meta name='ocr-capabilities' content='ocr_page ocr_carea ocr_par ocr_line ocrx_word'/>
</head>
<body>
  <div class='ocr_page' id='page_1' title='image "./operaomniaquaeex04johnuoft_0257.png"; bbox 0 0 2516 3791; ppageno 0'>
   <div class='ocr_carea' id='block_1_1' title="bbox 665 200 1148 233">
    <p class='ocr_par' dir='ltr' id='par_1_1' title="bbox 665 200 1148 233">
     <span class='ocr_line' id='line_1_1' title="bbox 665 200 1148 233; baseline -0.006 0"><span class='ocrx_word' id='word_1_1' title='bbox 665 203 707 233; x_wconf 81' lang='grc' dir='ltr'>ΙΝ</span> <span class='ocrx_word' id='word_1_2' title='bbox 744 203 844 233; x_wconf 72' lang='lat' dir='ltr'>CAP.</span> <span class='ocrx_word' id='word_1_3' title='bbox 889 201 948 231; x_wconf 89' lang='lat' dir='ltr'>Vl.</span> <span class='ocrx_word' id='word_1_4' title='bbox 988 200 1148 230; x_wconf 63' lang='lat' dir='ltr'>GttNtzs.</span> 
     </span>
    </p>
   </div>
   <div class='ocr_carea' id='block_1_2' title="bbox 76 284 1108 1802">
    <p class='ocr_par' dir='ltr' id='par_1_2' title="bbox 76 284 1108 1802">
     <span class='ocr_line' id='line_1_2' title="bbox 87 284 1105 339; baseline -0.008 -9"><span class='ocrx_word' id='word_1_5' title='bbox 87 292 155 330; x_wconf 78' lang='grc' dir='ltr'>ἀπὸ</span> <span class='ocrx_word' id='word_1_6' title='bbox 178 292 238 336; x_wconf 69' lang='grc' dir='ltr'>τῆς</span> <span class='ocrx_word' id='word_1_7' title='bbox 267 287 422 331; x_wconf 81' lang='grc' dir='ltr'>δουλείας</span> <span class='ocrx_word' id='word_1_8' title='bbox 438 288 502 333; x_wconf 72' lang='grc' dir='ltr'>τῆς</span> <span class='ocrx_word' id='word_1_9' title='bbox 517 289 643 339; x_wconf 67' lang='grc' dir='ltr'>φθορᾶς</span> <span class='ocrx_word' id='word_1_10' title='bbox 673 289 720 329; x_wconf 88' lang='grc' dir='ltr'>εἷς</span> <span class='ocrx_word' id='word_1_11' title='bbox 743 286 806 332; x_wconf 80' lang='grc' dir='ltr'>τὴν</span> <span class='ocrx_word' id='word_1_12' title='bbox 824 284 1018 337; x_wconf 83' lang='grc' dir='ltr'>ἐλευθερίαν</span> <span class='ocrx_word' id='word_1_13' title='bbox 1036 286 1105 322; x_wconf 81' lang='grc' dir='ltr'>τῶν</span> 
     </span>
     <span class='ocr_line' id='line_1_3' title="bbox 84 345 1108 396; baseline -0.006 -7"><span class='ocrx_word' id='word_1_14' title='bbox 84 353 210 390; x_wconf 87' lang='grc' dir='ltr'>τέκνων</span> <span class='ocrx_word' id='word_1_15' title='bbox 241 354 303 396; x_wconf 70' lang='grc' dir='ltr'>τῆς</span> <span class='ocrx_word' id='word_1_16' title='bbox 328 349 427 396; x_wconf 82' lang='grc' dir='ltr'>δόξης</span> <span class='ocrx_word' id='word_1_17' title='bbox 459 353 519 387; x_wconf 76' lang='grc' dir='ltr'>τοῦ</span> <span class='ocrx_word' id='word_1_18' title='bbox 545 351 658 387; x_wconf 74' lang='grc' dir='ltr'>Θεοῦ·</span> <span class='ocrx_word' id='word_1_19' title='bbox 688 347 778 386; x_wconf 81' lang='grc' dir='ltr'>οὕτω</span> <span class='ocrx_word' id='word_1_20' title='bbox 804 347 863 384; x_wconf 81' lang='grc' dir='ltr'>καὶ</span> <span class='ocrx_word' id='word_1_21' title='bbox 895 352 951 385; x_wconf 86' lang='grc' dir='ltr'>ν’ὗν</span> <span class='ocrx_word' id='word_1_22' title='bbox 985 346 1041 384; x_wconf 79' lang='grc' dir='ltr'>διὰ</span> <span class='ocrx_word' id='word_1_23' title='bbox 1068 345 1108 383; x_wconf 85' lang='grc' dir='ltr'>τὸ</span> 
     </span>
     <span class='ocr_line' id='line_1_4' title="bbox 84 407 1106 463; baseline -0.006 -12"><span class='ocrx_word' id='word_1_24' title='bbox 84 414 212 459; x_wconf 78' lang='grc' dir='ltr'>πλῆθος</span> <span class='ocrx_word' id='word_1_25' title='bbox 241 415 309 449; x_wconf 79' lang='grc' dir='ltr'>τῶν</span> <span class='ocrx_word' id='word_1_26' title='bbox 340 410 607 463; x_wconf 80' lang='grc' dir='ltr'>ἁμαρτημάτιι)ν</span> <span class='ocrx_word' id='word_1_27' title='bbox 637 410 821 461; x_wconf 82' lang='grc' dir='ltr'>μέλλοντος</span> <span class='ocrx_word' id='word_1_28' title='bbox 847 408 967 447; x_wconf 90' lang='grc' dir='ltr'>τούτου</span> <span class='ocrx_word' id='word_1_29' title='bbox 998 407 1106 446; x_wconf 89' lang='grc' dir='ltr'>κολά-</span> 
     </span>
     <span class='ocr_line' id='line_1_5' title="bbox 84 469 1105 524; baseline -0.008 -12"><span class='ocrx_word' id='word_1_30' title='bbox 84 477 199 518; x_wconf 85' lang='grc' dir='ltr'>ζεσθαι</span> <span class='ocrx_word' id='word_1_31' title='bbox 212 503 221 519; x_wconf 94' lang='grc'>,</span> <span class='ocrx_word' id='word_1_32' title='bbox 238 473 298 511; x_wconf 69' lang='grc' dir='ltr'>καὶ</span> <span class='ocrx_word' id='word_1_33' title='bbox 311 471 532 524; x_wconf 72' lang='grc' dir='ltr'>πανωλεθρίᾳ</span> <span class='ocrx_word' id='word_1_34' title='bbox 547 470 823 524; x_wconf 88' lang='grc' dir='ltr'>παραδίδοσθαι,</span> <span class='ocrx_word' id='word_1_35' title='bbox 842 470 900 509; x_wconf 75' lang='grc' dir='ltr'>καὶ</span> <span class='ocrx_word' id='word_1_36' title='bbox 916 470 960 508; x_wconf 84' lang='grc' dir='ltr'>τὰ</span> <span class='ocrx_word' id='word_1_37' title='bbox 975 469 1105 516; x_wconf 82' lang='grc' dir='ltr'>κτήνη,</span> 
     </span>
     <span class='ocr_line' id='line_1_6' title="bbox 82 531 1106 586; baseline -0.005 -13"><span class='ocrx_word' id='word_1_38' title='bbox 82 535 140 573; x_wconf 85' lang='grc' dir='ltr'>καὶ</span> <span class='ocrx_word' id='word_1_39' title='bbox 156 534 200 572; x_wconf 84' lang='grc' dir='ltr'>τὰ</span> <span class='ocrx_word' id='word_1_40' title='bbox 216 533 345 586; x_wconf 83' lang='grc' dir='ltr'>ἑρπετὰ</span> <span class='ocrx_word' id='word_1_41' title='bbox 362 564 370 578; x_wconf 88' lang='grc'>,</span> <span class='ocrx_word' id='word_1_42' title='bbox 391 533 451 572; x_wconf 84' lang='grc' dir='ltr'>καὶ</span> <span class='ocrx_word' id='word_1_43' title='bbox 474 533 518 572; x_wconf 80' lang='grc' dir='ltr'>τὰ</span> <span class='ocrx_word' id='word_1_44' title='bbox 534 532 676 572; x_wconf 82' lang='grc' dir='ltr'>πετεινὰ</span> <span class='ocrx_word' id='word_1_45' title='bbox 695 531 926 570; x_wconf 80' lang='grc' dir='ltr'>συναπολαύει</span> <span class='ocrx_word' id='word_1_46' title='bbox 945 536 1004 570; x_wconf 78' lang='grc' dir='ltr'>τοῦ</span> <span class='ocrx_word' id='word_1_47' title='bbox 1021 532 1106 568; x_wconf 83' lang='grc' dir='ltr'>κλυ-</span> 
     </span>
     <span class='ocr_line' id='line_1_7' title="bbox 83 590 1107 643; baseline -0.006 -10"><span class='ocrx_word' id='word_1_48' title='bbox 83 595 203 634; x_wconf 88' lang='grc' dir='ltr'>δωνίου</span> <span class='ocrx_word' id='word_1_49' title='bbox 240 601 301 634; x_wconf 85' lang='grc' dir='ltr'>τοῦ</span> <span class='ocrx_word' id='word_1_50' title='bbox 338 601 452 634; x_wconf 82' lang='grc' dir='ltr'>πᾶσαν</span> <span class='ocrx_word' id='word_1_51' title='bbox 482 594 545 641; x_wconf 83' lang='grc' dir='ltr'>τὴν</span> <span class='ocrx_word' id='word_1_52' title='bbox 588 593 791 643; x_wconf 85' lang='grc' dir='ltr'>οἰκουμένην</span> <span class='ocrx_word' id='word_1_53' title='bbox 822 590 1107 643; x_wconf 73' lang='grc' dir='ltr'>καταλαμίῗάνειν</span> 
     </span>
     <span class='ocr_line' id='line_1_8' title="bbox 84 650 1106 709; baseline -0.007 -14"><span class='ocrx_word' id='word_1_54' title='bbox 84 656 279 707; x_wconf 81' lang='grc' dir='ltr'>μέλλοντος.</span> <span class='ocrx_word' id='word_1_55' title='bbox 299 657 367 695; x_wconf 79' lang='grc' dir='ltr'>Καὶ</span> <span class='ocrx_word' id='word_1_56' title='bbox 380 656 538 708; x_wconf 83' lang='grc' dir='ltr'>καθάπερ</span> <span class='ocrx_word' id='word_1_57' title='bbox 555 658 588 694; x_wconf 83' lang='grc' dir='ltr'>ἐν</span> <span class='ocrx_word' id='word_1_58' title='bbox 606 655 718 709; x_wconf 77' lang='grc' dir='ltr'>οἰκία,</span> <span class='ocrx_word' id='word_1_59' title='bbox 733 659 793 693; x_wconf 75' lang='grc' dir='ltr'>τοῦ</span> <span class='ocrx_word' id='word_1_60' title='bbox 809 655 1025 707; x_wconf 84' lang='grc' dir='ltr'>προεστῶτος</span> <span class='ocrx_word' id='word_1_61' title='bbox 1040 650 1106 688; x_wconf 81' lang='grc' dir='ltr'>ὑπὸ</span> 
     </span>
     <span class='ocr_line' id='line_1_9' title="bbox 81 711 1108 768; baseline -0.007 -12"><span class='ocrx_word' id='word_1_62' title='bbox 81 718 143 764; x_wconf 68' lang='grc' dir='ltr'>τὴν</span> <span class='ocrx_word' id='word_1_63' title='bbox 156 718 362 764; x_wconf 85' lang='grc' dir='ltr'>δεσποτικὴν</span> <span class='ocrx_word' id='word_1_64' title='bbox 374 718 608 768; x_wconf 78' lang='grc' dir='ltr'>ἀγανάκτησιν</span> <span class='ocrx_word' id='word_1_65' title='bbox 624 716 820 768; x_wconf 81' lang='grc' dir='ltr'>γεγονότος,</span> <span class='ocrx_word' id='word_1_66' title='bbox 836 714 896 752; x_wconf 78' lang='grc' dir='ltr'>καὶ</span> <span class='ocrx_word' id='word_1_67' title='bbox 909 711 1010 756; x_wconf 56' lang='grc' dir='ltr'>ιητοὺς</span> <span class='ocrx_word' id='word_1_68' title='bbox 1026 727 1108 750; x_wconf 92' lang='grc' dir='ltr'>συν-</span> 
     </span>
     <span class='ocr_line' id='line_1_10' title="bbox 80 771 1104 831; baseline -0.008 -14"><span class='ocrx_word' id='word_1_69' title='bbox 80 784 335 831; x_wconf 81' lang='grc' dir='ltr'>υπηρετοῦντας</span> <span class='ocrx_word' id='word_1_70' title='bbox 355 778 488 822; x_wconf 79' lang='grc' dir='ltr'>πάντας</span> <span class='ocrx_word' id='word_1_71' title='bbox 507 778 597 821; x_wconf 83' lang='grc' dir='ltr'>εἰκὸς</span> <span class='ocrx_word' id='word_1_72' title='bbox 619 782 793 815; x_wconf 83' lang='grc' dir='ltr'>κοινωνεῖν</span> <span class='ocrx_word' id='word_1_73' title='bbox 807 777 870 820; x_wconf 77' lang='grc' dir='ltr'>τῆς</span> <span class='ocrx_word' id='word_1_74' title='bbox 895 771 1085 825; x_wconf 79' lang='grc' dir='ltr'>κατηφείας</span> <span class='ocrx_word' id='word_1_75' title='bbox 1097 787 1104 795; x_wconf 93' lang='grc'>·</span> 
     </span>
     <span class='ocr_line' id='line_1_11' title="bbox 80 832 1106 891; baseline -0.009 -12"><span class='ocrx_word' id='word_1_76' title='bbox 80 842 138 879; x_wconf 85' lang='grc' dir='ltr'>τὸν</span> <span class='ocrx_word' id='word_1_77' title='bbox 156 841 260 879; x_wconf 81' lang='grc' dir='ltr'>αὐτὸν</span> <span class='ocrx_word' id='word_1_78' title='bbox 291 839 333 887; x_wconf 83' lang='grc' dir='ltr'>δὴ</span> <span class='ocrx_word' id='word_1_79' title='bbox 358 840 485 891; x_wconf 85' lang='grc' dir='ltr'>τρόπον</span> <span class='ocrx_word' id='word_1_80' title='bbox 507 839 566 876; x_wconf 77' lang='grc' dir='ltr'>καὶ</span> <span class='ocrx_word' id='word_1_81' title='bbox 593 840 759 882; x_wconf 81' lang='grc' dir='ltr'>ἐνταῦθα,</span> <span class='ocrx_word' id='word_1_82' title='bbox 780 835 937 887; x_wconf 83' lang='grc' dir='ltr'>καθάπερ</span> <span class='ocrx_word' id='word_1_83' title='bbox 959 836 994 872; x_wconf 85' lang='grc' dir='ltr'>ἐν</span> <span class='ocrx_word' id='word_1_84' title='bbox 1014 832 1106 885; x_wconf 72' lang='grc' dir='ltr'>οἰκία</span> 
     </span>
     <span class='ocr_line' id='line_1_12' title="bbox 79 894 1105 953; baseline -0.007 -15"><span class='ocrx_word' id='word_1_85' title='bbox 79 904 147 939; x_wconf 87' lang='grc' dir='ltr'>τῶν</span> <span class='ocrx_word' id='word_1_86' title='bbox 161 900 351 953; x_wconf 70' lang='grc' dir='ltr'>ἀνθρώπων</span> <span class='ocrx_word' id='word_1_87' title='bbox 360 899 622 950; x_wconf 79' lang='grc' dir='ltr'>ἀπολλυμένων,</span> <span class='ocrx_word' id='word_1_88' title='bbox 633 898 771 936; x_wconf 88' lang='grc' dir='ltr'>ἅπαντα</span> <span class='ocrx_word' id='word_1_89' title='bbox 782 896 827 935; x_wconf 85' lang='grc' dir='ltr'>τὰ</span> <span class='ocrx_word' id='word_1_90' title='bbox 841 899 875 935; x_wconf 86' lang='grc' dir='ltr'>ἐν</span> <span class='ocrx_word' id='word_1_91' title='bbox 889 898 932 946; x_wconf 79' lang='grc' dir='ltr'>τῇ</span> <span class='ocrx_word' id='word_1_92' title='bbox 945 894 1037 947; x_wconf 80' lang='grc' dir='ltr'>οἰκίᾳ</span> <span class='ocrx_word' id='word_1_93' title='bbox 1046 894 1105 932; x_wconf 81' lang='grc' dir='ltr'>καὶ</span> 
     </span>
     <span class='ocr_line' id='line_1_13' title="bbox 77 955 1104 1011; baseline -0.007 -11"><span class='ocrx_word' id='word_1_94' title='bbox 77 961 121 1000; x_wconf 69' lang='grc' dir='ltr'>τὰ</span> <span class='ocrx_word' id='word_1_95' title='bbox 137 961 203 1000; x_wconf 82' lang='grc' dir='ltr'>ὑπὸ</span> <span class='ocrx_word' id='word_1_96' title='bbox 218 961 280 1008; x_wconf 76' lang='grc' dir='ltr'>τὴν</span> <span class='ocrx_word' id='word_1_97' title='bbox 294 960 416 999; x_wconf 86' lang='grc' dir='ltr'>τούτου</span> <span class='ocrx_word' id='word_1_98' title='bbox 427 959 632 999; x_wconf 83' lang='grc' dir='ltr'>δεσποτείαν</span> <span class='ocrx_word' id='word_1_99' title='bbox 648 957 868 1011; x_wconf 71' lang='grc' dir='ltr'>τυγχάνοντα</span> <span class='ocrx_word' id='word_1_100' title='bbox 884 955 1018 1008; x_wconf 80' lang='grc' dir='ltr'>ἀνάγκη</span> <span class='ocrx_word' id='word_1_101' title='bbox 1035 955 1104 994; x_wconf 83' lang='grc' dir='ltr'>ὑπὸ</span> 
     </span>
     <span class='ocr_line' id='line_1_14' title="bbox 77 1016 1102 1074; baseline -0.006 -14"><span class='ocrx_word' id='word_1_102' title='bbox 77 1022 140 1068; x_wconf 78' lang='grc' dir='ltr'>τὴν</span> <span class='ocrx_word' id='word_1_103' title='bbox 161 1021 268 1069; x_wconf 73' lang='grc' dir='ltr'>αὐτὴν</span> <span class='ocrx_word' id='word_1_104' title='bbox 292 1020 464 1074; x_wconf 81' lang='grc' dir='ltr'>τιμωρίαν</span> <span class='ocrx_word' id='word_1_105' title='bbox 490 1025 620 1058; x_wconf 86' lang='grc' dir='ltr'>πεσεῖν.</span> <span class='ocrx_word' id='word_1_106' title='bbox 643 1019 712 1058; x_wconf 80' lang='grc' dir='ltr'>Καὶ</span> <span class='ocrx_word' id='word_1_107' title='bbox 732 1017 958 1068; x_wconf 75' lang='grc' dir='ltr'>ἐνεθυμήθην,</span> <span class='ocrx_word' id='word_1_108' title='bbox 985 1016 1102 1068; x_wconf 75' lang='grc' dir='ltr'>φησὶν,</span> 
     </span>
     <span class='ocr_line' id='line_1_15' title="bbox 77 1077 1102 1133; baseline -0.005 -12"><span class='ocrx_word' id='word_1_109' title='bbox 77 1083 130 1122; x_wconf 80' lang='grc' dir='ltr'>ὅτι</span> <span class='ocrx_word' id='word_1_110' title='bbox 149 1082 297 1130; x_wconf 84' lang='grc' dir='ltr'>ἐποίησα</span> <span class='ocrx_word' id='word_1_111' title='bbox 312 1082 447 1126; x_wconf 79' lang='grc' dir='ltr'>αὐτούς.</span> <span class='ocrx_word' id='word_1_112' title='bbox 466 1081 587 1128; x_wconf 89' lang='grc' dir='ltr'>Πόσης</span> <span class='ocrx_word' id='word_1_113' title='bbox 603 1080 898 1133; x_wconf 69' lang='grc' dir='ltr'>συγκαταὸάσεως</span> <span class='ocrx_word' id='word_1_114' title='bbox 917 1077 1014 1117; x_wconf 70' lang='grc' dir='ltr'>τουτὶ</span> <span class='ocrx_word' id='word_1_115' title='bbox 1035 1093 1102 1116; x_wconf 81' lang='grc' dir='ltr'>πε-</span> 
     </span>
     <span class='ocr_line' id='line_1_16' title="bbox 78 1140 1103 1197; baseline -0.004 -15"><span class='ocrx_word' id='word_1_116' title='bbox 78 1144 263 1197; x_wconf 73' lang='grc' dir='ltr'>πλήρωται</span> <span class='ocrx_word' id='word_1_117' title='bbox 289 1145 330 1182; x_wconf 82' lang='grc' dir='ltr'>τὸ</span> <span class='ocrx_word' id='word_1_118' title='bbox 359 1147 474 1196; x_wconf 70' lang='grc' dir='ltr'>ῥῆμα,</span> <span class='ocrx_word' id='word_1_119' title='bbox 494 1145 554 1189; x_wconf 83' lang='grc' dir='ltr'>Μὴ</span> <span class='ocrx_word' id='word_1_120' title='bbox 579 1142 647 1195; x_wconf 79' lang='grc' dir='ltr'>γὰρ</span> <span class='ocrx_word' id='word_1_121' title='bbox 678 1141 884 1193; x_wconf 70' lang='grc' dir='ltr'>ἐίῗουλόμην,</span> <span class='ocrx_word' id='word_1_122' title='bbox 910 1140 1019 1193; x_wconf 72' lang='grc' dir='ltr'>φησὶ,</span> <span class='ocrx_word' id='word_1_123' title='bbox 1042 1155 1103 1178; x_wconf 87' lang='grc' dir='ltr'>το-</span> 
     </span>
     <span class='ocr_line' id='line_1_17' title="bbox 79 1202 1104 1258; baseline -0.005 -15"><span class='ocrx_word' id='word_1_124' title='bbox 79 1204 190 1256; x_wconf 80' lang='grc' dir='ltr'>σαύτῃ</span> <span class='ocrx_word' id='word_1_125' title='bbox 204 1204 358 1258; x_wconf 73' lang='grc' dir='ltr'>τιμωρία</span> <span class='ocrx_word' id='word_1_126' title='bbox 378 1203 500 1248; x_wconf 82' lang='grc' dir='ltr'>αὐτοὺς</span> <span class='ocrx_word' id='word_1_127' title='bbox 519 1203 740 1256; x_wconf 72' lang='grc' dir='ltr'>περιὸαλεῖν;</span> <span class='ocrx_word' id='word_1_128' title='bbox 762 1202 867 1240; x_wconf 83' lang='grc' dir='ltr'>Αὖτοί</span> <span class='ocrx_word' id='word_1_129' title='bbox 883 1218 926 1252; x_wconf 81' lang='grc' dir='ltr'>με</span> <span class='ocrx_word' id='word_1_130' title='bbox 943 1205 985 1253; x_wconf 84' lang='grc' dir='ltr'>τῇ</span> <span class='ocrx_word' id='word_1_131' title='bbox 1002 1203 1104 1252; x_wconf 78' lang='grc' dir='ltr'>ὓπερ-</span> 
     </span>
     <span class='ocr_line' id='line_1_18' title="bbox 80 1261 1103 1317; baseline -0.003 -15"><span class='ocrx_word' id='word_1_132' title='bbox 80 1265 166 1317; x_wconf 76' lang='grc' dir='ltr'>Εῗολῇ</span> <span class='ocrx_word' id='word_1_133' title='bbox 192 1268 254 1312; x_wconf 78' lang='grc' dir='ltr'>τῆς</span> <span class='ocrx_word' id='word_1_134' title='bbox 281 1265 500 1317; x_wconf 84' lang='grc' dir='ltr'>παρανομίας</span> <span class='ocrx_word' id='word_1_135' title='bbox 533 1267 581 1308; x_wconf 80' lang='grc' dir='ltr'>εἷς</span> <span class='ocrx_word' id='word_1_136' title='bbox 616 1263 788 1310; x_wconf 79' lang='grc' dir='ltr'>τοσαύτην</span> <span class='ocrx_word' id='word_1_137' title='bbox 825 1263 1011 1314; x_wconf 76' lang='grc' dir='ltr'>ἐξήνεγκαν</span> <span class='ocrx_word' id='word_1_138' title='bbox 1039 1261 1103 1309; x_wconf 86' lang='grc' dir='ltr'>τὴν</span> 
     </span>
     <span class='ocr_line' id='line_1_19' title="bbox 80 1321 1102 1377; baseline -0.002 -15"><span class='ocrx_word' id='word_1_139' title='bbox 80 1327 327 1377; x_wconf 83' lang='grc' dir='ltr'>ἀγανάκτησιν.</span> <span class='ocrx_word' id='word_1_140' title='bbox 348 1321 434 1364; x_wconf 69' lang='grc' dir='ltr'>Εἶτα</span> <span class='ocrx_word' id='word_1_141' title='bbox 450 1326 505 1363; x_wconf 77' lang='grc' dir='ltr'>ἰ’να</span> <span class='ocrx_word' id='word_1_142' title='bbox 526 1326 574 1376; x_wconf 88' lang='grc' dir='ltr'>μὴ</span> <span class='ocrx_word' id='word_1_143' title='bbox 589 1325 787 1376; x_wconf 85' lang='grc' dir='ltr'>νομίσωμεν</span> <span class='ocrx_word' id='word_1_144' title='bbox 802 1325 999 1376; x_wconf 82' lang='grc' dir='ltr'>ἀφανισμὸν</span> <span class='ocrx_word' id='word_1_145' title='bbox 1018 1338 1102 1361; x_wconf 89' lang='grc' dir='ltr'>παν·</span> 
     </span>
     <span class='ocr_line' id='line_1_20' title="bbox 78 1384 1102 1440; baseline -0.002 -16"><span class='ocrx_word' id='word_1_146' title='bbox 78 1387 162 1433; x_wconf 84' lang='grc' dir='ltr'>τελῆ</span> <span class='ocrx_word' id='word_1_147' title='bbox 181 1390 241 1425; x_wconf 81' lang='grc' dir='ltr'>τοῦ</span> <span class='ocrx_word' id='word_1_148' title='bbox 259 1390 328 1425; x_wconf 83' lang='grc' dir='ltr'>τῶν</span> <span class='ocrx_word' id='word_1_149' title='bbox 349 1386 540 1440; x_wconf 79' lang='grc' dir='ltr'>ἀνθρώπων</span> <span class='ocrx_word' id='word_1_150' title='bbox 558 1386 712 1438; x_wconf 87' lang='grc' dir='ltr'>γίνεσθαι</span> <span class='ocrx_word' id='word_1_151' title='bbox 727 1385 860 1437; x_wconf 84' lang='grc' dir='ltr'>γένους,</span> <span class='ocrx_word' id='word_1_152' title='bbox 883 1384 972 1436; x_wconf 81' lang='grc' dir='ltr'>μηδὲ</span> <span class='ocrx_word' id='word_1_153' title='bbox 993 1384 1102 1436; x_wconf 75' lang='grc' dir='ltr'>πρόῤ·</span> 
     </span>
     <span class='ocr_line' id='line_1_21' title="bbox 80 1445 1102 1501; baseline -0.003 -15"><span class='ocrx_word' id='word_1_154' title='bbox 80 1450 170 1500; x_wconf 84' lang='grc' dir='ltr'>ῥιζον</span> <span class='ocrx_word' id='word_1_155' title='bbox 184 1447 246 1495; x_wconf 81' lang='grc' dir='ltr'>τὴν</span> <span class='ocrx_word' id='word_1_156' title='bbox 261 1447 435 1500; x_wconf 77' lang='grc' dir='ltr'>ἡμετέραν</span> <span class='ocrx_word' id='word_1_157' title='bbox 450 1448 550 1500; x_wconf 78' lang='grc' dir='ltr'>φύσιν</span> <span class='ocrx_word' id='word_1_158' title='bbox 572 1447 815 1501; x_wconf 72' lang='grc' dir='ltr'>ἀφανίζεσθαι,</span> <span class='ocrx_word' id='word_1_159' title='bbox 830 1445 920 1485; x_wconf 80' lang='grc' dir='ltr'>ἀλλὰ</span> <span class='ocrx_word' id='word_1_160' title='bbox 936 1445 1102 1497; x_wconf 87' lang='grc' dir='ltr'>μάθωμεν</span> 
     </span>
     <span class='ocr_line' id='line_1_22' title="bbox 76 1505 1103 1561; baseline -0.003 -14"><span class='ocrx_word' id='word_1_161' title='bbox 76 1508 156 1548; x_wconf 79' lang='grc' dir='ltr'>ὅσον</span> <span class='ocrx_word' id='word_1_162' title='bbox 171 1509 276 1548; x_wconf 81' lang='grc' dir='ltr'>κακὸν</span> <span class='ocrx_word' id='word_1_163' title='bbox 296 1509 452 1561; x_wconf 87' lang='grc' dir='ltr'>ἁμαρτία</span> <span class='ocrx_word' id='word_1_164' title='bbox 464 1540 472 1555; x_wconf 88' lang='grc'>,</span> <span class='ocrx_word' id='word_1_165' title='bbox 489 1509 549 1548; x_wconf 79' lang='grc' dir='ltr'>καὶ</span> <span class='ocrx_word' id='word_1_166' title='bbox 569 1508 647 1548; x_wconf 82' lang='grc' dir='ltr'>ὅσον</span> <span class='ocrx_word' id='word_1_167' title='bbox 666 1508 794 1560; x_wconf 83' lang='grc' dir='ltr'>ἀγαθὸν</span> <span class='ocrx_word' id='word_1_168' title='bbox 821 1507 928 1560; x_wconf 81' lang='grc' dir='ltr'>ἀρετὴ</span> <span class='ocrx_word' id='word_1_169' title='bbox 942 1538 951 1555; x_wconf 90' lang='grc'>,</span> <span class='ocrx_word' id='word_1_170' title='bbox 971 1507 1030 1546; x_wconf 85' lang='grc' dir='ltr'>καὶ</span> <span class='ocrx_word' id='word_1_171' title='bbox 1049 1505 1103 1545; x_wconf 77' lang='grc' dir='ltr'>ὅτι</span> 
     </span>
     <span class='ocr_line' id='line_1_23' title="bbox 78 1565 1103 1623; baseline -0.003 -15"><span class='ocrx_word' id='word_1_172' title='bbox 78 1569 256 1623; x_wconf 81' lang='grc' dir='ltr'>Κρείσσων</span> <span class='ocrx_word' id='word_1_173' title='bbox 276 1565 324 1614; x_wconf 72' lang='grc' dir='ltr'>εἷς</span> <span class='ocrx_word' id='word_1_174' title='bbox 347 1573 455 1608; x_wconf 86' lang='grc' dir='ltr'>ποιῶν</span> <span class='ocrx_word' id='word_1_175' title='bbox 475 1570 611 1621; x_wconf 83' lang='grc' dir='ltr'>θέλημα</span> <span class='ocrx_word' id='word_1_176' title='bbox 636 1569 782 1622; x_wconf 87' lang='grc' dir='ltr'>Κυρίου,</span> <span class='ocrx_word' id='word_1_177' title='bbox 803 1569 825 1616; x_wconf 84' lang='grc' dir='ltr'>ἢ</span> <span class='ocrx_word' id='word_1_178' title='bbox 849 1568 966 1623; x_wconf 89' lang='grc' dir='ltr'>μυρίοι</span> <span class='ocrx_word' id='word_1_179' title='bbox 989 1567 1103 1621; x_wconf 90' lang='grc' dir='ltr'>παρά-</span> 
     </span>
     <span class='ocr_line' id='line_1_24' title="bbox 77 1627 1104 1684; baseline 0 -17"><span class='ocrx_word' id='word_1_180' title='bbox 77 1645 198 1680; x_wconf 88' lang='grc' dir='ltr'>νομοι,</span> <span class='ocrx_word' id='word_1_181' title='bbox 215 1631 300 1683; x_wconf 78' lang='grc' dir='ltr'>φησί</span> <span class='ocrx_word' id='word_1_182' title='bbox 314 1647 321 1655; x_wconf 95' lang='grc'><strong><em>·</em></strong></span> <span class='ocrx_word' id='word_1_183' title='bbox 346 1633 427 1670; x_wconf 72' lang='grc' dir='ltr'>Νῶε</span> <span class='ocrx_word' id='word_1_184' title='bbox 446 1631 482 1669; x_wconf 87' lang='grc' dir='ltr'>δὲ</span> <span class='ocrx_word' id='word_1_185' title='bbox 500 1627 576 1684; x_wconf 65' lang='grc' dir='ltr'>εἶρε</span> <span class='ocrx_word' id='word_1_186' title='bbox 596 1631 700 1684; x_wconf 72' lang='grc' dir='ltr'>χάριν</span> <span class='ocrx_word' id='word_1_187' title='bbox 720 1631 872 1669; x_wconf 86' lang='grc' dir='ltr'>ἐναντίον</span> <span class='ocrx_word' id='word_1_188' title='bbox 892 1629 1025 1682; x_wconf 88' lang='grc' dir='ltr'>Κυρίου</span> <span class='ocrx_word' id='word_1_189' title='bbox 1043 1633 1104 1668; x_wconf 78' lang='grc' dir='ltr'>τοῦ</span> 
     </span>
     <span class='ocr_line' id='line_1_25' title="bbox 78 1689 1103 1744; baseline -0.002 -15"><span class='ocrx_word' id='word_1_190' title='bbox 78 1692 183 1730; x_wconf 79' lang='grc' dir='ltr'>Θεοῦ.</span> <span class='ocrx_word' id='word_1_191' title='bbox 215 1693 259 1730; x_wconf 80' lang='grc' dir='ltr'>Εἰ</span> <span class='ocrx_word' id='word_1_192' title='bbox 278 1691 337 1729; x_wconf 82' lang='grc' dir='ltr'>καὶ</span> <span class='ocrx_word' id='word_1_193' title='bbox 361 1693 400 1730; x_wconf 85' lang='grc' dir='ltr'>τὸ</span> <span class='ocrx_word' id='word_1_194' title='bbox 421 1694 552 1739; x_wconf 73' lang='grc' dir='ltr'>πλῆθος</span> <span class='ocrx_word' id='word_1_195' title='bbox 570 1692 677 1740; x_wconf 85' lang='grc' dir='ltr'>ἅπαν,</span> <span class='ocrx_word' id='word_1_196' title='bbox 696 1691 802 1744; x_wconf 79' lang='grc' dir='ltr'>φησὶ,</span> <span class='ocrx_word' id='word_1_197' title='bbox 821 1691 907 1743; x_wconf 83' lang='grc' dir='ltr'>πρὸς</span> <span class='ocrx_word' id='word_1_198' title='bbox 929 1689 1103 1736; x_wconf 84' lang='grc' dir='ltr'>τοσαύτην</span> 
     </span>
     <span class='ocr_line' id='line_1_26' title="bbox 78 1747 1104 1802; baseline 0 -13"><span class='ocrx_word' id='word_1_199' title='bbox 78 1751 204 1790; x_wconf 86' lang='grc' dir='ltr'>κακίαν</span> <span class='ocrx_word' id='word_1_200' title='bbox 222 1752 418 1798; x_wconf 83' lang='grc' dir='ltr'>ἐξώκειλεν,</span> <span class='ocrx_word' id='word_1_201' title='bbox 444 1755 521 1791; x_wconf 85' lang='grc' dir='ltr'>ἀλλ’</span> <span class='ocrx_word' id='word_1_202' title='bbox 542 1757 560 1792; x_wconf 83' lang='grc' dir='ltr'>ὁ</span> <span class='ocrx_word' id='word_1_203' title='bbox 581 1753 711 1797; x_wconf 88' lang='grc' dir='ltr'>δίκαιος</span> <span class='ocrx_word' id='word_1_204' title='bbox 731 1747 828 1796; x_wconf 68' lang='grc' dir='ltr'>οὗτος</span> <span class='ocrx_word' id='word_1_205' title='bbox 850 1752 908 1790; x_wconf 84' lang='grc' dir='ltr'>τὸν</span> <span class='ocrx_word' id='word_1_206' title='bbox 929 1754 1104 1802; x_wconf 73' lang='grc' dir='ltr'>σπινθῆρα</span> 
     </span>
    </p>
   </div>
   <div class='ocr_carea' id='block_1_3' title="bbox 1129 645 1154 674">
    <p class='ocr_par' dir='ltr' id='par_1_3' title="bbox 1129 645 1154 674">
     <span class='ocr_line' id='line_1_27' title="bbox 1129 645 1154 674; baseline 0 0"><span class='ocrx_word' id='word_1_207' title='bbox 1129 645 1154 674; x_wconf 90' lang='lat' dir='ltr'>D</span> 
     </span>
    </p>
   </div>
   <div class='ocr_carea' id='block_1_4' title="bbox 2072 187 2094 199">
    <p class='ocr_par' dir='ltr' id='par_1_4' title="bbox 2072 187 2094 199">
     <span class='ocr_line' id='line_1_28' title="bbox 2072 187 2094 199; baseline 0 0"><span class='ocrx_word' id='word_1_208' title='bbox 2072 187 2094 199; x_wconf 64' lang='grc' dir='ltr'><em>Π</em></span> 
     </span>
    </p>
   </div>
   <div class='ocr_carea' id='block_1_5' title="bbox 1191 199 2127 248">
    <p class='ocr_par' dir='ltr' id='par_1_5' title="bbox 1191 199 2127 248">
     <span class='ocr_line' id='line_1_29' title="bbox 1191 199 2127 248; baseline 0 -18"><span class='ocrx_word' id='word_1_209' title='bbox 1191 199 1346 230; x_wconf 64' lang='lat' dir='ltr'>nontin.</span> <span class='ocrx_word' id='word_1_210' title='bbox 1388 200 1498 230; x_wconf 52' lang='lat' dir='ltr'>xttt.</span> <span class='ocrx_word' id='word_1_211' title='bbox 2040 201 2127 248; x_wconf 65' lang='lat'>237</span> 
     </span>
    </p>
   </div>
   <div class='ocr_carea' id='block_1_6' title="bbox 1175 284 2314 1806">
    <p class='ocr_par' dir='ltr' id='par_1_6' title="bbox 1175 284 2314 1806">
     <span class='ocr_line' id='line_1_30' title="bbox 1181 284 2131 335; baseline 0.002 -14"><span class='ocrx_word' id='word_1_212' title='bbox 1181 286 1283 322; x_wconf 80' lang='lat' dir='ltr'>bitur</span> <span class='ocrx_word' id='word_1_213' title='bbox 1305 298 1331 322; x_wconf 83' lang='grc' dir='ltr'>α</span> <span class='ocrx_word' id='word_1_214' title='bbox 1357 287 1540 322; x_wconf 78' lang='lat' dir='ltr'>servitute</span> <span class='ocrx_word' id='word_1_215' title='bbox 1566 287 1822 335; x_wconf 74' lang='lat' dir='ltr'><em>corruptionis</em></span> <span class='ocrx_word' id='word_1_216' title='bbox 1848 287 1890 321; x_wconf 85' lang='lat' dir='ltr'>in</span> <span class='ocrx_word' id='word_1_217' title='bbox 1912 284 2131 323; x_wconf 81' lang='lat' dir='ltr'>libertatem</span> 
     </span>
     <span class='ocr_line' id='line_1_31' title="bbox 1176 346 2133 400; baseline -0.003 -16"><span class='ocrx_word' id='word_1_218' title='bbox 1176 348 1350 398; x_wconf 78' lang='lat' dir='ltr'>filiorum</span> <span class='ocrx_word' id='word_1_219' title='bbox 1362 348 1497 400; x_wconf 69' lang='lat' dir='ltr'>gloria?</span> <span class='ocrx_word' id='word_1_220' title='bbox 1514 348 1590 384; x_wconf 79' lang='lat' dir='ltr'>Dei</span> <span class='ocrx_word' id='word_1_221' title='bbox 1607 361 1617 382; x_wconf 89' lang='lat'>.·</span> <span class='ocrx_word' id='word_1_222' title='bbox 1638 346 1689 383; x_wconf 82' lang='lat' dir='ltr'>sic</span> <span class='ocrx_word' id='word_1_223' title='bbox 1705 355 1740 383; x_wconf 93' lang='lat' dir='ltr'>et</span> <span class='ocrx_word' id='word_1_224' title='bbox 1756 359 1848 383; x_wconf 90' lang='lat' dir='ltr'>nunc</span> <span class='ocrx_word' id='word_1_225' title='bbox 1863 359 1944 383; x_wconf 88' lang='lat' dir='ltr'>cum</span> <span class='ocrx_word' id='word_1_226' title='bbox 1960 346 2066 383; x_wconf 84' lang='lat' dir='ltr'>homo</span> <span class='ocrx_word' id='word_1_227' title='bbox 2085 347 2133 384; x_wconf 71' lang='lat' dir='ltr'>ol)</span> 
     </span>
     <span class='ocr_line' id='line_1_32' title="bbox 1180 405 2134 461; baseline -0.003 -15"><span class='ocrx_word' id='word_1_228' title='bbox 1180 408 1448 446; x_wconf 71' lang='lat' dir='ltr'>multitudinem</span> <span class='ocrx_word' id='word_1_229' title='bbox 1466 417 1692 461; x_wconf 85' lang='lat' dir='ltr'>peccatorum</span> <span class='ocrx_word' id='word_1_230' title='bbox 1709 405 1926 459; x_wconf 87' lang='lat' dir='ltr'>puniendus,</span> <span class='ocrx_word' id='word_1_231' title='bbox 1938 415 1972 444; x_wconf 87' lang='lat' dir='ltr'>et</span> <span class='ocrx_word' id='word_1_232' title='bbox 1990 407 2134 444; x_wconf 81' lang='lat' dir='ltr'>univer-</span> 
     </span>
     <span class='ocr_line' id='line_1_33' title="bbox 1180 467 2132 522; baseline -0.003 -15"><span class='ocrx_word' id='word_1_233' title='bbox 1180 469 1244 507; x_wconf 88' lang='lat' dir='ltr'>sali</span> <span class='ocrx_word' id='word_1_234' title='bbox 1267 469 1459 522; x_wconf 78' lang='lat' dir='ltr'>perditioni</span> <span class='ocrx_word' id='word_1_235' title='bbox 1488 468 1681 507; x_wconf 89' lang='lat' dir='ltr'>tradendus</span> <span class='ocrx_word' id='word_1_236' title='bbox 1707 476 1808 516; x_wconf 87' lang='lat' dir='ltr'>esset,</span> <span class='ocrx_word' id='word_1_237' title='bbox 1827 467 1935 506; x_wconf 91' lang='lat' dir='ltr'>etiam</span> <span class='ocrx_word' id='word_1_238' title='bbox 1954 468 2132 520; x_wconf 87' lang='lat' dir='ltr'>jumenta,</span> 
     </span>
     <span class='ocr_line' id='line_1_34' title="bbox 1180 528 2135 583; baseline -0.002 -16"><span class='ocrx_word' id='word_1_239' title='bbox 1180 539 1213 567; x_wconf 87' lang='lat' dir='ltr'>et</span> <span class='ocrx_word' id='word_1_240' title='bbox 1231 531 1389 583; x_wconf 88' lang='lat' dir='ltr'>reptilia,</span> <span class='ocrx_word' id='word_1_241' title='bbox 1409 540 1441 569; x_wconf 90' lang='lat' dir='ltr'>ct</span> <span class='ocrx_word' id='word_1_242' title='bbox 1462 530 1626 570; x_wconf 77' lang='lat' dir='ltr'>volatilia</span> <span class='ocrx_word' id='word_1_243' title='bbox 1648 530 1723 567; x_wconf 77' lang='lat' dir='ltr'>caeli</span> <span class='ocrx_word' id='word_1_244' title='bbox 1749 529 1855 568; x_wconf 90' lang='lat' dir='ltr'>simul</span> <span class='ocrx_word' id='word_1_245' title='bbox 1873 538 2021 582; x_wconf 88' lang='lat' dir='ltr'>pereunt</span> <span class='ocrx_word' id='word_1_246' title='bbox 2039 528 2135 566; x_wconf 91' lang='lat' dir='ltr'>dilu-</span> 
     </span>
     <span class='ocr_line' id='line_1_35' title="bbox 1180 587 2135 640; baseline 0 -14"><span class='ocrx_word' id='word_1_247' title='bbox 1180 589 1250 635; x_wconf 83' lang='lat' dir='ltr'>vio,</span> <span class='ocrx_word' id='word_1_248' title='bbox 1275 589 1371 640; x_wconf 90' lang='lat' dir='ltr'>quod</span> <span class='ocrx_word' id='word_1_249' title='bbox 1388 599 1502 628; x_wconf 87' lang='lat' dir='ltr'>totum</span> <span class='ocrx_word' id='word_1_250' title='bbox 1516 590 1640 628; x_wconf 88' lang='lat' dir='ltr'>orbem</span> <span class='ocrx_word' id='word_1_251' title='bbox 1660 590 1869 628; x_wconf 85' lang='lat' dir='ltr'>invasurum</span> <span class='ocrx_word' id='word_1_252' title='bbox 1883 598 1969 628; x_wconf 89' lang='lat' dir='ltr'>erat.</span> <span class='ocrx_word' id='word_1_253' title='bbox 1982 587 2030 626; x_wconf 79' lang='lat' dir='ltr'>Et</span> <span class='ocrx_word' id='word_1_254' title='bbox 2043 588 2135 626; x_wconf 87' lang='lat' dir='ltr'>sicut</span> 
     </span>
     <span class='ocr_line' id='line_1_36' title="bbox 1180 650 2135 705; baseline 0 -17"><span class='ocrx_word' id='word_1_255' title='bbox 1180 651 1215 688; x_wconf 93' lang='lat' dir='ltr'>in</span> <span class='ocrx_word' id='word_1_256' title='bbox 1238 651 1357 698; x_wconf 85' lang='lat' dir='ltr'>domo,</span> <span class='ocrx_word' id='word_1_257' title='bbox 1374 651 1516 702; x_wconf 85' lang='lat' dir='ltr'>quando</span> <span class='ocrx_word' id='word_1_258' title='bbox 1531 652 1559 690; x_wconf 91' lang='lat' dir='ltr'>is</span> <span class='ocrx_word' id='word_1_259' title='bbox 1573 652 1635 703; x_wconf 86' lang='lat' dir='ltr'>qui</span> <span class='ocrx_word' id='word_1_260' title='bbox 1656 661 1782 705; x_wconf 80' lang='lat' dir='ltr'>praeest</span> <span class='ocrx_word' id='word_1_261' title='bbox 1798 652 1834 689; x_wconf 93' lang='lat' dir='ltr'>in</span> <span class='ocrx_word' id='word_1_262' title='bbox 1852 650 2135 703; x_wconf 81' lang='lat' dir='ltr'>indignationem</span> 
     </span>
     <span class='ocr_line' id='line_1_37' title="bbox 1178 711 2134 759; baseline -0.001 -10"><span class='ocrx_word' id='word_1_263' title='bbox 1178 712 1315 750; x_wconf 87' lang='lat' dir='ltr'>domini</span> <span class='ocrx_word' id='word_1_264' title='bbox 1346 712 1495 759; x_wconf 85' lang='lat' dir='ltr'>incidit,</span> <span class='ocrx_word' id='word_1_265' title='bbox 1531 713 1642 751; x_wconf 85' lang='lat' dir='ltr'>solent</span> <span class='ocrx_word' id='word_1_266' title='bbox 1673 713 1909 751; x_wconf 82' lang='lat' dir='ltr'>comministri</span> <span class='ocrx_word' id='word_1_267' title='bbox 1947 726 2069 750; x_wconf 90' lang='lat' dir='ltr'>omnes</span> <span class='ocrx_word' id='word_1_268' title='bbox 2101 711 2134 749; x_wconf 92' lang='lat' dir='ltr'>ei</span> 
     </span>
     <span class='ocr_line' id='line_1_38' title="bbox 1180 773 2136 824; baseline -0.001 -13"><span class='ocrx_word' id='word_1_269' title='bbox 1180 773 1367 812; x_wconf 87' lang='lat' dir='ltr'>condolere</span> <span class='ocrx_word' id='word_1_270' title='bbox 1386 789 1394 810; x_wconf 95' lang='lat'>:</span> <span class='ocrx_word' id='word_1_271' title='bbox 1417 773 1464 811; x_wconf 86' lang='lat' dir='ltr'>ita</span> <span class='ocrx_word' id='word_1_272' title='bbox 1485 783 1518 811; x_wconf 93' lang='lat' dir='ltr'>et</span> <span class='ocrx_word' id='word_1_273' title='bbox 1536 773 1597 811; x_wconf 84' lang='lat' dir='ltr'>hic</span> <span class='ocrx_word' id='word_1_274' title='bbox 1617 775 1718 824; x_wconf 83' lang='lat' dir='ltr'>quasi</span> <span class='ocrx_word' id='word_1_275' title='bbox 1740 775 1775 812; x_wconf 93' lang='lat' dir='ltr'>in</span> <span class='ocrx_word' id='word_1_276' title='bbox 1794 774 1902 812; x_wconf 90' lang='lat' dir='ltr'>domo</span> <span class='ocrx_word' id='word_1_277' title='bbox 1928 773 2136 812; x_wconf 84' lang='lat' dir='ltr'>hominihus</span> 
     </span>
     <span class='ocr_line' id='line_1_39' title="bbox 1179 835 2137 887; baseline -0.001 -15"><span class='ocrx_word' id='word_1_278' title='bbox 1179 835 1424 887; x_wconf 82' lang='lat' dir='ltr'>pereuntibus,</span> <span class='ocrx_word' id='word_1_279' title='bbox 1444 835 1564 873; x_wconf 89' lang='lat' dir='ltr'>omnia</span> <span class='ocrx_word' id='word_1_280' title='bbox 1593 850 1670 886; x_wconf 81' lang='lat' dir='ltr'>quae</span> <span class='ocrx_word' id='word_1_281' title='bbox 1699 836 1735 873; x_wconf 88' lang='lat' dir='ltr'>in</span> <span class='ocrx_word' id='word_1_282' title='bbox 1763 835 1882 883; x_wconf 90' lang='lat' dir='ltr'>domo,</span> <span class='ocrx_word' id='word_1_283' title='bbox 1902 844 1936 873; x_wconf 93' lang='lat' dir='ltr'>et</span> <span class='ocrx_word' id='word_1_284' title='bbox 1963 849 2040 885; x_wconf 72' lang='lat' dir='ltr'>qua:</span> <span class='ocrx_word' id='word_1_285' title='bbox 2069 835 2137 872; x_wconf 88' lang='lat' dir='ltr'>sub</span> 
     </span>
     <span class='ocr_line' id='line_1_40' title="bbox 1179 895 2135 945; baseline -0.001 -12"><span class='ocrx_word' id='word_1_286' title='bbox 1179 896 1277 934; x_wconf 88' lang='lat' dir='ltr'>illius</span> <span class='ocrx_word' id='word_1_287' title='bbox 1305 905 1405 934; x_wconf 85' lang='lat' dir='ltr'>erant</span> <span class='ocrx_word' id='word_1_288' title='bbox 1436 896 1608 945; x_wconf 89' lang='lat' dir='ltr'>dominio,</span> <span class='ocrx_word' id='word_1_289' title='bbox 1639 910 1777 934; x_wconf 87' lang='lat' dir='ltr'>necesse</span> <span class='ocrx_word' id='word_1_290' title='bbox 1804 896 1872 934; x_wconf 80' lang='lat' dir='ltr'>suit</span> <span class='ocrx_word' id='word_1_291' title='bbox 1909 895 1944 933; x_wconf 92' lang='lat' dir='ltr'>in</span> <span class='ocrx_word' id='word_1_292' title='bbox 1974 895 2135 933; x_wconf 88' lang='lat' dir='ltr'>eamdem</span> 
     </span>
     <span class='ocr_line' id='line_1_41' title="bbox 1178 956 2136 1010; baseline -0.001 -16"><span class='ocrx_word' id='word_1_293' title='bbox 1178 971 1320 1010; x_wconf 88' lang='lat' dir='ltr'>poenam</span> <span class='ocrx_word' id='word_1_294' title='bbox 1349 957 1523 997; x_wconf 83' lang='lat' dir='ltr'>incidant.</span> <span class='ocrx_word' id='word_1_295' title='bbox 1547 959 1601 996; x_wconf 86' lang='lat' dir='ltr'>Et</span> <span class='ocrx_word' id='word_1_296' title='bbox 1629 971 1777 995; x_wconf 82' lang='lat' dir='ltr'>mecum</span> <span class='ocrx_word' id='word_1_297' title='bbox 1797 959 1987 1009; x_wconf 76' lang='lat' dir='ltr'>reputavi,</span> <span class='ocrx_word' id='word_1_298' title='bbox 2009 956 2136 1007; x_wconf 87' lang='lat' dir='ltr'>inquit,</span> 
     </span>
     <span class='ocr_line' id='line_1_42' title="bbox 1178 1018 2137 1072; baseline -0.001 -16"><span class='ocrx_word' id='word_1_299' title='bbox 1178 1020 1455 1072; x_wconf 81' lang='lat' dir='ltr'>quodfecerim</span> <span class='ocrx_word' id='word_1_300' title='bbox 1475 1020 1581 1058; x_wconf 81' lang='lat' dir='ltr'>illos.</span> <span class='ocrx_word' id='word_1_301' title='bbox 1597 1018 1721 1058; x_wconf 75' lang='lat' dir='ltr'>Verbo</span> <span class='ocrx_word' id='word_1_302' title='bbox 1739 1018 1807 1056; x_wconf 86' lang='lat' dir='ltr'>hoc</span> <span class='ocrx_word' id='word_1_303' title='bbox 1826 1027 2001 1069; x_wconf 90' lang='lat' dir='ltr'>quantum</span> <span class='ocrx_word' id='word_1_304' title='bbox 2018 1031 2055 1055; x_wconf 91' lang='lat' dir='ltr'>se</span> <span class='ocrx_word' id='word_1_305' title='bbox 2073 1031 2137 1055; x_wconf 92' lang='lat' dir='ltr'>no-</span> 
     </span>
     <span class='ocr_line' id='line_1_43' title="bbox 1177 1079 2135 1133; baseline -0.002 -15"><span class='ocrx_word' id='word_1_306' title='bbox 1177 1089 1258 1118; x_wconf 81' lang='lat' dir='ltr'>strae</span> <span class='ocrx_word' id='word_1_307' title='bbox 1279 1080 1477 1119; x_wconf 87' lang='lat' dir='ltr'>humilitati</span> <span class='ocrx_word' id='word_1_308' title='bbox 1505 1080 1740 1133; x_wconf 82' lang='lat' dir='ltr'>attemperat?</span> <span class='ocrx_word' id='word_1_309' title='bbox 1757 1081 1853 1118; x_wconf 87' lang='lat' dir='ltr'>Num</span> <span class='ocrx_word' id='word_1_310' title='bbox 1881 1079 2059 1128; x_wconf 82' lang='lat' dir='ltr'>volebam,</span> <span class='ocrx_word' id='word_1_311' title='bbox 2082 1079 2135 1117; x_wconf 92' lang='lat' dir='ltr'>in-</span> 
     </span>
     <span class='ocr_line' id='line_1_44' title="bbox 1178 1140 2135 1195; baseline 0.001 -17"><span class='ocrx_word' id='word_1_312' title='bbox 1178 1141 1269 1192; x_wconf 86' lang='lat' dir='ltr'>quit,</span> <span class='ocrx_word' id='word_1_313' title='bbox 1289 1150 1386 1180; x_wconf 89' lang='lat' dir='ltr'>tanta</span> <span class='ocrx_word' id='word_1_314' title='bbox 1412 1142 1493 1181; x_wconf 90' lang='lat' dir='ltr'>illos</span> <span class='ocrx_word' id='word_1_315' title='bbox 1519 1156 1622 1195; x_wconf 83' lang='lat' dir='ltr'>poena</span> <span class='ocrx_word' id='word_1_316' title='bbox 1642 1141 1776 1195; x_wconf 72' lang='lat' dir='ltr'>plecti?</span> <span class='ocrx_word' id='word_1_317' title='bbox 1795 1140 1869 1194; x_wconf 83' lang='lat' dir='ltr'>Ipsi</span> <span class='ocrx_word' id='word_1_318' title='bbox 1890 1154 1946 1179; x_wconf 89' lang='lat' dir='ltr'>me</span> <span class='ocrx_word' id='word_1_319' title='bbox 1969 1150 2135 1193; x_wconf 85' lang='lat' dir='ltr'>peceato-</span> 
     </span>
     <span class='ocr_line' id='line_1_45' title="bbox 1177 1202 2135 1254; baseline 0.002 -15"><span class='ocrx_word' id='word_1_320' title='bbox 1177 1216 1258 1240; x_wconf 87' lang='lat' dir='ltr'>rum</span> <span class='ocrx_word' id='word_1_321' title='bbox 1268 1202 1488 1241; x_wconf 87' lang='lat' dir='ltr'>immanitate</span> <span class='ocrx_word' id='word_1_322' title='bbox 1497 1203 1533 1241; x_wconf 90' lang='lat' dir='ltr'>in</span> <span class='ocrx_word' id='word_1_323' title='bbox 1545 1212 1678 1241; x_wconf 84' lang='lat' dir='ltr'>tantam</span> <span class='ocrx_word' id='word_1_324' title='bbox 1694 1203 1908 1241; x_wconf 80' lang='lat' dir='ltr'>invexerunt</span> <span class='ocrx_word' id='word_1_325' title='bbox 1919 1202 2135 1254; x_wconf 82' lang='lat' dir='ltr'>indignatio-</span> 
     </span>
     <span class='ocr_line' id='line_1_46' title="bbox 1177 1263 2138 1317; baseline -0.001 -16"><span class='ocrx_word' id='word_1_326' title='bbox 1177 1277 1269 1302; x_wconf 91' lang='lat' dir='ltr'>nem.</span> <span class='ocrx_word' id='word_1_327' title='bbox 1285 1264 1463 1302; x_wconf 88' lang='lat' dir='ltr'>Caeterum</span> <span class='ocrx_word' id='word_1_328' title='bbox 1487 1278 1530 1302; x_wconf 90' lang='lat' dir='ltr'>ne</span> <span class='ocrx_word' id='word_1_329' title='bbox 1553 1273 1721 1317; x_wconf 90' lang='lat' dir='ltr'>putemus</span> <span class='ocrx_word' id='word_1_330' title='bbox 1749 1263 1994 1302; x_wconf 85' lang='lat' dir='ltr'>omnimodam</span> <span class='ocrx_word' id='word_1_331' title='bbox 2024 1263 2138 1301; x_wconf 90' lang='lat' dir='ltr'>aboli-</span> 
     </span>
     <span class='ocr_line' id='line_1_47' title="bbox 1176 1325 2134 1378; baseline 0.001 -16"><span class='ocrx_word' id='word_1_332' title='bbox 1176 1325 1310 1363; x_wconf 87' lang='lat' dir='ltr'>tionem</span> <span class='ocrx_word' id='word_1_333' title='bbox 1329 1325 1478 1364; x_wconf 88' lang='lat' dir='ltr'>humani</span> <span class='ocrx_word' id='word_1_334' title='bbox 1502 1326 1640 1378; x_wconf 84' lang='lat' dir='ltr'>generis</span> <span class='ocrx_word' id='word_1_335' title='bbox 1658 1325 1752 1376; x_wconf 84' lang='lat' dir='ltr'>fieri,</span> <span class='ocrx_word' id='word_1_336' title='bbox 1769 1325 2012 1376; x_wconf 89' lang='lat' dir='ltr'>radicitusque</span> <span class='ocrx_word' id='word_1_337' title='bbox 2028 1334 2134 1363; x_wconf 89' lang='lat' dir='ltr'>natu-</span> 
     </span>
     <span class='ocr_line' id='line_1_48' title="bbox 1177 1386 2137 1438; baseline 0 -14"><span class='ocrx_word' id='word_1_338' title='bbox 1177 1400 1256 1424; x_wconf 84' lang='lat' dir='ltr'>ram</span> <span class='ocrx_word' id='word_1_339' title='bbox 1277 1395 1435 1425; x_wconf 87' lang='lat' dir='ltr'>nostram</span> <span class='ocrx_word' id='word_1_340' title='bbox 1453 1387 1707 1426; x_wconf 82' lang='lat' dir='ltr'>eradicandam</span> <span class='ocrx_word' id='word_1_341' title='bbox 1724 1403 1732 1424; x_wconf 90' lang='lat'>:</span> <span class='ocrx_word' id='word_1_342' title='bbox 1747 1386 1808 1426; x_wconf 90' lang='lat' dir='ltr'>sed</span> <span class='ocrx_word' id='word_1_343' title='bbox 1824 1387 2004 1425; x_wconf 89' lang='lat' dir='ltr'>discamus</span> <span class='ocrx_word' id='word_1_344' title='bbox 2022 1400 2137 1438; x_wconf 87' lang='lat' dir='ltr'>quan-</span> 
     </span>
     <span class='ocr_line' id='line_1_49' title="bbox 1177 1448 2137 1501; baseline 0.001 -16"><span class='ocrx_word' id='word_1_345' title='bbox 1177 1456 1255 1486; x_wconf 82' lang='lat' dir='ltr'>tum</span> <span class='ocrx_word' id='word_1_346' title='bbox 1285 1448 1422 1487; x_wconf 88' lang='lat' dir='ltr'>malum</span> <span class='ocrx_word' id='word_1_347' title='bbox 1450 1449 1496 1487; x_wconf 89' lang='lat' dir='ltr'>sit</span> <span class='ocrx_word' id='word_1_348' title='bbox 1526 1458 1736 1501; x_wconf 87' lang='lat' dir='ltr'>peccatum,</span> <span class='ocrx_word' id='word_1_349' title='bbox 1753 1457 1786 1486; x_wconf 89' lang='lat' dir='ltr'>et</span> <span class='ocrx_word' id='word_1_350' title='bbox 1812 1457 1985 1500; x_wconf 87' lang='lat' dir='ltr'>quantum</span> <span class='ocrx_word' id='word_1_351' title='bbox 2000 1449 2137 1486; x_wconf 87' lang='lat' dir='ltr'>bonum</span> 
     </span>
     <span class='ocr_line' id='line_1_50' title="bbox 1177 1509 2314 1561; baseline 0 -14"><span class='ocrx_word' id='word_1_352' title='bbox 1177 1509 1293 1548; x_wconf 85' lang='lat' dir='ltr'>virtus</span> <span class='ocrx_word' id='word_1_353' title='bbox 1313 1525 1321 1546; x_wconf 92' lang='lat'>:</span> <span class='ocrx_word' id='word_1_354' title='bbox 1338 1519 1371 1548; x_wconf 93' lang='lat' dir='ltr'>et</span> <span class='ocrx_word' id='word_1_355' title='bbox 1387 1510 1484 1561; x_wconf 91' lang='lat' dir='ltr'>quod</span> <span class='ocrx_word' id='word_1_356' title='bbox 1502 1510 1630 1548; x_wconf 87' lang='lat' dir='ltr'>melior</span> <span class='ocrx_word' id='word_1_357' title='bbox 1647 1510 1692 1548; x_wconf 90' lang='lat' dir='ltr'>sit</span> <span class='ocrx_word' id='word_1_358' title='bbox 1716 1524 1809 1548; x_wconf 88' lang='lat' dir='ltr'>unus</span> <span class='ocrx_word' id='word_1_359' title='bbox 1825 1510 1956 1548; x_wconf 83' lang='lat' dir='ltr'>faciens</span> <span class='ocrx_word' id='word_1_360' title='bbox 1970 1510 2136 1549; x_wconf 79' lang='lat' dir='ltr'>volunta·</span> <span class='ocrx_word' id='word_1_361' title='bbox 2151 1527 2246 1555; x_wconf 61' lang='lat' dir='ltr'>meli.</span> <span class='ocrx_word' id='word_1_362' title='bbox 2271 1526 2314 1554; x_wconf 72' lang='grc'>,6,</span> 
     </span>
     <span class='ocr_line' id='line_1_51' title="bbox 1177 1568 2180 1624; baseline 0 -15"><span class='ocrx_word' id='word_1_363' title='bbox 1177 1579 1247 1609; x_wconf 85' lang='lat' dir='ltr'>tem</span> <span class='ocrx_word' id='word_1_364' title='bbox 1256 1571 1414 1619; x_wconf 90' lang='lat' dir='ltr'>Domini,</span> <span class='ocrx_word' id='word_1_365' title='bbox 1423 1586 1531 1623; x_wconf 92' lang='lat' dir='ltr'>quam</span> <span class='ocrx_word' id='word_1_366' title='bbox 1545 1571 1667 1610; x_wconf 80' lang='lat' dir='ltr'>decem</span> <span class='ocrx_word' id='word_1_367' title='bbox 1679 1571 1793 1610; x_wconf 87' lang='lat' dir='ltr'>millia</span> <span class='ocrx_word' id='word_1_368' title='bbox 1804 1571 2134 1624; x_wconf 66' lang='lat' dir='ltr'>praevaricatorum,</span> <span class='ocrx_word' id='word_1_369' title='bbox 2149 1568 2180 1598; x_wconf 84' lang='lat'>3·</span> 
     </span>
     <span class='ocr_line' id='line_1_52' title="bbox 1175 1631 2137 1685; baseline 0.001 -15"><span class='ocrx_word' id='word_1_370' title='bbox 1175 1631 1265 1670; x_wconf 81' lang='lat' dir='ltr'>dicit</span> <span class='ocrx_word' id='word_1_371' title='bbox 1287 1648 1295 1668; x_wconf 89' lang='lat'><strong>:</strong></span> <span class='ocrx_word' id='word_1_372' title='bbox 1317 1633 1356 1673; x_wconf 87' lang='grc'>8.</span> <span class='ocrx_word' id='word_1_373' title='bbox 1383 1635 1470 1672; x_wconf 61' lang='lat' dir='ltr'>No&amp;</span> <span class='ocrx_word' id='word_1_374' title='bbox 1495 1642 1625 1671; x_wconf 83' lang='lat' dir='ltr'>autem</span> <span class='ocrx_word' id='word_1_375' title='bbox 1644 1636 1792 1672; x_wconf 77' lang='lat' dir='ltr'>invenit</span> <span class='ocrx_word' id='word_1_376' title='bbox 1810 1636 1981 1685; x_wconf 78' lang='lat' dir='ltr'>gratiam</span> <span class='ocrx_word' id='word_1_377' title='bbox 2005 1647 2137 1671; x_wconf 85' lang='lat' dir='ltr'>coram</span> 
     </span>
     <span class='ocr_line' id='line_1_53' title="bbox 1178 1693 2137 1746; baseline 0 -14"><span class='ocrx_word' id='word_1_378' title='bbox 1178 1694 1349 1732; x_wconf 89' lang='lat' dir='ltr'>Domino</span> <span class='ocrx_word' id='word_1_379' title='bbox 1365 1695 1461 1732; x_wconf 85' lang='lat' dir='ltr'>Deo.</span> <span class='ocrx_word' id='word_1_380' title='bbox 1476 1694 1636 1732; x_wconf 87' lang='lat' dir='ltr'>Tametsi</span> <span class='ocrx_word' id='word_1_381' title='bbox 1652 1693 1848 1732; x_wconf 86' lang='lat' dir='ltr'>multitudo</span> <span class='ocrx_word' id='word_1_382' title='bbox 1863 1694 1993 1743; x_wconf 89' lang='lat' dir='ltr'>omnis,</span> <span class='ocrx_word' id='word_1_383' title='bbox 2009 1694 2137 1746; x_wconf 92' lang='lat' dir='ltr'>inquit,</span> 
     </span>
     <span class='ocr_line' id='line_1_54' title="bbox 1179 1753 2138 1806; baseline 0.002 -15"><span class='ocrx_word' id='word_1_384' title='bbox 1179 1753 1215 1791; x_wconf 91' lang='lat' dir='ltr'>in</span> <span class='ocrx_word' id='word_1_385' title='bbox 1235 1763 1370 1793; x_wconf 87' lang='lat' dir='ltr'>tantam</span> <span class='ocrx_word' id='word_1_386' title='bbox 1393 1755 1570 1793; x_wconf 87' lang='lat' dir='ltr'>malitiam</span> <span class='ocrx_word' id='word_1_387' title='bbox 1595 1754 1776 1803; x_wconf 82' lang='lat' dir='ltr'>inciderit,</span> <span class='ocrx_word' id='word_1_388' title='bbox 1788 1755 1907 1806; x_wconf 87' lang='lat' dir='ltr'>justus</span> <span class='ocrx_word' id='word_1_389' title='bbox 1932 1764 2049 1793; x_wconf 87' lang='lat' dir='ltr'>tamen</span> <span class='ocrx_word' id='word_1_390' title='bbox 2079 1756 2138 1793; x_wconf 91' lang='lat' dir='ltr'>hie</span> 
     </span>
    </p>
   </div>
   <div class='ocr_carea' id='block_1_7' title="bbox 78 1811 2137 1930">
    <p class='ocr_par' dir='ltr' id='par_1_7' title="bbox 78 1811 2137 1930">
     <span class='ocr_line' id='line_1_55' title="bbox 78 1811 2137 1866; baseline -0 -10"><span class='ocrx_word' id='word_1_391' title='bbox 78 1815 140 1859; x_wconf 73' lang='grc' dir='ltr'>τῆς</span> <span class='ocrx_word' id='word_1_392' title='bbox 167 1814 293 1864; x_wconf 53' lang='lat' dir='ltr'>&amp;pt-22³2&lt;</span> <span class='ocrx_word' id='word_1_393' title='bbox 313 1814 516 1866; x_wconf 74' lang='grc' dir='ltr'>διετήρησεν</span> <span class='ocrx_word' id='word_1_394' title='bbox 538 1818 645 1865; x_wconf 75' lang='grc' dir='ltr'>ὁμοῦ,</span> <span class='ocrx_word' id='word_1_395' title='bbox 668 1813 727 1852; x_wconf 77' lang='grc' dir='ltr'>καὶ</span> <span class='ocrx_word' id='word_1_396' title='bbox 756 1812 889 1856; x_wconf 77' lang='grc' dir='ltr'>τούτοις</span> <span class='ocrx_word' id='word_1_397' title='bbox 907 1813 1019 1851; x_wconf 78' lang='grc' dir='ltr'>ἅπασι</span> <span class='ocrx_word' id='word_1_398' title='bbox 1047 1811 1104 1850; x_wconf 68' lang='grc' dir='ltr'>διὰ</span> <span class='ocrx_word' id='word_1_399' title='bbox 1115 1838 1165 1863; x_wconf 81' lang='lat'>202</span> <span class='ocrx_word' id='word_1_400' title='bbox 1179 1816 1373 1854; x_wconf 85' lang='lat' dir='ltr'>scintillam</span> <span class='ocrx_word' id='word_1_401' title='bbox 1397 1817 1544 1855; x_wconf 89' lang='lat' dir='ltr'>virtutis</span> <span class='ocrx_word' id='word_1_402' title='bbox 1576 1816 1746 1864; x_wconf 88' lang='lat' dir='ltr'>servavit,</span> <span class='ocrx_word' id='word_1_403' title='bbox 1765 1816 1854 1854; x_wconf 91' lang='lat' dir='ltr'>dum</span> <span class='ocrx_word' id='word_1_404' title='bbox 1884 1816 1943 1855; x_wconf 90' lang='lat' dir='ltr'>his</span> <span class='ocrx_word' id='word_1_405' title='bbox 1971 1817 2137 1855; x_wconf 88' lang='lat' dir='ltr'>omnibus</span> 
     </span>
     <span class='ocr_line' id='line_1_56' title="bbox 79 1874 2135 1930; baseline -0 -13"><span class='ocrx_word' id='word_1_406' title='bbox 79 1874 206 1917; x_wconf 71' lang='grc' dir='ltr'>παντὸς</span> <span class='ocrx_word' id='word_1_407' title='bbox 224 1878 283 1912; x_wconf 64' lang='grc' dir='ltr'>τοῦ</span> <span class='ocrx_word' id='word_1_408' title='bbox 298 1874 422 1927; x_wconf 75' lang='grc' dir='ltr'>χρόνου</span> <span class='ocrx_word' id='word_1_409' title='bbox 443 1875 686 1926; x_wconf 70' lang='grc' dir='ltr'>διαλεγόμενος</span> <span class='ocrx_word' id='word_1_410' title='bbox 699 1904 708 1921; x_wconf 85' lang='lat'>‚</span> <span class='ocrx_word' id='word_1_411' title='bbox 722 1874 783 1912; x_wconf 65' lang='grc' dir='ltr'>καὶ</span> <span class='ocrx_word' id='word_1_412' title='bbox 798 1875 976 1925; x_wconf 61' lang='grc' dir='ltr'>παραῑνῶν</span> <span class='ocrx_word' id='word_1_413' title='bbox 991 1875 1107 1910; x_wconf 77' lang='grc' dir='ltr'>ἅπαλ·</span> <span class='ocrx_word' id='word_1_414' title='bbox 1128 1875 1154 1904; x_wconf 76' lang='grc' dir='ltr'>Α</span> <span class='ocrx_word' id='word_1_415' title='bbox 1179 1878 1275 1916; x_wconf 91' lang='lat' dir='ltr'>omni</span> <span class='ocrx_word' id='word_1_416' title='bbox 1291 1887 1450 1930; x_wconf 87' lang='lat' dir='ltr'>tempore</span> <span class='ocrx_word' id='word_1_417' title='bbox 1468 1877 1641 1928; x_wconf 88' lang='lat' dir='ltr'>loquitur,</span> <span class='ocrx_word' id='word_1_418' title='bbox 1665 1886 1698 1915; x_wconf 92' lang='lat' dir='ltr'>et</span> <span class='ocrx_word' id='word_1_419' title='bbox 1719 1876 1807 1914; x_wconf 87' lang='lat' dir='ltr'>dum</span> <span class='ocrx_word' id='word_1_420' title='bbox 1825 1877 2037 1915; x_wconf 86' lang='lat' dir='ltr'>adhortatur</span> <span class='ocrx_word' id='word_1_421' title='bbox 2056 1887 2095 1915; x_wconf 93' lang='lat' dir='ltr'>ut</span> <span class='ocrx_word' id='word_1_422' title='bbox 2115 1892 2135 1916; x_wconf 91' lang='lat' dir='ltr'>a</span> 
     </span>
    </p>
   </div>
   <div class='ocr_carea' id='block_1_8' title="bbox 77 1935 1104 2597">
    <p class='ocr_par' dir='ltr' id='par_1_8' title="bbox 77 1935 1104 2597">
     <span class='ocr_line' id='line_1_57' title="bbox 80 1935 1103 1984; baseline 0 -13"><span class='ocrx_word' id='word_1_423' title='bbox 80 1935 230 1984; x_wconf 79' lang='grc' dir='ltr'>λαγῆναι</span> <span class='ocrx_word' id='word_1_424' title='bbox 263 1939 326 1981; x_wconf 80' lang='grc' dir='ltr'>τῆς</span> <span class='ocrx_word' id='word_1_425' title='bbox 361 1935 484 1978; x_wconf 84' lang='grc' dir='ltr'>κακίας</span> <span class='ocrx_word' id='word_1_426' title='bbox 498 1965 508 1982; x_wconf 96' lang='grc'>,</span> <span class='ocrx_word' id='word_1_427' title='bbox 545 1935 604 1972; x_wconf 81' lang='grc' dir='ltr'>καὶ</span> <span class='ocrx_word' id='word_1_428' title='bbox 642 1935 763 1973; x_wconf 74' lang='grc' dir='ltr'>ἑαυτὸν</span> <span class='ocrx_word' id='word_1_429' title='bbox 797 1937 859 1980; x_wconf 72' lang='grc' dir='ltr'>τῆς</span> <span class='ocrx_word' id='word_1_430' title='bbox 893 1935 953 1972; x_wconf 80' lang='grc' dir='ltr'>ἀπ’</span> <span class='ocrx_word' id='word_1_431' title='bbox 991 1935 1103 1971; x_wconf 81' lang='grc' dir='ltr'>αὐτῶν</span> 
     </span>
     <span class='ocr_line' id='line_1_58' title="bbox 79 1989 1104 2048; baseline 0 -17"><span class='ocrx_word' id='word_1_432' title='bbox 79 1994 193 2044; x_wconf 86' lang='grc' dir='ltr'>λύμης</span> <span class='ocrx_word' id='word_1_433' title='bbox 220 1990 393 2048; x_wconf 73' lang='grc' dir='ltr'>ἐλεύθὲρον</span> <span class='ocrx_word' id='word_1_434' title='bbox 416 1996 596 2038; x_wconf 80' lang='grc' dir='ltr'>καθιστάς.</span> <span class='ocrx_word' id='word_1_435' title='bbox 621 1995 690 2033; x_wconf 75' lang='grc' dir='ltr'>Καὶ</span> <span class='ocrx_word' id='word_1_436' title='bbox 709 1994 829 2047; x_wconf 82' lang='grc' dir='ltr'>ὥσπερ</span> <span class='ocrx_word' id='word_1_437' title='bbox 847 1989 941 2032; x_wconf 67' lang='grc' dir='ltr'>οἷτοι</span> <span class='ocrx_word' id='word_1_438' title='bbox 959 1992 1016 2032; x_wconf 87' lang='grc' dir='ltr'>διὰ</span> <span class='ocrx_word' id='word_1_439' title='bbox 1033 1997 1104 2032; x_wconf 83' lang='grc' dir='ltr'>τῶν</span> 
     </span>
     <span class='ocr_line' id='line_1_59' title="bbox 80 2055 1102 2107; baseline 0 -15"><span class='ocrx_word' id='word_1_440' title='bbox 80 2058 239 2107; x_wconf 79' lang='grc' dir='ltr'>πονηρῶν</span> <span class='ocrx_word' id='word_1_441' title='bbox 261 2055 417 2107; x_wconf 80' lang='grc' dir='ltr'>πράξεων</span> <span class='ocrx_word' id='word_1_442' title='bbox 448 2058 495 2099; x_wconf 84' lang='grc' dir='ltr'>εἷς</span> <span class='ocrx_word' id='word_1_443' title='bbox 517 2056 755 2107; x_wconf 80' lang='grc' dir='ltr'>ἀγανάκτησιν</span> <span class='ocrx_word' id='word_1_444' title='bbox 774 2055 832 2093; x_wconf 88' lang='grc' dir='ltr'>τὸν</span> <span class='ocrx_word' id='word_1_445' title='bbox 860 2055 1102 2107; x_wconf 87' lang='grc' dir='ltr'>φιλάνθρωπον</span> 
     </span>
     <span class='ocr_line' id='line_1_60' title="bbox 79 2111 1103 2168; baseline 0.001 -15"><span class='ocrx_word' id='word_1_446' title='bbox 79 2116 169 2154; x_wconf 76' lang='grc' dir='ltr'>θεὸν</span> <span class='ocrx_word' id='word_1_447' title='bbox 192 2116 435 2155; x_wconf 82' lang='grc' dir='ltr'>ἐπεσπάσαντο</span> <span class='ocrx_word' id='word_1_448' title='bbox 449 2132 456 2139; x_wconf 93' lang='grc'><em>·</em></span> <span class='ocrx_word' id='word_1_449' title='bbox 473 2117 564 2155; x_wconf 77' lang='grc' dir='ltr'>οὕτω</span> <span class='ocrx_word' id='word_1_450' title='bbox 582 2117 642 2154; x_wconf 83' lang='grc' dir='ltr'>καὶ</span> <span class='ocrx_word' id='word_1_451' title='bbox 656 2111 752 2160; x_wconf 70' lang='grc' dir='ltr'>οὗτος</span> <span class='ocrx_word' id='word_1_452' title='bbox 767 2147 777 2164; x_wconf 87' lang='grc'>,</span> <span class='ocrx_word' id='word_1_453' title='bbox 796 2116 860 2162; x_wconf 80' lang='grc' dir='ltr'>τὴν</span> <span class='ocrx_word' id='word_1_454' title='bbox 880 2115 1006 2168; x_wconf 85' lang='grc' dir='ltr'>ἀρετὴν</span> <span class='ocrx_word' id='word_1_455' title='bbox 1027 2114 1103 2154; x_wconf 84' lang='grc' dir='ltr'>ἑλό-</span> 
     </span>
     <span class='ocr_line' id='line_1_61' title="bbox 81 2171 1102 2229; baseline -0.001 -15"><span class='ocrx_word' id='word_1_456' title='bbox 81 2191 196 2226; x_wconf 87' lang='grc' dir='ltr'>μενος,</span> <span class='ocrx_word' id='word_1_457' title='bbox 220 2176 330 2229; x_wconf 78' lang='grc' dir='ltr'>Χάριν</span> <span class='ocrx_word' id='word_1_458' title='bbox 362 2171 458 2229; x_wconf 66' lang='grc' dir='ltr'>εὗρεν</span> <span class='ocrx_word' id='word_1_459' title='bbox 486 2177 638 2216; x_wconf 86' lang='grc' dir='ltr'>ἐναντίον</span> <span class='ocrx_word' id='word_1_460' title='bbox 666 2177 794 2229; x_wconf 84' lang='grc' dir='ltr'>Κυρίου</span> <span class='ocrx_word' id='word_1_461' title='bbox 827 2178 930 2216; x_wconf 80' lang='grc' dir='ltr'>Θεοῦ.</span> <span class='ocrx_word' id='word_1_462' title='bbox 960 2178 1014 2215; x_wconf 85' lang='grc' dir='ltr'>Οὐ</span> <span class='ocrx_word' id='word_1_463' title='bbox 1035 2176 1102 2228; x_wconf 89' lang='grc' dir='ltr'>γάρ</span> 
     </span>
     <span class='ocr_line' id='line_1_62' title="bbox 79 2237 1101 2290; baseline 0 -15"><span class='ocrx_word' id='word_1_464' title='bbox 79 2239 153 2275; x_wconf 85' lang='grc' dir='ltr'>ἐστι</span> <span class='ocrx_word' id='word_1_465' title='bbox 181 2237 486 2290; x_wconf 77' lang='grc' dir='ltr'>προσωπολήπτης</span> <span class='ocrx_word' id='word_1_466' title='bbox 506 2241 524 2276; x_wconf 88' lang='grc' dir='ltr'>ὁ</span> <span class='ocrx_word' id='word_1_467' title='bbox 544 2238 632 2281; x_wconf 87' lang='grc' dir='ltr'>Θεὸς</span> <span class='ocrx_word' id='word_1_468' title='bbox 645 2269 655 2285; x_wconf 89' lang='grc'>,</span> <span class='ocrx_word' id='word_1_469' title='bbox 675 2237 767 2276; x_wconf 83' lang='grc' dir='ltr'>ἀλλὰ</span> <span class='ocrx_word' id='word_1_470' title='bbox 786 2237 850 2276; x_wconf 81' lang='grc' dir='ltr'>κᾶν</span> <span class='ocrx_word' id='word_1_471' title='bbox 870 2237 930 2275; x_wconf 81' lang='grc' dir='ltr'>ἕνα</span> <span class='ocrx_word' id='word_1_472' title='bbox 958 2237 1039 2290; x_wconf 80' lang='grc' dir='ltr'>εὕρῃ</span> <span class='ocrx_word' id='word_1_473' title='bbox 1066 2240 1101 2276; x_wconf 88' lang='grc' dir='ltr'>ἐν</span> 
     </span>
     <span class='ocr_line' id='line_1_63' title="bbox 77 2297 1100 2351; baseline 0 -15"><span class='ocrx_word' id='word_1_474' title='bbox 77 2297 228 2350; x_wconf 79' lang='grc' dir='ltr'>τοσούτῳ</span> <span class='ocrx_word' id='word_1_475' title='bbox 257 2298 383 2344; x_wconf 75' lang='grc' dir='ltr'>πλήθει</span> <span class='ocrx_word' id='word_1_476' title='bbox 405 2299 449 2336; x_wconf 83' lang='grc' dir='ltr'>τὰ</span> <span class='ocrx_word' id='word_1_477' title='bbox 474 2301 569 2351; x_wconf 84' lang='grc' dir='ltr'>αὐτῷ</span> <span class='ocrx_word' id='word_1_478' title='bbox 597 2299 761 2337; x_wconf 78' lang='grc' dir='ltr'>δοκοῦντα</span> <span class='ocrx_word' id='word_1_479' title='bbox 789 2297 1100 2351; x_wconf 86' lang='grc' dir='ltr'>διαπραττόμενον,</span> 
     </span>
     <span class='ocr_line' id='line_1_64' title="bbox 77 2359 1098 2414; baseline 0.001 -17"><span class='ocrx_word' id='word_1_480' title='bbox 77 2361 116 2397; x_wconf 83' lang='grc' dir='ltr'>οὗ</span> <span class='ocrx_word' id='word_1_481' title='bbox 131 2367 294 2413; x_wconf 73' lang='grc' dir='ltr'>περιορᾷ,</span> <span class='ocrx_word' id='word_1_482' title='bbox 314 2359 404 2398; x_wconf 80' lang='grc' dir='ltr'>ἀλλὰ</span> <span class='ocrx_word' id='word_1_483' title='bbox 431 2364 494 2407; x_wconf 67' lang='grc' dir='ltr'>ἰ-’ἶ-,ς</span> <span class='ocrx_word' id='word_1_484' title='bbox 521 2360 651 2407; x_wconf 79' lang='grc' dir='ltr'>οἰκείας</span> <span class='ocrx_word' id='word_1_485' title='bbox 669 2360 772 2398; x_wconf 80' lang='grc' dir='ltr'>αὐτὸν</span> <span class='ocrx_word' id='word_1_486' title='bbox 797 2359 884 2405; x_wconf 83' lang='grc' dir='ltr'>ἀξιοῖ</span> <span class='ocrx_word' id='word_1_487' title='bbox 914 2359 1098 2414; x_wconf 85' lang='grc' dir='ltr'>προνοίας,</span> 
     </span>
     <span class='ocr_line' id='line_1_65' title="bbox 78 2420 1099 2473; baseline 0.002 -15"><span class='ocrx_word' id='word_1_488' title='bbox 78 2420 136 2458; x_wconf 78' lang='grc' dir='ltr'>καὶ</span> <span class='ocrx_word' id='word_1_489' title='bbox 152 2421 261 2472; x_wconf 82' lang='grc' dir='ltr'>ταύτῃ</span> <span class='ocrx_word' id='word_1_490' title='bbox 283 2423 413 2471; x_wconf 77' lang='grc' dir='ltr'>μᾶλλον</span> <span class='ocrx_word' id='word_1_491' title='bbox 429 2421 573 2460; x_wconf 91' lang='grc' dir='ltr'>πλείονα</span> <span class='ocrx_word' id='word_1_492' title='bbox 590 2421 654 2468; x_wconf 73' lang='grc' dir='ltr'>τὴν</span> <span class='ocrx_word' id='word_1_493' title='bbox 675 2421 756 2473; x_wconf 82' lang='grc' dir='ltr'>περὶ</span> <span class='ocrx_word' id='word_1_494' title='bbox 772 2420 873 2459; x_wconf 81' lang='grc' dir='ltr'>αὐτὸν</span> <span class='ocrx_word' id='word_1_495' title='bbox 890 2422 1099 2473; x_wconf 82' lang='grc' dir='ltr'>κηδεμονίαν</span> 
     </span>
     <span class='ocr_line' id='line_1_66' title="bbox 79 2481 1098 2533; baseline 0.003 -14"><span class='ocrx_word' id='word_1_496' title='bbox 79 2481 330 2528; x_wconf 85' lang='grc' dir='ltr'>ἐπιδείκνυται,</span> <span class='ocrx_word' id='word_1_497' title='bbox 346 2481 436 2533; x_wconf 77' lang='grc' dir='ltr'>ὅσῳ,</span> <span class='ocrx_word' id='word_1_498' title='bbox 455 2482 514 2519; x_wconf 85' lang='grc' dir='ltr'>καὶ</span> <span class='ocrx_word' id='word_1_499' title='bbox 539 2482 712 2520; x_wconf 84' lang='grc' dir='ltr'>τοσούτων</span> <span class='ocrx_word' id='word_1_500' title='bbox 733 2482 840 2521; x_wconf 84' lang='grc' dir='ltr'>ὄντων</span> <span class='ocrx_word' id='word_1_501' title='bbox 870 2485 938 2520; x_wconf 84' lang='grc' dir='ltr'>τῶν</span> <span class='ocrx_word' id='word_1_502' title='bbox 959 2483 1017 2521; x_wconf 84' lang='grc' dir='ltr'>ἐπὶ</span> <span class='ocrx_word' id='word_1_503' title='bbox 1036 2483 1098 2530; x_wconf 88' lang='grc' dir='ltr'>τὴν</span> 
     </span>
     <span class='ocr_line' id='line_1_67' title="bbox 79 2541 1099 2597; baseline 0.006 -18"><span class='ocrx_word' id='word_1_504' title='bbox 79 2541 205 2580; x_wconf 87' lang='grc' dir='ltr'>κακίαν</span> <span class='ocrx_word' id='word_1_505' title='bbox 229 2542 414 2591; x_wconf 85' lang='grc' dir='ltr'>ἑλκόντων,</span> <span class='ocrx_word' id='word_1_506' title='bbox 434 2543 498 2591; x_wconf 82' lang='grc' dir='ltr'>τὴν</span> <span class='ocrx_word' id='word_1_507' title='bbox 517 2546 579 2590; x_wconf 75' lang='grc' dir='ltr'>τῆς</span> <span class='ocrx_word' id='word_1_508' title='bbox 602 2547 727 2597; x_wconf 71' lang='grc' dir='ltr'>ἀρετῆς</span> <span class='ocrx_word' id='word_1_509' title='bbox 756 2544 856 2589; x_wconf 80' lang='grc' dir='ltr'>αὐτὸς</span> <span class='ocrx_word' id='word_1_510' title='bbox 883 2545 960 2584; x_wconf 81' lang='grc' dir='ltr'>ὁδὸν</span> <span class='ocrx_word' id='word_1_511' title='bbox 976 2543 1099 2585; x_wconf 79' lang='grc' dir='ltr'>εἵλετο.</span> 
     </span>
    </p>
   </div>
   <div class='ocr_carea' id='block_1_9' title="bbox 76 2671 1104 3343">
    <p class='ocr_par' dir='ltr' id='par_1_9' title="bbox 76 2671 1104 3343">
     <span class='ocr_line' id='line_1_68' title="bbox 129 2671 1100 2729; baseline 0.004 -19"><span class='ocrx_word' id='word_1_512' title='bbox 129 2671 179 2710; x_wconf 81' lang='grc' dir='ltr'>’Ὀ</span> <span class='ocrx_word' id='word_1_513' title='bbox 193 2671 234 2719; x_wconf 83' lang='grc' dir='ltr'>δὴ</span> <span class='ocrx_word' id='word_1_514' title='bbox 256 2672 482 2724; x_wconf 81' lang='grc' dir='ltr'>γινώσκοντες</span> <span class='ocrx_word' id='word_1_515' title='bbox 500 2674 586 2725; x_wconf 76' lang='grc' dir='ltr'>πρὸς</span> <span class='ocrx_word' id='word_1_516' title='bbox 603 2673 638 2712; x_wconf 85' lang='grc' dir='ltr'>ἓν</span> <span class='ocrx_word' id='word_1_517' title='bbox 661 2673 763 2725; x_wconf 86' lang='grc' dir='ltr'>μόνον</span> <span class='ocrx_word' id='word_1_518' title='bbox 785 2677 920 2727; x_wconf 83' lang='grc' dir='ltr'>ὁρῶμεν</span> <span class='ocrx_word' id='word_1_519' title='bbox 943 2675 984 2714; x_wconf 85' lang='grc' dir='ltr'>τὸ</span> <span class='ocrx_word' id='word_1_520' title='bbox 1007 2677 1100 2729; x_wconf 81' lang='grc' dir='ltr'>αὐτῷ</span> 
     </span>
     <span class='ocr_line' id='line_1_69' title="bbox 78 2733 1099 2785; baseline 0.004 -14"><span class='ocrx_word' id='word_1_521' title='bbox 78 2733 212 2781; x_wconf 80' lang='grc' dir='ltr'>δοκοῦν,</span> <span class='ocrx_word' id='word_1_522' title='bbox 237 2734 296 2771; x_wconf 80' lang='grc' dir='ltr'>καὶ</span> <span class='ocrx_word' id='word_1_523' title='bbox 313 2735 354 2773; x_wconf 82' lang='grc' dir='ltr'>τὸ</span> <span class='ocrx_word' id='word_1_524' title='bbox 372 2738 490 2773; x_wconf 78' lang='grc' dir='ltr'>ποιοῦν</span> <span class='ocrx_word' id='word_1_525' title='bbox 513 2738 607 2785; x_wconf 81' lang='grc' dir='ltr'>ἡμᾶς</span> <span class='ocrx_word' id='word_1_526' title='bbox 626 2735 690 2782; x_wconf 75' lang='grc' dir='ltr'>τὴν</span> <span class='ocrx_word' id='word_1_527' title='bbox 715 2737 842 2774; x_wconf 85' lang='grc' dir='ltr'>ἐκεῖθεν</span> <span class='ocrx_word' id='word_1_528' title='bbox 864 2735 996 2774; x_wconf 83' lang='grc' dir='ltr'>εὔνοιαν</span> <span class='ocrx_word' id='word_1_529' title='bbox 1017 2738 1099 2775; x_wconf 81' lang='grc' dir='ltr'>ἐπι-</span> 
     </span>
     <span class='ocr_line' id='line_1_70' title="bbox 78 2794 1098 2849; baseline 0.005 -18"><span class='ocrx_word' id='word_1_530' title='bbox 78 2794 299 2840; x_wconf 85' lang='grc' dir='ltr'>σπάσασθαι,</span> <span class='ocrx_word' id='word_1_531' title='bbox 319 2795 378 2833; x_wconf 72' lang='grc' dir='ltr'>καὶ</span> <span class='ocrx_word' id='word_1_532' title='bbox 398 2795 488 2847; x_wconf 81' lang='grc' dir='ltr'>μήτε</span> <span class='ocrx_word' id='word_1_533' title='bbox 504 2796 602 2849; x_wconf 76' lang='grc' dir='ltr'>φιλία</span> <span class='ocrx_word' id='word_1_534' title='bbox 621 2797 864 2849; x_wconf 79' lang='grc' dir='ltr'>χαριζόμενοι,</span> <span class='ocrx_word' id='word_1_535' title='bbox 884 2798 973 2848; x_wconf 84' lang='grc' dir='ltr'>μήτε</span> <span class='ocrx_word' id='word_1_536' title='bbox 991 2813 1098 2845; x_wconf 90' lang='grc' dir='ltr'>συνη-</span> 
     </span>
     <span class='ocr_line' id='line_1_71' title="bbox 77 2853 1098 2911; baseline 0.007 -21"><span class='ocrx_word' id='word_1_537' title='bbox 77 2853 151 2905; x_wconf 77' lang='grc' dir='ltr'>θείᾳ</span> <span class='ocrx_word' id='word_1_538' title='bbox 166 2854 233 2891; x_wconf 76' lang='grc' dir='ltr'>τινὶ</span> <span class='ocrx_word' id='word_1_539' title='bbox 251 2855 464 2900; x_wconf 83' lang='grc' dir='ltr'>δουλεύοντες</span> <span class='ocrx_word' id='word_1_540' title='bbox 485 2858 670 2909; x_wconf 82' lang='grc' dir='ltr'>ἀμελῶμεν</span> <span class='ocrx_word' id='word_1_541' title='bbox 695 2860 758 2904; x_wconf 75' lang='grc' dir='ltr'>τῆς</span> <span class='ocrx_word' id='word_1_542' title='bbox 778 2859 925 2911; x_wconf 75' lang='grc' dir='ltr'>ἀρετῆς,</span> <span class='ocrx_word' id='word_1_543' title='bbox 945 2858 1037 2897; x_wconf 82' lang='grc' dir='ltr'>ἀλλὰ</span> <span class='ocrx_word' id='word_1_544' title='bbox 1055 2862 1098 2910; x_wconf 72' lang='grc' dir='ltr'>τῇ</span> 
     </span>
     <span class='ocr_line' id='line_1_72' title="bbox 76 2917 1100 2971; baseline 0.007 -20"><span class='ocrx_word' id='word_1_545' title='bbox 76 2919 136 2953; x_wconf 80' lang='grc' dir='ltr'>τοῦ</span> <span class='ocrx_word' id='word_1_546' title='bbox 162 2917 253 2954; x_wconf 78' lang='grc' dir='ltr'>Θεοῦ</span> <span class='ocrx_word' id='word_1_547' title='bbox 279 2918 501 2970; x_wconf 73' lang='grc' dir='ltr'>μακροθυμίᾳ</span> <span class='ocrx_word' id='word_1_548' title='bbox 528 2920 577 2962; x_wconf 87' lang='grc' dir='ltr'>εἷς</span> <span class='ocrx_word' id='word_1_549' title='bbox 610 2919 684 2958; x_wconf 87' lang='grc' dir='ltr'>δέον</span> <span class='ocrx_word' id='word_1_550' title='bbox 711 2918 946 2971; x_wconf 79' lang='grc' dir='ltr'>χρησώμεθα,</span> <span class='ocrx_word' id='word_1_551' title='bbox 973 2920 1032 2958; x_wconf 80' lang='grc' dir='ltr'>καὶ</span> <span class='ocrx_word' id='word_1_552' title='bbox 1053 2923 1100 2964; x_wconf 86' lang='grc' dir='ltr'>ὡς</span> 
     </span>
     <span class='ocr_line' id='line_1_73' title="bbox 77 2974 1100 3032; baseline 0.008 -19"><span class='ocrx_word' id='word_1_553' title='bbox 77 2974 129 3013; x_wconf 84' lang='grc' dir='ltr'>ἔτι</span> <span class='ocrx_word' id='word_1_554' title='bbox 142 2976 261 3028; x_wconf 85' lang='grc' dir='ltr'>καιρὸν</span> <span class='ocrx_word' id='word_1_555' title='bbox 279 2977 416 3030; x_wconf 82' lang='grc' dir='ltr'>ἔχομεν,</span> <span class='ocrx_word' id='word_1_556' title='bbox 429 2985 546 3017; x_wconf 81' lang='grc' dir='ltr'>πᾶσαν</span> <span class='ocrx_word' id='word_1_557' title='bbox 569 2980 739 3032; x_wconf 80' lang='grc' dir='ltr'>ῥαθυμίαν</span> <span class='ocrx_word' id='word_1_558' title='bbox 760 2980 969 3031; x_wconf 85' lang='grc' dir='ltr'>ἀποθέμενοι</span> <span class='ocrx_word' id='word_1_559' title='bbox 987 2981 1100 3028; x_wconf 82' lang='grc' dir='ltr'>ποθή-</span> 
     </span>
     <span class='ocr_line' id='line_1_74' title="bbox 77 3037 1102 3096; baseline 0.007 -23"><span class='ocrx_word' id='word_1_560' title='bbox 77 3037 276 3093; x_wconf 76' lang='grc' dir='ltr'>σωμεντὴν</span> <span class='ocrx_word' id='word_1_561' title='bbox 295 3038 435 3090; x_wconf 82' lang='grc' dir='ltr'>ἀρετὴν,</span> <span class='ocrx_word' id='word_1_562' title='bbox 463 3039 668 3091; x_wconf 78' lang='grc' dir='ltr'>μισήσωμεν</span> <span class='ocrx_word' id='word_1_563' title='bbox 683 3040 747 3087; x_wconf 80' lang='grc' dir='ltr'>τὴν</span> <span class='ocrx_word' id='word_1_564' title='bbox 770 3040 910 3080; x_wconf 87' lang='grc' dir='ltr'>κακίαν.</span> <span class='ocrx_word' id='word_1_565' title='bbox 926 3041 1012 3080; x_wconf 82' lang='grc' dir='ltr'>Ἐὰν</span> <span class='ocrx_word' id='word_1_566' title='bbox 1034 3042 1102 3096; x_wconf 81' lang='grc' dir='ltr'>γὰρ</span> 
     </span>
     <span class='ocr_line' id='line_1_75' title="bbox 78 3095 1104 3154; baseline 0.007 -20"><span class='ocrx_word' id='word_1_567' title='bbox 78 3095 127 3145; x_wconf 83' lang='grc' dir='ltr'>μὴ</span> <span class='ocrx_word' id='word_1_568' title='bbox 147 3097 207 3135; x_wconf 75' lang='grc' dir='ltr'>καὶ</span> <span class='ocrx_word' id='word_1_569' title='bbox 224 3098 308 3150; x_wconf 85' lang='grc' dir='ltr'>πρὸς</span> <span class='ocrx_word' id='word_1_570' title='bbox 332 3099 461 3147; x_wconf 86' lang='grc' dir='ltr'>ταύτην</span> <span class='ocrx_word' id='word_1_571' title='bbox 482 3101 579 3153; x_wconf 85' lang='grc' dir='ltr'>πόθῳ</span> <span class='ocrx_word' id='word_1_572' title='bbox 598 3102 658 3140; x_wconf 85' lang='grc' dir='ltr'>καὶ</span> <span class='ocrx_word' id='word_1_573' title='bbox 683 3103 850 3154; x_wconf 79' lang='grc' dir='ltr'>ἐπιθυμίᾳ</span> <span class='ocrx_word' id='word_1_574' title='bbox 870 3102 1104 3153; x_wconf 81' lang='grc' dir='ltr'>μετέλθωμεν,</span> 
     </span>
     <span class='ocr_line' id='line_1_76' title="bbox 77 3157 1099 3214; baseline 0.008 -20"><span class='ocrx_word' id='word_1_575' title='bbox 77 3157 137 3195; x_wconf 82' lang='grc' dir='ltr'>καὶ</span> <span class='ocrx_word' id='word_1_576' title='bbox 160 3158 245 3210; x_wconf 81' lang='grc' dir='ltr'>πρὸς</span> <span class='ocrx_word' id='word_1_577' title='bbox 263 3160 396 3206; x_wconf 87' lang='grc' dir='ltr'>ἐκείνην</span> <span class='ocrx_word' id='word_1_578' title='bbox 417 3167 518 3212; x_wconf 86' lang='grc' dir='ltr'>μῖσος</span> <span class='ocrx_word' id='word_1_579' title='bbox 544 3161 632 3200; x_wconf 80' lang='grc' dir='ltr'>πολὺ</span> <span class='ocrx_word' id='word_1_580' title='bbox 652 3164 885 3214; x_wconf 81' lang='grc' dir='ltr'>κτησώμεθα,</span> <span class='ocrx_word' id='word_1_581' title='bbox 905 3163 983 3202; x_wconf 83' lang='grc' dir='ltr'>οὔτε</span> <span class='ocrx_word' id='word_1_582' title='bbox 1002 3164 1099 3204; x_wconf 80' lang='grc' dir='ltr'>ἐκεί-</span> 
     </span>
     <span class='ocr_line' id='line_1_77' title="bbox 77 3219 1101 3275; baseline 0.007 -18"><span class='ocrx_word' id='word_1_583' title='bbox 77 3234 137 3264; x_wconf 83' lang='grc' dir='ltr'>νης</span> <span class='ocrx_word' id='word_1_584' title='bbox 162 3219 223 3266; x_wconf 80' lang='grc' dir='ltr'>τὴν</span> <span class='ocrx_word' id='word_1_585' title='bbox 252 3221 366 3271; x_wconf 88' lang='grc' dir='ltr'>λύμην</span> <span class='ocrx_word' id='word_1_586' title='bbox 394 3223 584 3275; x_wconf 78' lang='grc' dir='ltr'>διαφυγεῖν,</span> <span class='ocrx_word' id='word_1_587' title='bbox 611 3224 689 3262; x_wconf 84' lang='grc' dir='ltr'>οὐδὲ</span> <span class='ocrx_word' id='word_1_588' title='bbox 715 3224 844 3271; x_wconf 84' lang='grc' dir='ltr'>ταύτης</span> <span class='ocrx_word' id='word_1_589' title='bbox 871 3226 1101 3264; x_wconf 73' lang='grc' dir='ltr'>ἐπιλαὸέσθαι</span> 
     </span>
     <span class='ocr_line' id='line_1_78' title="bbox 78 3281 1100 3343; baseline 0.009 -27"><span class='ocrx_word' id='word_1_590' title='bbox 78 3281 306 3343; x_wconf 78' lang='grc' dir='ltr'>δυνησόμεθα.</span> <span class='ocrx_word' id='word_1_591' title='bbox 330 3282 416 3321; x_wconf 65' lang='grc' dir='ltr'>εὈτι</span> <span class='ocrx_word' id='word_1_592' title='bbox 446 3284 514 3337; x_wconf 82' lang='grc' dir='ltr'>γὰρ</span> <span class='ocrx_word' id='word_1_593' title='bbox 545 3285 804 3336; x_wconf 80' lang='grc' dir='ltr'>ἐπιθυμούντων</span> <span class='ocrx_word' id='word_1_594' title='bbox 832 3285 955 3338; x_wconf 81' lang='grc' dir='ltr'>χρείαν</span> <span class='ocrx_word' id='word_1_595' title='bbox 983 3287 1056 3339; x_wconf 73' lang='grc' dir='ltr'>ἔχει</span> <span class='ocrx_word' id='word_1_596' title='bbox 1078 3291 1100 3334; x_wconf 85' lang='grc' dir='ltr'>ἡ</span> 
     </span>
    </p>
   </div>
   <div class='ocr_carea' id='block_1_10' title="bbox 121 3385 1137 3439">
    <p class='ocr_par' dir='ltr' id='par_1_10' title="bbox 121 3385 1137 3439">
     <span class='ocr_line' id='line_1_79' title="bbox 121 3385 1137 3439; baseline 0.008 -21"><span class='ocrx_word' id='word_1_597' title='bbox 121 3397 133 3410; x_wconf 70' lang='lat'><em>⁰</em></span> <span class='ocrx_word' id='word_1_598' title='bbox 150 3386 203 3419; x_wconf 83' lang='lat' dir='ltr'>Sic</span> <span class='ocrx_word' id='word_1_599' title='bbox 219 3385 317 3421; x_wconf 68' lang='lat' dir='ltr'>Saxil.</span> <span class='ocrx_word' id='word_1_600' title='bbox 339 3395 369 3420; x_wconf 86' lang='lat' dir='ltr'>et</span> <span class='ocrx_word' id='word_1_601' title='bbox 386 3389 517 3432; x_wconf 75' lang='lat' dir='ltr'>Morel.;</span> <span class='ocrx_word' id='word_1_602' title='bbox 536 3398 569 3422; x_wconf 78' lang='lat' dir='ltr'>nt</span> <span class='ocrx_word' id='word_1_603' title='bbox 591 3390 705 3424; x_wconf 85' lang='lat' dir='ltr'>decem</span> <span class='ocrx_word' id='word_1_604' title='bbox 723 3393 798 3429; x_wconf 67' lang='grc' dir='ltr'>Μω.</span> <span class='ocrx_word' id='word_1_605' title='bbox 815 3397 881 3432; x_wconf 68' lang='grc' dir='ltr'>τοὺς</span> <span class='ocrx_word' id='word_1_606' title='bbox 903 3396 1137 3439; x_wconf 61' lang='grc' dir='ltr'>ὑπηρετοῦντας-</span> 
     </span>
    </p>
   </div>
   <div class='ocr_carea' id='block_1_11' title="bbox 1172 1937 2336 3339">
    <p class='ocr_par' dir='ltr' id='par_1_11' title="bbox 1173 1937 2336 2653">
     <span class='ocr_line' id='line_1_80' title="bbox 1179 1937 2137 1988; baseline 0 -11"><span class='ocrx_word' id='word_1_607' title='bbox 1179 1939 1315 1977; x_wconf 89' lang='lat' dir='ltr'>malitia</span> <span class='ocrx_word' id='word_1_608' title='bbox 1343 1937 1529 1988; x_wconf 80' lang='lat' dir='ltr'>desistant,</span> <span class='ocrx_word' id='word_1_609' title='bbox 1549 1938 1656 1976; x_wconf 91' lang='lat' dir='ltr'>simul</span> <span class='ocrx_word' id='word_1_610' title='bbox 1689 1952 1726 1976; x_wconf 89' lang='lat' dir='ltr'>se</span> <span class='ocrx_word' id='word_1_611' title='bbox 1751 1938 1892 1976; x_wconf 87' lang='lat' dir='ltr'>interim</span> <span class='ocrx_word' id='word_1_612' title='bbox 1918 1938 2073 1976; x_wconf 81' lang='lat' dir='ltr'>liberum</span> <span class='ocrx_word' id='word_1_613' title='bbox 2089 1939 2137 1977; x_wconf 87' lang='lat' dir='ltr'>ab</span> 
     </span>
     <span class='ocr_line' id='line_1_81' title="bbox 1177 1999 2136 2051; baseline 0 -13"><span class='ocrx_word' id='word_1_614' title='bbox 1177 2000 1322 2038; x_wconf 87' lang='lat' dir='ltr'>illorum</span> <span class='ocrx_word' id='word_1_615' title='bbox 1353 1999 1412 2037; x_wconf 89' lang='lat' dir='ltr'>lue</span> <span class='ocrx_word' id='word_1_616' title='bbox 1447 1999 1616 2037; x_wconf 84' lang='lat' dir='ltr'>servavit.</span> <span class='ocrx_word' id='word_1_617' title='bbox 1637 1999 1787 2051; x_wconf 82' lang='lat' dir='ltr'>Insuper</span> <span class='ocrx_word' id='word_1_618' title='bbox 1823 1999 1916 2037; x_wconf 89' lang='lat' dir='ltr'>sicut</span> <span class='ocrx_word' id='word_1_619' title='bbox 1943 1999 1997 2037; x_wconf 92' lang='lat' dir='ltr'>illi</span> <span class='ocrx_word' id='word_1_620' title='bbox 2031 2000 2136 2038; x_wconf 91' lang='lat' dir='ltr'>malis</span> 
     </span>
     <span class='ocr_line' id='line_1_82' title="bbox 1177 2059 2135 2114; baseline 0 -15"><span class='ocrx_word' id='word_1_621' title='bbox 1177 2061 1344 2114; x_wconf 85' lang='lat' dir='ltr'>operibus</span> <span class='ocrx_word' id='word_1_622' title='bbox 1382 2061 1590 2098; x_wconf 91' lang='lat' dir='ltr'>clementem</span> <span class='ocrx_word' id='word_1_623' title='bbox 1621 2061 1739 2097; x_wconf 90' lang='lat' dir='ltr'>Deum</span> <span class='ocrx_word' id='word_1_624' title='bbox 1774 2059 1818 2098; x_wconf 89' lang='lat' dir='ltr'>ad</span> <span class='ocrx_word' id='word_1_625' title='bbox 1851 2059 2135 2111; x_wconf 83' lang='lat' dir='ltr'>indignationem</span> 
     </span>
     <span class='ocr_line' id='line_1_83' title="bbox 1176 2121 2336 2175; baseline 0.003 -14"><span class='ocrx_word' id='word_1_626' title='bbox 1176 2130 1456 2175; x_wconf 86' lang='lat' dir='ltr'>provocaverant</span> <span class='ocrx_word' id='word_1_627' title='bbox 1476 2136 1483 2158; x_wconf 92' lang='lat'>:</span> <span class='ocrx_word' id='word_1_628' title='bbox 1503 2121 1554 2160; x_wconf 89' lang='lat' dir='ltr'>sic</span> <span class='ocrx_word' id='word_1_629' title='bbox 1578 2121 1668 2173; x_wconf 89' lang='lat' dir='ltr'>ipse,</span> <span class='ocrx_word' id='word_1_630' title='bbox 1687 2121 1824 2160; x_wconf 82' lang='lat' dir='ltr'>virtute</span> <span class='ocrx_word' id='word_1_631' title='bbox 1851 2121 2003 2174; x_wconf 81' lang='lat' dir='ltr'>pollens,</span> <span class='ocrx_word' id='word_1_632' title='bbox 2029 2123 2132 2161; x_wconf 79' lang='lat' dir='ltr'>Gra·</span> <span class='ocrx_word' id='word_1_633' title='bbox 2150 2135 2217 2164; x_wconf 78' lang='lat' dir='ltr'>Act.</span> <span class='ocrx_word' id='word_1_634' title='bbox 2235 2133 2336 2174; x_wconf 58' lang='lat'><em>1033.</em></span> 
     </span>
     <span class='ocr_line' id='line_1_84' title="bbox 1177 2183 2134 2222; baseline 0.002 -2"><span class='ocrx_word' id='word_1_635' title='bbox 1177 2186 1273 2220; x_wconf 85' lang='lat' dir='ltr'>tiam</span> <span class='ocrx_word' id='word_1_636' title='bbox 1301 2185 1451 2220; x_wconf 80' lang='lat' dir='ltr'>invenit</span> <span class='ocrx_word' id='word_1_637' title='bbox 1478 2196 1612 2220; x_wconf 84' lang='lat' dir='ltr'>coram</span> <span class='ocrx_word' id='word_1_638' title='bbox 1642 2183 1814 2220; x_wconf 86' lang='lat' dir='ltr'>Domino</span> <span class='ocrx_word' id='word_1_639' title='bbox 1839 2183 1938 2220; x_wconf 84' lang='lat' dir='ltr'>Deo.</span> <span class='ocrx_word' id='word_1_640' title='bbox 1958 2184 2049 2221; x_wconf 84' lang='lat' dir='ltr'>Non</span> <span class='ocrx_word' id='word_1_641' title='bbox 2077 2193 2134 2222; x_wconf 83' lang='lat' dir='ltr'>est</span> 
     </span>
     <span class='ocr_line' id='line_1_85' title="bbox 1176 2243 2134 2296; baseline 0.001 -14"><span class='ocrx_word' id='word_1_642' title='bbox 1176 2243 1270 2282; x_wconf 91' lang='lat' dir='ltr'>enim</span> <span class='ocrx_word' id='word_1_643' title='bbox 1288 2256 1542 2295; x_wconf 82' lang='lat' dir='ltr'>personarum</span> <span class='ocrx_word' id='word_1_644' title='bbox 1561 2252 1740 2296; x_wconf 83' lang='lat' dir='ltr'>acceptor</span> <span class='ocrx_word' id='word_1_645' title='bbox 1753 2245 1875 2282; x_wconf 83' lang='lat' dir='ltr'>Deus.</span> <span class='ocrx_word' id='word_1_646' title='bbox 1895 2246 2032 2284; x_wconf 80' lang='lat' dir='ltr'>Verum</span> <span class='ocrx_word' id='word_1_647' title='bbox 2052 2254 2086 2283; x_wconf 90' lang='lat' dir='ltr'>et</span> <span class='ocrx_word' id='word_1_648' title='bbox 2105 2245 2134 2283; x_wconf 88' lang='lat' dir='ltr'>si</span> 
     </span>
     <span class='ocr_line' id='line_1_86' title="bbox 1175 2304 2136 2344; baseline 0 0"><span class='ocrx_word' id='word_1_649' title='bbox 1175 2306 1211 2344; x_wconf 90' lang='lat' dir='ltr'>in</span> <span class='ocrx_word' id='word_1_650' title='bbox 1245 2314 1341 2343; x_wconf 88' lang='lat' dir='ltr'>tanta</span> <span class='ocrx_word' id='word_1_651' title='bbox 1366 2304 1598 2343; x_wconf 86' lang='lat' dir='ltr'>multitudine</span> <span class='ocrx_word' id='word_1_652' title='bbox 1626 2305 1783 2344; x_wconf 83' lang='lat' dir='ltr'>inveniat</span> <span class='ocrx_word' id='word_1_653' title='bbox 1811 2305 1995 2344; x_wconf 87' lang='lat' dir='ltr'>hominem</span> <span class='ocrx_word' id='word_1_654' title='bbox 2023 2320 2136 2344; x_wconf 88' lang='lat' dir='ltr'>unum</span> 
     </span>
     <span class='ocr_line' id='line_1_87' title="bbox 1173 2366 2132 2421; baseline -0.001 -14"><span class='ocrx_word' id='word_1_655' title='bbox 1173 2383 1252 2421; x_wconf 81' lang='lat' dir='ltr'>quae</span> <span class='ocrx_word' id='word_1_656' title='bbox 1277 2367 1345 2406; x_wconf 83' lang='lat' dir='ltr'>sibi</span> <span class='ocrx_word' id='word_1_657' title='bbox 1377 2366 1505 2419; x_wconf 88' lang='lat' dir='ltr'>placita</span> <span class='ocrx_word' id='word_1_658' title='bbox 1537 2377 1620 2405; x_wconf 89' lang='lat' dir='ltr'>sunt</span> <span class='ocrx_word' id='word_1_659' title='bbox 1640 2368 1839 2417; x_wconf 83' lang='lat' dir='ltr'>facientem,</span> <span class='ocrx_word' id='word_1_660' title='bbox 1862 2381 1930 2406; x_wconf 90' lang='lat' dir='ltr'>non</span> <span class='ocrx_word' id='word_1_661' title='bbox 1957 2367 2132 2420; x_wconf 89' lang='lat' dir='ltr'>despicit:</span> 
     </span>
     <span class='ocr_line' id='line_1_88' title="bbox 1175 2427 2136 2481; baseline -0.001 -13"><span class='ocrx_word' id='word_1_662' title='bbox 1175 2430 1235 2468; x_wconf 93' lang='lat' dir='ltr'>sed</span> <span class='ocrx_word' id='word_1_663' title='bbox 1263 2443 1326 2468; x_wconf 91' lang='lat' dir='ltr'>sua</span> <span class='ocrx_word' id='word_1_664' title='bbox 1353 2429 1458 2467; x_wconf 89' lang='lat' dir='ltr'>illum</span> <span class='ocrx_word' id='word_1_665' title='bbox 1484 2427 1656 2480; x_wconf 83' lang='lat' dir='ltr'>dignatur</span> <span class='ocrx_word' id='word_1_666' title='bbox 1677 2443 1774 2478; x_wconf 81' lang='lat' dir='ltr'>cura,</span> <span class='ocrx_word' id='word_1_667' title='bbox 1790 2438 1823 2467; x_wconf 91' lang='lat' dir='ltr'>et</span> <span class='ocrx_word' id='word_1_668' title='bbox 1844 2438 1941 2467; x_wconf 88' lang='lat' dir='ltr'>tanto</span> <span class='ocrx_word' id='word_1_669' title='bbox 1965 2430 2136 2481; x_wconf 88' lang='lat' dir='ltr'>majorem</span> 
     </span>
     <span class='ocr_line' id='line_1_89' title="bbox 1174 2489 2136 2542; baseline 0 -13"><span class='ocrx_word' id='word_1_670' title='bbox 1174 2491 1273 2530; x_wconf 88' lang='lat' dir='ltr'>illius</span> <span class='ocrx_word' id='word_1_671' title='bbox 1298 2490 1471 2528; x_wconf 87' lang='lat' dir='ltr'>rationem</span> <span class='ocrx_word' id='word_1_672' title='bbox 1497 2489 1617 2539; x_wconf 85' lang='lat' dir='ltr'>habet,</span> <span class='ocrx_word' id='word_1_673' title='bbox 1638 2499 1784 2542; x_wconf 89' lang='lat' dir='ltr'>quanto,</span> <span class='ocrx_word' id='word_1_674' title='bbox 1805 2504 1887 2528; x_wconf 88' lang='lat' dir='ltr'>cum</span> <span class='ocrx_word' id='word_1_675' title='bbox 1911 2499 1959 2528; x_wconf 88' lang='lat' dir='ltr'>tot</span> <span class='ocrx_word' id='word_1_676' title='bbox 1977 2491 2136 2542; x_wconf 87' lang='lat' dir='ltr'>tantique</span> 
     </span>
     <span class='ocr_line' id='line_1_90' title="bbox 1174 2551 2135 2604; baseline -0.003 -12"><span class='ocrx_word' id='word_1_677' title='bbox 1174 2553 1244 2592; x_wconf 84' lang='lat' dir='ltr'>sint</span> <span class='ocrx_word' id='word_1_678' title='bbox 1259 2552 1320 2604; x_wconf 85' lang='lat' dir='ltr'>qui</span> <span class='ocrx_word' id='word_1_679' title='bbox 1336 2551 1381 2590; x_wconf 90' lang='lat' dir='ltr'>ad</span> <span class='ocrx_word' id='word_1_680' title='bbox 1398 2552 1534 2590; x_wconf 90' lang='lat' dir='ltr'>malum</span> <span class='ocrx_word' id='word_1_681' title='bbox 1553 2566 1633 2589; x_wconf 87' lang='lat' dir='ltr'>eum</span> <span class='ocrx_word' id='word_1_682' title='bbox 1649 2552 1808 2599; x_wconf 86' lang='lat' dir='ltr'>trahunt,</span> <span class='ocrx_word' id='word_1_683' title='bbox 1823 2552 1898 2604; x_wconf 87' lang='lat' dir='ltr'>ipse</span> <span class='ocrx_word' id='word_1_684' title='bbox 1917 2553 2135 2590; x_wconf 75' lang='lat' dir='ltr'>constantius</span> 
     </span>
     <span class='ocr_line' id='line_1_91' title="bbox 1175 2612 1686 2653; baseline -0.006 0"><span class='ocrx_word' id='word_1_685' title='bbox 1175 2614 1322 2653; x_wconf 86' lang='lat' dir='ltr'>virtutis</span> <span class='ocrx_word' id='word_1_686' title='bbox 1341 2612 1438 2651; x_wconf 88' lang='lat' dir='ltr'>viam</span> <span class='ocrx_word' id='word_1_687' title='bbox 1452 2621 1605 2650; x_wconf 86' lang='lat' dir='ltr'>sectatus</span> <span class='ocrx_word' id='word_1_688' title='bbox 1621 2621 1686 2650; x_wconf 90' lang='lat' dir='ltr'>est.</span> 
     </span>
    </p>

    <p class='ocr_par' dir='ltr' id='par_1_12' title="bbox 1172 2665 2336 3339">
     <span class='ocr_line' id='line_1_92' title="bbox 1226 2665 2336 2725; baseline 0.002 -13"><span class='ocrx_word' id='word_1_689' title='bbox 1226 2678 1263 2715; x_wconf 82' lang='lat'>(3.</span> <span class='ocrx_word' id='word_1_690' title='bbox 1292 2674 1335 2713; x_wconf 84' lang='lat' dir='ltr'>ld</span> <span class='ocrx_word' id='word_1_691' title='bbox 1360 2674 1522 2721; x_wconf 88' lang='lat' dir='ltr'>scientes,</span> <span class='ocrx_word' id='word_1_692' title='bbox 1552 2672 1598 2711; x_wconf 90' lang='lat' dir='ltr'>ad</span> <span class='ocrx_word' id='word_1_693' title='bbox 1613 2673 1652 2711; x_wconf 90' lang='lat' dir='ltr'>id</span> <span class='ocrx_word' id='word_1_694' title='bbox 1676 2687 1789 2711; x_wconf 88' lang='lat' dir='ltr'>unum</span> <span class='ocrx_word' id='word_1_695' title='bbox 1814 2683 2012 2725; x_wconf 88' lang='lat' dir='ltr'>spectemus</span> <span class='ocrx_word' id='word_1_696' title='bbox 2036 2673 2132 2725; x_wconf 88' lang='lat' dir='ltr'>quod</span> <span class='ocrx_word' id='word_1_697' title='bbox 2148 2665 2265 2716; x_wconf 43' lang='lat' dir='ltr'>itt-oratis</span> <span class='ocrx_word' id='word_1_698' title='bbox 2283 2700 2336 2717; x_wconf 65' lang='grc' dir='ltr'>οι.</span> 
     </span>
     <span class='ocr_line' id='line_1_93' title="bbox 1174 2731 2285 2791; baseline -0.002 -15"><span class='ocrx_word' id='word_1_699' title='bbox 1174 2738 1241 2791; x_wconf 88' lang='lat' dir='ltr'>ipsi</span> <span class='ocrx_word' id='word_1_700' title='bbox 1263 2737 1393 2789; x_wconf 86' lang='lat' dir='ltr'>placet,</span> <span class='ocrx_word' id='word_1_701' title='bbox 1409 2745 1443 2773; x_wconf 89' lang='lat' dir='ltr'>et</span> <span class='ocrx_word' id='word_1_702' title='bbox 1458 2735 1568 2773; x_wconf 85' lang='lat' dir='ltr'>efficit</span> <span class='ocrx_word' id='word_1_703' title='bbox 1587 2744 1627 2772; x_wconf 88' lang='lat' dir='ltr'>ut</span> <span class='ocrx_word' id='word_1_704' title='bbox 1642 2735 1755 2787; x_wconf 90' lang='lat' dir='ltr'>ipsius</span> <span class='ocrx_word' id='word_1_705' title='bbox 1769 2735 1920 2786; x_wconf 83' lang='lat' dir='ltr'>gratiam</span> <span class='ocrx_word' id='word_1_706' title='bbox 1935 2735 2037 2773; x_wconf 88' lang='lat' dir='ltr'>nobis</span> <span class='ocrx_word' id='word_1_707' title='bbox 2050 2749 2133 2774; x_wconf 88' lang='lat' dir='ltr'>con·</span> <span class='ocrx_word' id='word_1_708' title='bbox 2145 2731 2285 2761; x_wconf 65' lang='lat'>¹¹⁰‘¹⁴¹³⁰·</span> 
     </span>
     <span class='ocr_line' id='line_1_94' title="bbox 1174 2795 2132 2848; baseline -0.002 -11"><span class='ocrx_word' id='word_1_709' title='bbox 1174 2799 1337 2837; x_wconf 86' lang='lat' dir='ltr'>ciliemus</span> <span class='ocrx_word' id='word_1_710' title='bbox 1352 2813 1359 2832; x_wconf 93' lang='lat'><strong>:</strong></span> <span class='ocrx_word' id='word_1_711' title='bbox 1376 2810 1488 2847; x_wconf 87' lang='lat' dir='ltr'>neque</span> <span class='ocrx_word' id='word_1_712' title='bbox 1510 2796 1698 2833; x_wconf 85' lang='lat' dir='ltr'>hominum</span> <span class='ocrx_word' id='word_1_713' title='bbox 1719 2795 1898 2843; x_wconf 81' lang='lat' dir='ltr'>amicitiae,</span> <span class='ocrx_word' id='word_1_714' title='bbox 1919 2810 2031 2848; x_wconf 91' lang='lat' dir='ltr'>neque</span> <span class='ocrx_word' id='word_1_715' title='bbox 2050 2811 2132 2835; x_wconf 86' lang='lat' dir='ltr'>con-</span> 
     </span>
     <span class='ocr_line' id='line_1_95' title="bbox 1173 2855 2133 2910; baseline -0.001 -13"><span class='ocrx_word' id='word_1_716' title='bbox 1173 2857 1354 2897; x_wconf 89' lang='lat' dir='ltr'>suetudini</span> <span class='ocrx_word' id='word_1_717' title='bbox 1378 2857 1425 2895; x_wconf 89' lang='lat' dir='ltr'>ita</span> <span class='ocrx_word' id='word_1_718' title='bbox 1452 2856 1710 2905; x_wconf 78' lang='lat' dir='ltr'>serviamus,ut</span> <span class='ocrx_word' id='word_1_719' title='bbox 1726 2855 1872 2894; x_wconf 85' lang='lat' dir='ltr'>virtutis</span> <span class='ocrx_word' id='word_1_720' title='bbox 1888 2856 2061 2895; x_wconf 77' lang='lat' dir='ltr'>faciamus</span> <span class='ocrx_word' id='word_1_721' title='bbox 2077 2859 2133 2910; x_wconf 75' lang='lat' dir='ltr'>ja-</span> 
     </span>
     <span class='ocr_line' id='line_1_96' title="bbox 1174 2917 2128 2969; baseline -0.001 -11"><span class='ocrx_word' id='word_1_722' title='bbox 1174 2930 1325 2966; x_wconf 87' lang='lat' dir='ltr'>cturam,</span> <span class='ocrx_word' id='word_1_723' title='bbox 1338 2917 1399 2956; x_wconf 86' lang='lat' dir='ltr'>sed</span> <span class='ocrx_word' id='word_1_724' title='bbox 1414 2917 1482 2956; x_wconf 90' lang='lat' dir='ltr'>Dei</span> <span class='ocrx_word' id='word_1_725' title='bbox 1497 2917 1697 2963; x_wconf 83' lang='lat' dir='ltr'>tolerantia,</span> <span class='ocrx_word' id='word_1_726' title='bbox 1713 2926 1819 2969; x_wconf 86' lang='lat' dir='ltr'>prout</span> <span class='ocrx_word' id='word_1_727' title='bbox 1833 2917 1948 2968; x_wconf 80' lang='lat' dir='ltr'>decet,</span> <span class='ocrx_word' id='word_1_728' title='bbox 1963 2928 2128 2957; x_wconf 89' lang='lat' dir='ltr'>utamur:</span> 
     </span>
     <span class='ocr_line' id='line_1_97' title="bbox 1173 2977 2130 3032; baseline -0.002 -12"><span class='ocrx_word' id='word_1_729' title='bbox 1173 2981 1302 3020; x_wconf 87' lang='lat' dir='ltr'>etdum</span> <span class='ocrx_word' id='word_1_730' title='bbox 1317 2980 1437 3017; x_wconf 85' lang='lat' dir='ltr'>adhuc</span> <span class='ocrx_word' id='word_1_731' title='bbox 1447 2987 1588 3030; x_wconf 91' lang='lat' dir='ltr'>tempus</span> <span class='ocrx_word' id='word_1_732' title='bbox 1600 2977 1788 3028; x_wconf 82' lang='lat' dir='ltr'>habemus,</span> <span class='ocrx_word' id='word_1_733' title='bbox 1798 2992 1938 3016; x_wconf 89' lang='lat' dir='ltr'>omnem</span> <span class='ocrx_word' id='word_1_734' title='bbox 1951 2978 2130 3032; x_wconf 87' lang='lat' dir='ltr'>deponen-</span> 
     </span>
     <span class='ocr_line' id='line_1_98' title="bbox 1173 3040 2131 3093; baseline -0.002 -12"><span class='ocrx_word' id='word_1_735' title='bbox 1173 3052 1224 3081; x_wconf 87' lang='lat' dir='ltr'>tes</span> <span class='ocrx_word' id='word_1_736' title='bbox 1251 3041 1449 3093; x_wconf 75' lang='lat' dir='ltr'>ignaviam,</span> <span class='ocrx_word' id='word_1_737' title='bbox 1471 3040 1643 3078; x_wconf 87' lang='lat' dir='ltr'>virtutem</span> <span class='ocrx_word' id='word_1_738' title='bbox 1674 3053 1850 3087; x_wconf 81' lang='lat' dir='ltr'>amemuS,</span> <span class='ocrx_word' id='word_1_739' title='bbox 1876 3050 2131 3093; x_wconf 85' lang='lat' dir='ltr'>peccatumque</span> 
     </span>
     <span class='ocr_line' id='line_1_99' title="bbox 1173 3100 2129 3141; baseline 0 0"><span class='ocrx_word' id='word_1_740' title='bbox 1173 3104 1256 3141; x_wconf 90' lang='lat' dir='ltr'>odio</span> <span class='ocrx_word' id='word_1_741' title='bbox 1276 3103 1481 3140; x_wconf 87' lang='lat' dir='ltr'>habeamus.</span> <span class='ocrx_word' id='word_1_742' title='bbox 1507 3100 1586 3138; x_wconf 81' lang='lat' dir='ltr'>Nisi</span> <span class='ocrx_word' id='word_1_743' title='bbox 1607 3100 1701 3138; x_wconf 90' lang='lat' dir='ltr'>enim</span> <span class='ocrx_word' id='word_1_744' title='bbox 1720 3109 1754 3138; x_wconf 91' lang='lat' dir='ltr'>et</span> <span class='ocrx_word' id='word_1_745' title='bbox 1774 3100 1820 3138; x_wconf 89' lang='lat' dir='ltr'>ad</span> <span class='ocrx_word' id='word_1_746' title='bbox 1839 3101 1945 3140; x_wconf 87' lang='lat' dir='ltr'>istam</span> <span class='ocrx_word' id='word_1_747' title='bbox 1963 3117 2083 3141; x_wconf 87' lang='lat' dir='ltr'>amore</span> <span class='ocrx_word' id='word_1_748' title='bbox 2097 3113 2129 3141; x_wconf 94' lang='lat' dir='ltr'>et</span> 
     </span>
     <span class='ocr_line' id='line_1_100' title="bbox 1172 3161 2129 3213; baseline -0.001 -11"><span class='ocrx_word' id='word_1_749' title='bbox 1172 3163 1350 3202; x_wconf 87' lang='lat' dir='ltr'>desiderio</span> <span class='ocrx_word' id='word_1_750' title='bbox 1377 3161 1531 3213; x_wconf 85' lang='lat' dir='ltr'>quodam</span> <span class='ocrx_word' id='word_1_751' title='bbox 1561 3161 1733 3199; x_wconf 84' lang='lat' dir='ltr'>immenso</span> <span class='ocrx_word' id='word_1_752' title='bbox 1770 3176 1833 3200; x_wconf 92' lang='lat' dir='ltr'>nos</span> <span class='ocrx_word' id='word_1_753' title='bbox 1861 3163 2129 3210; x_wconf 89' lang='lat' dir='ltr'>contulerimus,</span> 
     </span>
     <span class='ocr_line' id='line_1_101' title="bbox 1174 3222 2130 3277; baseline 0 -14"><span class='ocrx_word' id='word_1_754' title='bbox 1174 3235 1207 3263; x_wconf 89' lang='lat' dir='ltr'>et</span> <span class='ocrx_word' id='word_1_755' title='bbox 1234 3223 1428 3275; x_wconf 78' lang='lat' dir='ltr'>nequitiam</span> <span class='ocrx_word' id='word_1_756' title='bbox 1449 3222 1555 3260; x_wconf 77' lang='lat' dir='ltr'>valde</span> <span class='ocrx_word' id='word_1_757' title='bbox 1579 3222 1761 3261; x_wconf 86' lang='lat' dir='ltr'>oderimus</span> <span class='ocrx_word' id='word_1_758' title='bbox 1781 3239 1788 3260; x_wconf 89' lang='lat'><strong>:</strong></span> <span class='ocrx_word' id='word_1_759' title='bbox 1808 3238 1921 3275; x_wconf 88' lang='lat' dir='ltr'>neque</span> <span class='ocrx_word' id='word_1_760' title='bbox 1939 3224 2048 3277; x_wconf 78' lang='lat' dir='ltr'>liujus</span> <span class='ocrx_word' id='word_1_761' title='bbox 2067 3226 2130 3263; x_wconf 90' lang='lat' dir='ltr'>da-</span> 
     </span>
     <span class='ocr_line' id='line_1_102' title="bbox 1174 3284 2129 3339; baseline -0.001 -15"><span class='ocrx_word' id='word_1_762' title='bbox 1174 3300 1298 3324; x_wconf 88' lang='lat' dir='ltr'>mnum</span> <span class='ocrx_word' id='word_1_763' title='bbox 1309 3285 1480 3335; x_wconf 79' lang='lat' dir='ltr'>effugere,</span> <span class='ocrx_word' id='word_1_764' title='bbox 1490 3298 1601 3335; x_wconf 88' lang='lat' dir='ltr'>neque</span> <span class='ocrx_word' id='word_1_765' title='bbox 1612 3284 1710 3322; x_wconf 85' lang='lat' dir='ltr'>illam</span> <span class='ocrx_word' id='word_1_766' title='bbox 1719 3285 1915 3337; x_wconf 81' lang='lat' dir='ltr'>amplexari</span> <span class='ocrx_word' id='word_1_767' title='bbox 1925 3288 2129 3339; x_wconf 78' lang='lat' dir='ltr'>poterimus.</span> 
     </span>
    </p>
   </div>
  </div>
 </body>
</html>
