2516 3791
151 1822 329 1851 (J‹'!!.lg.22.

149 2010 320 2036 luivrrosxic»

146 2051 153 2089 j
163 2060 290 2079 [ntorum
299 2072 304 2078 .

358 131 448 176 518

354 238 387 267 et
403 242 518 281 pauca
533 237 657 268 vestrae
675 226 811 265 caritati
827 226 934 276 loqui,
949 233 988 262 ut
1010 224 1137 261 iterum
1155 223 1305 261 videatis
1329 223 1354 254 C

355 289 536 328 caritatem
548 297 580 326 et
594 286 934 326 commiserationem
947 283 1172 336 patriarchae,
1190 291 1224 320 et
1238 283 1304 320 Dei

355 350 391 388 in
424 350 527 387 illum
555 346 847 387 benevolentiam.
880 345 972 382 Nam
1008 342 1086 392 ubi,
1113 351 1190 380 orto
1216 342 1302 388 sole,

349 413 469 464 justus
483 413 550 450 Lot
569 411 605 448 in
621 411 731 460 Segor
749 415 908 445 servatus
923 414 995 455 est,
1021 405 1082 456 qui
1106 413 1225 443 autem
1240 405 1305 444 So-

352 473 469 512 domis
487 482 608 521 erant,
627 483 768 523 poenam
797 468 955 515 luerunt,
979 467 1179 520 patriarcha
1199 467 1306 505 simul

352 544 386 572 ct
420 535 563 571 illorum
594 530 776 569 interitum
808 529 999 577 miserans,
1024 542 1130 579 quem
1163 538 1306 581 propter

351 609 457 632 suum
485 602 668 646 peccatum
688 591 951 639 sustinuerunt,
973 598 1005 627 et
1023 589 1068 627 de
1083 590 1181 641 justo
1200 589 1306 628 valde

350 654 524 692 sollicitus
536 684 546 703 ,
564 667 666 691 mane
680 650 826 690 veniens
848 650 1028 703 spectabat
1046 664 1124 701 quae
1143 650 1194 688 ibi
1214 651 1305 688 facta

352 716 500 752 fuerant.
541 715 604 751 QY.
638 711 822 751 Diluculo
857 720 985 749 autem
1018 714 1143 759 venit,
1177 710 1304 762 inquit,

351 777 556 814 Abraham
570 789 684 813 mane
697 775 751 812 ad
764 773 904 819 locum,
923 774 989 810 ubi
1003 780 1162 810 steterat
1175 785 1304 809 coram

352 838 451 883 Deo,
478 836 544 875 28.
571 845 607 874 et
630 838 795 886 respexit
825 839 866 872 in
886 834 1029 883 faciem
1054 832 1306 870 Sodomorum

351 907 385 935 et
401 898 638 945 Gomorrlzoe,
653 905 689 934 et
704 897 903 950 infaciem
923 894 1230 943 circumjacentis
1249 906 1306 930 re·

350 960 488 1010 gionis,
511 966 548 996 et
569 958 680 995 vidit.
704 959 756 994 Ee
779 970 865 995 ecce
889 952 1307 1006 ascendebatflamma

352 1020 399 1057 de
426 1028 542 1067 terra,
565 1019 828 1070 quasismnus
852 1015 1011 1054 camini.
1032 1015 1073 1069 In
1091 1027 1132 1051 eo
1146 1043 1156 1061 ,
1176 1013 1305 1064 inquit,

352 1079 447 1131 loco,
481 1079 515 1116 in
544 1093 616 1130 quo
648 1078 872 1128 colloquutus
898 1086 948 1114 est
972 1089 1054 1112 cum
1082 1074 1252 1120 Domino,
1273 1083 1307 1112 et

352 1154 416 1191 pro
435 1139 628 1178 Sodomitis
655 1139 814 1190 rogavit,
836 1137 980 1177 videbat
1011 1135 1180 1173 terribilis
1208 1135 1306 1173 illius

351 1215 462 1252 poenae
482 1200 650 1252 vestigia,
671 1209 703 1237 et
719 1200 872 1252 dejusto
895 1198 1030 1236 discere
1054 1195 1190 1248 aliquid
1211 1197 1306 1235 vole-

349 1262 421 1299 bat.
442 1263 477 1300 Is
493 1262 586 1300 enim
618 1270 819 1299 sauctorum
849 1274 924 1298 mos
952 1268 1020 1308 est,
1039 1267 1078 1296 ut
1108 1258 1304 1310 plurimum

350 1323 476 1360 affectu
492 1331 717 1369 moveantur,
735 1331 768 1360 et
781 1321 1053 1373 compatiantur.
1067 1319 1115 1357 Et
1128 1328 1168 1357 ut
1183 1319 1306 1357 doceat

350 1397 413 1421 nos
446 1383 569 1422 divina
597 1385 781 1437 Scriptura
813 1383 967 1436 Spiritus
1001 1381 1152 1433 gratiam
1185 1382 1306 1420 statim

348 1446 415 1498 ipsi
446 1446 554 1498 hujus
585 1447 634 1484 rei
662 1445 823 1484 notitiam
854 1444 1082 1487 concessisse,
1106 1451 1140 1480 et
1167 1443 1305 1494 justum

349 1521 451 1553 cura,
470 1521 578 1558 quam
596 1521 660 1559 pro
682 1508 751 1544 Lot
771 1506 934 1555 gerebat,
956 1504 1138 1553 liberasse,
1160 1504 1274 1554 inquit
1295 1519 1302 1539 ε

347 1570 409 1605 99.
429 1568 521 1606 Cum
533 1576 739 1605 contereret
753 1566 944 1604 Dominus
954 1568 1126 1603 civitates
1139 1567 1306 1616 regionis

347 1629 468 1675 illius,
491 1629 714 1666 recordatus
735 1636 789 1665 est
810 1629 915 1664 Deus
940 1627 1131 1671 Abrahae,
1157 1634 1194 1662 et
1213 1627 1306 1663 emi·

346 1691 396 1726 sit
417 1691 487 1727 Lot
504 1704 524 1727 e
539 1690 666 1727 media
695 1689 952 1727 subversione.
965 1686 1062 1733 Quid
1078 1695 1144 1736 est,
1160 1687 1304 1724 Recor-

347 1751 460 1788 datus
492 1759 547 1788 est
574 1753 679 1788 Deus
710 1750 911 1787 Abrahae?
931 1748 1006 1785 Hoc
1032 1756 1096 1796 est,
1120 1746 1304 1800 petitionis

348 1825 457 1861 quam
482 1811 578 1857 feeit,
606 1811 752 1849 dicens:
771 1810 831 1848 Ne
855 1810 972 1848 simul
994 1810 1134 1861 perdas
1155 1810 1303 1860 justum

347 1886 432 1910 cum
450 1875 576 1924 impio.
595 1873 668 1910 Cur
687 1872 816 1923 igitur⁷
838 1870 970 1908 dixerit
991 1869 1140 1921 aliquis,
1160 1879 1305 1922 propter

348 1934 542 1972 orationem
568 1933 779 1986 patriarchae
799 1933 915 1984 justus
940 1939 1101 1970 servatus
1120 1939 1170 1968 est
1187 1939 1221 1968 et
1236 1944 1305 1968 non

349 2004 492 2047 propter
506 1994 820 2047 suamjustitiam?
840 1995 893 2031 Ita
911 2002 1023 2042 certe,
1041 1992 1147 2030 etiam
1163 2001 1307 2044 propter

349 2057 543 2095 orationem
573 2056 781 2108 patriarchae
805 2054 975 2105 :quando
1007 2053 1102 2092 enim
1133 2053 1230 2103 quod
1262 2067 1308 2091 ex

350 2119 452 2157 uobis
465 2128 517 2157 est
537 2118 644 2155 simul
661 2117 863 2165 afferimus,
883 2116 959 2168 ipsa
979 2115 1086 2153 ctiam
1106 2113 1307 2151 intercessio

350 2189 553 2219 sanctornm
573 2179 770 2231 plurimum
787 2178 890 2215 nobis
910 2177 1052 2214 confert.
1069 2174 1177 2221 Quod
1192 2174 1219 2212 si
1237 2175 1304 2226 ipsi
1320 2208 1366 2232 ,ω

351 2241 566 2292 negligentes
591 2239 785 2287 fuerimus,
807 2247 840 2275 et
869 2251 967 2289 spem
984 2237 1020 2274 in
1036 2236 1108 2273 illis
1127 2234 1211 2273 solis
1238 2247 1305 2271 no-
1333 2245 1355 2274 A

351 2311 431 2339 stra:
447 2300 572 2338 salutis
586 2299 878 2337 collocaverimus
895 2328 903 2345 ‚
923 2297 1015 2335 nihil
1034 2295 1189 2348 amplius
1204 2294 1308 2332 nohis

351 2361 493 2413 prodest
516 2376 523 2397 z
545 2374 615 2398 non
644 2358 740 2411 quod
779 2358 896 2396 minus
932 2357 1073 2396 valeant
1105 2355 1212 2408 justi,
1246 2354 1308 2393 sed

351 2422 434 2472 quia
455 2430 600 2474 propter
624 2428 781 2458 nostram
804 2417 980 2457 desidiam
1012 2431 1075 2456 nos
1108 2417 1202 2468 ipsos
1226 2430 1307 2468 pro-

353 2483 484 2521 dimus.

777 145 814 175 S.
854 144 1040 174 JOANNIS
1082 142 1326 173 CHRYSOST.

405 2609 440 2644 9.
471 2605 520 2643 Et
547 2613 587 2642 ut
615 2604 731 2642 discas
760 2601 954 2654 quomodo,
982 2614 1064 2639 cum
1093 2601 1308 2653 negligentes

352 2681 497 2714 sumus,
517 2665 656 2704 etiamsi
685 2664 774 2717 justi
801 2664 872 2702 sint
889 2663 950 2714 qui
966 2676 1032 2715 pro
1061 2662 1164 2700 nobis
1186 2670 1307 2711 orant,

352 2727 491 2766 etiamsi
512 2727 713 2780 prophetae,
733 2725 832 2764 nulla
860 2724 964 2763 nobis
992 2723 1074 2762 inde
1104 2723 1148 2762 sit
1174 2722 1309 2761 utilitas

353 2789 425 2835 (illi
443 2788 537 2826 enim
557 2802 657 2825 suam
684 2787 854 2826 virtutem
878 2800 941 2838 per
960 2785 1028 2823 hor·
1049 2785 1308 2833 demonstrant,

354 2849 456 2887 nobis
470 2858 588 2886 autem
604 2849 649 2886 ob
663 2847 843 2900 improbos
869 2861 982 2886 mores
1002 2846 1099 2884 nulla
1126 2845 1192 2883 erit
1212 2844 1310 2882 utili-

354 2915 455 2959 tas),
475 2910 560 2948 audi
587 2911 702 2947 Deum
725 2909 987 2958 universorum,
1009 2907 1055 2945 ad
1071 2921 1168 2956 eum,
1189 2906 1249 2957 qui
1267 2905 1311 2944 de

356 2981 454 3010 utero
473 2972 596 3010 matris
612 2971 851 3009 sanctificatus
868 2981 932 3021 est,
954 2969 1144 3010 Jeremiam
1159 2968 1310 3021 prophe-

357 3042 429 3071 tam
447 3034 644 3084 loquentem
666 3049 673 3068 τ
691 3033 750 3070 Ne
774 3046 857 3070 ores
866 3046 935 3083 pro
949 3031 1088 3083 populo
1110 3031 1195 3075 hoc,
1218 3032 1310 3081 quia

359 3110 434 3133 non
454 3095 659 3132 exaudiam
680 3102 726 3131 te.
749 3092 844 3131 Vide
863 3093 1007 3131 Domini
1026 3090 1279 3143 benignitatem
1305 3106 1311 3126 :

357 3155 520 3209 praedicit
550 3155 745 3207 prophetae,
772 3165 810 3192 ut
835 3169 877 3192 ne
901 3169 981 3192 cum
1010 3162 1089 3206 post
1117 3152 1312 3191 orationem

357 3238 425 3262 non
435 3222 660 3268 exaudiatur,
677 3222 744 3260 hoe
758 3221 830 3259 suis
844 3221 995 3273 peccatis
1010 3220 1145 3259 tribuat
1163 3235 1170 3256 ι
1188 3228 1220 3257 et
1233 3217 1311 3256 ideo

1366 142 1554 170 Ancum-:P
1564 162 1572 170 .
1611 143 1782 172 CONS'M
1792 143 1972 174 §Tmou

1381 223 1549 273 ῥᾳθυμίας
1576 225 1813 276 παρεχομένη.
1849 226 2050 277 Ἀναγκαῖον
2082 220 2139 264 οῦν
2170 226 2322 279 σήμερον
2357 226 2400 266 τὰ
2452 210 2455 232 l

1379 281 1457 329 ἑξῆς
1487 283 1692 328 ἐπελθόντας
1721 286 1830 338 μικρά
1862 302 1939 324 τινα
1967 288 2192 339 διαλεχθῆναι
2223 289 2307 340 πρὸς
2337 289 2400 336 τὴν

1378 343 1550 396 ὑμετέραν
1571 344 1723 395 ἀγάπην,
1753 345 1809 383 ἵνα
1838 347 1942 385 πάλιν
1964 349 2078 394 εἰδῆτε
2101 352 2160 387 τοῦ
2179 349 2398 401 πατριάρχου

1379 403 1418 441 τὸ
1438 404 1616 455 συμπαθὲς
1633 405 1692 443 καὶ
1711 405 1948 459 φιλόστοργον,
1968 409 2026 446 καὶ
2045 412 2104 447 τοῦ
2125 411 2217 448 Θεοῦ
2237 410 2300 457 τὴν
2320 412 2400 461 περὶ

1380 465 1482 503 αὐτὸν
1499 464 1643 504 εὔνοιαν.
1664 465 1810 513 Ἐπειδὴ
1836 467 1925 519 γὰρ,
1949 471 2012 514 τ’ῆς
2031 470 2201 517 ἀνατολῆς
2219 475 2279 508 τοῦ
2299 470 2399 516 ἦλίου

1377 525 1576 576 γενομένης,
1592 529 1610 563 ὁ
1626 526 1688 576 μὲν
1703 525 1834 570 δίκαιος
1847 527 1931 565 Λὼτ
1946 530 1994 570 εἰς
2008 528 2073 575 τὴν
2090 529 2220 582 Σηγὼρ
2237 530 2383 578 διεσώθη
2394 558 2404 574 ,

1377 589 1408 624 οἱ
1427 587 1462 625 δὲ
1483 587 1526 624 τὰ
1546 587 1688 637 Σόδομα
1704 592 1944 632 κατοικοῦντες
1963 589 2031 627 ὑπὸ
2047 589 2110 636 τὴν
2129 591 2228 637 δίκην
2254 592 2400 643 γεγόνα-

1377 663 1443 695 σιν,
1462 651 1479 685 ὃ
1497 648 1718 701 πατριάρχης
1734 651 1819 700 ὁμοῦ
1839 648 2019 694 κάκείνους
2034 651 2213 703 οἰκτείρων
2228 655 2290 699 τῆς
2306 655 2401 690 ἀπω-

1376 709 1485 753 λείας,
1501 709 1544 756 ἣν
1563 709 1618 747 διὰ
1640 709 1704 757 τὴν
1731 710 1860 748 οἰκείαν
1879 711 2102 762 παρανομίαν
2124 712 2322 763 ὑπέμεινον,
2342 714 2402 752 καὶ

1377 770 1458 822 περὶ
1480 775 1539 808 τοῦ
1562 770 1694 809 δικαίου
1715 771 1847 824 σφόδρα
1867 772 2065 824 φροντίζων,
2088 773 2269 825 ὀρθρίσας,
2291 774 2399 826 φησὶ,

1376 832 1599 883 περιεσκόπει
1626 832 1671 869 τὰ
1702 832 1930 883 γεγενημένα.
1960 830 2134 886 Ὤρθρισε
2165 834 2250 887 γὰρ,
2284 835 2401 887 φησὶν,

1377 892 1536 945 Ἀδραὰμ
1553 896 1604 945 τῷ
1624 893 1716 945 πρωῒ
1733 896 1780 937 εἷς
1794 893 1852 931 τὸν
1872 894 1990 943 τόπον,
2013 890 2052 933 οῦ
2073 896 2227 942 εἱστήκει
2248 897 2401 935 ἐναντίον

1375 956 1435 990 τοῦ
1462 955 1570 1002 Θεοῦ,
1589 953 1648 992 καὶ
1668 953 1859 1006 ἐπέὸλεψεν
1882 955 1940 992 ἐπὶ
1962 956 2148 1007 πρόσωπον
2168 960 2229 1003 τῆς
2247 955 2401 1009 περιχώὲ

1378 1029 1435 1064 ρου
1460 1013 1626 1064 Σοδόμων
1648 1015 1708 1051 καὶ
1728 1014 1922 1066 Γομόρρας,
1943 1016 2002 1053 καὶ
2026 1011 2106 1054 εἶδε.
2134 1016 2204 1054 Καὶ
2224 1016 2295 1055 ἰδοὺ
2327 1016 2403 1054 ἀνέ-

1376 1075 1473 1112 ὃαινε
1490 1075 1573 1127 φλὸξ
1593 1076 1632 1112 ἐκ
1646 1079 1708 1122 τῆς
1726 1078 1804 1126 γ’ἧς,
1823 1076 1906 1113 ὡσεὶ
1929 1076 2033 1126 ἀτμὶς
2054 1077 2214 1127 καμίνου.
2230 1078 2293 1115 Ἐν
2310 1078 2402 1116 ἐκεί-

1376 1152 1424 1188 νῳ
1438 1166 1447 1184 ,
1469 1136 1566 1188 φησὶ,
1590 1138 1640 1188 τῷ
1659 1135 1755 1187 τόπῳ
1777 1136 1948 1187 γεγονὼς,
1969 1137 2047 1175 ἔνθα
2067 1137 2129 1184 τὴν
2151 1136 2299 1182 διάλεξιν
2317 1137 2402 1189 πρὸς

1376 1198 1434 1236 τὸν
1452 1196 1636 1244 Δεσπότην
1653 1197 1842 1243 ἐποιήσατο
1857 1228 1866 1245 ,
1886 1197 1944 1236 καὶ
1965 1198 2028 1245 τὴν
2045 1198 2126 1250 περὶ
2142 1201 2213 1236 τῶν
2234 1200 2269 1236 ἐν
2289 1198 2400 1237 Σοδό-

1378 1274 1455 1309 μοις
1471 1258 1706 1309 παράκλησιν,
1727 1257 1818 1310 ἑώρα
1838 1261 1899 1305 τῆς
1915 1259 2064 1311 φοὸερᾶς
2078 1258 2212 1306 ἐκείνης
2231 1259 2402 1312 τιμωρίας

1377 1320 1421 1358 τὰ
1441 1319 1521 1372 ἴχνη
1535 1350 1544 1368 ,
1565 1320 1623 1357 καὶ
1652 1323 1711 1357 τοῦ
1738 1319 1870 1357 δικαίου
1896 1320 2010 1358 ἕνεκεν
2035 1323 2157 1370 μαθεῖν
2171 1336 2206 1358 τι
2224 1320 2401 1371 ἐπεθύμει.

1379 1384 1544 1421 Τοιοῦτον
1560 1381 1626 1433 γὰρ
1641 1384 1708 1419 τῶν
1725 1380 1832 1431 ἁγίων
1848 1381 1887 1419 τὸ
1903 1382 1988 1430 ἔθος,
2003 1381 2227 1434 φιλόστοργον
2241 1382 2299 1420 καὶ
2314 1397 2402 1433 συμ-

1377 1443 1586 1490 παθητικόν.
1608 1442 1678 1481 Καὶ
1698 1441 1754 1479 ἵνα
1779 1442 1898 1495 διδάξῃ
1919 1447 2013 1494 ἡμᾶς
2030 1447 2051 1490 ἡ
2074 1443 2146 1481 θεία
2173 1443 2319 1496 Γραφὴ,
2349 1444 2402 1482 ὅτι

1378 1505 1501 1548 εὐθέως
1518 1507 1612 1557 αὐτῷ
1628 1504 1750 1543 τούτου
1771 1503 1835 1551 τὴν
1856 1508 1984 1555 γνῶσιν
2000 1504 2160 1551 ἐνέθηκεν
2175 1507 2196 1551 ἡ
2213 1509 2274 1542 τοῦ
2290 1504 2401 1543 Πνεύ-

1379 1580 1485 1615 ματος
1504 1565 1623 1616 χάρις,
1644 1567 1730 1614 ὁμοῦ
1752 1564 1788 1603 δὲ
1815 1566 1874 1603 καὶ
1899 1565 1959 1603 τὸν
1981 1565 2113 1603 δίκαιον
2138 1564 2221 1603 εἵνα
2243 1569 2306 1612 τῆς
2321 1566 2402 1616 περὶ

1377 1629 1435 1663 τοῦ
1456 1625 1540 1663 Λὼτ
1562 1625 1746 1677 ἀπαλλάξῃ
1768 1626 1970 1678 φροντίδος,
1991 1626 2096 1677 φησίν
2111 1642 2119 1649 ·
2137 1626 2198 1664 Ἐν
2218 1629 2268 1677 τῷ
2284 1628 2402 1679 ἐκτρῖ-

1377 1688 1440 1737 ψαι
1456 1686 1589 1738 Κύριον
1609 1686 1669 1729 τὰς
1685 1686 1804 1729 πόλεις
1820 1690 1882 1733 τῆς
1897 1686 2089 1738 περιοίκου,
2108 1685 2265 1736 ἐμνήσθη
2281 1689 2299 1725 ὁ
2314 1687 2403 1730 Θεὸς

1377 1751 1436 1785 τοῦ
1456 1746 1629 1799 Ἀὸραὰμ,
1647 1746 1707 1785 καὶ
1727 1746 1950 1791 ἐξαπέστειλε
1979 1746 2037 1785 τὸν
2058 1746 2142 1786 Λὼτ
2157 1749 2195 1786 ἐκ
2215 1747 2322 1799 μέσου
2342 1752 2404 1795 τῆς

1376 1812 1633 1861 καταστροφῆς.
1647 1808 1695 1846 Τί
1708 1809 1814 1856 ἔστιν,
1828 1808 2013 1860 Ἐμνήσθη
2027 1811 2045 1847 ὃ
2055 1809 2146 1853 Θεὸς
2159 1812 2220 1847 τοῦ
2233 1809 2403 1861 Ἀδραάμ;

1377 1872 1454 1917 Τῆς
1472 1869 1747 1922 παρακλήσεως,
1769 1870 1886 1922 φησὶν,
1913 1865 1955 1916 ἧς
1974 1870 2177 1919 ἐποιήσατο,
2197 1870 2320 1922 λέγων,
2341 1870 2403 1917 Μὴ

1378 1930 1618 1981 συναπολέσης
1640 1930 1772 1968 δίκαιον
1803 1930 1893 1982 μετὰ
1919 1930 2076 1974 ἀσεὲοῦς.
2095 1930 2143 1969 Τί
2159 1926 2229 1978 οῦν,
2251 1930 2291 1968 ἂν
2311 1930 2404 1969 εἴποι

1377 2007 1443 2039 τις,
1466 1991 1521 2029 διὰ
1546 1991 1610 2038 τὴν
1645 1992 1868 2043 παράκλησιν
1898 1995 1956 2029 τοῦ
1988 1991 2211 2044 πατριάρχου
2235 1995 2253 2030 ὁ
2276 1990 2405 2035 δίκαιος

1378 2051 1528 2098 διεσώθη
1543 2082 1552 2099 ,
1577 2052 1636 2090 καὶ
1657 2052 1736 2104 οὐχὶ
1767 2052 1823 2090 διὰ
1846 2051 1908 2099 τὴν
1929 2052 2018 2090 ἰδίαν
2045 2052 2291 2101 δικαιοσύνην,
2312 2044 2403 2099 Nat]

1377 2113 1436 2150 καὶ
1455 2112 1512 2150 διὰ
1528 2112 1590 2159 τὴν
1607 2113 1830 2164 παράκλησιν
1845 2117 1904 2150 τοῦ
1922 2112 2141 2165 πατριάρχου
2157 2129 2164 2137 ·
2185 2113 2266 2152 ὅταν
2280 2112 2347 2164 γὰρ
2362 2114 2405 2150 τὰ

1378 2175 1460 2225 παρ’
1488 2176 1619 2211 ἑαυτῶν
1650 2172 1977 2224 συνεισενέγκωμεν,
2003 2173 2062 2211 καὶ
2080 2177 2101 2220 ἡ
2129 2173 2225 2226 παρὰ
2253 2176 2321 2212 τῶν
2350 2175 2406 2211 δι-

1379 2234 1486 2271 καίων
1503 2233 1673 2286 πρεσὸεία
1689 2233 1732 2271 τὰ
1753 2233 1901 2285 μέγιστα
1918 2237 2011 2284 ἡμᾶς
2031 2233 2197 2280 ὀνίνησιν.
2223 2234 2325 2273 Ἐπεὶ
2345 2234 2403 2272 ἐὰν

1379 2295 1475 2334 αὐτοὶ
1499 2295 1561 2345 μὲν
1583 2296 1806 2347 ῥᾳθυμῶμεν,
1822 2295 1884 2338 τὰς
1911 2296 1946 2334 δὲ
1967 2295 2111 2339 ἐλπίδας
2140 2299 2202 2342 τ’ἧς
2230 2296 2406 2348 ἡμετέρας

1378 2357 1552 2409 σωτηρίας
1575 2359 1629 2394 ἐπ’
1650 2358 1793 2400 ἐκείνοις
1821 2356 1937 2406 μόνοις
1969 2356 2173 2407 ποιώμεθα,
2198 2357 2294 2396 οὐδὲν
2320 2361 2405 2408 ἡμῖν

1378 2419 1475 2456 ἔσται
1505 2418 1628 2456 πλέον·
1654 2420 1714 2456 οὐκ
1744 2417 1864 2464 ἐπειδὴ
1897 2420 2051 2461 ἀσθενεῖς
2081 2420 2112 2456 οἱ
2147 2418 2294 2467 δίκαιοι,
2327 2420 2404 2456 ἀλλ’

1378 2479 1497 2527 ἐπειδὴ
1514 2482 1617 2530 ἡμεῖς
1635 2479 1691 2517 διὰ
1709 2481 1772 2525 τῆς
1791 2479 1919 2522 οἰκείας
1940 2478 2110 2531 ῥᾳθυμίας
2126 2478 2268 2523 ἑαυτοὺς
2288 2479 2408 2531 προδί-

1381 2543 1501 2591 δομεν.

1432 2602 1502 2640 Καὶ
1528 2601 1584 2639 ἵνα
1611 2601 1723 2654 μάθῃς
1745 2601 1820 2648 ὅτι,
1851 2601 1933 2641 ὅταν
1959 2602 2159 2652 ἀμελῶμεν,
2183 2600 2248 2639 κᾶν
2279 2601 2406 2639 δίκαιοι

1379 2656 1463 2701 ὦσιν
1483 2667 1514 2702 οἱ
1532 2663 1620 2715 ὑπὲρ
1651 2665 1753 2713 ἡμῶν
1780 2664 2083 2715 παρακαλοῦντες,
2113 2662 2177 2700 κᾶν
2204 2665 2404 2715 προφῆται,

1380 2724 1475 2763 οὐδὲν
1492 2728 1575 2775 ἡμῖν
1593 2726 1631 2762 ἐκ
1646 2723 1768 2762 τούτου
1784 2724 1904 2776 ὄφελος
1936 2723 2068 2775 γίνεται
2095 2724 2243 2772 (ἐκεῖνοι
2262 2724 2323 2774 μὲν
2339 2723 2407 2776 γὰρ

1380 2786 1443 2833 τὴν
1458 2789 1588 2824 ἑαυτῶν
1605 2785 1732 2838 ἀρετὴν
1747 2786 1806 2824 καί
1822 2785 1879 2823 διὰ
1892 2785 2022 2823 τούτων
2038 2784 2304 2833 ἐπιδείκνυνται,
2319 2788 2404 2835 ἡμῖν

1383 2848 1416 2885 δὲ
1436 2847 1580 2898 οὐδεμία
1596 2846 1692 2884 ἔσται
1707 2847 1822 2893 ὄνησις
1842 2846 1897 2884 διὰ
1913 2845 1970 2884 τὸν
1988 2848 2113 2884 οἰκεῖον
2127 2846 2285 2898 τρόπον),
2306 2846 2407 2883 ἄκου-

1383 2925 1440 2947 σον
1456 2912 1514 2946 τοῦ
1534 2910 1600 2946 τῶν
1614 2909 1701 2946 ὅλων
1717 2910 1809 2947 Θεοῦ
1823 2907 1908 2960 πρὸς
1923 2907 1981 2945 τὸν
1995 2908 2034 2945 ἐκ
2050 2907 2182 2950 κοιλίας
2197 2907 2406 2958 ἁγιασθέντα

1383 2970 1554 3022 Ἱερεμίαν
1572 2970 1629 3008 τὸν
1649 2970 1831 3022 προφήτην
1849 2969 1994 3020 λέγοντα
2009 2985 2016 2992 ·
2039 2967 2098 3014 Μὴ
2115 2967 2310 3020 προσεύχου
2327 2967 2406 3020 περὶ

1383 3035 1442 3069 τοῦ
1462 3033 1547 3070 λαοῦ
1569 3031 1704 3078 τούτου,
1721 3031 1773 3068 ὅτι
1791 3033 1852 3068 οὐκ
1872 3029 2122 3080 εἷσακούσομαί
2143 3044 2216 3067 σου.
2232 3029 2329 3081 ζὈροι
2346 3031 2406 3067 τοῦ

1384 3093 1564 3131 Δεσπότου
1589 3093 1871 3146 φιλανθρωπίαν·
1892 3091 2055 3144 προλέγει
2079 3094 2128 3144 τῷ
2147 3092 2332 3144 προφήτῃ,
2351 3091 2407 3130 ἵνα

1386 3155 1434 3205 μὴ
1456 3154 1544 3205 μετὰ
1570 3155 1609 3192 τὸ
1632 3154 1888 3206 προσεύξασθαι
1906 3153 2160 3205 παρακουσθεὶς
2175 3182 2185 3200 ,
2206 3153 2331 3205 νομίσῃ
2354 3152 2408 3192 ὅτι

1384 3216 1441 3254 διὰ
1456 3216 1517 3263 τὴν
1534 3218 1616 3267 παρ’
1634 3217 1738 3254 αὐτοῦ
1758 3215 1870 3254 αἰτίαν
1891 3219 1991 3254 τοῦτο
2010 3214 2207 3265 γεγένηται.
2227 3214 2294 3253 Διὰ
2308 3217 2408 3252 τοῦτο

402 3356 413 3369 ⁰
438 3344 537 3377 Sat-ili
558 3351 589 3376 ct
606 3343 741 3387 quidam
759 3343 812 3376 alii
829 3348 874 3378 ἵνα
892 3351 944 3382 τῆς
961 3348 1027 3389 περὶ
1053 3349 1104 3377 τοῦ
1131 3345 1241 3377 δικαίου
1259 3342 1406 3386 φροντίδος
1424 3343 1582 3378 ἀπαλλάξῃ
1600 3342 1689 3374 αὐτόν
