2516 3791
636 237 679 266 ΙΝ
712 237 812 267 (ΞΑΡ.
853 236 994 266 ΧΙΝΙΙ.

77 315 172 360 εἶπεν
206 322 316 374 αὐτῷ·
345 323 374 359 εἷ
402 320 534 372 εὕρηκα
556 320 660 372 χάριν
690 319 842 359 ἐναντίον
867 335 951 366 σου,
988 318 1110 360 ὑπόθες

74 382 138 430 τὴν
160 383 262 436 χεῖρά
295 396 356 420 σου
374 382 443 419 ὑπὸ
460 381 519 419 τὸν
541 380 651 431 μηρόν
672 396 737 431 μου
755 408 765 424 ,
791 381 852 419 καὶ
879 380 1037 427 ποιήσεις
1055 377 1112 416 ἐπ’

75 442 139 493 ἐμὲ
159 442 394 494 ἐλεημοσύνην
428 441 487 480 καὶ
519 441 698 488 ἀληθειαν,
723 445 784 480 τοῦ
804 442 852 492 μή
882 457 925 492 με
945 440 1053 493 θάψαι
1077 442 1112 478 ἐν
1136 446 1160 475 E

76 503 260 556 Αἰγύπτῳ·
297 502 388 542 ἀλλὰ
425 502 690 554 κοιμηθῆσομαι
729 502 817 552 μετὰ
850 506 918 540 τῶν
949 500 1110 554 πατέρων

76 580 163 615 μου·
185 565 244 603 καὶ
266 567 360 618 ἀρεῖς
391 580 436 615 με
467 564 501 608 ἐξ
534 564 730 616 Αἰγύπτου,
753 565 813 603 καὶ
844 564 964 615 θάψεις
996 578 1041 613 με
1077 564 1110 600 ἐν

75 628 127 679 τῷ
154 626 253 679 τάφῳ
273 628 400 665 αὐτῶν.
429 625 474 664 ‘0
500 625 535 665 δὲ
560 621 652 664 εἶπε·
681 626 819 672 ποιήσω
845 624 936 663 κατὰ
956 624 994 662 τὸ
1016 624 1112 675 ῥῆμά

77 703 150 727 σου.
174 683 262 727 Eine
294 688 347 727 δέ·
370 688 497 739 ὅμοσόν
529 704 602 738 μοι.
635 689 704 726 Καὶ
736 687 872 737 ὤμοσεν
903 688 1011 737 αὐτῷ.
1043 685 1112 723 Καὶ

76 750 332 802 προσεκύνησεν
346 749 494 802 Ἰσραὴλ
513 749 571 788 ἐπὶ
589 748 629 786 τὸ
648 750 754 801 ἄκρον
768 752 832 795 τῆς
849 747 978 802 ῥάὸδου
995 747 1111 784 αὐτοῦ.

77 813 211 851 Πολλοὶ
230 815 298 850 τῶν
319 811 561 865 μικροψύχων,
583 810 724 849 ἐπειδὰν
743 812 972 862 παραινῶμεν
997 809 1112 851 αὐτοῖς

77 873 127 924 μὴ
145 872 253 911 πολὺν
269 875 445 910 ποιεῖσθαι
459 871 560 922 λόγον
581 871 661 923 περὶ
676 874 806 923 ταφῆς,
823 869 912 921 μηδὲ
926 869 1113 921 περισπού-

77 935 202 973 δαστον
221 939 370 986 πρᾶγμα
383 934 544 984 ἡγεῖσθαι
556 932 595 970 τὸ
614 932 684 970 ἀπὸ
698 935 761 978 τῆς
777 929 963 982 ἀλλοτρίας
979 929 1037 967 ἐπὶ
1050 929 1113 976 τὴν

75 994 206 1034 οἰκείαν
227 992 380 1046 πατρίδα
392 995 461 1031 τῶν
477 992 776 1039 τετελευτηκότων
795 991 840 1029 τὰ
861 990 1010 1042 λείψανα
1026 993 1111 1028 ἐπα-

74 1055 207 1108 νάγειν,
237 1053 370 1101 ταύτην
393 1057 478 1105 ἡμῖν
500 1054 761 1106 προὸάλλονται
776 1052 839 1099 τὴν
862 1051 1030 1105 ἱστορίαν,
1051 1051 1115 1103 φά-

77 1132 217 1160 σκοντες
229 1146 238 1165 ,
252 1116 314 1154 καὶ
328 1116 386 1154 τὸν
399 1115 622 1167 πατριάρχην
635 1114 808 1161 τοσαύτην
817 1113 906 1165 ὑπὲρ
919 1112 1040 1151 τούτου
1054 1128 1115 1150 πε-

76 1181 246 1225 ποιῆσθαι
259 1177 322 1224 τὴν
343 1177 520 1230 φροντίδα.
537 1176 641 1215 Ἀλλὰ
654 1177 792 1228 πρῶτον
817 1175 892 1226 μὲν,
907 1174 993 1226 ὅπερ
1009 1174 1114 1226 ἔφθην

77 1240 198 1288 εἰπὼν,
213 1244 313 1279 τοῦτο
328 1239 378 1277 δεῖ
397 1238 617 1289 λογίζεσθαι,
640 1238 694 1276 ὅτι
716 1239 754 1276 οὐ
769 1236 942 1283 τοσαύτην
958 1235 1038 1275 τότε
1050 1235 1113 1282 τὴν

77 1300 282 1355 φιλοσοφίαν
316 1302 525 1352 ἆπῃτοῦντο,
545 1298 628 1346 ὅσην
649 1302 680 1338 οἱ
710 1302 766 1337 νῦν
785 1314 792 1322 ·
826 1297 947 1336 ἔπειτα
977 1297 1030 1335 ὅτι
1055 1297 1115 1335 καὶ

75 1367 178 1401 τοῦτο
206 1362 288 1400 αὐτὸ
317 1363 382 1413 οὐχ
409 1361 529 1405 ἁπλῶς
546 1363 564 1398 ὁ
585 1360 716 1404 δίκαιος
735 1359 908 1406 ἐδουλήθη
929 1358 1114 1410 γενέσθαι,

77 1425 156 1462 ἀλλ’
184 1422 327 1466 ἐλπίδας
347 1423 462 1464 αὐτοῖς
481 1421 638 1474 χρηστὰς
662 1421 878 1473 ὑποφαίνων,
907 1422 953 1463 ὡς
973 1419 1034 1457 καὶ
1054 1419 1114 1456 αὖ·

79 1485 134 1523 τοὶ
157 1483 221 1536 ὀψέ
253 1498 338 1522 ποτε
371 1482 599 1528 ἐπανήξουσιν
619 1485 666 1526 εἰς
694 1482 758 1529 τὴν
781 1484 848 1533 γ’ἧν
872 1484 935 1528 τῆς
967 1481 1115 1532 ἐπαγγε-

80 1546 174 1590 λίας.
193 1545 264 1584 Καὶ
288 1545 343 1584 ὅτι
372 1544 502 1591 ταύτης
518 1544 633 1583 ἕνεκεν
652 1548 714 1591 τῆς
744 1543 856 1586 αἰτίας
878 1547 979 1581 τοῦτο
999 1541 1117 1580 διετά-

79 1607 181 1655 ξατο,
222 1605 460 1659 φανερώτερον
500 1609 595 1657 ἡμᾶς
627 1607 785 1644 διδάσκει
825 1607 843 1642 ὁ
881 1603 1002 1643 τούτου
1035 1609 1118 1646 παῖς

79 1669 244 1722 φάσκων·
271 1669 476 1720 Ἐπισκοπῇ
501 1666 730 1719 ἐπισκέψεται
755 1669 773 1705 ὁ
800 1666 891 1710 Θεὸς
919 1669 1030 1716 ὑμᾶς,
1057 1664 1117 1703 καὶ

26 1736 30 1739 ’
79 1729 300 1769 συνανοίσετε
317 1728 362 1767 τὰ
384 1730 469 1767 ὀστᾶ
490 1745 554 1779 μου
577 1730 743 1768 ἐντεῦθεν.
760 1726 846 1766 ’Ότι
871 1727 939 1779 γὰρ
965 1733 1035 1770 τοῖς
1054 1728 1117 1772 τῆς

79 1790 229 1835 πίστεως
255 1792 446 1843 ὀφθαλμοῖς
473 1789 518 1827 τὰ
541 1789 715 1839 μέλλοντα
738 1789 987 1842 ἐφαντάζοντο,
1012 1790 1116 1827 ἄκουε

79 1852 184 1890 αὐτοῦ
204 1851 272 1898 ἤδη
293 1850 459 1901 κοίμησιν
477 1851 535 1889 τὸν
554 1850 701 1888 θάνατον
721 1851 879 1903 λέγοντος
895 1865 902 1873 ·
924 1850 1008 1902 φησὶ
1029 1848 1114 1902 γὰρ,

78 1913 353 1964 Κοιμηθήσομαι
369 1912 460 1963 μετὰ
474 1913 543 1950 τῶν
561 1912 723 1963 πατέρων
751 1927 830 1963 μου.
849 1911 918 1950 Διὰ
938 1915 1037 1950 τοῦτο
1056 1910 1116 1948 καὶ

78 1974 219 2018 Παῦλος
238 1973 357 2025 ἔλεγε,
384 1972 489 2012 Κατὰ
507 1972 625 2012 πίστιν
648 1973 819 2012 ἀπέθανον
842 1967 936 2012 οὗτοι.
967 1972 1093 2016 πάντες
1106 2000 1115 2016 ,

81 2033 130 2085 μὴ
150 2034 383 2085 κομισάμενοι
398 2033 460 2077 τὰς
480 2034 712 2086 ἐπαγγελίας,
734 2034 826 2073 ἀλλὰ
846 2035 1026 2088 πόῤῥωθεν
1048 2034 1114 2070 αὐ-

78 2095 142 2139 τὰς
161 2095 288 2138 ἰδόντες
303 2095 363 2132 καὶ
377 2094 633 2146 ἀσπασάμενοι.
656 2097 761 2144 Πῶς,
782 2097 867 2139 Τοῖς
889 2098 950 2141 τῆς
964 2094 1115 2138 πίστεως

80 2157 284 2208 ὀφθαλμοῖς.
303 2155 437 2203 Μηδεὶς
455 2154 568 2194 τοίνυν
586 2157 756 2207 νομιζέτω
774 2155 1011 2210 μικροψυχίας
1028 2149 1114 2193 εἶναι

77 2217 143 2263 τὴν
168 2217 334 2265 διάταξιν,
354 2216 445 2255 ἀλλὰ
476 2217 535 2255 καὶ
563 2218 633 2255 ἀπὸ
661 2220 720 2256 τοῦ
742 2221 864 2271 καιροῦ
887 2218 947 2255 καὶ
967 2217 1035 2255 ἀπὸ
1053 2222 1114 2256 τοῦ

78 2285 234 2332 προορᾷν
250 2279 313 2326 τὴν
334 2278 528 2330 μέλλουσαν
549 2280 663 2317 αὐτῶν
683 2278 822 2318 ἔσεσθαι
843 2280 1020 2326 ἐπάνοδον,
1038 2279 1113 2317 ποί-

80 2355 145 2386 σης
164 2339 275 2383 αἰτίας
291 2339 474 2378 ἀπολυέτω
487 2341 545 2379 τὸν
559 2340 703 2379 δίκαιον.
727 2343 798 2380 Νῦν
819 2340 882 2392 μὲν
896 2340 977 2393 γὰρ,
992 2340 1113 2387 ἐπειδὴ

78 2401 124 2439 τὰ
142 2404 205 2448 τῆς
223 2400 427 2453 φιλοσοφίας
442 2401 594 2448 ἐπετάθη
616 2401 707 2453 μετὰ
723 2402 787 2448 τὴν
801 2406 860 2440 τοῦ
877 2403 1031 2456 Χριστοῦ
1050 2418 1115 2440 πα-

82 2461 234 2514 ρουσίαν,
244 2461 386 2506 εἰκότως
396 2462 438 2500 ἄν
450 2479 503 2506 τις
513 2463 689 2515 μέμψοιτο
701 2465 751 2516 τῷ
762 2462 807 2502 τὰ
815 2466 960 2502 τοιαῦτα
973 2463 1116 2510 ἐπισκή-

80 2538 216 2562 πτοντι.
235 2523 306 2562 Καὶ
327 2523 376 2575 μὴ
391 2524 608 2569 ταλανιζέτω
623 2525 682 2563 τὸν
699 2527 753 2564 ἐπ’
771 2525 956 2578 ἀλλοτρίας
968 2526 1028 2564 τὸν
1041 2525 1116 2578 βίον

81 2584 351 2633 καταλύσαντα,
372 2585 462 2636 μηδὲ
495 2586 553 2625 τὸν
586 2588 642 2625 ἐπ’
674 2587 822 2640 ἐρημίας
845 2591 909 2634 τῆς
936 2587 1117 2641 παρούσης

82 2646 174 2693 ζωῆς
207 2647 472 2698 μεθιστάμενον.
495 2648 587 2687 Οὐδὲ
608 2648 675 2701 γὰρ
694 2652 712 2686 ὁ
730 2653 882 2694 τοιοῦτος
900 2651 1116 2701 ταλανισμοῦ

83 2706 175 2751 ἄξιος
186 2735 196 2753 ,
213 2709 289 2746 ἀλλ’
304 2710 323 2746 ὁ
340 2709 376 2746 ἐν
391 2709 582 2763 ἁμαρτίαις
599 2709 776 2757 τεθνηκὼς
787 2741 797 2759 ,
809 2711 873 2749 κᾶν
889 2710 948 2749 ἐπὶ
965 2713 1028 2757 τῆς
1042 2712 1118 2750 κλί-

83 2783 156 2816 νης,
170 2768 234 2806 κᾶν
249 2769 307 2807 ἐπὶ
320 2773 383 2817 τῆς
397 2770 508 2815 οἰκίας
520 2802 530 2820 ,
546 2771 609 2810 κᾶν
625 2774 694 2810 τῶν
714 2771 920 2819 ἐπιτηδείων
933 2772 1115 2824 παρόντων

83 2828 141 2866 τὸν
163 2828 236 2879 βίον
256 2830 450 2883 καταλύσῃ.
474 2833 543 2871 Καὶ
564 2833 612 2884 μή
634 2850 694 2884 μοι
714 2833 760 2872 τὰ
775 2834 895 2887 ψυχρὰ
913 2835 1030 2873 ἐκεῖνα
1050 2835 1116 2888 ῥή-

87 2905 184 2939 ματα
206 2889 267 2928 καὶ
286 2891 436 2941 γέλωτος
455 2893 610 2945 γέμοντα
631 2895 692 2933 καὶ
717 2895 834 2940 ἀνοίας
857 2896 968 2947 μεστὰ
986 2896 1117 2948 λεγέτω

85 2965 155 2993 τις·
184 2953 202 2989 ὁ
232 2951 326 2989 δεῖνα
354 2953 453 2997 κυνὸς
478 2955 682 3008 ἀτιμότερον
707 2956 962 3005 τετελεύτηκεν,
983 2957 1117 3000 οὐδενὸς

85 3015 154 3050 τῶν
181 3012 367 3064 γνωρίμων
387 3015 482 3065 αὐτῷ
513 3015 700 3067 παρόντος,
729 3019 807 3056 οὐδὲ
834 3018 878 3056 τὰ
908 3021 972 3064 τῆς
1004 3021 1117 3070 ταφῆς

87 3074 180 3126 αὐτῷ
200 3081 396 3126 παραυ-[εῖν
411 3075 628 3123 δυνηθέντος,
648 3079 725 3116 ἀλλ’
746 3077 782 3122 ἐξ
801 3080 924 3132 ἐράνου
943 3080 1003 3118 καὶ
1023 3081 1113 3118 πολ-

85 3137 156 3174 λῶν
185 3151 287 3173 τινων
307 3136 653 3187 συνεισενεγκόντων,
673 3138 764 3176 οὕτω
784 3139 829 3177 τὰ
857 3142 943 3193 πρὸς
961 3141 1024 3188 τὴν
1046 3157 1114 3188 κη-

87 3195 180 3234 δείαν
213 3198 306 3248 αὐτῷ
338 3198 552 3249 παρεσχέθη.
580 3198 633 3236 Οὐ
661 3199 761 3237 τοῦτό
792 3201 898 3249 ἐστιν,
931 3201 1090 3254 ἄνθρωπε
1104 3233 1113 3250 ,

87 3256 186 3300 κυνὸς
219 3258 424 3310 ἀτιμότερον
444 3259 740 3306 τετελευτηκέναι.
757 3261 805 3299 Τί
837 3261 906 3314 γὰρ
923 3265 942 3300 ὁ
965 3268 1115 3307 τοιοῦτος

37 3352 42 3355 ,
86 3317 316 3370 παρείλάόη,
343 3318 458 3356 Μόνον
478 3321 566 3358 εἰτὸ
584 3323 645 3366 τῆς
671 3321 795 3371 ἀρετῆς
815 3322 946 3374 ἔνδυμα
968 3323 1017 3374 μὴ
1043 3319 1115 3376 εἶχε

87 3378 312 3430 περιστέλλον
332 3379 447 3418 αὐτόν.
467 3379 550 3418 ζὈτι
577 3380 645 3433 γὰρ
669 3381 764 3419 οὐδὲν
789 3387 891 3421 τοῦτο
907 3384 1116 3434 λυμαίνεται

88 3438 146 3475 τὸν
179 3439 349 3491 ἐνάρετον,
373 3440 523 3490 μάνθανε
556 3441 608 3479 ὅτι
640 3443 670 3479 οἱ
699 3442 836 3486 πλείους
863 3446 930 3482 τῶν
959 3446 1115 3492 δικαίων,

305 3506 397 3530 Toni.
427 3508 479 3535 iv.

1035 235 1198 265 (nixus.

1239 236 1395 266 uouit..
1440 237 1562 266 [xvi.
2049 241 2140 285 τις)

1187 327 1264 365 lar,
1293 328 1330 357 et
1347 321 1637 374 voclwitfilimn
1659 334 1766 357 suum
1785 322 1944 371 joseph,
1976 331 2007 357 et
2043 323 2139 358 dii-it

1187 383 1222 417 ei
1245 396 1254 416 .·
1272 381 1312 419 Si
1331 384 1463 419 inveni
1480 385 1649 434 gratiam
1668 382 1776 433 apud
1790 390 1837 427 te,
1860 394 2030 432 suppone
2060 396 2140 418 ιιιιι-

1190 455 1278 478 num
1317 451 1425 480 tuam
1442 445 1719 497 subter-femur
1730 457 1870 482 meum.
1886 444 2140 494 etfaciesme-

1188 516 1272 539 cum
1292 506 1599 542 miseriem-diam
1629 514 1663 542 el
1685 507 1905 546 veritatem,
1928 511 1967 540 ul
1989 518 2063 539 ιιοιι
2087 517 2141 540 51‘-

1185 561 1314 611 pelias·
1329 576 1397 613 ego
1411 565 1451 599 ιἰι
1468 565 1639 615 AE'grplo
1651 580 1664 607 ;
1687 565 1751 600 50.
1771 564 1839 600 sed
1851 563 2041 599 dormiam
2056 576 2143 599 cum

1185 624 1364 673 patribus
1381 626 1474 661 meis
1492 640 1505 668 ‚·
1525 633 1558 661 et
1575 626 1730 675 anseres
1748 639 1808 661 me
1821 639 1867 661 ur
1895 626 2079 675 AEgrpto,
2108 632 2143 661 et

1188 684 1346 734 sepelies
1367 699 1427 722 me
1444 687 1485 721 in
1508 686 1684 737 sepulcr-0
1697 700 1838 723 eorum.
1857 687 1931 723 Ille
1948 696 2076 723 autem
2087 687 2145 722 di-

1188 746 1247 781 xit
1279 746 1446 783 Faciam
1457 748 1668 784 secundum
1684 749 1846 784 verbnm
1861 756 1980 784 ιιιιιιιι.
1998 748 2040 783 51
2054 777 2059 782 .
2075 748 2144 783 Πί-

1187 807 1260 852 xit,
1280 815 1412 844 autem
1426 823 1436 842 .-
1453 808 1554 845 Jura
1570 809 1679 845 milei.
1695 809 1904 860 Etjuram't
1920 811 1964 845 ei.
1983 810 2034 845 Ec
2049 810 2143 845 ado-

1189 870 1293 906 ravit
1309 869 1437 906 Israel
1468 870 1742 922 adsastIgium
1775 873 1889 922 υἷι-ἕξιν
1918 873 2013 922 ejus.
2034 869 2145 907 Multi

1189 927 1392 981 abjectioris
1411 930 1534 980 animi,
1555 930 1699 981 quando
1719 946 1738 968 a
1756 931 1860 969 nobis
1895 930 2145 978 admonentur,

1128 1003 1233 1038 529110
1257 1004 1423 1042 magnam
1454 1005 1575 1030 curam
1606 992 1800 1045 sepulturae
1830 993 1994 1040 habeant,
2034 1007 2147 1043 neque

1141 1051 1165 1079 A
1190 1064 1264 1089 rem
1280 1051 1393 1090 multo
1415 1053 1536 1091 studio
1552 1053 1699 1105 dignam
1713 1054 1944 1101 arbitrentur,
1965 1054 2012 1091 ab
2033 1053 2145 1091 aliena

1190 1122 1283 1150 terra
1307 1113 1341 1151 in
1359 1128 1459 1153 suam
1478 1115 1631 1168 patriam
1652 1125 1875 1153 mortuorum
1899 1115 2069 1166 reliquias
2094 1128 2148 1151 re-

1188 1173 1294 1225 duci,
1312 1175 1402 1214 hanc
1414 1177 1517 1215 nobis
1539 1186 1739 1230 praetexunt
1757 1177 1956 1223 historiam,
1977 1177 2147 1223 direntes,

1190 1236 1297 1275 etiam
1316 1237 1559 1289 patriarcham
1579 1239 1688 1290 hujus
1705 1239 1754 1276 rei
1779 1247 1914 1276 tantam
1933 1237 2055 1276 secisse
2088 1251 2150 1274 cu-

1191 1312 1280 1336 ram.
1299 1300 1439 1338 Verum
1468 1299 1628 1352 primum
1644 1299 1804 1350 quidem,
1833 1299 1925 1337 sicut
1960 1298 2051 1348 dixi,
2084 1299 2150 1336 hoc
2166 1293 2355 1363 lumfiui‘nwg]

1192 1359 1350 1411 cogitare
1370 1370 1509 1413 oportet
1524 1377 1531 1397 :
1544 1370 1630 1400 tunc
1639 1375 1709 1399 non
1721 1369 1816 1399 tanta
1843 1360 2054 1412 exigebatur
2068 1360 2150 1413 phi·
2168 1379 2220 1405 m,
2238 1346 2354 1413 wmiirg

1193 1420 1371 1473 losophia,
1392 1431 1523 1473 quanta
1541 1422 1587 1462 ab
1606 1423 1650 1461 iis
1668 1422 1731 1474 qui
1743 1437 1837 1461 nunc
1853 1423 1983 1460 vivunt
1999 1438 2006 1458 :
2023 1421 2152 1460 deinde
2166 1419 2274 1448 J³c*’¹¹·

1192 1482 1396 1534 patriarcha
1411 1484 1480 1522 hoc
1499 1499 1568 1523 non
1586 1484 1798 1538 simpliciter
1817 1485 1932 1523 voluit
1959 1484 2053 1534 fieri,
2093 1483 2154 1522 sed

1193 1557 1293 1596 spem
1310 1544 1442 1583 bonam
1459 1545 1531 1584 illis
1559 1546 1746 1599 pollicens,
1762 1546 1837 1583 sore
1852 1555 1890 1583 ut
1910 1545 1965 1583 sui
1983 1545 2039 1583 vel
2076 1559 2154 1583 sero

1192 1603 1337 1643 tandem
1351 1605 1506 1645 redirent
1522 1607 1558 1645 in
1574 1616 1707 1645 terram
1726 1607 1982 1659 promissionis.
1998 1606 2044 1644 Et
2058 1606 2154 1657 quod

1192 1666 1239 1703 ob
1258 1665 1351 1705 hanc
1370 1681 1513 1706 causam
1522 1668 1593 1707 hoc
1613 1669 1836 1721 praeceperit,
1854 1668 2078 1706 manifestius
2092 1683 2155 1707 nos

1178 1723 1296 1762 ‘docet
1317 1725 1415 1763 illius
1437 1726 1556 1776 filius,
1574 1726 1696 1765 dicens
1713 1742 1720 1762 :
1747 1727 1954 1764 Visitando
1974 1729 2154 1764 visitabit
2174 1730 2304 1760 Gen-50·
2320 1733 2355 1768 ²5

1144 1793 1166 1822 B
1193 1799 1265 1824 vos
1279 1787 1401 1835 Deus,
1418 1789 1728 1840 etsimulseretis
1739 1802 1825 1826 ossa
1835 1789 2031 1826 meahinc.
2044 1787 2156 1836 Quod

1140 3278 1163 3306 l)

1192 1847 1287 1885 enim
1301 1848 1414 1887 oculis
1431 1848 1516 1887 fidei
1535 1849 1655 1888 sutura
1675 1849 1928 1902 praeviderent,
1944 1848 2031 1886 audi
2050 1848 2154 1886 illum

1188 1910 1266 1962 jam
1287 1924 1417 1949 vocare
1447 1920 1600 1949 mortem
1629 1925 1732 1949 suam
1762 1910 2016 1949 dormitionem
2036 1926 2043 1946 :
2065 1910 2155 1948 dicit

1193 1971 1300 2020 enim,
1318 1973 1525 2011 Dormiam
1539 1987 1627 2011 cum
1639 1975 1817 2026 patribus
1835 1975 1941 2010 meis.
1956 1972 2150 2024 Propterea

1191 2044 1225 2073 et
1245 2035 1380 2074 Paulus
1407 2035 1549 2074 dicebat
1571 2051 1579 2072 ε
1611 2036 1875 2088 Juxtaficlenz
1903 2038 2046 2072 mortni
2062 2044 2152 2073 sunt
2169 2043 2261 2074 Hehr.
2296 2054 2342 2074 ιι.

1192 2098 1234 2133 Izi
1252 2110 1399 2145 omnes,
1416 2112 1494 2135 non
1513 2106 1675 2150 accepta
1691 2099 1948 2150 promissione
1963 2111 1974 2132 .-
1990 2097 2152 2148 sedpro-
2171 2089 2219 2118 ¹3·

1192 2157 1257 2195 cul
1275 2172 1362 2196 eam
1381 2159 1569 2197 viderunt
1601 2167 1639 2196 et
1671 2159 1912 2196 salutarunt.
1938 2157 2152 2204 Quomodo?

1192 2218 1318 2257 Oculis
1333 2219 1418 2258 fidei
1437 2219 1558 2258 futura
1571 2219 1757 2259 videbant.
1776 2218 1909 2256 Nullus
1929 2217 2041 2269 igitur
2052 2227 2155 2270 putet

1191 2281 1500 2333 pusillanimitatis
1513 2295 1586 2320 esse
1600 2281 1669 2319 hoc
1680 2279 1903 2328 mandatum,
1914 2278 1976 2317 sed
1989 2289 2021 2317 et
2031 2294 2050 2317 a
2065 2289 2154 2318 tem-

1190 2355 1291 2394 pore,
1309 2351 1342 2380 et
1360 2357 1381 2380 a
1396 2342 1609 2395 praevisione
1622 2341 1735 2379 futuri
1757 2340 1906 2387 reditus,
1929 2340 2026 2378 omni
2047 2341 2154 2394 culpa

1196 2413 1342 2442 excuset
1357 2404 1507 2456 justum.
1528 2405 1634 2442 Nunc
1651 2403 1746 2440 enim
1776 2402 1945 2454 quoniam
1958 2415 1997 2439 ea
2010 2416 2089 2452 quae
2105 2401 2152 2439 ad

1191 2464 1442 2517 sapientiorem
1455 2465 1568 2504 vitam
1576 2465 1738 2513 attinent,
1750 2473 1830 2516 post
1843 2463 2036 2501 adventum
2048 2463 2148 2500 Chri-

1157 2544 1165 2554 ·
1191 2526 1237 2564 sti
1251 2536 1356 2565 aucta
1371 2536 1466 2576 sunt,
1486 2527 1614 2565 merito
1644 2526 1723 2577 quis
1752 2524 2020 2577 reprehenderit
2049 2538 2147 2574 eum,

1193 2588 1249 2626 cui
1268 2589 1354 2626 talia
1373 2597 1455 2626 sunt
1472 2602 1579 2626 curae.
1600 2589 1724 2638 Neque
1743 2595 1841 2639 putet
1861 2585 1941 2636 ‘1⁰5⁵
1976 2585 2148 2623 miserum
2212 2581 2351 2653 „Ji-2¹:¹5¹:

1191 2664 1274 2688 eum
1292 2664 1367 2688 esse
1385 2649 1447 2701 qui
1470 2649 1506 2686 in
1517 2649 1634 2687 alieno
1660 2648 1733 2686 solo
1748 2648 1861 2685 vitam
1886 2647 2001 2690 finiat,
2035 2661 2148 2697 neque
2162 2675 2354 2701 peregrum,

1190 2724 1274 2749 eum
1292 2711 1355 2762 qui
1374 2711 1410 2748 in
1442 2709 1637 2748 solitudine
1653 2723 1697 2747 ex
1710 2709 1777 2746 hac
1791 2708 1864 2745 vita
1899 2706 2056 2745 decedat.
2079 2709 2147 2745 Ne-
2163 2716 2195 2733 ‘¹-

1191 2786 1260 2823 que
1275 2771 1369 2809 enim
1383 2771 1444 2808 ille
1464 2770 1596 2822 dignus
1617 2778 1656 2807 ut
1683 2769 1790 2806 miser
1809 2768 1964 2813 dicatur,
1993 2768 2056 2806 sed
2087 2769 2149 2820 qui

1193 2833 1229 2870 in
1245 2833 1400 2885 peccatis
1422 2841 1586 2870 mortuus
1610 2840 1675 2879 est,
1707 2830 1843 2868 etiamsi
1872 2844 1978 2882 super
2003 2830 2146 2877 lectum,

1192 2893 1330 2931 etiamsi
1363 2892 1597 2946 praesentibus
1621 2892 1745 2930 amicis
1784 2892 1950 2929 omnibus
1996 2901 2147 2930 mortem

1193 2955 1306 2993 obeat.
1330 2954 1377 2992 Et
1392 2969 1435 2993 ne
1454 2954 1543 2992 mihi
1562 2953 1691 3004 frigida
1711 2953 1772 2991 illa
1785 2953 1909 3001 verba,
1922 2952 2146 3004 ridiculaque

1191 3025 1225 3053 et
1246 3016 1458 3069 insipientiae
1469 3016 1572 3068 plena
1590 3015 1685 3053 dicat
1703 3014 1834 3066 aliquis
1851 3031 1858 3050 :
1876 3015 1944 3052 Ille
1962 3015 2043 3053 talis
2061 3029 2146 3053 cane

1193 3080 1303 3120 vilius
1318 3088 1368 3117 est
1383 3087 1559 3124 mortuus,
1580 3077 1680 3114 nullo
1710 3076 1943 3114 familiarium
1957 3086 2142 3128 praesente,

1192 3154 1304 3193 neque
1325 3140 1508 3193 sepultura
1545 3148 1579 3176 et
1610 3139 1718 3176 funus
1747 3138 1779 3176 ei
1805 3138 2047 3188 contigerunt;
2083 3138 2140 3175 sed

1189 3201 1378 3241 collectitia
1395 3201 1485 3252 stipe
1513 3200 1609 3252 justa
1636 3200 1725 3237 sacta
1759 3208 1854 3237 sunt.
1875 3201 1953 3238 Bon
1978 3208 2028 3236 est
2063 3199 2141 3244 huc,

1190 3264 1237 3301 mi
1266 3263 1386 3310 homo,
1419 3275 1503 3299 cane
1535 3260 1807 3312 ignominiosius
1841 3269 2023 3298 mortuum
2051 3273 2137 3297 esse.

1191 3324 1292 3373 Quid
1313 3323 1408 3360 enim
1429 3322 1489 3359 ille
1503 3321 1624 3360 damni
1662 3322 1798 3360 sensit?
1824 3321 1921 3359 lllud
1950 3335 2075 3363 unuin.
2112 3320 2141 3357 si

1191 3386 1331 3424 virtutis
1343 3383 1513 3421 amictum
1532 3398 1568 3421 se
1580 3392 1754 3436 tegentem
1771 3397 1838 3421 non
1856 3382 2032 3419 habuerit.
2049 3382 2140 3418 Nam

1189 3443 1283 3496 quod
1305 3443 1339 3482 id
1368 3442 1456 3481 nihil
1480 3440 1585 3480 laedat
1600 3443 1737 3494 justum
1775 3438 2137 3510 virtute(prwditum,

1906 3495 1953 3537 ..3
