2483 3791
101 927 173 953 Cen>
194 937 221 955 2.
234 935 282 957 20.

96 977 187 996 —22.

80 1730 170 1758 Amor
185 1732 266 1759 verbi

78 1773 183 1799 ‹lu-ini.

319 210 404 256 136
713 227 751 257 s.

308 307 365 344 cui
385 306 511 357 gloria,
531 316 564 345 et
583 307 787 360 imperium,
814 323 908 348 nunc
925 319 959 348 et
978 324 1130 363 semper,
1159 320 1193 347 et
1221 310 1256 347 in

308 366 446 406 infinita
468 367 592 405 saecula
611 369 833 408 saeculorum.
863 373 985 407 Amen.

790 228 976 258 JOANNIS
1012 229 1255 260 CHRYSOST.

617 797 825 836 HOMILIA
850 797 935 836 XV.

300 920 384 958 Adae
401 933 484 959 vero
512 934 581 958 non
608 921 774 958 inventus
803 930 854 959 est
872 920 1015 973 adjutor
1033 921 1160 959 similis
1179 921 1246 959 illi.

354 981 399 1019 Et
418 981 566 1018 immisit
582 982 680 1019 Deus
699 995 882 1019 excessum
906 981 942 1019 in
964 981 1093 1032 Adam,
1114 990 1148 1019 et
1165 981 1251 1019 dor—

349 1041 465 1079 mivit.
495 1041 543 1078 Et
579 1041 715 1093 accepit
749 1054 858 1078 unam
890 1050 1070 1078 costarum
1102 1042 1192 1093 ejus,
1218 1051 1250 1078 et

348 1100 510 1152 implevit
531 1114 671 1138 carnem
691 1114 756 1152 pro
775 1100 849 1139 illa.
873 1101 917 1138 Et
939 1101 1134 1139 aedificavit
1151 1102 1249 1139 Deus

346 1170 490 1211 costam,
509 1173 616 1212 quam
634 1161 769 1213 accepit
790 1160 834 1198 de
853 1160 980 1211 Adam,
993 1161 1029 1199 in
1049 1161 1244 1200 mulierem.

343 1356 379 1391 1.
403 1356 572 1405 Magnam
591 1353 694 1391 vobis
711 1351 825 1390 habeo
845 1352 1011 1403 gratiam,
1030 1351 1129 1403 quod
1149 1361 1244 1390 tanta
1271 1368 1294 1396 D

287 1416 467 1453 alacritate
481 1415 679 1452 hesternam
693 1427 809 1451 meam
818 1412 1022 1465 acceperitis
1034 1412 1246 1451 admonitio-

285 1492 380 1526 nem,
394 1488 428 1516 et
447 1477 626 1515 dictorum
637 1475 845 1529 prolixitate
859 1488 928 1512 non
951 1475 1066 1512 solum
1083 1488 1154 1512 non
1167 1474 1244 1512 sitis

284 1538 421 1587 offensi,
432 1538 492 1576 sed
506 1538 542 1575 in
554 1536 730 1575 concionis
744 1536 831 1573 serie
842 1544 1055 1587 perpetuum
1070 1534 1241 1572 audiendi

282 1599 498 1637 desiderium
528 1612 640 1649 usque
668 1596 716 1635 ad
741 1596 851 1634 finem
883 1595 1241 1634 servaverifismnde

283 1674 411 1712 magna
428 1659 529 1698 nobis
548 1672 628 1711 spes
643 1667 694 1696 est
720 1671 784 1696 vos
802 1657 968 1709 operibus
985 1656 1072 1708 ipsis
1091 1656 1238 1694 consilia

282 1731 400 1759 nostra
422 1729 630 1771 sequuturos
645 1733 733 1757 esse.
751 1719 843 1756 Nam
861 1718 922 1769 qui
939 1726 1036 1755 tanta
1054 1717 1236 1769 voluptate

282 1781 396 1831 audit,
407 1781 565 1819 declarat
577 1779 625 1817 ad
634 1793 741 1831 opera
756 1791 898 1828 quoque
911 1776 1072 1815 facienda
1086 1791 1122 1815 se
1133 1791 1237 1829 para-

281 1851 357 1879 tum
382 1840 542 1891 :alioqui
576 1840 738 1890 frequens
764 1838 871 1876 etiam
901 1851 996 1875 nunc
1026 1837 1092 1876 iste
1121 1846 1238 1875 vester

278 1911 473 1942 conventus
491 1909 628 1939 certum
658 1908 908 1951 argumentum
935 1906 986 1936 est
1007 1912 1115 1949 quam
1146 1897 1236 1935 bene

277 1964 395 2002 anima
428 1962 590 2002 valeatis.
610 1962 704 1999 Nam
733 1961 825 1998 sicut
856 1960 991 1997 esurire
1020 1959 1166 2010 signum
1185 1968 1236 1997 est
1259 1978 1282 2008 E

276 2026 378 2063 bonae
410 2023 630 2062 valetudjnis
658 2021 864 2073 corporalis,
888 2020 937 2058 ita
969 2033 1086 2057 amare
1109 2020 1235 2059 divina

277 2086 417 2137 eloquia
433 2115 442 2133 ,
475 2083 677 2137 spiritualis
711 2081 871 2120 sanitatis
917 2081 1092 2119 indicium
1127 2082 1235 2119 fuerit

275 2146 488 2185 maximum.
502 2144 681 2191 Quoniam
701 2151 820 2180 autem
838 2142 975 2180 fructus
991 2141 1097 2180 vestri
1119 2142 1231 2180 studii

275 2207 480 2260 pollicetur,
509 2220 574 2245 vos
603 2217 684 2257 quae
716 2201 867 2241 audistis
899 2201 1110 2254 impleturos
1141 2216 1231 2252 esse,

276 2282 341 2320 age
368 2277 401 2306 et
429 2281 494 2306 nos
515 2265 715 2305 mercedem
734 2277 843 2315 quam
860 2262 938 2300 heri
957 2261 1234 2314 pollicebamur,

275 2328 382 2368 hodie
399 2337 524 2367 vestrae
544 2326 685 2364 caritati
704 2324 983 2363 dinumeremus.
997 2322 1232 2374 Spiritualem

275 2391 366 2428 hanc
393 2389 592 2428 doctrinam
624 2385 824 2425 mercedem
842 2383 939 2435 dico,
969 2397 1047 2435 quae
1065 2393 1180 2436 potest
1197 2394 1231 2423 et

275 2466 389 2490 meam
416 2464 545 2502 augere
570 2448 805 2487 substantiam
825 2460 906 2484 cum
930 2459 1179 2494 numeravere,
1196 2455 1230 2484 et
1241 2484 1287 2508 115

273 2528 338 2550 vos
351 2513 412 2563 qui
428 2510 602 2563 recipitis,
622 2509 768 2547 ditiores
785 2509 909 2546 facere.
920 2507 998 2544 Hoc
1013 2506 1110 2544 enim
1123 2506 1228 2545 modo
1253 2522 1274 2550 A

272 2588 308 2611 se
328 2573 460 2611 habent
488 2570 689 2624 spiritualia
719 2568 857 2607 omnia:
874 2567 914 2606 id
942 2567 1039 2618 quod
1066 2566 1102 2605 in
1122 2567 1227 2606 rebus

272 2633 500 2672 sensibilibus
519 2645 587 2669 non
604 2639 667 2669 est.
683 2630 775 2668 Nam
789 2629 826 2666 in
843 2628 930 2677 illis,
948 2627 1010 2679 qui
1023 2626 1226 2665 dinumerat

271 2695 470 2746 pecuniam,
490 2705 591 2730 suam
607 2689 790 2729 imminuit
808 2688 1055 2736 substantiam,
1072 2695 1105 2725 et
1120 2687 1223 2726 locu-

269 2757 456 2808 pletiorem
482 2754 592 2792 eflicit
615 2766 695 2791 eum
711 2751 772 2802 qui
787 2750 912 2803 recipit
927 2765 934 2786 :
947 2749 1006 2787 hic
1020 2757 1138 2787 autem
1154 2763 1224 2787 non

271 2819 335 2866 sie,
354 2816 412 2853 sed
431 2825 464 2853 ct
483 2816 511 2852 is
527 2814 589 2865 qui
608 2821 785 2861 numerat,
802 2825 884 2849 suas
908 2810 1093 2848 facultates
1111 2809 1224 2861 magis

269 2887 387 2927 auget,
405 2886 438 2914 et
454 2875 709 2927 recipientibus
720 2872 932 2911 divitiarum
954 2871 1108 2909 multum
1127 2883 1224 2908 acce·
1264 2926 1268 2930 .

267 2942 331 2977 dit.
347 2941 471 2989 Itaque
487 2952 568 2974 cum
584 2945 616 2974 et
637 2935 737 2973 nobis
751 2943 891 2987 promta
907 2933 953 2971 sit
966 2931 1222 2979 benevolentia,

266 3015 297 3042 et
329 3018 392 3042 vos
424 3000 626 3055 spirituales
661 2999 740 3036 illas
774 3012 857 3050 opes
887 2996 1083 3049 suscepturi
1124 2995 1223 3033 sinus

267 3068 392 3107 mentis
422 3075 563 3119 paratos
598 3064 758 3101 habeatis
778 3076 867 3114 :age
895 3071 1100 3115 praestemus
1126 3062 1220 3112 quod

310 3194 324 3216 l·
342 3188 477 3223 coislin.
500 3192 734 3232 νιλανθρωπίας,
752 3193 855 3231 χάριτι
873 3192 922 3221 καὶ
940 3190 1143 3232 φιλανθρωπία
1157 3193 1209 3220 τοῦ
1226 3201 1274 3217 ,ιι-

501 3215 513 3233 Γ

262 3253 326 3287 fi³⁹¹³
343 3247 423 3284 υμῶν
447 3240 530 3276 imo-3
558 3242 695 3282 Χριστοῦ,
714 3242 782 3280 μεθ’
800 3238 833 3271 οὗ
856 3247 898 3282 τῷ
915 3243 1027 3283 πατρὶ,
1041 3242 1106 3280 α”μα
1133 3247 1172 3281 τῷ
1197 3243 1270 3279 ἁγίῳ

262 3300 406 3335 πνεύματι
423 3295 492 3330 δόξα
506 3316 513 3328 ,
531 3297 595 3321 cte.
613 3290 652 3320 In
670 3287 758 3321 hisce
776 3287 905 3328 verbis,
924 3301 995 3331 quoe
1013 3287 1166 3321 homilias
1180 3287 1270 3321 clau-

260 3350 363 3385 dunt,
381 3342 482 3376 multa
510 3343 541 3372 in
566 3341 798 3382 Manuscriptis
823 3339 1017 3374 observatur
1046 3341 1206 3381 varietas,
1235 3349 1266 3372 ut

260 3405 371 3433 monet
394 3397 491 3428 etium
511 3392 649 3425 §avilius

1295 230 1501 260 ARCHIEP.
1540 231 1902 262 CONSTANTINOP.
1984 247 2000 265 r

1333 310 1401 362 γὰρ
1430 311 1475 349 τὰ
1504 316 1563 350 τοῦ
1591 314 1683 352 Θεοῧ
1715 319 1938 366 μεριμνῶμεν
1955 345 1964 362 ,
2000 316 2044 354 τὰ
2077 317 2231 369 ἡμέτερα
2252 320 2351 363 αὐτὸς

1331 371 1552 423 μεριμνήσει,
1581 373 1640 410 καὶ
1668 374 1757 423 μετὰ
1775 376 1907 421 πολλῆς
1929 377 2046 420 ἀδείας
2066 377 2105 414 τὸ
2122 377 2271 429 πέλαγος
2290 384 2349 418 τοῦ

1330 430 1498 481 παρόντος
1521 432 1596 483 βίου
1627 434 1882 486 διαπλεύσομεν
1898 466 1908 483 ,
1939 437 1999 474 καὶ
2025 437 2092 475 ὑπὸ
2118 441 2179 475 τοῦ
2199 438 2351 490 μεγάλου

1329 490 1540 543 κυὸερνήτου
1571 498 1630 532 τοῦ
1651 495 1709 532 ἐπὶ
1741 495 1880 534 πάντων
1901 498 1992 536 Θεοῦ
2020 498 2265 549 ὁδηγούμενοι,
2289 516 2350 538 κα-

1328 552 1544 616 ταντήσομεν
1561 557 1607 598 εἰς
1622 555 1679 593 τὸν
1697 556 1823 607 λιμένα
1837 561 1899 604 τῆς
1915 557 2036 596 τούτου
2050 557 2066 578 ¹³
2078 562 2349 614 φιλανθρωπίας,

1328 618 1356 666 ᾡ
1375 618 1397 661 ἡ
1419 614 1499 659 δόξα
1516 616 1576 653 καὶ
1593 617 1632 654 τὸ
1642 617 1779 669 κράτος,
1799 623 1857 657 νῦν
1873 619 1932 657 καὶ
1950 620 2016 665 ἀεὶ,
2031 620 2092 658 καὶ
2109 622 2156 664 εἷς
2172 620 2250 665 τοὺς
2265 625 2349 661 ἀτε-

1328 675 1510 722 λευτήτους
1531 679 1657 721 αἰῶνας
1670 681 1737 716 τῶν
1753 679 1898 717 αἰώνων.
1930 679 2052 730 Ἀμήν.

1712 804 1887 842 ΟΜΙΛΙΑ
1912 802 1960 841 ιε’.

1422 924 1450 938 «x

1325 925 1386 975 Τῷ
1419 938 1453 962 οε
1489 924 1598 975 Ἀδὰμ
1626 928 1690 977 οὐχ
1708 926 1829 979 εὑρέθη
1859 928 1980 977 βοηθὸς
2003 928 2120 979 ὅμοιος
2136 931 2242 980 αὐτῷ.
2276 930 2347 968 Καὶ

1376 981 1544 1022 ἐπέδαλεν
1577 989 1594 1023 ὃ
1625 987 1715 1030 Θεὸς
1744 987 1907 1026 ἔκστασιν
1938 988 1995 1026 ἐπὶ
2028 989 2086 1026 τὸν
2119 989 2254 1039 Ἀδὰμ,
2286 991 2346 1027 καὶ

1376 1043 1523 1082 ὕπνωσε.
1553 1045 1622 1083 Καὶ
1642 1045 1746 1084 ἔλαὸε
1771 1046 1852 1098 μίαν
1872 1051 1940 1085 τῶν
1959 1050 2118 1101 πλευρῶν
2142 1050 2258 1098 αὐτοῦ,
2285 1051 2346 1088 καὶ

1375 1104 1604 1156 ἀνεπλήρωσε
1637 1106 1751 1158 σάρκα
1775 1107 1850 1146 ἀντ’
1890 1109 2006 1155 αὐτῆς.
2041 1110 2112 1148 Καὶ
2139 1111 2349 1162 ᾠκοδόμησε

1373 1164 1499 1217 Κύριος
1531 1168 1549 1203 ὁ
1573 1166 1660 1209 Θεὸς
1684 1167 1746 1213 τὴν
1773 1168 1925 1221 πλευρὰν
1941 1200 1950 1217 ,
1982 1169 2025 1215 ἣν
2045 1169 2169 1208 ἔλαὸεν
2196 1172 2344 1210 ἀπὸτοῦ

1364 1225 1496 1277 ιἈδὰμ,
1516 1227 1562 1270 εἷς
1579 1233 1739 1278 γυναῖκα.

1372 1360 1511 1404 Πολλὰς
1533 1364 1612 1410 ὑμῖν
1635 1362 1706 1413 ἔχω
1732 1362 1881 1413 χάριτας
1898 1392 1906 1407 ,
1927 1363 1979 1399 ὅτι
2012 1361 2102 1412 μετὰ
2124 1364 2255 1409 πολλῆς
2279 1367 2343 1410 τῆς

1317 1421 1512 1472 προθυμίας
1531 1420 1611 1472 χθὲς
1634 1421 1792 1465 ἐδέξασθε
1812 1421 1875 1469 τὴν
1896 1422 1979 1474 παρ’
1999 1424 2099 1473 ἡμῶν
2123 1423 2340 1475 παραίνεσιν,

1317 1482 1375 1521 καὶ
1394 1483 1481 1535 πρὸς
1499 1483 1538 1521 τὸ
1558 1485 1667 1532 μῆκος
1681 1486 1751 1521 τῶν
1770 1483 1962 1535 εἰρημένων
1977 1485 2014 1522 οὐ
2036 1483 2138 1535 μόνον
2158 1488 2218 1523 οὐκ
2233 1486 2338 1523 ἐδυσ-

1313 1543 1505 1596 χεράνατε,
1538 1543 1629 1581 ἀλλὰ
1649 1543 1707 1581 καὶ
1729 1544 1834 1595 μέχρι
1854 1547 1913 1582 τοῦ
1934 1543 2052 1588 τέλους
2071 1544 2161 1583 οὕτω
2180 1561 2338 1598 παρηκο-

1312 1604 1525 1652 λουθῆσατε,
1559 1607 1606 1646 ὡς
1633 1604 1835 1655 ἀκμάζοντα
1854 1607 1935 1655 ὑμῖν
1952 1607 2178 1656 ἐναπομεῖναι
2197 1607 2255 1645 τὸν
2275 1609 2339 1653 τῆς

1315 1664 1516 1716 ἀκροάσεως
1533 1663 1637 1703 πόθον
1649 1680 1657 1687 ·
1673 1663 1748 1703 ὅθεν
1764 1666 1824 1704 καὶ
1841 1666 1998 1717 χρηστὰς
2013 1669 2097 1717 ἡμῖν
2116 1667 2178 1710 τὰς
2194 1668 2337 1711 ἐλπίδας

1313 1725 1511 1777 ὑπεφήνατε
1525 1755 1538 1772 ,
1564 1727 1610 1768 ὡς
1632 1726 1689 1763 διὰ
1712 1728 1780 1763 τῶν
1803 1727 1912 1778 ἔργων
1937 1727 2191 1778 ἐπιδειξάμενοι
2210 1727 2254 1765 τὰ
2272 1731 2335 1774 τῆς

1310 1785 1484 1837 ἡμετέρας
1512 1786 1724 1836 συμὸουλῆς.
1757 1786 1802 1825 cO
1822 1787 1890 1838 γὰρ
1912 1787 2001 1837 μετὰ
2022 1788 2194 1835 τοσαύτης
2209 1790 2334 1835 ἡδονῆς

1309 1845 1442 1884 ἀκούων
1458 1876 1468 1894 ,
1496 1848 1597 1891 δῆλος
1628 1847 1667 1884 ἂν
1696 1847 1748 1893 εἴη
1777 1847 1838 1884 καὶ
1862 1847 1947 1899 πρὸς
1968 1847 2031 1894 τὴν
2054 1848 2110 1886 διὰ
2133 1852 2201 1887 τῶν
2223 1849 2332 1901 ἔργων

1308 1906 1431 1956 πρᾶξιν
1452 1907 1800 1959 παρεσκευασμένος·
1832 1909 1946 1950 ἄλλως
1970 1908 2005 1946 δὲ
2036 1908 2096 1946 καὶ
2115 1912 2138 1955 ἡ
2157 1914 2215 1947 νῦν
2234 1911 2333 1960 ὑμῶν

1310 1968 1485 2019 συνδρομὴ
1502 1968 1690 2022 τεκμήριον
1709 1968 1749 2006 ἂν
1769 1968 1904 2019 γένοιτο
1917 1971 1978 2015 τῆς
1992 1968 2083 2008 κατὰ
2101 1969 2218 2022 ψυχὴν
2233 1972 2331 2021 ὑμῶν

1309 2028 1450 2080 ὑγιείας.
1465 2027 1610 2080 ςΏσπερ
1623 2028 1690 2081 γὰρ
1706 2029 1746 2067 τὸ
1758 2032 1879 2081 πεινῆν
1896 2032 2100 2080 σωματικῆς
2118 2030 2250 2075 εὐεξίας
2266 2046 2332 2078 ση-

1309 2090 1404 2139 μεῖόν
1441 2091 1534 2128 ἐστιν
1547 2119 1556 2136 ,
1594 2089 1684 2127 οὕτω
1717 2090 1757 2127 τὸ
1787 2090 1911 2142 λογίων
1939 2090 2038 2128 Οείων
2064 2092 2146 2143 ἐρᾷν
2177 2092 2331 2143 ψυχικῆς

1307 2150 1438 2200 ὑγιείας
1465 2150 1654 2204 τεκμήριον
1676 2150 1716 2187 ἂν
1742 2150 1876 2201 γένοιτο
1897 2149 2071 2201 μέγιστον.
2103 2151 2204 2189 Ἐπεὶ
2232 2145 2290 2189 οῧν
2311 2155 2331 2190 ὁ

1306 2210 1438 2262 καρπὸς
1462 2214 1524 2258 τῆς
1543 2211 1714 2263 ὑμετέρας
1739 2211 1892 2257 σπουδῆς
1920 2210 2073 2250 δείκνυσι
2092 2213 2154 2257 τῆς
2172 2214 2329 2259 ὑπακοῆς

1305 2270 1368 2318 τὴν
1390 2272 1623 2322 ἐκπλήρωσιν,
1643 2271 1725 2324 φέρε
1745 2271 1804 2309 καὶ
1826 2275 1928 2322 ἡμεῖς
1943 2271 2001 2308 τὸν
2025 2272 2146 2322 μισθὸν
2159 2302 2168 2320 ,
2185 2271 2222 2309 ὃν
2239 2275 2327 2311 ὑπε-

1305 2331 1461 2383 σχόμεθα
1490 2331 1590 2384 χθὲς,
1621 2332 1878 2382 καταὸάλωμεν
1906 2334 2002 2382 ὑμῶν
2025 2335 2068 2381 τῇ
2097 2331 2235 2386 ἀγάπῃ·
2263 2332 2326 2379 τὴν

1304 2392 1542 2442 πνευματικὴν
1568 2392 1701 2439 ταύτην
1724 2392 1816 2444 λέγω
1835 2396 1848 2413 ⁰
1861 2391 2090 2431 διδασκαλίαν
2112 2393 2168 2431 τὸν
2188 2393 2324 2445 μισθὸν,

1302 2453 1362 2491 καί
1378 2469 1438 2504 μοι
1452 2456 1503 2506 τῷ
1512 2453 1768 2492 καταὸάλλοντι
1785 2453 1972 2504 δυνάμενον
1989 2453 2138 2501 αὐξῆσαι
2151 2453 2215 2501 τὴν
2226 2470 2325 2507 περι-

1302 2514 1434 2559 ουσίαν,
1452 2514 1512 2552 καὶ
1526 2518 1615 2563 ὑμᾶς
1632 2513 1711 2558 τοὺς
1725 2514 2001 2566 ὑποδεχομένους
2016 2513 2200 2559 πλουσίους
2217 2517 2324 2568 ἀπερ-

1300 2574 1499 2625 γαζόμενον.
1555 2577 1713 2613 Τοιαῦτα
1744 2574 1811 2625 γὰρ
1844 2575 1984 2612 ἅπαντα
2015 2574 2060 2612 τὰ
2090 2577 2322 2626 πνευματικά·

1299 2637 1385 2688 ὅπερ
1410 2635 1466 2673 ἐπὶ
1497 2639 1566 2674 τῶν
1599 2639 1773 2682 αἰσθητῶν
1807 2635 2025 2688 πραγμάτων
2055 2637 2117 2673 οὔκ
2132 2635 2194 2674 ἔνι.
2222 2636 2321 2675 Ἐκεῖ

1298 2696 1360 2746 μὲν
1384 2697 1479 2748 γὰρὸ
1498 2696 1707 2734 καταῧαλὼν
1737 2695 1938 2741 ἠλάττωσεν
1959 2697 2062 2732 αὐτοῦ
2082 2695 2165 2742 ’Ἱτὴν
2185 2696 2319 2745 οὐσίαν,

1297 2757 1354 2795 καὶ
1383 2758 1440 2796 τὸν
1469 2758 1724 2809 ὑποδεχόμενον
1756 2755 1989 2808 εὐπορώτερον
2009 2755 2240 2803 κατέστησεν·
2260 2759 2319 2795 ἐν·

1296 2820 1404 2855 ταῧΟα
1432 2818 1466 2855 δὲ
1496 2820 1560 2870 οὐχ
1587 2818 1711 2865 οὕτως,
1741 2816 1831 2855 ἀλλὰ
1858 2816 1956 2854 καὶὸ
1980 2815 2189 2854 καταὸαλὼν
2210 2817 2318 2869 ταύτῃ

1297 2880 1428 2928 μᾶλλον
1448 2879 1505 2916 τὸν
1526 2881 1651 2917 οἰκεῖον
1667 2880 1813 2916 πλοῦτον
1836 2876 1950 2925 αὔξει,
1979 2877 2038 2915 καὶ
2059 2883 2129 2921 τοῖς
2149 2879 2319 2929 ὑποδεχο-

1297 2940 1411 2989 μένοις
1443 2940 1568 2990 μείζων
1590 2943 1612 2987 ἡ
1639 2938 1824 2991 περιουσία
1851 2939 1996 2990 γίνεται.
2039 2938 2143 2976 Ἐπεὶ
2171 2933 2228 2977 οῧν
2260 2939 2320 2978 καὶ

1296 3006 1395 3051 ἡμεῖς
1422 3002 1556 3052 ἕτοιμοι
1576 3001 1662 3053 πρὸς
1681 2999 1944 3050 εὐγνωμοσύνην
1961 3030 1969 3047 ,
1997 3000 2056 3038 καὶ
2071 3003 2170 3050 ὑμεῖς
2185 3003 2216 3038 οἱ
2231 3003 2318 3038 ὑπο-

1295 3062 1457 3113 δέχεσθαι
1484 3063 1668 3112 μέλλοντες
1691 3061 1748 3098 τὸν
1775 3062 1922 3098 πλοῦτον
1952 3064 2070 3098 τοῦτον
2087 3060 2144 3098 τὸν
2162 3076 2317 3110 πνευμα-

1354 3195 1365 3207 «-
1384 3185 1471 3216 Savil
1493 3212 1500 3225 ,
1526 3186 1617 3227 Regii
1633 3183 1769 3227 quidam
1791 3192 1821 3215 et
1838 3183 1975 3216 Coisliu.
1995 3187 2194 3222 διδασκαλίαν,
2210 3189 2315 3226 μισθὸν

1305 3242 1394 3279 κάμοὶ
1414 3246 1454 3279 τῷ
1473 3240 1708 3276 ruffino-arc,
1725 3243 1756 3267 et
1772 3236 1818 3267 sic
1833 3237 1932 3267 etiam
1950 3233 2097 3267 Colbert.
2115 3246 2208 3266 unus.

1345 3298 1357 3312 ³
1375 3288 1498 3319 omnes
1522 3304 1574 3326 rm
1591 3292 1686 3322 oju'zu
1703 3296 1821 3330 ιιι-τοίοι-
1846 3289 1924 3330 Reg.
1944 3298 2044 3318 unum
2069 3294 2100 3318 ct
2123 3286 2238 3319 Mol-el.
2257 3291 2312 3330 qui

1305 3337 1425 3372 liabent
1447 3347 1499 3378 τὴν
1523 3348 1698 3385 varronem.
1719 3341 1809 3373 Infra
1827 3341 1906 3383 Rrg,
1929 3351 2010 3372 imus
2034 3345 2116 3381 ἡμεῖς
2138 3345 2224 3374 αἴτιοι
2241 3346 2313 3385 πρὸς

1304 3395 1532 3434 «ἐγνωμοπὺνην.
