2516 3791
862 204 919 233 DE
957 203 1077 233 ANNA
1118 202 1267 233 snaMo
1313 202 1376 233 IV.

87 303 228 340 χαιραν,
257 287 315 325 καὶ
341 286 382 325 τὸ
399 289 534 340 ἱερεῖον,
554 285 654 329 αὐτὸς
684 284 731 323 ὢν
760 285 802 324 σὺ
822 286 880 324 καὶ
903 285 1034 340 ἱερεὺς,
1055 286 1114 325 καὶ

88 349 344 400 θυσιαστήριον,
362 347 422 385 καὶ
441 350 577 399 ἱερεῖον.
593 346 713 386 υΟπου
733 347 801 400 γὰρ
824 347 864 385 ἂν
883 343 925 401 ἧς
938 378 948 395 ,
968 347 1115 387 δύνασαι

87 412 215 456 στῆσαι
240 410 298 448 τὸν
318 409 450 461 βωμὸν,
467 408 670 462 προαίρεσιν
691 409 867 462 νήφουσαν
888 409 1113 460 ἐπιδειξάμε-

86 487 140 516 νος
168 471 286 522 μόνον,
319 471 378 509 καὶ
405 470 500 509 οὐδὲν
519 470 645 509 κωλύει
670 470 796 515 τόπος,
826 470 901 510 οὐδὲ
934 470 1114 522 ἐμποδίζει

86 532 222 584 καιρὸς,
242 532 332 571 ἀλλὰ
350 532 413 570 κᾶν
432 531 561 584 γόνατα
586 531 636 583 μὴ
665 532 785 585 κλίνῃς
799 561 809 578 ,
837 532 900 571 κᾶν
919 531 968 583 μὴ
989 534 1113 577 στῆθος

83 594 173 647 τύψῃ
186 625 195 639 ,
212 595 271 633 καὶ
285 594 348 638 τὰς
363 600 485 648 χεῖρας
509 595 556 638 εἷς
575 595 633 633 τὸν
653 595 795 647 οὐρανὸν
813 594 996 647 ἀνατείνῃς
1009 624 1018 641 ,
1039 594 1114 632 διά-

85 672 177 695 νοιαν
203 655 238 695 δὲ
269 656 370 708 μόνον
392 655 564 709 ἐπιδείξῃς
587 657 731 711 θερμὴν,
752 657 792 695 τὸ
819 663 888 695 πᾶν
915 655 1114 710 ἀπήρτισας

83 720 145 765 τῆς
163 720 278 770 εὖχῆς.
293 717 435 762 Ἔξεστι
447 717 506 755 καὶ
518 724 667 769 γυναῖκα
682 717 864 764 ἠλακάτην
883 716 1113 769 κατέχουσαν,

83 779 141 817 καὶ
161 782 407 832 ἱστουργοῦσαν
428 778 625 831 ἀναὸλέψαι
653 781 700 822 εἷς
718 778 776 817 τὸν
803 778 948 831 οὐρανὸν
968 781 1010 830 τῇ
1034 779 1113 816 δια-

82 841 156 893 νοίᾳ
169 871 178 888 ,
193 841 252 878 καὶ
271 840 418 879 καλέσαι
439 839 528 891 μετὰ
554 839 767 892 θερμότητος
784 840 842 879 τὸν
869 839 960 879 Θεόν
972 855 979 862 ·
1000 839 1112 884 ἔξεστι

80 901 139 938 καὶ
158 901 339 953 ἄνθρωπον
355 902 402 944 εἷς
422 899 551 953 ἀγορὰν
568 900 810 950 ἐμὸοίλλοντα,
827 901 887 939 καὶ
901 903 977 939 καθ’
989 902 1111 941 ἑαυτὸν

83 961 266 1014 βαδίζοντα
295 961 400 1014 εὐχὰς
422 964 596 1000 ποιεῖσθαι
627 964 774 1006 ἐκτενεῖς
789 978 796 986 ·
826 962 886 1001 καὶ
912 962 1030 1017 ἕτερον
1055 964 1112 1002 ἐπ’

81 1023 311 1075 ἐργαστηρίου
337 1022 532 1074 καθήμενον
554 1022 612 1061 καὶ
641 1022 800 1075 δέρματα
824 1024 1024 1077 ῥάπτοντα,
1046 1024 1111 1071 τὴν

79 1084 192 1137 ψυχὴν
214 1086 391 1122 ἀναθεῖναι
410 1083 496 1136 πρὸς
516 1083 573 1122 τὸν
593 1086 776 1131 Δεσπότην
792 1101 800 1108 ·
824 1085 954 1130 ἔξεστιν
972 1086 1089 1138 οἰκέτῃ
1101 1114 1110 1132 ,

79 1147 138 1184 καὶ
154 1146 358 1199 ὠνουμένῳ,
379 1146 437 1184 καὶ
453 1146 674 1186 ἀναὸαίνοντι
690 1147 750 1186 καὶ
765 1147 1013 1186 καταὸαίνοντι
1023 1179 1033 1196 ,
1050 1147 1111 1187 καὶ

81 1209 270 1262 μαγειρείῳ
295 1212 519 1262 παρεστῶτι,
548 1208 630 1247 ὅταν
651 1209 700 1261 μὴ
731 1211 874 1249 δυνατὸν
896 1212 943 1254 εἷς
977 1211 1109 1258 ἐκκλη·

79 1268 156 1307 σίαν
177 1271 300 1317 ἐλθεῖν,
317 1270 422 1323 εὐχὴν
441 1274 616 1309 ποιεῖσθαι
643 1273 766 1318 ἐκτενῆ
795 1272 855 1310 καὶ
878 1273 1108 1327 διεγηγερμέ-

78 1346 152 1377 νην.
175 1333 253 1370 Οὐκ
275 1331 527 1384 ἐπαισχύνεται
548 1332 654 1371 τόπον
675 1336 693 1371 ὁ
714 1333 824 1377 Θεός·
850 1333 886 1371 ἓν
913 1336 1010 1381 ζητεῖ
1039 1334 1108 1386 μό·-

80 1408 150 1442 νον,
169 1393 323 1432 διάνοιαν
348 1393 492 1447 θερμὴν,
523 1395 583 1432 καὶ
612 1395 729 1447 ψυχὴν
759 1399 1018 1448 σωφρονοῦσαν.
1038 1397 1109 1435 Καὶ

77 1454 133 1493 ἵνα
158 1456 291 1508 μάθῃς,
313 1455 367 1495 ὅτι
394 1458 431 1495 οὐ
457 1456 640 1509 σχήματος
669 1456 773 1509 χρεία
792 1457 852 1495 καὶ
870 1457 988 1496 τόπων
1013 1457 1109 1496 πάν-

76 1533 144 1562 τως
163 1517 222 1556 καὶ
238 1521 383 1570 καιρῶν,
398 1517 488 1556 ἀλλὰ
504 1518 723 1572 φρονήματος
738 1519 895 1571 γενναίου
912 1519 972 1558 καὶ
989 1521 1108 1572 διεγη-

75 1580 257 1632 γερμένου,
294 1583 312 1618 ὃ
348 1581 488 1624 Παῦλος
528 1579 648 1625 ὕπτιος
680 1580 738 1619 ἐπὶ
765 1585 828 1619 ’τοῦ
866 1582 1107 1634 δεσμωτηρίου

75 1642 233 1693 κείμενος
245 1672 255 1689 ,
270 1641 329 1680 καὶ
347 1643 409 1680 οὐκ
422 1642 520 1693 ὀρθὸς
534 1641 643 1685 ἑστὼς
658 1645 670 1689 <
683 1645 720 1681 οὖ
741 1642 809 1695 γὰρ
822 1643 917 1696 ἠφίει
935 1644 975 1682 τὸ
995 1643 1107 1692 ξύλον,

76 1697 105 1755 ᾧ
131 1701 208 1746 τοὺς
239 1702 348 1746 πόδας
368 1702 539 1753 ἐδέδετο),
564 1702 684 1749 ἐπειδὴ
707 1704 796 1754 μετὰ
818 1704 1014 1757 προθυμίας
1040 1705 1107 1753 ηὖ-

78 1764 158 1808 ξατο
175 1763 351 1815 κείμενος,
371 1763 410 1801 τὸ
423 1763 663 1816 δεσμωτήριον
682 1764 811 1813 ἔσεισε,
828 1765 887 1803 καὶ
902 1765 946 1804 τὰ
964 1766 1106 1817 θεμέλια

74 1830 88 1845 ²
105 1825 322 1870 διεσάλευσε,
344 1824 403 1863 καὶ
432 1825 490 1863 τὸν
519 1824 766 1877 δεσμοφύλακα
795 1826 897 1873 ἔδησε
912 1858 922 1875 ,
942 1827 1002 1865 καὶ
1021 1829 1107 1881 πρὸς

74 1885 136 1933 τὴν
168 1885 264 1939 ἱερὰν
295 1886 384 1937 μετὰ
406 1890 515 1924 ταῦτα
550 1887 798 1938 μυσταγωγίαν
831 1888 1104 1941 ἐχειραγώγησε.

74 1949 189 1987 Πάλιν
204 1952 222 1987 ὁ
237 1949 396 1993 Ἐζεκίας
411 1953 474 1987 οὐκ
491 1948 718 2002 ὄρθὸςὲστὼς,
730 1949 806 1988 οὐδὲ
822 1950 952 2003 γόνατα
972 1951 1104 2000 κλίνας,

74 2011 151 2050 ἀλλ’
184 2010 304 2055 ὕπτιος
323 2011 380 2049 ἐπὶ
400 2014 462 2057 τῆς
483 2011 602 2059 κλίνης
622 2010 780 2062 κείμενος
810 2012 868 2050 διὰ
895 2012 958 2060 τὴν
982 2016 1103 2066 ἀῤῥω-

73 2074 184 2118 στίαν,
219 2074 369 2127 στρέψας
401 2074 522 2112 ἑαυτὸν
549 2074 605 2112 ἐπὶ
640 2073 697 2112 τὸν
727 2080 858 2127 τοῖχον,
887 2075 1008 2122 ἐπειδὴ
1043 2075 1101 2114 τὸν

72 2136 162 2176 Θεὸν
182 2138 316 2189 θερμῶς
344 2135 488 2174 ἐκάλεσε
508 2135 567 2173 καὶ
593 2135 681 2187 μετὰ
703 2137 817 2188 ψυχῆς
836 2137 1102 2190 σωφρονούσης,

71 2197 131 2236 καὶ
160 2197 334 2250 ἀπόφασιν
355 2197 587 2250 ἐξενεχθεῖσαν
608 2197 864 2247 ἀνεκαλέσατο,
884 2200 943 2237 καὶ
968 2199 1102 2247 πολλὴν

71 2259 297 2298 ἐπεσπάσατο
314 2258 376 2306 τὴν
400 2258 546 2306 εὔνοιαν,
566 2258 625 2296 καὶ
640 2259 725 2311 πρὸς
743 2258 807 2306 τὴν
827 2260 999 2312 προτέραν
1016 2263 1102 2299 ἐπα-

69 2321 172 2366 νῆλθε
192 2320 321 2371 ὑγείαν.
343 2323 420 2359 Οὐκ
445 2323 499 2359 ἐπ’
519 2321 652 2373 ἀνδρῶν
678 2319 714 2357 δὲ
736 2320 843 2372 ἁγίων
860 2321 919 2359 καὶ
937 2322 1100 2373 μεγάλων

73 2381 187 2431 μόνον,
204 2381 294 2420 ἀλλὰ
320 2382 377 2420 καὶ
410 2382 467 2420 ἐπὶ
485 2384 645 2433 πονηρῶν
674 2384 776 2420 τοῦτο
794 2382 861 2421 ἴδοι
879 2398 931 2427 τις
951 2382 990 2420 ἂν
1011 2398 1099 2434 συμ-

72 2442 200 2481 6αῑνον.
233 2443 302 2481 Καὶ
320 2443 387 2495 γὰρ
405 2447 423 2482 ὁ
437 2443 568 2495 λῃστὴς
580 2473 590 2490 ,
607 2445 667 2481 οὐκ
687 2444 722 2481 ἐν
751 2443 836 2497 οἴκῳ
865 2444 950 2489 στὰς
966 2447 1098 2492 εὔκτη-

73 2503 135 2555 ρίῳ
150 2534 159 2550 ,
188 2503 264 2542 οὐδὲ
291 2505 419 2556 γόνατα
441 2503 576 2551 κλίνας,
599 2505 674 2541 ἀλλ’
705 2504 762 2542 ἐπὶ
789 2508 849 2544 τοῦ
870 2509 1020 2558 σταυροῦ
1039 2522 1098 2544 τε·

69 2565 218 2616 ταμένος
231 2595 242 2610 ,
264 2566 333 2604 ἀπὸ
368 2565 533 2617 ῥημάτων
564 2564 688 2616 ὀλίγων
718 2569 780 2612 τῆς
819 2566 999 2617 βασιλείας
1028 2571 1097 2606 τῶν

69 2627 223 2677 οὐρανῶν
243 2626 408 2678 ἐπέτυχεν
423 2641 431 2648 ·
451 2626 552 2669 ἄλλος
571 2628 603 2664 ἐν
627 2625 786 2679 βορὸόρῳ
805 2627 864 2664 καὶ
881 2627 1016 2680 λάκκῳ,
1037 2627 1098 2665 ἄλ-

1134 1410 1158 1439 Ι)

1108 2663 1156 2688 739

2051 191 2143 238 855

1189 285 1251 323 sed
1272 285 1488 337 ubicumque
1505 287 1633 335 fueris,
1655 296 1785 340 prmsto
1800 288 1866 326 tibi
1889 298 1939 326 est
1962 297 1994 326 et
2012 291 2142 341 altare,

1188 355 1221 384 et
1231 347 1355 396 culter,
1370 356 1405 385 et
1417 347 1562 386 victima
1575 364 1582 385 ε
1596 358 1632 386 tu
1649 349 1724 401 ipse
1735 358 1769 387 et
1779 350 1904 399 altare,
1919 359 1953 387 et
1968 351 2144 400 sacerdos,

1186 415 1219 444 et
1233 406 1378 446 victima
1393 422 1440 446 es.
1460 408 1688 460 Ubicumque
1703 410 1799 447 enim
1814 410 1922 448 fueris
1933 441 1942 454 ,
1961 420 2059 463 potes
2075 412 2144 449 cri-

1184 481 1265 519 gere
1280 471 1403 516 attare,
1418 470 1448 508 si
1463 470 1619 508 sobriam
1639 471 1746 509 modo
1762 472 1983 509 voluntatem
2001 473 2141 523 afferas,

1185 544 1248 568 nec
1267 539 1299 568 te
1312 540 1374 568 aut
1393 531 1491 571 locus
1507 541 1568 570 aut
1586 542 1725 586 tempus
1745 533 1910 586 impedit,
1927 533 1989 571 sed
2005 534 2144 573 etiamsi

1184 605 1247 629 nec
1267 605 1383 643 genua
1401 593 1533 642 flectas,
1551 608 1613 632 nec
1634 604 1757 648 pectus
1773 594 1902 632 tundas
1915 626 1924 643 ‚
1940 610 2002 633 nec
2020 610 2146 634 manus

1184 653 1228 691 ad
1243 654 1371 692 carlum
1392 655 1533 704 tendas,
1547 656 1575 694 si
1593 666 1746 694 mentem
1760 657 1877 694 solum
1891 658 2016 695 afferas
2036 658 2144 696 fervi-

1183 713 1281 766 dam,
1297 715 1389 754 nihil
1398 717 1464 755 tibi
1475 717 1522 755 ad
1537 718 1776 770 precationem
1787 718 1910 756 deerit.
1928 719 2025 757 Licet
2037 720 2143 757 etiam

1182 777 1326 815 mulieri
1353 778 1471 816 colum
1500 780 1631 818 tenenti
1658 789 1719 817 aut
1750 780 1854 818 telam
1875 781 2006 818 texenti
2029 790 2144 818 mente

1181 838 1361 890 suspicere
1385 840 1421 877 in
1457 841 1606 887 caelum,
1626 850 1660 878 et
1684 840 1824 878 ardenti
1859 851 2001 894 pectore
2026 844 2143 880 Deum

1182 899 1350 938 iuvocare
1372 917 1379 937 :
1402 901 1483 939 licet
1506 903 1614 940 etiam
1635 902 1714 940 viro
1736 903 1771 940 in
1793 903 1868 941 soro
1890 905 2046 942 versanti
2082 913 2143 942 aut

1180 961 1247 999 iter
1264 962 1407 1000 facienti
1423 972 1554 1002 attente
1566 964 1704 1018 precari
1727 980 1734 1000 ε
1751 963 1855 1002 alteri
1875 965 1998 1003 itidem
2020 966 2053 1003 in
2085 966 2138 1003 of-

1181 1022 1286 1061 ficina
1307 1023 1441 1063 sedenti
1461 1039 1501 1063 ac
1523 1026 1618 1063 coria
1640 1026 1754 1064 suenti
1776 1026 1931 1064 animam
1949 1027 1996 1066 ad
2017 1028 2141 1066 Domi-

1181 1098 1269 1122 num
1293 1086 1428 1138 erigere
1451 1087 1559 1125 :licet
1579 1102 1684 1127 servo
1708 1088 1914 1137 obsonanti,
1937 1103 1977 1127 ac
1998 1104 2142 1128 sursum

1180 1146 1348 1186 deorsum
1368 1149 1572 1198 cursitanti‚
1592 1149 1650 1188 vel
1668 1150 1704 1188 in
1729 1150 1848 1188 eulina
1862 1151 2094 1202 ministranti,
2111 1153 2141 1190 si

1179 1221 1250 1246 non
1274 1208 1358 1247 licet
1383 1209 1484 1248 adire
1515 1210 1721 1258 ecclesiam,
1752 1211 1993 1264 precationem
2024 1212 2143 1250 inten-

1180 1279 1251 1308 tam
1294 1285 1339 1310 cx
1371 1271 1443 1310 imo
1477 1281 1618 1325 pectore
1654 1272 1756 1310 ciere.
1797 1273 1876 1310 Non
1919 1272 2029 1325 pudet
2070 1274 2140 1312 loci

1180 1333 1297 1370 Deum
1316 1349 1324 1369 :
1341 1347 1453 1371 unum
1474 1333 1652 1386 postulat,
1674 1342 1828 1372 mentem
1848 1335 2043 1373 ferventem
2057 1336 2140 1373 ani-

1178 1408 1346 1444 mamque
1371 1394 1582 1432 modestam.
1606 1393 1654 1432 Et
1673 1404 1713 1432 ut
1732 1395 1822 1433 scias
1843 1409 1911 1433 non
1935 1395 2061 1434 habitu
2079 1406 2140 1434 aut

1179 1456 1340 1494 locorum
1370 1465 1622 1509 temporumve
1640 1457 1908 1509 opportunitate
1927 1471 2001 1495 esse
2023 1472 2113 1510 opus
2129 1488 2139 1507 ‚

1178 1517 1242 1556 sed
1260 1519 1380 1556 animo
1412 1519 1526 1571 probo
1545 1533 1586 1556 ac
1610 1518 1735 1570 vigili,
1758 1518 1892 1556 Paulus
1915 1519 2070 1571 supinus
2103 1520 2138 1557 in

1179 1593 1318 1618 carcere
1334 1580 1473 1632 jacens,
1495 1594 1565 1618 non
1584 1588 1720 1618 erectus
1748 1589 1846 1618 stans
1872 1581 1883 1631 (
1901 1595 2015 1631 neque
2045 1581 2139 1619 enim

1179 1654 1319 1693 compes
1334 1640 1451 1692 lignea
1468 1641 1728 1694 permittebat),
1743 1641 1913 1692 quoniam
1927 1656 2054 1693 magna
2066 1642 2140 1680 ala-

1177 1702 1300 1739 critate
1317 1702 1531 1754 precabatur
1552 1703 1698 1755 jacens,
1730 1717 1905 1741 carcerem
1929 1705 2135 1753 concussit,

1176 1763 1324 1815 ejusque
1342 1764 1577 1802 fundamenta
1601 1765 1810 1812 commovit,
1822 1773 1857 1802 et
1872 1764 2055 1802 custodem
2069 1774 2137 1803 ter-

1175 1825 1267 1872 ruit,
1283 1839 1324 1862 ac
1334 1839 1419 1863 mox
1438 1825 1620 1863 initiatum
1635 1825 1684 1863 ad
1699 1825 1869 1878 mysteria
1886 1839 1985 1863 saera
2004 1825 2137 1878 perdu-

1174 1886 1241 1924 xit.
1256 1887 1415 1924 Rursum
1429 1887 1601 1925 Ezechias
1613 1887 1672 1925 ille
1684 1901 1752 1925 non
1766 1896 1901 1926 erectus
1912 1897 2008 1926 stans
2019 1902 2136 1939 neque

1176 1947 1325 1999 genibus
1347 1948 1449 1987 flexis
1462 1978 1473 1998 ,
1493 1948 1555 1987 sed
1574 1949 1725 2002 supinus
1753 1949 1790 1986 in
1814 1949 1907 1987 lecto
1934 1950 2068 1988 cubans
2089 1951 2136 1988 ob

1174 2007 1442 2059 infirmitatem,
1464 2025 1566 2048 versa
1582 2010 1630 2048 ad
1649 2010 1818 2062 parietem
1839 2010 1929 2049 facie
1940 2041 1950 2059 ‚
1966 2012 2135 2062 quoniam

1174 2069 1339 2109 ardenter
1359 2080 1394 2109 et
1417 2072 1631 2124 temperanti
1647 2072 1772 2110 animo
1792 2074 1909 2110 Deum
1930 2073 2132 2121 invocavit,

1174 2132 1386 2170 sententiam
1401 2132 1570 2171 adversus
1579 2148 1615 2172 se
1623 2134 1733 2171 latam
1750 2133 1945 2181 revocavit,
1965 2148 2133 2186 magnam

1173 2193 1242 2231 sihi
1263 2194 1415 2245 gratiam
1434 2195 1654 2245 conciliavit,
1673 2204 1707 2232 et
1726 2195 1762 2233 in
1784 2195 1974 2247 pristinam
1988 2195 2133 2233 restitu-

1172 2263 1232 2292 tus
1250 2264 1301 2292 est
1324 2255 1526 2293 sanitatem.
1548 2257 1621 2295 Nec
1642 2257 1760 2295 solum
1785 2257 1925 2309 magnis
1945 2266 1978 2296 et
2003 2258 2133 2296 sanctis

1171 2315 1259 2354 viris
1272 2316 1339 2354 hoc
1355 2317 1544 2369 contigisse
1555 2317 1694 2369 videas,
1713 2317 1773 2356 sed
1787 2318 1890 2357 malis
1906 2319 2024 2358 etiam.
2038 2321 2132 2358 Nam

1171 2387 1205 2416 et
1223 2378 1316 2416 latro
1338 2378 1399 2417 ille
1414 2409 1424 2428 ‚
1458 2393 1526 2417 non
1558 2389 1654 2418 stans
1683 2380 1718 2418 in
1739 2381 1892 2419 oratorio
1907 2411 1917 2430 ,
1937 2391 1999 2419 aut
2019 2395 2133 2433 genua

1170 2439 1334 2489 flectens,
1354 2439 1415 2478 sed
1435 2439 1471 2478 in
1488 2455 1591 2479 cruce
1621 2441 1802 2479 distensus
1819 2472 1830 2490 ,
1862 2442 1984 2494 paucis
2014 2443 2133 2481 verbis

1170 2515 1320 2553 regnum
1342 2501 1512 2539 caelorum
1526 2503 1854 2555 impetravittalius
1870 2503 1904 2540 in
1922 2503 2039 2540 lacum
2065 2518 2133 2541 coe-

1171 2576 1299 2600 nosum
1312 2563 1503 2614 conjectus,
1518 2562 1611 2601 alius
1624 2563 1659 2600 in
1672 2563 1811 2601 foveam
1822 2564 1945 2601 bestiis
1959 2565 2131 2616 objectus,

1170 2624 1262 2661 alius
1275 2624 1342 2662 ceti
1361 2624 1444 2661 alvo
1457 2624 1646 2662 conclusus
1661 2655 1670 2672 ‚
1685 2625 1850 2663 invocato
1870 2627 1945 2663 Deo
1962 2626 2055 2663 mala
2077 2626 2130 2664 in-

68 2688 126 2731 λος
141 2689 175 2725 ἐν
194 2688 315 2740 λάκκῳ
332 2687 391 2725 καὶ
410 2687 559 2740 θηρίοις,
581 2686 695 2739 ἕτερος
718 2690 751 2726 ἐν
775 2690 862 2741 αὐτῇ
882 2693 942 2728 τοῦ
970 2689 1097 2736 κήτους
1120 2701 1146 2730 Α
1170 2684 1801 2737 stantiadiscusserunt,divinamque
1815 2686 1882 2724 sibi
1894 2687 2131 2725 conciliarunt

69 2751 112 2794 τῆ
133 2747 248 2796 νηδύϊ,
275 2748 332 2786 τὸν
358 2749 448 2787 Θεὸν
470 2749 800 2801 παρακαλέσαντες,
821 2749 865 2788 τὰ
889 2750 1096 2802 ἐπικείμενα

70 2809 208 2847 ἅπαντα
236 2809 410 2857 διέλυσαν,
439 2810 498 2848 καὶ
525 2809 588 2857 τὴν
617 2810 747 2849 ἄνωθεν
778 2811 912 2849 εὔνοιαν
937 2812 1096 2851 ἐπεσπά-

69 2886 185 2909 σαντο.
208 2870 276 2908 Καὶ
295 2875 404 2908 ταῦτα
431 2870 493 2921 μὲν
515 2871 638 2923 λέγων,
655 2875 816 2925 παραινῶ
838 2877 993 2925 συνεχῶς
1019 2880 1096 2917 ταῖς

68 2931 269 2977 ἐκκλησίαις
298 2932 554 2983 ἐπιχωριάζειν,
583 2933 642 2971 καὶ
666 2937 700 2972 ἐν
729 2935 822 2988 οἰκίᾳ
853 2935 943 2986 μετὰ
962 2937 1095 2983 πολλῆς

67 2993 216 3045 ἡσυχίας
242 2993 426 3045 εὔχεσθαι,
455 2993 515 3031 καὶ
534 2993 625 3031 κατὰ
647 2995 776 3046 σχολὴν
802 2996 932 3047 γόνατα
953 2997 1093 3035 κλίνον-

66 3069 146 3101 τας,
167 3054 227 3092 καὶ
244 3054 304 3097 τὰς
320 3060 439 3107 χεῖρας
457 3054 695 3098 ἀνατείνοντας
708 3072 715 3079 ·
733 3059 762 3094 εἰ
781 3057 816 3096 δὲ
837 3057 859 3104 ἢ
881 3057 938 3097 διὰ
958 3057 1092 3110 καιρὸν,

65 3113 162 3162 ἢδιὰ
180 3115 284 3154 τόπον
312 3114 595 3167 ἀποληφθείημεν
629 3115 757 3166 μεταξὺ
786 3120 923 3156 πολλῶν
951 3119 1090 3172 ἑτέρων,

67 3175 116 3227 μὴ
138 3176 195 3215 διὰ
208 3181 308 3215 τοῦτο
326 3176 387 3220 τὰς
406 3177 565 3224 συνήθεις
582 3178 837 3229 ἀπολιμπάνειν
854 3179 958 3231 εὐχὰς
972 3209 982 3226 ,
1001 3180 1093 3219 ἀλλὰ

65 3241 184 3275 τοῦτον
215 3237 273 3276 τὸν
300 3238 441 3290 τρόπον,
471 3238 575 3291 ὅνπερ
598 3232 692 3279 εἷπον,
724 3238 809 3293 πρὸς
838 3240 902 3287 τὴν
921 3242 1092 3295 ὑμετέραν

68 3297 219 3349 ἀγάπην,
239 3298 379 3351 εὔχεσθε
398 3299 457 3338 καὶ
476 3301 713 3352 παρακαλεῖτε
733 3300 790 3339 τὸν
810 3301 913 3350 Θεὸν,
934 3303 980 3345 ὡς
998 3301 1092 3342 οὐδὲν

149 3412 228 3455 Reg.
248 3417 395 3448 amba-:uva

1167 2746 1463 2785 benevolentiam.
1486 2747 1563 2784 Hoc
1585 2761 1744 2785 sermone
1760 2748 1883 2786 hortor
1904 2758 1942 2786 ut
1962 2749 2129 2786 continue

1171 2808 1400 2858 frequentetis
1417 2808 1640 2852 ccclesias,et
1653 2809 1752 2846 domi
1773 2823 1856 2846 cum
1871 2823 1999 2860 magna
2009 2810 2127 2860 quiete

1167 2870 1358 2922 precemini
1375 2884 1436 2921 per
1449 2870 1575 2917 otium,
1594 2884 1707 2921 genua
1724 2871 1912 2918 flectentes,
1928 2863 2123 2921 mariusque

1166 2931 1365 2970 attollentes
1379 2947 1387 2968 :
1403 2930 1500 2983 quod
1516 2932 1545 2969 si
1562 2941 1704 2984 tempus
1714 2942 1775 2970 aut
1791 2932 1889 2971 locus
1904 2947 1966 2971 nos
1982 2933 2017 2971 in
2033 2933 2125 2970 mul-

1167 2993 1324 3031 titudine
1342 2994 1530 3031 hominum
1544 2993 1804 3047 deprehendat,
1826 3009 1895 3032 non
1918 3005 1970 3033 est
1989 2996 2035 3032 ob
2059 2995 2125 3032 hoc

1165 3069 1185 3092 a
1205 3055 1381 3093 consuetis
1400 3055 1623 3093 orationibus
1638 3055 1863 3103 cessandum,
1878 3055 1940 3094 sed
1957 3056 2003 3093 ita
2019 3065 2055 3093 ut
2071 3069 2125 3091 re-

1165 3125 1274 3154 stram
1298 3116 1482 3155 caritatem
1513 3117 1653 3165 monui,
1674 3117 1867 3169 precamini
1899 3126 1932 3155 et
1966 3117 2125 3154 invocate

1166 3180 1306 3228 Deum,
1326 3178 1411 3217 certi
1435 3178 1670 3216 nihilominus
1695 3178 1758 3229 tali
1786 3178 1986 3231 precatione
2005 3185 2123 3228 optata

1165 3254 1230 3279 vos
1247 3240 1513 3292 impetraturos.
1534 3240 1614 3278 Non
1636 3239 1710 3277 haec
1730 3239 1807 3277 ideo
1823 3239 1900 3276 dixi
1918 3247 1954 3275 nt
1974 3237 2124 3289 applau-

1164 3302 1258 3340 datis
1277 3310 1310 3340 et
1327 3300 1497 3348 laudetis,
1517 3301 1623 3340 sedet
1639 3315 1744 3353 opere
1762 3315 1799 3338 ea
1818 3298 2001 3351 praestetis,
2018 3307 2124 3348 utque

2228 743 2344 780 [Ibique

2156 795 2239 812 orare
2278 795 2344 822 pos-

2155 837 2270 856 numus.

2156 1529 2222 1560 Act.
2236 1528 2282 1557 16.

2149 1891 2178 1934 4.
2192 1894 2268 1932 Reg.
2285 1902 2334 1924 2ο.

2146 2327 2219 2355 Luc.
2240 2326 2290 2357 23.

2146 2368 2196 2408 42.
2223 2367 2275 2405 43·
