<?xml version="1.0" encoding="UTF-8"?>
<!DOCTYPE html PUBLIC "-//W3C//DTD XHTML 1.0 Transitional//EN"
    "http://www.w3.org/TR/xhtml1/DTD/xhtml1-transitional.dtd">
<html xmlns="http://www.w3.org/1999/xhtml" xml:lang="en" lang="en">
 <head>
  <title>
</title>
<meta http-equiv="Content-Type" content="text/html;charset=utf-8" />
  <meta name='ocr-system' content='tesseract 3.04.00' />
  <meta name='ocr-capabilities' content='ocr_page ocr_carea ocr_par ocr_line ocrx_word'/>
</head>
<body>
  <div class='ocr_page' id='page_1' title='image "./operaomniaquaeex04johnuoft/operaomniaquaeex04johnuoft_0097.png"; bbox 0 0 2433 3775; ppageno 0'>
   <div class='ocr_carea' id='block_1_1' title="bbox 0 0 57 1587">
    <p class='ocr_par' dir='ltr' id='par_1_1' title="bbox 0 0 57 1587">
     <span class='ocr_line' id='line_1_1' title="bbox 0 0 57 1587; baseline 0 0"><span class='ocrx_word' id='word_1_1' title='bbox 0 0 57 1587; x_wconf 95' lang='lat' dir='ltr'> </span> 
     </span>
    </p>
   </div>
   <div class='ocr_carea' id='block_1_2' title="bbox 784 199 1037 230">
    <p class='ocr_par' dir='ltr' id='par_1_2' title="bbox 784 199 1037 230">
     <span class='ocr_line' id='line_1_2' title="bbox 784 199 1037 230; baseline 0.008 -2"><span class='ocrx_word' id='word_1_2' title='bbox 784 199 826 228; x_wconf 80' lang='grc' dir='ltr'>ΙΝ</span> <span class='ocrx_word' id='word_1_3' title='bbox 867 200 1037 230; x_wconf 49' lang='lat' dir='ltr'>&amp;KP-1.</span> 
     </span>
    </p>
   </div>
   <div class='ocr_carea' id='block_1_3' title="bbox 114 280 1164 3145">
    <p class='ocr_par' dir='ltr' id='par_1_3' title="bbox 114 280 1164 3145">
     <span class='ocr_line' id='line_1_3' title="bbox 136 280 1163 337; baseline -0.001 -16"><span class='ocrx_word' id='word_1_4' title='bbox 136 285 237 328; x_wconf 86' lang='grc' dir='ltr'>ζοντα</span> <span class='ocrx_word' id='word_1_5' title='bbox 250 282 394 334; x_wconf 85' lang='grc' dir='ltr'>καρδίας</span> <span class='ocrx_word' id='word_1_6' title='bbox 407 282 467 320; x_wconf 76' lang='grc' dir='ltr'>καὶ</span> <span class='ocrx_word' id='word_1_7' title='bbox 482 280 624 335; x_wconf 80' lang='grc' dir='ltr'>νεφρους</span> <span class='ocrx_word' id='word_1_8' title='bbox 634 311 644 328; x_wconf 93' lang='grc'>,</span> <span class='ocrx_word' id='word_1_9' title='bbox 661 280 720 319; x_wconf 78' lang='grc' dir='ltr'>καὶ</span> <span class='ocrx_word' id='word_1_10' title='bbox 739 282 828 332; x_wconf 83' lang='grc' dir='ltr'>μετὰ</span> <span class='ocrx_word' id='word_1_11' title='bbox 840 283 974 330; x_wconf 77' lang='grc' dir='ltr'>πολλῆ-ς</span> <span class='ocrx_word' id='word_1_12' title='bbox 986 286 1048 330; x_wconf 82' lang='grc' dir='ltr'>τῆς</span> <span class='ocrx_word' id='word_1_13' title='bbox 1063 286 1163 337; x_wconf 81' lang='grc' dir='ltr'>ἀκρι-</span> 
     </span>
     <span class='ocr_line' id='line_1_4' title="bbox 135 341 1164 399; baseline 0.002 -18"><span class='ocrx_word' id='word_1_14' title='bbox 135 342 230 385; x_wconf 77' lang='grc' dir='ltr'>ὅείας</span> <span class='ocrx_word' id='word_1_15' title='bbox 245 342 307 387; x_wconf 85' lang='grc' dir='ltr'>τὰς</span> <span class='ocrx_word' id='word_1_16' title='bbox 326 342 432 394; x_wconf 83' lang='grc' dir='ltr'>εὐχὰς</span> <span class='ocrx_word' id='word_1_17' title='bbox 449 342 507 380; x_wconf 75' lang='grc' dir='ltr'>καὶ</span> <span class='ocrx_word' id='word_1_18' title='bbox 527 341 591 385; x_wconf 79' lang='grc' dir='ltr'>τὰς</span> <span class='ocrx_word' id='word_1_19' title='bbox 610 342 643 380; x_wconf 72' lang='grc' dir='ltr'>ἐζ</span> <span class='ocrx_word' id='word_1_20' title='bbox 629 343 873 393; x_wconf 50' lang='grc' dir='ltr'>ομολογᾷσεις</span> <span class='ocrx_word' id='word_1_21' title='bbox 890 348 1063 384; x_wconf 87' lang='grc' dir='ltr'>ποιεῖσθαι</span> <span class='ocrx_word' id='word_1_22' title='bbox 1077 344 1164 399; x_wconf 80' lang='grc' dir='ltr'>πρὸς</span> 
     </span>
     <span class='ocr_line' id='line_1_5' title="bbox 134 402 1163 456; baseline 0.002 -14"><span class='ocrx_word' id='word_1_23' title='bbox 134 403 191 442; x_wconf 84' lang='grc' dir='ltr'>τὸν</span> <span class='ocrx_word' id='word_1_24' title='bbox 210 402 314 452; x_wconf 78' lang='grc' dir='ltr'>Θεὸν,</span> <span class='ocrx_word' id='word_1_25' title='bbox 334 403 393 441; x_wconf 79' lang='grc' dir='ltr'>καὶ</span> <span class='ocrx_word' id='word_1_26' title='bbox 415 402 506 441; x_wconf 84' lang='grc' dir='ltr'>κατὰ</span> <span class='ocrx_word' id='word_1_27' title='bbox 531 402 675 453; x_wconf 82' lang='grc' dir='ltr'>δύναμιν</span> <span class='ocrx_word' id='word_1_28' title='bbox 691 403 791 450; x_wconf 77' lang='grc' dir='ltr'>τὴν</span> <span class='ocrx_word' id='word_1_29' title='bbox 773 403 830 442; x_wconf 63' lang='lat' dir='ltr'>ct&amp;</span> <span class='ocrx_word' id='word_1_30' title='bbox 845 408 908 451; x_wconf 76' lang='grc' dir='ltr'>τῆς</span> <span class='ocrx_word' id='word_1_31' title='bbox 927 407 980 443; x_wconf 68' lang='grc' dir='ltr'>ἐλε</span> <span class='ocrx_word' id='word_1_32' title='bbox 968 421 1163 456; x_wconf 74' lang='grc' dir='ltr'>-ηυοσυνης</span> 
     </span>
     <span class='ocr_line' id='line_1_6' title="bbox 135 463 1164 517; baseline 0.003 -16"><span class='ocrx_word' id='word_1_33' title='bbox 135 464 294 516; x_wconf 82' lang='grc' dir='ltr'>βοήθειαν</span> <span class='ocrx_word' id='word_1_34' title='bbox 320 466 434 517; x_wconf 84' lang='grc' dir='ltr'>ἑαυτῷ</span> <span class='ocrx_word' id='word_1_35' title='bbox 459 463 639 517; x_wconf 78' lang='grc' dir='ltr'>παρέχειν.</span> <span class='ocrx_word' id='word_1_36' title='bbox 664 463 759 510; x_wconf 71' lang='grc' dir='ltr'>Αὕτη</span> <span class='ocrx_word' id='word_1_37' title='bbox 779 464 867 516; x_wconf 79' lang='grc' dir='ltr'>γὰρ,</span> <span class='ocrx_word' id='word_1_38' title='bbox 894 465 982 512; x_wconf 79' lang='grc' dir='ltr'>αὕτη</span> <span class='ocrx_word' id='word_1_39' title='bbox 1008 466 1164 517; x_wconf 85' lang='grc' dir='ltr'>μάλιστα</span> 
     </span>
     <span class='ocr_line' id='line_1_7' title="bbox 132 525 1163 579; baseline 0.003 -16"><span class='ocrx_word' id='word_1_40' title='bbox 132 528 154 572; x_wconf 87' lang='grc' dir='ltr'>ἡ</span> <span class='ocrx_word' id='word_1_41' title='bbox 175 525 296 572; x_wconf 76' lang='grc' dir='ltr'>ἐντολὴ</span> <span class='ocrx_word' id='word_1_42' title='bbox 319 525 486 578; x_wconf 73' lang='grc' dir='ltr'>ἀφανίσαι</span> <span class='ocrx_word' id='word_1_43' title='bbox 511 525 654 563; x_wconf 82' lang='grc' dir='ltr'>δύναται</span> <span class='ocrx_word' id='word_1_44' title='bbox 681 529 766 576; x_wconf 85' lang='grc' dir='ltr'>ἡμῖν</span> <span class='ocrx_word' id='word_1_45' title='bbox 793 527 908 564; x_wconf 84' lang='grc' dir='ltr'>πάντα</span> <span class='ocrx_word' id='word_1_46' title='bbox 927 528 971 566; x_wconf 83' lang='grc' dir='ltr'>τὰ</span> <span class='ocrx_word' id='word_1_47' title='bbox 997 531 1163 579; x_wconf 75' lang='grc' dir='ltr'>ἡμαρτη-</span> 
     </span>
     <span class='ocr_line' id='line_1_8' title="bbox 133 585 1162 640; baseline 0.002 -16"><span class='ocrx_word' id='word_1_48' title='bbox 133 585 222 638; x_wconf 83' lang='grc' dir='ltr'>μένα</span> <span class='ocrx_word' id='word_1_49' title='bbox 234 617 244 633; x_wconf 90' lang='grc'>,</span> <span class='ocrx_word' id='word_1_50' title='bbox 260 586 320 624; x_wconf 81' lang='grc' dir='ltr'>καὶ</span> <span class='ocrx_word' id='word_1_51' title='bbox 338 591 352 607; x_wconf 64' lang='lat' dir='ltr'>c</span> <span class='ocrx_word' id='word_1_52' title='bbox 365 589 425 624; x_wconf 86' lang='grc' dir='ltr'>τοῦ</span> <span class='ocrx_word' id='word_1_53' title='bbox 447 586 555 638; x_wconf 85' lang='grc' dir='ltr'>πυρὸς</span> <span class='ocrx_word' id='word_1_54' title='bbox 573 589 634 632; x_wconf 80' lang='grc' dir='ltr'>τῆς</span> <span class='ocrx_word' id='word_1_55' title='bbox 654 586 794 638; x_wconf 81' lang='grc' dir='ltr'>γεέννης</span> <span class='ocrx_word' id='word_1_56' title='bbox 814 587 1034 640; x_wconf 81' lang='grc' dir='ltr'>ἐξαρπάσαι,</span> <span class='ocrx_word' id='word_1_57' title='bbox 1058 589 1162 638; x_wconf 84' lang='grc' dir='ltr'>μόνον</span> 
     </span>
     <span class='ocr_line' id='line_1_9' title="bbox 132 646 1163 702; baseline 0.002 -16"><span class='ocrx_word' id='word_1_58' title='bbox 132 646 192 686; x_wconf 84' lang='grc' dir='ltr'>ἐὰν</span> <span class='ocrx_word' id='word_1_59' title='bbox 209 647 299 698; x_wconf 80' lang='grc' dir='ltr'>μετὰ</span> <span class='ocrx_word' id='word_1_60' title='bbox 315 648 495 701; x_wconf 80' lang='grc' dir='ltr'>δαψιλείας</span> <span class='ocrx_word' id='word_1_61' title='bbox 514 649 622 695; x_wconf 77' lang='grc' dir='ltr'>αὐτὴν</span> <span class='ocrx_word' id='word_1_62' title='bbox 637 648 893 698; x_wconf 81' lang='grc' dir='ltr'>ἐπιδειξώμεθα</span> <span class='ocrx_word' id='word_1_63' title='bbox 906 679 915 695; x_wconf 93' lang='grc'>,</span> <span class='ocrx_word' id='word_1_64' title='bbox 933 649 992 687; x_wconf 78' lang='grc' dir='ltr'>καὶ</span> <span class='ocrx_word' id='word_1_65' title='bbox 1011 649 1059 699; x_wconf 85' lang='grc' dir='ltr'>μὴ</span> <span class='ocrx_word' id='word_1_66' title='bbox 1077 650 1163 702; x_wconf 83' lang='grc' dir='ltr'>πρὸς</span> 
     </span>
     <span class='ocr_line' id='line_1_10' title="bbox 131 708 1161 761; baseline 0.001 -15"><span class='ocrx_word' id='word_1_67' title='bbox 131 708 297 753; x_wconf 81' lang='grc' dir='ltr'>ἐπίδειξιν</span> <span class='ocrx_word' id='word_1_68' title='bbox 315 712 383 747; x_wconf 83' lang='grc' dir='ltr'>τῶν</span> <span class='ocrx_word' id='word_1_69' title='bbox 399 709 591 761; x_wconf 86' lang='grc' dir='ltr'>ἀνθρώπων</span> <span class='ocrx_word' id='word_1_70' title='bbox 606 713 708 746; x_wconf 85' lang='grc' dir='ltr'>τοῦτο</span> <span class='ocrx_word' id='word_1_71' title='bbox 725 712 896 759; x_wconf 81' lang='grc' dir='ltr'>ποιῶμεν.</span> <span class='ocrx_word' id='word_1_72' title='bbox 915 709 984 747; x_wconf 73' lang='grc' dir='ltr'>Καὶ</span> <span class='ocrx_word' id='word_1_73' title='bbox 998 710 1031 747; x_wconf 87' lang='grc' dir='ltr'>τί</span> <span class='ocrx_word' id='word_1_74' title='bbox 1048 709 1141 760; x_wconf 85' lang='grc' dir='ltr'>λέγω</span> <span class='ocrx_word' id='word_1_75' title='bbox 1152 739 1161 757; x_wconf 93' lang='grc'>,</span> 
     </span>
     <span class='ocr_line' id='line_1_11' title="bbox 132 764 1159 823; baseline 0 -15"><span class='ocrx_word' id='word_1_76' title='bbox 132 770 181 821; x_wconf 84' lang='grc' dir='ltr'>μὴ</span> <span class='ocrx_word' id='word_1_77' title='bbox 197 771 284 823; x_wconf 80' lang='grc' dir='ltr'>πρὸς</span> <span class='ocrx_word' id='word_1_78' title='bbox 303 770 485 818; x_wconf 81' lang='grc' dir='ltr'>ἐπίδειξιν;</span> <span class='ocrx_word' id='word_1_79' title='bbox 513 772 555 808; x_wconf 80' lang='grc' dir='ltr'>Εἰ</span> <span class='ocrx_word' id='word_1_80' title='bbox 574 769 643 823; x_wconf 85' lang='grc' dir='ltr'>γὰρ</span> <span class='ocrx_word' id='word_1_81' title='bbox 661 764 751 820; x_wconf 74' lang='grc' dir='ltr'>ἦμεν</span> <span class='ocrx_word' id='word_1_82' title='bbox 772 769 1008 821; x_wconf 78' lang='grc' dir='ltr'>εὐγνώμονες,</span> <span class='ocrx_word' id='word_1_83' title='bbox 1035 771 1096 808; x_wconf 86' lang='grc' dir='ltr'>καὶ</span> <span class='ocrx_word' id='word_1_84' title='bbox 1116 771 1159 808; x_wconf 86' lang='grc' dir='ltr'>δι’</span> 
     </span>
     <span class='ocr_line' id='line_1_12' title="bbox 130 830 1163 883; baseline 0 -14"><span class='ocrx_word' id='word_1_85' title='bbox 130 830 214 869; x_wconf 85' lang='grc' dir='ltr'>αὐτὸ</span> <span class='ocrx_word' id='word_1_86' title='bbox 242 830 371 881; x_wconf 66' lang='grc' dir='ltr'>ι’μόνον</span> <span class='ocrx_word' id='word_1_87' title='bbox 397 831 437 869; x_wconf 85' lang='grc' dir='ltr'>τὸ</span> <span class='ocrx_word' id='word_1_88' title='bbox 456 831 574 877; x_wconf 86' lang='grc' dir='ltr'>καλὸν,</span> <span class='ocrx_word' id='word_1_89' title='bbox 602 830 661 868; x_wconf 89' lang='grc' dir='ltr'>καὶ</span> <span class='ocrx_word' id='word_1_90' title='bbox 692 830 732 868; x_wconf 79' lang='grc' dir='ltr'>τὸ</span> <span class='ocrx_word' id='word_1_91' title='bbox 762 831 843 883; x_wconf 81' lang='grc' dir='ltr'>περὶ</span> <span class='ocrx_word' id='word_1_92' title='bbox 876 830 954 874; x_wconf 83' lang='grc' dir='ltr'>τοὺς</span> <span class='ocrx_word' id='word_1_93' title='bbox 985 834 1163 882; x_wconf 82' lang='grc' dir='ltr'>ὁμογενεῖς</span> 
     </span>
     <span class='ocr_line' id='line_1_13' title="bbox 129 891 1161 945; baseline 0.001 -16"><span class='ocrx_word' id='word_1_94' title='bbox 129 891 332 942; x_wconf 79' lang='grc' dir='ltr'>συμπαθὲς,</span> <span class='ocrx_word' id='word_1_95' title='bbox 356 891 489 939; x_wconf 85' lang='grc' dir='ltr'>ταύτην</span> <span class='ocrx_word' id='word_1_96' title='bbox 508 891 769 930; x_wconf 80' lang='grc' dir='ltr'>ἐπιδείκνυσθαι</span> <span class='ocrx_word' id='word_1_97' title='bbox 793 892 915 945; x_wconf 79' lang='grc' dir='ltr'>ἐχρῆν,</span> <span class='ocrx_word' id='word_1_98' title='bbox 939 894 977 930; x_wconf 86' lang='grc' dir='ltr'>οὐ</span> <span class='ocrx_word' id='word_1_99' title='bbox 1007 892 1064 930; x_wconf 85' lang='grc' dir='ltr'>διὰ</span> <span class='ocrx_word' id='word_1_100' title='bbox 1082 891 1161 936; x_wconf 82' lang='grc' dir='ltr'>τοὺς</span> 
     </span>
     <span class='ocr_line' id='line_1_14' title="bbox 128 952 1160 1006; baseline 0.001 -15"><span class='ocrx_word' id='word_1_101' title='bbox 128 952 407 1005; x_wconf 81' lang='grc' dir='ltr'>ἐπηγγελμένους</span> <span class='ocrx_word' id='word_1_102' title='bbox 439 952 582 1004; x_wconf 77' lang='grc' dir='ltr'>μισθοὺς</span> <span class='ocrx_word' id='word_1_103' title='bbox 614 952 712 1006; x_wconf 82' lang='grc' dir='ltr'>παρὰ</span> <span class='ocrx_word' id='word_1_104' title='bbox 743 957 804 992; x_wconf 89' lang='grc' dir='ltr'>τοῦ</span> <span class='ocrx_word' id='word_1_105' title='bbox 837 953 1030 992; x_wconf 88' lang='grc' dir='ltr'>Δεσπότου.</span> <span class='ocrx_word' id='word_1_106' title='bbox 1068 953 1160 993; x_wconf 80' lang='grc' dir='ltr'>Ἀλλ’</span> 
     </span>
     <span class='ocr_line' id='line_1_15' title="bbox 129 1013 1159 1067; baseline 0.002 -15"><span class='ocrx_word' id='word_1_107' title='bbox 129 1013 250 1062; x_wconf 79' lang='grc' dir='ltr'>ἐπειδὴ</span> <span class='ocrx_word' id='word_1_108' title='bbox 266 1013 361 1053; x_wconf 81' lang='grc' dir='ltr'>οὐδὲν</span> <span class='ocrx_word' id='word_1_109' title='bbox 383 1013 516 1066; x_wconf 80' lang='grc' dir='ltr'>ὑψηλὸν</span> <span class='ocrx_word' id='word_1_110' title='bbox 532 1016 773 1067; x_wconf 78' lang='grc' dir='ltr'>φαντασθῆναι</span> <span class='ocrx_word' id='word_1_111' title='bbox 793 1013 968 1065; x_wconf 87' lang='grc' dir='ltr'>δυνάμεθα</span> <span class='ocrx_word' id='word_1_112' title='bbox 981 1045 991 1062; x_wconf 94' lang='grc'>,</span> <span class='ocrx_word' id='word_1_113' title='bbox 1014 1014 1079 1053; x_wconf 81' lang='grc' dir='ltr'>κᾶν</span> <span class='ocrx_word' id='word_1_114' title='bbox 1102 1015 1159 1054; x_wconf 81' lang='grc' dir='ltr'>διὰ</span> 
     </span>
     <span class='ocr_line' id='line_1_16' title="bbox 129 1074 1158 1129; baseline 0.004 -18"><span class='ocrx_word' id='word_1_115' title='bbox 129 1078 230 1114; x_wconf 89' lang='grc' dir='ltr'>τοῦτο</span> <span class='ocrx_word' id='word_1_116' title='bbox 257 1074 364 1122; x_wconf 81' lang='grc' dir='ltr'>αὐτὴν</span> <span class='ocrx_word' id='word_1_117' title='bbox 385 1074 658 1128; x_wconf 76' lang='grc' dir='ltr'>μετερχώμεθα,</span> <span class='ocrx_word' id='word_1_118' title='bbox 685 1076 850 1127; x_wconf 79' lang='grc' dir='ltr'>μηδαμοῦ</span> <span class='ocrx_word' id='word_1_119' title='bbox 869 1075 932 1123; x_wconf 81' lang='grc' dir='ltr'>τὴν</span> <span class='ocrx_word' id='word_1_120' title='bbox 960 1075 1058 1129; x_wconf 80' lang='grc' dir='ltr'>παρὰ</span> <span class='ocrx_word' id='word_1_121' title='bbox 1088 1079 1158 1115; x_wconf 83' lang='grc' dir='ltr'>τῶν</span> 
     </span>
     <span class='ocr_line' id='line_1_17' title="bbox 129 1135 1156 1190; baseline 0.002 -17"><span class='ocrx_word' id='word_1_122' title='bbox 129 1135 320 1188; x_wconf 83' lang='grc' dir='ltr'>ἀνθρώπων</span> <span class='ocrx_word' id='word_1_123' title='bbox 334 1136 531 1190; x_wconf 79' lang='grc' dir='ltr'>θηρώμενοι</span> <span class='ocrx_word' id='word_1_124' title='bbox 550 1135 665 1181; x_wconf 83' lang='grc' dir='ltr'>δόξαν,</span> <span class='ocrx_word' id='word_1_125' title='bbox 682 1136 740 1174; x_wconf 78' lang='grc' dir='ltr'>ἵνα</span> <span class='ocrx_word' id='word_1_126' title='bbox 761 1136 809 1187; x_wconf 82' lang='grc' dir='ltr'>μὴ</span> <span class='ocrx_word' id='word_1_127' title='bbox 831 1136 890 1175; x_wconf 76' lang='grc' dir='ltr'>καὶ</span> <span class='ocrx_word' id='word_1_128' title='bbox 915 1136 978 1184; x_wconf 76' lang='grc' dir='ltr'>τὴν</span> <span class='ocrx_word' id='word_1_129' title='bbox 999 1137 1156 1185; x_wconf 77' lang='grc' dir='ltr'>δαπάνην</span> 
     </span>
     <span class='ocr_line' id='line_1_18' title="bbox 128 1197 1157 1250; baseline 0.001 -15"><span class='ocrx_word' id='word_1_130' title='bbox 128 1197 370 1249; x_wconf 83' lang='grc' dir='ltr'>ὑπομένωμεν,</span> <span class='ocrx_word' id='word_1_131' title='bbox 398 1198 458 1236; x_wconf 79' lang='grc' dir='ltr'>καὶ</span> <span class='ocrx_word' id='word_1_132' title='bbox 485 1203 544 1237; x_wconf 89' lang='grc' dir='ltr'>τοῦ</span> <span class='ocrx_word' id='word_1_133' title='bbox 582 1201 706 1249; x_wconf 81' lang='grc' dir='ltr'>μισθοῦ</span> <span class='ocrx_word' id='word_1_134' title='bbox 735 1200 1048 1250; x_wconf 86' lang='grc' dir='ltr'>ἀποστερηθῶμεν.</span> <span class='ocrx_word' id='word_1_135' title='bbox 1087 1198 1157 1236; x_wconf 84' lang='grc' dir='ltr'>Καὶ</span> 
     </span>
     <span class='ocr_line' id='line_1_19' title="bbox 129 1258 1156 1312; baseline 0.001 -16"><span class='ocrx_word' id='word_1_136' title='bbox 129 1261 230 1297; x_wconf 88' lang='grc' dir='ltr'>τοῦτο</span> <span class='ocrx_word' id='word_1_137' title='bbox 252 1259 302 1309; x_wconf 85' lang='grc' dir='ltr'>μὴ</span> <span class='ocrx_word' id='word_1_138' title='bbox 324 1259 426 1310; x_wconf 86' lang='grc' dir='ltr'>μόνον</span> <span class='ocrx_word' id='word_1_139' title='bbox 455 1258 512 1297; x_wconf 80' lang='grc' dir='ltr'>ἐπὶ</span> <span class='ocrx_word' id='word_1_140' title='bbox 540 1262 602 1305; x_wconf 71' lang='grc' dir='ltr'>τῆς</span> <span class='ocrx_word' id='word_1_141' title='bbox 628 1258 885 1309; x_wconf 82' lang='grc' dir='ltr'>ἐλεημοσύνης,</span> <span class='ocrx_word' id='word_1_142' title='bbox 913 1259 1003 1297; x_wconf 83' lang='grc' dir='ltr'>ἀλλὰ</span> <span class='ocrx_word' id='word_1_143' title='bbox 1021 1259 1080 1298; x_wconf 86' lang='grc' dir='ltr'>καὶ</span> <span class='ocrx_word' id='word_1_144' title='bbox 1103 1261 1156 1312; x_wconf 81' lang='grc' dir='ltr'>ἐφ’</span> 
     </span>
     <span class='ocr_line' id='line_1_20' title="bbox 128 1319 1158 1374; baseline 0.001 -16"><span class='ocrx_word' id='word_1_145' title='bbox 128 1320 265 1372; x_wconf 83' lang='grc' dir='ltr'>ἑκάστῳ</span> <span class='ocrx_word' id='word_1_146' title='bbox 281 1319 528 1374; x_wconf 84' lang='grc' dir='ltr'>κατορθώματι</span> <span class='ocrx_word' id='word_1_147' title='bbox 544 1323 770 1372; x_wconf 83' lang='grc' dir='ltr'>πνευματικῷ</span> <span class='ocrx_word' id='word_1_148' title='bbox 788 1322 988 1370; x_wconf 87' lang='grc' dir='ltr'>σκοπῶμεν,</span> <span class='ocrx_word' id='word_1_149' title='bbox 1009 1320 1068 1359; x_wconf 84' lang='grc' dir='ltr'>καὶ</span> <span class='ocrx_word' id='word_1_150' title='bbox 1092 1337 1158 1372; x_wconf 85' lang='grc' dir='ltr'>μη-</span> 
     </span>
     <span class='ocr_line' id='line_1_21' title="bbox 128 1380 1157 1435; baseline 0 -15"><span class='ocrx_word' id='word_1_151' title='bbox 128 1381 184 1420; x_wconf 85' lang='grc' dir='ltr'>δὲν</span> <span class='ocrx_word' id='word_1_152' title='bbox 202 1381 289 1433; x_wconf 86' lang='grc' dir='ltr'>πρὸς</span> <span class='ocrx_word' id='word_1_153' title='bbox 303 1381 367 1428; x_wconf 82' lang='grc' dir='ltr'>τὴν</span> <span class='ocrx_word' id='word_1_154' title='bbox 382 1385 451 1420; x_wconf 83' lang='grc' dir='ltr'>τῶν</span> <span class='ocrx_word' id='word_1_155' title='bbox 467 1380 660 1435; x_wconf 87' lang='grc' dir='ltr'>ἀνθρώπων</span> <span class='ocrx_word' id='word_1_156' title='bbox 678 1381 850 1433; x_wconf 69' lang='grc' dir='ltr'>εὐφημίαν</span> <span class='ocrx_word' id='word_1_157' title='bbox 868 1383 1065 1435; x_wconf 65' lang='grc' dir='ltr'>ἀφορῶντες</span> <span class='ocrx_word' id='word_1_158' title='bbox 1080 1398 1157 1421; x_wconf 92' lang='grc' dir='ltr'>ποι-</span> 
     </span>
     <span class='ocr_line' id='line_1_22' title="bbox 128 1442 1155 1495; baseline 0 -13"><span class='ocrx_word' id='word_1_159' title='bbox 128 1446 242 1494; x_wconf 87' lang='grc' dir='ltr'>ῶμεν·</span> <span class='ocrx_word' id='word_1_160' title='bbox 268 1443 343 1482; x_wconf 80' lang='grc' dir='ltr'>ἐπεὶ</span> <span class='ocrx_word' id='word_1_161' title='bbox 361 1442 456 1482; x_wconf 76' lang='grc' dir='ltr'>οὐδὲν</span> <span class='ocrx_word' id='word_1_162' title='bbox 485 1447 570 1494; x_wconf 86' lang='grc' dir='ltr'>ἡμῖν</span> <span class='ocrx_word' id='word_1_163' title='bbox 600 1444 721 1495; x_wconf 74' lang='grc' dir='ltr'>ὄφελος</span> <span class='ocrx_word' id='word_1_164' title='bbox 746 1443 862 1488; x_wconf 83' lang='grc' dir='ltr'>ἔσται,</span> <span class='ocrx_word' id='word_1_165' title='bbox 894 1442 972 1482; x_wconf 86' lang='grc' dir='ltr'>οὔτε</span> <span class='ocrx_word' id='word_1_166' title='bbox 1001 1443 1060 1482; x_wconf 83' lang='grc' dir='ltr'>ἐὰν</span> <span class='ocrx_word' id='word_1_167' title='bbox 1091 1460 1155 1492; x_wconf 90' lang='grc' dir='ltr'>νη-</span> 
     </span>
     <span class='ocr_line' id='line_1_23' title="bbox 128 1503 1154 1556; baseline -0.001 -13"><span class='ocrx_word' id='word_1_168' title='bbox 128 1504 320 1556; x_wconf 76' lang='grc' dir='ltr'>στεύωμεν,</span> <span class='ocrx_word' id='word_1_169' title='bbox 350 1504 428 1543; x_wconf 91' lang='grc' dir='ltr'>οὔτε</span> <span class='ocrx_word' id='word_1_170' title='bbox 456 1505 514 1543; x_wconf 81' lang='grc' dir='ltr'>ἐὰν</span> <span class='ocrx_word' id='word_1_171' title='bbox 548 1503 752 1556; x_wconf 79' lang='grc' dir='ltr'>εὐχώμεθα,</span> <span class='ocrx_word' id='word_1_172' title='bbox 782 1504 861 1542; x_wconf 82' lang='grc' dir='ltr'>οὔτε</span> <span class='ocrx_word' id='word_1_173' title='bbox 897 1503 956 1543; x_wconf 86' lang='grc' dir='ltr'>ἐὰν</span> <span class='ocrx_word' id='word_1_174' title='bbox 986 1506 1154 1556; x_wconf 86' lang='grc' dir='ltr'>ἐλεῶμεν,</span> 
     </span>
     <span class='ocr_line' id='line_1_24' title="bbox 127 1564 1156 1619; baseline 0.001 -15"><span class='ocrx_word' id='word_1_175' title='bbox 127 1566 204 1605; x_wconf 83' lang='grc' dir='ltr'>οὔτε</span> <span class='ocrx_word' id='word_1_176' title='bbox 230 1565 316 1619; x_wconf 81' lang='grc' dir='ltr'>ὅπερ</span> <span class='ocrx_word' id='word_1_177' title='bbox 343 1565 383 1604; x_wconf 82' lang='grc' dir='ltr'>ἂν</span> <span class='ocrx_word' id='word_1_178' title='bbox 415 1565 558 1619; x_wconf 55' lang='grc' dir='ltr'>θὲτερον</span> <span class='ocrx_word' id='word_1_179' title='bbox 578 1564 826 1617; x_wconf 81' lang='grc' dir='ltr'>ἐργαζώμεθα,</span> <span class='ocrx_word' id='word_1_180' title='bbox 847 1564 887 1604; x_wconf 84' lang='grc' dir='ltr'>ἂν</span> <span class='ocrx_word' id='word_1_181' title='bbox 910 1565 959 1616; x_wconf 84' lang='grc' dir='ltr'>μὴ</span> <span class='ocrx_word' id='word_1_182' title='bbox 984 1567 1027 1604; x_wconf 85' lang='grc' dir='ltr'>δι’</span> <span class='ocrx_word' id='word_1_183' title='bbox 1061 1569 1156 1605; x_wconf 86' lang='grc' dir='ltr'>ἐκεῖ-</span> 
     </span>
     <span class='ocr_line' id='line_1_25' title="bbox 127 1626 1156 1680; baseline 0.002 -15"><span class='ocrx_word' id='word_1_184' title='bbox 127 1643 182 1666; x_wconf 93' lang='grc' dir='ltr'>νον</span> <span class='ocrx_word' id='word_1_185' title='bbox 214 1627 316 1678; x_wconf 89' lang='grc' dir='ltr'>μόνον</span> <span class='ocrx_word' id='word_1_186' title='bbox 341 1627 494 1679; x_wconf 89' lang='grc' dir='ltr'>γίνεται,</span> <span class='ocrx_word' id='word_1_187' title='bbox 525 1626 584 1665; x_wconf 80' lang='grc' dir='ltr'>τὸν</span> <span class='ocrx_word' id='word_1_188' title='bbox 611 1626 728 1665; x_wconf 80' lang='grc' dir='ltr'>εἰδότα</span> <span class='ocrx_word' id='word_1_189' title='bbox 761 1626 820 1665; x_wconf 79' lang='grc' dir='ltr'>καὶ</span> <span class='ocrx_word' id='word_1_190' title='bbox 848 1626 892 1665; x_wconf 85' lang='grc' dir='ltr'>τὰ</span> <span class='ocrx_word' id='word_1_191' title='bbox 920 1628 1156 1680; x_wconf 84' lang='grc' dir='ltr'>λανθάνοντα,</span> 
     </span>
     <span class='ocr_line' id='line_1_26' title="bbox 126 1688 1155 1741; baseline 0.003 -14"><span class='ocrx_word' id='word_1_192' title='bbox 126 1688 187 1727; x_wconf 84' lang='grc' dir='ltr'>καὶ</span> <span class='ocrx_word' id='word_1_193' title='bbox 218 1689 263 1728; x_wconf 85' lang='grc' dir='ltr'>τὰ</span> <span class='ocrx_word' id='word_1_194' title='bbox 300 1690 336 1726; x_wconf 88' lang='grc' dir='ltr'>ἐν</span> <span class='ocrx_word' id='word_1_195' title='bbox 372 1691 422 1741; x_wconf 84' lang='grc' dir='ltr'>τῷ</span> <span class='ocrx_word' id='word_1_196' title='bbox 458 1689 556 1740; x_wconf 84' lang='grc' dir='ltr'>βάθει</span> <span class='ocrx_word' id='word_1_197' title='bbox 589 1691 651 1735; x_wconf 73' lang='grc' dir='ltr'>τῆς</span> <span class='ocrx_word' id='word_1_198' title='bbox 679 1688 832 1732; x_wconf 78' lang='grc' dir='ltr'>διανοίας</span> <span class='ocrx_word' id='word_1_199' title='bbox 867 1691 968 1740; x_wconf 77' lang='grc' dir='ltr'>ἡμῶν</span> <span class='ocrx_word' id='word_1_200' title='bbox 1005 1691 1155 1729; x_wconf 87' lang='grc' dir='ltr'>ἀποκεί-</span> 
     </span>
     <span class='ocr_line' id='line_1_27' title="bbox 127 1749 1156 1803; baseline 0.001 -15"><span class='ocrx_word' id='word_1_201' title='bbox 127 1766 226 1801; x_wconf 88' lang='grc' dir='ltr'>μενα.</span> <span class='ocrx_word' id='word_1_202' title='bbox 246 1752 290 1789; x_wconf 84' lang='grc' dir='ltr'>Εἰ</span> <span class='ocrx_word' id='word_1_203' title='bbox 315 1750 383 1803; x_wconf 78' lang='grc' dir='ltr'>γὰρ</span> <span class='ocrx_word' id='word_1_204' title='bbox 411 1753 494 1802; x_wconf 89' lang='grc' dir='ltr'>παρ’</span> <span class='ocrx_word' id='word_1_205' title='bbox 524 1750 654 1788; x_wconf 86' lang='grc' dir='ltr'>ἐκείνου</span> <span class='ocrx_word' id='word_1_206' title='bbox 681 1749 744 1793; x_wconf 81' lang='grc' dir='ltr'>τὰς</span> <span class='ocrx_word' id='word_1_207' title='bbox 775 1750 926 1800; x_wconf 72' lang='grc' dir='ltr'>ἀμοιὸὰς</span> <span class='ocrx_word' id='word_1_208' title='bbox 953 1750 1156 1801; x_wconf 86' lang='grc' dir='ltr'>ἀναμένεις,</span> 
     </span>
     <span class='ocr_line' id='line_1_28' title="bbox 127 1810 1156 1865; baseline 0.001 -16"><span class='ocrx_word' id='word_1_209' title='bbox 127 1811 302 1865; x_wconf 82' lang='grc' dir='ltr'>ἄνθρωπε,</span> <span class='ocrx_word' id='word_1_210' title='bbox 329 1811 420 1856; x_wconf 86' lang='grc' dir='ltr'>τίνος</span> <span class='ocrx_word' id='word_1_211' title='bbox 448 1811 563 1850; x_wconf 79' lang='grc' dir='ltr'>ἕνεκεν</span> <span class='ocrx_word' id='word_1_212' title='bbox 597 1811 696 1863; x_wconf 82' lang='grc' dir='ltr'>παρὰ</span> <span class='ocrx_word' id='word_1_213' title='bbox 727 1815 788 1849; x_wconf 88' lang='grc' dir='ltr'>τοῦ</span> <span class='ocrx_word' id='word_1_214' title='bbox 816 1813 1004 1862; x_wconf 76' lang='grc' dir='ltr'>ὁμογενοῦς</span> <span class='ocrx_word' id='word_1_215' title='bbox 1039 1810 1156 1862; x_wconf 82' lang='grc' dir='ltr'>βούλει</span> 
     </span>
     <span class='ocr_line' id='line_1_29' title="bbox 127 1871 1155 1923; baseline 0 -14"><span class='ocrx_word' id='word_1_216' title='bbox 127 1873 389 1920; x_wconf 71' lang='grc' dir='ltr'>”ἐπαινεῖσθαι;</span> <span class='ocrx_word' id='word_1_217' title='bbox 420 1871 490 1910; x_wconf 67' lang='grc' dir='ltr'>Καὶ</span> <span class='ocrx_word' id='word_1_218' title='bbox 523 1871 557 1908; x_wconf 87' lang='grc' dir='ltr'>τί</span> <span class='ocrx_word' id='word_1_219' title='bbox 582 1871 676 1923; x_wconf 83' lang='grc' dir='ltr'>λέγω</span> <span class='ocrx_word' id='word_1_220' title='bbox 704 1873 943 1918; x_wconf 71' lang='grc' dir='ltr'>ἐπαινεῖσθαι,</span> <span class='ocrx_word' id='word_1_221' title='bbox 976 1871 1155 1916; x_wconf 87' lang='grc' dir='ltr'>Πολλάκις</span> 
     </span>
     <span class='ocr_line' id='line_1_30' title="bbox 127 1926 1155 1986; baseline 0 -15"><span class='ocrx_word' id='word_1_222' title='bbox 127 1926 225 1976; x_wconf 68' lang='grc' dir='ltr'>οὗτος</span> <span class='ocrx_word' id='word_1_223' title='bbox 239 1935 302 1971; x_wconf 81' lang='grc' dir='ltr'>οὐκ</span> <span class='ocrx_word' id='word_1_224' title='bbox 321 1936 473 1980; x_wconf 81' lang='grc' dir='ltr'>ἐπαινεῖ,</span> <span class='ocrx_word' id='word_1_225' title='bbox 490 1933 580 1971; x_wconf 79' lang='grc' dir='ltr'>ἀλλὰ</span> <span class='ocrx_word' id='word_1_226' title='bbox 598 1932 656 1970; x_wconf 74' lang='grc' dir='ltr'>καὶ</span> <span class='ocrx_word' id='word_1_227' title='bbox 677 1931 870 1984; x_wconf 82' lang='grc' dir='ltr'>βασκαίνει.</span> <span class='ocrx_word' id='word_1_228' title='bbox 886 1932 968 1970; x_wconf 80' lang='grc' dir='ltr'>Εἰσὶ</span> <span class='ocrx_word' id='word_1_229' title='bbox 987 1931 1055 1986; x_wconf 82' lang='grc' dir='ltr'>γὰρ</span> <span class='ocrx_word' id='word_1_230' title='bbox 1069 1934 1155 1971; x_wconf 84' lang='grc' dir='ltr'>πολ-</span> 
     </span>
     <span class='ocr_line' id='line_1_31' title="bbox 126 1992 1154 2046; baseline 0.001 -15"><span class='ocrx_word' id='word_1_231' title='bbox 126 1993 179 2031; x_wconf 91' lang='grc' dir='ltr'>λοι</span> <span class='ocrx_word' id='word_1_232' title='bbox 200 1993 290 2031; x_wconf 65' lang='grc' dir='ltr'>οὕτω</span> <span class='ocrx_word' id='word_1_233' title='bbox 320 1997 504 2046; x_wconf 73' lang='grc' dir='ltr'>μοχθηρῶς</span> <span class='ocrx_word' id='word_1_234' title='bbox 532 1993 766 2044; x_wconf 82' lang='grc' dir='ltr'>διακείμενοι,</span> <span class='ocrx_word' id='word_1_235' title='bbox 791 2009 844 2032; x_wconf 91' lang='grc' dir='ltr'>οτι</span> <span class='ocrx_word' id='word_1_236' title='bbox 872 2009 932 2031; x_wconf 89' lang='grc' dir='ltr'>και</span> <span class='ocrx_word' id='word_1_237' title='bbox 961 1992 1006 2032; x_wconf 84' lang='grc' dir='ltr'>τὰ</span> <span class='ocrx_word' id='word_1_238' title='bbox 1039 1995 1154 2038; x_wconf 85' lang='grc' dir='ltr'>καλῶς</span> 
     </span>
     <span class='ocr_line' id='line_1_32' title="bbox 127 2051 1152 2104; baseline -0.001 -14"><span class='ocrx_word' id='word_1_239' title='bbox 127 2055 182 2104; x_wconf 71' lang='grc' dir='ltr'>ὑφ’</span> <span class='ocrx_word' id='word_1_240' title='bbox 199 2055 298 2102; x_wconf 82' lang='grc' dir='ltr'>ἡμῶν</span> <span class='ocrx_word' id='word_1_241' title='bbox 318 2052 481 2104; x_wconf 85' lang='grc' dir='ltr'>γινόμενα</span> <span class='ocrx_word' id='word_1_242' title='bbox 507 2055 554 2096; x_wconf 88' lang='grc' dir='ltr'>εἰς</span> <span class='ocrx_word' id='word_1_243' title='bbox 572 2053 612 2090; x_wconf 80' lang='grc' dir='ltr'>τὸ</span> <span class='ocrx_word' id='word_1_244' title='bbox 630 2052 782 2090; x_wconf 84' lang='grc' dir='ltr'>ἐναντίον</span> <span class='ocrx_word' id='word_1_245' title='bbox 799 2051 1059 2104; x_wconf 87' lang='grc' dir='ltr'>περιτρέπουσι.</span> <span class='ocrx_word' id='word_1_246' title='bbox 1082 2052 1152 2091; x_wconf 81' lang='grc' dir='ltr'>Τί-</span> 
     </span>
     <span class='ocr_line' id='line_1_33' title="bbox 127 2112 1151 2165; baseline -0.001 -15"><span class='ocrx_word' id='word_1_247' title='bbox 127 2128 181 2157; x_wconf 88' lang='grc' dir='ltr'>νος</span> <span class='ocrx_word' id='word_1_248' title='bbox 202 2116 259 2150; x_wconf 80' lang='grc' dir='ltr'>οὖν</span> <span class='ocrx_word' id='word_1_249' title='bbox 289 2113 416 2160; x_wconf 78' lang='grc' dir='ltr'>ἕνεκεν,</span> <span class='ocrx_word' id='word_1_250' title='bbox 437 2112 513 2150; x_wconf 87' lang='grc' dir='ltr'>εἰπέ</span> <span class='ocrx_word' id='word_1_251' title='bbox 534 2127 616 2162; x_wconf 91' lang='grc' dir='ltr'>μοι,</span> <span class='ocrx_word' id='word_1_252' title='bbox 649 2112 711 2159; x_wconf 79' lang='grc' dir='ltr'>τὴν</span> <span class='ocrx_word' id='word_1_253' title='bbox 738 2112 992 2165; x_wconf 65' lang='grc' dir='ltr'>διεφθαρμένην</span> <span class='ocrx_word' id='word_1_254' title='bbox 1019 2112 1151 2151; x_wconf 81' lang='grc' dir='ltr'>τούτων</span> 
     </span>
     <span class='ocr_line' id='line_1_34' title="bbox 125 2174 1149 2226; baseline 0.001 -15"><span class='ocrx_word' id='word_1_255' title='bbox 125 2174 238 2226; x_wconf 86' lang='grc' dir='ltr'>κρίσιν</span> <span class='ocrx_word' id='word_1_256' title='bbox 256 2190 335 2226; x_wconf 90' lang='grc' dir='ltr'>περι</span> <span class='ocrx_word' id='word_1_257' title='bbox 354 2175 483 2212; x_wconf 78' lang='grc' dir='ltr'>πολλοῦ</span> <span class='ocrx_word' id='word_1_258' title='bbox 505 2177 611 2225; x_wconf 80' lang='grc' dir='ltr'>ποιῇ·</span> <span class='ocrx_word' id='word_1_259' title='bbox 603 2203 612 2220; x_wconf 87' lang='grc'>,</span> <span class='ocrx_word' id='word_1_260' title='bbox 635 2174 706 2212; x_wconf 86' lang='grc' dir='ltr'>Τὸν</span> <span class='ocrx_word' id='word_1_261' title='bbox 726 2190 794 2226; x_wconf 88' lang='grc' dir='ltr'>γαρ</span> <span class='ocrx_word' id='word_1_262' title='bbox 811 2174 1001 2225; x_wconf 84' lang='grc' dir='ltr'>ἀκοίμητον</span> <span class='ocrx_word' id='word_1_263' title='bbox 1021 2177 1149 2213; x_wconf 81' lang='grc' dir='ltr'>ἐκεῖνον</span> 
     </span>
     <span class='ocr_line' id='line_1_35' title="bbox 124 2234 1148 2288; baseline 0.002 -16"><span class='ocrx_word' id='word_1_264' title='bbox 124 2235 299 2287; x_wconf 69' lang='grc' dir='ltr'>ὀφθαλμὸν</span> <span class='ocrx_word' id='word_1_265' title='bbox 329 2234 424 2272; x_wconf 81' lang='grc' dir='ltr'>οὐδέν</span> <span class='ocrx_word' id='word_1_266' title='bbox 456 2236 550 2272; x_wconf 89' lang='grc' dir='ltr'>ἐστιν</span> <span class='ocrx_word' id='word_1_267' title='bbox 586 2235 604 2274; x_wconf 86' lang='grc' dir='ltr'>ὃ</span> <span class='ocrx_word' id='word_1_268' title='bbox 632 2236 794 2273; x_wconf 88' lang='grc' dir='ltr'>λανθάνει</span> <span class='ocrx_word' id='word_1_269' title='bbox 827 2237 896 2273; x_wconf 87' lang='grc' dir='ltr'>τῶν</span> <span class='ocrx_word' id='word_1_270' title='bbox 927 2238 1012 2288; x_wconf 85' lang='grc' dir='ltr'>παρ’</span> <span class='ocrx_word' id='word_1_271' title='bbox 1047 2238 1148 2286; x_wconf 86' lang='grc' dir='ltr'>ἡμῶν</span> 
     </span>
     <span class='ocr_line' id='line_1_36' title="bbox 121 2293 1150 2347; baseline 0.004 -15"><span class='ocrx_word' id='word_1_272' title='bbox 121 2293 352 2346; x_wconf 72' lang='grc' dir='ltr'>Ι’γινομε’νιι)ν,</span> <span class='ocrx_word' id='word_1_273' title='bbox 379 2295 440 2333; x_wconf 83' lang='grc' dir='ltr'>καὶ</span> <span class='ocrx_word' id='word_1_274' title='bbox 460 2296 511 2333; x_wconf 89' lang='grc' dir='ltr'>δεῖ</span> <span class='ocrx_word' id='word_1_275' title='bbox 527 2299 628 2334; x_wconf 89' lang='grc' dir='ltr'>τοῦτο</span> <span class='ocrx_word' id='word_1_276' title='bbox 649 2298 848 2340; x_wconf 78' lang='grc' dir='ltr'>ἐννοοῦντας</span> <span class='ocrx_word' id='word_1_277' title='bbox 871 2296 962 2347; x_wconf 83' lang='grc' dir='ltr'>μετὰ</span> <span class='ocrx_word' id='word_1_278' title='bbox 977 2297 1150 2345; x_wconf 84' lang='grc' dir='ltr'>τοσαύτης</span> 
     </span>
     <span class='ocr_line' id='line_1_37' title="bbox 122 2356 1147 2410; baseline 0.001 -15"><span class='ocrx_word' id='word_1_279' title='bbox 122 2356 303 2409; x_wconf 72' lang='grc' dir='ltr'>ἀκριὸείας</span> <span class='ocrx_word' id='word_1_280' title='bbox 316 2357 374 2395; x_wconf 86' lang='grc' dir='ltr'>τὸν</span> <span class='ocrx_word' id='word_1_281' title='bbox 387 2359 518 2395; x_wconf 82' lang='grc' dir='ltr'>ἑαυτῶν</span> <span class='ocrx_word' id='word_1_282' title='bbox 534 2357 608 2409; x_wconf 89' lang='grc' dir='ltr'>βίον</span> <span class='ocrx_word' id='word_1_283' title='bbox 624 2360 831 2409; x_wconf 85' lang='grc' dir='ltr'>οἰκονομεῖν,</span> <span class='ocrx_word' id='word_1_284' title='bbox 851 2360 898 2401; x_wconf 81' lang='grc' dir='ltr'>ὡς</span> <span class='ocrx_word' id='word_1_285' title='bbox 914 2361 989 2410; x_wconf 89' lang='grc' dir='ltr'>μετ’</span> <span class='ocrx_word' id='word_1_286' title='bbox 1005 2361 1043 2398; x_wconf 81' lang='grc' dir='ltr'>οὐ</span> <span class='ocrx_word' id='word_1_287' title='bbox 1059 2358 1147 2398; x_wconf 85' lang='grc' dir='ltr'>πολὺ</span> 
     </span>
     <span class='ocr_line' id='line_1_38' title="bbox 122 2417 1148 2472; baseline 0.003 -16"><span class='ocrx_word' id='word_1_288' title='bbox 122 2417 314 2468; x_wconf 86' lang='grc' dir='ltr'>μέλλοντας</span> <span class='ocrx_word' id='word_1_289' title='bbox 332 2418 391 2457; x_wconf 76' lang='grc' dir='ltr'>καὶ</span> <span class='ocrx_word' id='word_1_290' title='bbox 415 2418 580 2471; x_wconf 70' lang='grc' dir='ltr'>ῥημάτων</span> <span class='ocrx_word' id='word_1_291' title='bbox 606 2418 666 2456; x_wconf 80' lang='grc' dir='ltr'>καὶ</span> <span class='ocrx_word' id='word_1_292' title='bbox 687 2419 848 2472; x_wconf 85' lang='grc' dir='ltr'>πράξεων</span> <span class='ocrx_word' id='word_1_293' title='bbox 867 2420 926 2458; x_wconf 81' lang='grc' dir='ltr'>καὶ</span> <span class='ocrx_word' id='word_1_294' title='bbox 945 2422 1060 2459; x_wconf 83' lang='grc' dir='ltr'>αὐτῶν</span> <span class='ocrx_word' id='word_1_295' title='bbox 1079 2423 1148 2459; x_wconf 88' lang='grc' dir='ltr'>τῶν</span> 
     </span>
     <span class='ocr_line' id='line_1_39' title="bbox 120 2479 1149 2536; baseline 0.003 -18"><span class='ocrx_word' id='word_1_296' title='bbox 120 2479 340 2530; x_wconf 77' lang='grc' dir='ltr'>ἐνθυμήσεων</span> <span class='ocrx_word' id='word_1_297' title='bbox 361 2479 502 2523; x_wconf 80' lang='grc' dir='ltr'>εὐθύνας</span> <span class='ocrx_word' id='word_1_298' title='bbox 526 2480 682 2532; x_wconf 79' lang='grc' dir='ltr'>ὑπέχειν.</span> <span class='ocrx_word' id='word_1_299' title='bbox 703 2480 764 2527; x_wconf 87' lang='grc' dir='ltr'>Μὴ</span> <span class='ocrx_word' id='word_1_300' title='bbox 790 2481 905 2519; x_wconf 89' lang='grc' dir='ltr'>τοίνυν</span> <span class='ocrx_word' id='word_1_301' title='bbox 922 2486 1149 2536; x_wconf 82' lang='grc' dir='ltr'>καταφρονῶ-</span> 
     </span>
     <span class='ocr_line' id='line_1_40' title="bbox 122 2541 1147 2596; baseline 0.005 -18"><span class='ocrx_word' id='word_1_302' title='bbox 122 2557 185 2592; x_wconf 87' lang='grc' dir='ltr'>μεν</span> <span class='ocrx_word' id='word_1_303' title='bbox 205 2544 267 2588; x_wconf 76' lang='grc' dir='ltr'>τ’ἧς</span> <span class='ocrx_word' id='word_1_304' title='bbox 294 2543 426 2579; x_wconf 81' lang='grc' dir='ltr'>ἑαυτῶν</span> <span class='ocrx_word' id='word_1_305' title='bbox 447 2541 632 2593; x_wconf 77' lang='grc' dir='ltr'>σωτηρίας.</span> <span class='ocrx_word' id='word_1_306' title='bbox 663 2542 774 2581; x_wconf 83' lang='grc' dir='ltr'>Οὐδὲν</span> <span class='ocrx_word' id='word_1_307' title='bbox 805 2542 873 2595; x_wconf 85' lang='grc' dir='ltr'>γὰρ</span> <span class='ocrx_word' id='word_1_308' title='bbox 905 2545 1030 2596; x_wconf 75' lang='grc' dir='ltr'>ἀρετῆς</span> <span class='ocrx_word' id='word_1_309' title='bbox 1060 2544 1147 2593; x_wconf 88' lang='grc' dir='ltr'>ἴσον,</span> 
     </span>
     <span class='ocr_line' id='line_1_41' title="bbox 120 2601 1146 2655; baseline 0.005 -16"><span class='ocrx_word' id='word_1_310' title='bbox 120 2602 282 2653; x_wconf 78' lang='grc' dir='ltr'>ἀγατι-ητέ</span> <span class='ocrx_word' id='word_1_311' title='bbox 295 2617 303 2625; x_wconf 90' lang='grc'><em>·</em></span> <span class='ocrx_word' id='word_1_312' title='bbox 329 2601 418 2649; x_wconf 82' lang='grc' dir='ltr'>αὕτη</span> <span class='ocrx_word' id='word_1_313' title='bbox 442 2601 509 2654; x_wconf 82' lang='grc' dir='ltr'>γὰρ</span> <span class='ocrx_word' id='word_1_314' title='bbox 530 2605 624 2652; x_wconf 80' lang='grc' dir='ltr'>ἡμᾶς</span> <span class='ocrx_word' id='word_1_315' title='bbox 643 2602 702 2640; x_wconf 84' lang='grc' dir='ltr'>καὶ</span> <span class='ocrx_word' id='word_1_316' title='bbox 730 2605 763 2641; x_wconf 86' lang='grc' dir='ltr'>ἐν</span> <span class='ocrx_word' id='word_1_317' title='bbox 788 2606 838 2655; x_wconf 84' lang='grc' dir='ltr'>τῷ</span> <span class='ocrx_word' id='word_1_318' title='bbox 864 2603 1027 2655; x_wconf 86' lang='grc' dir='ltr'>μέλλοντι</span> <span class='ocrx_word' id='word_1_319' title='bbox 1047 2608 1146 2644; x_wconf 86' lang='grc' dir='ltr'>αἰῶνι</span> 
     </span>
     <span class='ocr_line' id='line_1_42' title="bbox 118 2662 1145 2719; baseline 0.005 -19"><span class='ocrx_word' id='word_1_320' title='bbox 118 2665 181 2709; x_wconf 68' lang='grc' dir='ltr'>τῆς</span> <span class='ocrx_word' id='word_1_321' title='bbox 206 2662 345 2714; x_wconf 81' lang='grc' dir='ltr'>γεέννης</span> <span class='ocrx_word' id='word_1_322' title='bbox 367 2662 568 2715; x_wconf 81' lang='grc' dir='ltr'>ἐξαρπάζει,</span> <span class='ocrx_word' id='word_1_323' title='bbox 593 2663 651 2701; x_wconf 84' lang='grc' dir='ltr'>καὶ</span> <span class='ocrx_word' id='word_1_324' title='bbox 671 2665 734 2710; x_wconf 73' lang='grc' dir='ltr'>τῆς</span> <span class='ocrx_word' id='word_1_325' title='bbox 758 2665 938 2715; x_wconf 88' lang='grc' dir='ltr'>βασιλείας</span> <span class='ocrx_word' id='word_1_326' title='bbox 953 2669 1022 2704; x_wconf 87' lang='grc' dir='ltr'>τῶν</span> <span class='ocrx_word' id='word_1_327' title='bbox 1042 2670 1145 2719; x_wconf 82' lang='grc' dir='ltr'>οὖρα-</span> 
     </span>
     <span class='ocr_line' id='line_1_43' title="bbox 119 2724 1144 2780; baseline 0.004 -18"><span class='ocrx_word' id='word_1_328' title='bbox 119 2727 186 2762; x_wconf 86' lang='grc' dir='ltr'>νῶν</span> <span class='ocrx_word' id='word_1_329' title='bbox 203 2727 288 2775; x_wconf 83' lang='grc' dir='ltr'>ἡμῖν</span> <span class='ocrx_word' id='word_1_330' title='bbox 311 2724 375 2771; x_wconf 87' lang='grc' dir='ltr'>τὴν</span> <span class='ocrx_word' id='word_1_331' title='bbox 401 2724 594 2763; x_wconf 84' lang='grc' dir='ltr'>ἀπόλαυσιν</span> <span class='ocrx_word' id='word_1_332' title='bbox 622 2725 827 2779; x_wconf 75' lang='grc' dir='ltr'>χαρίζεται,</span> <span class='ocrx_word' id='word_1_333' title='bbox 849 2727 908 2765; x_wconf 77' lang='grc' dir='ltr'>καὶ</span> <span class='ocrx_word' id='word_1_334' title='bbox 933 2728 968 2765; x_wconf 80' lang='grc' dir='ltr'>ἐν</span> <span class='ocrx_word' id='word_1_335' title='bbox 997 2730 1048 2780; x_wconf 79' lang='grc' dir='ltr'>τῷ</span> <span class='ocrx_word' id='word_1_336' title='bbox 1073 2745 1144 2767; x_wconf 86' lang='grc' dir='ltr'>πα-</span> 
     </span>
     <span class='ocr_line' id='line_1_44' title="bbox 119 2785 1144 2840; baseline 0.005 -17"><span class='ocrx_word' id='word_1_337' title='bbox 119 2785 212 2838; x_wconf 85' lang='grc' dir='ltr'>ρόντι</span> <span class='ocrx_word' id='word_1_338' title='bbox 243 2786 308 2839; x_wconf 87' lang='grc' dir='ltr'>βίῳ</span> <span class='ocrx_word' id='word_1_339' title='bbox 337 2785 476 2824; x_wconf 91' lang='grc' dir='ltr'>πάντων</span> <span class='ocrx_word' id='word_1_340' title='bbox 508 2787 700 2839; x_wconf 82' lang='grc' dir='ltr'>ἀνωτέρους</span> <span class='ocrx_word' id='word_1_341' title='bbox 727 2787 913 2836; x_wconf 85' lang='grc' dir='ltr'>καθίστησι</span> <span class='ocrx_word' id='word_1_342' title='bbox 933 2791 1002 2827; x_wconf 90' lang='grc' dir='ltr'>τῶν</span> <span class='ocrx_word' id='word_1_343' title='bbox 1029 2790 1144 2840; x_wconf 85' lang='grc' dir='ltr'>μάτην</span> 
     </span>
     <span class='ocr_line' id='line_1_45' title="bbox 116 2846 1144 2905; baseline 0.006 -21"><span class='ocrx_word' id='word_1_344' title='bbox 116 2846 176 2884; x_wconf 76' lang='grc' dir='ltr'>καὶ</span> <span class='ocrx_word' id='word_1_345' title='bbox 192 2849 266 2899; x_wconf 83' lang='grc' dir='ltr'>εἰκῇ</span> <span class='ocrx_word' id='word_1_346' title='bbox 287 2846 522 2886; x_wconf 74' lang='grc' dir='ltr'>ἐπιὸουλεύειν</span> <span class='ocrx_word' id='word_1_347' title='bbox 549 2848 830 2901; x_wconf 79' lang='grc' dir='ltr'>ἐπιχειρούντων,</span> <span class='ocrx_word' id='word_1_348' title='bbox 848 2850 908 2888; x_wconf 77' lang='grc' dir='ltr'>καὶ</span> <span class='ocrx_word' id='word_1_349' title='bbox 923 2853 984 2889; x_wconf 80' lang='grc' dir='ltr'>οὐκ</span> <span class='ocrx_word' id='word_1_350' title='bbox 1011 2851 1144 2905; x_wconf 87' lang='grc' dir='ltr'>ἀνθρώ-</span> 
     </span>
     <span class='ocr_line' id='line_1_46' title="bbox 117 2907 1143 2961; baseline 0.008 -17"><span class='ocrx_word' id='word_1_351' title='bbox 117 2923 191 2945; x_wconf 89' lang='grc' dir='ltr'>πων</span> <span class='ocrx_word' id='word_1_352' title='bbox 217 2907 332 2958; x_wconf 85' lang='grc' dir='ltr'>μόνον,</span> <span class='ocrx_word' id='word_1_353' title='bbox 352 2907 442 2946; x_wconf 72' lang='grc' dir='ltr'>ἀλλὰ</span> <span class='ocrx_word' id='word_1_354' title='bbox 465 2908 525 2949; x_wconf 80' lang='grc' dir='ltr'>καὶ</span> <span class='ocrx_word' id='word_1_355' title='bbox 553 2911 666 2947; x_wconf 83' lang='grc' dir='ltr'>αὐτῶν</span> <span class='ocrx_word' id='word_1_356' title='bbox 692 2912 761 2948; x_wconf 91' lang='grc' dir='ltr'>τῶν</span> <span class='ocrx_word' id='word_1_357' title='bbox 788 2910 974 2961; x_wconf 84' lang='grc' dir='ltr'>δαιμόνων,</span> <span class='ocrx_word' id='word_1_358' title='bbox 1000 2912 1060 2950; x_wconf 78' lang='grc' dir='ltr'>καὶ</span> <span class='ocrx_word' id='word_1_359' title='bbox 1083 2918 1143 2952; x_wconf 90' lang='grc' dir='ltr'>τοῦ</span> 
     </span>
     <span class='ocr_line' id='line_1_47' title="bbox 116 2968 1142 3022; baseline 0.007 -16"><span class='ocrx_word' id='word_1_360' title='bbox 116 2969 240 3020; x_wconf 77' lang='grc' dir='ltr'>ἐχθροῦ</span> <span class='ocrx_word' id='word_1_361' title='bbox 273 2971 335 3015; x_wconf 67' lang='grc' dir='ltr'>τῆς</span> <span class='ocrx_word' id='word_1_362' title='bbox 363 2968 538 3021; x_wconf 86' lang='grc' dir='ltr'>σωτηρίας</span> <span class='ocrx_word' id='word_1_363' title='bbox 567 2985 630 3016; x_wconf 78' lang='grc' dir='ltr'>της</span> <span class='ocrx_word' id='word_1_364' title='bbox 662 2970 858 3022; x_wconf 76' lang='grc' dir='ltr'>ἡμετέρας,</span> <span class='ocrx_word' id='word_1_365' title='bbox 886 2976 947 3011; x_wconf 87' lang='grc' dir='ltr'>τοῦ</span> <span class='ocrx_word' id='word_1_366' title='bbox 979 2973 1142 3013; x_wconf 68' lang='grc' dir='ltr'>διαὸόλου</span> 
     </span>
     <span class='ocr_line' id='line_1_48' title="bbox 115 3029 1140 3082; baseline 0.007 -16.154"><span class='ocrx_word' id='word_1_367' title='bbox 115 3029 231 3081; x_wconf 83' lang='grc' dir='ltr'>Λέγω,</span> <span class='ocrx_word' id='word_1_368' title='bbox 255 3029 495 3081; x_wconf 67' lang='grc' dir='ltr'>ἰσχυροτέρους</span> <span class='ocrx_word' id='word_1_369' title='bbox 510 3030 757 3082; x_wconf 78' lang='grc' dir='ltr'>ἀπεργάζεται.</span> <span class='ocrx_word' id='word_1_370' title='bbox 773 3032 820 3069; x_wconf 91' lang='grc' dir='ltr'>Τί</span> <span class='ocrx_word' id='word_1_371' title='bbox 836 3036 894 3071; x_wconf 80' lang='grc' dir='ltr'>οὖν</span> <span class='ocrx_word' id='word_1_372' title='bbox 911 3033 951 3070; x_wconf 80' lang='grc' dir='ltr'>ἂν</span> <span class='ocrx_word' id='word_1_373' title='bbox 967 3033 1020 3080; x_wconf 84' lang='grc' dir='ltr'>εἴη</span> <span class='ocrx_word' id='word_1_374' title='bbox 1053 3034 1140 3073; x_wconf 82' lang='grc' dir='ltr'>ταύ-</span> 
     </span>
     <span class='ocr_line' id='line_1_49' title="bbox 114 3089 1139 3145; baseline 0.008 -19"><span class='ocrx_word' id='word_1_375' title='bbox 114 3106 175 3137; x_wconf 79' lang='grc' dir='ltr'>της</span> <span class='ocrx_word' id='word_1_376' title='bbox 191 3089 278 3135; x_wconf 86' lang='grc' dir='ltr'>ἴσον,</span> <span class='ocrx_word' id='word_1_377' title='bbox 300 3091 381 3129; x_wconf 77' lang='grc' dir='ltr'>ὅταν</span> <span class='ocrx_word' id='word_1_378' title='bbox 402 3090 451 3141; x_wconf 83' lang='grc' dir='ltr'>μὴ</span> <span class='ocrx_word' id='word_1_379' title='bbox 482 3090 583 3142; x_wconf 84' lang='grc' dir='ltr'>μόνον</span> <span class='ocrx_word' id='word_1_380' title='bbox 604 3095 673 3130; x_wconf 87' lang='grc' dir='ltr'>τῶν</span> <span class='ocrx_word' id='word_1_381' title='bbox 693 3092 885 3145; x_wconf 70' lang='grc' dir='ltr'>ἀνθρώπων</span> <span class='ocrx_word' id='word_1_382' title='bbox 907 3096 977 3132; x_wconf 90' lang='grc' dir='ltr'>τῶν</span> <span class='ocrx_word' id='word_1_383' title='bbox 994 3094 1139 3134; x_wconf 69' lang='grc' dir='ltr'>ἐπιδου-</span> 
     </span>
    </p>
   </div>
   <div class='ocr_carea' id='block_1_4' title="bbox 157 3222 1125 3375">
    <p class='ocr_par' dir='ltr' id='par_1_4' title="bbox 157 3222 1125 3375">
     <span class='ocr_line' id='line_1_50' title="bbox 157 3222 859 3272; baseline 0.006 -17"><span class='ocrx_word' id='word_1_384' title='bbox 157 3232 170 3246; x_wconf 76' lang='lat'>‘·</span> <span class='ocrx_word' id='word_1_385' title='bbox 187 3222 324 3256; x_wconf 87' lang='lat' dir='ltr'>Coislin.</span> <span class='ocrx_word' id='word_1_386' title='bbox 346 3230 398 3258; x_wconf 73' lang='grc' dir='ltr'>τοῦ</span> <span class='ocrx_word' id='word_1_387' title='bbox 414 3231 505 3266; x_wconf 69' lang='grc' dir='ltr'>πυρὸς</span> <span class='ocrx_word' id='word_1_388' title='bbox 521 3231 572 3260; x_wconf 81' lang='grc' dir='ltr'>·ιοῦ</span> <span class='ocrx_word' id='word_1_389' title='bbox 588 3230 730 3260; x_wconf 64' lang='grc' dir='ltr'>ἀσέέςτου</span> <span class='ocrx_word' id='word_1_390' title='bbox 751 3231 859 3272; x_wconf 77' lang='grc' dir='ltr'>ἐξκρπ.</span> 
     </span>
     <span class='ocr_line' id='line_1_51' title="bbox 161 3275 738 3320; baseline 0.007 -15"><span class='ocrx_word' id='word_1_391' title='bbox 161 3275 174 3293; x_wconf 83' lang='lat'>‘¹</span> <span class='ocrx_word' id='word_1_392' title='bbox 193 3275 261 3317; x_wconf 77' lang='lat' dir='ltr'>Reg</span> <span class='ocrx_word' id='word_1_393' title='bbox 266 3300 272 3306; x_wconf 87' lang='lat'><strong>.</strong></span> <span class='ocrx_word' id='word_1_394' title='bbox 292 3287 374 3307; x_wconf 88' lang='lat' dir='ltr'>unus</span> <span class='ocrx_word' id='word_1_395' title='bbox 388 3283 478 3319; x_wconf 77' lang='grc' dir='ltr'>μόνον</span> <span class='ocrx_word' id='word_1_396' title='bbox 495 3282 528 3311; x_wconf 70' lang='grc' dir='ltr'>τὸ</span> <span class='ocrx_word' id='word_1_397' title='bbox 545 3283 656 3320; x_wconf 73' lang='grc' dir='ltr'>ἀγαθὸν</span> <span class='ocrx_word' id='word_1_398' title='bbox 678 3284 738 3312; x_wconf 75' lang='grc' dir='ltr'>καί.</span> 
     </span>
     <span class='ocr_line' id='line_1_52' title="bbox 161 3327 1125 3375; baseline 0.005 -17.15"><span class='ocrx_word' id='word_1_399' title='bbox 161 3327 290 3359; x_wconf 64' lang='lat' dir='ltr'>‘Savih</span> <span class='ocrx_word' id='word_1_400' title='bbox 303 3335 336 3360; x_wconf 89' lang='lat' dir='ltr'>et</span> <span class='ocrx_word' id='word_1_401' title='bbox 352 3327 407 3360; x_wconf 73' lang='lat' dir='ltr'>atii</span> <span class='ocrx_word' id='word_1_402' title='bbox 424 3333 472 3363; x_wconf 78' lang='grc' dir='ltr'>ἔτ.</span> <span class='ocrx_word' id='word_1_403' title='bbox 461 3336 526 3375; x_wconf 76' lang='grc' dir='ltr'>ρόν</span> <span class='ocrx_word' id='word_1_404' title='bbox 541 3345 569 3364; x_wconf 84' lang='grc' dir='ltr'>τι</span> <span class='ocrx_word' id='word_1_405' title='bbox 592 3339 734 3373; x_wconf 75' lang='grc' dir='ltr'>ποιῶμεν</span> <span class='ocrx_word' id='word_1_406' title='bbox 754 3337 801 3364; x_wconf 73' lang='grc' dir='ltr'>ἅν.</span> <span class='ocrx_word' id='word_1_407' title='bbox 820 3331 901 3373; x_wconf 73' lang='lat' dir='ltr'>Reg.</span> <span class='ocrx_word' id='word_1_408' title='bbox 924 3341 1008 3363; x_wconf 91' lang='lat' dir='ltr'>unus</span> <span class='ocrx_word' id='word_1_409' title='bbox 1026 3335 1125 3364; x_wconf 54' lang='lat' dir='ltr'>&amp;reae-a</span> 
     </span>
    </p>
   </div>
   <div class='ocr_carea' id='block_1_5' title="bbox 117 3386 319 3423">
    <p class='ocr_par' dir='ltr' id='par_1_5' title="bbox 117 3386 319 3423">
     <span class='ocr_line' id='line_1_53' title="bbox 117 3386 319 3423; baseline -0.005 -9"><span class='ocrx_word' id='word_1_410' title='bbox 117 3390 230 3423; x_wconf 60' lang='lat' dir='ltr'>metm:-</span> <span class='ocrx_word' id='word_1_411' title='bbox 233 3397 257 3419; x_wconf 73' lang='grc' dir='ltr'>ν,</span> <span class='ocrx_word' id='word_1_412' title='bbox 275 3386 319 3413; x_wconf 65' lang='grc' dir='ltr'>ἄν</span> 
     </span>
    </p>
   </div>
   <div class='ocr_carea' id='block_1_6' title="bbox 1076 200 1238 231">
    <p class='ocr_par' dir='ltr' id='par_1_6' title="bbox 1076 200 1238 231">
     <span class='ocr_line' id='line_1_54' title="bbox 1076 200 1238 231; baseline 0 -1"><span class='ocrx_word' id='word_1_413' title='bbox 1076 200 1238 231; x_wconf 70' lang='lat' dir='ltr'>GENtzs.</span> 
     </span>
    </p>
   </div>
   <div class='ocr_carea' id='block_1_7' title="bbox 1277 202 1567 234">
    <p class='ocr_par' dir='ltr' id='par_1_7' title="bbox 1277 202 1567 234">
     <span class='ocr_line' id='line_1_55' title="bbox 1277 202 1567 234; baseline 0.007 -2"><span class='ocrx_word' id='word_1_414' title='bbox 1277 202 1567 234; x_wconf 77' lang='lat' dir='ltr'>110M11.V111.</span> 
     </span>
    </p>
   </div>
   <div class='ocr_carea' id='block_1_8' title="bbox 2136 216 2193 261">
    <p class='ocr_par' dir='ltr' id='par_1_8' title="bbox 2136 216 2193 261">
     <span class='ocr_line' id='line_1_56' title="bbox 2136 216 2193 261; baseline 0.035 -2"><span class='ocrx_word' id='word_1_415' title='bbox 2136 216 2193 261; x_wconf 89' lang='lat'>77</span> 
     </span>
    </p>
   </div>
   <div class='ocr_carea' id='block_1_9' title="bbox 1187 286 2196 3134">
    <p class='ocr_par' dir='ltr' id='par_1_9' title="bbox 1187 286 2196 3134">
     <span class='ocr_line' id='line_1_57' title="bbox 1187 286 2196 347; baseline 0.014 -29"><span class='ocrx_word' id='word_1_416' title='bbox 1187 289 1212 319; x_wconf 91' lang='lat' dir='ltr'>D</span> <span class='ocrx_word' id='word_1_417' title='bbox 1236 299 1358 337; x_wconf 83' lang='lat' dir='ltr'>preces</span> <span class='ocrx_word' id='word_1_418' title='bbox 1376 295 1409 324; x_wconf 89' lang='lat' dir='ltr'>et</span> <span class='ocrx_word' id='word_1_419' title='bbox 1429 286 1663 324; x_wconf 78' lang='lat' dir='ltr'><strong>consessiones</strong></span> <span class='ocrx_word' id='word_1_420' title='bbox 1675 287 1835 326; x_wconf 85' lang='lat' dir='ltr'>emittere</span> <span class='ocrx_word' id='word_1_421' title='bbox 1849 289 1936 339; x_wconf 82' lang='lat' dir='ltr'>Deo,</span> <span class='ocrx_word' id='word_1_422' title='bbox 1947 300 1980 329; x_wconf 86' lang='lat' dir='ltr'>et</span> <span class='ocrx_word' id='word_1_423' title='bbox 2000 293 2196 347; x_wconf 88' lang='lat' dir='ltr'>eleemosy-</span> 
     </span>
     <span class='ocr_line' id='line_1_58' title="bbox 1236 347 2195 403; baseline 0.01 -19"><span class='ocrx_word' id='word_1_424' title='bbox 1236 360 1364 386; x_wconf 83' lang='lat' dir='ltr'>narum</span> <span class='ocrx_word' id='word_1_425' title='bbox 1387 347 1601 400; x_wconf 74' lang='lat' dir='ltr'>auxiliopro</span> <span class='ocrx_word' id='word_1_426' title='bbox 1625 347 1764 387; x_wconf 82' lang='lat' dir='ltr'>viribus</span> <span class='ocrx_word' id='word_1_427' title='bbox 1789 349 2195 403; x_wconf 75' lang='lat' dir='ltr'>sei1)sumj1u;·=1e.lloc</span> 
     </span>
     <span class='ocr_line' id='line_1_59' title="bbox 1235 407 2193 456; baseline 0.008 -11"><span class='ocrx_word' id='word_1_428' title='bbox 1235 407 1342 456; x_wconf 87' lang='lat' dir='ltr'>enim,</span> <span class='ocrx_word' id='word_1_429' title='bbox 1359 408 1427 447; x_wconf 82' lang='lat' dir='ltr'>hoc</span> <span class='ocrx_word' id='word_1_430' title='bbox 1447 408 1655 447; x_wconf 84' lang='lat' dir='ltr'>mandatum</span> <span class='ocrx_word' id='word_1_431' title='bbox 1673 410 1829 448; x_wconf 74' lang='lat' dir='ltr'>maxime</span> <span class='ocrx_word' id='word_1_432' title='bbox 1845 411 1939 449; x_wconf 86' lang='lat' dir='ltr'>valet</span> <span class='ocrx_word' id='word_1_433' title='bbox 1958 412 2001 450; x_wconf 81' lang='lat' dir='ltr'>ad</span> <span class='ocrx_word' id='word_1_434' title='bbox 2020 414 2193 454; x_wconf 82' lang='lat' dir='ltr'>abolenda</span> 
     </span>
     <span class='ocr_line' id='line_1_60' title="bbox 1234 471 2195 525; baseline 0.007 -18"><span class='ocrx_word' id='word_1_435' title='bbox 1234 479 1377 522; x_wconf 82' lang='lat' dir='ltr'>peecata</span> <span class='ocrx_word' id='word_1_436' title='bbox 1405 480 1524 509; x_wconf 87' lang='lat' dir='ltr'>nostra</span> <span class='ocrx_word' id='word_1_437' title='bbox 1549 471 1682 521; x_wconf 87' lang='lat' dir='ltr'>omnia,</span> <span class='ocrx_word' id='word_1_438' title='bbox 1704 480 1737 510; x_wconf 89' lang='lat' dir='ltr'>et</span> <span class='ocrx_word' id='word_1_439' title='bbox 1764 471 1809 509; x_wconf 82' lang='lat' dir='ltr'>ad</span> <span class='ocrx_word' id='word_1_440' title='bbox 1836 473 2037 525; x_wconf 85' lang='lat' dir='ltr'>eripiendos</span> <span class='ocrx_word' id='word_1_441' title='bbox 2064 489 2126 513; x_wconf 90' lang='lat' dir='ltr'>nos</span> <span class='ocrx_word' id='word_1_442' title='bbox 2151 491 2195 514; x_wconf 73' lang='lat' dir='ltr'>ex</span> 
     </span>
     <span class='ocr_line' id='line_1_61' title="bbox 1235 531 2191 584; baseline 0.007 -17"><span class='ocrx_word' id='word_1_443' title='bbox 1235 531 1402 580; x_wconf 64' lang='lat' dir='ltr'>gehenna*</span> <span class='ocrx_word' id='word_1_444' title='bbox 1425 532 1517 583; x_wconf 78' lang='lat' dir='ltr'>igne,</span> <span class='ocrx_word' id='word_1_445' title='bbox 1533 531 1639 570; x_wconf 90' lang='lat' dir='ltr'>modo</span> <span class='ocrx_word' id='word_1_446' title='bbox 1654 532 1773 584; x_wconf 85' lang='lat' dir='ltr'>ipsum</span> <span class='ocrx_word' id='word_1_447' title='bbox 1785 533 1996 584; x_wconf 76' lang='lat' dir='ltr'>liberaliter,</span> <span class='ocrx_word' id='word_1_448' title='bbox 2013 544 2045 572; x_wconf 89' lang='lat' dir='ltr'>et</span> <span class='ocrx_word' id='word_1_449' title='bbox 2064 549 2131 574; x_wconf 90' lang='lat' dir='ltr'>non</span> <span class='ocrx_word' id='word_1_450' title='bbox 2147 537 2191 575; x_wconf 85' lang='lat' dir='ltr'>ad</span> 
     </span>
     <span class='ocr_line' id='line_1_62' title="bbox 1234 592 2195 647; baseline 0.008 -20"><span class='ocrx_word' id='word_1_451' title='bbox 1234 593 1502 630; x_wconf 73' lang='lat' dir='ltr'>ostentationem</span> <span class='ocrx_word' id='word_1_452' title='bbox 1536 592 1724 631; x_wconf 85' lang='lat' dir='ltr'>hominum</span> <span class='ocrx_word' id='word_1_453' title='bbox 1756 608 2004 645; x_wconf 83' lang='lat' dir='ltr'>exsequamur.</span> <span class='ocrx_word' id='word_1_454' title='bbox 2036 595 2082 634; x_wconf 85' lang='lat' dir='ltr'>Et</span> <span class='ocrx_word' id='word_1_455' title='bbox 2107 597 2195 647; x_wconf 85' lang='lat' dir='ltr'>quid</span> 
     </span>
     <span class='ocr_line' id='line_1_63' title="bbox 1233 651 2193 711; baseline 0.009 -24"><span class='ocrx_word' id='word_1_456' title='bbox 1233 651 1328 695; x_wconf 79' lang='lat' dir='ltr'>diro,</span> <span class='ocrx_word' id='word_1_457' title='bbox 1352 667 1420 691; x_wconf 91' lang='lat' dir='ltr'>non</span> <span class='ocrx_word' id='word_1_458' title='bbox 1441 653 1487 691; x_wconf 83' lang='lat' dir='ltr'>ad</span> <span class='ocrx_word' id='word_1_459' title='bbox 1506 654 1800 693; x_wconf 72' lang='lat' dir='ltr'>ostentationem?</span> <span class='ocrx_word' id='word_1_460' title='bbox 1821 656 1912 693; x_wconf 80' lang='lat' dir='ltr'>Nam</span> <span class='ocrx_word' id='word_1_461' title='bbox 1932 657 1961 694; x_wconf 91' lang='lat' dir='ltr'>si</span> <span class='ocrx_word' id='word_1_462' title='bbox 1982 667 2074 695; x_wconf 88' lang='lat' dir='ltr'>recte</span> <span class='ocrx_word' id='word_1_463' title='bbox 2094 658 2193 711; x_wconf 83' lang='lat' dir='ltr'>sapi—</span> 
     </span>
     <span class='ocr_line' id='line_1_64' title="bbox 1235 711 2193 765; baseline 0.009 -20"><span class='ocrx_word' id='word_1_464' title='bbox 1235 723 1328 756; x_wconf 84' lang='lat' dir='ltr'>mus,</span> <span class='ocrx_word' id='word_1_465' title='bbox 1351 711 1396 747; x_wconf 87' lang='lat' dir='ltr'>ob</span> <span class='ocrx_word' id='word_1_466' title='bbox 1428 711 1495 748; x_wconf 87' lang='lat' dir='ltr'>hoc</span> <span class='ocrx_word' id='word_1_467' title='bbox 1521 712 1637 749; x_wconf 90' lang='lat' dir='ltr'>solum</span> <span class='ocrx_word' id='word_1_468' title='bbox 1662 712 1759 763; x_wconf 86' lang='lat' dir='ltr'>quod</span> <span class='ocrx_word' id='word_1_469' title='bbox 1786 713 1878 752; x_wconf 87' lang='lat' dir='ltr'>bona</span> <span class='ocrx_word' id='word_1_470' title='bbox 1910 729 1964 752; x_wconf 85' lang='lat' dir='ltr'>res</span> <span class='ocrx_word' id='word_1_471' title='bbox 1991 715 2060 765; x_wconf 88' lang='lat' dir='ltr'>sit,</span> <span class='ocrx_word' id='word_1_472' title='bbox 2083 725 2117 754; x_wconf 89' lang='lat' dir='ltr'>et</span> <span class='ocrx_word' id='word_1_473' title='bbox 2146 717 2193 754; x_wconf 92' lang='lat' dir='ltr'>ob</span> 
     </span>
     <span class='ocr_line' id='line_1_65' title="bbox 1233 769 2195 822; baseline 0.009 -17"><span class='ocrx_word' id='word_1_474' title='bbox 1233 769 1578 808; x_wconf 81' lang='lat' dir='ltr'>commiserationem</span> <span class='ocrx_word' id='word_1_475' title='bbox 1611 771 1646 808; x_wconf 91' lang='lat' dir='ltr'>in</span> <span class='ocrx_word' id='word_1_476' title='bbox 1678 771 1871 822; x_wconf 84' lang='lat' dir='ltr'>proximos,</span> <span class='ocrx_word' id='word_1_477' title='bbox 1897 773 2067 813; x_wconf 83' lang='lat' dir='ltr'>virtutem</span> <span class='ocrx_word' id='word_1_478' title='bbox 2103 775 2195 814; x_wconf 85' lang='lat' dir='ltr'>hanc</span> 
     </span>
     <span class='ocr_line' id='line_1_66' title="bbox 1233 831 2193 884; baseline 0.008 -17"><span class='ocrx_word' id='word_1_479' title='bbox 1233 843 1397 867; x_wconf 82' lang='lat' dir='ltr'>exercere</span> <span class='ocrx_word' id='word_1_480' title='bbox 1419 831 1609 882; x_wconf 80' lang='lat' dir='ltr'>oportebit,</span> <span class='ocrx_word' id='word_1_481' title='bbox 1627 845 1694 868; x_wconf 91' lang='lat' dir='ltr'>non</span> <span class='ocrx_word' id='word_1_482' title='bbox 1716 832 1762 869; x_wconf 92' lang='lat' dir='ltr'>ob</span> <span class='ocrx_word' id='word_1_483' title='bbox 1786 833 1978 884; x_wconf 80' lang='lat' dir='ltr'>promissas</span> <span class='ocrx_word' id='word_1_484' title='bbox 1997 851 2017 873; x_wconf 83' lang='lat' dir='ltr'>a</span> <span class='ocrx_word' id='word_1_485' title='bbox 2037 837 2193 875; x_wconf 90' lang='lat' dir='ltr'>Domino</span> 
     </span>
     <span class='ocr_line' id='line_1_67' title="bbox 1234 890 2191 942; baseline 0.008 -14"><span class='ocrx_word' id='word_1_486' title='bbox 1234 890 1421 930; x_wconf 78' lang='lat' dir='ltr'>mercedes.</span> <span class='ocrx_word' id='word_1_487' title='bbox 1434 893 1572 930; x_wconf 86' lang='lat' dir='ltr'>Verum</span> <span class='ocrx_word' id='word_1_488' title='bbox 1593 891 1738 942; x_wconf 84' lang='lat' dir='ltr'>quando</span> <span class='ocrx_word' id='word_1_489' title='bbox 1753 892 1798 929; x_wconf 85' lang='lat' dir='ltr'>ad</span> <span class='ocrx_word' id='word_1_490' title='bbox 1818 893 1909 930; x_wconf 84' lang='lat' dir='ltr'>nihil</span> <span class='ocrx_word' id='word_1_491' title='bbox 1923 895 2077 933; x_wconf 88' lang='lat' dir='ltr'>sublime</span> <span class='ocrx_word' id='word_1_492' title='bbox 2093 911 2191 936; x_wconf 90' lang='lat' dir='ltr'>men-</span> 
     </span>
     <span class='ocr_line' id='line_1_68' title="bbox 1232 953 2190 1009; baseline 0.007 -19"><span class='ocrx_word' id='word_1_493' title='bbox 1232 961 1304 990; x_wconf 88' lang='lat' dir='ltr'>tem</span> <span class='ocrx_word' id='word_1_494' title='bbox 1317 953 1478 991; x_wconf 82' lang='lat' dir='ltr'>attollere</span> <span class='ocrx_word' id='word_1_495' title='bbox 1488 953 1660 999; x_wconf 79' lang='lat' dir='ltr'>valemus,</span> <span class='ocrx_word' id='word_1_496' title='bbox 1672 953 1729 992; x_wconf 83' lang='lat' dir='ltr'>vel</span> <span class='ocrx_word' id='word_1_497' title='bbox 1741 954 1787 991; x_wconf 92' lang='lat' dir='ltr'>ob</span> <span class='ocrx_word' id='word_1_498' title='bbox 1804 954 1895 992; x_wconf 88' lang='lat' dir='ltr'>illud</span> <span class='ocrx_word' id='word_1_499' title='bbox 1908 955 2026 1007; x_wconf 86' lang='lat' dir='ltr'>ipsum</span> <span class='ocrx_word' id='word_1_500' title='bbox 2044 956 2190 1009; x_wconf 83' lang='lat' dir='ltr'>benigni</span> 
     </span>
     <span class='ocr_line' id='line_1_69' title="bbox 1232 1013 2191 1069; baseline 0.005 -18"><span class='ocrx_word' id='word_1_501' title='bbox 1232 1013 1355 1062; x_wconf 86' lang='lat' dir='ltr'>simus,</span> <span class='ocrx_word' id='word_1_502' title='bbox 1376 1013 1513 1052; x_wconf 85' lang='lat' dir='ltr'>nullam</span> <span class='ocrx_word' id='word_1_503' title='bbox 1533 1014 1578 1052; x_wconf 87' lang='lat' dir='ltr'>ab</span> <span class='ocrx_word' id='word_1_504' title='bbox 1607 1013 1814 1053; x_wconf 86' lang='lat' dir='ltr'>hominibus</span> <span class='ocrx_word' id='word_1_505' title='bbox 1833 1025 2002 1054; x_wconf 84' lang='lat' dir='ltr'>venantes</span> <span class='ocrx_word' id='word_1_506' title='bbox 2026 1017 2191 1069; x_wconf 79' lang='lat' dir='ltr'>gloriam,</span> 
     </span>
     <span class='ocr_line' id='line_1_70' title="bbox 1231 1072 2192 1129; baseline 0.009 -21"><span class='ocrx_word' id='word_1_507' title='bbox 1231 1080 1271 1109; x_wconf 90' lang='lat' dir='ltr'>ut</span> <span class='ocrx_word' id='word_1_508' title='bbox 1301 1086 1345 1109; x_wconf 90' lang='lat' dir='ltr'>nc</span> <span class='ocrx_word' id='word_1_509' title='bbox 1374 1080 1408 1110; x_wconf 83' lang='lat' dir='ltr'>et</span> <span class='ocrx_word' id='word_1_510' title='bbox 1436 1081 1575 1110; x_wconf 83' lang='lat' dir='ltr'>sumtus</span> <span class='ocrx_word' id='word_1_511' title='bbox 1599 1072 1790 1122; x_wconf 81' lang='lat' dir='ltr'>faciamus,</span> <span class='ocrx_word' id='word_1_512' title='bbox 1813 1082 1847 1111; x_wconf 93' lang='lat' dir='ltr'>et</span> <span class='ocrx_word' id='word_1_513' title='bbox 1870 1075 2032 1114; x_wconf 85' lang='lat' dir='ltr'>mercede</span> <span class='ocrx_word' id='word_1_514' title='bbox 2058 1078 2192 1129; x_wconf 86' lang='lat' dir='ltr'>pariter</span> 
     </span>
     <span class='ocr_line' id='line_1_71' title="bbox 1230 1133 2190 1192; baseline 0.007 -21"><span class='ocrx_word' id='word_1_515' title='bbox 1230 1133 1427 1186; x_wconf 77' lang='lat' dir='ltr'>privemur.</span> <span class='ocrx_word' id='word_1_516' title='bbox 1449 1133 1493 1172; x_wconf 88' lang='lat' dir='ltr'>Id</span> <span class='ocrx_word' id='word_1_517' title='bbox 1519 1134 1616 1186; x_wconf 86' lang='lat' dir='ltr'>quod</span> <span class='ocrx_word' id='word_1_518' title='bbox 1644 1149 1712 1173; x_wconf 90' lang='lat' dir='ltr'>non</span> <span class='ocrx_word' id='word_1_519' title='bbox 1744 1135 1859 1174; x_wconf 89' lang='lat' dir='ltr'>solum</span> <span class='ocrx_word' id='word_1_520' title='bbox 1887 1135 1923 1174; x_wconf 87' lang='lat' dir='ltr'>in</span> <span class='ocrx_word' id='word_1_521' title='bbox 1953 1137 2190 1192; x_wconf 80' lang='lat' dir='ltr'>eleemosyna,</span> 
     </span>
     <span class='ocr_line' id='line_1_72' title="bbox 1229 1194 2190 1250; baseline 0.007 -17"><span class='ocrx_word' id='word_1_522' title='bbox 1229 1194 1291 1233; x_wconf 89' lang='lat' dir='ltr'>sed</span> <span class='ocrx_word' id='word_1_523' title='bbox 1307 1196 1342 1234; x_wconf 88' lang='lat' dir='ltr'>in</span> <span class='ocrx_word' id='word_1_524' title='bbox 1357 1210 1571 1247; x_wconf 86' lang='lat' dir='ltr'>unoquoque</span> <span class='ocrx_word' id='word_1_525' title='bbox 1583 1197 1676 1234; x_wconf 91' lang='lat' dir='ltr'>bono</span> <span class='ocrx_word' id='word_1_526' title='bbox 1693 1210 1798 1249; x_wconf 87' lang='lat' dir='ltr'>opere</span> <span class='ocrx_word' id='word_1_527' title='bbox 1814 1197 1993 1250; x_wconf 83' lang='lat' dir='ltr'>spirituali</span> <span class='ocrx_word' id='word_1_528' title='bbox 2007 1200 2190 1240; x_wconf 83' lang='lat' dir='ltr'>attenden-</span> 
     </span>
     <span class='ocr_line' id='line_1_73' title="bbox 1229 1255 2190 1314; baseline 0.007 -20"><span class='ocrx_word' id='word_1_529' title='bbox 1229 1255 1330 1306; x_wconf 90' lang='lat' dir='ltr'>dum,</span> <span class='ocrx_word' id='word_1_530' title='bbox 1350 1267 1390 1295; x_wconf 86' lang='lat' dir='ltr'>ut</span> <span class='ocrx_word' id='word_1_531' title='bbox 1412 1258 1503 1296; x_wconf 82' lang='lat' dir='ltr'>nihil</span> <span class='ocrx_word' id='word_1_532' title='bbox 1521 1257 1567 1296; x_wconf 86' lang='lat' dir='ltr'>ad</span> <span class='ocrx_word' id='word_1_533' title='bbox 1586 1257 1774 1296; x_wconf 89' lang='lat' dir='ltr'>hominum</span> <span class='ocrx_word' id='word_1_534' title='bbox 1791 1260 1969 1311; x_wconf 72' lang='lat' dir='ltr'>praeconia</span> <span class='ocrx_word' id='word_1_535' title='bbox 1998 1262 2190 1314; x_wconf 83' lang='lat' dir='ltr'>respicien-</span> 
     </span>
     <span class='ocr_line' id='line_1_74' title="bbox 1228 1318 2189 1373; baseline 0.006 -17"><span class='ocrx_word' id='word_1_536' title='bbox 1228 1327 1280 1356; x_wconf 91' lang='lat' dir='ltr'>tes</span> <span class='ocrx_word' id='word_1_537' title='bbox 1302 1318 1474 1357; x_wconf 80' lang='lat' dir='ltr'>faciamus</span> <span class='ocrx_word' id='word_1_538' title='bbox 1495 1335 1503 1355; x_wconf 91' lang='lat'><strong>:</strong></span> <span class='ocrx_word' id='word_1_539' title='bbox 1524 1319 1683 1370; x_wconf 86' lang='lat' dir='ltr'>alioquin</span> <span class='ocrx_word' id='word_1_540' title='bbox 1704 1319 1802 1357; x_wconf 87' lang='lat' dir='ltr'>nulla</span> <span class='ocrx_word' id='word_1_541' title='bbox 1825 1320 1927 1359; x_wconf 88' lang='lat' dir='ltr'>nobis</span> <span class='ocrx_word' id='word_1_542' title='bbox 1956 1321 2092 1360; x_wconf 85' lang='lat' dir='ltr'>utilitas</span> <span class='ocrx_word' id='word_1_543' title='bbox 2111 1324 2189 1373; x_wconf 89' lang='lat' dir='ltr'>erit,</span> 
     </span>
     <span class='ocr_line' id='line_1_75' title="bbox 1228 1379 2189 1434; baseline 0.006 -17"><span class='ocrx_word' id='word_1_544' title='bbox 1228 1379 1304 1418; x_wconf 80' lang='lat' dir='ltr'>sive</span> <span class='ocrx_word' id='word_1_545' title='bbox 1317 1380 1532 1432; x_wconf 84' lang='lat' dir='ltr'>jejunemus,</span> <span class='ocrx_word' id='word_1_546' title='bbox 1556 1381 1631 1419; x_wconf 91' lang='lat' dir='ltr'>sive</span> <span class='ocrx_word' id='word_1_547' title='bbox 1646 1395 1843 1433; x_wconf 87' lang='lat' dir='ltr'>precemur,</span> <span class='ocrx_word' id='word_1_548' title='bbox 1856 1382 1932 1420; x_wconf 85' lang='lat' dir='ltr'>sive</span> <span class='ocrx_word' id='word_1_549' title='bbox 1946 1383 2189 1434; x_wconf 83' lang='lat' dir='ltr'>misereamur,</span> 
     </span>
     <span class='ocr_line' id='line_1_76' title="bbox 1228 1434 2189 1498; baseline 0.007 -20"><span class='ocrx_word' id='word_1_550' title='bbox 1228 1439 1305 1479; x_wconf 83' lang='lat' dir='ltr'>sive</span> <span class='ocrx_word' id='word_1_551' title='bbox 1326 1441 1472 1492; x_wconf 89' lang='lat' dir='ltr'>quidvis</span> <span class='ocrx_word' id='word_1_552' title='bbox 1498 1442 1600 1480; x_wconf 80' lang='lat' dir='ltr'>aliud</span> <span class='ocrx_word' id='word_1_553' title='bbox 1625 1434 1811 1491; x_wconf 84' lang='lat' dir='ltr'>faciamus,</span> <span class='ocrx_word' id='word_1_554' title='bbox 1832 1443 1898 1481; x_wconf 89' lang='lat' dir='ltr'>nisi</span> <span class='ocrx_word' id='word_1_555' title='bbox 1918 1455 2066 1498; x_wconf 88' lang='lat' dir='ltr'>propter</span> <span class='ocrx_word' id='word_1_556' title='bbox 2085 1446 2189 1485; x_wconf 88' lang='lat' dir='ltr'>illum</span> 
     </span>
     <span class='ocr_line' id='line_1_77' title="bbox 1229 1501 2187 1558; baseline 0.007 -19"><span class='ocrx_word' id='word_1_557' title='bbox 1229 1501 1345 1540; x_wconf 91' lang='lat' dir='ltr'>solum</span> <span class='ocrx_word' id='word_1_558' title='bbox 1363 1503 1462 1552; x_wconf 85' lang='lat' dir='ltr'>fiant,</span> <span class='ocrx_word' id='word_1_559' title='bbox 1482 1503 1545 1554; x_wconf 92' lang='lat' dir='ltr'>qui</span> <span class='ocrx_word' id='word_1_560' title='bbox 1566 1504 1666 1543; x_wconf 90' lang='lat' dir='ltr'>novit</span> <span class='ocrx_word' id='word_1_561' title='bbox 1689 1513 1723 1542; x_wconf 92' lang='lat' dir='ltr'>et</span> <span class='ocrx_word' id='word_1_562' title='bbox 1747 1504 1972 1555; x_wconf 84' lang='lat' dir='ltr'>abscondita,</span> <span class='ocrx_word' id='word_1_563' title='bbox 1993 1515 2025 1544; x_wconf 91' lang='lat' dir='ltr'>et</span> <span class='ocrx_word' id='word_1_564' title='bbox 2050 1522 2128 1558; x_wconf 83' lang='lat' dir='ltr'>quae</span> <span class='ocrx_word' id='word_1_565' title='bbox 2153 1509 2187 1547; x_wconf 92' lang='lat' dir='ltr'>in</span> 
     </span>
     <span class='ocr_line' id='line_1_78' title="bbox 1228 1563 2189 1614; baseline 0.007 -14"><span class='ocrx_word' id='word_1_566' title='bbox 1228 1563 1408 1614; x_wconf 84' lang='lat' dir='ltr'>profundo</span> <span class='ocrx_word' id='word_1_567' title='bbox 1426 1564 1555 1603; x_wconf 87' lang='lat' dir='ltr'>mentis</span> <span class='ocrx_word' id='word_1_568' title='bbox 1573 1574 1656 1603; x_wconf 90' lang='lat' dir='ltr'>sunt</span> <span class='ocrx_word' id='word_1_569' title='bbox 1676 1565 1872 1604; x_wconf 87' lang='lat' dir='ltr'>recondita.</span> <span class='ocrx_word' id='word_1_570' title='bbox 1898 1567 1992 1604; x_wconf 83' lang='lat' dir='ltr'>Nam</span> <span class='ocrx_word' id='word_1_571' title='bbox 2015 1567 2044 1606; x_wconf 90' lang='lat' dir='ltr'>si</span> <span class='ocrx_word' id='word_1_572' title='bbox 2065 1568 2110 1606; x_wconf 85' lang='lat' dir='ltr'>ab</span> <span class='ocrx_word' id='word_1_573' title='bbox 2127 1569 2189 1607; x_wconf 89' lang='lat' dir='ltr'>illo</span> 
     </span>
     <span class='ocr_line' id='line_1_79' title="bbox 1229 1624 2188 1680; baseline 0.007 -19"><span class='ocrx_word' id='word_1_574' title='bbox 1229 1624 1377 1676; x_wconf 81' lang='lat' dir='ltr'>praemia</span> <span class='ocrx_word' id='word_1_575' title='bbox 1403 1635 1600 1678; x_wconf 78' lang='lat' dir='ltr'>exspectas,</span> <span class='ocrx_word' id='word_1_576' title='bbox 1622 1626 1762 1676; x_wconf 88' lang='lat' dir='ltr'>dilecte,</span> <span class='ocrx_word' id='word_1_577' title='bbox 1783 1628 1886 1680; x_wconf 86' lang='lat' dir='ltr'>eujus</span> <span class='ocrx_word' id='word_1_578' title='bbox 1911 1629 2025 1680; x_wconf 83' lang='lat' dir='ltr'>gratia</span> <span class='ocrx_word' id='word_1_579' title='bbox 2051 1629 2098 1667; x_wconf 81' lang='lat' dir='ltr'>ab</span> <span class='ocrx_word' id='word_1_580' title='bbox 2125 1630 2188 1669; x_wconf 86' lang='lat' dir='ltr'>illo</span> 
     </span>
     <span class='ocr_line' id='line_1_80' title="bbox 1229 1686 2188 1739; baseline 0.009 -17"><span class='ocrx_word' id='word_1_581' title='bbox 1229 1686 1291 1737; x_wconf 90' lang='lat' dir='ltr'>qui</span> <span class='ocrx_word' id='word_1_582' title='bbox 1311 1695 1437 1725; x_wconf 86' lang='lat' dir='ltr'>natura</span> <span class='ocrx_word' id='word_1_583' title='bbox 1457 1687 1523 1725; x_wconf 81' lang='lat' dir='ltr'>tibi</span> <span class='ocrx_word' id='word_1_584' title='bbox 1545 1697 1716 1739; x_wconf 80' lang='lat' dir='ltr'>cognatus</span> <span class='ocrx_word' id='word_1_585' title='bbox 1741 1698 1804 1737; x_wconf 88' lang='lat' dir='ltr'>est,</span> <span class='ocrx_word' id='word_1_586' title='bbox 1823 1689 1967 1728; x_wconf 84' lang='lat' dir='ltr'>laudari</span> <span class='ocrx_word' id='word_1_587' title='bbox 1984 1690 2069 1729; x_wconf 73' lang='lat' dir='ltr'>vis?</span> <span class='ocrx_word' id='word_1_588' title='bbox 2089 1691 2188 1738; x_wconf 85' lang='lat' dir='ltr'>Quid</span> 
     </span>
     <span class='ocr_line' id='line_1_81' title="bbox 1229 1749 2184 1804; baseline 0.008 -17"><span class='ocrx_word' id='word_1_589' title='bbox 1229 1749 1310 1788; x_wconf 88' lang='lat' dir='ltr'>dico</span> <span class='ocrx_word' id='word_1_590' title='bbox 1326 1750 1494 1789; x_wconf 79' lang='lat' dir='ltr'>laudari?</span> <span class='ocrx_word' id='word_1_591' title='bbox 1511 1766 1602 1804; x_wconf 82' lang='lat' dir='ltr'>saepe</span> <span class='ocrx_word' id='word_1_592' title='bbox 1618 1752 1649 1790; x_wconf 90' lang='lat' dir='ltr'>is</span> <span class='ocrx_word' id='word_1_593' title='bbox 1668 1767 1737 1791; x_wconf 90' lang='lat' dir='ltr'>non</span> <span class='ocrx_word' id='word_1_594' title='bbox 1754 1753 1890 1802; x_wconf 81' lang='lat' dir='ltr'>laudat,</span> <span class='ocrx_word' id='word_1_595' title='bbox 1907 1754 1967 1792; x_wconf 91' lang='lat' dir='ltr'>sed</span> <span class='ocrx_word' id='word_1_596' title='bbox 1986 1765 2020 1793; x_wconf 88' lang='lat' dir='ltr'>et</span> <span class='ocrx_word' id='word_1_597' title='bbox 2036 1756 2184 1795; x_wconf 78' lang='lat' dir='ltr'>invidet.</span> 
     </span>
     <span class='ocr_line' id='line_1_82' title="bbox 1229 1811 2185 1868; baseline 0.008 -21"><span class='ocrx_word' id='word_1_598' title='bbox 1229 1811 1321 1848; x_wconf 87' lang='lat' dir='ltr'>Sunt</span> <span class='ocrx_word' id='word_1_599' title='bbox 1339 1811 1433 1849; x_wconf 91' lang='lat' dir='ltr'>enim</span> <span class='ocrx_word' id='word_1_600' title='bbox 1451 1811 1556 1849; x_wconf 87' lang='lat' dir='ltr'>multi</span> <span class='ocrx_word' id='word_1_601' title='bbox 1585 1812 1633 1850; x_wconf 85' lang='lat' dir='ltr'>ita</span> <span class='ocrx_word' id='word_1_602' title='bbox 1651 1813 1743 1851; x_wconf 87' lang='lat' dir='ltr'>male</span> <span class='ocrx_word' id='word_1_603' title='bbox 1767 1814 1901 1865; x_wconf 83' lang='lat' dir='ltr'>affecti,</span> <span class='ocrx_word' id='word_1_604' title='bbox 1924 1824 1962 1853; x_wconf 88' lang='lat' dir='ltr'>ut</span> <span class='ocrx_word' id='word_1_605' title='bbox 1987 1825 2020 1854; x_wconf 88' lang='lat' dir='ltr'>et</span> <span class='ocrx_word' id='word_1_606' title='bbox 2039 1830 2078 1854; x_wconf 85' lang='lat' dir='ltr'>ea</span> <span class='ocrx_word' id='word_1_607' title='bbox 2106 1832 2185 1868; x_wconf 83' lang='lat' dir='ltr'>quae</span> 
     </span>
     <span class='ocr_line' id='line_1_83' title="bbox 1228 1871 2185 1929; baseline 0.006 -20"><span class='ocrx_word' id='word_1_608' title='bbox 1228 1871 1317 1910; x_wconf 88' lang='lat' dir='ltr'>bene</span> <span class='ocrx_word' id='word_1_609' title='bbox 1330 1886 1349 1909; x_wconf 82' lang='lat' dir='ltr'>a</span> <span class='ocrx_word' id='word_1_610' title='bbox 1365 1872 1468 1910; x_wconf 89' lang='lat' dir='ltr'>nobis</span> <span class='ocrx_word' id='word_1_611' title='bbox 1480 1882 1646 1924; x_wconf 82' lang='lat' dir='ltr'>aguntur,</span> <span class='ocrx_word' id='word_1_612' title='bbox 1662 1873 1697 1911; x_wconf 90' lang='lat' dir='ltr'>in</span> <span class='ocrx_word' id='word_1_613' title='bbox 1715 1875 1934 1913; x_wconf 87' lang='lat' dir='ltr'>contrarium</span> <span class='ocrx_word' id='word_1_614' title='bbox 1951 1875 2185 1929; x_wconf 84' lang='lat' dir='ltr'>interpreten-</span> 
     </span>
     <span class='ocr_line' id='line_1_84' title="bbox 1227 1933 2185 1989; baseline 0.006 -20"><span class='ocrx_word' id='word_1_615' title='bbox 1227 1939 1298 1970; x_wconf 86' lang='lat' dir='ltr'>tur.</span> <span class='ocrx_word' id='word_1_616' title='bbox 1320 1933 1431 1985; x_wconf 87' lang='lat' dir='ltr'>Cujus</span> <span class='ocrx_word' id='word_1_617' title='bbox 1446 1933 1556 1984; x_wconf 85' lang='lat' dir='ltr'>igitu&#39;r</span> <span class='ocrx_word' id='word_1_618' title='bbox 1570 1933 1695 1984; x_wconf 86' lang='lat' dir='ltr'>gratia,</span> <span class='ocrx_word' id='word_1_619' title='bbox 1715 1933 1785 1983; x_wconf 86' lang='lat' dir='ltr'>dic,</span> <span class='ocrx_word' id='word_1_620' title='bbox 1803 1935 1961 1984; x_wconf 89' lang='lat' dir='ltr'>obsecro,</span> <span class='ocrx_word' id='word_1_621' title='bbox 1978 1951 2185 1989; x_wconf 82' lang='lat' dir='ltr'>perversum</span> 
     </span>
     <span class='ocr_line' id='line_1_85' title="bbox 1226 1992 2184 2051; baseline 0.006 -21"><span class='ocrx_word' id='word_1_622' title='bbox 1226 1992 1483 2046; x_wconf 86' lang='lat' dir='ltr'>hocjudicium</span> <span class='ocrx_word' id='word_1_623' title='bbox 1505 1994 1595 2032; x_wconf 86' lang='lat' dir='ltr'>tanti</span> <span class='ocrx_word' id='word_1_624' title='bbox 1607 1994 1930 2048; x_wconf 74' lang='lat' dir='ltr'>facis?Insopitum</span> <span class='ocrx_word' id='word_1_625' title='bbox 1941 1997 2039 2034; x_wconf 90' lang='lat' dir='ltr'>enim</span> <span class='ocrx_word' id='word_1_626' title='bbox 2055 2006 2087 2035; x_wconf 92' lang='lat' dir='ltr'>et</span> <span class='ocrx_word' id='word_1_627' title='bbox 2103 2013 2184 2051; x_wconf 89' lang='lat' dir='ltr'>per-</span> 
     </span>
     <span class='ocr_line' id='line_1_86' title="bbox 1226 2054 2179 2109; baseline 0.007 -18"><span class='ocrx_word' id='word_1_628' title='bbox 1226 2063 1333 2106; x_wconf 90' lang='lat' dir='ltr'>petuo</span> <span class='ocrx_word' id='word_1_629' title='bbox 1354 2054 1501 2105; x_wconf 80' lang='lat' dir='ltr'>vigilem</span> <span class='ocrx_word' id='word_1_630' title='bbox 1517 2055 1620 2092; x_wconf 89' lang='lat' dir='ltr'>illum</span> <span class='ocrx_word' id='word_1_631' title='bbox 1644 2055 1789 2093; x_wconf 86' lang='lat' dir='ltr'>oculum</span> <span class='ocrx_word' id='word_1_632' title='bbox 1810 2056 1901 2094; x_wconf 90' lang='lat' dir='ltr'>nihil</span> <span class='ocrx_word' id='word_1_633' title='bbox 1919 2071 2043 2096; x_wconf 90' lang='lat' dir='ltr'>eorum</span> <span class='ocrx_word' id='word_1_634' title='bbox 2059 2074 2139 2109; x_wconf 81' lang='lat' dir='ltr'>quae</span> <span class='ocrx_word' id='word_1_635' title='bbox 2159 2075 2179 2098; x_wconf 83' lang='lat' dir='ltr'>a</span> 
     </span>
     <span class='ocr_line' id='line_1_87' title="bbox 1225 2115 2185 2171; baseline 0.007 -20"><span class='ocrx_word' id='word_1_636' title='bbox 1225 2115 1327 2152; x_wconf 86' lang='lat' dir='ltr'>nobis</span> <span class='ocrx_word' id='word_1_637' title='bbox 1347 2115 1438 2152; x_wconf 85' lang='lat' dir='ltr'>fiunt</span> <span class='ocrx_word' id='word_1_638' title='bbox 1453 2115 1562 2152; x_wconf 80' lang='lat' dir='ltr'>latere</span> <span class='ocrx_word' id='word_1_639' title='bbox 1577 2124 1704 2167; x_wconf 86' lang='lat' dir='ltr'>potest,</span> <span class='ocrx_word' id='word_1_640' title='bbox 1720 2125 1754 2153; x_wconf 90' lang='lat' dir='ltr'>et</span> <span class='ocrx_word' id='word_1_641' title='bbox 1776 2126 1914 2168; x_wconf 80' lang='lat' dir='ltr'>oportet</span> <span class='ocrx_word' id='word_1_642' title='bbox 1935 2118 2004 2156; x_wconf 84' lang='lat' dir='ltr'>hoc</span> <span class='ocrx_word' id='word_1_643' title='bbox 2023 2120 2185 2171; x_wconf 82' lang='lat' dir='ltr'>cogitan-</span> 
     </span>
     <span class='ocr_line' id='line_1_88' title="bbox 1224 2174 2184 2232; baseline 0.007 -21"><span class='ocrx_word' id='word_1_644' title='bbox 1224 2183 1289 2224; x_wconf 85' lang='lat' dir='ltr'>tes,</span> <span class='ocrx_word' id='word_1_645' title='bbox 1301 2183 1399 2212; x_wconf 83' lang='lat' dir='ltr'>tanto</span> <span class='ocrx_word' id='word_1_646' title='bbox 1409 2174 1529 2212; x_wconf 77' lang='lat' dir='ltr'>studio</span> <span class='ocrx_word' id='word_1_647' title='bbox 1538 2175 1652 2213; x_wconf 77' lang='lat' dir='ltr'>vitam</span> <span class='ocrx_word' id='word_1_648' title='bbox 1663 2185 1819 2214; x_wconf 85' lang='lat' dir='ltr'>nostram</span> <span class='ocrx_word' id='word_1_649' title='bbox 1831 2177 2027 2228; x_wconf 88' lang='lat' dir='ltr'>instituere,</span> <span class='ocrx_word' id='word_1_650' title='bbox 2037 2180 2184 2232; x_wconf 85' lang='lat' dir='ltr'>perinde</span> 
     </span>
     <span class='ocr_line' id='line_1_89' title="bbox 1223 2235 2183 2293; baseline 0.007 -20"><span class='ocrx_word' id='word_1_651' title='bbox 1223 2250 1264 2274; x_wconf 85' lang='lat' dir='ltr'>ac</span> <span class='ocrx_word' id='word_1_652' title='bbox 1278 2235 1307 2274; x_wconf 91' lang='lat' dir='ltr'>si</span> <span class='ocrx_word' id='word_1_653' title='bbox 1327 2235 1516 2288; x_wconf 83' lang='lat' dir='ltr'>paulopost</span> <span class='ocrx_word' id='word_1_654' title='bbox 1529 2235 1574 2274; x_wconf 90' lang='lat' dir='ltr'>de</span> <span class='ocrx_word' id='word_1_655' title='bbox 1594 2237 1760 2277; x_wconf 86' lang='lat' dir='ltr'>omnibus</span> <span class='ocrx_word' id='word_1_656' title='bbox 1780 2239 1900 2277; x_wconf 85' lang='lat' dir='ltr'>verbis</span> <span class='ocrx_word' id='word_1_657' title='bbox 1918 2249 1952 2278; x_wconf 90' lang='lat' dir='ltr'>et</span> <span class='ocrx_word' id='word_1_658' title='bbox 1966 2241 2132 2293; x_wconf 85' lang='lat' dir='ltr'>operibus</span> <span class='ocrx_word' id='word_1_659' title='bbox 2149 2253 2183 2281; x_wconf 89' lang='lat' dir='ltr'>et</span> 
     </span>
     <span class='ocr_line' id='line_1_90' title="bbox 1223 2297 2182 2349; baseline 0.009 -15"><span class='ocrx_word' id='word_1_660' title='bbox 1223 2297 1500 2349; x_wconf 77' lang='lat' dir='ltr'>cogitationibus</span> <span class='ocrx_word' id='word_1_661' title='bbox 1521 2298 1696 2337; x_wconf 84' lang='lat' dir='ltr'>rationem</span> <span class='ocrx_word' id='word_1_662' title='bbox 1719 2299 1896 2339; x_wconf 87' lang='lat' dir='ltr'>reddituri</span> <span class='ocrx_word' id='word_1_663' title='bbox 1924 2315 2091 2341; x_wconf 88' lang='lat' dir='ltr'>essemus.</span> <span class='ocrx_word' id='word_1_664' title='bbox 2129 2305 2182 2343; x_wconf 72' lang='lat' dir='ltr'>Ne</span> 
     </span>
     <span class='ocr_line' id='line_1_91' title="bbox 1223 2358 2182 2410; baseline 0.008 -14"><span class='ocrx_word' id='word_1_665' title='bbox 1223 2358 1334 2410; x_wconf 87' lang='lat' dir='ltr'>igitur</span> <span class='ocrx_word' id='word_1_666' title='bbox 1361 2358 1486 2397; x_wconf 83' lang='lat' dir='ltr'>salutis</span> <span class='ocrx_word' id='word_1_667' title='bbox 1513 2369 1643 2398; x_wconf 82' lang='lat' dir='ltr'>nostrae</span> <span class='ocrx_word' id='word_1_668' title='bbox 1675 2369 1908 2401; x_wconf 88' lang='lat' dir='ltr'>contemtores</span> <span class='ocrx_word' id='word_1_669' title='bbox 1935 2363 2057 2404; x_wconf 85' lang='lat' dir='ltr'>simus.</span> <span class='ocrx_word' id='word_1_670' title='bbox 2079 2366 2182 2403; x_wconf 78' lang='lat' dir='ltr'>Nihil</span> 
     </span>
     <span class='ocr_line' id='line_1_92' title="bbox 1222 2419 2180 2475; baseline 0.006 -17"><span class='ocrx_word' id='word_1_671' title='bbox 1222 2419 1318 2458; x_wconf 89' lang='lat' dir='ltr'>enim</span> <span class='ocrx_word' id='word_1_672' title='bbox 1338 2420 1467 2459; x_wconf 84' lang='lat' dir='ltr'>virtuti</span> <span class='ocrx_word' id='word_1_673' title='bbox 1491 2435 1556 2473; x_wconf 83' lang='lat' dir='ltr'>par</span> <span class='ocrx_word' id='word_1_674' title='bbox 1580 2430 1650 2468; x_wconf 87' lang='lat' dir='ltr'>est,</span> <span class='ocrx_word' id='word_1_675' title='bbox 1679 2422 1871 2473; x_wconf 86' lang='lat' dir='ltr'>carissime,</span> <span class='ocrx_word' id='word_1_676' title='bbox 1898 2438 1975 2475; x_wconf 82' lang='lat' dir='ltr'>quae</span> <span class='ocrx_word' id='word_1_677' title='bbox 1997 2439 2061 2463; x_wconf 86' lang='lat' dir='ltr'>nos</span> <span class='ocrx_word' id='word_1_678' title='bbox 2083 2435 2117 2464; x_wconf 90' lang='lat' dir='ltr'>et</span> <span class='ocrx_word' id='word_1_679' title='bbox 2144 2427 2180 2464; x_wconf 92' lang='lat' dir='ltr'>in</span> 
     </span>
     <span class='ocr_line' id='line_1_93' title="bbox 1222 2481 2179 2536; baseline 0.007 -18"><span class='ocrx_word' id='word_1_680' title='bbox 1222 2481 1344 2519; x_wconf 85' lang='lat' dir='ltr'>futuro</span> <span class='ocrx_word' id='word_1_681' title='bbox 1363 2481 1492 2519; x_wconf 85' lang='lat' dir='ltr'>saeculo</span> <span class='ocrx_word' id='word_1_682' title='bbox 1505 2495 1524 2519; x_wconf 92' lang='lat' dir='ltr'>e</span> <span class='ocrx_word' id='word_1_683' title='bbox 1537 2482 1696 2533; x_wconf 84' lang='lat' dir='ltr'>gehenna</span> <span class='ocrx_word' id='word_1_684' title='bbox 1707 2483 1825 2535; x_wconf 86' lang='lat' dir='ltr'>eripit,</span> <span class='ocrx_word' id='word_1_685' title='bbox 1842 2493 1875 2522; x_wconf 91' lang='lat' dir='ltr'>et</span> <span class='ocrx_word' id='word_1_686' title='bbox 1888 2499 1996 2536; x_wconf 86' lang='lat' dir='ltr'>regno</span> <span class='ocrx_word' id='word_1_687' title='bbox 2011 2485 2179 2525; x_wconf 74' lang='lat' dir='ltr'>caelorum</span> 
     </span>
     <span class='ocr_line' id='line_1_94' title="bbox 1222 2543 2178 2598; baseline 0.007 -18"><span class='ocrx_word' id='word_1_688' title='bbox 1222 2543 1325 2581; x_wconf 88' lang='lat' dir='ltr'>nobis</span> <span class='ocrx_word' id='word_1_689' title='bbox 1343 2543 1415 2581; x_wconf 85' lang='lat' dir='ltr'>frui</span> <span class='ocrx_word' id='word_1_690' title='bbox 1435 2543 1610 2594; x_wconf 82' lang='lat' dir='ltr'>concedit,</span> <span class='ocrx_word' id='word_1_691' title='bbox 1638 2554 1672 2582; x_wconf 90' lang='lat' dir='ltr'>et</span> <span class='ocrx_word' id='word_1_692' title='bbox 1698 2545 1735 2583; x_wconf 92' lang='lat' dir='ltr'>in</span> <span class='ocrx_word' id='word_1_693' title='bbox 1760 2546 1922 2597; x_wconf 79' lang='lat' dir='ltr'>praesenti</span> <span class='ocrx_word' id='word_1_694' title='bbox 1944 2561 2086 2598; x_wconf 86' lang='lat' dir='ltr'>quoque</span> <span class='ocrx_word' id='word_1_695' title='bbox 2114 2563 2178 2587; x_wconf 78' lang='lat' dir='ltr'>sae-</span> 
     </span>
     <span class='ocr_line' id='line_1_95' title="bbox 1221 2604 2178 2658; baseline 0.004 -15"><span class='ocrx_word' id='word_1_696' title='bbox 1221 2605 1303 2643; x_wconf 87' lang='lat' dir='ltr'>culo</span> <span class='ocrx_word' id='word_1_697' title='bbox 1332 2604 1499 2643; x_wconf 88' lang='lat' dir='ltr'>omnibus</span> <span class='ocrx_word' id='word_1_698' title='bbox 1518 2605 1717 2657; x_wconf 85' lang='lat' dir='ltr'>superiores</span> <span class='ocrx_word' id='word_1_699' title='bbox 1745 2607 1952 2657; x_wconf 90' lang='lat' dir='ltr'>constituit,</span> <span class='ocrx_word' id='word_1_700' title='bbox 1984 2607 2046 2658; x_wconf 89' lang='lat' dir='ltr'>qui</span> <span class='ocrx_word' id='word_1_701' title='bbox 2074 2609 2178 2647; x_wconf 88' lang='lat' dir='ltr'>nobis</span> 
     </span>
     <span class='ocr_line' id='line_1_96' title="bbox 1220 2664 2173 2721; baseline 0.003 -17"><span class='ocrx_word' id='word_1_702' title='bbox 1220 2667 1296 2704; x_wconf 90' lang='lat' dir='ltr'>sine</span> <span class='ocrx_word' id='word_1_703' title='bbox 1315 2680 1419 2703; x_wconf 84' lang='lat' dir='ltr'>causa</span> <span class='ocrx_word' id='word_1_704' title='bbox 1441 2664 1670 2713; x_wconf 84' lang='lat' dir='ltr'>insidiantur,</span> <span class='ocrx_word' id='word_1_705' title='bbox 1683 2675 1715 2704; x_wconf 90' lang='lat' dir='ltr'>et</span> <span class='ocrx_word' id='word_1_706' title='bbox 1735 2680 1804 2704; x_wconf 91' lang='lat' dir='ltr'>non</span> <span class='ocrx_word' id='word_1_707' title='bbox 1821 2667 2029 2706; x_wconf 88' lang='lat' dir='ltr'>hominibus</span> <span class='ocrx_word' id='word_1_708' title='bbox 2043 2669 2173 2721; x_wconf 91' lang='lat' dir='ltr'>solum,</span> 
     </span>
     <span class='ocr_line' id='line_1_97' title="bbox 1219 2724 2176 2778; baseline 0.005 -14"><span class='ocrx_word' id='word_1_709' title='bbox 1219 2726 1281 2765; x_wconf 89' lang='lat' dir='ltr'>sed</span> <span class='ocrx_word' id='word_1_710' title='bbox 1297 2726 1404 2764; x_wconf 83' lang='lat' dir='ltr'>etiam</span> <span class='ocrx_word' id='word_1_711' title='bbox 1421 2724 1644 2764; x_wconf 76' lang='lat' dir='ltr'>daemonibus</span> <span class='ocrx_word' id='word_1_712' title='bbox 1663 2735 1696 2764; x_wconf 90' lang='lat' dir='ltr'>et</span> <span class='ocrx_word' id='word_1_713' title='bbox 1722 2727 1799 2778; x_wconf 91' lang='lat' dir='ltr'>ipso</span> <span class='ocrx_word' id='word_1_714' title='bbox 1822 2727 1946 2766; x_wconf 84' lang='lat' dir='ltr'>salutis</span> <span class='ocrx_word' id='word_1_715' title='bbox 1962 2738 2090 2767; x_wconf 85' lang='lat' dir='ltr'>nostrae</span> <span class='ocrx_word' id='word_1_716' title='bbox 2106 2730 2176 2768; x_wconf 89' lang='lat' dir='ltr'>ini-</span> 
     </span>
     <span class='ocr_line' id='line_1_98' title="bbox 1219 2786 2177 2844; baseline 0.004 -18"><span class='ocrx_word' id='word_1_717' title='bbox 1219 2788 1311 2826; x_wconf 90' lang='lat' dir='ltr'>mico</span> <span class='ocrx_word' id='word_1_718' title='bbox 1323 2787 1467 2826; x_wconf 86' lang='lat' dir='ltr'>diabolo</span> <span class='ocrx_word' id='word_1_719' title='bbox 1483 2786 1643 2824; x_wconf 84' lang='lat' dir='ltr'>fortiores</span> <span class='ocrx_word' id='word_1_720' title='bbox 1658 2787 1781 2825; x_wconf 84' lang='lat' dir='ltr'>eflicit.</span> <span class='ocrx_word' id='word_1_721' title='bbox 1797 2788 1897 2835; x_wconf 91' lang='lat' dir='ltr'>Quid</span> <span class='ocrx_word' id='word_1_722' title='bbox 1911 2789 2023 2840; x_wconf 80' lang='lat' dir='ltr'>igitur</span> <span class='ocrx_word' id='word_1_723' title='bbox 2038 2791 2091 2829; x_wconf 87' lang='lat' dir='ltr'>illi</span> <span class='ocrx_word' id='word_1_724' title='bbox 2110 2807 2177 2844; x_wconf 81' lang='lat' dir='ltr'>par</span> 
     </span>
     <span class='ocr_line' id='line_1_99' title="bbox 1217 2848 2175 2901; baseline 0.004 -14"><span class='ocrx_word' id='word_1_725' title='bbox 1217 2849 1340 2899; x_wconf 86' lang='lat' dir='ltr'>suerit,</span> <span class='ocrx_word' id='word_1_726' title='bbox 1357 2863 1436 2900; x_wconf 83' lang='lat' dir='ltr'>quae</span> <span class='ocrx_word' id='word_1_727' title='bbox 1457 2862 1526 2885; x_wconf 91' lang='lat' dir='ltr'>non</span> <span class='ocrx_word' id='word_1_728' title='bbox 1547 2848 1662 2885; x_wconf 89' lang='lat' dir='ltr'>solum</span> <span class='ocrx_word' id='word_1_729' title='bbox 1683 2848 1888 2887; x_wconf 90' lang='lat' dir='ltr'>hominibus</span> <span class='ocrx_word' id='word_1_730' title='bbox 1909 2850 2175 2901; x_wconf 84' lang='lat' dir='ltr'>insidiantibus,</span> 
     </span>
     <span class='ocr_line' id='line_1_100' title="bbox 1216 2909 2176 2961; baseline 0.004 -12"><span class='ocrx_word' id='word_1_731' title='bbox 1216 2911 1278 2949; x_wconf 89' lang='lat' dir='ltr'>sed</span> <span class='ocrx_word' id='word_1_732' title='bbox 1302 2920 1334 2948; x_wconf 90' lang='lat' dir='ltr'>et</span> <span class='ocrx_word' id='word_1_733' title='bbox 1363 2909 1588 2948; x_wconf 75' lang='lat' dir='ltr'>daemonibus</span> <span class='ocrx_word' id='word_1_734' title='bbox 1616 2909 1816 2961; x_wconf 90' lang='lat' dir='ltr'>superiores</span> <span class='ocrx_word' id='word_1_735' title='bbox 1831 2910 1887 2949; x_wconf 89' lang='lat' dir='ltr'>sui</span> <span class='ocrx_word' id='word_1_736' title='bbox 1907 2912 2085 2952; x_wconf 88' lang='lat' dir='ltr'>studiosos</span> <span class='ocrx_word' id='word_1_737' title='bbox 2098 2915 2176 2952; x_wconf 77' lang='lat' dir='ltr'>esli-</span> 
     </span>
     <span class='ocr_line' id='line_1_101' title="bbox 1216 2969 2172 3026; baseline 0.002 -16"><span class='ocrx_word' id='word_1_738' title='bbox 1216 2972 1290 3010; x_wconf 77' lang='lat' dir='ltr'>cit‘?</span> <span class='ocrx_word' id='word_1_739' title='bbox 1307 2971 1435 3010; x_wconf 76' lang='lat' dir='ltr'>Virtus</span> <span class='ocrx_word' id='word_1_740' title='bbox 1455 2978 1573 3007; x_wconf 84' lang='lat' dir='ltr'>autem</span> <span class='ocrx_word' id='word_1_741' title='bbox 1589 2979 1655 3018; x_wconf 87' lang='lat' dir='ltr'>est,</span> <span class='ocrx_word' id='word_1_742' title='bbox 1671 2969 1827 3008; x_wconf 84' lang='lat' dir='ltr'>humana</span> <span class='ocrx_word' id='word_1_743' title='bbox 1842 2972 1961 3010; x_wconf 84' lang='lat' dir='ltr'>omnia</span> <span class='ocrx_word' id='word_1_744' title='bbox 1980 2973 2172 3026; x_wconf 83' lang='lat' dir='ltr'>despicere,</span> 
     </span>
     <span class='ocr_line' id='line_1_102' title="bbox 1214 3030 2171 3086; baseline 0.002 -15"><span class='ocrx_word' id='word_1_745' title='bbox 1214 3034 1334 3071; x_wconf 82' lang='lat' dir='ltr'>futura</span> <span class='ocrx_word' id='word_1_746' title='bbox 1356 3031 1506 3082; x_wconf 76' lang='lat' dir='ltr'>singulis</span> <span class='ocrx_word' id='word_1_747' title='bbox 1526 3030 1626 3068; x_wconf 84' lang='lat' dir='ltr'>horis</span> <span class='ocrx_word' id='word_1_748' title='bbox 1650 3031 1824 3081; x_wconf 82' lang='lat' dir='ltr'>cogitare,</span> <span class='ocrx_word' id='word_1_749' title='bbox 1855 3033 1964 3071; x_wconf 91' lang='lat' dir='ltr'>nullis</span> <span class='ocrx_word' id='word_1_750' title='bbox 1990 3036 2171 3086; x_wconf 82' lang='lat' dir='ltr'>praesenti-</span> 
     </span>
     <span class='ocr_line' id='line_1_103' title="bbox 1213 3090 2170 3134; baseline 0.002 -2"><span class='ocrx_word' id='word_1_751' title='bbox 1213 3095 1281 3133; x_wconf 92' lang='lat' dir='ltr'>bus</span> <span class='ocrx_word' id='word_1_752' title='bbox 1308 3093 1444 3131; x_wconf 82' lang='lat' dir='ltr'>inhiare</span> <span class='ocrx_word' id='word_1_753' title='bbox 1465 3107 1472 3128; x_wconf 92' lang='lat'>:</span> <span class='ocrx_word' id='word_1_754' title='bbox 1495 3090 1555 3129; x_wconf 83' lang='lat' dir='ltr'>sed</span> <span class='ocrx_word' id='word_1_755' title='bbox 1582 3092 1672 3130; x_wconf 85' lang='lat' dir='ltr'>scire</span> <span class='ocrx_word' id='word_1_756' title='bbox 1692 3093 1811 3131; x_wconf 86' lang='lat' dir='ltr'>omnia</span> <span class='ocrx_word' id='word_1_757' title='bbox 1833 3093 1988 3132; x_wconf 83' lang='lat' dir='ltr'>humana</span> <span class='ocrx_word' id='word_1_758' title='bbox 2006 3097 2170 3134; x_wconf 85' lang='lat' dir='ltr'>umbram</span> 
     </span>
    </p>
   </div>
   <div class='ocr_carea' id='block_1_10' title="bbox 1185 906 1208 937">
    <p class='ocr_par' dir='ltr' id='par_1_10' title="bbox 1185 906 1208 937">
     <span class='ocr_line' id='line_1_104' title="bbox 1185 906 1208 937; baseline 0 0"><span class='ocrx_word' id='word_1_759' title='bbox 1185 906 1208 937; x_wconf 88' lang='lat' dir='ltr'>E</span> 
     </span>
    </p>
   </div>
   <div class='ocr_carea' id='block_1_11' title="bbox 1161 3221 2170 3371">
    <p class='ocr_par' dir='ltr' id='par_1_11' title="bbox 1161 3221 2170 3371">
     <span class='ocr_line' id='line_1_105' title="bbox 1203 3221 2122 3268; baseline 0 -9"><span class='ocrx_word' id='word_1_760' title='bbox 1203 3237 1214 3251; x_wconf 72' lang='lat'>²¹</span> <span class='ocrx_word' id='word_1_761' title='bbox 1233 3224 1334 3259; x_wconf 69' lang='lat' dir='ltr'>Sax‘nt.</span> <span class='ocrx_word' id='word_1_762' title='bbox 1347 3232 1380 3256; x_wconf 82' lang='lat' dir='ltr'>et</span> <span class='ocrx_word' id='word_1_763' title='bbox 1396 3221 1530 3266; x_wconf 78' lang='lat' dir='ltr'>quidam</span> <span class='ocrx_word' id='word_1_764' title='bbox 1548 3223 1624 3255; x_wconf 70' lang='lat' dir='ltr'>MSS.</span> <span class='ocrx_word' id='word_1_765' title='bbox 1645 3229 1824 3259; x_wconf 64' lang='grc' dir='ltr'>ἐπαινεῖσθαι</span> <span class='ocrx_word' id='word_1_766' title='bbox 1840 3230 1888 3259; x_wconf 65' lang='grc' dir='ltr'>καὶ</span> <span class='ocrx_word' id='word_1_767' title='bbox 1907 3231 2122 3268; x_wconf 58' lang='grc' dir='ltr'>θαυμάζεσθαι-</span> 
     </span>
     <span class='ocr_line' id='line_1_106' title="bbox 1205 3274 2170 3318; baseline -0.002 -16"><span class='ocrx_word' id='word_1_768' title='bbox 1205 3279 1220 3302; x_wconf 83' lang='lat' dir='ltr'>b</span> <span class='ocrx_word' id='word_1_769' title='bbox 1240 3277 1299 3308; x_wconf 60' lang='lat' dir='ltr'>Alii</span> <span class='ocrx_word' id='word_1_770' title='bbox 1325 3281 1499 3318; x_wconf 70' lang='grc' dir='ltr'>γενομένων.</span> <span class='ocrx_word' id='word_1_771' title='bbox 1526 3274 1618 3306; x_wconf 78' lang='lat' dir='ltr'>Infra</span> <span class='ocrx_word' id='word_1_772' title='bbox 1641 3275 1743 3308; x_wconf 66' lang='lat' dir='ltr'>Saxil.</span> <span class='ocrx_word' id='word_1_773' title='bbox 1774 3284 1807 3308; x_wconf 81' lang='lat' dir='ltr'>et.</span> <span class='ocrx_word' id='word_1_774' title='bbox 1829 3275 1882 3309; x_wconf 75' lang='lat' dir='ltr'>ulii</span> <span class='ocrx_word' id='word_1_775' title='bbox 1913 3281 1960 3310; x_wconf 67' lang='lat' dir='ltr'>mi</span> <span class='ocrx_word' id='word_1_776' title='bbox 1988 3282 2083 3312; x_wconf 52' lang='grc' dir='ltr'>«ᾗς-ῶν</span> <span class='ocrx_word' id='word_1_777' title='bbox 2113 3288 2170 3311; x_wconf 54' lang='lat' dir='ltr'>wrm</span> 
     </span>
     <span class='ocr_line' id='line_1_107' title="bbox 1161 3325 1731 3371; baseline -0.016 -5"><span class='ocrx_word' id='word_1_778' title='bbox 1161 3335 1181 3363; x_wconf 77' lang='grc' dir='ltr'>ἐ·</span> <span class='ocrx_word' id='word_1_779' title='bbox 1179 3334 1388 3371; x_wconf 71' lang='grc' dir='ltr'>Ουμημάτων.</span> <span class='ocrx_word' id='word_1_780' title='bbox 1402 3325 1516 3359; x_wconf 69' lang='lat' dir='ltr'>Mon-el.</span> <span class='ocrx_word' id='word_1_781' title='bbox 1536 3332 1731 3365; x_wconf 57' lang='grc' dir='ltr'>ἐνθυμήσεων,</span> 
     </span>
    </p>
   </div>
  </div>
 </body>
</html>
