2516 3791
336 163 427 225 572

335 259 454 308 duxit,
485 261 670 312 sexaginta
701 272 820 299 autem
848 261 991 312 quando
1017 259 1154 311 peperit
1180 272 1285 307 uxor,

334 320 559 359 manifestum
584 331 634 359 est
659 336 739 359 eum
767 321 868 359 annis
893 320 1022 371 viginti
1048 332 1286 371 perseverasse

746 180 784 211 S.
823 179 1008 210 JOANNIS
1044 177 1287 209 CHRYSOST·
1328 176 1531 209 ARCHIEP.
1571 179 1932 210 CONSTAN'HNOP.

1356 259 1473 297 ποιίαν
1506 261 1688 313 διήγειρεν.
1721 262 1867 300 ὃΕἴδετεε
1896 264 2000 314 εὐχῆς
2031 262 2190 314 δύναμιν,
2218 267 2292 308 πῶς
2321 266 2380 303 καὶ

1358 321 1464 365 αὐτῆς
1489 321 1730 373 περιγενέσθαι
1753 326 1816 369 τῆς
1839 322 1972 374 φύσεως
2001 322 2140 376 ἴσχυσε,
2163 326 2294 363 Τοῦτον
2320 326 2381 363 καὶ

334 391 491 419 orantem
524 384 656 430 Deum,
687 391 719 419 et
754 391 895 418 uterum
930 380 1096 417 Rebeccae
1122 379 1286 417 inutilem
1309 393 1332 423 (3
1356 385 1458 431 ἡμεῖς
1478 383 1604 426 πάντες
1625 382 1836 434 μιμώμεθα,
1862 384 1922 422 καὶ
1940 383 2028 422 οὕτω
2043 390 2118 429 ταῖς
2134 388 2252 437 εὐχαῖς
2270 402 2378 438 προσ-

131 449 320 488 Moralisepi-
333 442 563 493 generationi,
590 441 755 478 idoneum
781 441 914 478 fecisse.
937 439 1093 480 Vidistis
1116 439 1285 477 orationis

130 492 220 527 '‘³g¹¹⁵·
333 503 422 547 vim,
439 502 616 553 quomodo
629 511 662 539 et
675 511 840 540 naturam
860 502 973 554 ipsam
990 501 1156 553 superet?
1179 501 1285 539 Hunc

331 577 450 600 01111105
481 562 674 612 imitemur,
703 571 737 600 et
758 562 805 600 ita
835 562 872 599 in
898 561 1063 614 precibus
1089 561 1202 600 simus
1229 576 1283 599 as-

330 622 437 671 sidui,
450 623 638 674 animoque
661 622 770 660 sobrii
784 632 817 660 et
831 622 985 660 humiles
1003 638 1010 659 :
1026 622 1285 673 audiamusque

134 697 157 717 1.
183 690 260 718 Tim.
284 699 312 717 2.
330 683 482 720 Paulum
514 683 763 721 admonentem
791 693 824 721 et
852 683 1029 722 dicentem
1056 700 1063 720 ε
1091 686 1282 722 Levantes

129 731 160 760 3·
327 753 484 782 sanctas
492 758 629 782 manus
637 747 782 797 absque
796 747 856 782 ira
866 754 903 783 et
916 746 1259 797 disceptationibus
1269 760 1279 780 .·

327 815 360 843 et
385 805 590 844 studeamus
614 819 752 858 semper
777 806 924 844 liberari
948 821 968 844 a
991 805 1280 858 perturbatione,

328 877 366 904 ut
384 881 480 904 mens
500 867 545 904 sit
564 867 600 905 111
631 867 844 918 tranquillo,
875 867 1030 905 maxime
1054 876 1174 905 autem
1202 881 1282 919 pre-

325 943 406 965 cum
435 937 612 980 tempore,
638 928 779 979 quando
806 928 921 965 multa
945 928 1048 965 nohis
1075 941 1164 979 opus
1189 937 1240 965 est
1260 942 1281 965 a

325 991 399 1027 Deo
416 989 646 1040 benignitate.
670 990 762 1026 Nam
781 988 810 1026 si
830 1002 893 1026 nos
915 987 1049 1025 viderit
1068 987 1207 1040 precari
1226 1002 1280 1025 se—

325 1051 482 1088 cundum
502 1051 594 1102 leges
610 1051 702 1088 abse
715 1050 871 1102 positas,
893 1050 1014 1087 statim
1039 1049 1142 1087 nobis
1168 1049 1279 1087 dono-

325 1126 402 1149 rum
412 1126 558 1150 suorum
569 1111 770 1162 largitatem
780 1111 975 1148 liberaliter
982 1110 1150 1148 concedet
1162 1126 1168 1146 :
1181 1109 1280 1161 quod

324 1173 424 1211 nobis
447 1173 584 1224 assequi
600 1173 716 1221 liceat,
729 1172 843 1224 gratia
860 1182 894 1210 et
911 1172 1130 1224 benignitate
1152 1172 1276 1210 Domi«

323 1234 359 1271 111
386 1234 495 1271 nostri
515 1235 598 1273 Jesu
615 1233 762 1281 Christi,
781 1247 863 1270 cum
880 1247 953 1283 quo
971 1232 1069 1270 Patri
1085 1232 1131 1270 sit
1147 1232 1276 1283 gloria,

323 1295 456 1344 honor,
494 1295 704 1347 imperium,
744 1293 853 1332 simul
884 1304 917 1332 et
949 1303 1069 1332 sancto
1109 1294 1276 1346 Spiritui,

324 1369 417 1393 nune
431 1364 465 1393 ct
481 1369 632 1408 semper,
649 1365 683 1393 et
703 1356 737 1393 111
757 1355 885 1393 saeeula
904 1356 1125 1395 sacculorum.
1148 1358 1274 1394 Amen.

658 1502 868 1541 HOMILIA
899 1504 940 1542 L.

122 1642 196 1668 Gen.
213 1639 261 1669 25.

120 1691 168 1709 21.
190 1690 240 1710 22.

322 1625 489 1678 Concepit
506 1633 624 1663 autem
639 1626 812 1675 Rebecca,
831 1635 864 1664 et
879 1627 1110 1666 colludebant
1130 1629 1273 1680 parvuli

731 1687 767 1724 in
789 1687 864 1725 illa.

373 1812 409 1847 1.
446 1810 569 1849 Vultis
596 1811 703 1849 etiam
730 1811 839 1849 hodie
872 1826 1094 1864 apponamus
1133 1813 1275 1852 caritati

318 1877 443 1906 vestra]
462 1882 500 1906 ea
520 1883 598 1919 quae
619 1869 655 1906 111
674 1870 824 1908 lectione
834 1870 996 1909 hesterna
1022 1872 1145 1910 relicta
1167 1873 1274 1911 sunt?

319 1929 374 1966 Ad
404 1930 512 1967 finem
541 1930 635 1967 enim
658 1931 853 1983 perducere
884 1941 997 1970 totum
1024 1943 1275 1985 argumentum

319 1990 560 2040 nequivimus3
581 1990 641 2028 sed
659 1992 879 2030 ostendimus
899 2008 961 2045 per
975 1993 1138 2032 assiduas
1154 2009 1274 2047 preces

318 2051 415 2088 Isaac
432 2051 588 2103 potuisse
604 2053 770 2090 Rebeccae
788 2054 936 2092 vulvam
955 2056 1114 2094 [iliorum
1130 2069 1274 2108 genera-

320 2112 407 2150 tioni
427 2112 576 2150 reddere
593 2113 769 2162 idoneam,
786 2124 1022 2167 naturamque
1036 2117 1152 2169 ipsam
1164 2118 1275 2155 inuti-

319 2173 389 2210 lem
406 2173 548 2221 faetam,
568 2183 608 2211 ut
626 2174 674 2211 ita
695 2175 827 2223 dicam,
848 2191 1010 2228 reparare
1032 2194 1039 2214 :
1061 2179 1137 2215 haee
1154 2178 1274 2216 omnia

319 2234 395 2271 heri
426 2234 511 2272 satis
532 2249 593 2272 vos
614 2234 820 2284 docuimus,
841 2247 1075 2275 monstrantes
1098 2253 1274 2276 annorum

319 2309 508 2332 numerum
521 2325 531 2344 ,
566 2295 715 2345 quibus,
744 2305 783 2333 ut
812 2297 879 2334 hoc
912 2298 1118 2350 impetraret
1148 2299 1273 2337 beatus

318 2358 394 2408 ille,
408 2372 512 2396 orans
529 2368 562 2396 et
577 2358 769 2409 deprecans
791 2360 987 2411 permansit
1004 2376 1012 2396 :
1030 2369 1063 2398 et
1082 2361 1120 2398 in
1141 2375 1272 2399 sermo-

319 2434 399 2457 nem
412 2419 456 2457 dc
475 2418 656 2457 sterilibus
672 2420 815 2471 egressi,
832 2421 927 2459 dicta
947 2421 1048 2460 vobis
1065 2436 1169 2460 causa
1188 2436 1272 2474 pro-

319 2489 397 2532 pter
412 2494 520 2530 quam
535 2480 705 2530 justorum
731 2480 878 2519 illorum
903 2496 1032 2520 uxores
1049 2482 1184 2520 steriles
1197 2483 1270 2519 fue-

320 2554 369 2587 re,
389 2554 584 2578 sermonem
608 2541 757 2579 missum
781 2542 940 2581 fecimus.
961 2544 1088 2595 Operae
1115 2544 1269 2595 pretium

318 2611 436 2639 autem
447 2610 498 2639 est
511 2616 573 2640 nos
591 2601 696 2639 hodie
714 2602 850 2641 discere
870 2604 1037 2642 Rebeccae
1065 2604 1268 2656 religiosam

318 2672 489 2711 mentem,
512 2671 549 2699 ut
568 2677 637 2700 non
656 2663 773 2701 solum
802 2665 905 2702 nobis
924 2680 943 2702 a
960 2665 1092 2703 virtute
1104 2666 1194 2718 justi
1213 2667 1269 2704 lu-

317 2736 417 2760 crum
434 2723 589 2771 accedat,
605 2723 666 2761 sed
684 2724 790 2762 etiam
808 2739 853 2762 ex
870 2725 1020 2763 historia
1036 2741 1115 2777 quae
1135 2727 1269 2765 Rebec-

316 2797 393 2821 cam
411 2783 565 2835 respicit,
585 2784 632 2821 ad
651 2785 914 2823 aemulationem
939 2801 1133 2839 provocare
1155 2789 1269 2840 possi-

316 2858 395 2881 mus
423 2844 612 2882 auditores.
631 2846 823 2896 Postquam
842 2847 936 2884 enim
956 2849 1052 2886 Deus
1081 2849 1268 2888 exaudivit

315 2906 509 2943 orationem
520 2906 621 2956 justi,
636 2909 698 2945 91.
714 2909 767 2945 Et
783 2917 932 2946 uterum
946 2913 1059 2961 gessit
1080 2912 1262 2958 Rebecca,

315 2968 380 3003 2⁵22.
399 2967 662 3013 colludebant,
679 2967 810 3018 inquit,
825 2973 935 3020 pueri
949 2973 990 3007 in
1006 2985 1065 3018 ea,
1085 2980 1117 3008 et
1135 2985 1264 3022 magno

313 3041 389 3064 eam
403 3027 524 3064 dolore
540 3028 751 3065 afficiebant.
771 3031 882 3067 Dixit
896 3031 1003 3077 enim,
1017 3031 1148 3082 inquit,
1161 3033 1263 3070 Sisie

313 3089 600 3139 mileisulurum
621 3091 682 3134 sit,
706 3103 774 3126 cur
795 3092 889 3127 milii
905 3092 1001 3129 hoc?
1022 3094 1142 3143 Neque
1167 3093 1261 3130 enim

312 3161 402 3185 uuus
421 3157 496 3185 erat
520 3148 737 3197 nasciturus,
767 3150 828 3187 sed
852 3151 942 3189 duos
972 3152 1077 3190 simul
1104 3154 1139 3191 in
1164 3163 1262 3192 utero

352 3264 364 3276 :·
392 3253 468 3285 Huc
492 3252 613 3285 desinit
631 3252 721 3285 loeus
739 3253 790 3287 ille
808 3254 897 3296 111110,
915 3265 949 3289 111
967 3266 1115 3299 putatur,
1134 3271 1151 3290 a
1168 3258 1313 3303 Chryso-

307 3311 415 3336 stomo
429 3312 602 3346 excerptus
615 3305 647 3337 iu
666 3305 806 3339 1101111113
825 3306 865 3339 de
885 3319 951 3341 non
963 3309 1155 3352 evulgandis
1172 3309 1314 3343 fratrum

307 3366 404 3396 pecca
411 3356 462 3388 tis.

1356 442 1551 494 εδρεύωμεν
1581 443 1670 494 μετὰ
1697 444 1870 496 νηφούσης
1895 446 2031 496 ψυχῆς,
2063 445 2152 495 μετὰ
2184 447 2380 484 κατεσταλ-

1357 502 1462 553 μένης
1483 503 1651 547 διανοίας·
1673 505 1732 542 καὶ
1752 505 1956 555 ἀκούσωμεν
1973 505 2116 543 Παύλου
2133 511 2381 558 παραινοῦντος

1355 564 1412 602 καὶ
1429 565 1585 617 λέγοντος
1598 582 1606 588 ·
1630 565 1856 619 Ἔπαίροντες
1878 565 1990 609 ὁσίους
2008 572 2128 618 χεῖρας
2149 568 2257 620 χωρὶς
2276 570 2380 620 ὀργῆς

1355 626 1414 663 καὶ
1434 627 1659 677 διαλογισμοῦ
1672 642 1679 649 ·
1713 627 1772 664 καὶ
1811 626 2064 676 σπουδάσωμεν
2105 628 2255 666 πάντοτε
2303 629 2366 679 μὲν

1354 687 1581 739 ἀπηλλάχθαι
1599 690 1778 739 ταραχῆς,
1801 687 1861 725 καὶ
1883 690 1917 725 ἐν
1937 687 2071 739 γαλήνῃ
2094 687 2186 740 ἔχειν
2205 690 2262 727 τὸν
2284 692 2378 741 λογι-

1353 748 1453 798 σμὸν,
1486 749 1639 799 μάλιστα
1661 748 1696 786 δὲ
1725 748 1816 787 κατὰ
1843 749 1900 787 τὸν
1924 749 2044 801 καιρὸν
2075 752 2137 796 τῆς
2167 752 2290 802 εὐχῆς,
2320 751 2378 790 ὅτε

1352 811 1482 855 πολλῆς
1497 812 1581 860 ἡμῖν
1601 807 1704 862 χρεία
1720 811 1781 855 τῆς
1798 809 1894 862 παρὰ
1913 813 1973 847 τοῦ
1993 812 2085 848 Θεοῦ
2102 811 2376 863 φιλανθρωπίας.

1351 870 1437 909 Ἐὰν
1459 871 1526 924 γὰρ
1554 872 1610 923 ἴδῃ
1635 870 1726 909 κατὰ
1742 870 1820 914 τοὺς
1845 873 1902 909 ὑπ’
1924 874 2026 910 αὐτοῦ
2050 871 2229 922 κειμένους
2252 872 2378 923 νόμους

1350 931 1479 978 ταύτην
1507 935 1601 981 ’ἡμᾶς
1627 931 1870 982 ποιουμένους,
1902 939 2047 984 ταχεῖαν
2080 935 2165 983 ἡμῖν
2192 936 2260 971 τῶν
2292 933 2377 985 παρ’

1351 996 1473 1032 ἑαυτοῦ
1492 994 1629 1047 δωρεῶν
1650 993 1831 1045 χαρίζεται
1857 996 1918 1040 τὴν
1941 994 2141 1047 φιλοτιμίαν
2159 1011 2166 1018 ·
2183 990 2224 1041 ἧς
2241 996 2376 1046 γε’νοιτο

1349 1054 1482 1098 πάντας
1500 1057 1595 1105 ἡμᾶς
1615 1055 1805 1105 ἐπιτυχεῖν,
1829 1054 1949 1106 χάριτι
1972 1055 2031 1092 καὶ
2051 1057 2293 1108 φιλανθρωπίᾳ
2316 1061 2377 1095 τοῦ

1304 1118 1329 1147 D
1352 1115 1478 1167 Κυρίου
1495 1117 1596 1165 ἡμῶν
1619 1117 1734 1161 Ἰησοῦ
1749 1116 1918 1167 Χριστοῦ,
1939 1117 2013 1165 μεθ’
2036 1109 2074 1152 οῦ
2096 1118 2145 1167 τῷ
2168 1116 2285 1168 Πατρὶ
2301 1117 2376 1166 ἅμα

1348 1178 1399 1228 τῷ
1417 1174 1504 1227 ἁγίῳ
1520 1174 1703 1226 Πνεύματι
1723 1174 1825 1222 δόξα,
1847 1175 1991 1228 κράτος,
2014 1176 2122 1226 τιμὴ,
2139 1182 2196 1215 νῦν
2216 1177 2276 1214 καὶ
2297 1176 2375 1225 ἀεὶ,

1349 1237 1407 1274 καὶ
1424 1238 1471 1280 εἰς
1483 1235 1561 1280 τοὺς
1582 1239 1708 1279 αἰῶνας
1724 1239 1792 1274 τῶν
1814 1235 1961 1274 αἰώνων.
1978 1235 2100 1286 Ἀμήν.

1735 1503 1913 1540 OMIAIA
1942 1501 1982 1539 ν’.

1346 1623 1406 1662 Ἐν
1429 1624 1554 1676 γαστρὶ
1577 1624 1612 1663 δὲ
1632 1623 1755 1662 ἔλαὸεν
1776 1628 1797 1670 ἡ
1827 1624 2017 1674 Ῥεέέκκα,
2045 1626 2105 1663 καὶ
2132 1626 2297 1678 ἐσκίρτων
2324 1626 2369 1663 τὰ

1700 1684 1826 1723 παιδία
1847 1687 1881 1723 ἓν
1910 1688 2009 1736 αὐτῇ.

1397 1809 1567 1848 Βούλεσθε
1596 1810 1745 1862 σήμερον
1770 1809 1815 1848 τὰ
1836 1810 1984 1862 λείψανα
2006 1813 2075 1848 τῶν
2095 1810 2176 1862 χθὲς
2203 1814 2287 1862 ἡμῖν
2315 1813 2367 1849 εἷ-

1297 1884 1322 1914 Ε
1347 1870 1504 1923 ρημένων
1528 1871 1711 1921 ἀποδῶμεν
1736 1874 1832 1922 ὑμῶν
1851 1875 1894 1922 τῇ
1924 1871 2063 1923 ἀγάπῃ;
2082 1871 2173 1910 Οὐδὲ
2190 1871 2257 1925 γὰρ
2275 1872 2367 1910 ἅπα-

1343 1949 1406 1971 σαν
1421 1932 1483 1980 τὴν
1503 1932 1665 1971 ὑπόθεσιν
1689 1934 1736 1975 εἷς
1754 1933 1850 1976 τέλος
1873 1936 2014 1984 ἀγαγεῖν
2031 1933 2272 1984 ἠδυνήθημεν·
2292 1935 2371 1971 ἀλλ’

1341 1993 1394 2031 ὅτι
1417 1993 1473 2031 διὰ
1495 1996 1558 2039 τῆς
1581 1993 1708 2037 οἰκείας
1724 1995 1830 2044 εὐχῆς
1851 1993 1911 2031 καὶ
1930 1996 1992 2039 τῆς
2011 1995 2142 2040 πολλῆς
2161 1994 2370 2046 προσεδρίας

1341 2056 1482 2108 ἴσχυσεν
1513 2059 1530 2093 ὃ
1558 2055 1681 2094 Ἰσαὰκ
1711 2055 1774 2102 τὴν
1808 2056 1942 2109 μήτραν
1974 2059 2036 2102 τῆς
2064 2055 2255 2100 <Ρεὸέκκας
2282 2056 2369 2107 πρὸς

1341 2116 1563 2155 παιδοποιίαν
1586 2118 1771 2169 διεγεῖραι,
1794 2116 1852 2154 καὶ
1869 2116 1931 2163 τὴν
1950 2116 2050 2168 φύσιν
2070 2117 2179 2164 αὐτὴν
2195 2131 2367 2168 πεπηρω-

1343 2177 1471 2229 μένην,
1506 2180 1552 2220 ὡς
1571 2179 1690 2222 εἰπεῖν,
1729 2177 1908 2224 διανοῖξαι,
1940 2176 1956 2197 ¹³
1970 2182 2079 2215 ταῦτα
2113 2178 2250 2216 ἅπαντα
2286 2177 2368 2230 χθὲς

1341 2241 1468 2281 ἱκανῶς
1485 2241 1573 2288 ὑμᾶς
1593 2236 1809 2287 ἐδιδάξαμεν,
1825 2237 1995 2281 δείξαντες
2012 2241 2081 2276 τῶν
2102 2241 2187 2277 ε’τῶν
2208 2239 2265 2276 τὸν
2287 2241 2366 2291 ἀρι-

1342 2300 1440 2350 θμὸν,
1469 2298 1505 2337 ὃν
1530 2297 1688 2348 δεόμενος
1707 2298 1767 2335 καὶ
1793 2298 1953 2336 ἱκετεύων
1980 2299 2037 2337 τὸν
2060 2300 2149 2337 Θεὸν
2176 2299 2364 2338 διετέλεσεν

1341 2358 1428 2412 ὑπὲρ
1447 2359 1566 2397 τούτου
1585 2362 1602 2396 ὃ
1619 2359 1788 2411 μακάριος
1809 2360 1936 2403 ἐκεῖνος
1948 2374 1956 2382 ·
1977 2359 2036 2397 καὶ
2056 2361 2104 2402 εἰς
2123 2360 2181 2397 τὸν
2198 2359 2278 2411 περὶ
2296 2363 2364 2398 τῶν

1342 2422 1485 2473 στειρῶν
1511 2419 1611 2470 λόγον
1635 2418 1846 2467 ἐξελθόντες,
1874 2420 1933 2457 καὶ
1965 2419 2028 2467 τὴν
2063 2419 2176 2458 αἰτίαν
2206 2423 2286 2471 ὑμῖν
2316 2422 2366 2458 εἷ-

1285 2511 1331 2537 496
1341 2481 1480 2528 πόντες,
1499 2482 1542 2519 δι’
1557 2482 1598 2528 ἣν
1613 2484 1648 2518 αἱ
1668 2484 1734 2519 τῶν
1753 2482 1895 2519 δικαίων
1910 2481 2049 2520 ἐκείνων
2065 2481 2217 2533 γαμεταὶ
2232 2487 2366 2534 στεῖραι

1296 2550 1318 2577 Λ
1340 2543 1532 2594 γεγόνασιν,
1561 2544 1707 2580 ἐνταῦθα
1736 2543 1975 2593 κατελύσαμεν
2004 2544 2061 2581 τὸν
2090 2543 2203 2594 λόγον.
2236 2547 2298 2581 Δεῖ
2329 2542 2365 2582 δὲ

1340 2605 1491 2655 σήμερον
1509 2608 1603 2654 ἡμᾶς
1624 2606 1744 2653 μαθεῖν
1763 2604 1822 2641 καὶ
1843 2606 1904 2649 τῆς
1926 2603 2119 2646 “Ρε6ε’κκας
2136 2604 2176 2641 τὸ
2196 2603 2365 2655 φιλόθεον,

1338 2666 1394 2704 ἵνα
1416 2666 1463 2716 μὴ
1483 2665 1583 2715 μόνον
1612 2665 1681 2702 ἀπὸ
1699 2668 1761 2711 τῆς
1782 2669 1840 2703 τοῦ
1869 2665 2001 2703 δικαίου
2031 2667 2158 2716 ἀρετῆς
2190 2665 2364 2717 κερδαίνω-

1340 2743 1414 2777 μεν,
1431 2726 1520 2764 ἀλλὰ
1533 2725 1592 2763 καὶ
1606 2725 1675 2763 ἀπὸ
1691 2727 1753 2770 τῆς
1771 2725 1862 2763 κατὰ
1881 2725 1944 2772 τὴν
1960 2725 2151 2764 Ῥεβέκκαν
2169 2726 2364 2777 διηγήσεως

1338 2790 1385 2831 εἰς
1404 2789 1505 2832 ζῆλον
1521 2788 1685 2837 διεγεῖραι
1700 2787 1899 2837 δυνηθῶμεν
1916 2786 1994 2830 τοὺς
2007 2786 2361 2834 ἀκούοντας.Ἰ“]πειδὴ

1337 2848 1404 2901 γὰρ
1420 2847 1565 2893 ἤκουσεν
1584 2851 1601 2885 ὃ
1618 2847 1706 2890 Θεὸς
1726 2849 1788 2892 τῆς
1815 2852 1874 2885 τοῦ
1902 2848 2036 2885 δικαίου
2052 2849 2270 2899 προσευχῆς,
2292 2847 2363 2885 Καὶ

1341 2911 1374 2946 ἐν
1406 2908 1532 2959 γαστρὶ
1560 2907 1682 2945 ἔλαὸεν
1709 2907 1942 2956 ἡῬεὸέκκα,
1971 2908 2152 2962 ἐσκίρτων,
2184 2908 2290 2961 φησὶ,
2318 2908 2362 2946 τὰ

1340 2969 1462 3007 παιδία
1490 2972 1524 3007 ἐν
1553 2971 1658 3020 αὐτῇ,
1691 2968 1750 3006 καὶ
1783 2969 1889 3007 πολὺν
1921 2972 2008 3021 αὐτῇ
2041 2969 2145 3007 πόνον
2178 2972 2213 3007 αἱ
2243 2970 2363 3012 ὠδῖνες

1339 3036 1517 3082 παρεῖχον.
1551 3023 1638 3067 Eine
1658 3029 1743 3083 γὰρ,
1763 3030 1878 3082 φησὶν,
1911 3033 1940 3068 εἰ
1972 3031 2061 3068 οὕτω
2085 3046 2143 3079 μοι
2164 3030 2283 3080 μέλλει
2304 3029 2361 3081 γί-

1338 3096 1472 3138 νεσθαι,
1492 3090 1548 3128 ἵνα
1577 3090 1610 3127 τί
1638 3107 1696 3141 μοι
1714 3095 1835 3137 τοῦτο,
1858 3090 1949 3129 Οὐδὲ
1969 3091 2035 3143 γὰρ
2056 3086 2102 3134 εἷς
2123 3085 2164 3137 ἦν
2184 3094 2201 3128 ὁ
2225 3091 2360 3141 μέλλων

1338 3153 1531 3200 τίκτεσθαι,
1555 3153 1644 3190 ἀλλὰ
1671 3153 1729 3190 δύο
1750 3152 1852 3190 “κατ’
1871 3153 1953 3191 αὐτὸ
1971 3155 2005 3191 ἐν
2022 3156 2064 3204 τῇ
2092 3151 2216 3204 γαστρὶ
2236 3151 2360 3190 παιδία

1394 3258 1410 3281 1·
1435 3255 1549 3298 [Coisl¹
1570 3263 1667 3290 ταῦτα
1685 3259 1714 3289 δὲ
1732 3257 1801 3298 atra]

1390 3320 1403 3334 Β
1428 3309 1541 3353 [Coisl.
1559 3316 1637 3343 κατὰ
1652 3307 1770 3351 ταὺτα]
