2516 3791
680 218 720 248 ΙΝ
759 218 861 247 (ΣΑΡ.
904 218 997 247 Vlll.

102 300 242 350 ἀόρατοι
262 299 436 350 δυνάμεις,
452 300 510 337 καὶ
527 302 561 337 αἱ
577 299 696 351 ἀρχαὶ,
709 300 767 337 καὶ
782 302 815 338 αἱ
830 300 992 345 ἐξουσίαι,
1007 299 1122 338 καὶτὰ

103 360 293 412 Χερουῧὶμ,
308 360 366 398 καὶ
382 360 425 398 τὰ
437 362 619 413 Σεραφεὶμ
634 360 696 407 τὴν
714 364 790 399 κατ’
810 362 908 406 ἀξίαν
927 361 1123 413 δοξολογίαν

99 420 279 472 ἀναφέρειν
297 423 579 474 εὐχαριστοῦντες
599 422 825 468 δυνήσονται·
846 424 923 461 ἀλλ’
944 423 1038 474 ὅμως
1060 423 1122 470 τὴν

100 481 190 519 κατὰ
209 481 353 532 δύναμιν
377 483 570 533 ἀνενεγκεῖν
598 483 824 535 εὐχαριστίαν
844 484 977 522 δίκαιον
993 483 1033 521 ἂν
1051 483 1124 530 εἴη,

100 541 158 579 καὶ
192 542 358 589 διηνεκῶς
388 543 538 588 δοξάζειν
564 543 622 582 τὸν
647 544 816 596 ἡμέτερον
849 544 1032 591 Δεσπότην
1062 544 1123 581 καὶ

100 604 156 641 διὰ
175 607 236 650 τῆς
262 606 330 641 τῶν
358 604 469 656 λόγων
501 606 694 658 εὐφημίας,
717 607 775 644 καὶ
804 606 861 644 διὰ
891 608 953 651 τῆς
980 605 1125 656 ἀρίστης
1146 619 1170 648 (ὃ,

99 665 285 709 πολιτείας.
303 665 398 713 Αὕτη
414 666 482 718 γὰρ
500 667 653 717 μάλιστα
669 667 728 705 καὶ
751 666 979 719 λαμπροτέρα
993 665 1126 716 γένοιτο

98 731 119 773 ἡ
142 727 316 779 εὐφημία,
337 728 419 766 ὅταν
441 728 496 766 διὰ
513 729 643 780 μυρίων
660 731 827 780 γλωσσῶν
843 727 905 774 τὴν
927 726 1124 777 δοξολογίαν

99 789 336 841 ἀναφέρωμεν.
358 789 402 827 Ὁ
421 790 489 843 γὰρ
511 790 668 841 ἐνάρετος
693 789 840 827 ἕκαστον
866 791 934 826 τῶν
953 790 1001 832 εἷς
1019 787 1121 826 αὐτὸν

98 848 256 901 ὁρώντων
274 851 532 902 παρασκευάζει
547 850 605 888 τὸν
622 851 726 888 αὐτοῦ
742 848 925 896 Δεσπότην
939 851 1101 899 ἀνυμνεῖν
1112 865 1120 873 ·

98 911 156 948 καὶ
182 914 202 957 ἡ
223 914 306 963 παρ’
327 911 464 950 ἐκείνων
488 910 665 962 δοξολογία
687 910 820 956 πολλὴν
849 910 907 948 καὶ
924 911 1054 963 ἄφατον
1071 912 1122 963 τῷ

98 971 160 1018 τὴν
180 973 293 1010 αἰτίαν
311 972 500 1025 παρέχοντι
518 972 700 1025 χαρίζεται
716 971 779 1019 τὴν
799 971 896 1023 παρὰ
915 976 974 1010 τοῦ
991 971 1123 1010 Δεσπό·

97 1048 157 1071 του
175 1033 319 1071 εὔνοιαν.
336 1033 382 1071 Τι’
399 1029 457 1071 οὖν
474 1033 514 1070 ἂν
529 1037 630 1084 ἡμῶν
654 1032 949 1085 μακαριστότερον
971 1032 1123 1085 γένοιτο,

98 1097 128 1132 εἰ
148 1094 334 1145 μέλλοιμεν
363 1094 412 1145 μὴ
434 1094 535 1145 μόνον
558 1094 655 1132 αὐτοὶ
685 1094 740 1133 διὰ
766 1097 828 1140 τ’ἧς
853 1094 981 1138 οἰκείας
1003 1095 1123 1146 γλώτ-

99 1172 160 1203 της
178 1155 329 1200 δοξάζειν
347 1157 404 1195 τὸν
422 1156 548 1207 ἀγαθὸν
574 1156 678 1203 Θεὸν,
698 1155 787 1194 ἀλλὰ
810 1155 870 1194 καὶ
896 1156 1030 1201 πάντας
1045 1155 1123 1200 τοὺς

98 1221 274 1269 ὁμογενεῖς
304 1218 482 1270 διεγείρειν
511 1220 558 1262 εἰς
577 1217 639 1264 τὴν
668 1217 755 1270 ὑπὲρ
774 1220 876 1268 ἡμῶν
904 1217 1121 1270 δοξολογίαν;

99 1280 262 1325 Τοσαύτη
284 1279 351 1332 γὰρ
379 1282 442 1325 τῆς
470 1281 595 1332 ἀρετῆς
619 1283 640 1326 ἡ
667 1278 784 1330 ἰσχὺς,
811 1282 857 1323 ὡς
887 1279 1020 1331 μυρίοις
1039 1280 1120 1320 στό-

100 1357 187 1390 μασι
207 1341 370 1380 δύνασθαι
394 1342 452 1380 τὸν
481 1340 690 1393 δημιουργὸν
715 1342 888 1391 ἀνυμνεῖν.
911 1340 1023 1378 Οὐδὲν
1052 1340 1120 1392 γὰρ

99 1402 243 1453 ἀρίστης
261 1402 438 1445 πολιτείας
454 1402 527 1440 ἴσον
546 1407 560 1422 ·“
573 1402 723 1452 γένοιτο,
744 1401 916 1454 ἀγαπητέ.
933 1402 1001 1440 Διὰ
1022 1407 1122 1441 τοῦτο

99 1463 157 1500 καὶ
177 1467 195 1502 ὁ
214 1463 336 1516 Κύριος
361 1464 456 1514 ἔλεγε
474 1479 481 1487 ·
503 1463 688 1515 Ααμψάτω
708 1464 747 1502 τὸ
766 1466 838 1515 φῶς
865 1465 962 1514 ὑμῶν
988 1462 1122 1516 ἔμπρο-

97 1528 174 1562 σθεν
202 1528 270 1563 τῶν
307 1525 498 1578 ἀνθρώπων
512 1555 521 1571 ,
555 1525 649 1567 ὅπως
680 1524 800 1562 ἴδωσιν
824 1527 922 1575 ὑμῶν
954 1524 999 1562 τὰ
1030 1523 1122 1562 καλὰ

92 1585 193 1636 ἔργα,
210 1586 270 1624 καὶ
292 1586 463 1631 δοξάσωσι
480 1587 537 1625 τὸν
554 1586 698 1637 Πατέρα
716 1589 814 1636 ὑμῶν
835 1585 892 1624 τὸν
916 1588 950 1624 ἐν
970 1591 1041 1629 τοῖς
1059 1587 1122 1624 οὖ-

98 1652 222 1697 ρανοῖς.
244 1642 344 1691 Εἶδες
371 1650 445 1691 πῶς
464 1648 622 1700 καθάπερ
642 1648 681 1686 τὸ
701 1650 772 1700 φῶς
802 1647 905 1700 φανὲν
932 1648 1120 1687 ἀπελαύνει

97 1708 136 1745 τὸ
159 1709 302 1755 σκότος,
322 1709 412 1748 οὕτω
441 1709 500 1748 καὶ
519 1713 540 1757 ἡ
564 1709 670 1762 ἀρετὴ
693 1711 839 1762 ὀφθεῖσα
865 1709 925 1748 καὶ
956 1708 1020 1755 τὴν
1049 1725 1117 1747 κα-

98 1770 174 1808 κίαν
190 1771 372 1822 φυγαδεύει
383 1800 392 1816 ,
412 1771 470 1808 καὶ
487 1773 548 1816 τῆς
566 1762 700 1817 πλάνης
721 1771 759 1808 τὸ
775 1770 896 1814 σκότος
912 1769 1120 1808 ἀπελάσασα

98 1831 182 1882 πρὸς
214 1832 409 1883 δοξολογίαν
444 1837 529 1869 κινεῖ
560 1835 629 1870 τῶν
661 1831 818 1885 δρώντων
850 1831 914 1878 τὴν
946 1831 1119 1878 διάνοιαν;

97 1892 201 1930 Οὕτω
216 1893 329 1931 τοίνυν
344 1893 592 1943 σπουδάζοιμεν
605 1895 705 1944 ἡμῶν
721 1893 874 1943 λάμπειν
895 1892 939 1930 τὰ
959 1893 1055 1945 ἔργα,
1075 1895 1121 1935 ὡς

98 1954 154 1991 τὸν
175 1954 343 2005 ἡμέτερον
358 1954 556 1998 δοξάζεσθαι
580 1954 777 2002 Δεσπότην.
797 1956 922 1992 Ταῦτα
943 1953 976 1993 δὲ
1004 1954 1120 2004 ἔλεγεν

98 2019 115 2052 ὁ
148 2015 315 2067 Χριστὸς,
347 2017 411 2066 οὐχ
438 2014 495 2053 ἵνα
527 2016 611 2067 πρὸς
643 2015 804 2060 ἐπίδειξίν
829 2031 863 2053 τι
889 2015 1101 2067 πράττωμεν
1114 2031 1121 2039 ·

99 2076 147 2126 μὴ
175 2076 330 2127 γένοιτο·
358 2076 437 2115 ἀλλ’
467 2075 523 2114 ἵνα
555 2075 645 2126 μετὰ
675 2076 853 2128 ἀκριὸείας
882 2076 940 2114 καὶ
969 2076 1060 2115 κατὰ
1082 2076 1121 2114 τὸ

97 2140 190 2190 αὐτῷ
210 2139 329 2176 δοκοῦν
345 2137 606 2188 πολιτευόμενοι
624 2137 712 2187 μήτε
735 2137 944 2189 βλασφημία
961 2137 1029 2175 τινὶ
1047 2136 1120 2189 χώ-

99 2215 159 2250 ραν
178 2198 405 2250 παρέχωμεν,
420 2198 479 2236 καὶ
499 2198 555 2236 διὰ
571 2201 632 2244 τῆς
649 2200 718 2236 τῶν
735 2200 873 2248 ἀγαθῶν
893 2197 1002 2249 ἔργων
1025 2198 1118 2251 πρά-

97 2260 178 2304 ξεως
197 2260 519 2312 παρασκευάζωμεν
538 2258 616 2304 τοὺς
631 2262 785 2311 ὁρῶντας
804 2258 956 2303 δοξάζειν
972 2259 1030 2298 τὸν
1048 2262 1117 2298 τῶν

93 2322 183 2359 ὅλων
199 2321 302 2360 Θεόν.
317 2321 409 2360 Τότε
422 2321 503 2374 γὰρ,
517 2319 594 2358 τότε
611 2320 670 2359 καὶ
684 2320 748 2367 τὴν
763 2320 849 2374 παρ’
865 2323 970 2359 αὐτοῦ
984 2320 1118 2360 εὔνοιαν

95 2383 260 2434 μειζόνως
286 2382 572 2433 ἐπισπασάμεθα,
598 2382 658 2420 καὶ
684 2381 747 2429 τὴν
776 2382 919 2421 κόλασιν
940 2383 1119 2435 διαφυγεῖν

95 2445 332 2495 δυνησόμεθα,
354 2444 413 2482 καὶ
431 2446 500 2481 τῶν
528 2444 736 2496 ἀποῤῥῆτων
762 2446 902 2496 ἀγαθῶν
927 2446 1119 2496 ἐπιτυχεῖν,

1036 217 1196 247 mimis.

1238 218 1393 248 llOMlL.
1433 218 1560 248 XXVI·
2057 220 2143 266 297

1193 300 1298 338 brare
1310 299 1412 337 illum
1430 308 1596 352 possunt,
1612 299 1746 338 etiamsi
1761 314 1824 352 pro
1842 300 1982 338 viribus
1995 301 2145 350 gloriam

1194 361 1248 398 illi
1280 362 1432 399 offerant
1469 377 1476 398 ε
1511 361 1746 399 nibilominus
1773 361 1912 413 justum
1944 361 2049 398 suerit
2082 377 2146 413 pro

1194 422 1336 461 viribus
1355 423 1552 474 gratiarum
1581 422 1754 461 actionem
1777 423 1927 470 offerre,
1959 431 1991 459 et
2016 421 2146 460 indesi-

1195 494 1316 522 nenter
1335 485 1515 523 celebrare
1531 485 1728 523 Dominum
1740 494 1918 531 nostrum,
1941 492 1974 521 et
1989 498 2052 536 per
2069 484 2146 522 lau-

1194 544 1281 582 dum
1300 559 1414 593 voces,
1435 554 1468 583 et
1483 560 1547 598 per
1566 545 1677 584 vitam
1699 545 1884 598 optimam.
1902 545 1972 583 Ista
1989 544 2082 582 enim
2097 555 2147 583 est

1195 605 1391 644 clarissima
1407 607 1470 644 Dei
1490 607 1691 655 celebratio,
1707 607 1852 658 quando
1868 621 1930 659 per
1943 606 2147 644 innumeras

1195 667 1337 717 linguas
1351 667 1502 718 gloriam
1520 667 1586 718 ipsi
1604 668 1801 706 ossei-imus.
1826 669 1916 706 Nam
1934 668 1994 718 qui
2016 668 2149 706 virtute

1195 726 1368 779 praeditus
1389 736 1454 773 cst,
1476 726 1512 765 id
1534 728 1644 765 eflicit
1663 737 1700 765 ut
1719 743 1854 775 omnes,
1879 729 1939 778 qui
1969 728 2149 766 intuentur

1196 802 1291 837 eum,
1302 788 1497 826 Dominum
1517 790 1592 840 ejus
1607 789 1768 827 laudent:
1779 799 1811 827 et
1822 790 2094 827 celebratiohzrc
2104 791 2149 839 ei,

1196 849 1664 902 quioccasionempra-buit,
1681 863 1847 900 magnam
1869 859 1901 887 et
1932 851 2149 888 ineffabilem

1197 911 1263 949 Dei
1287 911 1570 950 benevolentiam
1599 911 1777 950 conciliat.
1805 910 1907 958 Quid
1924 911 2033 962 igitur
2050 913 2150 950 nobis

1195 972 1333 1017 beatius
1346 972 1448 1021 foret,
1464 972 1492 1010 si
1507 986 1574 1010 non
1591 973 1708 1010 solum
1720 971 1850 1009 nostris
1865 971 1998 1023 linguis
2014 971 2150 1010 bonum

1196 1035 1310 1073 Deum
1321 1035 1433 1085 gloria
1445 1032 1745 1082 afficeremus,sed
1755 1042 1788 1071 et
1801 1047 1889 1085 prox
1897 1033 1986 1070 imos
1995 1048 2149 1085 quoque,

1194 1105 1233 1134 nt
1252 1105 1372 1134 nostro
1387 1095 1530 1134 nomine
1543 1110 1625 1134 eum
1639 1095 1857 1133 celebrarent
1867 1124 1877 1143 ,
1894 1094 2150 1134 incitaremus?

1195 1159 1354 1196 Tantum
1374 1157 1468 1195 enim
1486 1157 1631 1195 virtutis
1647 1156 1758 1194 robur
1781 1165 1833 1194 est
1847 1185 1858 1205 ,
1886 1165 1926 1193 ut
1952 1156 2149 1195 innumeris

1190 1219 1326 1270 linguis
1349 1218 1578 1257 Conditorem
1599 1216 1746 1255 laudare
1766 1226 1884 1268 queat.
1906 1217 2007 1255 Nihil
2025 1217 2148 1268 utique

1191 1280 1274 1318 vitae
1293 1280 1438 1319 virtutis
1453 1279 1622 1318 studiosae
1637 1278 1837 1331 comparari
1857 1287 1984 1331 potest,
2004 1277 2145 1319 dilecte.

1191 1341 1298 1381 Unde
1324 1351 1357 1380 et
1373 1341 1552 1379 Dominus
1576 1340 1718 1379 dicebat
1735 1356 1743 1377 τ
1758 1342 1904 1379 Luceat
1923 1341 1991 1378 lux
2012 1350 2145 1379 vestra
2162 1351 2273 1380 Mauh.
2298 1351 2327 1381 5.

1191 1417 1322 1442 coram
1348 1404 1587 1450 hominibus,
1619 1411 1660 1440 ut
1685 1403 1849 1439 videant
1869 1415 1985 1454 opera
2011 1411 2146 1440 vestra
2166 1392 2212 1421 ¹⁶·

1194 1467 1314 1513 bona,
1340 1475 1375 1504 et
1395 1465 1616 1518 glorificent
1630 1466 1792 1502 Patrem
1811 1473 1988 1502 vestrum
2009 1467 2077 1516 qui
2090 1474 2146 1503 est

1193 1531 1234 1565 in
1255 1528 1374 1566 coelis.
1404 1526 1542 1566 Vidisti
1570 1524 1749 1578 quomodo
1781 1525 1901 1563 lumen
1927 1539 2008 1563 cum
2030 1540 2147 1578 appa-

1193 1589 1324 1640 ruerit,
1355 1588 1523 1641 dispellat
1538 1588 1725 1626 tenebras?
1742 1588 1797 1626 Ita
1809 1596 1842 1626 et
1861 1587 1977 1626 virtus
1988 1618 1998 1636 ‚
2019 1588 2050 1625 si
2067 1602 2147 1626 con-

1192 1651 1315 1703 spicua
1341 1651 1462 1699 fuerit,
1482 1659 1516 1689 et
1535 1651 1712 1689 malitiam
1727 1651 1827 1701 fugat
1843 1659 1877 1688 et
1893 1649 2022 1688 erroris
2046 1659 2146 1688 tene—

1192 1713 1275 1750 bras
1304 1712 1432 1764 abigit,
1463 1720 1687 1762 mentemque
1713 1710 1915 1750 videntium
1945 1710 2077 1748 excitat
2101 1710 2147 1748 ad

1192 1775 1310 1812 Deum
1327 1772 1596 1812 celebrandum.
1616 1772 1794 1818 Quocirca
1819 1781 2022 1823 satagamus
2041 1781 2080 1809 ut
2096 1772 2147 1810 sic

1192 1835 1332 1873 luceant
1349 1849 1453 1887 opera
1473 1843 1592 1872 nostra
1603 1865 1614 1885 ,
1629 1848 1700 1885 quo
1714 1843 1748 1872 et
1767 1833 1942 1872 Dominus
1956 1842 2073 1872 noster
2091 1848 2147 1872 ce-

1158 1903 1166 1911 *
1193 1896 1362 1934 lebretur.
1390 1896 1476 1934 Haec
1495 1905 1614 1934 autem
1629 1895 1725 1934 dixit
1745 1894 1931 1943 Christus,
1951 1909 2020 1933 non
2041 1904 2080 1933 ut
2096 1894 2139 1933 ad

1193 1957 1462 1996 ostentationem
1488 1956 1630 2008 aliquid
1653 1957 1849 2006 faciamus3
1873 1956 1966 1994 absit
1988 1972 1996 1993 ε
2017 1956 2078 1995 sed
2107 1966 2147 1994 ut

1193 2017 1406 2070 diligenter,
1423 2027 1457 2056 et
1473 2027 1512 2056 ut
1536 2018 1604 2070 ipsi
1625 2018 1799 2070 probatur
1812 2048 1822 2065 ‚
1846 2017 1960 2055 vitam
1979 2031 2145 2070 agamus,

1193 2093 1262 2117 non
1294 2078 1526 2132 blasphemia:
1556 2078 1712 2131 cuipiam
1741 2078 1861 2116 locum
1889 2078 2143 2127 concedentes,

1193 2141 1256 2180 sed
1275 2141 1314 2179 id
1332 2141 1524 2179 efficientes
1537 2170 1548 2190 ,
1577 2149 1617 2178 ut
1635 2140 1738 2178 honis
1759 2140 1928 2192 operibus
1948 2139 1984 2177 in
2001 2139 2147 2178 laudem

1193 2203 1259 2242 Dei
1284 2211 1521 2256 prorumpant
1550 2215 1673 2240 omnes
1699 2200 1760 2252 qui
1783 2215 1848 2239 nos
1874 2200 2009 2239 vident.
2041 2202 2148 2239 Tunc

1191 2265 1306 2313 enim,
1321 2273 1406 2302 tunc
1420 2262 1532 2316 ipsius
1546 2261 1649 2301 nobis
1669 2261 1821 2314 gratiam
1834 2262 2006 2314 majorem
2028 2262 2146 2300 conci-

1190 2325 1372 2373 liabimus,
1387 2334 1421 2363 et
1433 2338 1573 2377 poenam
1587 2323 1758 2375 effugere,
1786 2322 1952 2374 bonaque
1975 2323 2142 2361 ineffabi-

1191 2388 1241 2426 lia
1274 2386 1427 2441 adipisci
1456 2385 1673 2439 poterimus,
1699 2385 1814 2437 gratia
1845 2393 1878 2423 et
1900 2384 2147 2423 misericordia

1191 2449 1340 2488 Domini
1357 2448 1468 2487 nostri
1493 2449 1578 2487 Jcsu
1595 2446 1730 2485 Christi
1741 2476 1752 2495 ,
1771 2460 1853 2484 cum
1871 2460 1942 2497 quo
1971 2446 2067 2484 Patri
2095 2446 2148 2483 si-

94 2507 215 2558 χᾶρῑῖῑ
251 2505 309 2542 καὶ
342 2503 584 2557 φῑλᾱνθρωπίᾳ
614 2508 673 2543 τοῦ
709 2503 837 2556 Κυρίου
868 2507 970 2554 ἡμῶν
1002 2505 1179 2559 '173605255
1193 2511 1268 2550 mul
1284 2519 1318 2549 et
1331 2509 1486 2563 Spiritui
1501 2517 1622 2547 sancto
1639 2508 1685 2545 sit
1705 2507 1832 2559 gloria,
1850 2507 2062 2559 imperium,
2082 2507 2147 2544 ho-

94 2569 265 2620 Χρῑσῒθῧ,
289 2567 364 2617 μεθ’
385 2560 422 2604 Οῧ
441 2569 491 2618 τῷ
513 2566 629 2619 Πατρὶ
656 2565 730 2616 ἅμα
749 2565 809 2604 καὶ
827 2569 876 2619 τῷ
897 2565 985 2619 ἁγίῳ
1006 2566 1118 2605 Πνῑύ-
1142 2572 1167 2602 Λ
1191 2587 1278 2624 nor,
1306 2585 1400 2610 nunc
1432 2579 1466 2609 et
1480 2583 1642 2622 semper,
1664 2568 1748 2607 etin
1769 2568 1898 2607 saecula
1918 2567 2143 2606 saeculorum.

93 2644 176 2679 ματι
197 2627 295 2675 δόξα,
317 2626 460 2679 κράτος,
479 2626 590 2677 τιμὴ,
619 2631 676 2666 νῦν
705 2626 765 2666 καὶ
792 2627 860 2677 ἀεὶ,
882 2627 941 2666 καὶ
963 2630 1011 2671 εἰς
1039 2627 1117 2673 τοὺς

92 2694 218 2734 αἰῶνας
236 2692 304 2727 τῶν
321 2689 467 2727 αἰώνων.
487 2688 606 2740 Ἀμήν.

135 2832 146 2845 ·
173 2823 182 2863 [
200 2822 301 2855 Savil.
320 2829 431 2866 γε’-,οιτο
449 2823 542 2856 uncis
559 2822 720 2865 inclusit.]

1192 2640 1313 2676 Amen.
