2516 3791
825 194 863 225 tx
905 193 1099 224 (it-:Nustm
1137 192 1287 223 SERMO
1327 193 1354 222 Ι.

60 281 178 333 μάτων
192 280 324 328 λαὸεἱν,
343 279 432 318 ἀλλὰ
447 279 662 323 καθοπλίσας
677 281 766 329 ὑμᾶς
783 284 857 321 ταῖς
871 277 1086 328 ἀπολογίαις,

58 344 165 386 οὕτως
197 343 255 380 ἐπὶ
291 343 352 386 τὰς
381 341 523 384 εὐθύνας
554 342 668 379 καλῶ·
699 340 758 378 καὶ
789 340 857 393 γὰρ
886 340 1085 384 δικάζεσθαι

60 403 232 455 βούλομαι
251 403 336 455 πρὸς
358 407 470 453 ὑμᾶς,
487 405 553 454 οὐχ
581 401 638 440 ἵνα
667 402 888 454 κατακρίνω,
921 402 999 440 ἀλλ’
1030 399 1085 438 ἰ’να

58 465 249 517 φείσωμαι.
267 464 373 503 Οὕτω
387 464 446 502 καὶ
467 465 622 516 ἀλλαχοῦ
640 480 743 517 φησι·
765 464 853 516 Λέγε
868 463 910 502 σὺ
923 468 937 484 ¹¹
948 465 1088 515 πρῶτον

56 525 119 570 τὰς
139 525 284 576 ἀνομίας
311 541 393 573 σου,
420 525 476 564 ἵνα
515 526 714 577 δικαιωθῇς.
743 525 865 577 Ἰῧχεις
894 523 1088 575 κατήγορον

57 586 181 639 πικρὸν
200 586 259 624 καὶ
279 586 453 638 ἀνήμερον
467 617 477 634 ,
497 586 684 640 προλαὸὼν
705 587 862 639 ἅρπασον
882 584 1014 624 ἐκείνου
1025 584 1090 631 τὴν

58 647 167 697 τάξιν,
184 647 358 701 ἔμφραξον
377 647 417 686 τὸ
433 647 663 700 ἀναίσχυντον
685 647 811 699 στόμα.

115 832 129 847 *
147 830 253 883 Παρὰ
275 830 338 882 μὲν
354 823 413 868 οῦν
433 829 496 877 τὴν
516 829 629 883 ἀρχὴν
654 831 697 868 δι’
728 833 851 869 ἑαυτοῦ
870 836 942 874 τοῖς
961 830 1093 882 ἀνθρώ-

59 909 136 936 ποις
155 895 172 930 ὁ
191 891 281 934 Θεὸς
302 891 429 942 ὡμίλει
445 921 455 938 ,
475 893 522 934 ὡς
539 891 734 943 ἀνθρώποις
763 893 910 930 ἀκοῦσαι
931 891 1088 930 δυνατόν.

58 952 166 994 Οὕτω
195 952 280 1005 πρὸς
309 952 368 991 τὸν
396 951 505 1004 Ἀδὰμ
537 947 638 1000 ἦλθεν
651 967 659 976 ·
690 952 799 997 οὕτως
827 953 1017 1004 ἐπετίμησε
1040 955 1091 1004 τῷ

60 1015 149 1054 Κάϊν
163 1029 170 1037 ·
189 1013 280 1053 οὕτω
309 1013 470 1066 διελέχθη
490 1017 540 1067 τῷ
562 1015 659 1052 Νῶε·
681 1014 790 1059 οὕτως
819 1014 1014 1062 ἐπεξενώθη
1041 1017 1091 1066 τῷ

60 1075 235 1128 Ἀδραάμ.
256 1075 403 1122 Ἐπειδὴ
423 1075 458 1114 δὲ
478 1075 564 1127 πρὸς
585 1075 710 1114 κακίαν
729 1079 750 1122 ἡ
771 1076 872 1129 φύσις
891 1079 991 1127 ἡμῶν
1007 1076 1092 1114 ἀπέ-

61 1140 174 1184 κλινε,
191 1138 250 1175 καὶ
266 1138 425 1190 καθάπερ
445 1139 492 1180 εἷς
509 1138 695 1191 ὑπερορίαν
710 1137 788 1176 τινὰ
807 1138 944 1191 μακρὰν
964 1137 1092 1184 ἑαυτὴν

63 1199 226 1246 διέστησε
240 1230 248 1246 ,
265 1203 458 1246 τηνικαῦτα
473 1200 607 1248 λοιπὸν,
621 1199 781 1253 καθάπερ
801 1201 834 1238 ἐν
855 1207 975 1254 μακρᾷ
991 1203 1095 1238 καθε-

64 1263 193 1300 στῶσιν
206 1261 407 1313 ἀποδημίᾳ,
421 1260 615 1313 γράμματα
630 1261 776 1312 πέμπει,
797 1261 916 1314 ὥσπερ
932 1262 989 1300 διά
1004 1277 1095 1304 τινος

64 1325 251 1370 ἐπιστολῆς
271 1324 334 1370 τὴν
359 1322 514 1361 παλαιὰν
531 1323 617 1376 πρὸς
646 1326 741 1373 ἡμᾶς
761 1323 1008 1374 ἀνανεούμενος
1037 1339 1095 1376 φι-

62 1384 154 1423 λίαν.
180 1384 249 1423 Καὶ
268 1384 312 1422 τὰ
342 1384 405 1435 μὲν
423 1384 619 1436 γράμματα
645 1388 756 1422 ταῦτα
775 1383 929 1436 ἔπεμψεν
947 1387 965 1422 6
983 1383 1074 1427 Θεὸς
1086 1412 1096 1430 ,

65 1444 208 1496 ἐκόμισε
224 1443 289 1484 8ὲὸ
308 1447 477 1491 Momm.
496 1444 544 1483 Τί
558 1439 616 1484 οῦν
635 1444 785 1497 λέγειτὰ
804 1445 1018 1498 γράμματα;
1036 1444 1096 1482 Ἐν

68 1508 164 1559 ἀρχῇ
183 1506 346 1554 ἐποίησεν
361 1509 379 1545 6
393 1506 483 1550 Θεὸς
498 1506 556 1545 τὸν
577 1506 721 1559 οὐρανὸν
740 1506 800 1545 καὶ
817 1506 880 1554 τὴν
899 1510 976 1559 γῆν.
993 1506 1098 1551 Τίνος

65 1567 181 1606 ἕνεκεν
197 1571 235 1606 οὐ
255 1568 337 1620 περὶ
356 1570 425 1606 τῶν
445 1567 602 1620 ἀγγέλων
618 1571 704 1619 ἡμῖν
720 1567 940 1619 διαλέγεται,
962 1570 1000 1606 οὐ
1018 1568 1098 1621 περὶ

66 1631 136 1667 τῶν
155 1629 403 1683 ἀρχαγγέλων;
425 1631 469 1669 Εἰ
488 1629 557 1683 γὰρ
576 1629 646 1668 ἀπὸ
673 1632 742 1668 τῶν
770 1629 975 1680 κτισμάτων
1005 1632 1023 1667 6
1042 1630 1100 1676 δη-

69 1691 232 1743 μιουργὸς
250 1694 432 1743 θεωρεῖται
447 1721 457 1739 ,
478 1692 598 1743 πολλῷ
616 1692 748 1742 μᾶλλον
771 1693 833 1730 ἀπ’
860 1691 1000 1730 ἐκείνων
1020 1691 1100 1744 φαί-

67 1768 174 1791 νεται.
199 1753 314 1796 Καλὸς
342 1755 360 1790 ὁ
391 1752 533 1804 οὐρανὸς
545 1781 555 1800 ,
577 1753 655 1791 ἀλλ’
687 1753 755 1804 οὐχ
781 1753 873 1790 οὕτω
900 1753 1023 1798 καλὸς,
1053 1754 1100 1795 ὡς

68 1814 213 1867 ἄγγελος
227 1829 235 1837 ·
252 1814 394 1866 φαιδρὸς
409 1816 428 1851 6
446 1813 543 1860 ἥλιος
557 1844 566 1862 ,
587 1815 664 1852 ἀλλ’
683 1816 750 1866 οὐχ
764 1813 854 1853 οὕτω
870 1815 1011 1867 φαιδρὸς
1023 1844 1033 1864 ,
1055 1817 1101 1857 ὡς

69 1878 88 1914 ὃ
108 1876 338 1928 ἀρχάγγελος.
363 1874 468 1918 Τίνος
486 1868 544 1913 οῦν
558 1874 673 1913 ἕνεκεν
692 1875 756 1923 τὴν
773 1876 989 1928 ὑψηλοτέραν
1006 1875 1104 1928 ἀφεὶς

72 1937 164 1985 ὁδὸν,
187 1936 242 1975 διὰ
262 1940 325 1984 τῆς
352 1937 602 1990 ταπεινοτέρας
630 1941 725 1989 ἡμᾶς
749 1936 986 1990 ὃδ“ηγεῐ;“οτι
1013 1937 1102 1976 Ἰου-

1132 1287 1137 1294 ·
1169 1275 1250 1313 gam
1269 1261 1587 1314 peregrinationem
1610 1259 1883 1312 susceperhnus,
1899 1259 2020 1297 literas
2040 1258 2124 1296 mit-

2026 178 2116 235 vsu.)

1159 285 1190 313 et
1213 285 1295 313 tunc
1319 275 1367 313 ait
1397 291 1402 310 :
1430 276 1564 312 l'eniaee
1587 282 1621 311 el
1645 274 1894 324 disputemus,
1920 273 2011 308 dicit
2037 273 2114 308 lh>-

1161 339 1300 374 minus.
1329 336 1420 374 Nolo
1449 350 1527 386 vos,
1559 334 1687 386 inquit,
1711 333 1825 372 nudos
1856 341 1888 370 et
1920 331 2120 370 defensione

1114 413 1136 442 υ
1162 411 1291 436 vacuos
1312 412 1470 441 sumere,
1493 397 1553 435 scil
1584 397 1775 434 instructos
1797 393 1980 432 ratiocinio
2000 402 2034 431 et
2051 392 2118 430 de-

1159 458 1316 496 fensione
1346 459 1391 496 nd
1421 459 1591 496 rationem
1623 455 1839 494 reddendam
1874 468 1962 493 voco
1985 470 1991 490 :
2011 453 2120 504 siqui-

1159 519 1241 556 dem
1264 518 1453 557 vobiscum
1484 519 1684 571 disceptare
1714 517 1808 559 vole,
1834 531 1902 554 non
1928 525 1964 553 ut
1992 514 2120 552 condo-

1161 594 1296 629 mnem,
1311 579 1373 617 sed
1392 589 1427 617 ut
1443 595 1599 633 parram.
1620 580 1680 618 Sic
1693 589 1725 617 et
1740 579 1810 616 alio
1828 579 1904 616 loeo
1917 577 2005 615 (lii-it
2024 578 2120 614 :Dic
2137 599 2321 637 'sm-'4325’

1164 650 1205 680 tu
1222 645 1330 694 prior
1349 645 1576 694 iniquitates
1597 651 1696 686 cutm,
1723 650 1762 678 ut
1778 642 2017 693 justificeris.
2042 639 2119 676 lla-

1165 702 1226 741 bes
1246 703 1414 741 acerbum
1434 712 1466 741 et
1491 702 1664 740 immitem
1683 711 1922 740 accusatorem
1942 716 1949 736 τ
1967 699 2121 753 praexvni

1165 779 1261 809 eum,
1284 765 1402 803 locum
1423 764 1526 818 prins
1545 778 1692 816 occupa,
1714 778 1753 801 os
1774 763 1962 815 impudens
1983 762 2121 799 obtura.

1217 829 1254 864 2.
1275 826 1382 865 Initio
1402 835 1494 864 (erte
1520 827 1617 864 Deus
1640 840 1701 878 per
1719 840 1755 863 se
1776 824 1982 862 bominibus
2003 823 2122 874 loque-

1164 887 1281 937 batur,
1296 897 1470 939 quantum
1485 888 1571 926 sciti·
1585 897 1618 925 et
1633 887 1839 925 horninibus
1855 885 1979 924 audire
1994 887 2046 922 sas
2060 894 2122 923 est.

1164 949 1224 987 Sic
1245 949 1426 988 Adaninm
1455 949 1559 1000 adiit,
1582 950 1632 987 si«-
1661 950 1816 987 Ca'i'nuin
1838 948 2053 1000 ine1·epax‘it;
2077 948 2126 985 sic

1163 1028 1245 1053 cum
1263 1016 1336 1054 Noe
1351 1015 1519 1066 loquutus
1536 1024 1606 1065 est3
1624 1014 1673 1052 sic
1690 1015 1735 1052 ab
1754 1013 1956 1051 Abraliamo
1973 1012 2127 1064 hospitio

1164 1085 1362 1128 susceptus.
1381 1079 1517 1116 Verum
1538 1077 1622 1128 quia
1644 1086 1768 1114 natura
1789 1085 1906 1114 nostra
1927 1075 1973 1112 ad
1992 1075 2127 1112 malum

1166 1138 1382 1188 declinavit,
1415 1147 1448 1176 et
1480 1138 1583 1190 quasi
1617 1138 1652 1175 in
1686 1137 1922 1188 longinquum
1959 1136 2125 1173 exsilium

1168 1201 1321 1253 seipsam
1341 1200 1539 1249 transtulit;
1554 1199 1701 1238 demum
1718 1199 1780 1236 ille
1797 1197 1913 1245 nobis,
1931 1197 2031 1248 qnasi
2052 1197 2126 1235 lon-

2186 1283 2263 1309 th-ns
2282 1292 2327 1318 pei

1170 1323 1224 1373 tit,
1242 1323 1344 1374 quasi
1361 1337 1424 1375 per
1442 1322 1629 1375 epistolam
1649 1321 1835 1359 nobiseum
1853 1330 2007 1360 veterem
2026 1334 2127 1358 reno·
2143 1327 2239 1353 ium-m
2277 1325 2332 1392 ¹³3ss

2143 1378 2208 1399 cum
2289 1377 2331 1393 10-

1169 1397 1257 1423 vans
1286 1383 1494 1422 amicitiam.
1516 1382 1732 1436 Hujusmodi
1752 1382 1872 1420 literas
1893 1381 1990 1420 misit
2014 1382 2126 1431 Deus,
2144 1416 2222 1442 mim,

1169 1445 1290 1484 attulit
1304 1447 1463 1498 Moyses.
1480 1444 1579 1492 Quid
1596 1445 1709 1482 serunt
1727 1444 1864 1482 literae?
1878 1446 1926 1481 In
1940 1445 2130 1496 principio
2149 1458 2223 1483 Gen.
2249 1463 2272 1480 ι.
2306 1461 2332 1480 ι.

1166 1509 1263 1560 fecit
1283 1509 1390 1546 Deus
1410 1508 1549 1546 coelum
1569 1516 1606 1545 et
1625 1515 1780 1545 terram.
1810 1506 1884 1544 Cur
1913 1519 1981 1543 non
2001 1504 2047 1543 de
2068 1519 2131 1542 an—

1171 1568 1259 1620 gelis
1278 1568 1335 1608 vel
1354 1567 1399 1606 de
1417 1567 1640 1619 archangelis
1661 1567 1822 1618 loquitur
1842 1567 1971 1604 nobis?
1990 1568 2083 1604 Nam
2103 1566 2132 1603 si

1171 1642 1216 1666 ex
1231 1628 1403 1666 creaturis
1421 1628 1567 1665 Creator
1583 1626 1814 1678 conspicitur,
1831 1626 1945 1663 multo
1960 1625 2073 1675 magis
2088 1639 2133 1664 ex

1171 1689 1242 1727 illis
1262 1689 1357 1727 nosci
1378 1689 1508 1742 potuit.
1534 1688 1731 1725 Pulchrum
1751 1696 1802 1725 cst
1822 1687 1961 1733 calum,
1983 1687 2045 1725 scd
2066 1701 2132 1725 uon

1172 1750 1219 1789 ita
1234 1750 1427 1803 pulchrum
1442 1759 1480 1788 nt
1496 1748 1880 1802 ang‹·lus;splendidus
1894 1749 1965 1799 sol,
1983 1748 2044 1786 sed
2065 1763 2132 1787 non

1172 1812 1221 1849 ita
1241 1811 1451 1865 splendidus
1481 1821 1520 1849 ut
1545 1810 1794 1863 archangelus.
1829 1811 1903 1848 Cur
1933 1810 2055 1862 itaque
2074 1825 2133 1849 su-

1172 1875 1339 1913 blimiore
1357 1873 1505 1912 dimissa
1523 1874 1595 1923 via,
1613 1887 1676 1926 per
1687 1873 1918 1911 humiliorem
1938 1887 2000 1911 nos
2016 1872 2129 1911 ducit.

1175 1936 1272 1984 Quia
1291 1951 1375 1974 eum
1391 1935 1528 1976 Judaeis
1544 1935 1716 1987 loquitur,
1735 1935 1796 1985 qui
1818 1934 1998 1973 intellectu
2015 1935 2135 1974 minus

71 1998 178 2043 δαίοις
198 1998 420 2050 διαλέγεται,
434 2005 505 2043 τοῖς
526 1999 741 2052 ἀλογιίπερον
763 1999 1015 2052 διακειμένοις,
1034 2006 1105 2044 τοῖς
1117 1997 1338 2051 6&instructi
1358 2006 1469 2046 erant,
1490 1997 1554 2049 qui
1573 1996 1763 2035 sensilibus
1790 1996 1986 2046 haerebant,
2009 1997 2069 2047 qui
2089 2012 2134 2036 ex

69 2060 154 2113 πρὸς
171 2059 215 2098 τὰ
235 2059 387 2106 αἰσθητὰ
412 2059 659 2111 ἐπτοημένοις,
678 2065 750 2103 τοῖς
771 2060 805 2105 ἐξ
837 2060 1016 2112 Αἰγύπτου
1047 2066 1104 2100 νῦν
1129 2064 1153 2092 Α
1175 2059 1336 2113 AEgypto
1366 2073 1481 2111 nuper
1510 2058 1657 2111 egressi,
1691 2058 1753 2095 ubi
1788 2057 1979 2108 crocodili,
2012 2072 2133 2103 canes,

70 2123 287 2169 ἐπανιοῦσιν,
306 2120 387 2159 ἔνθα
406 2120 645 2174 κροκοδείλους
659 2121 719 2160 καὶ
735 2121 840 2165 κύνας
859 2121 919 2160 καὶ
937 2122 1105 2169 πιθήκους

69 2182 276 2236 ἐθεράπευον
294 2183 325 2220 οῖ
342 2181 523 2235 ἄνθρωποι
538 2198 546 2205 ·
563 2182 622 2220 καὶ
645 2183 708 2220 οὐκ
727 2184 808 2229 ἐνῆν
823 2181 880 2220 διὰ
899 2185 962 2229 τῆς
976 2185 1106 2236 ὑψηλο-

67 2243 171 2296 τέρας
189 2242 314 2286 αὗτοὺς
329 2244 407 2282 ὁδοῦ
419 2247 685 2296 χειραγωγῆσαι
701 2244 787 2297 πρὸς
800 2245 858 2284 τὸν
880 2245 1102 2297 δημιουργόν.

71 2303 297 2357 Ὑψηλοτέρα
317 2303 379 2356 μὲν
397 2305 465 2357 γὰρ
487 2305 563 2349 ὁδός
583 2307 678 2344 ἐστιν
703 2306 839 2354 ἐκείνη,
858 2306 948 2345 ἀλλὰ
973 2322 1105 2359 τραχυ-

72 2365 176 2420 τέρα,
197 2366 258 2404 καὶ
273 2365 475 2418 προσάντης
488 2396 497 2413 ,
512 2367 572 2405 καὶ
593 2368 725 2417 μᾶλλον
741 2367 853 2420 ὄρθιος
872 2366 943 2412 τοῖς
960 2370 1104 2406 ἀσθενε-

71 2428 217 2482 στέροις.
239 2427 308 2466 Διὰ
323 2431 423 2466 τοῦτο
439 2428 563 2472 αὐτοὺς
583 2429 640 2467 διὰ
665 2431 727 2476 τῆς
753 2429 986 2481 εὖκολωτέρας
1007 2429 1102 2482 ἄγει,

72 2490 114 2527 δι’
137 2491 280 2542 οὐρανοῦ
296 2488 356 2527 καὶ
373 2491 437 2541 γῆς
462 2489 522 2528 καὶ
542 2490 737 2537 θαλάττης,
758 2491 818 2529 καὶ
845 2493 907 2537 τ’ῆς
925 2492 1104 2543 ὃρωμένης

73 2549 220 2594 κτίσεως
249 2549 403 2597 ἁπάσης.
426 2549 511 2590 υΟτι
531 2551 594 2602 μὲν
622 2551 690 2604 γὰρ
709 2555 809 2590 τοῦτο
829 2551 869 2590 τὸ
895 2552 1017 2598 αἴτιον,
1047 2552 1105 2592 ὅτε

74 2617 87 2633 ⁸
102 2611 227 2665 μικρὸν
247 2611 442 2659 ἐπέδωκαν,
471 2612 618 2651 ἄκουσον
642 2617 718 2657 πῶς
738 2617 852 2658 αὐτοῖς
881 2617 899 2652 ὁ
923 2613 1105 2668 προφήτης

76 2673 136 2711 καὶ
153 2673 235 2726 περὶ
261 2673 402 2712 ἐκείνων
426 2673 627 2725 διαλέγεται
644 2677 713 2713 τῶν
739 2675 812 2714 ἄνω
830 2675 1024 2727 δυνάμεων.
1044 2677 1106 2714 Αἷ-

76 2739 165 2771 νεῖτε
194 2734 252 2772 τὸν
284 2734 426 2786 Κύριον,
461 2735 580 2787 φησὶν,
616 2738 655 2774 ἐκ
684 2738 754 2774 τῶν
780 2737 948 2788 οὐρανῶν,
979 2738 1106 2775 αἷνεῖτε

79 2793 181 2832 αὐτὸν
202 2795 237 2831 ἐν
258 2799 329 2838 τοῖς
347 2795 502 2847 ὑψίστοις
517 2812 525 2820 ·
543 2799 668 2836 αἶνεῐτε
685 2797 786 2836 αὐτὸν
801 2796 929 2841 πάντες
948 2799 980 2835 οἱ
1001 2797 1105 2851 ἄγγε-

77 2855 132 2891 λοι
161 2855 286 2902 αὐτοῦ,
308 2857 435 2893 αἰνεῑτε
463 2857 565 2895 αὐτὸν
591 2864 704 2897 πᾶσαι
733 2861 769 2897 αἱ
790 2858 952 2910 δυνάμεις
986 2861 1110 2897 αὐτοῦ’

66 2913 131 2952 ’ὅτι
161 2914 263 2958 αὐτὸς
288 2908 380 2963 εἷπε,
401 2916 461 2953 καὶ
488 2918 739 2968 ἐγεννήθησαν·
776 2920 877 2964 αὐτὸς
904 2920 1111 2968 ἐνετείλατο,

87 2976 147 3014 καὶ
168 2976 391 3025 ἐκτίσθησαν.
412 2977 483 3016 Καὶ
500 2978 535 3016 τί
560 2980 770 3030 θαυμαστὸν,
790 2983 820 3020 εἰ
838 2983 874 3020 ἐν
904 2984 948 3034 τῇ
966 2983 1112 3035 Παλαιᾷ

80 3041 178 3082 οὗτος
200 3043 218 3077 6
237 3038 364 3091 τρόπος
377 3042 441 3086 ἰ’-’ῆς
458 3040 685 3084 διδασκαλίας
712 3042 820 3088 ἐστὶν,
846 3043 973 3096 ὅπουγε
995 3044 1055 3082 καὶ
1075 3045 1110 3082 ἐν

80 3101 122 3150 τῇ
139 3100 254 3151 Καινῇ
268 3128 278 3146 ,
298 3098 354 3137 ὅτε
376 3098 469 3138 ι’τῶν
495 3100 717 3153 ὑψηλοτέρων
743 3102 966 3153 διδαγμᾶτων
993 3104 1112 3156 καιρὸς

80 3152 136 3208 ἦν,
159 3160 353 3208 Ἀθηναίοις
380 3160 624 3212 διαλεγόμενος
651 3164 669 3199 6
701 3162 840 3205 Παῦλος
862 3163 993 3209 ταύτην
1028 3159 1113 3211 ἦλθε

124 3282 137 3297 ³
164 3272 245 3316 ch-
263 3279 392 3317 macutes·

125 3324 142 3342 ²*
168 3325 246 3357 Haec
275 3323 392 3357 iisdem
423 3334 505 3367 pene
535 3323 643 3357 verbis
670 3323 771 3357 habes
796 3335 894 3366 supra
912 3324 1055 3358 Humilia
1075 3327 1092 3357 2

82 3377 116 3408 in
132 3375 286 3409 Genesim
304 3387 337 3419 p.
356 3379 389 3418 9,
407 3384 441 3409 et
456 3388 547 3420 seqq.
567 3390 572 3408 :
593 3385 670 3410 sunt
686 3378 787 3409 eiiam
801 3375 864 3408 alia
890 3377 994 3409 multa
1016 3389 1093 3420 pas-

84 3428 146 3460 sim
164 3428 196 3462 in
214 3426 265 3461 his
292 3426 521 3469 sermonibus,
551 3439 623 3473 quae
639 3429 754 3462 eadem
772 3430 841 3472 ipsa
873 3428 1038 3462 habentur
1067 3431 1098 3462 in

1173 2121 1286 2160 simiae
1306 2122 1352 2159 ab
1370 2120 1578 2159 hominibus
1599 2120 1828 2170 colebantur3
1843 2133 1910 2157 ncc-
1924 2119 2055 2157 licebat
2077 2133 2135 2158 su-

1172 2183 1341 2222 blimiore
1361 2183 1420 2221 via
1436 2182 1517 2221 illos
1538 2181 1584 2220 ad
1615 2182 1820 2220 Creatorem
1845 2180 1983 2219 ducere.
2008 2181 2134 2219 Subli-

1174 2245 1266 2284 mior
1285 2245 1408 2296 utique
1426 2243 1485 2282 via
1506 2243 1568 2281 illa
1584 2242 1742 2292 erat,sed
1757 2243 1927 2296 asperior,
1940 2251 2134 2295 przerupta,

1173 2316 1206 2345 et
1218 2306 1330 2345 ardua
1348 2305 1623 2344 infirmioribus.
1642 2304 1728 2342 Ideo
1747 2304 1829 2342 illos
1848 2318 1911 2356 per
1937 2303 2136 2341 faciliorem

1173 2368 1285 2417 ducit,
1306 2382 1369 2421 per
1391 2367 1537 2415 caelum,
1556 2375 1688 2405 terram
1701 2395 1711 2413 ‚
1732 2379 1844 2414 mare,
1863 2374 2058 2415 caeteraque
2080 2365 2135 2403 vi-

1172 2429 1293 2468 sibilia
1317 2437 1446 2467 creata.
1479 2426 1588 2474 Quod
1606 2436 1726 2464 autem
1747 2426 1825 2464 haec
1843 2441 1928 2464 vera
1947 2426 1992 2463 sit
2011 2440 2113 2463 causa
2124 2456 2133 2474 ,

1172 2488 1259 2527 audi
1289 2487 1484 2540 quomodo,
1508 2495 1697 2539 postquam
1722 2485 1872 2537 paulum
1896 2485 2132 2537 profecerant,

1176 2550 1352 2603 propbeta
1381 2549 1426 2588 de
1449 2548 1522 2586 illis
1541 2547 1706 2600 supernis
1728 2546 1926 2584 virtutibus
1950 2545 2132 2595 loquatur.
2150 2561 2237 2590 Psal.
2272 2561 2335 2598 ¹43·

1178 2613 1357 2651 Laudare
1376 2612 1604 2655 Dominum,
1621 2607 1754 2659 inquit,
1773 2608 1822 2645 de
1836 2607 1955 2652 coelis,
1976 2607 2137 2645 laudate
2156 2619 2179 2639 ¹·
2202 2617 2231 2636 2-
2252 2609 2280 2636 ’”’

1179 2687 1266 2712 eum
1286 2676 1328 2710 in
1347 2671 1509 2710 excelsis
1530 2685 1540 2706 :
1559 2669 1720 2707 laudate
1741 2682 1826 2705 eum
1847 2681 1977 2706 omnes
2007 2669 2138 2721 angeli

1180 2738 1275 2788 ejus,
1299 2733 1460 2771 laudate
1480 2745 1565 2769 eum
1582 2743 1713 2768 omnes
1730 2732 1896 2767 virtutes
1915 2732 1997 2782 ejus
2014 2746 2024 2766 .·
2043 2744 2136 2782 quo-

1182 2799 1287 2834 niam
1298 2797 1378 2846 ipse
1391 2794 1505 2838 dixit,
1517 2792 1678 2845 etfacta
1693 2799 1783 2828 sunt
1791 2805 1807 2838 ;
1822 2793 1902 2843 ipse
1915 2793 2132 2837 mandavit,

1180 2866 1217 2897 et
1232 2865 1365 2895 creata
1378 2862 1481 2893 sunt.
1502 2852 1550 2890 Et
1568 2851 1656 2904 quid
1672 2851 1804 2889 mirum
1819 2852 1849 2890 si
1868 2852 1904 2890 in
1925 2853 2048 2892 Veteri
2066 2854 2136 2891 Te-

1180 2925 1352 2957 stamento
1380 2914 1440 2952 hie
1470 2912 1642 2951 doctrina:
1673 2912 1802 2951 modus
1831 2913 2026 2966 reperitur,
2055 2928 2137 2952 cum

1180 2980 1287 3020 ctiam
1305 2978 1340 3015 in
1355 2977 1457 3014 Novo
1472 3004 1482 3024 ‚
1506 2973 1649 3025 quando
1667 2973 1922 3012 sublimiorum
1942 2974 2138 3013 documen-

1182 3050 1299 3079 torum
1319 3047 1458 3089 teinpus
1481 3043 1570 3085 erat,
1592 3048 1674 3072 cum
1698 3034 1972 3073 Atheniensibus
1991 3036 2138 3086 loquens

1183 3101 1330 3147 Paulus,
1356 3097 1518 3136 eamdem
1551 3095 1704 3134 tenuerit
1722 3095 1842 3146 viam,
1864 3110 1973 3148 quam
1996 3098 2139 3148 Moyses

1183 3176 1265 3201 eum
1285 3159 1429 3201 Judaeos
1450 3157 1678 3195 institueret?
1693 3157 1814 3208 Neque
1833 3157 1926 3195 enim
1946 3156 1990 3195 de
2004 3157 2138 3207 angelis

1126 3271 1290 3306 nominis.
1321 3269 1404 3302 Vide
1420 3268 1582 3302 Montium
1597 3279 1704 3310 supra.

1172 3337 1183 3349 ²¹
1209 3329 1320 3369 Μικρὸν
1334 3324 1453 3359 ἑαυτοὺς
1468 3323 1619 3355 ἐπέδωκαν
1632 3325 1706 3365 πρὸς
1725 3323 1898 3354 θεοσέὸειαν.
1920 3326 2043 3353 ἄκουσον
2059 3318 2142 3360 Rvg.

1174 3379 1189 3403 Ι·
1214 3387 1276 3412 Τῶν
1292 3379 1452 3420 ιἰλοαόρων
1466 3375 1656 3415 διδαγμάτων
1673 3372 1753 3414 Reg.
