<?xml version="1.0" encoding="UTF-8"?>
<!DOCTYPE html PUBLIC "-//W3C//DTD XHTML 1.0 Transitional//EN"
    "http://www.w3.org/TR/xhtml1/DTD/xhtml1-transitional.dtd">
<html xmlns="http://www.w3.org/1999/xhtml" xml:lang="en" lang="en">
 <head>
  <title>
</title>
<meta http-equiv="Content-Type" content="text/html;charset=utf-8" />
  <meta name='ocr-system' content='tesseract 3.04.00' />
  <meta name='ocr-capabilities' content='ocr_page ocr_carea ocr_par ocr_line ocrx_word'/>
</head>
<body>
  <div class='ocr_page' id='page_1' title='image "./operaomniaquaeex04johnuoft/operaomniaquaeex04johnuoft_0684.png"; bbox 0 0 2516 3791; ppageno 0'>
   <div class='ocr_carea' id='block_1_1' title="bbox 137 2762 232 2793">
    <p class='ocr_par' dir='ltr' id='par_1_1' title="bbox 137 2762 232 2793">
     <span class='ocr_line' id='line_1_1' title="bbox 137 2762 232 2793; baseline 0.011 -4"><span class='ocrx_word' id='word_1_1' title='bbox 137 2777 164 2793; x_wconf 80' lang='lat' dir='ltr'>v.</span> <span class='ocrx_word' id='word_1_2' title='bbox 180 2762 232 2792; x_wconf 69' lang='grc'>26.</span> 
     </span>
    </p>
   </div>
   <div class='ocr_carea' id='block_1_2' title="bbox 320 172 783 232">
    <p class='ocr_par' dir='ltr' id='par_1_2' title="bbox 320 172 783 232">
     <span class='ocr_line' id='line_1_2' title="bbox 320 172 783 232; baseline -0.002 -13"><span class='ocrx_word' id='word_1_3' title='bbox 320 172 415 232; x_wconf 73' lang='grc'>664</span> <span class='ocrx_word' id='word_1_4' title='bbox 746 189 783 218; x_wconf 82' lang='lat' dir='ltr'>s.</span> 
     </span>
    </p>
   </div>
   <div class='ocr_carea' id='block_1_3' title="bbox 318 265 1317 1831">
    <p class='ocr_par' dir='ltr' id='par_1_3' title="bbox 318 265 1317 1831">
     <span class='ocr_line' id='line_1_3' title="bbox 318 265 1267 323; baseline -0.008 -14"><span class='ocrx_word' id='word_1_5' title='bbox 318 271 412 321; x_wconf 87' lang='lat' dir='ltr'><em>ditu,</em></span> <span class='ocrx_word' id='word_1_6' title='bbox 428 279 466 309; x_wconf 88' lang='lat' dir='ltr'>ut</span> <span class='ocrx_word' id='word_1_7' title='bbox 477 270 621 309; x_wconf 81' lang='lat' dir='ltr'><em>discatis</em></span> <span class='ocrx_word' id='word_1_8' title='bbox 635 279 807 322; x_wconf 83' lang='lat' dir='ltr'><em>quantum</em></span> <span class='ocrx_word' id='word_1_9' title='bbox 820 279 962 323; x_wconf 88' lang='lat' dir='ltr'><em>propter</em></span> <span class='ocrx_word' id='word_1_10' title='bbox 975 280 1129 307; x_wconf 87' lang='lat' dir='ltr'><em>sororem</em></span> <span class='ocrx_word' id='word_1_11' title='bbox 1144 265 1267 303; x_wconf 86' lang='lat' dir='ltr'><em>dolue-</em></span> 
     </span>
     <span class='ocr_line' id='line_1_4' title="bbox 321 327 1271 381; baseline -0.004 -12"><span class='ocrx_word' id='word_1_12' title='bbox 321 340 416 369; x_wconf 86' lang='lat' dir='ltr'><em>runt.</em></span> <span class='ocrx_word' id='word_1_13' title='bbox 443 333 505 369; x_wconf 73' lang='lat'>14.</span> <span class='ocrx_word' id='word_1_14' title='bbox 536 333 731 369; x_wconf 81' lang='lat' dir='ltr'><em>Dixerunt</em></span> <span class='ocrx_word' id='word_1_15' title='bbox 756 331 862 380; x_wconf 85' lang='lat' dir='ltr'><em>enim,</em></span> <span class='ocrx_word' id='word_1_16' title='bbox 884 331 1019 381; x_wconf 84' lang='lat' dir='ltr'><em>inquit,</em></span> <span class='ocrx_word' id='word_1_17' title='bbox 1041 327 1225 379; x_wconf 59' lang='lat' dir='ltr'><em>Symeon}</em></span> <span class='ocrx_word' id='word_1_18' title='bbox 1234 336 1271 365; x_wconf 81' lang='lat' dir='ltr'>et</span> 
     </span>
     <span class='ocr_line' id='line_1_5' title="bbox 320 390 1270 444; baseline -0.003 -15"><span class='ocrx_word' id='word_1_19' title='bbox 320 393 575 444; x_wconf 36' lang='lat' dir='ltr'><em>Levi—fratres</em></span> <span class='ocrx_word' id='word_1_20' title='bbox 589 392 812 444; x_wconf 74' lang='lat' dir='ltr'><em>Dinoe,filii</em></span> <span class='ocrx_word' id='word_1_21' title='bbox 825 399 954 427; x_wconf 81' lang='lat' dir='ltr'><em>aulem</em></span> <span class='ocrx_word' id='word_1_22' title='bbox 969 392 1051 427; x_wconf 83' lang='lat' dir='ltr'>Liae</span> <span class='ocrx_word' id='word_1_23' title='bbox 1068 405 1078 425; x_wconf 90' lang='lat'><em>:</em></span> <span class='ocrx_word' id='word_1_24' title='bbox 1096 390 1186 428; x_wconf 86' lang='lat' dir='ltr'><em>Non</em></span> <span class='ocrx_word' id='word_1_25' title='bbox 1203 402 1270 440; x_wconf 83' lang='lat' dir='ltr'>po·</span> 
     </span>
     <span class='ocr_line' id='line_1_6' title="bbox 321 451 1272 504; baseline -0.002 -15"><span class='ocrx_word' id='word_1_26' title='bbox 321 455 476 490; x_wconf 79' lang='lat' dir='ltr'><em>terimus</em></span> <span class='ocrx_word' id='word_1_27' title='bbox 481 453 623 504; x_wconf 85' lang='lat' dir='ltr'><em>facere</em></span> <span class='ocrx_word' id='word_1_28' title='bbox 633 453 792 488; x_wconf 81' lang='lat' dir='ltr'><em>verbum</em></span> <span class='ocrx_word' id='word_1_29' title='bbox 806 452 890 497; x_wconf 79' lang='lat' dir='ltr'><em>hoc,</em></span> <span class='ocrx_word' id='word_1_30' title='bbox 903 459 944 488; x_wconf 84' lang='lat' dir='ltr'>ut</span> <span class='ocrx_word' id='word_1_31' title='bbox 955 451 1088 489; x_wconf 86' lang='lat' dir='ltr'><em>demus</em></span> <span class='ocrx_word' id='word_1_32' title='bbox 1103 464 1272 489; x_wconf 85' lang='lat' dir='ltr'><em>sororem</em></span> 
     </span>
     <span class='ocr_line' id='line_1_7' title="bbox 321 510 1273 563; baseline 0 -15"><span class='ocrx_word' id='word_1_33' title='bbox 321 522 493 550; x_wconf 79' lang='lat' dir='ltr'><em>nostram</em></span> <span class='ocrx_word' id='word_1_34' title='bbox 510 513 658 548; x_wconf 81' lang='lat' dir='ltr'><em>homini</em></span> <span class='ocrx_word' id='word_1_35' title='bbox 671 514 737 563; x_wconf 83' lang='lat' dir='ltr'>qui</span> <span class='ocrx_word' id='word_1_36' title='bbox 755 512 873 548; x_wconf 81' lang='lat' dir='ltr'><em>habet</em></span> <span class='ocrx_word' id='word_1_37' title='bbox 888 514 1130 563; x_wconf 83' lang='lat' dir='ltr'><em>praeputium.</em></span> <span class='ocrx_word' id='word_1_38' title='bbox 1151 511 1214 549; x_wconf 84' lang='grc'>15.</span> <span class='ocrx_word' id='word_1_39' title='bbox 1233 510 1273 549; x_wconf 87' lang='lat' dir='ltr'>Si</span> 
     </span>
     <span class='ocr_line' id='line_1_8' title="bbox 320 570 1317 623; baseline -0.003 -15"><span class='ocrx_word' id='word_1_40' title='bbox 320 574 437 623; x_wconf 79' lang='lat' dir='ltr'><em>igitur</em></span> <span class='ocrx_word' id='word_1_41' title='bbox 454 570 786 607; x_wconf 81' lang='lat' dir='ltr'><em>circumcidamini</em></span> <span class='ocrx_word' id='word_1_42' title='bbox 805 583 923 607; x_wconf 89' lang='lat' dir='ltr'><em>carne</em></span> <span class='ocrx_word' id='word_1_43' title='bbox 933 572 1113 621; x_wconf 84' lang='lat' dir='ltr'><em>proeputii</em></span> <span class='ocrx_word' id='word_1_44' title='bbox 1131 571 1270 618; x_wconf 82' lang='lat' dir='ltr'><em>vestri,</em></span> <span class='ocrx_word' id='word_1_45' title='bbox 1293 584 1317 614; x_wconf 74' lang='grc' dir='ltr'>Ι)</span> 
     </span>
     <span class='ocr_line' id='line_1_9' title="bbox 321 630 1273 682; baseline 0 -15"><span class='ocrx_word' id='word_1_46' title='bbox 321 633 384 669; x_wconf 76' lang='grc'>16.</span> <span class='ocrx_word' id='word_1_47' title='bbox 403 631 579 667; x_wconf 81' lang='lat' dir='ltr'><em>dabimus</em></span> <span class='ocrx_word' id='word_1_48' title='bbox 590 630 707 682; x_wconf 81' lang='lat' dir='ltr'><em>filias</em></span> <span class='ocrx_word' id='word_1_49' title='bbox 729 639 882 667; x_wconf 82' lang='lat' dir='ltr'><em>nostras</em></span> <span class='ocrx_word' id='word_1_50' title='bbox 899 632 1024 676; x_wconf 81' lang='lat' dir='ltr'><em>vobis,</em></span> <span class='ocrx_word' id='word_1_51' title='bbox 1043 639 1080 668; x_wconf 86' lang='lat' dir='ltr'>et</span> <span class='ocrx_word' id='word_1_52' title='bbox 1099 631 1147 667; x_wconf 86' lang='lat' dir='ltr'>de</span> <span class='ocrx_word' id='word_1_53' title='bbox 1164 630 1273 682; x_wconf 83' lang='lat' dir='ltr'><em>filia-</em></span> 
     </span>
     <span class='ocr_line' id='line_1_10' title="bbox 321 691 1272 741; baseline -0.001 -15"><span class='ocrx_word' id='word_1_54' title='bbox 321 692 388 727; x_wconf 86' lang='lat' dir='ltr'>bus</span> <span class='ocrx_word' id='word_1_55' title='bbox 403 691 542 726; x_wconf 79' lang='lat' dir='ltr'><em>vestris</em></span> <span class='ocrx_word' id='word_1_56' title='bbox 563 691 808 740; x_wconf 81' lang='lat' dir='ltr'><em>accipiemus,</em></span> <span class='ocrx_word' id='word_1_57' title='bbox 820 698 856 727; x_wconf 87' lang='lat' dir='ltr'>et</span> <span class='ocrx_word' id='word_1_58' title='bbox 871 692 1012 727; x_wconf 85' lang='lat' dir='ltr'><em>erimus</em></span> <span class='ocrx_word' id='word_1_59' title='bbox 1028 691 1141 741; x_wconf 85' lang='lat' dir='ltr'><em>quasi</em></span> <span class='ocrx_word' id='word_1_60' title='bbox 1153 702 1272 741; x_wconf 83' lang='lat' dir='ltr'><em>genus</em></span> 
     </span>
     <span class='ocr_line' id='line_1_11' title="bbox 321 748 1275 801; baseline -0.001 -14"><span class='ocrx_word' id='word_1_61' title='bbox 321 763 454 787; x_wconf 85' lang='lat' dir='ltr'><em>unum.</em></span> <span class='ocrx_word' id='word_1_62' title='bbox 477 748 563 786; x_wconf 84' lang='lat' dir='ltr'>Haec</span> <span class='ocrx_word' id='word_1_63' title='bbox 582 748 727 799; x_wconf 82' lang='lat' dir='ltr'><em>quidem</em></span> <span class='ocrx_word' id='word_1_64' title='bbox 757 749 952 801; x_wconf 81' lang='lat' dir='ltr'>propositio</span> <span class='ocrx_word' id='word_1_65' title='bbox 970 749 1115 787; x_wconf 89' lang='lat' dir='ltr'><em>honesta</em></span> <span class='ocrx_word' id='word_1_66' title='bbox 1134 758 1221 797; x_wconf 84' lang='lat' dir='ltr'><em>erat,</em></span> <span class='ocrx_word' id='word_1_67' title='bbox 1240 758 1275 787; x_wconf 88' lang='lat' dir='ltr'>et</span> 
     </span>
     <span class='ocr_line' id='line_1_12' title="bbox 319 809 1273 861; baseline 0 -14"><span class='ocrx_word' id='word_1_68' title='bbox 319 809 446 847; x_wconf 78' lang='lat' dir='ltr'><em>rationi</em></span> <span class='ocrx_word' id='word_1_69' title='bbox 462 819 706 858; x_wconf 76' lang='lat' dir='ltr'><em>consentanea,</em></span> <span class='ocrx_word' id='word_1_70' title='bbox 729 809 790 848; x_wconf 85' lang='lat' dir='ltr'>sed</span> <span class='ocrx_word' id='word_1_71' title='bbox 810 825 891 848; x_wconf 82' lang='lat' dir='ltr'>cum</span> <span class='ocrx_word' id='word_1_72' title='bbox 909 811 1007 859; x_wconf 82' lang='lat' dir='ltr'><em>dolo,</em></span> <span class='ocrx_word' id='word_1_73' title='bbox 1030 811 1157 861; x_wconf 90' lang='lat' dir='ltr'><em>inquit,</em></span> <span class='ocrx_word' id='word_1_74' title='bbox 1177 810 1273 848; x_wconf 80' lang='lat' dir='ltr'><em>(licta</em></span> 
     </span>
     <span class='ocr_line' id='line_1_13' title="bbox 319 871 1269 923; baseline 0.002 -16"><span class='ocrx_word' id='word_1_75' title='bbox 319 880 383 908; x_wconf 85' lang='lat' dir='ltr'><em>est.</em></span> <span class='ocrx_word' id='word_1_76' title='bbox 416 872 480 908; x_wconf 79' lang='grc'>17.</span> <span class='ocrx_word' id='word_1_77' title='bbox 510 872 563 908; x_wconf 84' lang='lat' dir='ltr'><em>Et</em></span> <span class='ocrx_word' id='word_1_78' title='bbox 587 874 620 908; x_wconf 87' lang='lat' dir='ltr'>si</span> <span class='ocrx_word' id='word_1_79' title='bbox 649 871 862 917; x_wconf 77' lang='lat' dir='ltr'>nolueritis,</span> <span class='ocrx_word' id='word_1_80' title='bbox 880 872 1009 922; x_wconf 87' lang='lat' dir='ltr'><em>inquit,</em></span> <span class='ocrx_word' id='word_1_81' title='bbox 1027 873 1098 909; x_wconf 82' lang='grc' dir='ltr'>Ιιοε</span> <span class='ocrx_word' id='word_1_82' title='bbox 1120 873 1269 923; x_wconf 81' lang='lat' dir='ltr'><em>facere,</em></span> 
     </span>
     <span class='ocr_line' id='line_1_14' title="bbox 320 931 1274 985; baseline -0.001 -16"><span class='ocrx_word' id='word_1_83' title='bbox 320 941 479 984; x_wconf 82' lang='lat' dir='ltr'><em>accepta</em></span> <span class='ocrx_word' id='word_1_84' title='bbox 493 933 592 985; x_wconf 80' lang='lat' dir='ltr'><em>filia</em></span> <span class='ocrx_word' id='word_1_85' title='bbox 616 941 749 970; x_wconf 77' lang='lat' dir='ltr'><em>nostra</em></span> <span class='ocrx_word' id='word_1_86' title='bbox 780 935 983 970; x_wconf 84' lang='lat' dir='ltr'><em>abibimus.</em></span> <span class='ocrx_word' id='word_1_87' title='bbox 1007 933 1092 970; x_wconf 81' lang='lat' dir='ltr'>Haec</span> <span class='ocrx_word' id='word_1_88' title='bbox 1129 931 1274 982; x_wconf 87' lang='lat' dir='ltr'><em>quidem</em></span> 
     </span>
     <span class='ocr_line' id='line_1_15' title="bbox 320 992 1273 1046; baseline -0.002 -15"><span class='ocrx_word' id='word_1_89' title='bbox 320 994 475 1046; x_wconf 82' lang='lat' dir='ltr'>Symeon</span> <span class='ocrx_word' id='word_1_90' title='bbox 487 1002 520 1030; x_wconf 89' lang='lat' dir='ltr'>et</span> <span class='ocrx_word' id='word_1_91' title='bbox 536 993 621 1030; x_wconf 81' lang='lat' dir='ltr'><em>Levi</em></span> <span class='ocrx_word' id='word_1_92' title='bbox 636 993 770 1031; x_wconf 82' lang='lat' dir='ltr'><em>caedem</em></span> <span class='ocrx_word' id='word_1_93' title='bbox 786 994 946 1031; x_wconf 89' lang='lat' dir='ltr'><em>omnium</em></span> <span class='ocrx_word' id='word_1_94' title='bbox 964 1007 1082 1030; x_wconf 82' lang='lat' dir='ltr'><em>secum</em></span> <span class='ocrx_word' id='word_1_95' title='bbox 1097 992 1273 1030; x_wconf 84' lang='lat' dir='ltr'><em>meditan-</em></span> 
     </span>
     <span class='ocr_line' id='line_1_16' title="bbox 320 1050 1274 1104; baseline 0 -15"><span class='ocrx_word' id='word_1_96' title='bbox 320 1060 370 1089; x_wconf 84' lang='lat' dir='ltr'>tes</span> <span class='ocrx_word' id='word_1_97' title='bbox 386 1061 656 1104; x_wconf 88' lang='lat' dir='ltr'><em>proposuerunt.</em></span> <span class='ocrx_word' id='word_1_98' title='bbox 670 1053 729 1089; x_wconf 90' lang='lat' dir='ltr'><em>llli</em></span> <span class='ocrx_word' id='word_1_99' title='bbox 743 1062 862 1090; x_wconf 81' lang='lat' dir='ltr'><em>autem</em></span> <span class='ocrx_word' id='word_1_100' title='bbox 876 1052 1099 1104; x_wconf 78' lang='lat' dir='ltr'><em>respicientes</em></span> <span class='ocrx_word' id='word_1_101' title='bbox 1111 1051 1157 1089; x_wconf 80' lang='lat' dir='ltr'>ad</span> <span class='ocrx_word' id='word_1_102' title='bbox 1176 1050 1274 1102; x_wconf 87' lang='lat' dir='ltr'><em>quod</em></span> 
     </span>
     <span class='ocr_line' id='line_1_17' title="bbox 320 1112 1272 1164; baseline -0.003 -13"><span class='ocrx_word' id='word_1_103' title='bbox 320 1113 584 1164; x_wconf 69' lang='lat' dir='ltr'>exspectabant,</span> <span class='ocrx_word' id='word_1_104' title='bbox 598 1113 825 1164; x_wconf 83' lang='lat' dir='ltr'>puellamque</span> <span class='ocrx_word' id='word_1_105' title='bbox 844 1114 974 1151; x_wconf 84' lang='lat' dir='ltr'><em>habere</em></span> <span class='ocrx_word' id='word_1_106' title='bbox 990 1112 1182 1164; x_wconf 88' lang='lat' dir='ltr'><em>cupientes,</em></span> <span class='ocrx_word' id='word_1_107' title='bbox 1193 1125 1272 1149; x_wconf 91' lang='lat' dir='ltr'><em>con-</em></span> 
     </span>
     <span class='ocr_line' id='line_1_18' title="bbox 322 1172 1268 1226; baseline -0.002 -15"><span class='ocrx_word' id='word_1_108' title='bbox 322 1182 504 1211; x_wconf 81' lang='lat' dir='ltr'><em>senserunt</em></span> <span class='ocrx_word' id='word_1_109' title='bbox 531 1173 566 1210; x_wconf 85' lang='lat' dir='ltr'>in</span> <span class='ocrx_word' id='word_1_110' title='bbox 588 1173 698 1223; x_wconf 82' lang='lat' dir='ltr'><em>dicta,</em></span> <span class='ocrx_word' id='word_1_111' title='bbox 720 1184 753 1211; x_wconf 90' lang='lat' dir='ltr'>et</span> <span class='ocrx_word' id='word_1_112' title='bbox 773 1174 982 1226; x_wconf 83' lang='lat' dir='ltr'><em>placuerunt</em></span> <span class='ocrx_word' id='word_1_113' title='bbox 1002 1174 1052 1212; x_wconf 87' lang='lat' dir='ltr'>eis</span> <span class='ocrx_word' id='word_1_114' title='bbox 1073 1172 1268 1225; x_wconf 83' lang='lat' dir='ltr'><em>proposita.</em></span> 
     </span>
     <span class='ocr_line' id='line_1_19' title="bbox 323 1234 1272 1280; baseline -0.002 -8"><span class='ocrx_word' id='word_1_115' title='bbox 323 1234 418 1272; x_wconf 82' lang='lat' dir='ltr'><em>Dicit</em></span> <span class='ocrx_word' id='word_1_116' title='bbox 429 1234 538 1271; x_wconf 83' lang='lat' dir='ltr'><em>enim:</em></span> <span class='ocrx_word' id='word_1_117' title='bbox 550 1237 564 1271; x_wconf 87' lang='grc'>1</span> <span class='ocrx_word' id='word_1_118' title='bbox 575 1234 610 1271; x_wconf 76' lang='grc'>8.</span> <span class='ocrx_word' id='word_1_119' title='bbox 621 1235 778 1272; x_wconf 79' lang='lat' dir='ltr'><em>Placuit</em></span> <span class='ocrx_word' id='word_1_120' title='bbox 792 1249 922 1273; x_wconf 84' lang='lat' dir='ltr'><em>coram</em></span> <span class='ocrx_word' id='word_1_121' title='bbox 936 1238 989 1272; x_wconf 83' lang='lat' dir='ltr'>eis</span> <span class='ocrx_word' id='word_1_122' title='bbox 1005 1248 1142 1280; x_wconf 80' lang='lat' dir='ltr'><em>sermo,</em></span> <span class='ocrx_word' id='word_1_123' title='bbox 1159 1234 1222 1271; x_wconf 82' lang='grc'>19.</span> <span class='ocrx_word' id='word_1_124' title='bbox 1236 1241 1272 1270; x_wconf 76' lang='lat' dir='ltr'>et</span> 
     </span>
     <span class='ocr_line' id='line_1_20' title="bbox 324 1295 1317 1347; baseline 0 -16"><span class='ocrx_word' id='word_1_125' title='bbox 324 1308 401 1331; x_wconf 83' lang='lat' dir='ltr'>non</span> <span class='ocrx_word' id='word_1_126' title='bbox 412 1296 583 1332; x_wconf 77' lang='lat' dir='ltr'><em>tardavit</em></span> <span class='ocrx_word' id='word_1_127' title='bbox 599 1296 809 1347; x_wconf 79' lang='lat' dir='ltr'><em>adimplere</em></span> <span class='ocrx_word' id='word_1_128' title='bbox 825 1297 930 1333; x_wconf 85' lang='lat' dir='ltr'><em>dieta</em></span> <span class='ocrx_word' id='word_1_129' title='bbox 943 1296 1180 1332; x_wconf 80' lang='lat' dir='ltr'>adolescens.</span> <span class='ocrx_word' id='word_1_130' title='bbox 1195 1295 1273 1331; x_wconf 89' lang='lat' dir='ltr'>De·</span> <span class='ocrx_word' id='word_1_131' title='bbox 1294 1311 1317 1340; x_wconf 78' lang='lat' dir='ltr'>E</span> 
     </span>
     <span class='ocr_line' id='line_1_21' title="bbox 319 1354 1272 1408; baseline -0.001 -16"><span class='ocrx_word' id='word_1_132' title='bbox 319 1358 470 1406; x_wconf 83' lang='lat' dir='ltr'><em>peribat</em></span> <span class='ocrx_word' id='word_1_133' title='bbox 487 1356 729 1408; x_wconf 83' lang='lat' dir='ltr'><em>enimflliam</em></span> <span class='ocrx_word' id='word_1_134' title='bbox 741 1357 881 1394; x_wconf 84' lang='lat' dir='ltr'><em>Jacob.</em></span> <span class='ocrx_word' id='word_1_135' title='bbox 894 1356 969 1393; x_wconf 86' lang='lat' dir='ltr'>Hoc</span> <span class='ocrx_word' id='word_1_136' title='bbox 987 1365 1048 1403; x_wconf 84' lang='lat' dir='ltr'><em>cst,</em></span> <span class='ocrx_word' id='word_1_137' title='bbox 1057 1364 1171 1392; x_wconf 83' lang='lat' dir='ltr'><em>totum</em></span> <span class='ocrx_word' id='word_1_138' title='bbox 1188 1369 1223 1392; x_wconf 88' lang='lat' dir='ltr'>se</span> <span class='ocrx_word' id='word_1_139' title='bbox 1238 1354 1272 1391; x_wconf 91' lang='lat' dir='ltr'>in</span> 
     </span>
     <span class='ocr_line' id='line_1_22' title="bbox 322 1416 1270 1468; baseline 0 -15"><span class='ocrx_word' id='word_1_140' title='bbox 322 1416 450 1468; x_wconf 81' lang='lat' dir='ltr'><em>puelloe</em></span> <span class='ocrx_word' id='word_1_141' title='bbox 488 1430 643 1454; x_wconf 83' lang='lat' dir='ltr'><em>amorem</em></span> <span class='ocrx_word' id='word_1_142' title='bbox 677 1416 870 1455; x_wconf 83' lang='lat' dir='ltr'><em>dediderat.</em></span> <span class='ocrx_word' id='word_1_143' title='bbox 894 1418 957 1455; x_wconf 62' lang='lat'>90.</span> <span class='ocrx_word' id='word_1_144' title='bbox 981 1418 1035 1454; x_wconf 87' lang='lat' dir='ltr'><em>Et</em></span> <span class='ocrx_word' id='word_1_145' title='bbox 1066 1425 1270 1461; x_wconf 79' lang='lat' dir='ltr'><em>venerunt,</em></span> 
     </span>
     <span class='ocr_line' id='line_1_23' title="bbox 322 1477 1309 1529; baseline 0 -16"><span class='ocrx_word' id='word_1_146' title='bbox 322 1477 453 1527; x_wconf 88' lang='lat' dir='ltr'><em>inquit,</em></span> <span class='ocrx_word' id='word_1_147' title='bbox 471 1480 550 1528; x_wconf 84' lang='lat' dir='ltr'><em>ipse</em></span> <span class='ocrx_word' id='word_1_148' title='bbox 569 1486 603 1514; x_wconf 88' lang='lat' dir='ltr'>et</span> <span class='ocrx_word' id='word_1_149' title='bbox 615 1487 728 1528; x_wconf 84' lang='lat' dir='ltr'><em>pater</em></span> <span class='ocrx_word' id='word_1_150' title='bbox 736 1480 817 1529; x_wconf 85' lang='lat' dir='ltr'><em>ejus</em></span> <span class='ocrx_word' id='word_1_151' title='bbox 831 1480 885 1515; x_wconf 78' lang='lat' dir='ltr'>acl</span> <span class='ocrx_word' id='word_1_152' title='bbox 893 1487 1062 1529; x_wconf 81' lang='lat' dir='ltr'><em>portam,</em></span> <span class='ocrx_word' id='word_1_153' title='bbox 1075 1487 1111 1515; x_wconf 88' lang='lat' dir='ltr'>et</span> <span class='ocrx_word' id='word_1_154' title='bbox 1125 1478 1275 1529; x_wconf 81' lang='lat' dir='ltr'><em>loquuti</em></span> <span class='ocrx_word' id='word_1_155' title='bbox 1306 1504 1309 1505; x_wconf 16' lang='grc' dir='ltr'><em>γ</em></span> 
     </span>
     <span class='ocr_line' id='line_1_24' title="bbox 321 1539 1275 1586; baseline -0.001 -11"><span class='ocrx_word' id='word_1_156' title='bbox 321 1546 412 1575; x_wconf 87' lang='lat' dir='ltr'><em>sunt</em></span> <span class='ocrx_word' id='word_1_157' title='bbox 435 1539 610 1574; x_wconf 83' lang='lat' dir='ltr'><em>omnibus</em></span> <span class='ocrx_word' id='word_1_158' title='bbox 634 1540 700 1586; x_wconf 85' lang='lat' dir='ltr'>qui</span> <span class='ocrx_word' id='word_1_159' title='bbox 721 1541 763 1574; x_wconf 90' lang='lat' dir='ltr'>in</span> <span class='ocrx_word' id='word_1_160' title='bbox 791 1541 948 1576; x_wconf 69' lang='lat' dir='ltr'><em>civitate</em></span> <span class='ocrx_word' id='word_1_161' title='bbox 974 1540 1222 1583; x_wconf 80' lang='lat' dir='ltr'><em>habitabant,</em></span> <span class='ocrx_word' id='word_1_162' title='bbox 1241 1545 1275 1574; x_wconf 87' lang='lat' dir='ltr'>et</span> 
     </span>
     <span class='ocr_line' id='line_1_25' title="bbox 322 1596 1273 1649; baseline 0.001 -16"><span class='ocrx_word' id='word_1_163' title='bbox 322 1596 575 1634; x_wconf 87' lang='lat' dir='ltr'><em>consuluerunt</em></span> <span class='ocrx_word' id='word_1_164' title='bbox 594 1606 633 1634; x_wconf 89' lang='lat' dir='ltr'>ut</span> <span class='ocrx_word' id='word_1_165' title='bbox 652 1597 955 1635; x_wconf 84' lang='lat' dir='ltr'><em>circumcisionem</em></span> <span class='ocrx_word' id='word_1_166' title='bbox 975 1598 1193 1649; x_wconf 69' lang='lat' dir='ltr'><em>susciperent</em></span> <span class='ocrx_word' id='word_1_167' title='bbox 1214 1611 1273 1634; x_wconf 91' lang='lat' dir='ltr'>se-</span> 
     </span>
     <span class='ocr_line' id='line_1_26' title="bbox 322 1656 1275 1706; baseline 0 -12"><span class='ocrx_word' id='word_1_168' title='bbox 322 1656 478 1694; x_wconf 87' lang='lat' dir='ltr'><em>cundum</em></span> <span class='ocrx_word' id='word_1_169' title='bbox 492 1656 648 1694; x_wconf 79' lang='lat' dir='ltr'><em>oblatam</em></span> <span class='ocrx_word' id='word_1_170' title='bbox 664 1656 709 1693; x_wconf 83' lang='lat' dir='ltr'>ab</span> <span class='ocrx_word' id='word_1_171' title='bbox 727 1657 799 1694; x_wconf 90' lang='lat' dir='ltr'><em>illis</em></span> <span class='ocrx_word' id='word_1_172' title='bbox 818 1657 1069 1706; x_wconf 86' lang='lat' dir='ltr'><em>conditionem,</em></span> <span class='ocrx_word' id='word_1_173' title='bbox 1083 1667 1116 1695; x_wconf 86' lang='lat' dir='ltr'>et</span> <span class='ocrx_word' id='word_1_174' title='bbox 1136 1666 1174 1694; x_wconf 91' lang='lat' dir='ltr'>ut</span> <span class='ocrx_word' id='word_1_175' title='bbox 1194 1658 1275 1694; x_wconf 91' lang='lat' dir='ltr'><em>illos</em></span> 
     </span>
     <span class='ocr_line' id='line_1_27' title="bbox 322 1716 1274 1770; baseline 0.003 -17"><span class='ocrx_word' id='word_1_176' title='bbox 322 1716 368 1754; x_wconf 76' lang='lat' dir='ltr'>ad</span> <span class='ocrx_word' id='word_1_177' title='bbox 384 1716 680 1754; x_wconf 79' lang='lat' dir='ltr'><em>cohabitationem</em></span> <span class='ocrx_word' id='word_1_178' title='bbox 694 1717 902 1770; x_wconf 82' lang='lat' dir='ltr'><em>acciperent.</em></span> <span class='ocrx_word' id='word_1_179' title='bbox 918 1718 1118 1770; x_wconf 86' lang='lat' dir='ltr'><em>Implebant</em></span> <span class='ocrx_word' id='word_1_180' title='bbox 1132 1718 1186 1755; x_wconf 91' lang='lat' dir='ltr'><em>illi</em></span> <span class='ocrx_word' id='word_1_181' title='bbox 1206 1727 1274 1756; x_wconf 84' lang='lat' dir='ltr'><em>sta-</em></span> 
     </span>
     <span class='ocr_line' id='line_1_28' title="bbox 322 1777 1274 1831; baseline 0.002 -17"><span class='ocrx_word' id='word_1_182' title='bbox 322 1777 388 1815; x_wconf 89' lang='lat' dir='ltr'><em>tim</em></span> <span class='ocrx_word' id='word_1_183' title='bbox 404 1792 481 1828; x_wconf 82' lang='lat' dir='ltr'>quae</span> <span class='ocrx_word' id='word_1_184' title='bbox 493 1778 538 1815; x_wconf 85' lang='lat' dir='ltr'>ab</span> <span class='ocrx_word' id='word_1_185' title='bbox 550 1777 662 1816; x_wconf 90' lang='lat' dir='ltr'><em>Emor</em></span> <span class='ocrx_word' id='word_1_186' title='bbox 679 1788 710 1816; x_wconf 93' lang='lat' dir='ltr'>et</span> <span class='ocrx_word' id='word_1_187' title='bbox 722 1779 876 1831; x_wconf 78' lang='lat' dir='ltr'><em>Sychem</em></span> <span class='ocrx_word' id='word_1_188' title='bbox 894 1779 990 1817; x_wconf 89' lang='lat' dir='ltr'><em>dicta</em></span> <span class='ocrx_word' id='word_1_189' title='bbox 1006 1789 1100 1828; x_wconf 86' lang='lat' dir='ltr'><em>sunt,</em></span> <span class='ocrx_word' id='word_1_190' title='bbox 1111 1788 1143 1816; x_wconf 88' lang='lat' dir='ltr'>et</span> <span class='ocrx_word' id='word_1_191' title='bbox 1154 1793 1274 1816; x_wconf 90' lang='lat' dir='ltr'><em>omnes</em></span> 
     </span>
    </p>
   </div>
   <div class='ocr_carea' id='block_1_4' title="bbox 823 183 1290 218">
    <p class='ocr_par' dir='ltr' id='par_1_4' title="bbox 823 183 1290 218">
     <span class='ocr_line' id='line_1_29' title="bbox 823 183 1290 218; baseline -0.013 0"><span class='ocrx_word' id='word_1_192' title='bbox 823 186 1008 218; x_wconf 75' lang='lat' dir='ltr'>JOANNIS</span> <span class='ocrx_word' id='word_1_193' title='bbox 1045 183 1290 216; x_wconf 78' lang='lat' dir='ltr'>CHRYSOST.</span> 
     </span>
    </p>
   </div>
   <div class='ocr_carea' id='block_1_5' title="bbox 1331 178 1933 211">
    <p class='ocr_par' dir='ltr' id='par_1_5' title="bbox 1331 178 1933 211">
     <span class='ocr_line' id='line_1_30' title="bbox 1331 178 1933 211; baseline -0.003 0"><span class='ocrx_word' id='word_1_194' title='bbox 1331 181 1536 211; x_wconf 81' lang='lat' dir='ltr'>ARCHIEP.</span> <span class='ocrx_word' id='word_1_195' title='bbox 1573 178 1746 210; x_wconf 76' lang='lat' dir='ltr'>CONSTA</span> <span class='ocrx_word' id='word_1_196' title='bbox 1754 178 1933 209; x_wconf 73' lang='lat' dir='ltr'><strong>NTINOP.</strong></span> 
     </span>
    </p>
   </div>
   <div class='ocr_carea' id='block_1_6' title="bbox 1341 258 2378 1833">
    <p class='ocr_par' dir='ltr' id='par_1_6' title="bbox 1341 258 2378 1833">
     <span class='ocr_line' id='line_1_31' title="bbox 1342 258 2368 313; baseline -0.003 -13"><span class='ocrx_word' id='word_1_197' title='bbox 1342 262 1444 300; x_wconf 86' lang='grc' dir='ltr'>Μετὰ</span> <span class='ocrx_word' id='word_1_198' title='bbox 1472 262 1571 300; x_wconf 84' lang='grc' dir='ltr'>δόλου</span> <span class='ocrx_word' id='word_1_199' title='bbox 1593 262 1678 313; x_wconf 79' lang='grc' dir='ltr'>πρὸς</span> <span class='ocrx_word' id='word_1_200' title='bbox 1698 260 1821 305; x_wconf 74' lang='grc' dir='ltr'>αὐτοὺς</span> <span class='ocrx_word' id='word_1_201' title='bbox 1856 259 2114 313; x_wconf 83' lang='grc' dir='ltr'>ἀποκρίνονται.</span> <span class='ocrx_word' id='word_1_202' title='bbox 2137 258 2246 304; x_wconf 77' lang='grc' dir='ltr'>Ἄξιον</span> <span class='ocrx_word' id='word_1_203' title='bbox 2267 262 2368 298; x_wconf 43' lang='lat' dir='ltr'><em>&lt;imon</em></span> 
     </span>
     <span class='ocr_line' id='line_1_32' title="bbox 1343 320 2367 374; baseline -0.003 -14"><span class='ocrx_word' id='word_1_204' title='bbox 1343 338 1419 370; x_wconf 89' lang='grc' dir='ltr'>σαι,</span> <span class='ocrx_word' id='word_1_205' title='bbox 1447 321 1503 359; x_wconf 80' lang='grc' dir='ltr'>ἵνα</span> <span class='ocrx_word' id='word_1_206' title='bbox 1539 321 1672 372; x_wconf 82' lang='grc' dir='ltr'>μάθητε</span> <span class='ocrx_word' id='word_1_207' title='bbox 1702 321 1795 365; x_wconf 73' lang='grc' dir='ltr'>ὅπως</span> <span class='ocrx_word' id='word_1_208' title='bbox 1827 320 2076 374; x_wconf 78' lang='grc' dir='ltr'>ὑπερήλγησαν</span> <span class='ocrx_word' id='word_1_209' title='bbox 2106 322 2170 367; x_wconf 82' lang='grc' dir='ltr'>τ’ῆς</span> <span class='ocrx_word' id='word_1_210' title='bbox 2207 321 2367 372; x_wconf 71' lang='grc' dir='ltr'>ἀδελφῆς.</span> 
     </span>
     <span class='ocr_line' id='line_1_33' title="bbox 1342 377 2369 434; baseline -0.004 -13"><span class='ocrx_word' id='word_1_211' title='bbox 1342 377 1457 422; x_wconf 72' lang='grc' dir='ltr'>Εἶπαν</span> <span class='ocrx_word' id='word_1_212' title='bbox 1478 382 1567 434; x_wconf 83' lang='grc' dir='ltr'>γὰρ,</span> <span class='ocrx_word' id='word_1_213' title='bbox 1584 382 1686 434; x_wconf 79' lang='grc' dir='ltr'>φησὶ,</span> <span class='ocrx_word' id='word_1_214' title='bbox 1701 381 1849 433; x_wconf 85' lang='grc' dir='ltr'>Συμεὼν</span> <span class='ocrx_word' id='word_1_215' title='bbox 1874 381 1933 419; x_wconf 81' lang='grc' dir='ltr'>καὶ</span> <span class='ocrx_word' id='word_1_216' title='bbox 1952 381 2038 420; x_wconf 82' lang='grc' dir='ltr'>Λευὶ</span> <span class='ocrx_word' id='word_1_217' title='bbox 2065 380 2209 433; x_wconf 75' lang='grc' dir='ltr'>ἀδελφοὶ</span> <span class='ocrx_word' id='word_1_218' title='bbox 2228 380 2369 427; x_wconf 87' lang='grc' dir='ltr'>Δείνας,</span> 
     </span>
     <span class='ocr_line' id='line_1_34' title="bbox 1342 442 2368 493; baseline -0.004 -12"><span class='ocrx_word' id='word_1_219' title='bbox 1342 443 1409 482; x_wconf 80' lang='grc' dir='ltr'>υἱοὶ</span> <span class='ocrx_word' id='word_1_220' title='bbox 1429 443 1464 481; x_wconf 84' lang='grc' dir='ltr'>δὲ</span> <span class='ocrx_word' id='word_1_221' title='bbox 1480 443 1588 486; x_wconf 80' lang='grc' dir='ltr'>Λείας</span> <span class='ocrx_word' id='word_1_222' title='bbox 1601 459 1608 466; x_wconf 95' lang='grc'><em>·</em></span> <span class='ocrx_word' id='word_1_223' title='bbox 1626 444 1663 481; x_wconf 80' lang='grc' dir='ltr'>οὗ</span> <span class='ocrx_word' id='word_1_224' title='bbox 1679 442 1897 493; x_wconf 83' lang='grc' dir='ltr'>δυνησόμεθα</span> <span class='ocrx_word' id='word_1_225' title='bbox 1910 445 2055 488; x_wconf 75' lang='grc' dir='ltr'>ποιῆσαι</span> <span class='ocrx_word' id='word_1_226' title='bbox 2070 442 2110 480; x_wconf 82' lang='grc' dir='ltr'>τὸ</span> <span class='ocrx_word' id='word_1_227' title='bbox 2132 444 2228 493; x_wconf 77' lang='grc' dir='ltr'>ῥῆμα</span> <span class='ocrx_word' id='word_1_228' title='bbox 2246 444 2348 478; x_wconf 79' lang='grc' dir='ltr'>τοῦτο</span> <span class='ocrx_word' id='word_1_229' title='bbox 2359 471 2368 488; x_wconf 92' lang='grc'>,</span> 
     </span>
     <span class='ocr_line' id='line_1_35' title="bbox 1342 503 2370 556; baseline -0.003 -12"><span class='ocrx_word' id='word_1_230' title='bbox 1342 507 1458 544; x_wconf 79' lang='grc' dir='ltr'>δοῦναι</span> <span class='ocrx_word' id='word_1_231' title='bbox 1477 505 1539 552; x_wconf 80' lang='grc' dir='ltr'>τὴν</span> <span class='ocrx_word' id='word_1_232' title='bbox 1573 504 1724 556; x_wconf 77' lang='grc' dir='ltr'>ἀδελφὴν</span> <span class='ocrx_word' id='word_1_233' title='bbox 1756 506 1856 555; x_wconf 82' lang='grc' dir='ltr'>ἡμῶν</span> <span class='ocrx_word' id='word_1_234' title='bbox 1879 503 2068 555; x_wconf 82' lang='grc' dir='ltr'>ἀνθρώπῳ,</span> <span class='ocrx_word' id='word_1_235' title='bbox 2097 503 2132 546; x_wconf 81' lang='grc' dir='ltr'>ὃς</span> <span class='ocrx_word' id='word_1_236' title='bbox 2163 503 2238 555; x_wconf 84' lang='grc' dir='ltr'>ἔχει</span> <span class='ocrx_word' id='word_1_237' title='bbox 2265 507 2370 556; x_wconf 86' lang='grc' dir='ltr'>ἀκρο-</span> 
     </span>
     <span class='ocr_line' id='line_1_36' title="bbox 1342 559 2371 617; baseline -0.002 -14"><span class='ocrx_word' id='word_1_238' title='bbox 1342 565 1499 604; x_wconf 59' lang='lat' dir='ltr'><em>&amp;uariam</em></span> <span class='ocrx_word' id='word_1_239' title='bbox 1518 565 1603 604; x_wconf 74' lang='grc' dir='ltr'>Ἐὰν</span> <span class='ocrx_word' id='word_1_240' title='bbox 1622 559 1680 603; x_wconf 65' lang='grc' dir='ltr'>οἶν</span> <span class='ocrx_word' id='word_1_241' title='bbox 1695 565 1948 617; x_wconf 82' lang='grc' dir='ltr'>περιτέμνησθε</span> <span class='ocrx_word' id='word_1_242' title='bbox 1969 564 2031 611; x_wconf 81' lang='grc' dir='ltr'>τὴν</span> <span class='ocrx_word' id='word_1_243' title='bbox 2051 564 2166 616; x_wconf 85' lang='grc' dir='ltr'>σάρκα</span> <span class='ocrx_word' id='word_1_244' title='bbox 2181 568 2247 610; x_wconf 69' lang='grc' dir='ltr'>τῆς</span> <span class='ocrx_word' id='word_1_245' title='bbox 2266 567 2371 615; x_wconf 85' lang='grc' dir='ltr'>ἀκρο-</span> 
     </span>
     <span class='ocr_line' id='line_1_37' title="bbox 1342 625 2370 678; baseline -0.004 -13"><span class='ocrx_word' id='word_1_246' title='bbox 1342 627 1486 670; x_wconf 70' lang='grc' dir='ltr'>ὅυστίας</span> <span class='ocrx_word' id='word_1_247' title='bbox 1518 628 1630 677; x_wconf 76' lang='grc' dir='ltr'>ὑμῶν,</span> <span class='ocrx_word' id='word_1_248' title='bbox 1664 625 1822 676; x_wconf 80' lang='grc' dir='ltr'>δώσομεν</span> <span class='ocrx_word' id='word_1_249' title='bbox 1844 625 1906 669; x_wconf 80' lang='grc' dir='ltr'>τὰς</span> <span class='ocrx_word' id='word_1_250' title='bbox 1933 625 2123 678; x_wconf 80' lang='grc' dir='ltr'>θυγατέρας</span> <span class='ocrx_word' id='word_1_251' title='bbox 2152 628 2254 675; x_wconf 81' lang='grc' dir='ltr'>ἡμῶν</span> <span class='ocrx_word' id='word_1_252' title='bbox 2275 626 2370 675; x_wconf 80' lang='grc' dir='ltr'>ὑμῖν,</span> 
     </span>
     <span class='ocr_line' id='line_1_38' title="bbox 1342 685 2370 739; baseline -0.004 -13"><span class='ocrx_word' id='word_1_253' title='bbox 1342 688 1402 726; x_wconf 85' lang='grc' dir='ltr'>καὶ</span> <span class='ocrx_word' id='word_1_254' title='bbox 1422 688 1492 726; x_wconf 75' lang='grc' dir='ltr'>ἀπὸ</span> <span class='ocrx_word' id='word_1_255' title='bbox 1507 690 1574 725; x_wconf 84' lang='grc' dir='ltr'>τῶν</span> <span class='ocrx_word' id='word_1_256' title='bbox 1598 686 1795 739; x_wconf 80' lang='grc' dir='ltr'>θυγατέρων</span> <span class='ocrx_word' id='word_1_257' title='bbox 1815 689 1912 737; x_wconf 74' lang='grc' dir='ltr'>ὑμῶν</span> <span class='ocrx_word' id='word_1_258' title='bbox 1926 685 2110 738; x_wconf 80' lang='grc' dir='ltr'>ληψόμεθα</span> <span class='ocrx_word' id='word_1_259' title='bbox 2121 715 2131 734; x_wconf 87' lang='grc'>,</span> <span class='ocrx_word' id='word_1_260' title='bbox 2145 687 2204 723; x_wconf 87' lang='grc' dir='ltr'>καὶ</span> <span class='ocrx_word' id='word_1_261' title='bbox 2221 685 2370 735; x_wconf 79' lang='grc' dir='ltr'>ἐσόμεθα</span> 
     </span>
     <span class='ocr_line' id='line_1_39' title="bbox 1342 745 2371 800; baseline -0.002 -14"><span class='ocrx_word' id='word_1_262' title='bbox 1342 751 1389 792; x_wconf 85' lang='grc' dir='ltr'>ὡς</span> <span class='ocrx_word' id='word_1_263' title='bbox 1408 748 1504 800; x_wconf 88' lang='grc' dir='ltr'>γένος</span> <span class='ocrx_word' id='word_1_264' title='bbox 1524 748 1570 787; x_wconf 80' lang='grc' dir='ltr'>ἕν.</span> <span class='ocrx_word' id='word_1_265' title='bbox 1587 748 1644 787; x_wconf 83' lang='grc' dir='ltr'>Τὰ</span> <span class='ocrx_word' id='word_1_266' title='bbox 1669 748 1732 799; x_wconf 84' lang='grc' dir='ltr'>μὲν</span> <span class='ocrx_word' id='word_1_267' title='bbox 1758 750 1821 794; x_wconf 71' lang='grc' dir='ltr'>τῆς</span> <span class='ocrx_word' id='word_1_268' title='bbox 1840 746 2042 800; x_wconf 84' lang='grc' dir='ltr'>προτάσεως</span> <span class='ocrx_word' id='word_1_269' title='bbox 2064 745 2188 798; x_wconf 78' lang='grc' dir='ltr'>εὔλογα</span> <span class='ocrx_word' id='word_1_270' title='bbox 2207 746 2266 784; x_wconf 84' lang='grc' dir='ltr'>καὶ</span> <span class='ocrx_word' id='word_1_271' title='bbox 2287 747 2371 784; x_wconf 86' lang='grc' dir='ltr'>ἀκό-</span> 
     </span>
     <span class='ocr_line' id='line_1_40' title="bbox 1342 806 2369 860; baseline -0.003 -13"><span class='ocrx_word' id='word_1_272' title='bbox 1342 811 1447 848; x_wconf 84' lang='grc' dir='ltr'>λουθα</span> <span class='ocrx_word' id='word_1_273' title='bbox 1463 825 1470 832; x_wconf 94' lang='grc'>·</span> <span class='ocrx_word' id='word_1_274' title='bbox 1489 809 1578 848; x_wconf 78' lang='grc' dir='ltr'>ἀλλὰ</span> <span class='ocrx_word' id='word_1_275' title='bbox 1597 809 1687 859; x_wconf 85' lang='grc' dir='ltr'>μετὰ</span> <span class='ocrx_word' id='word_1_276' title='bbox 1704 809 1822 853; x_wconf 78' lang='grc' dir='ltr'>δόλου,</span> <span class='ocrx_word' id='word_1_277' title='bbox 1844 807 1952 860; x_wconf 80' lang='grc' dir='ltr'>φησὶ,</span> <span class='ocrx_word' id='word_1_278' title='bbox 1965 807 2204 859; x_wconf 80' lang='grc' dir='ltr'>διελέχθησαν.</span> <span class='ocrx_word' id='word_1_279' title='bbox 2225 807 2296 845; x_wconf 84' lang='grc' dir='ltr'>Καὶ</span> <span class='ocrx_word' id='word_1_280' title='bbox 2311 806 2369 845; x_wconf 82' lang='grc' dir='ltr'>ἐὰν</span> 
     </span>
     <span class='ocr_line' id='line_1_41' title="bbox 1344 867 2371 922; baseline -0.003 -14"><span class='ocrx_word' id='word_1_281' title='bbox 1344 870 1393 920; x_wconf 83' lang='grc' dir='ltr'>μὴ</span> <span class='ocrx_word' id='word_1_282' title='bbox 1431 869 1627 921; x_wconf 81' lang='grc' dir='ltr'>βούλησθε,</span> <span class='ocrx_word' id='word_1_283' title='bbox 1649 870 1754 922; x_wconf 82' lang='grc' dir='ltr'>φησὶ,</span> <span class='ocrx_word' id='word_1_284' title='bbox 1785 874 1886 907; x_wconf 78' lang='grc' dir='ltr'>τοῦτο</span> <span class='ocrx_word' id='word_1_285' title='bbox 1919 872 2085 916; x_wconf 74' lang='grc' dir='ltr'>ποιῆσαι,</span> <span class='ocrx_word' id='word_1_286' title='bbox 2118 868 2282 911; x_wconf 66' lang='grc' dir='ltr'>λαὸόντες</span> <span class='ocrx_word' id='word_1_287' title='bbox 2309 867 2371 914; x_wconf 66' lang='grc' dir='ltr'>τὴν</span> 
     </span>
     <span class='ocr_line' id='line_1_42' title="bbox 1343 928 2372 982; baseline -0.003 -15"><span class='ocrx_word' id='word_1_288' title='bbox 1343 930 1514 982; x_wconf 78' lang='grc' dir='ltr'>θυγατέρα</span> <span class='ocrx_word' id='word_1_289' title='bbox 1541 934 1642 980; x_wconf 79' lang='grc' dir='ltr'>ἡμῶν</span> <span class='ocrx_word' id='word_1_290' title='bbox 1681 929 1958 980; x_wconf 81' lang='grc' dir='ltr'>ἀπελευσόμεθα.</span> <span class='ocrx_word' id='word_1_291' title='bbox 1978 931 2103 967; x_wconf 75' lang='grc' dir='ltr'>Ταῦτα</span> <span class='ocrx_word' id='word_1_292' title='bbox 2133 928 2194 979; x_wconf 80' lang='grc' dir='ltr'>μὲν</span> <span class='ocrx_word' id='word_1_293' title='bbox 2228 930 2259 965; x_wconf 80' lang='grc' dir='ltr'>οἳ</span> <span class='ocrx_word' id='word_1_294' title='bbox 2291 928 2372 979; x_wconf 77' lang='grc' dir='ltr'>περὶ</span> 
     </span>
     <span class='ocr_line' id='line_1_43' title="bbox 1342 989 2372 1041; baseline -0.003 -13"><span class='ocrx_word' id='word_1_295' title='bbox 1342 990 1400 1028; x_wconf 82' lang='grc' dir='ltr'>τὸν</span> <span class='ocrx_word' id='word_1_296' title='bbox 1421 992 1593 1041; x_wconf 80' lang='grc' dir='ltr'>Συμεῶνα</span> <span class='ocrx_word' id='word_1_297' title='bbox 1613 991 1671 1028; x_wconf 81' lang='grc' dir='ltr'>καὶ</span> <span class='ocrx_word' id='word_1_298' title='bbox 1691 992 1747 1029; x_wconf 84' lang='grc' dir='ltr'>τὸν</span> <span class='ocrx_word' id='word_1_299' title='bbox 1778 991 1863 1028; x_wconf 76' lang='grc' dir='ltr'>Λευὶ</span> <span class='ocrx_word' id='word_1_300' title='bbox 1894 992 1951 1029; x_wconf 86' lang='grc' dir='ltr'>τὸν</span> <span class='ocrx_word' id='word_1_301' title='bbox 1979 989 2071 1028; x_wconf 84' lang='grc' dir='ltr'>κατὰ</span> <span class='ocrx_word' id='word_1_302' title='bbox 2101 990 2240 1027; x_wconf 83' lang='grc' dir='ltr'>πάντων</span> <span class='ocrx_word' id='word_1_303' title='bbox 2272 989 2372 1040; x_wconf 79' lang='grc' dir='ltr'>φόνον</span> 
     </span>
     <span class='ocr_line' id='line_1_44' title="bbox 1343 1049 2373 1103; baseline -0.001 -15"><span class='ocrx_word' id='word_1_304' title='bbox 1343 1053 1555 1102; x_wconf 83' lang='grc' dir='ltr'>μελετῶντες</span> <span class='ocrx_word' id='word_1_305' title='bbox 1575 1051 1790 1103; x_wconf 90' lang='grc' dir='ltr'>προέτειναν.</span> <span class='ocrx_word' id='word_1_306' title='bbox 1810 1053 1963 1090; x_wconf 81' lang='grc' dir='ltr'>Ἐκεῖνοι</span> <span class='ocrx_word' id='word_1_307' title='bbox 1992 1050 2027 1088; x_wconf 80' lang='grc' dir='ltr'>δὲ</span> <span class='ocrx_word' id='word_1_308' title='bbox 2047 1050 2132 1103; x_wconf 79' lang='grc' dir='ltr'>πρὸς</span> <span class='ocrx_word' id='word_1_309' title='bbox 2151 1049 2190 1087; x_wconf 78' lang='grc' dir='ltr'>τὸ</span> <span class='ocrx_word' id='word_1_310' title='bbox 2218 1050 2373 1088; x_wconf 79' lang='grc' dir='ltr'>σπουδα-</span> 
     </span>
     <span class='ocr_line' id='line_1_45' title="bbox 1341 1111 2372 1165; baseline -0.002 -15"><span class='ocrx_word' id='word_1_311' title='bbox 1341 1112 1482 1162; x_wconf 88' lang='grc' dir='ltr'>ζόμενον</span> <span class='ocrx_word' id='word_1_312' title='bbox 1498 1114 1644 1164; x_wconf 82' lang='grc' dir='ltr'>ὁρῶντες</span> <span class='ocrx_word' id='word_1_313' title='bbox 1656 1143 1666 1160; x_wconf 94' lang='grc'>,</span> <span class='ocrx_word' id='word_1_314' title='bbox 1686 1112 1746 1150; x_wconf 85' lang='grc' dir='ltr'>καὶ</span> <span class='ocrx_word' id='word_1_315' title='bbox 1765 1111 1828 1159; x_wconf 83' lang='grc' dir='ltr'>τὴν</span> <span class='ocrx_word' id='word_1_316' title='bbox 1843 1112 1950 1165; x_wconf 82' lang='grc' dir='ltr'>κόρην</span> <span class='ocrx_word' id='word_1_317' title='bbox 1970 1111 2090 1149; x_wconf 68' lang='grc' dir='ltr'>λαὸεἷν</span> <span class='ocrx_word' id='word_1_318' title='bbox 2108 1113 2372 1160; x_wconf 76' lang='grc' dir='ltr'>ἐπιθυμοῦντες,</span> 
     </span>
     <span class='ocr_line' id='line_1_46' title="bbox 1341 1171 2372 1225; baseline -0.001 -15"><span class='ocrx_word' id='word_1_319' title='bbox 1341 1172 1570 1216; x_wconf 82' lang='grc' dir='ltr'>κατεδέξαντο</span> <span class='ocrx_word' id='word_1_320' title='bbox 1596 1171 1641 1210; x_wconf 78' lang='grc' dir='ltr'>τὰ</span> <span class='ocrx_word' id='word_1_321' title='bbox 1672 1171 1858 1225; x_wconf 78' lang='grc' dir='ltr'>εἰρημένα,</span> <span class='ocrx_word' id='word_1_322' title='bbox 1880 1171 1940 1210; x_wconf 69' lang='grc' dir='ltr'>καὶ</span> <span class='ocrx_word' id='word_1_323' title='bbox 1966 1171 2163 1222; x_wconf 77' lang='grc' dir='ltr'>ἠρέσθησαν</span> <span class='ocrx_word' id='word_1_324' title='bbox 2189 1176 2260 1214; x_wconf 79' lang='grc' dir='ltr'>τοῖς</span> <span class='ocrx_word' id='word_1_325' title='bbox 2288 1186 2372 1222; x_wconf 78' lang='grc' dir='ltr'>προ-</span> 
     </span>
     <span class='ocr_line' id='line_1_47' title="bbox 1345 1232 2372 1286; baseline -0.002 -14"><span class='ocrx_word' id='word_1_326' title='bbox 1345 1238 1511 1272; x_wconf 87' lang='grc' dir='ltr'>ταθεῖσιν.</span> <span class='ocrx_word' id='word_1_327' title='bbox 1531 1233 1662 1285; x_wconf 70' lang='grc' dir='ltr'>Ἤρεσε</span> <span class='ocrx_word' id='word_1_328' title='bbox 1679 1234 1745 1286; x_wconf 84' lang='grc' dir='ltr'>γὰρ</span> <span class='ocrx_word' id='word_1_329' title='bbox 1759 1262 1768 1280; x_wconf 77' lang='grc'>,</span> <span class='ocrx_word' id='word_1_330' title='bbox 1788 1233 1906 1286; x_wconf 79' lang='grc' dir='ltr'>φησὶν,</span> <span class='ocrx_word' id='word_1_331' title='bbox 1928 1236 1945 1272; x_wconf 83' lang='grc' dir='ltr'><strong><em>ὃ</em></strong></span> <span class='ocrx_word' id='word_1_332' title='bbox 1964 1232 2063 1284; x_wconf 81' lang='grc' dir='ltr'>λόγος</span> <span class='ocrx_word' id='word_1_333' title='bbox 2078 1232 2229 1271; x_wconf 81' lang='grc' dir='ltr'>ἐναντίον</span> <span class='ocrx_word' id='word_1_334' title='bbox 2245 1233 2372 1279; x_wconf 77' lang='grc' dir='ltr'>αὐτῶν,</span> 
     </span>
     <span class='ocr_line' id='line_1_48' title="bbox 1341 1292 2374 1347; baseline -0.003 -14"><span class='ocrx_word' id='word_1_335' title='bbox 1341 1294 1357 1314; x_wconf 67' lang='lat' dir='ltr'>b</span> <span class='ocrx_word' id='word_1_336' title='bbox 1371 1295 1430 1333; x_wconf 79' lang='grc' dir='ltr'>καὶ</span> <span class='ocrx_word' id='word_1_337' title='bbox 1449 1296 1510 1333; x_wconf 81' lang='grc' dir='ltr'>οὐκ</span> <span class='ocrx_word' id='word_1_338' title='bbox 1531 1295 1712 1345; x_wconf 84' lang='grc' dir='ltr'>ἠμέλλησε</span> <span class='ocrx_word' id='word_1_339' title='bbox 1728 1298 1787 1332; x_wconf 80' lang='grc' dir='ltr'>τοῦ</span> <span class='ocrx_word' id='word_1_340' title='bbox 1810 1296 1998 1346; x_wconf 74' lang='grc' dir='ltr'>πληρῶσαι</span> <span class='ocrx_word' id='word_1_341' title='bbox 2020 1293 2064 1332; x_wconf 78' lang='grc' dir='ltr'>τὰ</span> <span class='ocrx_word' id='word_1_342' title='bbox 2088 1292 2236 1347; x_wconf 74' lang='grc' dir='ltr'>ῥηθέντα</span> <span class='ocrx_word' id='word_1_343' title='bbox 2254 1296 2272 1331; x_wconf 88' lang='grc' dir='ltr'>ὁ</span> <span class='ocrx_word' id='word_1_344' title='bbox 2293 1308 2374 1330; x_wconf 77' lang='grc' dir='ltr'>νεα·</span> 
     </span>
     <span class='ocr_line' id='line_1_49' title="bbox 1342 1354 2372 1408; baseline -0.002 -14"><span class='ocrx_word' id='word_1_345' title='bbox 1342 1355 1469 1399; x_wconf 80' lang='grc' dir='ltr'>νίσκος.</span> <span class='ocrx_word' id='word_1_346' title='bbox 1508 1356 1686 1394; x_wconf 83' lang='grc' dir='ltr'>Ἔνέκειτο</span> <span class='ocrx_word' id='word_1_347' title='bbox 1720 1356 1788 1408; x_wconf 82' lang='grc' dir='ltr'>γὰρ</span> <span class='ocrx_word' id='word_1_348' title='bbox 1824 1359 1866 1408; x_wconf 83' lang='grc' dir='ltr'>τῇ</span> <span class='ocrx_word' id='word_1_349' title='bbox 1897 1355 2040 1406; x_wconf 77' lang='grc' dir='ltr'>θυγατρὶ</span> <span class='ocrx_word' id='word_1_350' title='bbox 2070 1354 2214 1392; x_wconf 50' lang='lat' dir='ltr'>&#39;Iamba</span> <span class='ocrx_word' id='word_1_351' title='bbox 2246 1354 2372 1401; x_wconf 48' lang='lat' dir='ltr'><em>‘&#39;Okoffi</em></span> 
     </span>
     <span class='ocr_line' id='line_1_50' title="bbox 1343 1411 2374 1470; baseline -0.003 -15"><span class='ocrx_word' id='word_1_352' title='bbox 1343 1417 1460 1470; x_wconf 79' lang='grc' dir='ltr'>φησὶν,</span> <span class='ocrx_word' id='word_1_353' title='bbox 1479 1411 1521 1463; x_wconf 69' lang='grc' dir='ltr'>ἦν</span> <span class='ocrx_word' id='word_1_354' title='bbox 1553 1420 1597 1468; x_wconf 72' lang='grc' dir='ltr'>τῇ</span> <span class='ocrx_word' id='word_1_355' title='bbox 1632 1416 1799 1468; x_wconf 80' lang='grc' dir='ltr'>ἐπιθυμίᾳ</span> <span class='ocrx_word' id='word_1_356' title='bbox 1826 1420 1888 1463; x_wconf 69' lang='grc' dir='ltr'>τῆς</span> <span class='ocrx_word' id='word_1_357' title='bbox 1918 1416 2022 1468; x_wconf 84' lang='grc' dir='ltr'>κόρης</span> <span class='ocrx_word' id='word_1_358' title='bbox 2052 1414 2284 1465; x_wconf 71' lang='grc' dir='ltr'>ἐκδεδομένος.</span> <span class='ocrx_word' id='word_1_359' title='bbox 2304 1415 2374 1453; x_wconf 80' lang='grc' dir='ltr'>Καὶ</span> 
     </span>
     <span class='ocr_line' id='line_1_51' title="bbox 1343 1474 2373 1529; baseline -0.005 -12"><span class='ocrx_word' id='word_1_360' title='bbox 1343 1477 1499 1521; x_wconf 78' lang='grc' dir='ltr'>ἐλθόντες</span> <span class='ocrx_word' id='word_1_361' title='bbox 1516 1476 1618 1521; x_wconf 79' lang='grc' dir='ltr'>αὐτός</span> <span class='ocrx_word' id='word_1_362' title='bbox 1638 1493 1675 1515; x_wconf 81' lang='grc' dir='ltr'>τε</span> <span class='ocrx_word' id='word_1_363' title='bbox 1689 1477 1749 1515; x_wconf 78' lang='grc' dir='ltr'>καὶ</span> <span class='ocrx_word' id='word_1_364' title='bbox 1764 1480 1781 1514; x_wconf 82' lang='grc' dir='ltr'>ὅ</span> <span class='ocrx_word' id='word_1_365' title='bbox 1801 1476 1918 1528; x_wconf 86' lang='grc' dir='ltr'>πατὴρ</span> <span class='ocrx_word' id='word_1_366' title='bbox 1934 1477 2019 1529; x_wconf 82' lang='grc' dir='ltr'>πρὸς</span> <span class='ocrx_word' id='word_1_367' title='bbox 2036 1475 2099 1523; x_wconf 78' lang='grc' dir='ltr'>τὴν</span> <span class='ocrx_word' id='word_1_368' title='bbox 2118 1474 2245 1522; x_wconf 77' lang='grc' dir='ltr'>πύλην,</span> <span class='ocrx_word' id='word_1_369' title='bbox 2268 1475 2373 1528; x_wconf 78' lang='grc' dir='ltr'>φησὶ,</span> 
     </span>
     <span class='ocr_line' id='line_1_52' title="bbox 1344 1537 2374 1590; baseline -0.002 -15"><span class='ocrx_word' id='word_1_370' title='bbox 1344 1538 1571 1590; x_wconf 76' lang='grc' dir='ltr'>διελέχθησαν</span> <span class='ocrx_word' id='word_1_371' title='bbox 1598 1544 1686 1576; x_wconf 79' lang='grc' dir='ltr'>πᾶσι</span> <span class='ocrx_word' id='word_1_372' title='bbox 1708 1544 1777 1582; x_wconf 89' lang='grc' dir='ltr'>τοῖς</span> <span class='ocrx_word' id='word_1_373' title='bbox 1807 1537 1871 1584; x_wconf 72' lang='grc' dir='ltr'>τὴν</span> <span class='ocrx_word' id='word_1_374' title='bbox 1902 1537 2003 1575; x_wconf 84' lang='grc' dir='ltr'>πόλιν</span> <span class='ocrx_word' id='word_1_375' title='bbox 2029 1539 2162 1574; x_wconf 73' lang='grc' dir='ltr'>οἰκοῦσι</span> <span class='ocrx_word' id='word_1_376' title='bbox 2179 1567 2189 1584; x_wconf 98' lang='grc'>,</span> <span class='ocrx_word' id='word_1_377' title='bbox 2209 1537 2268 1574; x_wconf 85' lang='grc' dir='ltr'>καὶ</span> <span class='ocrx_word' id='word_1_378' title='bbox 2294 1552 2374 1574; x_wconf 88' lang='grc' dir='ltr'>συν-</span> 
     </span>
     <span class='ocr_line' id='line_1_53' title="bbox 1343 1596 2371 1651; baseline -0.004 -15"><span class='ocrx_word' id='word_1_379' title='bbox 1343 1599 1590 1637; x_wconf 70' lang='grc' dir='ltr'>εὸουλεύσαντο</span> <span class='ocrx_word' id='word_1_380' title='bbox 1610 1598 1674 1645; x_wconf 84' lang='grc' dir='ltr'>τὴν</span> <span class='ocrx_word' id='word_1_381' title='bbox 1693 1598 1887 1651; x_wconf 85' lang='grc' dir='ltr'>περιτομὴν</span> <span class='ocrx_word' id='word_1_382' title='bbox 1911 1597 2167 1641; x_wconf 82' lang='grc' dir='ltr'>καταδέξασθαι</span> <span class='ocrx_word' id='word_1_383' title='bbox 2188 1597 2279 1636; x_wconf 86' lang='grc' dir='ltr'>κατὰ</span> <span class='ocrx_word' id='word_1_384' title='bbox 2308 1596 2371 1644; x_wconf 85' lang='grc' dir='ltr'>τὴν</span> 
     </span>
     <span class='ocr_line' id='line_1_54' title="bbox 1342 1657 2374 1711; baseline -0.002 -14"><span class='ocrx_word' id='word_1_385' title='bbox 1342 1658 1480 1697; x_wconf 82' lang='grc' dir='ltr'>ἐκείνων</span> <span class='ocrx_word' id='word_1_386' title='bbox 1501 1659 1670 1711; x_wconf 85' lang='grc' dir='ltr'>πρότασιν</span> <span class='ocrx_word' id='word_1_387' title='bbox 1684 1690 1694 1707; x_wconf 92' lang='grc'>,</span> <span class='ocrx_word' id='word_1_388' title='bbox 1717 1660 1776 1697; x_wconf 84' lang='grc' dir='ltr'>καὶ</span> <span class='ocrx_word' id='word_1_389' title='bbox 1793 1659 1954 1703; x_wconf 79' lang='grc' dir='ltr'>δέξασθαι</span> <span class='ocrx_word' id='word_1_390' title='bbox 1973 1658 2093 1702; x_wconf 76' lang='grc' dir='ltr'>αὐτοὺς</span> <span class='ocrx_word' id='word_1_391' title='bbox 2114 1658 2200 1711; x_wconf 75' lang='grc' dir='ltr'>πρὸς</span> <span class='ocrx_word' id='word_1_392' title='bbox 2216 1657 2279 1705; x_wconf 83' lang='grc' dir='ltr'>τὴν</span> <span class='ocrx_word' id='word_1_393' title='bbox 2297 1674 2374 1697; x_wconf 88' lang='grc' dir='ltr'>συν-</span> 
     </span>
     <span class='ocr_line' id='line_1_55' title="bbox 1343 1718 2375 1772; baseline 0 -16"><span class='ocrx_word' id='word_1_394' title='bbox 1343 1718 1491 1766; x_wconf 86' lang='grc' dir='ltr'>οίκησιν.</span> <span class='ocrx_word' id='word_1_395' title='bbox 1512 1719 1582 1757; x_wconf 80' lang='grc' dir='ltr'>Καὶ</span> <span class='ocrx_word' id='word_1_396' title='bbox 1616 1719 1786 1772; x_wconf 75' lang='grc' dir='ltr'>ἐπλήρουν</span> <span class='ocrx_word' id='word_1_397' title='bbox 1817 1721 1941 1757; x_wconf 86' lang='grc' dir='ltr'>ἐκεῖνοι</span> <span class='ocrx_word' id='word_1_398' title='bbox 1971 1722 2192 1771; x_wconf 71' lang='grc' dir='ltr'>παραχρῆμα</span> <span class='ocrx_word' id='word_1_399' title='bbox 2210 1718 2255 1758; x_wconf 80' lang='grc' dir='ltr'>τὰ</span> <span class='ocrx_word' id='word_1_400' title='bbox 2279 1718 2375 1771; x_wconf 82' lang='grc' dir='ltr'>παρὰ</span> 
     </span>
     <span class='ocr_line' id='line_1_56' title="bbox 1343 1778 2378 1833; baseline 0.001 -17"><span class='ocrx_word' id='word_1_401' title='bbox 1343 1783 1402 1816; x_wconf 76' lang='grc' dir='ltr'>τοῦ</span> <span class='ocrx_word' id='word_1_402' title='bbox 1432 1778 1555 1832; x_wconf 78' lang='grc' dir='ltr'>Ἐμὼρ</span> <span class='ocrx_word' id='word_1_403' title='bbox 1594 1779 1654 1817; x_wconf 78' lang='grc' dir='ltr'>καὶ</span> <span class='ocrx_word' id='word_1_404' title='bbox 1688 1784 1748 1818; x_wconf 75' lang='grc' dir='ltr'>τοῦ</span> <span class='ocrx_word' id='word_1_405' title='bbox 1782 1780 1907 1832; x_wconf 77' lang='grc' dir='ltr'>Συχὲμ</span> <span class='ocrx_word' id='word_1_406' title='bbox 1935 1780 2104 1833; x_wconf 77' lang='grc' dir='ltr'>λεχθέντα</span> <span class='ocrx_word' id='word_1_407' title='bbox 2120 1796 2128 1804; x_wconf 95' lang='grc'><em>·</em></span> <span class='ocrx_word' id='word_1_408' title='bbox 2163 1779 2222 1818; x_wconf 81' lang='grc' dir='ltr'>καὶ</span> <span class='ocrx_word' id='word_1_409' title='bbox 2251 1779 2378 1823; x_wconf 84' lang='grc' dir='ltr'>πάντες</span> 
     </span>
    </p>
   </div>
   <div class='ocr_carea' id='block_1_7' title="bbox 325 1838 2378 1893">
    <p class='ocr_par' dir='ltr' id='par_1_7' title="bbox 325 1838 2378 1893">
     <span class='ocr_line' id='line_1_57' title="bbox 325 1838 2378 1893; baseline 0.001 -17"><span class='ocrx_word' id='word_1_410' title='bbox 325 1838 432 1876; x_wconf 90' lang='lat' dir='ltr'><em>simul</em></span> <span class='ocrx_word' id='word_1_411' title='bbox 451 1838 729 1878; x_wconf 84' lang='lat' dir='ltr'><em>circumcisionis</em></span> <span class='ocrx_word' id='word_1_412' title='bbox 744 1840 888 1891; x_wconf 81' lang='lat' dir='ltr'><em>signum</em></span> <span class='ocrx_word' id='word_1_413' title='bbox 908 1840 943 1878; x_wconf 92' lang='lat' dir='ltr'>in</span> <span class='ocrx_word' id='word_1_414' title='bbox 961 1854 1105 1893; x_wconf 88' lang='lat' dir='ltr'><em>corpore</em></span> <span class='ocrx_word' id='word_1_415' title='bbox 1125 1840 1274 1893; x_wconf 83' lang='lat' dir='ltr'><em>accipie-</em></span> <span class='ocrx_word' id='word_1_416' title='bbox 1285 1868 1333 1893; x_wconf 65' lang='lat'>574</span> <span class='ocrx_word' id='word_1_417' title='bbox 1350 1839 1471 1891; x_wconf 87' lang='grc' dir='ltr'>ἀθρόον</span> <span class='ocrx_word' id='word_1_418' title='bbox 1493 1840 1532 1878; x_wconf 80' lang='grc' dir='ltr'>τὸ</span> <span class='ocrx_word' id='word_1_419' title='bbox 1554 1846 1698 1890; x_wconf 86' lang='grc' dir='ltr'>σημεῖον</span> <span class='ocrx_word' id='word_1_420' title='bbox 1719 1843 1782 1887; x_wconf 79' lang='grc' dir='ltr'>τῆς</span> <span class='ocrx_word' id='word_1_421' title='bbox 1806 1844 1999 1893; x_wconf 73' lang='grc' dir='ltr'>περιτομῆς</span> <span class='ocrx_word' id='word_1_422' title='bbox 2016 1840 2072 1879; x_wconf 78' lang='grc' dir='ltr'>ἐπὶ</span> <span class='ocrx_word' id='word_1_423' title='bbox 2104 1840 2144 1879; x_wconf 83' lang='grc' dir='ltr'>τὸ</span> <span class='ocrx_word' id='word_1_424' title='bbox 2175 1843 2277 1891; x_wconf 79' lang='grc' dir='ltr'>σῶμα</span> <span class='ocrx_word' id='word_1_425' title='bbox 2305 1839 2378 1878; x_wconf 86' lang='grc' dir='ltr'>ἐδέ-</span> 
     </span>
    </p>
   </div>
   <div class='ocr_carea' id='block_1_8' title="bbox 321 1900 1332 2791">
    <p class='ocr_par' dir='ltr' id='par_1_8' title="bbox 321 1900 1332 2791">
     <span class='ocr_line' id='line_1_58' title="bbox 322 1900 1324 1954; baseline 0.002 -17"><span class='ocrx_word' id='word_1_426' title='bbox 322 1900 419 1937; x_wconf 79' lang='lat' dir='ltr'><em>bant.</em></span> <span class='ocrx_word' id='word_1_427' title='bbox 434 1901 510 1938; x_wconf 87' lang='lat' dir='ltr'>Hoc</span> <span class='ocrx_word' id='word_1_428' title='bbox 529 1901 591 1938; x_wconf 85' lang='lat' dir='ltr'>ubi</span> <span class='ocrx_word' id='word_1_429' title='bbox 613 1901 832 1940; x_wconf 83' lang='lat' dir='ltr'><em>resciverunt</em></span> <span class='ocrx_word' id='word_1_430' title='bbox 845 1902 1001 1954; x_wconf 85' lang='lat' dir='ltr'><em>Symeon</em></span> <span class='ocrx_word' id='word_1_431' title='bbox 1020 1916 1061 1939; x_wconf 85' lang='lat' dir='ltr'>ac</span> <span class='ocrx_word' id='word_1_432' title='bbox 1081 1901 1184 1952; x_wconf 84' lang='lat' dir='ltr'><em>Levi,</em></span> <span class='ocrx_word' id='word_1_433' title='bbox 1196 1916 1274 1952; x_wconf 85' lang='lat' dir='ltr'>quae</span> <span class='ocrx_word' id='word_1_434' title='bbox 1299 1904 1324 1933; x_wconf 86' lang='grc' dir='ltr'>Α</span> 
     </span>
     <span class='ocr_line' id='line_1_59' title="bbox 321 1961 1278 2015; baseline 0.003 -18"><span class='ocrx_word' id='word_1_435' title='bbox 321 1961 397 2012; x_wconf 82' lang='lat' dir='ltr'><em>jam</em></span> <span class='ocrx_word' id='word_1_436' title='bbox 416 1961 556 1998; x_wconf 89' lang='lat' dir='ltr'><em>dudum</em></span> <span class='ocrx_word' id='word_1_437' title='bbox 570 1976 691 1999; x_wconf 88' lang='lat' dir='ltr'><em>secum</em></span> <span class='ocrx_word' id='word_1_438' title='bbox 710 1962 990 2012; x_wconf 81' lang='lat' dir='ltr'><em>meditabantur,</em></span> <span class='ocrx_word' id='word_1_439' title='bbox 1000 1977 1104 2015; x_wconf 88' lang='lat' dir='ltr'><em>opere</em></span> <span class='ocrx_word' id='word_1_440' title='bbox 1121 1963 1278 2015; x_wconf 87' lang='lat' dir='ltr'><em>comple-</em></span> 
     </span>
     <span class='ocr_line' id='line_1_60' title="bbox 327 2023 1274 2076; baseline 0.003 -18"><span class='ocrx_word' id='word_1_441' title='bbox 327 2031 471 2071; x_wconf 76' lang='lat' dir='ltr'><em>verunt3</em></span> <span class='ocrx_word' id='word_1_442' title='bbox 491 2023 554 2060; x_wconf 63' lang='lat'>95.</span> <span class='ocrx_word' id='word_1_443' title='bbox 575 2024 629 2060; x_wconf 85' lang='lat' dir='ltr'><em>Et</em></span> <span class='ocrx_word' id='word_1_444' title='bbox 654 2026 819 2074; x_wconf 84' lang='lat' dir='ltr'><em>acceptis</em></span> <span class='ocrx_word' id='word_1_445' title='bbox 843 2025 988 2075; x_wconf 79' lang='lat' dir='ltr'><em>singuli</em></span> <span class='ocrx_word' id='word_1_446' title='bbox 1011 2024 1155 2076; x_wconf 82' lang='lat' dir='ltr'><em>gladiis</em></span> <span class='ocrx_word' id='word_1_447' title='bbox 1183 2028 1274 2070; x_wconf 83' lang='lat' dir='ltr'><em>suis,</em></span> 
     </span>
     <span class='ocr_line' id='line_1_61' title="bbox 327 2081 1280 2131; baseline 0.001 -14"><span class='ocrx_word' id='word_1_448' title='bbox 327 2083 488 2131; x_wconf 76' lang='lat' dir='ltr'><em>ingressi</em></span> <span class='ocrx_word' id='word_1_449' title='bbox 503 2084 645 2118; x_wconf 82' lang='lat' dir='ltr'><em>suntin</em></span> <span class='ocrx_word' id='word_1_450' title='bbox 660 2084 858 2118; x_wconf 69' lang='lat' dir='ltr'><em>civitatem</em></span> <span class='ocrx_word' id='word_1_451' title='bbox 874 2095 1018 2119; x_wconf 80' lang='lat' dir='ltr'><em>secure.</em></span> <span class='ocrx_word' id='word_1_452' title='bbox 1036 2081 1135 2127; x_wconf 86' lang='lat' dir='ltr'><em>Quid</em></span> <span class='ocrx_word' id='word_1_453' title='bbox 1150 2091 1214 2131; x_wconf 88' lang='lat' dir='ltr'><em>est,</em></span> <span class='ocrx_word' id='word_1_454' title='bbox 1230 2084 1280 2118; x_wconf 86' lang='lat' dir='ltr'><em>In</em></span> 
     </span>
     <span class='ocr_line' id='line_1_62' title="bbox 328 2141 1277 2192; baseline 0.002 -14"><span class='ocrx_word' id='word_1_455' title='bbox 328 2143 524 2178; x_wconf 78' lang='lat' dir='ltr'><em>civitatem</em></span> <span class='ocrx_word' id='word_1_456' title='bbox 541 2155 670 2179; x_wconf 84' lang='lat' dir='ltr'><em>secure</em></span> <span class='ocrx_word' id='word_1_457' title='bbox 681 2146 696 2177; x_wconf 74' lang='lat' dir='ltr'><strong><em>P</em></strong></span> <span class='ocrx_word' id='word_1_458' title='bbox 713 2141 807 2188; x_wconf 81' lang='lat' dir='ltr'><em>Quia</em></span> <span class='ocrx_word' id='word_1_459' title='bbox 828 2156 908 2179; x_wconf 90' lang='lat' dir='ltr'>cum</span> <span class='ocrx_word' id='word_1_460' title='bbox 924 2142 1039 2180; x_wconf 88' lang='lat' dir='ltr'><em>solum</em></span> <span class='ocrx_word' id='word_1_461' title='bbox 1058 2141 1130 2180; x_wconf 89' lang='lat' dir='ltr'>duo</span> <span class='ocrx_word' id='word_1_462' title='bbox 1149 2151 1277 2192; x_wconf 77' lang='lat' dir='ltr'><em>essent,</em></span> 
     </span>
     <span class='ocr_line' id='line_1_63' title="bbox 330 2201 1280 2254; baseline 0.004 -17"><span class='ocrx_word' id='word_1_463' title='bbox 330 2208 434 2237; x_wconf 79' lang='lat' dir='ltr'><em>tantae</em></span> <span class='ocrx_word' id='word_1_464' title='bbox 454 2201 679 2238; x_wconf 85' lang='lat' dir='ltr'><em>multitudini</em></span> <span class='ocrx_word' id='word_1_465' title='bbox 701 2215 736 2239; x_wconf 83' lang='lat' dir='ltr'>se</span> <span class='ocrx_word' id='word_1_466' title='bbox 757 2212 997 2254; x_wconf 84' lang='lat' dir='ltr'><em>opposuerunt</em></span> <span class='ocrx_word' id='word_1_467' title='bbox 1012 2219 1020 2239; x_wconf 78' lang='lat' dir='ltr'><em>t</em></span> <span class='ocrx_word' id='word_1_468' title='bbox 1034 2203 1096 2241; x_wconf 90' lang='lat' dir='ltr'>sed</span> <span class='ocrx_word' id='word_1_469' title='bbox 1115 2217 1280 2254; x_wconf 73' lang='lat' dir='ltr'><em>magnam</em></span> 
     </span>
     <span class='ocr_line' id='line_1_64' title="bbox 330 2260 1282 2313; baseline 0.004 -16"><span class='ocrx_word' id='word_1_470' title='bbox 330 2260 379 2298; x_wconf 84' lang='lat' dir='ltr'>eis</span> <span class='ocrx_word' id='word_1_471' title='bbox 398 2261 621 2299; x_wconf 81' lang='lat' dir='ltr'><em>securitatem</em></span> <span class='ocrx_word' id='word_1_472' title='bbox 639 2262 816 2313; x_wconf 62' lang='lat' dir='ltr'><em>pimstitit,</em></span> <span class='ocrx_word' id='word_1_473' title='bbox 837 2263 934 2313; x_wconf 91' lang='lat' dir='ltr'><em>quod</em></span> <span class='ocrx_word' id='word_1_474' title='bbox 957 2278 1077 2301; x_wconf 86' lang='lat' dir='ltr'><em>omnes</em></span> <span class='ocrx_word' id='word_1_475' title='bbox 1097 2264 1150 2301; x_wconf 89' lang='lat' dir='ltr'><em>illi</em></span> <span class='ocrx_word' id='word_1_476' title='bbox 1171 2264 1282 2301; x_wconf 80' lang='lat' dir='ltr'><em>saucii</em></span> 
     </span>
     <span class='ocr_line' id='line_1_65' title="bbox 326 2321 1284 2372; baseline 0.004 -14"><span class='ocrx_word' id='word_1_477' title='bbox 326 2321 609 2372; x_wconf 83' lang='lat' dir='ltr'><em>jacc1·ent.Qnod</em></span> <span class='ocrx_word' id='word_1_478' title='bbox 627 2331 663 2358; x_wconf 91' lang='lat' dir='ltr'>ut</span> <span class='ocrx_word' id='word_1_479' title='bbox 683 2322 784 2359; x_wconf 85' lang='lat' dir='ltr'><em>nobis</em></span> <span class='ocrx_word' id='word_1_480' title='bbox 795 2323 1032 2360; x_wconf 76' lang='lat' dir='ltr'><em>manifestaret</em></span> <span class='ocrx_word' id='word_1_481' title='bbox 1044 2323 1166 2362; x_wconf 77' lang='lat' dir='ltr'><em>divina</em></span> <span class='ocrx_word' id='word_1_482' title='bbox 1187 2325 1284 2362; x_wconf 86' lang='lat' dir='ltr'><em>Scri-</em></span> 
     </span>
     <span class='ocr_line' id='line_1_66' title="bbox 332 2379 1285 2434; baseline 0.006 -20"><span class='ocrx_word' id='word_1_483' title='bbox 332 2386 449 2429; x_wconf 72' lang='lat' dir='ltr'><em>ptura,</em></span> <span class='ocrx_word' id='word_1_484' title='bbox 458 2380 624 2416; x_wconf 84' lang='lat' dir='ltr'><em>Factum</em></span> <span class='ocrx_word' id='word_1_485' title='bbox 636 2388 705 2425; x_wconf 86' lang='lat' dir='ltr'><em>est,</em></span> <span class='ocrx_word' id='word_1_486' title='bbox 717 2379 845 2430; x_wconf 87' lang='lat' dir='ltr'><em>inquit,</em></span> <span class='ocrx_word' id='word_1_487' title='bbox 858 2383 899 2417; x_wconf 81' lang='lat' dir='ltr'>in</span> <span class='ocrx_word' id='word_1_488' title='bbox 912 2381 975 2418; x_wconf 79' lang='lat' dir='ltr'>die</span> <span class='ocrx_word' id='word_1_489' title='bbox 987 2384 1112 2427; x_wconf 79' lang='lat' dir='ltr'><em>tertio,</em></span> <span class='ocrx_word' id='word_1_490' title='bbox 1127 2384 1285 2434; x_wconf 86' lang='lat' dir='ltr'><em>quando</em></span> 
     </span>
     <span class='ocr_line' id='line_1_67' title="bbox 332 2439 1286 2492; baseline 0.007 -18"><span class='ocrx_word' id='word_1_491' title='bbox 332 2446 444 2475; x_wconf 83' lang='lat' dir='ltr'><em>erant</em></span> <span class='ocrx_word' id='word_1_492' title='bbox 463 2441 505 2475; x_wconf 88' lang='lat' dir='ltr'>in</span> <span class='ocrx_word' id='word_1_493' title='bbox 525 2439 670 2476; x_wconf 81' lang='lat' dir='ltr'><em>dolore.</em></span> <span class='ocrx_word' id='word_1_494' title='bbox 693 2439 768 2477; x_wconf 85' lang='lat' dir='ltr'>Hoc</span> <span class='ocrx_word' id='word_1_495' title='bbox 793 2440 875 2478; x_wconf 89' lang='lat' dir='ltr'><em>illos</em></span> <span class='ocrx_word' id='word_1_496' title='bbox 904 2455 1044 2479; x_wconf 88' lang='lat' dir='ltr'><em>securos</em></span> <span class='ocrx_word' id='word_1_497' title='bbox 1066 2442 1235 2492; x_wconf 77' lang='lat' dir='ltr'><em>reddidit,</em></span> <span class='ocrx_word' id='word_1_498' title='bbox 1253 2453 1286 2481; x_wconf 87' lang='lat' dir='ltr'>et</span> 
     </span>
     <span class='ocr_line' id='line_1_68' title="bbox 333 2496 1285 2553; baseline 0.007 -20"><span class='ocrx_word' id='word_1_499' title='bbox 333 2496 421 2534; x_wconf 81' lang='lat' dir='ltr'><em>duos</em></span> <span class='ocrx_word' id='word_1_500' title='bbox 444 2497 605 2535; x_wconf 88' lang='lat' dir='ltr'><em>fortiores</em></span> <span class='ocrx_word' id='word_1_501' title='bbox 627 2498 749 2535; x_wconf 88' lang='lat' dir='ltr'><em>multis</em></span> <span class='ocrx_word' id='word_1_502' title='bbox 776 2499 870 2536; x_wconf 84' lang='lat' dir='ltr'><em>fecit.</em></span> <span class='ocrx_word' id='word_1_503' title='bbox 896 2501 1135 2548; x_wconf 78' lang='lat' dir='ltr'><em>Occiderant,</em></span> <span class='ocrx_word' id='word_1_504' title='bbox 1159 2502 1285 2553; x_wconf 85' lang='lat' dir='ltr'><em>inquit,</em></span> 
     </span>
     <span class='ocr_line' id='line_1_69' title="bbox 335 2557 1286 2612; baseline 0.006 -20"><span class='ocrx_word' id='word_1_505' title='bbox 335 2569 447 2593; x_wconf 88' lang='lat' dir='ltr'><em>omne</em></span> <span class='ocrx_word' id='word_1_506' title='bbox 474 2557 749 2603; x_wconf 84' lang='lat' dir='ltr'><em>masculinum,</em></span> <span class='ocrx_word' id='word_1_507' title='bbox 774 2557 841 2595; x_wconf 86' lang='lat' dir='ltr'>hoe</span> <span class='ocrx_word' id='word_1_508' title='bbox 867 2568 929 2608; x_wconf 83' lang='lat' dir='ltr'><em>est,</em></span> <span class='ocrx_word' id='word_1_509' title='bbox 949 2573 1069 2597; x_wconf 91' lang='lat' dir='ltr'><em>omnes</em></span> <span class='ocrx_word' id='word_1_510' title='bbox 1090 2561 1200 2608; x_wconf 71' lang='lat' dir='ltr'><em>viros,</em></span> <span class='ocrx_word' id='word_1_511' title='bbox 1226 2562 1286 2612; x_wconf 88' lang='lat' dir='ltr'>qui</span> 
     </span>
     <span class='ocr_line' id='line_1_70' title="bbox 334 2617 1332 2672; baseline 0.01 -22"><span class='ocrx_word' id='word_1_512' title='bbox 334 2625 478 2668; x_wconf 83' lang='lat' dir='ltr'><em>propter</em></span> <span class='ocrx_word' id='word_1_513' title='bbox 487 2617 971 2670; x_wconf 78' lang='lat' dir='ltr'><em>eircumcisionemjacebant,</em></span> <span class='ocrx_word' id='word_1_514' title='bbox 979 2621 1166 2672; x_wconf 81' lang='lat' dir='ltr'><em>paratique</em></span> <span class='ocrx_word' id='word_1_515' title='bbox 1176 2632 1287 2670; x_wconf 80' lang='lat' dir='ltr'><em>erant,</em></span> <span class='ocrx_word' id='word_1_516' title='bbox 1310 2636 1332 2665; x_wconf 79' lang='lat' dir='ltr'><em>n</em></span> 
     </span>
     <span class='ocr_line' id='line_1_71' title="bbox 337 2677 1285 2725; baseline 0.008 -13"><span class='ocrx_word' id='word_1_517' title='bbox 337 2686 375 2713; x_wconf 90' lang='lat' dir='ltr'>ut</span> <span class='ocrx_word' id='word_1_518' title='bbox 391 2677 439 2714; x_wconf 82' lang='lat' dir='ltr'>ita</span> <span class='ocrx_word' id='word_1_519' title='bbox 452 2677 583 2725; x_wconf 78' lang='lat' dir='ltr'><em>dicam,</em></span> <span class='ocrx_word' id='word_1_520' title='bbox 597 2687 634 2715; x_wconf 89' lang='lat' dir='ltr'>ut</span> <span class='ocrx_word' id='word_1_521' title='bbox 655 2678 901 2717; x_wconf 78' lang='lat' dir='ltr'><em>occiderentur</em></span> <span class='ocrx_word' id='word_1_522' title='bbox 918 2696 925 2716; x_wconf 90' lang='lat'>:</span> <span class='ocrx_word' id='word_1_523' title='bbox 944 2690 976 2718; x_wconf 89' lang='lat' dir='ltr'>et</span> <span class='ocrx_word' id='word_1_524' title='bbox 991 2695 1074 2719; x_wconf 87' lang='lat' dir='ltr'>eum</span> <span class='ocrx_word' id='word_1_525' title='bbox 1085 2682 1165 2720; x_wconf 82' lang='lat' dir='ltr'><em>aliis</em></span> <span class='ocrx_word' id='word_1_526' title='bbox 1181 2684 1285 2721; x_wconf 79' lang='lat' dir='ltr'><em>etiam</em></span> 
     </span>
     <span class='ocr_line' id='line_1_72' title="bbox 333 2737 1288 2791; baseline 0.007 -17"><span class='ocrx_word' id='word_1_527' title='bbox 333 2737 501 2788; x_wconf 75' lang='lat' dir='ltr'><em>juvenem</em></span> <span class='ocrx_word' id='word_1_528' title='bbox 514 2738 579 2776; x_wconf 88' lang='lat' dir='ltr'><em>ulti</em></span> <span class='ocrx_word' id='word_1_529' title='bbox 596 2748 691 2788; x_wconf 85' lang='lat' dir='ltr'><em>sunt,</em></span> <span class='ocrx_word' id='word_1_530' title='bbox 707 2740 767 2790; x_wconf 85' lang='lat' dir='ltr'>qui</span> <span class='ocrx_word' id='word_1_531' title='bbox 782 2740 938 2791; x_wconf 80' lang='lat' dir='ltr'><em>puellam</em></span> <span class='ocrx_word' id='word_1_532' title='bbox 948 2741 1205 2781; x_wconf 81' lang='lat' dir='ltr'><em>vitiaverat.Et</em></span> <span class='ocrx_word' id='word_1_533' title='bbox 1218 2757 1288 2781; x_wconf 92' lang='lat' dir='ltr'>non</span> 
     </span>
    </p>
   </div>
   <div class='ocr_carea' id='block_1_9' title="bbox 139 2798 1285 2855">
    <p class='ocr_par' dir='ltr' id='par_1_9' title="bbox 139 2798 1285 2855">
     <span class='ocr_line' id='line_1_73' title="bbox 139 2798 1285 2855; baseline 0.008 -22"><span class='ocrx_word' id='word_1_534' title='bbox 139 2817 165 2833; x_wconf 88' lang='lat' dir='ltr'>v.</span> <span class='ocrx_word' id='word_1_535' title='bbox 185 2806 233 2835; x_wconf 84' lang='lat'>28.</span> <span class='ocrx_word' id='word_1_536' title='bbox 252 2812 301 2841; x_wconf 85' lang='lat'>²9·</span> <span class='ocrx_word' id='word_1_537' title='bbox 338 2798 487 2835; x_wconf 87' lang='lat' dir='ltr'><em>contenti</em></span> <span class='ocrx_word' id='word_1_538' title='bbox 510 2798 574 2835; x_wconf 79' lang='lat' dir='ltr'>hac</span> <span class='ocrx_word' id='word_1_539' title='bbox 588 2798 758 2843; x_wconf 68' lang='lat' dir='ltr'><em>vindicta,</em></span> <span class='ocrx_word' id='word_1_540' title='bbox 774 2801 880 2839; x_wconf 82' lang='lat' dir='ltr'><em>etiam</em></span> <span class='ocrx_word' id='word_1_541' title='bbox 894 2816 988 2852; x_wconf 80' lang='lat' dir='ltr'><em>oves,</em></span> <span class='ocrx_word' id='word_1_542' title='bbox 1004 2802 1130 2853; x_wconf 85' lang='lat' dir='ltr'><em>inquit,</em></span> <span class='ocrx_word' id='word_1_543' title='bbox 1149 2817 1285 2855; x_wconf 89' lang='lat' dir='ltr'><em>eorum,</em></span> 
     </span>
    </p>
   </div>
   <div class='ocr_carea' id='block_1_10' title="bbox 337 2859 1291 3206">
    <p class='ocr_par' dir='ltr' id='par_1_10' title="bbox 337 2859 1291 3206">
     <span class='ocr_line' id='line_1_74' title="bbox 337 2859 1286 2916; baseline 0.009 -22"><span class='ocrx_word' id='word_1_544' title='bbox 337 2867 370 2895; x_wconf 91' lang='lat' dir='ltr'>et</span> <span class='ocrx_word' id='word_1_545' title='bbox 389 2859 505 2895; x_wconf 84' lang='lat' dir='ltr'><em>omnia</em></span> <span class='ocrx_word' id='word_1_546' title='bbox 526 2874 665 2911; x_wconf 84' lang='lat' dir='ltr'><em>pecora,</em></span> <span class='ocrx_word' id='word_1_547' title='bbox 680 2861 868 2912; x_wconf 81' lang='lat' dir='ltr'><em>omniaque</em></span> <span class='ocrx_word' id='word_1_548' title='bbox 887 2876 1033 2915; x_wconf 84' lang='lat' dir='ltr'><em>corpora</em></span> <span class='ocrx_word' id='word_1_549' title='bbox 1046 2863 1081 2901; x_wconf 88' lang='lat' dir='ltr'>in</span> <span class='ocrx_word' id='word_1_550' title='bbox 1102 2865 1286 2916; x_wconf 76' lang='lat' dir='ltr'><em>captivita-</em></span> 
     </span>
     <span class='ocr_line' id='line_1_75' title="bbox 340 2919 1287 2967; baseline 0.008 -12"><span class='ocrx_word' id='word_1_551' title='bbox 340 2928 409 2955; x_wconf 86' lang='lat' dir='ltr'>tem</span> <span class='ocrx_word' id='word_1_552' title='bbox 442 2919 634 2967; x_wconf 83' lang='lat' dir='ltr'><em>duxerunt,</em></span> <span class='ocrx_word' id='word_1_553' title='bbox 655 2935 695 2958; x_wconf 80' lang='lat' dir='ltr'>ae</span> <span class='ocrx_word' id='word_1_554' title='bbox 716 2921 858 2959; x_wconf 78' lang='lat' dir='ltr'><em>civitate</em></span> <span class='ocrx_word' id='word_1_555' title='bbox 879 2923 968 2961; x_wconf 79' lang='lat' dir='ltr'><em>viris</em></span> <span class='ocrx_word' id='word_1_556' title='bbox 986 2923 1155 2962; x_wconf 83' lang='lat' dir='ltr'><em>destituta</em></span> <span class='ocrx_word' id='word_1_557' title='bbox 1178 2934 1212 2963; x_wconf 87' lang='lat' dir='ltr'>et</span> <span class='ocrx_word' id='word_1_558' title='bbox 1230 2925 1287 2963; x_wconf 92' lang='lat' dir='ltr'>di-</span> 
     </span>
     <span class='ocr_line' id='line_1_76' title="bbox 338 2981 1291 3035; baseline 0.009 -19"><span class='ocrx_word' id='word_1_559' title='bbox 338 2989 434 3031; x_wconf 75' lang='lat' dir='ltr'><em>repta</em></span> <span class='ocrx_word' id='word_1_560' title='bbox 448 2981 640 3018; x_wconf 81' lang='lat' dir='ltr'><em>redierunt.</em></span> <span class='ocrx_word' id='word_1_561' title='bbox 657 2981 954 3030; x_wconf 77' lang='lat' dir='ltr'><em>Vidisti,dilecte,</em></span> <span class='ocrx_word' id='word_1_562' title='bbox 970 2994 1142 3035; x_wconf 84' lang='lat' dir='ltr'><em>quantum</em></span> <span class='ocrx_word' id='word_1_563' title='bbox 1157 2986 1291 3025; x_wconf 82' lang='lat' dir='ltr'><em>malum</em></span> 
     </span>
     <span class='ocr_line' id='line_1_77' title="bbox 339 3040 1290 3097; baseline 0.007 -20"><span class='ocrx_word' id='word_1_564' title='bbox 339 3049 479 3091; x_wconf 76' lang='lat' dir='ltr'><em>operatu</em></span> <span class='ocrx_word' id='word_1_565' title='bbox 496 3040 540 3077; x_wconf 80' lang='lat' dir='ltr'>sit</span> <span class='ocrx_word' id='word_1_566' title='bbox 554 3040 659 3077; x_wconf 84' lang='lat' dir='ltr'><em>unius</em></span> <span class='ocrx_word' id='word_1_567' title='bbox 672 3041 815 3092; x_wconf 78' lang='lat' dir='ltr'><em>juvenis</em></span> <span class='ocrx_word' id='word_1_568' title='bbox 831 3044 1164 3083; x_wconf 70' lang='lat' dir='ltr'><em>temeritasi&#39;vidisti</em></span> <span class='ocrx_word' id='word_1_569' title='bbox 1178 3060 1290 3097; x_wconf 79' lang='lat' dir='ltr'><em>quan·</em></span> 
     </span>
     <span class='ocr_line' id='line_1_78' title="bbox 339 3099 1288 3151; baseline 0.007 -14"><span class='ocrx_word' id='word_1_570' title='bbox 339 3109 411 3137; x_wconf 72' lang='lat' dir='ltr'><em>tarn</em></span> <span class='ocrx_word' id='word_1_571' title='bbox 422 3099 540 3136; x_wconf 80' lang='lat' dir='ltr'><em>attulit</em></span> <span class='ocrx_word' id='word_1_572' title='bbox 551 3100 739 3151; x_wconf 77' lang='lat' dir='ltr'><em>perniciem</em></span> <span class='ocrx_word' id='word_1_573' title='bbox 753 3102 917 3141; x_wconf 83' lang='lat' dir='ltr'><em>omnibus</em></span> <span class='ocrx_word' id='word_1_574' title='bbox 935 3104 1112 3142; x_wconf 83' lang='lat' dir='ltr'><em>civitatem</em></span> <span class='ocrx_word' id='word_1_575' title='bbox 1125 3105 1288 3144; x_wconf 80' lang='lat' dir='ltr'><em>habitan-</em></span> 
     </span>
     <span class='ocr_line' id='line_1_79' title="bbox 339 3160 1289 3206; baseline 0.009 -9"><span class='ocrx_word' id='word_1_576' title='bbox 339 3160 459 3197; x_wconf 71' lang='lat' dir='ltr'><em>tibus?</em></span> <span class='ocrx_word' id='word_1_577' title='bbox 473 3160 553 3197; x_wconf 72' lang='lat' dir='ltr'><em>llaec</em></span> <span class='ocrx_word' id='word_1_578' title='bbox 571 3160 718 3199; x_wconf 81' lang='lat' dir='ltr'><em>seientes</em></span> <span class='ocrx_word' id='word_1_579' title='bbox 737 3163 951 3201; x_wconf 81' lang='lat' dir='ltr'><em>refrenemus</em></span> <span class='ocrx_word' id='word_1_580' title='bbox 970 3164 1129 3204; x_wconf 84' lang='lat' dir='ltr'><em>filiorum</em></span> <span class='ocrx_word' id='word_1_581' title='bbox 1152 3176 1289 3206; x_wconf 87' lang='lat' dir='ltr'><em>nostro—</em></span> 
     </span>
    </p>
   </div>
   <div class='ocr_carea' id='block_1_11' title="bbox 340 3227 1289 3281">
    <p class='ocr_par' dir='ltr' id='par_1_11' title="bbox 340 3227 1289 3281">
     <span class='ocr_line' id='line_1_80' title="bbox 340 3227 1289 3281; baseline 0.013 -18"><span class='ocrx_word' id='word_1_582' title='bbox 340 3240 421 3264; x_wconf 85' lang='lat' dir='ltr'>rum</span> <span class='ocrx_word' id='word_1_583' title='bbox 442 3227 607 3279; x_wconf 81' lang='lat' dir='ltr'><em>impetus,</em></span> <span class='ocrx_word' id='word_1_584' title='bbox 632 3242 868 3281; x_wconf 76' lang='lat' dir='ltr'><em>magnumque</em></span> <span class='ocrx_word' id='word_1_585' title='bbox 889 3232 1044 3272; x_wconf 87' lang='lat' dir='ltr'><em>furorem</em></span> <span class='ocrx_word' id='word_1_586' title='bbox 1063 3233 1289 3274; x_wconf 76' lang='lat' dir='ltr'><em>absterrendo</em></span> 
     </span>
    </p>
   </div>
   <div class='ocr_carea' id='block_1_12' title="bbox 386 3351 1004 3398">
    <p class='ocr_par' dir='ltr' id='par_1_12' title="bbox 386 3351 1004 3398">
     <span class='ocr_line' id='line_1_81' title="bbox 386 3351 1004 3398; baseline 0.01 -17"><span class='ocrx_word' id='word_1_587' title='bbox 386 3355 400 3377; x_wconf 77' lang='lat'>¹·</span> <span class='ocrx_word' id='word_1_588' title='bbox 421 3353 459 3384; x_wconf 91' lang='lat' dir='ltr'><em>In</em></span> <span class='ocrx_word' id='word_1_589' title='bbox 478 3361 536 3390; x_wconf 70' lang='grc' dir='ltr'>τοῖς</span> <span class='ocrx_word' id='word_1_590' title='bbox 552 3351 581 3383; x_wconf 90' lang='grc' dir='ltr'><strong>Ο</strong></span> <span class='ocrx_word' id='word_1_591' title='bbox 598 3351 715 3395; x_wconf 77' lang='lat' dir='ltr'><em>legitur</em></span> <span class='ocrx_word' id='word_1_592' title='bbox 733 3359 778 3387; x_wconf 65' lang='lat' dir='ltr'>rui</span> <span class='ocrx_word' id='word_1_593' title='bbox 799 3358 846 3387; x_wconf 68' lang='lat' dir='ltr'>9&gt;ae</span> <span class='ocrx_word' id='word_1_594' title='bbox 866 3360 1004 3398; x_wconf 68' lang='grc' dir='ltr'>ἑχρὸνισε.</span> 
     </span>
    </p>
   </div>
   <div class='ocr_carea' id='block_1_13' title="bbox 1345 1900 2386 3107">
    <p class='ocr_par' dir='ltr' id='par_1_13' title="bbox 1345 1900 2386 3107">
     <span class='ocr_line' id='line_1_82' title="bbox 1345 1900 2378 1956; baseline -0.001 -18"><span class='ocrx_word' id='word_1_595' title='bbox 1345 1914 1461 1953; x_wconf 79' lang='grc' dir='ltr'>χοντο.</span> <span class='ocrx_word' id='word_1_596' title='bbox 1481 1900 1586 1940; x_wconf 79' lang='grc' dir='ltr'>Ἀλλὰ</span> <span class='ocrx_word' id='word_1_597' title='bbox 1611 1905 1714 1940; x_wconf 76' lang='grc' dir='ltr'>τοῦτο</span> <span class='ocrx_word' id='word_1_598' title='bbox 1745 1902 1912 1952; x_wconf 87' lang='grc' dir='ltr'>μαθόντες</span> <span class='ocrx_word' id='word_1_599' title='bbox 1931 1906 1962 1942; x_wconf 83' lang='grc' dir='ltr'>οἱ</span> <span class='ocrx_word' id='word_1_600' title='bbox 1980 1902 2062 1956; x_wconf 77' lang='grc' dir='ltr'>περὶ</span> <span class='ocrx_word' id='word_1_601' title='bbox 2079 1903 2137 1941; x_wconf 81' lang='grc' dir='ltr'>τὸν</span> <span class='ocrx_word' id='word_1_602' title='bbox 2155 1900 2300 1952; x_wconf 87' lang='grc' dir='ltr'>Συμεὼν</span> <span class='ocrx_word' id='word_1_603' title='bbox 2317 1901 2378 1938; x_wconf 83' lang='grc' dir='ltr'>καὶ</span> 
     </span>
     <span class='ocr_line' id='line_1_83' title="bbox 1346 1962 2377 2016; baseline 0 -17"><span class='ocrx_word' id='word_1_604' title='bbox 1346 1962 1403 2000; x_wconf 74' lang='grc' dir='ltr'>τὸν</span> <span class='ocrx_word' id='word_1_605' title='bbox 1426 1962 1509 2000; x_wconf 81' lang='grc' dir='ltr'>Λευὶ</span> <span class='ocrx_word' id='word_1_606' title='bbox 1531 1964 1579 2005; x_wconf 89' lang='grc' dir='ltr'>εἷς</span> <span class='ocrx_word' id='word_1_607' title='bbox 1596 1962 1694 2016; x_wconf 85' lang='grc' dir='ltr'>ἔργον</span> <span class='ocrx_word' id='word_1_608' title='bbox 1714 1968 1728 1983; x_wconf 68' lang='lat'>‘¹</span> <span class='ocrx_word' id='word_1_609' title='bbox 1745 1964 1886 2015; x_wconf 84' lang='grc' dir='ltr'>ἀγαγεῖν</span> <span class='ocrx_word' id='word_1_610' title='bbox 1915 1963 2112 2015; x_wconf 84' lang='grc' dir='ltr'>ἐπείγονται</span> <span class='ocrx_word' id='word_1_611' title='bbox 2139 1962 2183 2001; x_wconf 85' lang='grc' dir='ltr'>τὰ</span> <span class='ocrx_word' id='word_1_612' title='bbox 2205 1963 2273 2009; x_wconf 76' lang='grc' dir='ltr'>ἤδη</span> <span class='ocrx_word' id='word_1_613' title='bbox 2295 1964 2377 2013; x_wconf 85' lang='grc' dir='ltr'>βου-</span> 
     </span>
     <span class='ocr_line' id='line_1_84' title="bbox 1347 2023 2377 2076; baseline 0 -16"><span class='ocrx_word' id='word_1_614' title='bbox 1347 2023 1511 2061; x_wconf 86' lang='grc' dir='ltr'>λευθέντα</span> <span class='ocrx_word' id='word_1_615' title='bbox 1533 2025 1670 2067; x_wconf 83' lang='grc' dir='ltr'>αὐτοῖς·</span> <span class='ocrx_word' id='word_1_616' title='bbox 1689 2023 1757 2061; x_wconf 84' lang='grc' dir='ltr'>Καὶ</span> <span class='ocrx_word' id='word_1_617' title='bbox 1777 2024 1940 2068; x_wconf 71' lang='grc' dir='ltr'>λαὸόντες</span> <span class='ocrx_word' id='word_1_618' title='bbox 1956 2024 2101 2068; x_wconf 79' lang='grc' dir='ltr'>ἕκαστος</span> <span class='ocrx_word' id='word_1_619' title='bbox 2113 2024 2176 2072; x_wconf 87' lang='grc' dir='ltr'>τὴν</span> <span class='ocrx_word' id='word_1_620' title='bbox 2200 2023 2377 2076; x_wconf 75' lang='grc' dir='ltr'>μάχαιραν</span> 
     </span>
     <span class='ocr_line' id='line_1_85' title="bbox 1350 2084 2380 2137; baseline 0 -16"><span class='ocrx_word' id='word_1_621' title='bbox 1350 2086 1455 2121; x_wconf 77' lang='grc' dir='ltr'>αὐτοῦ</span> <span class='ocrx_word' id='word_1_622' title='bbox 1477 2085 1635 2130; x_wconf 71' lang='grc' dir='ltr'>εἰσῆλθον</span> <span class='ocrx_word' id='word_1_623' title='bbox 1656 2087 1702 2127; x_wconf 83' lang='grc' dir='ltr'>εἰς</span> <span class='ocrx_word' id='word_1_624' title='bbox 1721 2084 1782 2131; x_wconf 78' lang='grc' dir='ltr'>τὴν</span> <span class='ocrx_word' id='word_1_625' title='bbox 1806 2085 1906 2122; x_wconf 90' lang='grc' dir='ltr'>πόλιν</span> <span class='ocrx_word' id='word_1_626' title='bbox 1933 2087 2111 2137; x_wconf 78' lang='grc' dir='ltr'>ἀσφαλῶς.</span> <span class='ocrx_word' id='word_1_627' title='bbox 2128 2085 2176 2123; x_wconf 89' lang='grc' dir='ltr'>Τί</span> <span class='ocrx_word' id='word_1_628' title='bbox 2190 2087 2297 2132; x_wconf 82' lang='grc' dir='ltr'>ἐστιν,</span> <span class='ocrx_word' id='word_1_629' title='bbox 2316 2085 2380 2126; x_wconf 84' lang='grc' dir='ltr'>Εἰς</span> 
     </span>
     <span class='ocr_line' id='line_1_86' title="bbox 1350 2143 2379 2196; baseline 0.004 -16"><span class='ocrx_word' id='word_1_630' title='bbox 1350 2143 1412 2189; x_wconf 81' lang='grc' dir='ltr'>τὴν</span> <span class='ocrx_word' id='word_1_631' title='bbox 1441 2143 1540 2181; x_wconf 87' lang='grc' dir='ltr'>πόλιν</span> <span class='ocrx_word' id='word_1_632' title='bbox 1569 2145 1749 2196; x_wconf 74' lang='grc' dir='ltr'>ἀσφαλῶς,</span> <span class='ocrx_word' id='word_1_633' title='bbox 1781 2145 1906 2183; x_wconf 86' lang='grc' dir='ltr'>Καίτοι</span> <span class='ocrx_word' id='word_1_634' title='bbox 1934 2145 1992 2183; x_wconf 77' lang='grc' dir='ltr'>δύο</span> <span class='ocrx_word' id='word_1_635' title='bbox 2021 2145 2118 2195; x_wconf 89' lang='grc' dir='ltr'>μόνοι</span> <span class='ocrx_word' id='word_1_636' title='bbox 2155 2146 2270 2192; x_wconf 86' lang='grc' dir='ltr'>ὄντες,</span> <span class='ocrx_word' id='word_1_637' title='bbox 2293 2144 2379 2194; x_wconf 83' lang='grc' dir='ltr'>πρὸς</span> 
     </span>
     <span class='ocr_line' id='line_1_87' title="bbox 1350 2205 2380 2258; baseline 0.004 -17"><span class='ocrx_word' id='word_1_638' title='bbox 1350 2207 1512 2242; x_wconf 73' lang='grc' dir='ltr'>τοσοῦτον</span> <span class='ocrx_word' id='word_1_639' title='bbox 1538 2205 1668 2251; x_wconf 71' lang='grc' dir='ltr'>πλῆθος</span> <span class='ocrx_word' id='word_1_640' title='bbox 1695 2205 1969 2258; x_wconf 83' lang='grc' dir='ltr'>παρετάττοντο·</span> <span class='ocrx_word' id='word_1_641' title='bbox 1990 2205 2080 2244; x_wconf 81' lang='grc' dir='ltr'>ἀλλὰ</span> <span class='ocrx_word' id='word_1_642' title='bbox 2110 2205 2241 2252; x_wconf 82' lang='grc' dir='ltr'>πολλὴν</span> <span class='ocrx_word' id='word_1_643' title='bbox 2265 2206 2380 2246; x_wconf 82' lang='grc' dir='ltr'>αὐτοῖς</span> 
     </span>
     <span class='ocr_line' id='line_1_88' title="bbox 1351 2263 2380 2318; baseline 0.002 -17"><span class='ocrx_word' id='word_1_644' title='bbox 1351 2263 1414 2310; x_wconf 82' lang='grc' dir='ltr'>τὴν</span> <span class='ocrx_word' id='word_1_645' title='bbox 1431 2263 1621 2315; x_wconf 76' lang='grc' dir='ltr'>ἀσφάλειαν</span> <span class='ocrx_word' id='word_1_646' title='bbox 1642 2264 1814 2318; x_wconf 82' lang='grc' dir='ltr'>προεξένει</span> <span class='ocrx_word' id='word_1_647' title='bbox 1839 2266 1878 2303; x_wconf 81' lang='grc' dir='ltr'>τὸ</span> <span class='ocrx_word' id='word_1_648' title='bbox 1897 2265 2029 2309; x_wconf 85' lang='grc' dir='ltr'>πάντας</span> <span class='ocrx_word' id='word_1_649' title='bbox 2050 2265 2198 2309; x_wconf 90' lang='grc' dir='ltr'>ἐκείνους</span> <span class='ocrx_word' id='word_1_650' title='bbox 2222 2265 2380 2316; x_wconf 85' lang='grc' dir='ltr'>καθάπερ</span> 
     </span>
     <span class='ocr_line' id='line_1_89' title="bbox 1352 2324 2379 2379; baseline 0.003 -18"><span class='ocrx_word' id='word_1_651' title='bbox 1352 2324 1570 2375; x_wconf 85' lang='grc' dir='ltr'>τραυματίας</span> <span class='ocrx_word' id='word_1_652' title='bbox 1615 2330 1764 2364; x_wconf 86' lang='grc' dir='ltr'>κεῖσθαι.</span> <span class='ocrx_word' id='word_1_653' title='bbox 1815 2326 1895 2365; x_wconf 84' lang='grc' dir='ltr'>Ἵνα</span> <span class='ocrx_word' id='word_1_654' title='bbox 1923 2328 1991 2379; x_wconf 85' lang='grc' dir='ltr'>γὰρ</span> <span class='ocrx_word' id='word_1_655' title='bbox 2028 2331 2128 2366; x_wconf 62' lang='grc' dir='ltr'>τοῦτο</span> <span class='ocrx_word' id='word_1_656' title='bbox 2157 2331 2242 2378; x_wconf 85' lang='grc' dir='ltr'>ἡμῖν</span> <span class='ocrx_word' id='word_1_657' title='bbox 2277 2329 2379 2373; x_wconf 67' lang='grc' dir='ltr'>δῆλον</span> 
     </span>
     <span class='ocr_line' id='line_1_90' title="bbox 1354 2384 2378 2440; baseline 0.003 -19"><span class='ocrx_word' id='word_1_658' title='bbox 1354 2384 1483 2434; x_wconf 80' lang='grc' dir='ltr'>ποιήσῃ</span> <span class='ocrx_word' id='word_1_659' title='bbox 1498 2389 1519 2432; x_wconf 80' lang='grc' dir='ltr'>ἡ</span> <span class='ocrx_word' id='word_1_660' title='bbox 1533 2385 1607 2423; x_wconf 87' lang='grc' dir='ltr'>θεία</span> <span class='ocrx_word' id='word_1_661' title='bbox 1624 2386 1764 2438; x_wconf 71' lang='grc' dir='ltr'>Γραφὴ,</span> <span class='ocrx_word' id='word_1_662' title='bbox 1778 2387 1880 2439; x_wconf 78' lang='grc' dir='ltr'>φησίν</span> <span class='ocrx_word' id='word_1_663' title='bbox 1892 2403 1899 2411; x_wconf 88' lang='grc'><em>·</em></span> <span class='ocrx_word' id='word_1_664' title='bbox 1921 2387 2082 2440; x_wconf 77' lang='grc' dir='ltr'>Ἐγένετο</span> <span class='ocrx_word' id='word_1_665' title='bbox 2097 2387 2133 2426; x_wconf 73' lang='grc' dir='ltr'>δὲ</span> <span class='ocrx_word' id='word_1_666' title='bbox 2149 2390 2182 2426; x_wconf 80' lang='grc' dir='ltr'>ἐν</span> <span class='ocrx_word' id='word_1_667' title='bbox 2204 2391 2246 2439; x_wconf 77' lang='grc' dir='ltr'>τῇ</span> <span class='ocrx_word' id='word_1_668' title='bbox 2263 2386 2378 2439; x_wconf 80' lang='grc' dir='ltr'>ἡμέρᾳ</span> 
     </span>
     <span class='ocr_line' id='line_1_91' title="bbox 1355 2441 2379 2500; baseline 0.002 -18"><span class='ocrx_word' id='word_1_669' title='bbox 1355 2448 1397 2496; x_wconf 71' lang='grc' dir='ltr'>τῇ</span> <span class='ocrx_word' id='word_1_670' title='bbox 1424 2445 1544 2498; x_wconf 83' lang='grc' dir='ltr'>τρίτῃ,</span> <span class='ocrx_word' id='word_1_671' title='bbox 1564 2444 1620 2483; x_wconf 79' lang='grc' dir='ltr'>ὅτε</span> <span class='ocrx_word' id='word_1_672' title='bbox 1642 2441 1730 2493; x_wconf 71' lang='grc' dir='ltr'>ἦσαν</span> <span class='ocrx_word' id='word_1_673' title='bbox 1751 2449 1784 2485; x_wconf 85' lang='grc' dir='ltr'>ἐν</span> <span class='ocrx_word' id='word_1_674' title='bbox 1806 2451 1856 2500; x_wconf 81' lang='grc' dir='ltr'>τῷ</span> <span class='ocrx_word' id='word_1_675' title='bbox 1881 2448 1988 2500; x_wconf 81' lang='grc' dir='ltr'>πόνῳ.</span> <span class='ocrx_word' id='word_1_676' title='bbox 2011 2451 2044 2487; x_wconf 89' lang='grc' dir='ltr'><strong>Τ</strong></span> <span class='ocrx_word' id='word_1_677' title='bbox 2047 2453 2125 2487; x_wconf 73' lang='grc' dir='ltr'>οῦτο</span> <span class='ocrx_word' id='word_1_678' title='bbox 2152 2448 2292 2490; x_wconf 87' lang='grc' dir='ltr'>ἐκείνοις</span> <span class='ocrx_word' id='word_1_679' title='bbox 2316 2447 2379 2493; x_wconf 81' lang='grc' dir='ltr'>τὴν</span> 
     </span>
     <span class='ocr_line' id='line_1_92' title="bbox 1357 2506 2381 2562; baseline 0.002 -19"><span class='ocrx_word' id='word_1_680' title='bbox 1357 2506 1547 2557; x_wconf 79' lang='grc' dir='ltr'>ἀσφάλειαν</span> <span class='ocrx_word' id='word_1_681' title='bbox 1576 2507 1827 2557; x_wconf 82' lang='grc' dir='ltr'>κατεσκεύαζε,</span> <span class='ocrx_word' id='word_1_682' title='bbox 1853 2508 1911 2546; x_wconf 79' lang='grc' dir='ltr'>καὶ</span> <span class='ocrx_word' id='word_1_683' title='bbox 1942 2509 2018 2552; x_wconf 80' lang='grc' dir='ltr'>τοὺς</span> <span class='ocrx_word' id='word_1_684' title='bbox 2046 2509 2103 2547; x_wconf 80' lang='grc' dir='ltr'>δύο</span> <span class='ocrx_word' id='word_1_685' title='bbox 2138 2507 2381 2562; x_wconf 82' lang='grc' dir='ltr'>ἰσχυροτέρους</span> 
     </span>
     <span class='ocr_line' id='line_1_93' title="bbox 1356 2569 2380 2622; baseline 0.003 -19"><span class='ocrx_word' id='word_1_686' title='bbox 1356 2570 1424 2604; x_wconf 76' lang='grc' dir='ltr'>τῶν</span> <span class='ocrx_word' id='word_1_687' title='bbox 1450 2569 1587 2606; x_wconf 82' lang='grc' dir='ltr'>πολλῶν</span> <span class='ocrx_word' id='word_1_688' title='bbox 1615 2569 1802 2620; x_wconf 74' lang='grc' dir='ltr'>εἰργάζετο.</span> <span class='ocrx_word' id='word_1_689' title='bbox 1828 2569 1900 2608; x_wconf 79' lang='grc' dir='ltr'>Καὶ</span> <span class='ocrx_word' id='word_1_690' title='bbox 1926 2570 2154 2617; x_wconf 84' lang='grc' dir='ltr'>ἀπέκτειναν,</span> <span class='ocrx_word' id='word_1_691' title='bbox 2173 2570 2281 2622; x_wconf 75' lang='grc' dir='ltr'>φησὶ,</span> <span class='ocrx_word' id='word_1_692' title='bbox 2311 2576 2380 2607; x_wconf 80' lang='grc' dir='ltr'>πᾶν</span> 
     </span>
     <span class='ocr_line' id='line_1_94' title="bbox 1359 2629 2381 2682; baseline 0.003 -17"><span class='ocrx_word' id='word_1_693' title='bbox 1359 2629 1554 2680; x_wconf 84' lang='grc' dir='ltr'>ἀρσενικὸν,</span> <span class='ocrx_word' id='word_1_694' title='bbox 1575 2629 1652 2666; x_wconf 84' lang='grc' dir='ltr'>ἀντὶ</span> <span class='ocrx_word' id='word_1_695' title='bbox 1673 2634 1751 2678; x_wconf 75' lang='grc' dir='ltr'>τοῦ,</span> <span class='ocrx_word' id='word_1_696' title='bbox 1769 2630 1903 2673; x_wconf 86' lang='grc' dir='ltr'>πάντας</span> <span class='ocrx_word' id='word_1_697' title='bbox 1922 2630 2000 2673; x_wconf 80' lang='grc' dir='ltr'>τοὺς</span> <span class='ocrx_word' id='word_1_698' title='bbox 2020 2632 2146 2682; x_wconf 82' lang='grc' dir='ltr'>ἄνδρας</span> <span class='ocrx_word' id='word_1_699' title='bbox 2163 2630 2241 2674; x_wconf 75' lang='grc' dir='ltr'>τοὺς</span> <span class='ocrx_word' id='word_1_700' title='bbox 2267 2630 2324 2669; x_wconf 82' lang='grc' dir='ltr'>διὰ</span> <span class='ocrx_word' id='word_1_701' title='bbox 2342 2630 2381 2668; x_wconf 86' lang='grc' dir='ltr'>τὸ</span> 
     </span>
     <span class='ocr_line' id='line_1_95' title="bbox 1357 2691 2380 2743; baseline 0.002 -17"><span class='ocrx_word' id='word_1_702' title='bbox 1357 2693 1632 2742; x_wconf 74' lang='grc' dir='ltr'>περιτετμῆσθαι</span> <span class='ocrx_word' id='word_1_703' title='bbox 1660 2691 1860 2742; x_wconf 82' lang='grc' dir='ltr'>κειμένους,</span> <span class='ocrx_word' id='word_1_704' title='bbox 1881 2693 1926 2735; x_wconf 80' lang='grc' dir='ltr'>ὡς</span> <span class='ocrx_word' id='word_1_705' title='bbox 1946 2694 2074 2740; x_wconf 85' lang='grc' dir='ltr'>εἰπεῖν,</span> <span class='ocrx_word' id='word_1_706' title='bbox 2094 2693 2177 2743; x_wconf 82' lang='grc' dir='ltr'>πρὸς</span> <span class='ocrx_word' id='word_1_707' title='bbox 2203 2691 2266 2738; x_wconf 85' lang='grc' dir='ltr'>τὴν</span> <span class='ocrx_word' id='word_1_708' title='bbox 2289 2706 2380 2743; x_wconf 71' lang='grc' dir='ltr'>σφα-</span> 
     </span>
     <span class='ocr_line' id='line_1_96' title="bbox 1357 2749 2380 2802; baseline 0.002 -16"><span class='ocrx_word' id='word_1_709' title='bbox 1357 2749 1422 2800; x_wconf 81' lang='grc' dir='ltr'>γὴν</span> <span class='ocrx_word' id='word_1_710' title='bbox 1456 2750 1614 2801; x_wconf 81' lang='grc' dir='ltr'>ἑτοίμους</span> <span class='ocrx_word' id='word_1_711' title='bbox 1643 2752 1762 2796; x_wconf 82' lang='grc' dir='ltr'>ὄντας·</span> <span class='ocrx_word' id='word_1_712' title='bbox 1790 2752 1849 2790; x_wconf 81' lang='grc' dir='ltr'>καὶ</span> <span class='ocrx_word' id='word_1_713' title='bbox 1883 2752 1972 2802; x_wconf 81' lang='grc' dir='ltr'>μετὰ</span> <span class='ocrx_word' id='word_1_714' title='bbox 2001 2756 2068 2790; x_wconf 80' lang='grc' dir='ltr'>τῶν</span> <span class='ocrx_word' id='word_1_715' title='bbox 2098 2753 2211 2790; x_wconf 73' lang='grc' dir='ltr'>ἄλλων</span> <span class='ocrx_word' id='word_1_716' title='bbox 2237 2753 2296 2790; x_wconf 77' lang='grc' dir='ltr'>καὶ</span> <span class='ocrx_word' id='word_1_717' title='bbox 2322 2752 2380 2790; x_wconf 81' lang='grc' dir='ltr'>τὸν</span> 
     </span>
     <span class='ocr_line' id='line_1_97' title="bbox 1358 2809 2384 2865; baseline 0.003 -18"><span class='ocrx_word' id='word_1_718' title='bbox 1358 2809 1453 2858; x_wconf 86' lang='grc' dir='ltr'>νέον,</span> <span class='ocrx_word' id='word_1_719' title='bbox 1474 2812 1531 2849; x_wconf 83' lang='grc' dir='ltr'>τὸν</span> <span class='ocrx_word' id='word_1_720' title='bbox 1548 2813 1595 2855; x_wconf 86' lang='grc' dir='ltr'>εἷς</span> <span class='ocrx_word' id='word_1_721' title='bbox 1613 2812 1675 2859; x_wconf 79' lang='grc' dir='ltr'>τὴν</span> <span class='ocrx_word' id='word_1_722' title='bbox 1703 2813 1853 2865; x_wconf 78' lang='grc' dir='ltr'>ἀδελφὴν</span> <span class='ocrx_word' id='word_1_723' title='bbox 1876 2815 1988 2851; x_wconf 75' lang='grc' dir='ltr'>αὐτῶν</span> <span class='ocrx_word' id='word_1_724' title='bbox 2011 2814 2214 2865; x_wconf 66' lang='grc' dir='ltr'>ὑδρίσαντα,</span> <span class='ocrx_word' id='word_1_725' title='bbox 2235 2813 2384 2860; x_wconf 71' lang='grc' dir='ltr'>ἐπεξῆλ-</span> 
     </span>
     <span class='ocr_line' id='line_1_98' title="bbox 1360 2872 2383 2926; baseline 0.002 -18"><span class='ocrx_word' id='word_1_726' title='bbox 1360 2874 1428 2908; x_wconf 90' lang='grc' dir='ltr'>θον.</span> <span class='ocrx_word' id='word_1_727' title='bbox 1448 2872 1522 2909; x_wconf 80' lang='grc' dir='ltr'>Καὶ</span> <span class='ocrx_word' id='word_1_728' title='bbox 1551 2874 1612 2910; x_wconf 83' lang='grc' dir='ltr'>οὐκ</span> <span class='ocrx_word' id='word_1_729' title='bbox 1642 2874 1865 2926; x_wconf 84' lang='grc' dir='ltr'>ἀρκεσθέντες</span> <span class='ocrx_word' id='word_1_730' title='bbox 1892 2877 1934 2924; x_wconf 77' lang='grc' dir='ltr'>τῇ</span> <span class='ocrx_word' id='word_1_731' title='bbox 1961 2874 2112 2926; x_wconf 79' lang='grc' dir='ltr'>τοσαύτῃ</span> <span class='ocrx_word' id='word_1_732' title='bbox 2132 2874 2304 2926; x_wconf 79' lang='grc' dir='ltr'>τιμωρίᾳ,</span> <span class='ocrx_word' id='word_1_733' title='bbox 2325 2873 2383 2911; x_wconf 82' lang='grc' dir='ltr'>καὶ</span> 
     </span>
     <span class='ocr_line' id='line_1_99' title="bbox 1359 2931 2382 2986; baseline 0.001 -16"><span class='ocrx_word' id='word_1_734' title='bbox 1359 2932 1403 2971; x_wconf 89' lang='grc' dir='ltr'>τὰ</span> <span class='ocrx_word' id='word_1_735' title='bbox 1435 2931 1614 2985; x_wconf 71' lang='grc' dir='ltr'>πρόὸατα,</span> <span class='ocrx_word' id='word_1_736' title='bbox 1646 2934 1770 2986; x_wconf 73' lang='grc' dir='ltr'>φησὶν,</span> <span class='ocrx_word' id='word_1_737' title='bbox 1796 2937 1907 2973; x_wconf 83' lang='grc' dir='ltr'>αὐτῶν</span> <span class='ocrx_word' id='word_1_738' title='bbox 1945 2935 2003 2972; x_wconf 81' lang='grc' dir='ltr'>καὶ</span> <span class='ocrx_word' id='word_1_739' title='bbox 2045 2936 2160 2974; x_wconf 84' lang='grc' dir='ltr'>πάντα</span> <span class='ocrx_word' id='word_1_740' title='bbox 2184 2935 2228 2973; x_wconf 86' lang='grc' dir='ltr'>τὰ</span> <span class='ocrx_word' id='word_1_741' title='bbox 2253 2935 2382 2981; x_wconf 71' lang='grc' dir='ltr'>κτήνη,</span> 
     </span>
     <span class='ocr_line' id='line_1_100' title="bbox 1360 2992 2382 3047; baseline 0.003 -18"><span class='ocrx_word' id='word_1_742' title='bbox 1360 2992 1419 3030; x_wconf 78' lang='grc' dir='ltr'>καὶ</span> <span class='ocrx_word' id='word_1_743' title='bbox 1435 2992 1550 3030; x_wconf 85' lang='grc' dir='ltr'>πάντα</span> <span class='ocrx_word' id='word_1_744' title='bbox 1569 2993 1613 3031; x_wconf 81' lang='grc' dir='ltr'>τὰ</span> <span class='ocrx_word' id='word_1_745' title='bbox 1634 2994 1783 3045; x_wconf 80' lang='grc' dir='ltr'>σώματα</span> <span class='ocrx_word' id='word_1_746' title='bbox 1807 2995 2150 3047; x_wconf 76' lang='grc' dir='ltr'>αἰχμαλωτίσαντες,</span> <span class='ocrx_word' id='word_1_747' title='bbox 2170 2994 2276 3038; x_wconf 81' lang='grc' dir='ltr'>οὕτως</span> <span class='ocrx_word' id='word_1_748' title='bbox 2296 2997 2382 3032; x_wconf 87' lang='grc' dir='ltr'>ἐπα-</span> 
     </span>
     <span class='ocr_line' id='line_1_101' title="bbox 1360 3049 2386 3107; baseline 0.001 -16"><span class='ocrx_word' id='word_1_749' title='bbox 1360 3055 1502 3101; x_wconf 72' lang='grc' dir='ltr'>νῆλθον,</span> <span class='ocrx_word' id='word_1_750' title='bbox 1522 3055 1581 3092; x_wconf 83' lang='grc' dir='ltr'>καὶ</span> <span class='ocrx_word' id='word_1_751' title='bbox 1602 3054 1789 3107; x_wconf 82' lang='grc' dir='ltr'>αὔτανδρον</span> <span class='ocrx_word' id='word_1_752' title='bbox 1810 3057 1946 3093; x_wconf 85' lang='grc' dir='ltr'>ἀνεῖλον</span> <span class='ocrx_word' id='word_1_753' title='bbox 1966 3055 2029 3102; x_wconf 82' lang='grc' dir='ltr'>τὴν</span> <span class='ocrx_word' id='word_1_754' title='bbox 2047 3054 2160 3094; x_wconf 83' lang='grc' dir='ltr'>πόλιν.</span> <span class='ocrx_word' id='word_1_755' title='bbox 2175 3049 2286 3101; x_wconf 61' lang='grc' dir='ltr'>Εἶδες,</span> <span class='ocrx_word' id='word_1_756' title='bbox 2303 3057 2386 3106; x_wconf 85' lang='grc' dir='ltr'>ἀγα-</span> 
     </span>
    </p>
   </div>
   <div class='ocr_carea' id='block_1_14' title="bbox 1362 3115 1475 3162">
    <p class='ocr_par' dir='ltr' id='par_1_14' title="bbox 1362 3115 1475 3162">
     <span class='ocr_line' id='line_1_102' title="bbox 1362 3115 1475 3162; baseline 0.009 -1"><span class='ocrx_word' id='word_1_757' title='bbox 1362 3115 1450 3161; x_wconf 42' lang='lat' dir='ltr'>Tm&amp;</span> <span class='ocrx_word' id='word_1_758' title='bbox 1466 3144 1475 3162; x_wconf 61' lang='grc' dir='ltr'>ν</span> 
     </span>
    </p>
   </div>
   <div class='ocr_carea' id='block_1_15' title="bbox 1363 3114 2384 3228">
    <p class='ocr_par' dir='ltr' id='par_1_15' title="bbox 1363 3114 2384 3228">
     <span class='ocr_line' id='line_1_103' title="bbox 1507 3114 2383 3169; baseline 0 -16"><span class='ocrx_word' id='word_1_759' title='bbox 1507 3114 1584 3154; x_wconf 77' lang='grc' dir='ltr'>ὅσον</span> <span class='ocrx_word' id='word_1_760' title='bbox 1616 3117 1800 3169; x_wconf 80' lang='grc' dir='ltr'>εἰργάσατο</span> <span class='ocrx_word' id='word_1_761' title='bbox 1830 3117 1936 3156; x_wconf 81' lang='grc' dir='ltr'>κακὸν</span> <span class='ocrx_word' id='word_1_762' title='bbox 1964 3115 2035 3159; x_wconf 83' lang='grc' dir='ltr'>ἑνὸς</span> <span class='ocrx_word' id='word_1_763' title='bbox 2067 3116 2142 3154; x_wconf 88' lang='grc' dir='ltr'>νέου</span> <span class='ocrx_word' id='word_1_764' title='bbox 2174 3116 2383 3168; x_wconf 76' lang='grc' dir='ltr'>προπέτεια,</span> 
     </span>
     <span class='ocr_line' id='line_1_104' title="bbox 1363 3169 2384 3228; baseline 0.003 -16"><span class='ocrx_word' id='word_1_765' title='bbox 1363 3169 1447 3219; x_wconf 67' lang='grc' dir='ltr'>εἶδες</span> <span class='ocrx_word' id='word_1_766' title='bbox 1475 3174 1553 3214; x_wconf 80' lang='grc' dir='ltr'>ὅσον</span> <span class='ocrx_word' id='word_1_767' title='bbox 1583 3176 1726 3228; x_wconf 82' lang='grc' dir='ltr'>ἤνεγκεν</span> <span class='ocrx_word' id='word_1_768' title='bbox 1747 3177 1885 3228; x_wconf 85' lang='grc' dir='ltr'>ὄλεθρον</span> <span class='ocrx_word' id='word_1_769' title='bbox 1914 3182 2001 3215; x_wconf 84' lang='grc' dir='ltr'>πᾶσι</span> <span class='ocrx_word' id='word_1_770' title='bbox 2026 3183 2096 3220; x_wconf 88' lang='grc' dir='ltr'>τοῖς</span> <span class='ocrx_word' id='word_1_771' title='bbox 2120 3176 2182 3224; x_wconf 85' lang='grc' dir='ltr'>τὴν</span> <span class='ocrx_word' id='word_1_772' title='bbox 2208 3177 2306 3216; x_wconf 86' lang='grc' dir='ltr'>πόλιν</span> <span class='ocrx_word' id='word_1_773' title='bbox 2336 3180 2384 3215; x_wconf 87' lang='grc' dir='ltr'>οἷ-</span> 
     </span>
    </p>
   </div>
   <div class='ocr_carea' id='block_1_16' title="bbox 1361 3237 2382 3290">
    <p class='ocr_par' dir='ltr' id='par_1_16' title="bbox 1361 3237 2382 3290">
     <span class='ocr_line' id='line_1_105' title="bbox 1361 3237 2382 3290; baseline 0.002 -16"><span class='ocrx_word' id='word_1_774' title='bbox 1361 3240 1479 3284; x_wconf 74' lang='grc' dir='ltr'>κοῧσι,</span> <span class='ocrx_word' id='word_1_775' title='bbox 1503 3239 1628 3276; x_wconf 76' lang='grc' dir='ltr'>Ταῦτα</span> <span class='ocrx_word' id='word_1_776' title='bbox 1665 3237 1706 3285; x_wconf 85' lang='grc' dir='ltr'>δὴ</span> <span class='ocrx_word' id='word_1_777' title='bbox 1745 3237 1972 3289; x_wconf 87' lang='grc' dir='ltr'>μανθάνοντες</span> <span class='ocrx_word' id='word_1_778' title='bbox 2006 3238 2284 3290; x_wconf 77' lang='grc' dir='ltr'>ἀναχαιτίζωμεν</span> <span class='ocrx_word' id='word_1_779' title='bbox 2315 3240 2382 3276; x_wconf 81' lang='grc' dir='ltr'>τῶν</span> 
     </span>
    </p>
   </div>
   <div class='ocr_carea' id='block_1_17' title="bbox 1418 3360 2049 3404">
    <p class='ocr_par' dir='ltr' id='par_1_17' title="bbox 1418 3360 2049 3404">
     <span class='ocr_line' id='line_1_106' title="bbox 1418 3360 2049 3404; baseline 0.003 -11"><span class='ocrx_word' id='word_1_780' title='bbox 1418 3372 1430 3384; x_wconf 87' lang='lat'>··</span> <span class='ocrx_word' id='word_1_781' title='bbox 1447 3360 1508 3393; x_wconf 80' lang='lat' dir='ltr'>Sex</span> <span class='ocrx_word' id='word_1_782' title='bbox 1526 3361 1603 3393; x_wconf 69' lang='lat' dir='ltr'><em>Mss.</em></span> <span class='ocrx_word' id='word_1_783' title='bbox 1625 3367 1744 3404; x_wconf 70' lang='grc' dir='ltr'>ἀγαγεῖν</span> <span class='ocrx_word' id='word_1_784' title='bbox 1758 3364 1914 3399; x_wconf 47' lang='lat' dir='ltr'><em>moon-vro</em></span> <span class='ocrx_word' id='word_1_785' title='bbox 1927 3366 1966 3395; x_wconf 72' lang='grc' dir='ltr'>τὰ</span> <span class='ocrx_word' id='word_1_786' title='bbox 1983 3364 2049 3400; x_wconf 68' lang='grc' dir='ltr'>ἤδη.</span> 
     </span>
    </p>
   </div>
  </div>
 </body>
</html>
