2483 3791
693 209 736 243 ΙΝ
774 208 874 242 CAP-
916 209 960 241 ΙΙ.
1000 205 1162 240 GENES.

77 297 190 339 πάντα
206 297 440 350 είσαγαγόντι·
465 297 522 336 τὸν
539 297 640 336 αὐτὸν
665 297 706 345 δὴ
726 296 853 349 τρόπον
869 296 928 335 καὶ
949 298 1094 335 ἐνταῦθα

76 363 177 412 ἡμεῖς
197 359 259 411 μὲν
278 358 317 397 τὸ
344 359 528 412 φάρμακον
549 358 678 411 τὸξάπὸ
703 362 764 404 τῆς
783 357 1008 401 διδασκαλίας
1033 359 1096 404 τῆς

75 423 313 471 πνευματικῆς
339 419 663 462 κατασκευάσαντες
689 419 885 469 ἐπιτίθεμεν
901 434 909 443 ·
930 418 1096 472 ὑμέτερον

75 481 111 520 δὲ
134 482 175 519 ἂν
194 481 247 527 εἴη
273 481 394 519 λοιπὸν
419 481 480 520 καὶ
498 480 683 533 ἀνέχεσθαι
705 483 774 518 τῶν
795 480 1016 532 ἀλγηδόνων,
1036 479 1096 518 καὶ

73 543 135 587 τῆς
148 541 332 594 θεραπείας
344 541 552 589 ἀπόνασθαι,
567 542 627 580 καὶ
639 542 904 594 ἀπαλλαγέντας
918 543 981 587 τῆς
994 540 1096 579 νόσου

74 603 160 654 πρὸς
180 603 244 649 τὴν
267 604 379 650 ἀληθῆ
409 603 540 655 ὑγίειαν
570 605 782 642 ἐπανελθεῖν.
820 602 927 641 Οὕτω
943 601 1012 653 γὰρ
1036 601 1094 639 καὶ

76 663 174 701 αὐτοὶ
204 663 338 711 πολλὴν
367 667 428 711 τῆς
459 664 625 717 ὠφελείας
659 664 722 711 τὴν
745 663 904 709 αἴσθησιν
925 662 1092 714 λήψεσθε,

76 724 135 762 καὶ
162 728 263 775 ἡμεῖς
278 726 316 762 οὐ
333 725 460 778 μικρὰν
480 724 600 775 ἕξομεν
617 725 682 772 τὴν
696 723 933 776 παραμυθίαν,
951 724 1097 775 ὁρῶντες

76 784 155 829 τοὺς
181 785 346 837 πρότερον
367 786 583 836 κάμνοντας,
604 784 694 824 οὕτω
710 784 844 837 ταχέως
859 783 946 836 πρὸς
964 782 1096 835 ὑγίειαν

76 845 336 888 ἐπανελθόντας.
365 844 542 890 Ἕκαστος
561 844 674 884 τοίνυν
701 847 812 896 ὗμῶν,
831 845 1046 896 παρακαλῶ,
1067 845 1097 881 εἰ

74 903 132 940 καὶ
153 903 202 954 μὴ
220 903 410 956 πρότερον,
445 905 509 944 κᾶν
530 909 612 958 γοῦν
632 907 695 944 ’ἐκ
713 910 774 944 τοῦ
792 904 962 956 παρόντος
990 919 1097 942 σπου·

73 963 220 1012 δαζίτω,
255 965 342 1017 ὅπερ
369 960 459 1005 οἶδεν
488 968 651 1019 ἐνοχλοῦν
683 968 778 1019 αὐτῷ
811 966 999 1017 ἐλάττωμα
1025 968 1094 1003 τῶν

74 1026 189 1064 ἄλλων
207 1027 311 1066 πλέον
331 1031 468 1076 παθῶν,
489 1032 591 1068 τοῦτο
607 1029 787 1080 ἐκτέμνειν
800 1030 863 1074 τῆς
881 1029 994 1080 ψυχῆς
1005 1057 1015 1076 ,
1036 1026 1096 1064 καὶ

72 1088 123 1139 τῷ
142 1087 278 1126 εὗσεὲεῖ
303 1089 474 1142 λογισμῷ,
501 1090 660 1142 καθάπερ
681 1089 841 1142 μαχαίρᾳ
857 1088 925 1127 τινὶ
939 1102 1096 1139 πνευμα-

72 1150 153 1200 τικῇ
174 1147 373 1201 χρώμενος,
400 1149 509 1194 οὕτως
535 1151 654 1190 ἑαυτὸν
680 1154 740 1189 τοῦ
765 1150 894 1194 πάθους
913 1149 1095 1188 ἀπαλλατ-

73 1208 174 1247 τέτω.
203 1209 342 1248 Δέδωκε
369 1210 437 1264 γὰρ
463 1214 549 1262 ἡμῖν
576 1214 595 1249 ὃ
620 1211 710 1254 Θεὸς
724 1210 890 1262 λογισμὸν
910 1212 1095 1263 ἀρκοῦντα,

75 1268 135 1306 καὶ
163 1270 370 1320 δυνάμενον,
401 1273 430 1310 εἰ
465 1271 715 1323 βουληθείημεν
747 1272 869 1326 μικρὸν
896 1270 1095 1322 διαὸλέψαι,

75 1330 222 1369 ἑκάστου
241 1333 309 1369 τῶν
327 1334 360 1371 ἐν
380 1335 465 1383 ἡμῖν
479 1333 692 1384 τικτομένων
708 1335 829 1371 παθῶν
846 1331 1094 1384 περιγίνεσθαι.

74 1390 143 1429 Διὰ
164 1395 266 1430 τοῦτο
295 1393 355 1431 καὶ
377 1396 446 1431 τῶν
478 1394 586 1446 ἁγίων
605 1398 692 1445 ἡμῖν
712 1393 876 1432 ἁπάντων
900 1391 979 1436 τοὺς
1001 1391 1096 1444 βίους

74 1452 134 1489 καὶ
154 1452 217 1500 τὴν
233 1453 410 1493 πολιτείαν
427 1455 484 1493 διὰ
502 1458 571 1494 τῶν
588 1456 689 1494 θείων
706 1457 854 1508 Γραφῶν
873 1454 1094 1506 ἀνάγραπτον

74 1515 324 1553 καταλέλοιπεν
343 1519 365 1562 ἡ
382 1519 442 1554 τοῦ
463 1516 670 1568 Πνεύματος
688 1517 791 1569 χάρις
807 1546 816 1563 ,
838 1515 895 1554 ἵνα
915 1514 1094 1567 μαθόντες,

72 1576 120 1618 ὡς
137 1577 200 1621 τῆς
219 1577 327 1622 αὐτῆς
344 1580 430 1627 ἡμῖν
444 1577 538 1622 ὄντες
552 1578 698 1631 φύσεως,
718 1578 856 1617 ἅπαντα
871 1576 916 1615 τὰ
929 1579 993 1623 τῆς
1015 1577 1098 1629 ἀρε-

73 1638 136 1682 τῆς
163 1637 420 1690 κατώρθωσαν,
458 1638 506 1690 μὴ
537 1641 746 1693 ῥαθυμῶμεν
775 1639 855 1692 περὶ
883 1637 946 1685 τὴν
966 1636 1098 1684 ταύτης

72 1698 249 1750 ἐργασίαν.

123 1757 173 1798 Ἢ
205 1760 283 1813 οὐχὶ
310 1764 372 1809 τῆς
404 1764 509 1811 αὐτῆς
535 1766 620 1814 ἡμῖν
650 1763 784 1817 φύσεως
815 1757 858 1810 ἦν
887 1760 1095 1813 ὁμακάριος

71 1821 233 1869 Παῦλοςς
265 1822 481 1875 Ἐκκαίομαι
508 1825 576 1877 γὰρ
605 1827 651 1869 εἷς
679 1825 737 1864 τὸν
756 1829 817 1863 τοῦ
837 1823 958 1876 ἀνδρὸς
976 1823 1094 1870 πόθον,

71 1882 132 1920 καὶ
149 1882 312 1922 διᾶτοῧτο
327 1887 480 1937 συνεχῶς
497 1885 600 1923 αὐτὸν
617 1885 858 1938 περιστρέφων
874 1887 913 1922 οὗ
924 1883 1096 1934 παύομαι,

72 1943 132 1980 καὶ
150 1943 268 1996 ὥσπερ
286 1947 334 1989 εἷς
361 1945 557 1998 ἀρχέτυπον
578 1946 694 1984 εἷκόνα
711 1945 809 1994 τινὰ,
831 1948 879 1989 εἷς
894 1944 958 1992 τὴν
975 1944 1095 1983 τούτου

71 2005 186 2057 ψυχὴν
218 2008 343 2058 ἐνορῶν
357 2036 366 2053 ,
393 2007 635 2058 ἐκπλήττομαι
662 2010 730 2046 τῶν
750 2009 869 2046 παθῶν
886 2005 950 2052 τὴν
969 2009 1094 2057 ὑπερο-

71 2066 174 2118 ψίαν,
203 2069 267 2113 τῆς
289 2067 450 2121 ἀνδρείας
468 2067 532 2115 τὴν
554 2069 750 2121 ὑπερὸολὴν
763 2100 772 2116 ,
791 2072 852 2106 τοῦ
871 2067 1014 2121 φίλτρου
1034 2071 1095 2104 τοῦ

70 2127 156 2179 πρὸς
171 2128 227 2166 τὸν
241 2129 329 2167 Θεὸν
349 2129 389 2167 τὸ
408 2129 584 2182 διάπυρον,
607 2130 666 2167 καὶ
684 2129 888 2181 λογίζομαι,
907 2128 962 2167 ὅτι
976 2134 1092 2166 πᾶσαν

70 2191 138 2226 τῶν
164 2190 295 2243 ἀρετῶν
317 2188 379 2236 τὴν
401 2189 606 2241 συναγωγὴν
633 2185 681 2234 εἷς
705 2190 886 2242 ἅνθρωπος
915 2189 1094 2240 βουληθεὶς

69 2249 276 2302 κατώρθωσε
289 2265 297 2273 ·
316 2250 376 2288 καὶ
396 2252 498 2301 ἡμῶν
519 2250 667 2295 ἕκαστος
685 2250 761 2290 οὐδὲ
780 2251 820 2289 τὸ
839 2250 942 2302 τυχὸν
962 2265 1093 2301 κατορ-

69 2314 146 2350 θοῦν
167 2311 339 2363 βούλεται.
365 2311 430 2355 Τίς
457 2306 514 2350 οὖν
541 2315 636 2363 ἡμᾶς
664 2312 882 2365 ἐξαιρήσεται
903 2314 967 2358 τῆς
982 2312 1092 2350 κολά-

67 2387 154 2416 σεως
186 2376 250 2420 τῆς
273 2373 513 2425 ἀπαραιτήτου
528 2404 538 2422 ,
576 2373 658 2412 ὅταν
691 2375 750 2412 καὶ
773 2377 835 2420 τῆς
865 2376 972 2420 αὐτῆς
1004 2377 1090 2425 ἡμῖν

67 2436 238 2472 κοινωνῶν
257 2426 409 2486 φύσεως,
432 2434 491 2472 καὶ
520 2440 591 2478 τοῖς
609 2436 723 2479 αὐτοῖς
738 2435 884 2474 πάθεσιν
903 2435 1091 2486 ὑποκείμε-

68 2508 135 2541 νος,
160 2495 220 2532 καὶ
249 2496 283 2532 ἐν
301 2494 452 2547 τοσαύτῃ
469 2497 599 2548 καιρῶν
616 2496 782 2548 δυσκολίᾳ
795 2498 814 2518 *
829 2495 990 2549 γεγονὼς,
1010 2495 1090 2534 καθ’

68 2555 218 2602 ἑκάστην
232 2555 389 2609 ἡμέραν,
410 2558 458 2599 ὡς
477 2558 604 2602 εἰπεῖν,
625 2557 833 2608 ἑλκόμενος,
846 2556 1090 2610 σπαραττόμε-

67 2632 122 2660 νος
136 2646 146 2663 ,
170 2617 231 2655 καὶ
262 2615 414 2670 δημοσία
436 2617 624 2670 συρόμενος
643 2619 710 2657 ὑπὸ
733 2622 801 2657 τῶν
819 2621 870 2671 τῷ
888 2617 1089 2670 κηρύγματι

64 2677 319 2728 πολεμούντων,
351 2678 384 2716 οἳ
413 2678 472 2716 καὶ
503 2678 707 2730 νομίσαντες
723 2680 825 2719 αὐτὸν
845 2679 1014 2724 πολλάκις
1031 2695 1088 2717 τε-

65 2738 196 2787 θνάναι,
213 2740 290 2777 τότε
309 2739 442 2788 λοιπὸν,
461 2742 507 2784 ὡς
527 2743 574 2784 εἷς
590 2740 689 2794 ἔργον
705 2741 891 2794 ἀγαγόντες
907 2740 970 2788 τὴν
993 2755 1087 2792 φονι-

65 2799 128 2846 κὴν
145 2802 257 2839 αὐτῶν
275 2800 437 2852 γνώμην,
459 2803 548 2840 οὕτω
566 2803 779 2852 κατέλιπον,
803 2801 1014 2854 Εὑρίσκεταί
1032 2817 1084 2845 τις

63 2863 163 2911 ἡμῶν
182 2867 343 2901 τοσοῦτον
365 2862 506 2914 μέγεθος
525 2866 650 2916 ἀρετῆς
666 2863 957 2915 ἐπιδεικνύμενος,
975 2863 1086 2906 οὕτως

64 2922 365 2961 ἀναπεπτωκότων
378 2952 387 2969 ,
404 2924 464 2961 καὶ
481 2924 630 2977 τοσαύτῃ
651 2926 804 2979 ῥαθυμίᾳ
823 2924 966 2969 ἑαυτοὺς
987 2925 1086 2963 ἐκδε-

63 2984 245 3033 δωκότων,
265 2985 357 3024 Ἀλλ’
375 2984 432 3024 ἵνα
456 2986 504 3037 μὴ
524 2987 621 3039 παρὰ
642 2990 705 3033 τῆς
724 2986 900 3040 ἡμετέρας
926 2985 1088 3039 γλώττης

62 3044 211 3091 ἀκούητε
229 3045 274 3084 τὰ
292 3045 388 3099 παρὰ
406 3050 466 3084 τοῦ
490 3046 663 3099 μακαρίου
674 3047 797 3087 τούτου
814 3047 1085 3100 κατορθώματα,

63 3105 122 3143 καὶ
149 3106 212 3153 τὴν
239 3107 416 3160 ἀνδρείαν,
447 3107 491 3154 ἣν
509 3107 622 3162 ἰ’ὑπὲρ
651 3114 711 3148 τοῦ
739 3111 804 3155 τῆς
823 3108 998 3152 εὖσεὸείας
1018 3123 1085 3155 κη-

1115 1305 1146 1371 »ἃ

1202 204 1358 238 norun.
1399 205 1462 237 xi.
2039 191 2124 237 105

1169 291 1229 330 hic
1257 304 1319 329 nos
1351 288 1649 327 medicamentum
1677 302 1720 327 cx
1752 287 1930 341 spirituali
1963 289 2123 328 doctrina

1171 351 1368 392 consectum
1395 350 1635 404 imponimus3
1655 362 1814 393 vestrum
1842 365 1959 394 autem
1979 359 2126 409 posthac

1170 414 1278 453 fuerit
1304 414 1395 452 serre
1412 413 1567 460 dolores,
1588 422 1621 452 et
1641 428 1762 454 ειη-απ]
1783 430 1865 455 cum
1888 417 2043 457 utilitate
2061 420 2124 458 ad—

1171 475 1326 525 mittere,
1345 484 1384 514 ut
1412 490 1432 513 a
1459 475 1584 514 morbo
1615 476 1771 528 liberati,
1791 477 1837 516 ad
1858 492 1979 517 veram
2008 494 2126 532 regre-

1170 535 1320 574 diamini
1356 537 1552 577 sanitatem.
1585 538 1646 577 Sic
1672 539 1767 578 enim
1794 548 1828 578 et
1859 540 1927 594 ipsi
1960 556 2127 594 magnam

1170 597 1374 650 percipietis
1406 599 1620 651 utilitatem,
1643 610 1676 639 et
1695 615 1758 640 nos
1777 616 1846 641 non
1877 603 2016 642 modica
2044 605 2127 644 hinc

1171 658 1409 697 consolatione
1433 661 1645 711 afficiemur,
1679 663 1707 702 si
1740 663 1937 704 viderimus
1963 680 2046 713 eos,
2065 667 2127 719 qui

1171 718 1273 770 prius
1294 719 1517 769 laborabant,
1543 732 1615 761 tam
1644 725 1714 763 cito
1737 726 1866 764 bonam
1885 727 2126 767 valetudinem

1171 791 1409 831 recuperasse.
1433 783 1687 835 Unusquisque
1710 799 1794 837 ergo
1818 797 2003 838 vestrum,
2024 790 2129 828 obse—

1170 852 1243 887 cro,
1259 840 1288 878 si
1313 854 1382 879 non
1402 851 1516 890 antea,
1544 845 1670 883 saltem
1697 860 1792 886 nunc
1816 862 1959 900 operam
1987 849 2069 900 det,
2089 861 2128 890 ut

1170 899 1301 939 vitium
1332 902 1429 952 quod
1448 903 1519 942 sibi
1547 906 1661 957 magis
1678 921 1786 958 quam
1807 918 1930 947 caetera
1960 910 2127 951 infestum

1170 962 1277 1000 sentit
1295 977 1340 1001 ex
1357 964 1476 1003 anima
1492 977 1647 1017 exsecet,
1663 977 1696 1006 et
1715 969 1772 1021 pia
1794 970 2006 1021 cogitatione
2025 974 2126 1023 quasi

1171 1023 1348 1075 spirituali
1369 1026 1524 1077 quodam
1547 1028 1667 1081 gladio
1689 1039 1801 1080 utens,
1828 1032 1985 1085 seipsum
2009 1034 2055 1072 ab
2087 1048 2128 1073 eo

1169 1083 1306 1123 liberet.
1323 1086 1430 1125 Dedit
1462 1089 1555 1128 enim
1588 1091 1688 1129 nobis
1717 1092 1813 1130 Deus
1845 1094 2016 1132 rationem
2047 1110 2126 1147 quae
2172 1107 2257 1135 Ratio
2277 1110 2328 1135 t...-

1170 1146 1326 1185 sufficiat
1346 1158 1380 1186 et
1400 1150 1523 1202 possit,
1548 1151 1576 1189 si
1600 1152 1752 1192 velimus
1781 1168 1911 1207 parum
1940 1156 2126 1208 respicere,
2142 1160 2331 1219 {22:⁸³0''.¹·’·‘'';

1171 1207 1289 1246 omnia
1320 1223 1399 1260 quae
1427 1211 1462 1249 in
1492 1213 1595 1252 nobis
1626 1224 1821 1253 nascuntur
1852 1216 1937 1254 vitia
1970 1216 2125 1257 domare.
2141 1235 2210 1260 viua
2258 1234 2329 1261 eat»

1172 1268 1361 1322 Propterea
1380 1273 1486 1311 etiam
1501 1274 1705 1314 sanctorum
1721 1277 1882 1315 omnium
1901 1278 2013 1317 vitam
2027 1289 2059 1318 et
2076 1280 2128 1319 in·
2142 1284 2233 1303 ΜΝ·

1170 1330 1293 1370 stituta
1319 1333 1355 1371 in
1377 1333 1511 1374 divinis
1533 1336 1730 1390 Scripturis
1748 1337 1926 1392 descripta
1941 1371 1951 1390 ,
1971 1341 2127 1394 Spiritus

1170 1392 1284 1430 sancti
1303 1394 1416 1445 gratia
1433 1396 1590 1448 reliquit,
1608 1407 1646 1436 ut
1660 1397 1834 1439 discentes
1849 1415 1923 1450 eos,
1936 1402 2018 1440 licet
2035 1403 2129 1455 ejus-

1170 1452 1251 1492 dem
1264 1455 1397 1494 suerint
1409 1467 1557 1509 naturae,
1568 1459 1738 1498 virtutem
1750 1470 1866 1501 tamen
1883 1463 2127 1502 omnimodam

1170 1515 1389 1567 exhibuisse,
1406 1532 1451 1558 ne
1463 1519 1575 1559 simus
1596 1534 1659 1561 nos
1677 1521 1799 1575 ignavi
1815 1533 1849 1563 et
1867 1523 2007 1564 desides
2026 1526 2060 1564 in
2082 1526 2127 1565 iis

1169 1577 1386 1618 exercendis.

1225 1756 1260 1793 5.
1279 1757 1405 1795 Annon
1427 1765 1563 1796 naturae
1583 1766 1712 1797 nostrae
1731 1759 1800 1798 suit
1818 1768 1852 1798 et
1875 1759 1999 1799 beatus
2024 1760 2121 1799 Pau-
2201 1776 2327 1815 cim-⁵1>

1169 1816 1225 1855 lus
1238 1817 1256 1855 ἶ)
1271 1818 1299 1855 F
1301 1817 1400 1870 lagro
1414 1819 1510 1856 enim
1529 1833 1649 1857 amore
1664 1819 1772 1872 hujus
1789 1821 1874 1870 viri,
1891 1830 1924 1860 et
1938 1832 2124 1875 propterca
2137 1820 2326 1888 {22¹5qussss

1169 1878 1337 1917 continuo
1364 1889 1527 1918 versatur
1556 1880 1631 1933 ipse
1650 1880 1686 1918 in
1707 1895 1768 1919 ore
1793 1896 1887 1933 meo,
1905 1892 1937 1921 et
1959 1885 2060 1935 quasi
2087 1884 2123 1922 in
2138 1883 2234 1929 i’auli.

1168 1939 1404 1992 archetypum
1438 1940 1585 1992 aliquod
1604 1942 1787 1994 exemplar
1802 1972 1813 1992 ,
1843 1943 1892 1982 ita
1917 1953 1950 1982 et
1972 1945 2006 1983 in
2026 1945 2125 1984 illius

1168 2001 1324 2039 animam
1341 2001 1542 2054 respiciens,
1553 2002 1766 2055 obstupesco
1776 2004 1811 2041 in
1821 2005 1888 2043 hoc
1900 2006 1976 2044 viro
1991 2007 2126 2046 mirum

1167 2063 1360 2100 affectuum
1383 2064 1842 2112 contemtum,f0rtitudinis
1862 2068 2123 2119 excellentiam,

1167 2123 1299 2161 amoris
1324 2123 1359 2160 in
1379 2124 1497 2161 Deum
1525 2124 1725 2163 fervorem:
1754 2135 1788 2164 et
1816 2140 1955 2165 mecum
1986 2138 2124 2181 reputo,

1166 2197 1279 2221 unum
1304 2183 1486 2222 hominem
1502 2198 1624 2223 omnes
1638 2185 1790 2225 virtutes
1814 2187 1934 2227 studio
1949 2203 2012 2227 suo
2033 2189 2069 2228 in
2089 2204 2125 2228 se

1165 2245 1349 2297 collegisse
1382 2254 1417 2284 et
1453 2246 1660 2285 exhibuisse
1675 2263 1685 2296 3
1720 2261 1855 2300 nosque
1874 2263 1916 2288 ne
1933 2250 2124 2290 minimum

1166 2307 1312 2359 quidem
1330 2308 1468 2346 bonum
1488 2322 1578 2360 opus
1597 2318 1767 2362 praestare
1784 2311 1887 2349 velle.
1901 2311 1994 2359 Quis
2014 2312 2125 2364 igitur

1165 2384 1228 2408 nos
1257 2370 1381 2423 eripiet
1410 2385 1430 2408 a
1457 2370 1634 2423 supplicio
1665 2370 1896 2410 inevitabili?
1917 2373 2009 2411 Nam
2041 2388 2124 2412 cum

1164 2431 1324 2483 ejusdem
1343 2431 1405 2469 ille
1427 2431 1615 2469 nobiscum
1640 2432 1747 2470 fuerit
1776 2443 1910 2471 naturae
1938 2444 1972 2472 ct
1996 2434 2123 2473 iisdem

1164 2492 1343 2531 obnoxius
1375 2491 1639 2542 affectionibus,
1663 2502 1767 2543 atque
1792 2494 1827 2532 in
1858 2504 1955 2533 tanta
1986 2504 2122 2547 tempo—

1164 2568 1245 2592 rum
1259 2553 1485 2601 difficultate,
1500 2552 1673 2605 quotidie,
1693 2563 1732 2592 ut
1759 2555 1807 2593 ita
1826 2555 1956 2605 dicam,
1975 2565 2121 2606 tractus,

1162 2615 1336 2654 laceratus
1357 2624 1390 2652 et
1407 2614 1551 2667 publice
1569 2624 1729 2667 raptatus
1747 2615 1793 2653 ab
1815 2616 1858 2653 iis
1871 2617 1932 2667 qui
1950 2616 2120 2669 praedica-

1161 2678 1295 2716 tionem
1312 2676 1582 2729 oppugnabant,
1597 2675 1658 2726 qui
1672 2685 1705 2713 et
1719 2690 1812 2728 serpe
1829 2677 1945 2729 ipsum
1960 2687 2120 2716 enectum

1162 2737 1424 2786 existimarunt,
1444 2745 1477 2774 et
1497 2735 1596 2786 quasi
1618 2735 1830 2774 destinatam
1849 2737 1968 2776 animo
1987 2739 2121 2778 caedem
2143 2791 2151 2795 q

1162 2807 1432 2852 perpetrassent,
1466 2798 1581 2850 ipsum
1614 2797 1834 2848 reliquerunt
1855 2814 1863 2835 :
1895 2799 2120 2840 inveniturne

1160 2861 1289 2913 aliquis
1320 2869 1504 2907 nostrum,
1523 2857 1693 2907 desidiae,
1715 2859 1948 2912 segnitieique
1973 2861 2118 2901 dedito-

1160 2937 1253 2971 rum,
1270 2922 1329 2973 qui
1348 2930 1483 2959 tantam
1497 2919 1675 2959 virtutum
1689 2921 1974 2972 magnitudinem
1989 2939 2063 2976 prae
2081 2940 2118 2964 se

1159 2984 1248 3021 serat
1262 2984 1280 3020 Ξ)
1299 2984 1436 3022 Verum
1453 2989 1584 3032 quanta
1604 2980 1728 3018 beatus
1747 2981 1809 3020 ille
1826 2984 1997 3035 praeclara
2012 3000 2117 3037 opera

1159 3044 1294 3094 feccrit,
1330 3052 1364 3082 et
1394 3040 1657 3088 fortitudinem,
1691 3056 1799 3093 quam
1829 3058 1896 3096 pro
1933 3046 2117 3099 religionis

1156 3105 1410 3159 pi·;rdicatione
1436 3102 1576 3155 quotidi
1595 3102 1838 3156 eexhibuerit,
1861 3120 1929 3145 non
1949 3122 1969 3145 a
1998 3118 2114 3146 nostra

107 3246 119 3261 τ
136 3236 270 3279 Septem
293 3238 370 3274 Mss.
390 3246 423 3271 et
451 3238 555 3272 Savil.
581 3244 611 3274 ἐκ
638 3246 690 3274 τοῦ
718 3248 876 3285 παρόντος.
900 3239 1015 3273 Morel.
1037 3244 1067 3273 ἐι
1106 3239 1189 3270 texit
1207 3235 1363 3280 periodos
1389 3234 1669 3280 Clu-ysostomus‚
1688 3236 1732 3268 ita
1758 3244 1793 3269 ut.
1811 3238 1909 3270 series
1926 3239 1975 3271 vel
1994 3241 2114 3284 imper-

64 3293 115 3321 τοῦ
134 3293 344 3334 παρελθόντος.

99 3338 115 3353 ’
135 3341 194 3372 llic.
211 3343 371 3374 sententia
393 3344 530 3375 omnino
555 3355 672 3375 manca
694 3343 836 3377 videtur.
856 3344 977 3376 Vct-iun
1003 3343 1066 3375 alia

64 3399 138 3426 sunt
155 3391 226 3425 loca
243 3394 274 3425 in
291 3392 340 3426 liis
357 3393 500 3428 homiliis
513 3395 629 3429 similia
644 3397 736 3440 ,quia
751 3395 864 3440 longas
881 3395 1064 3430 admodum

1102 3289 1188 3323 secta
1206 3296 1338 3321 mancat
1354 3286 1519 3320 interdum
1531 3315 1538 3328 ‚
1559 3286 1607 3320 vel
1622 3286 1663 3320 de
1681 3300 1768 3321 ιιοιο
1783 3298 1979 3324 resumatur.

1147 3354 1158 3368 ι
1179 3344 1232 3376 Sic
1251 3341 1304 3373 alii
1323 3347 1441 3383 praeter
1460 3339 1574 3373 Morcl,
1595 3341 1651 3384 qni
1669 3339 1766 3373 habet
1789 3347 1854 3387 περὶ
1872 3351 1933 3377 τοῦ.
