2516 3791
818 215 858 244 ικ
897 213 1094 244 ‹ii-:susim
1134 212 1281 241 sunno
1322 214 1382 243 ix.
2040 212 2125 268 So]-

77 303 134 343 διὰ
150 302 184 341 τί
205 301 254 354 μὴ
282 294 378 348 εἷπε,
407 299 526 351 φησὶν,
545 292 642 342 οὗτος
667 298 849 336 ἀποκτενεῖ
867 299 983 347 ἡμᾶς,
1004 289 1100 339 οὗτος
1123 298 1149 328 E
1171 308 1276 333 scere
1291 297 1423 348 saciet
1451 302 1547 338 nos?
1569 298 1690 346 Quare
1716 313 1785 338 non
1808 300 1904 339 dixit
1922 317 1930 338 :
1948 302 2016 340 llic
2040 306 2131 342 ⁰005-

75 364 212 412 ποιήσει
229 362 287 402 τὸν
306 359 554 411 κατακλυσμὸν
576 358 758 411 γενέσθαι·
777 358 854 397 ἀλλ’
871 351 978 405 εἶπεν,
1000 356 1099 395 Ἀνα-
1172 355 1233 393 det
1255 369 1329 406 nos,
1354 357 1413 396 hic
1437 358 1583 398 inducet
1605 360 1811 398 diluvium:
1832 361 1894 399 scd
1915 361 2007 400 dixit
2027 378 2035 399 :
2052 366 2131 402 Fa-

74 425 199 465 παύσει
214 427 328 475 ἡμᾶς;
345 420 628 473 Ἀνεστοιχειώθη
641 423 662 467 ἢ
677 419 788 463 κτίσις
804 419 940 463 ἅπασα,
954 418 1101 456 &euocet
1171 419 1244 454 ciet
1267 431 1335 456 nos
1350 421 1544 470 quiescere
1560 425 1576 458 Ρ
1596 421 1766 459 Creatura
1785 422 1899 460 omnis
1922 423 2129 474 resolvitur,

72 485 310 538 ἀνερράγησαν
328 483 497 530 κάτωθεν,
513 481 755 536 καταρράκται
770 479 998 532 ἀνεῴχθησαν
1015 478 1102 516 ἄνω·
1171 477 1293 530 abyssi
1311 490 1518 532 erumpunt,
1533 490 1715 520 cataracta:
1731 483 1896 534 superius
1907 485 2130 536 aperiuntur,

73 552 141 595 θεν,
156 546 293 584 ἅπαντα
317 545 467 597 πέλαγος
486 538 528 591 ἧν
550 543 641 588 ξένον
657 542 716 581 καὶ
733 540 929 595 παράδοξον
945 539 1005 579 καὶ
1021 555 1101 594 φρι-
1171 552 1276 578 omne
1288 540 1436 593 pelagus
1456 552 1530 580 erat
1553 543 1700 593 mirum,
1718 544 1936 596 stupendum
1959 555 1993 584 et
2013 546 2130 585 borri-

73 609 180 652 κῶδες
192 638 201 655 ,
217 607 276 646 καὶ
294 610 328 646 ἐν
344 606 444 659 τάφῳ
463 608 567 658 κοινῷ
582 609 625 657 τῇ
643 604 712 643 ἷλύϊ
728 604 787 642 καὶ
803 602 952 654 σώματα
969 601 1101 655 ἀνθρώ·
1170 599 1256 650 bile,
1277 611 1311 640 et
1328 602 1362 640 in
1386 603 1462 642 luto
1487 604 1586 655 quasi
1611 605 1789 643 communi
1809 607 1973 658 sepulcro
1996 609 2131 660 promi-

72 685 148 708 πων
181 669 240 708 καὶ
272 668 420 720 σώματα
443 667 560 706 ἵππων
581 665 641 704 καὶ
660 665 788 718 θηρίων
810 662 1020 719 ἐκρύπτετο·
1041 663 1102 702 καὶ
1171 675 1254 700 seua
1284 663 1493 716 hominum,
1521 680 1695 716 equorum
1729 681 1769 704 ac
1800 667 1956 705 serarum
1982 683 2131 721 corpora

72 734 224 770 τοσαῦτα
243 730 336 769 κακὰ
348 761 358 778 ,
370 729 445 768 εἶπέ
462 745 522 780 μοι
536 759 546 776 ,
561 728 617 766 καὶ
634 726 804 772 τοσαύτην
820 723 1001 778 συμφορὰν
1019 724 1103 764 ἀνά·
1171 723 1445 764 occultabantur
1461 742 1468 762 :
1484 735 1517 764 et
1538 735 1673 765 tantam
1693 728 1945 773 calamitatem,
1963 738 2132 781 taut-'ique

72 807 198 830 παυσιν
220 794 353 838 καλεῖς;
368 791 451 838 Ναὶ,
466 789 582 842 φησίν.
596 787 742 835 Ἐπειδὴ
760 786 829 840 γὰρ
844 788 878 824 ἐν
895 786 1003 840 κακία
1017 786 1101 831 ἔζων
1172 785 1265 824 mala
1281 786 1435 837 quietem
1457 789 1588 827 vocas?
1608 789 1784 840 Profecto,
1808 789 1935 840 iuquit.
1953 792 2043 828 Nam
2066 792 2130 830 lio-

72 856 103 891 0‘2
122 853 318 907 ἅνθρωποι,
339 854 356 889 ὃ
379 851 414 889 δὲ
435 849 680 900 κατακλυσμὸς
697 847 760 896 τὴν
777 846 903 886 κακίαν
920 846 1101 899 ἀνέκοψεν,
1114 877 1161 902 ⁶97
1173 846 1286 885 mines
1317 847 1353 885 in
1384 862 1513 900 magua
1544 849 1683 888 malitia
1713 850 1884 889 vivebant
1904 867 1912 888 ε
1946 852 2129 891 diluvium

71 916 103 952 οἱ
122 915 184 958 τῆς
199 912 324 956 κακίας
339 910 599 963 ἀπαλλαγέντες
615 909 829 948 ἀνέπαυσαν.
847 908 1018 962 Καθάπερ
1033 908 1102 962 γὰρ
1124 914 1149 944 Λ
1171 916 1291 946 autem
1311 910 1480 960 quoniam
1499 911 1675 949 malitiam
1696 912 1867 963 resecuit,
1890 912 1971 951 idco
1987 914 2129 953 liberati

70 976 173 1027 σῶμα
192 972 363 1017 ποικίλοις
385 972 561 1024 νοσήμασι
580 970 828 1023 κατεχόμενον,
856 969 917 1008 καὶ
947 969 1100 1022 ἰατρείαν
1172 970 1227 1010 illi
1244 984 1264 1008 a
1281 972 1431 1022 malitia,
1451 972 1632 1024 quiescere
1654 973 1836 1012 dicuntur.
1852 976 1902 1013 Ut
1925 977 2020 1013 enim
2047 990 2127 1014 cor-

69 1034 232 1088 οὖδεμίαν
255 1035 423 1089 εὑρίσκον,
445 1035 503 1072 ἐὰν
522 1032 675 1073 ἐπελθὼν
689 1035 706 1070 ὁ
723 1031 870 1075 θάνατος
893 1030 1006 1083 λάὅῃ,
1026 1029 1102 1070 ἀνέ·
1172 1048 1238 1087 pus
1256 1034 1367 1074 variis
1383 1035 1517 1073 morbis
1540 1035 1737 1087 obsessum,
1754 1036 1811 1074 cui
1831 1037 1930 1075 nulla
1953 1037 2129 1090 reperitur

70 1113 199 1135 παυσεν
213 1112 220 1120 ·
241 1095 332 1135 οὕτω
350 1095 392 1144 δὴ
418 1095 479 1134 καὶ
493 1095 557 1143 τὴν
583 1097 652 1133 τῶν
675 1091 866 1146 ἀνθρώπων
886 1091 1026 1131 ἐκείνων
1043 1107 1100 1144 γε·
1172 1094 1309 1133 medela
1323 1125 1334 1145 ‚
1365 1095 1395 1134 si
1427 1096 1517 1135 sorte
1538 1111 1633 1135 mors
1661 1097 1855 1137 adveniens
1882 1099 2067 1152 corripiat,
2095 1109 2128 1138 ct

69 1158 162 1207 νεὰν,
181 1158 339 1211 καθάπερ
361 1160 466 1208 σῶμα
487 1156 612 1195 ἀνίατα
633 1159 754 1194 νοσοῦν
776 1154 836 1193 καὶ
854 1154 996 1198 πολλοῖς
1015 1168 1102 1207 προ·
1170 1159 1325 1210 quietem
1336 1158 1439 1197 affert
1458 1173 1465 1194 :
1482 1158 1533 1197 sic
1545 1159 1652 1197 ctiam
1666 1160 1927 1212 generationem
1942 1160 2129 1200 hominum

69 1219 348 1271 κατειλημμένον
370 1220 491 1262 δεινοῖς
516 1217 740 1271 παραμυθίαν
761 1214 928 1266 οὐδεμίαν
948 1215 1100 1268 ἔχουσιν,
1170 1220 1318 1259 illorum
1338 1220 1438 1272 quasi
1466 1234 1595 1273 corpus
1617 1221 1865 1259 incurabiliter
1885 1221 2072 1273 languch
2095 1231 2129 1261 et

68 1280 223 1319 ἐπελθὼν
245 1282 262 1318 ὁ
281 1279 525 1331 κατακλυσμὸς
544 1278 718 1331 ἐξήρπασε
748 1277 808 1316 καὶ
828 1276 1032 1315 ἀνέπανσεν·
1057 1277 1102 1315 Εἶ
1170 1282 1275 1320 malis
1297 1282 1433 1332 multis,
1450 1282 1588 1320 nullam
1609 1281 1884 1320 consolationem
1903 1282 2126 1322 admittenti-

68 1342 135 1394 γὰρ
154 1342 314 1386 Θάνατος
334 1341 432 1395 ἀνδρὶ
448 1341 663 1387 ἀνάπαυσις,
682 1341 803 1393 πολλῷ
824 1339 957 1390 μᾶλλον
978 1344 1050 1382 τοῖς
1065 1339 1100 1376 ἓν
1169 1343 1250 1393 bus,
1274 1343 1486 1391 obnoxium,
1505 1343 1758 1396 superveniens
1780 1343 1962 1382 diluvium
1980 1345 2126 1398 eripuit,

69 1402 175 1456 κακίᾳ
197 1403 415 1457 ἀδιορθώτως
445 1405 549 1447 ζῶσιν
583 1402 778 1445 ἀνάπαυσις
797 1404 816 1439 ὁ
834 1401 1001 1448 θάνατος,
1030 1402 1100 1438 τῶν
1169 1414 1204 1443 et
1236 1405 1416 1456 quiescere
1438 1405 1532 1444 fecit.
1567 1406 1660 1443 Nam
1685 1405 1715 1444 si
1743 1407 1853 1444 Mors
1884 1408 1972 1444 viro
2001 1409 2124 1459 quies,
2141 1419 2210 1448 δεμ.
2230 1420 2246 1447 3
2279 1419 2314 1448 ,τι

68 1463 182 1502 πόνων
209 1463 332 1508 αὐτοὺς
365 1463 614 1511 ἀπαλλάττων,
637 1462 696 1500 καὶ
727 1464 789 1500 οὐκ
816 1464 881 1501 ἐῶν
903 1460 1101 1515 περαιτέρω
1169 1466 1284 1505 multo
1316 1466 1432 1519 magis
1454 1467 1499 1506 iis
1530 1467 1591 1519 qui
1622 1467 1901 1505 inemendabiles
1929 1467 1964 1505 in
1991 1468 2128 1506 malitia

69 1527 132 1571 τῆς
151 1524 321 1578 πονηρίας
350 1523 413 1572 τὴν
441 1523 551 1575 νομὴν
580 1525 774 1577 προελθεῖν,
803 1521 880 1561 οὐδὲ
911 1521 1100 1577 βαρύτερον
1168 1529 1311 1580 vivunt,
1331 1543 1428 1568 mors
1442 1529 1544 1581 quies
1555 1539 1621 1580 est,
1639 1529 1796 1567 liberans
1814 1543 1873 1567 eos
1889 1543 1909 1567 a
1930 1528 2128 1580 laboribus,

68 1590 127 1625 τοῧ
148 1586 244 1631 ὄντος
257 1586 415 1639 γενέσθαι
433 1588 501 1624 τῶν
519 1586 784 1638 ἁμαρτημάτων
803 1585 843 1624 τὸ
859 1584 1009 1638 φορτίον·
1029 1586 1100 1623 Οὐ·
1169 1605 1232 1629 nec
1249 1591 1368 1629 sinens
1387 1590 1538 1629 ulterius
1556 1590 1754 1642 iniquitatis
1774 1591 1876 1628 ulcus
1895 1605 2048 1643 serpere,
2067 1606 2128 1630 ne-

70 1647 124 1686 δὲν
146 1647 213 1700 γὰρ
233 1647 323 1686 οὕτω
353 1647 441 1700 βαρὺ
465 1647 524 1686 καὶ
550 1647 828 1694 ὃυσὸάστακτον,
847 1650 893 1690 ὣς
925 1645 1102 1699 ἁμαρτίας
1169 1666 1238 1703 que
1255 1666 1363 1704 supra
1388 1651 1534 1690 modum
1564 1664 1673 1704 grave
1693 1651 1773 1689 fieri
1794 1661 2020 1704 peccatorum
2039 1667 2128 1705 pon-

70 1708 185 1760 φύσις·
206 1709 301 1747 οὐδὲν
323 1708 413 1747 οὕτω
431 1709 589 1759 κάματον
613 1708 673 1746 καὶ
697 1707 802 1746 πόνον
821 1712 906 1758 ἡμῖν
925 1706 1099 1760 παρέχει,
1168 1715 1249 1753 dus.
1274 1715 1352 1751 Non
1379 1722 1430 1751 est
1459 1712 1555 1751 enim
1585 1712 1746 1764 gravius,
1776 1722 1838 1750 aut
1866 1713 2127 1752 intolerabilius

70 1772 117 1814 ὥς
134 1770 174 1809 τὸ
191 1772 254 1816 τῆς
272 1769 439 1823 πονηρίας
460 1764 547 1814 εἶδος
567 1769 628 1808 καὶ
644 1768 689 1807 τὰ
708 1768 1013 1819 πλημμελήματα.
1033 1767 1101 1807 Διὰ
1122 1778 1144 1808 Β
1169 1773 1330 1828 ponduS,
1350 1787 1460 1825 quam
1493 1773 1629 1826 peccati
1652 1783 1780 1811 natura
1797 1789 1805 1810 :
1822 1773 1984 1825 nihilque
2007 1774 2056 1812 ita
2078 1775 2128 1813 la-

70 1836 171 1870 τοῦτο
187 1835 206 1870 ὁ
223 1832 372 1886 Χριστὸς
391 1837 462 1876 τοῖς
479 1834 512 1870 ἓν
528 1830 717 1884 ἁμαρτίαις
733 1832 836 1875 ζῶσιν
854 1829 974 1882 ἔλεγε·
992 1832 1100 1868 Δεῦτε
1167 1837 1271 1874 bores
1290 1843 1323 1873 ct
1337 1848 1513 1872 aerumnas
1526 1834 1629 1873 nobis
1643 1835 1760 1885 affert,
1776 1843 1816 1873 ut
1830 1835 1976 1873 malitiae
1991 1836 2127 1889 specics

71 1892 197 1937 πάντες
220 1895 252 1930 οἳ
280 1896 470 1938 κοπιῶντες
494 1893 554 1932 καὶ
573 1892 869 1948 πεφορτισμένοι,
890 1890 990 1944 κάγὼ
1010 1893 1100 1930 ἅνα-
1166 1907 1200 1937 et
1219 1897 1364 1936 delicta.
1378 1897 1567 1949 Propterea
1588 1897 1753 1936 Christus
1773 1897 1818 1935 iis
1832 1897 1895 1949 qui
1915 1898 1950 1935 in
1973 1897 2126 1950 peccatis

70 1954 196 1993 παύσω
219 1957 320 2006 ὑμᾶς.
342 1955 411 1994 Διὰ
438 1959 543 1993 ταῧτο
561 1954 620 1993 καὶ
639 1957 658 1992 ὁ
678 1954 808 2006 Λάμεχ
824 1954 1021 1992 ἀνάπαυσιν
1042 1953 1100 1993 τὸν
1167 1959 1315 2008 vivunt,
1335 1958 1476 1997 dicebat
1497 1973 1505 1995 :
1525 1959 1661 1996 Venite
1680 1961 1749 2012 qui
1770 1959 1959 1998 laboratis
1978 1968 2015 1998 et
2035 1974 2125 1998 one-
2140 1975 2253 2003 ‚Jsflsm
2280 1984 2325 2003 η,

70 2017 317 2067 κατακλυσμὸν
338 2017 514 2065 ἐκάλεσεν,
537 2016 727 2056 ἐπελθόντα
754 2016 814 2054 καὶ
832 2015 1012 2063 στήσαντα
1035 2014 1100 2063 τὴν
1167 2024 1246 2060 rati
1264 2024 1369 2069 estis,
1400 2030 1437 2059 et
1465 2034 1533 2074 ego
1561 2034 1633 2059 vos
1663 2024 1858 2074 quiescere
1874 2023 2047 2075 faciam.
2076 2021 2125 2061 Et
2140 2015 2189 2045 ²⁸·
2212 2023 2217 2027 ”

70 2078 253 2131 πονηρίαν.
285 2078 507 2129 Ἐὅουλόμην
535 2078 732 2131 περαιτέρω
762 2078 820 2117 τὸν
851 2077 952 2129 λόγον
983 2080 1099 2116 ἐκτεῖ-
1167 2083 1303 2122 ideirco
1336 2083 1492 2121 Lamech
1522 2081 1705 2122 diluvium
1729 2082 1886 2134 quictem
1916 2084 2126 2137 appellavit,

69 2154 126 2177 ναι
156 2143 298 2178 τοῦτον·
330 2139 390 2178 καὶ
417 2139 485 2192 γὰρ
513 2139 627 2178 πολλὰ
655 2139 906 2178 ὑπολέλειπται
939 2139 1009 2178 ἀπὸ
1037 2143 1100 2187 τῆς
1167 2161 1208 2185 eo
1226 2145 1324 2198 quod
1350 2144 1602 2198 superveniens
1627 2145 1773 2184 malitiae
1801 2144 1910 2184 finem
1937 2146 2127 2199 impositu-

69 2199 302 2254 προσηγορίας
330 2205 390 2239 τοῦ
412 2202 509 2239 Νῶε·
541 2200 632 2239 ἀλλὰ
650 2200 735 2245 τέως
761 2205 873 2239 ταῦτα
903 2204 946 2253 τῇ
975 2201 1097 2254 μνήμῃ
1167 2222 1250 2246 rum
1276 2216 1360 2246 erat.
1382 2206 1561 2247 Volebam
1584 2220 1784 2245 sermonem
1806 2206 1904 2246 hunc
1929 2208 2128 2260 longiorem

67 2264 130 2308 τ’ἧς
158 2261 329 2313 ὑμετέρας
353 2261 504 2306 διανοίας
534 2261 798 2313 ἕναποθέμενοι,
819 2261 880 2300 καὶ
909 2263 996 2316 πρὸς
1021 2262 1101 2306 τοὺς
1166 2270 1302 2308 facere:
1320 2267 1435 2306 multa
1453 2268 1551 2306 enim
1568 2267 1716 2319 omitto,
1733 2282 1812 2319 quae
1836 2268 1883 2307 ad
1907 2283 2035 2308 nomen
2054 2271 2130 2310 Noe'

67 2321 256 2376 ἡμετέρους
277 2321 443 2376 ἀδελφοὺς
461 2322 538 2368 τοὺς
557 2323 828 2376 ἀπολειφθέντας
845 2323 1018 2373 εἰπόντες,
1042 2323 1098 2362 ἵνα
1165 2331 1366 2384 pertinent:
1395 2329 1456 2368 sed
1478 2329 1556 2368 haec
1586 2343 1681 2368 nunc
1708 2331 1880 2369 memoria
1909 2331 2067 2382 retinete,
2096 2341 2129 2370 et

71 2383 119 2434 μὴ
138 2384 243 2422 πάλιν
259 2384 536 2436 ἀναγκαζώμεθα
556 2384 758 2438 μακρότερα
777 2391 889 2424 ποιεῖν
908 2385 953 2424 τὰ
978 2384 1098 2438 προοί-
1169 2392 1342 2431 &auibus
1363 2392 1501 2442 vestris,
1514 2391 1576 2443 qui
1607 2391 1870 2441 absunt‚dicite
1888 2409 1896 2430 :
1920 2402 1960 2431 ut
1997 2408 2040 2432 ne
2072 2408 2129 2433 co-

71 2461 155 2496 μια,
175 2447 243 2483 τῶν
270 2445 460 2498 εἰρημένων
475 2445 538 2493 τὴν
555 2446 759 2485 ἀκολουθίαν
777 2447 1098 2498 ἀναλαμίῗάνοντες,
1168 2469 1296 2508 gamur
1322 2455 1454 2493 iterum
1479 2453 1772 2507 productioribus
1799 2454 1851 2492 uti
1875 2456 2069 2507 prooemiis,
2095 2465 2128 2494 et

70 2509 118 2552 εἷς
137 2506 241 2559 εὐχὰς
258 2507 315 2545 τὸν
336 2506 436 2559 λόγον
453 2507 718 2559 καταλύσωμεν,
742 2509 1026 2562 εὐχαριστοῦντες
1045 2512 1097 2562 τῷ
1167 2517 1347 2557 dictorum
1379 2525 1536 2569 repetere
1569 2515 1856 2566 consequentiam
1879 2531 1891 2566 ;
1928 2530 2127 2555 sermonem

70 2573 180 2607 ταῦτα
204 2568 368 2606 δεδωκότι
391 2570 499 2607 εἰπεῖν
532 2571 632 2621 Θεῷ,
655 2569 708 2608 ὅτι
737 2571 832 2622 αὐτῷ
865 2573 887 2617 ἦ
921 2570 1024 2619 δόξα,
1049 2573 1098 2615 εἷς
1166 2592 1251 2632 ergo
1266 2580 1302 2617 in
1326 2578 1495 2631 precibus
1514 2576 1702 2625 finiamus,
1717 2575 1850 2627 gratias
1873 2585 2014 2628 agentes
2037 2579 2125 2626 Deo,

70 2629 147 2674 τοὺς
167 2632 294 2674 αἰῶνας
313 2632 382 2669 τῶν
400 2630 545 2670 αἰώνων.
567 2631 688 2683 Ἀμήν.
1166 2641 1229 2693 qui
1244 2641 1320 2678 haec
1337 2649 1376 2678 ut
1393 2639 1606 2689 diceremus,
1628 2637 1729 2676 dedit
1745 2653 1753 2673 :
1772 2637 1942 2690 quoniam
1961 2639 2028 2692 ipsi
2047 2639 2124 2692 glo-

1167 2704 1221 2741 ria
1236 2703 1270 2740 in
1288 2702 1416 2741 saecula
1433 2700 1656 2739 saeculorum.
1680 2702 1803 2739 Amen.
