2566 3791
743 190 785 219 ΙΝ
825 191 930 220 CAP.

133 282 191 320 καὶ
217 278 273 319 ἐπὶ
303 279 364 323 τῆς
396 274 642 328 προαιρέσεως.
665 273 750 312 Ἐπὶ
770 273 832 324 μὲν
853 272 920 325 γὰρ
945 274 1013 311 τῶν
1034 288 1154 323 σωμα-

131 343 235 379 τικῶν
254 336 400 384 ἀκίνητά
422 338 495 374 ἐστι
523 334 692 377 πολλάκις
714 334 758 372 τὰ
779 337 842 380 τῆς
874 333 1006 386 φύσεως
1036 334 1133 379 πάθη
1147 348 1155 356 ·

131 401 188 439 ἐπὶ
219 399 255 438 δὲ
288 402 349 445 τῆς
377 395 611 449 προαιρέσεως
642 394 736 434 οὐδὲν
768 401 919 435 τοιοῦτον
932 411 940 419 ·
975 396 1051 432 ἀλλ’
1083 394 1156 433 ἔστι

131 460 295 504 πολλάκις
324 459 382 497 καὶ
409 473 467 496 τον
487 458 614 510 φαῦλον
650 460 685 494 θε
673 455 844 503 ελήσαντα
876 455 1155 507 μεταὸαλέσθαι,

131 522 189 559 καὶ
220 519 380 572 γενέσθαι
412 518 517 556 καλὸν
532 548 542 565 ,
573 516 632 555 καὶ
673 517 730 555 τὸν
766 517 870 556 καλὸν
908 516 1155 570 ῥαθυμήσαντα

130 581 244 635 επρὸς
260 580 322 627 τὴν
340 579 464 618 κακίαν
485 578 714 624 ἐξολισθῆσαι.
733 576 775 615 ’'l.
778 578 835 615 πεὶ
858 592 916 614 ουν
938 575 1154 620 αὐτεξούσιον

132 643 231 691 ἡμῶν
247 640 311 687 τὴν
332 640 431 692 φύσιν
457 638 642 691 εἰργάσατο
664 640 682 675 ὁ
701 653 770 675 των
788 638 877 675 ὅλων
903 635 1009 679 (θεός
1028 635 1072 673 τὰ
1092 634 1154 684 μὲν

133 701 200 754 γὰρ
232 704 353 739 ἑαυτοῦ
371 699 535 737 όᾶπαντα
571 697 822 745 ἐπιδείκνυται,
856 697 915 734 καὶ
940 695 1003 742 τὴν
1025 694 1154 733 οἰκείαν

132 761 391 816 φιλανθρωπίαν
412 760 641 811 μιμούμενος,
666 758 725 796 καὶ
749 758 793 795 τὰ
822 757 1004 808 ἀπόῤῥητα
1031 755 1091 794 καὶ
1111 755 1155 794 τὰ

132 825 166 861 ἐν
185 825 234 873 τῷ
252 823 350 872 βάθει
371 823 432 867 τῆς
450 819 600 861 διανοίας
627 817 812 868 κινούμενα
831 816 1060 866 ἐπιστάμενος
1086 831 1155 853 πα·

133 887 258 932 ραινεῑ,
285 879 530 931 συμὸουλεύει,
550 877 823 931 προαναστέλλει
850 882 913 924 τῆς
940 880 1051 922 κακῆς
1079 879 1155 914 ἐπι-

130 941 320 993 χειρήσεως
333 957 342 964 ·
359 943 397 979 οὗ
415 939 484 991 μὴν
500 939 654 991 ἀνάγκην
671 938 882 985 ἐπιτίθησιν,
903 937 993 976 ἀλλὰ
1008 936 1053 975 τὰ
1069 937 1156 989 φάρ-

132 1018 229 1052 μακα
258 1002 463 1047 κατάλληλα
483 1001 635 1048 ἐπιθεὶς,
653 999 794 1052 ἀφίησιν
817 1001 851 1038 ἐν
867 1002 911 1051 τῇ
942 998 1066 1050 γνώμῃ
1097 1002 1158 1036 τοῦ

129 1063 318 1114 κάμνοντος
334 1065 470 1101 κεῖσθαι
484 1061 526 1100 τὸ
542 1068 627 1099 πᾶν.
645 1063 760 1100 Τοῦτο
784 1060 898 1099 τοίνυν
919 1060 979 1099 καὶ
1006 1060 1066 1098 ἐπὶ
1097 1064 1157 1098 τοῦ

131 1125 219 1162 Κάϊν
238 1127 295 1162 νῦν
314 1123 463 1175 γέγονεν.
481 1123 579 1175 “Opoe
608 1122 676 1174 γὰρ
705 1121 794 1173 μετὰ
811 1121 983 1168 τοσαύτην
1009 1122 1157 1173 κηδεμο-

129 1185 204 1222 νίαν
226 1188 272 1229 εἷς
291 1185 374 1230 ὅσην
399 1184 466 1231 ἤδη
488 1182 614 1234 μανίαν
641 1182 811 1226 ἐξώκειλε.
842 1181 927 1220 Δέον
950 1181 1018 1234 γὰρ
1039 1197 1155 1222 συνει-

132 1245 214 1284 δότα
232 1247 294 1291 τὴν
309 1244 483 1297 ἁμαρτίαν
502 1244 583 1296 περὶ
601 1242 664 1290 τὴν
692 1242 821 1290 ταύτης
838 1242 1018 1295 διόρθωσιν
1034 1243 1155 1281 λοιπὸν

132 1308 386 1358 ἀσχοληθῆναι·
409 1309 428 1344 ὁ
459 1304 494 1344 δὲ
526 1304 683 1357 καθάπερ
718 1304 934 1355 μεθύων,τῷ
961 1304 1064 1342 πάθει
1095 1303 1155 1342 καὶ

130 1373 143 1389 “
159 1371 209 1421 τῷ
227 1367 400 1420 τραύματι
411 1369 461 1418 τῷ
475 1365 687 1418 προλαὸόντι
706 1364 804 1408 ἕλκος
824 1364 940 1416 ἕτερον
958 1365 1155 1410 συνάπτων,

131 1429 189 1466 καὶ
217 1428 278 1475 τὴν
300 1427 454 1480 ἰατρείαν
474 1428 512 1464 οὐ
532 1426 757 1480 προσιέμενος
784 1424 847 1472 τὴν
869 1424 959 1475 μετὰ
984 1425 1155 1472 τοσαύτης

130 1488 330 1539 ἐπιμελείας
346 1490 606 1540 προσαχθεῖσαν
621 1489 716 1538 αὐτῷ
728 1516 737 1533 ,
757 1486 848 1524 ἀλλὰ
865 1486 924 1524 τὸν
943 1488 1066 1524 οἰκεῖον
1088 1486 1153 1538 φό-

129 1565 184 1588 νον
200 1551 247 1593 εἶς
260 1548 356 1600 ἔργον
376 1551 518 1599 ἀγαγεῖν
538 1547 778 1599 ἐπειγόμενος,
801 1547 870 1585 ἀπὸ
890 1547 988 1586 δόλου
1007 1547 1066 1586 καὶ
1085 1563 1154 1586 πα-

129 1610 287 1663 νουργίας
305 1609 368 1656 τὴν
385 1609 498 1661 ἀρχὴν
517 1614 691 1654 ποιεῖται,
708 1607 769 1646 καὶ
787 1614 858 1651 τοῖς
872 1608 1155 1659 πεπλανημένοις

130 1671 280 1723 ῥήμασιν
296 1672 414 1723 ἀπατᾷ
431 1671 489 1709 τὸν
506 1669 663 1721 ἀδελφόν.
683 1670 856 1707 Τοσοῦτον
871 1668 1043 1722 θηριώδης
1061 1669 1153 1707 ἐστὶν

129 1733 307 1784 ἅνθρωπος
343 1733 390 1774 εἷς
415 1730 541 1769 κακίαν
572 1729 773 1772 ἀποκλίνας.
792 1729 930 1780 εὨσπερ
961 1729 1030 1782 γὰρ
1064 1730 1154 1782 μέγα

129 1793 188 1830 καὶ
206 1792 320 1843 τίμιον
338 1791 378 1829 τὸ
380 1792 544 1862 Νλογικὸν
557 1796 658 1829 τοῦτο
676 1793 780 1837 ζῶον,
805 1790 866 1828 καὶ
887 1791 1042 1840 μάλιστα
1061 1794 1155 1829 ἐπει-

130 1852 222 1889 &anst
207 1869 264 1891 επι
281 1852 344 1898 τὴν
360 1854 422 1896 τῆς
437 1853 564 1903 ἀρετῆς
582 1851 748 1902 ἐργασίαν
763 1849 903 1901 ὁρμήσῃ
915 1880 924 1894 ,
948 1849 1057 1894 ούτως
1071 1851 1155 1890 ὅταν

130 1927 215 1964 προς
233 1912 360 1950 κακίαν
378 1912 550 1962 ἀποκλίνῃ
562 1939 571 1956 ,
591 1926 660 1948 των
676 1913 752 1960 ἀνη
747 1926 860 1963 μερων
885 1910 1013 1963 θηρίων
1035 1919 1155 1962 μιμεῖ-

131 1989 188 2010 ται
207 1975 305 2019 τὴν’
287 1973 466 2023 (σιμότητα.
486 1971 591 2010 Ἀλλὰ
621 1970 680 2008 καὶ
709 1973 756 2014 εἷς
784 1971 848 2017 τὴν
883 1971 1022 2010 ἐκείνων
1048 1974 1154 2011 πάλιν

131 2032 338 2082 μεταπεσὼν
358 2033 567 2084 ἀγριότητα,
597 2032 637 2070 τὸ
654 2031 784 2084 ἥμερον
808 2036 908 2072 τοῦτο
927 2033 986 2070 καὶ
1016 2034 1154 2085 λογικὸν

130 2095 249 2136 ζῶον’
234 2109 273 2131 εκ
293 2095 422 2131 πολλοῦ
441 2107 500 2130 του
497 2092 702 2154 περιόντος
732 2099 813 2144 νικᾷ
841 2091 905 2140 τὴν
928 2093 1066 2132 ἐκείνων
1087 2098 1154 2141 θη·-

131 2152 283 2204 ριωδίαν.
301 2152 449 2202 Ἰδωμεν
478 2155 535 2189 οὖν
564 2152 624 2190 καὶ
656 2154 802 2191 ἐνταῦθα
835 2153 869 2191 τί
901 2154 1047 2205 γίνεται.
1082 2154 1154 2193 Καὶ

129 2217 221 2259 εἰπε,
254 2228 356 2265 φησι,
382 2213 472 2252 Κάϊν
505 2212 591 2264 πρὸς
617 2212 721 2251 Ἀὅελ
753 2214 810 2251 τὸν
850 2215 995 2267 ἀδελφὸν
1029 2217 1152 2265 αὐτοῦ,

127 2273 314 2324 διέλθωμεν
332 2273 373 2320 δὴ
388 2275 434 2316 εἰς
448 2273 488 2312 τὸ
503 2273 632 2312 πεδίον.
654 2273 710 2312 Τὰ
734 2273 796 2324 μὲν
813 2275 955 2329 ῥήματα
981 2278 1152 2329 ἀδελφοῦ,

125 2338 146 2381 ἡ
164 2334 198 2373 δὲ
225 2334 346 2386 γνώμη
385 2350 522 2387 φονικη.
547 2334 594 2372 Τί
620 2340 746 2382 ποιεῖς,
776 2352 804 2374 ω
828 2337 936 2385 Κάὶν;
963 2339 1025 2376 οὐκ
1058 2332 1153 2383 οἶδας

125 2396 210 2447 πρὸς
236 2396 314 2432 τίνα
334 2396 496 2447 διαλέγῃ·
488 2425 498 2442 ,
518 2396 580 2434 οὐκ
599 2399 723 2439 ἐννοεῖς
740 2395 795 2435 ὅτι
814 2397 898 2449 πρὸς
928 2398 988 2436 ἀδε
976 2397 1075 2450 ελφόν
1098 2415 1152 2438 σοι

127 2457 257 2507 γίνεται
273 2460 295 2503 ἡ
319 2457 486 2504 διάλεξις;
501 2459 538 2494 οὐ
560 2457 678 2508 λογίζῃ
697 2457 751 2496 ὅτι
775 2457 838 2501 τὰς
867 2458 973 2502 αὐτάς
997 2475 1052 2501 σοι
1069 2460 1152 2499 ἔλυ-

128 2533 183 2555 σεν
197 2519 341 2563 ὠδῖνας
364 2519 402 2557 06
425 2519 616 2570 λαμὸάνεις
636 2521 684 2563 εἷς
703 2519 833 2557 ἔννοιαν
856 2520 896 2558 τὸ
918 2523 1074 2574 μυσαρὸν
1089 2527 1152 2571 τῆς

126 2580 393 2630 ἐπιχειρήσεως;
419 2582 457 2619 οὗ
478 2580 566 2632 φοὸῇ
591 2579 649 2618 τὸν
671 2582 987 2634 ἀπαραλόγιστον
968 2585 1151 2643 οικαστήν;

125 2641 163 2677 06
179 2640 328 2692 φρίττεις
358 2640 422 2687 τὴν
453 2641 584 2680 ἔννοιαν
606 2645 666 2680 τοῦ
686 2643 930 2694 τολμήματος,
950 2644 1054 2690 Τίνος
1084 2646 1151 2699 γὰρ

125 2700 238 2739 ἕνεκεν
254 2704 302 2745 εἷς
317 2718 356 2740 το
374 2702 490 2740 πεδίον
515 2703 628 2746 ἕλκεις
646 2719 705 2742 τον
720 2705 892 2758 ἀδελφὸν,
921 2707 981 2745 καὶ
1000 2706 1063 2751 ἔξω
1074 2712 1152 2747 τῶν

124 2763 284 2812 ἀγκαλῶν
301 2765 369 2801 τῶν
387 2767 566 2814 πατρικῶν
587 2763 734 2816 ἐξάγεις;
753 2765 843 2809 τίνος
877 2766 990 2806 ἕνεκεν
1022 2769 1150 2820 ἔρημον

124 2828 233 2865 ποιεῖς
255 2825 317 2868 τῆς
336 2827 509 2877 πατρικῆς
524 2825 626 2863 αὐτὸν
645 2826 823 2876 βοηθείας;
840 2828 888 2865 Τί
908 2828 948 2866 τὸ
969 2827 1076 2879 ξένον,
1095 2830 1150 2869 ὅτι

123 2883 182 2917 νῦν
205 2883 252 2923 εἷς
269 2897 309 2920 το
326 2883 441 2921 πεδίον
458 2883 571 2928 ἕλκεις
586 2901 643 2923 τον
664 2886 830 2938 ἀδελφὸν,
845 2902 906 2925 και
925 2887 1011 2941 ὅπερ
1026 2889 1152 2940 πρότε-

127 2956 182 2991 ρον
211 2944 273 2979 οὐκ
305 2942 490 2990 ἐποίησας,
512 2947 571 2982 νῦν
600 2953 709 2984 ποιεῖν
730 2950 940 3000 ἐπιχειρεῖς,
967 2965 1027 2986 και
1054 2965 1147 3002 προ-

125 3001 225 3040 οάσει
245 3003 494 3056 φιλοφροσύνης
520 3005 652 3045 εὔνοιαν
687 3008 875 3061 ἀδελφικὴν
905 3011 1150 3062 προὸαλλόμε-

124 3078 205 3108 νος,
220 3063 262 3100 τὰ
279 3067 347 3101 τῶν
374 3066 549 3116 πολεμίων
570 3070 663 3121 αὐτῷ
679 3068 870 3109 ι’διαθεῖναι
896 3071 1064 3123 βουλεύῃ;
1084 3075 1150 3117 Ἱις

166 3195 178 3209 ⁶
196 3186 310 3219 Mon-el.
328 3196 360 3220 et
375 3188 503 3232 aliquot
530 3192 595 3224 ms<
627 3200 700 3238 πρὸ·
728 3201 782 3233 τὴν
807 3211 912 3229 naam-2

601 3220 608 3226 .
657 3218 668 3228 a
691 3220 699 3232 ‚

936 3200 1086 3235 ἐξολισΟ-ἧ·
1090 3212 1130 3230 αι

123 3235 223 3268 sanl-
242 3246 275 3270 02
291 3238 345 3271 alii
366 3247 439 3286 προς
462 3249 516 3282 τὴν
539 3251 644 3279 κακίαν
669 3250 886 3288 αυτομολῆσκι.
905 3248 1006 3289 [Mox
1034 3246 1133 3280 verba

123 3299 255 3373 &sm-5¹0
241 3298 300 3383 ]-⁵'·
289 3302 384 3334 ,quae
400 3290 541 3328 desunt·
533 3307 566 3330 m
586 3298 668 3330 flor.
688 3305 721 3330 et
738 3299 858 3332 Monis.
882 3298 1107 3341 supplevimus
1122 3313 1137 3332 e

158 3350 209 3371 av!

973 189 1030 219 lV.
1067 188 1229 219 mem-ts.

1268 188 1427 219 nomn„
1468 190 1563 221 ΧΙΧ.

2097 192 2107 218 1
2120 191 2150 238 O
2162 192 2174 219 ῐ

1228 272 1472 325 corporalibus
1494 280 1628 310 naturae
1647 270 1851 308 affectiones
1867 283 1960 322 saepe
1978 270 2184 309 immobiles

1228 341 1311 370 sunt
1327 362 1338 382 ,
1361 333 1396 370 in
1418 333 1600 371 voluntate
1618 340 1735 370 autem
1757 345 1824 368 non
1845 331 1893 368 ita
1914 344 1950 368 se
1970 344 2025 368 res
2042 331 2148 368 babet
2173 347 2179 367 :

1230 407 1321 446 saepe
1341 393 1436 432 enim
1456 394 1484 431 si
1502 393 1655 432 voluerit
1673 392 1779 431 etiam
1801 392 1861 443 qui
1884 391 2001 429 malus
2017 400 2081 437 est,
2105 406 2183 428 mu-

1230 460 1340 500 tatur,
1361 461 1394 491 et
1408 452 1449 491 sit
1469 452 1584 491 bonus
1603 467 1611 489 :
1633 461 1668 490 et
1687 451 1748 502 qui
1769 451 1898 496 bonus,
1919 464 1982 503 per
2002 450 2183 500 ignaviam

1179 511 1203 541 Ρ
1229 513 1378 562 excidit,
1392 522 1425 551 et
1442 513 1480 551 fit
1498 513 1627 551 malus.
1635 513 1730 560 Quia
1745 510 1943 563 ergolibcri
1958 510 2185 548 arbitriiesse

1230 582 1386 611 nostram
1408 583 1571 612 naturam
1595 574 1676 611 fecit
1699 573 1860 611 omnium
1881 571 2077 619 Dominus,
2109 572 2185 624 ipse

1229 633 1373 684 quidem
1385 648 1464 684 qua:
1474 649 1546 672 suae
1562 643 1645 672 sunt
1658 635 1776 672 omnia
1789 648 1854 686 pro
1865 648 1927 671 sua
1940 632 2184 671 misericordia

1228 707 1366 746 semper
1378 695 1524 732 exhibet
1544 711 1550 730 :
1568 704 1602 733 et
1613 695 1725 732 sciens
1736 694 1942 733 abscondita
1958 697 1993 732 in
2009 693 2186 747 profundo

1229 754 1358 792 mentis
1371 763 1404 792 et
1420 768 1564 799 arcana,
1587 754 1763 803 bortatur,
1778 755 1946 802 consulit,
1968 764 2186 805 conatusque

1230 824 1366 854 nostros
1382 815 1494 853 malos
1514 815 1732 867 praeveniens
1752 815 1925 867 reprimit.
1939 815 1985 852 Et
2003 815 2185 854 necessita-

1228 883 1300 913 tem
1322 875 1446 926 utique
1472 889 1541 913 non
1565 875 1738 927 imponit,
1759 874 1820 912 sed
1838 875 2114 925 congruentibus
2133 889 2186 913 re-

1230 936 1359 974 mediis
1377 937 1565 989 appositis,
1585 945 1702 978 totum
1718 936 1828 974 situm
1841 936 1876 973 in
1890 937 2094 987 aegrotantis
2110 950 2189 974 sen-

1230 997 1337 1035 tentia
1350 996 1513 1036 dimittit.
1530 997 1607 1035 Hoc
1619 997 1730 1049 igitur
1742 1006 1776 1035 et
1794 997 1831 1034 in
1848 996 1935 1034 Cain
1951 1010 2045 1034 nunc
2055 997 2189 1034 factum

1230 1067 1292 1096 est.
1312 1058 1410 1098 Vide
1428 1058 1522 1096 enim
1541 1067 1622 1111 post
1641 1067 1775 1097 tantam
1798 1057 2061 1110 providentiam
2081 1067 2114 1095 et
2132 1058 2188 1096 sui

1170 1148 1216 1174 162
1231 1133 1366 1168 curam,
1380 1119 1415 1157 in
1431 1129 1600 1170 quantam
1614 1119 1779 1158 inciderit
1791 1119 1978 1157 insaniam.
1991 1119 2189 1170 Oportebat

1180 1189 1206 1216 A
1230 1183 1326 1219 enim
1347 1181 1527 1220 conscium
1541 1181 1674 1233 peccati
1690 1180 1743 1219 sui
1776 1181 1812 1218 in
1826 1179 2048 1218 emendando
2069 1189 2189 1232 postea

1230 1251 1444 1294 occupatum
1458 1256 1532 1280 esse
1548 1257 1558 1291 3
1580 1251 1616 1280 at
1634 1242 1696 1280 ille
1715 1241 1818 1293 quasi
1835 1241 1970 1288 ebrius,
1995 1241 2139 1279 affectui
2155 1250 2190 1279 et

1230 1302 1371 1341 vulneri
1389 1303 1501 1355 priori
1522 1303 1621 1342 aliud
1646 1303 1747 1341 ulcus
1764 1303 1999 1355 conjungens,
2020 1311 2053 1340 et
2072 1302 2189 1340 medi-

1229 1364 1346 1402 cinam
1356 1373 1452 1402 tanta
1470 1364 1657 1417 diligentia
1671 1364 1872 1402 adhibitam
1894 1377 1964 1401 non
1981 1363 2188 1411 admittens,

1228 1425 1290 1463 sed
1306 1424 1519 1464 destinatam
1544 1425 1676 1464 caedem
1704 1425 1741 1463 in
1762 1439 1852 1478 opus
1873 1424 2066 1477 perducere
2092 1424 2190 1462 festi-

1229 1501 1328 1535 nans,
1341 1501 1362 1524 a
1379 1486 1462 1525 dolo
1481 1496 1514 1525 et
1538 1487 1695 1525 versutia
1716 1486 1919 1536 exorditur,
1943 1495 1976 1524 et
1994 1485 2189 1524 fallacibus

1229 1547 1349 1585 verbis
1369 1548 1517 1585 fratrem
1532 1547 1683 1600 decipit.
1707 1547 1800 1585 Tam
1828 1547 1957 1585 efferus
1979 1555 2030 1584 est
2053 1546 2162 1584 homo
2179 1576 2188 1590 ‚

1229 1608 1292 1659 qui
1312 1608 1348 1646 in
1367 1609 1563 1660 nequitiam
1576 1608 1786 1646 declinavit.
1801 1609 1894 1646 Nam
1911 1607 2003 1645 sicut
2016 1620 2188 1657 magnum

1228 1678 1262 1706 et
1279 1669 1522 1707 venerandum
1542 1678 1594 1707 est
1612 1669 1784 1707 rationale
1802 1668 1872 1706 hoc
1887 1667 2035 1715 animal,
2055 1676 2089 1705 et
2107 1682 2185 1705 ma-

1229 1730 1326 1768 xime
1357 1730 1503 1781 quando
1533 1730 1570 1768 in
1604 1729 1750 1768 virtutis
1779 1729 1879 1768 viam
1908 1728 2114 1766 contendit:
2138 1728 2187 1766 ita

1229 1790 1371 1841 quando
1397 1791 1434 1828 in
1459 1791 1598 1828 malum
1619 1790 1789 1839 declinat,
1816 1789 2100 1828 truculentarum
2125 1789 2187 1827 be-

1228 1851 1377 1888 stiarum
1411 1851 1572 1888 imitatur
1602 1850 1862 1888 crudelitatem.
1895 1850 1993 1897 Quin
2029 1858 2062 1887 et
2103 1863 2185 1887 cum

1179 1918 1203 1947 B
1228 1911 1360 1949 feroces
1371 1911 1515 1948 illarum
1532 1924 1647 1949 mores
1660 1911 1879 1960 assumserit,
1894 1909 2057 1961 quamvis
2072 1909 2183 1948 ratio-

1229 1972 1308 2010 nale
1333 1981 1367 2010 et
1400 1980 1624 2010 mansuetum
1646 1972 1779 2010 animal
1813 1971 1871 2017 sit,
1904 1970 2028 2008 multis
2067 1979 2185 2008 tamen

1229 2032 1432 2071 nominibus
1448 2033 1593 2070 illarum
1612 2041 1754 2085 superat
1775 2033 1955 2070 ferociam.
1985 2031 2185 2071 Videamus

1228 2094 1338 2145 igitur
1359 2103 1393 2132 et
1411 2094 1491 2131 istic
1515 2093 1604 2144 quid
1621 2093 1801 2132 acciderit.
1817 2093 1856 2132 8.
1869 2095 1921 2131 El
1941 2094 2042 2130 dixit
2063 2094 2181 2139 Cain,

1228 2154 1358 2204 inquit,
1378 2157 1432 2193 ad
1459 2153 1566 2192 Abel
1588 2155 1754 2204 fratrem
1772 2167 1906 2192 suum:
1924 2154 2186 2204 Egrediamur

1226 2220 1268 2254 in
1282 2230 1474 2268 campum.
1497 2216 1619 2255 Verba
1634 2214 1780 2265 quidem
1800 2213 1936 2263 fratris,
1953 2227 2052 2252 mens
2066 2223 2183 2252 autem

1225 2277 1430 2316 homicidae.
1452 2277 1550 2324 Quid
1564 2276 1665 2326 facis,
1681 2275 1802 2315 oCain
1817 2276 1834 2312 ἱ)
1850 2274 1962 2313 nescis
1982 2275 2039 2312 cui
2061 2275 2185 2326 loque-

1226 2338 1300 2377 ris?
1315 2353 1383 2377 non
1394 2339 1528 2390 cogitas
1540 2337 1606 2376 tibi
1620 2351 1702 2375 cum
1720 2337 1829 2374 fratre
1848 2335 2068 2386 colloquium
2083 2337 2183 2375 esse?

1225 2413 1294 2438 non
1314 2409 1478 2452 reputas,
1500 2399 1625 2438 eodem
1643 2412 1716 2449 quo
1737 2407 1777 2435 tu
1804 2406 1904 2434 utero
1926 2406 2050 2435 natum
2074 2412 2148 2437 esse
2166 2399 2184 2435 Ξ)

1225 2475 1293 2500 non
1316 2461 1435 2500 animo
1454 2461 1612 2516 concipis
1636 2458 1895 2498 abominabiles
1920 2468 2067 2497 conatus
2080 2460 2098 2496 Ρ
2113 2473 2182 2497 non

1225 2523 1328 2562 times
1343 2523 1503 2577 judicem
1520 2521 1670 2574 quisalli
1690 2520 1834 2571 nequit?
1854 2534 1923 2557 non
1942 2519 2064 2558 horret
2085 2534 2183 2558 mens

1176 2592 1199 2622 C
1226 2595 1284 2624 tua
1301 2586 1467 2624 facinus?
1487 2586 1560 2623 Cur
1583 2584 1620 2620 in
1645 2595 1812 2634 campum
1840 2595 1945 2619 vocas
1964 2581 2122 2628 fratrem,
2149 2590 2183 2618 et

1225 2648 1318 2685 foras
1333 2661 1351 2684 a
1367 2645 1523 2699 paternis
1541 2643 1636 2681 ulnis
1655 2641 1835 2680 abducis?
1853 2654 1962 2691 quare
1981 2641 2100 2692 ipsum
2119 2655 2182 2693 pa-

1225 2718 1323 2746 terno
1343 2707 1480 2746 auxilio
1496 2704 1688 2743 destituis?
1704 2702 1802 2749 Quid
1822 2702 1906 2739 novi
1920 2700 2062 2748 accidit,
2084 2702 2183 2752 quod

1225 2783 1319 2808 nunc
1349 2769 1494 2806 fratrem
1519 2767 1555 2804 in
1587 2778 1756 2816 eampum
1791 2762 1918 2807 trahis,
1952 2771 1986 2799 et
2018 2761 2057 2799 id
2086 2762 2183 2813 quod

1223 2830 1323 2882 prius
1342 2843 1411 2867 non
1431 2827 1558 2874 fecisti,
1583 2839 1676 2863 nunc
1696 2825 1810 2862 facere
1829 2832 1990 2868 attentas,
2004 2832 2037 2860 et
2054 2824 2182 2862 amici-

1223 2892 1282 2930 tiae
1308 2890 1489 2929 occasione
1524 2889 1717 2926 fraternam
1750 2884 2035 2923 benevolentiam
2057 2894 2183 2936 praete-

1222 2952 1340 2990 xendo
1356 2981 1366 3000 ,
1398 2949 1543 2988 hostilia
1568 2960 1718 2998 quaeque
1744 2953 1950 2998 perpetrare
1974 2944 2181 2983 deliberas?

1223 3014 1313 3059 Quae
1348 3010 1512 3049 insania?
1543 3022 1622 3059 quae
1657 3006 1800 3044 rabies?
1833 3005 1921 3044 Esto
1939 3036 1951 3056 ,
1984 3015 2181 3045 excaecatus

1225 3083 1340 3112 mente
1355 3074 1526 3110 fraeternae
1543 3068 1742 3107 affectionis
1762 3067 1898 3106 nullam
1921 3069 2095 3106 rationem
2112 3068 2178 3106 ha-

1212 3197 1227 3221 d
1247 3197 1327 3237 Reg.
1350 3205 1432 3225 unus
1449 3199 1482 3224 et
1497 3191 1599 3225 Savil.
1619 3195 1739 3226 ἅπαντα
1755 3194 1994 3235 ἐπιδεικνύμενος-

1215 3258 1227 3272 -ι
1245 3246 1401 3289 Quinque
1419 3245 1493 3276 Mss.
1512 3251 1546 3275 et
1561 3242 1664 3276 Savil.
1683 3251 1725 3286 τῷ
1739 3248 1895 3287 τραύματι
1910 3254 1952 3288 τῷ
1969 3250 2120 3290 προτέρῳ.

1219 3302 1233 3324 Ιι
1252 3300 1405 3339 Quinque
1422 3297 1497 3328 M-s.
1517 3302 1549 3328 et
1565 3294 1668 3327 Sssvll·
1688 3298 1826 3329 διαθεῖναι
1846 3299 1958 3339 βούλει.

2239 511 2279 537 Π
2269 521 2334 537 nmo
2351 513 2387 539 li-

2199 552 2310 579 bcrtate
2342 564 2389 580 ar-

2200 593 2281 620 bilrii
2333 596 2390 621 ‹lo-

2200 641 2294 663 natus.

2200 829 2390 856 Deusneees-

2202 872 2279 897 sitan
2279 881 2315 896 ἰη
2332 879 2390 897 non

2203 913 2339 948 imponit.
