2516 3791
706 220 747 248 ΙΝ
794 221 896 250 CAP-
939 221 1035 251 xm.
1076 221 1235 251 GENES.
1276 223 1430 254 ttoMtL.
1469 209 1641 257 XXXIV.⁸

143 300 313 351 δάζωμεν,
338 300 516 352 ἀτάραχον
543 300 634 352 ἔχειν
658 301 720 349 τὴν
745 301 874 354 ψυχὴν,
894 305 927 341 ἐν
947 303 1079 357 ἡσυχία
1100 305 1164 342 αὖ-

140 361 203 408 τὴν
235 361 465 408 καθιστάναι,
502 363 617 409 πάσης
655 362 778 408 ἀηδίας
823 364 1072 415 ἀπηλλάχθαι,
1106 364 1162 403 ἵνα

140 420 198 458 καὶ
225 421 322 459 αὐτοὶ
342 422 474 468 πολλῆς
494 425 555 468 τῆς
582 423 809 467 ἀναπαύσεως
838 424 1082 475 ἀπολαύωμεν,
1103 425 1161 462 καὶ

139 489 208 526 τοῖς
233 482 490 534 συγγινομένοις
510 487 595 535 ἡμῖν
624 492 810 537 προσηνεῖς
837 485 1026 536 γινώμεθα.
1046 488 1160 524 Τοῦτο

112 585 116 589 ,
137 542 203 596 γὰρ
231 545 384 594 μάλιστα
416 544 598 598 γνώρισμα
619 546 800 599 ἀνθρώπου
820 551 880 585 τοῦ
897 546 990 598 λόγῳ
1013 561 1157 596 τετιμη-

137 604 252 654 μένου,
284 606 323 645 τὸ
340 605 483 660 ἥμερον,
510 607 549 645 τὸ
569 607 736 654 ἐπιεικὲς,
763 608 802 646 τὸ
828 614 952 659 πρᾶον,
973 606 1012 644 τὸ
1030 622 1156 675 ταπει-

134 667 203 713 νὸν,
232 667 271 705 τὸ
290 667 436 720 ἥσυχον,
467 669 507 706 τὸ
533 668 581 719 μὴ
608 668 766 718 καθάπερ
794 668 1009 721 ἀνδράποδον
1047 669 1157 710 οὓτως

134 725 295 765 ἕλκεσθαι
333 728 391 766 καὶ
421 729 604 781 σύρεσθαι,
631 728 653 775 ἢ
689 729 755 767 ὑπὸ
782 730 907 781 ὀργῆς,
940 727 962 773 ἢ
988 727 1055 765 ὑπὸ
1085 729 1154 764 τῶν

133 787 246 826 ἄλλων
282 793 414 838 παθῶν,
445 789 535 828 ἀλλὰ
557 793 606 842 τῷ
639 791 797 840 λογισμῷ
826 787 1062 842 περιγίνεσθαι
1084 790 1153 825 τῶν

132 850 264 890 ε’νδόθεν
293 851 555 902 σκιρτημάτων,
574 851 633 888 καὶ
658 851 719 897 τὴν
747 850 874 889 οἰκείαν
896 848 1076 893 διασώζειν
1095 850 1150 886 εὖ·

130 910 276 962 γένειαν,
304 912 362 950 καὶ
385 911 434 962 μὴ
455 911 535 951 ι’διὰ
560 912 729 966 ῥᾳθυμίας
758 913 804 955 εἰς
835 909 898 958 τὴν
925 912 992 948 τῶν
1017 910 1152 962 ἀλόγων

130 973 310 1011 ἐκπίπτειν
337 974 535 1026 θηριωδιάν.
559 973 628 1012 Καὶ
647 973 704 1011 ἵνα
724 972 836 1024 μάθῃς
854 972 917 1019 ὅση
950 974 1011 1018 τῆς
1038 970 1153 1023 πραῢ·

128 1050 230 1082 τητος
249 1035 308 1072 καὶ
335 1039 397 1082 τ’ῆς
424 1034 611 1078 ἐπιεικείας
635 1038 657 1082 ἡ
687 1033 804 1086 ἰσχὺς,
843 1032 903 1070 καὶ
933 1035 980 1076 ὡς
1005 1032 1151 1084 ἤρκεσεν

129 1096 216 1143 αὕτη
250 1097 338 1147 μόνη
364 1100 385 1143 ἡ
412 1095 517 1148 ἀρετὴ
537 1095 601 1143 τὴν
631 1094 738 1142 αὐτὴν
760 1094 850 1145 μετὰ
878 1093 1057 1147 ἀκριὸείας
1090 1109 1152 1132 κα-

127 1158 336 1211 τωρθωκότα
352 1161 421 1196 τῶν
436 1158 642 1210 ἀπορρήτων
657 1156 796 1195 ἐκείνων
811 1156 963 1194 ἐπαίνων
981 1155 1150 1202 ἀξιῶσαι,

126 1220 230 1258 ἄκουε
255 1225 315 1259 τοῦ
348 1219 520 1271 μακαρίου
553 1219 730 1262 Μωϋσέως
760 1218 824 1264 τὴν
853 1216 1062 1269 ἀνακήρυξιν
1094 1219 1148 1256 ἐν·

124 1284 239 1319 τεῧθεν
270 1280 474 1333 γινομένην,
509 1279 568 1319 καὶ
611 1279 778 1332 στέφανον
814 1280 908 1330 αὐτῷ
946 1281 985 1317 ἐκ
1020 1277 1149 1324 ταύτης

122 1341 213 1380 οὕτω
233 1341 458 1392 πλεκόμενον.
478 1341 547 1379 Καὶ
574 1343 730 1387 Μωϋσῆς
748 1335 805 1387 ἦν,
822 1339 930 1392 φησὶ,
951 1338 1146 1390 πραότατος

122 1402 264 1440 πάντων
286 1401 477 1452 ἀνθρώπων
495 1405 563 1439 τῶν
585 1402 642 1440 ἐπὶ
664 1403 726 1446 τῆς
745 1404 819 1452 γ’ἧς.
842 1393 943 1444 Εἶδες
967 1399 1144 1451 ἐγκωμίου

121 1464 283 1516 μέγεθος,
298 1465 316 1503 ὃ
333 1463 449 1511 πάσης
469 1463 570 1502 αὐτὸν
589 1466 651 1510 τῆς
679 1461 897 1514 ἀνθρωπίνης
916 1460 1050 1514 φύσεως
1068 1463 1143 1499 ἰσο-

119 1526 257 1564 στάσιον
285 1525 441 1577 ἀπέφηνε
454 1553 463 1570 ,
487 1525 620 1575 μᾶλλον
642 1522 677 1562 δὲ
692 1523 819 1566 παντὸς
838 1526 897 1561 τοῦ
919 1524 987 1560 τῶν
1008 1522 1141 1575 ἀνθρώ-

115 1603 190 1625 πων
210 1586 328 1638 γένους
356 1585 561 1640 προέκρινε;
593 1584 663 1623 Καὶ
685 1584 790 1622 πάλιν
823 1583 904 1636 περὶ
936 1586 996 1621 τοῦ
1031 1583 1141 1622 Δαυίδ

115 1664 218 1701 φησιν
238 1651 259 1695 ἡ
281 1650 309 1687 Γ
313 1648 422 1701 ραφή·
455 1647 641 1694 Μνήσθητι
656 1677 666 1692 ,
686 1646 816 1698 Κύριε,
849 1649 910 1684 τοῦ
931 1645 1059 1693 Δαυὶδ,
1080 1644 1139 1683 καὶ

114 1710 229 1757 πάσης
256 1713 318 1756 τ’ἧς
339 1709 535 1762 πραότητος
554 1709 671 1746 αὐτοῦ.
691 1707 872 1746 Ἐντεῦθεν
892 1707 951 1744 καὶ
976 1709 994 1744 ὁ
1012 1722 1137 1760 πατρι-

116 1771 226 1824 άρχης
253 1773 374 1823 πολλῷ
409 1770 556 1808 πλείονα
584 1769 646 1816 τὴν
668 1769 796 1807 ἄνωθεν
816 1768 948 1807 εὔνοιαν
977 1768 1137 1806 ἐπεσπά-

115 1847 221 1879 σατο,
241 1831 301 1870 καὶ
321 1831 365 1870 τὰ
386 1833 470 1883 παρ’
490 1833 612 1870 ἑαυτοῦ
638 1828 853 1881 εἰσενεγκὼν,
879 1832 948 1867 τῶν
972 1829 1137 1880 μειζόνων

115 1893 246 1940 ἠξιώθη
267 1893 363 1947 παρὰ
383 1897 442 1932 τοῦ
462 1891 705 1945 φιλανθρώπου
726 1894 831 1931 Θεοῦ.
865 1890 936 1929 Καὶ
961 1895 1062 1929 τοῦτο
1090 1889 1138 1928 εἴ-

115 1959 233 2002 σεσθε,
251 1954 390 1994 ἐπειδὰν
415 1957 461 1999 εἰς
482 1954 585 2004 μέσον
601 1957 783 2006 προθῶμεν
804 1956 885 2004 ὑμῖν
906 1952 950 1990 τὰ
965 1952 1138 1990 ἀκόλουθα

114 2020 182 2055 τῶν
213 2015 294 2069 γθὲς
326 2014 531 2067 εἰρημένων,
552 2014 611 2053 καὶ
638 2013 682 2052 τὰ
709 2017 846 2067 πρῶτον
872 2013 1134 2064 ἀναγνωσθέντα

112 2062 365 2128 ἀναπτύξωμεν
385 2076 442 2115 ἐπὶ
460 2079 522 2123 τῆς
540 2075 710 2128 ὑμετέρας
729 2075 880 2127 ἀγάπης.
901 2074 1047 2122 Ἐπειδὴ
1068 2074 1135 2128 γὰρ

111 2139 245 2186 πολλὴν
266 2137 523 2188 ἐπιδειξάμενος
545 2136 608 2181 τὴν
629 2136 815 2174 ἐπιείκειαν
836 2135 1069 2188 παρεχώρησε
1084 2138 1134 2188 τῷ

112 2201 196 2242 Λὼτ
215 2203 284 2238 τῶν
304 2199 498 2251 πρωτείων,
517 2197 577 2236 καὶ
591 2201 652 2244 τῆς
675 2199 822 2248 ἐκλογῆς
838 2200 932 2250 αὐτῷ
951 2196 1014 2243 τὴν
1036 2196 1134 2256 ἕξου-

109 2265 188 2304 σίαν
204 2260 380 2308 δεδωκὼς,
401 2260 514 2298 εἵλετο
537 2259 725 2311 προθύμως
739 2258 802 2306 τὴν
822 2259 990 2297 ἐλάττονα
1006 2258 1132 2311 μερίδα

1174 1031 1200 1060 D

1161 1718 1186 1748 Ε

1143 2294 1190 2321 3ἰι1

2096 222 2188 284 395

1236 318 1317 342 mur
1344 306 1477 358 quiete,
1499 317 1534 346 et
1556 308 1598 347 iis
1618 309 1678 360 qui
1698 310 1979 352 familiaritatem
2003 316 2187 357 nobiscum

1234 364 1379 417 habent,
1402 367 1512 407 simus
1531 369 1666 408 blandi.
1690 370 1763 410 Hoc
1777 373 1870 411 enim
1888 375 2121 415 certissimum
2137 379 2186 417 si-

1233 441 1358 477 gnum,
1374 443 1445 479 quo
1460 430 1710 471 inter-noscitur
1725 434 1782 472 vir
1802 435 1937 474 ratione
1949 438 2137 489 praeditus,
2155 441 2184 479 si

1232 499 1436 527 mansuetus
1459 491 1579 539 suerit,
1600 492 1628 530 si
1648 493 1748 543 lenis,
1768 495 1797 532 si
1818 496 1926 546 mitis,
1947 497 1976 535 si
2002 498 2184 539 modestus

1231 556 1263 584 et
1283 549 1424 599 quietus
1441 567 1448 587 :
1466 552 1494 589 si
1510 567 1577 590 non
1595 555 1692 604 quasi
1709 570 1832 595 sertus
1847 557 1999 597 ducatur
2014 569 2047 598 et
2066 560 2185 599 traha-

1231 616 1289 645 tur
1304 619 1363 647 aut
1382 611 1428 648 ab
1443 612 1510 658 ira,
1528 623 1589 652 aut
1603 615 1648 652 ab
1666 616 1745 655 aliis
1758 618 2005 658 affectionibus
2023 637 2034 671 ;
2049 621 2111 660 sed
2129 637 2184 661 ra-

1229 667 1323 706 tione
1332 670 1451 709 vincat
1463 673 1616 712 infernos
1628 676 1706 715 illos
1718 678 1969 732 incompositos
1983 692 2115 733 motus,
2126 698 2184 723 no-

1228 728 1474 783 bilitatemque
1490 747 1591 772 suam
1609 747 1741 787 servet,
1767 753 1809 777 ne
1828 741 1861 778 in
1883 741 2068 781 brutorum
2091 746 2184 784 sero-

1228 788 1317 828 ciam
1333 792 1545 845 negligentia
1560 795 1759 847 degeneret.
1771 799 1818 837 Et
1832 810 1870 838 ut
1881 801 1996 841 discas
2010 816 2182 855 quantum

1227 853 1511 893 mansuetudinis
1524 865 1556 893 et
1572 856 1729 896 lenitatis
1743 859 1789 897 sit
1806 861 1930 912 robur,
1948 873 1981 901 et
1995 866 2091 914 quod
2108 868 2181 906 sola

1226 910 1302 949 haec
1315 913 1430 952 virtus
1445 917 1555 967 possit
1566 931 1601 955 se
1608 917 1780 958 colentem
1788 919 1980 973 diligenter
1991 924 2182 965 ineffabili-

1225 972 1293 1011 bus
1310 974 1382 1013 illis
1399 976 1566 1016 laudibus
1586 978 1737 1031 dignum
1760 981 1919 1029 reddere,
1933 984 2018 1022 audi
2039 986 2182 1026 beatum

1227 1035 1362 1073 Mosem
1374 1036 1459 1076 hinc
1465 1040 1689 1092 potissimum
1698 1043 1899 1095 praedicmi,
1911 1055 1943 1083 et
1956 1061 1998 1084 ex
2008 1047 2075 1086 hac
2085 1049 2115 1086 ei
2125 1063 2181 1088 co-

1226 1109 1347 1135 ronam
1357 1099 1476 1150 plecti.
1491 1103 1544 1139 Et
1555 1104 1699 1151 Moses,
1717 1104 1938 1156 inquit,erat
1955 1112 2180 1150 mitissimus
2194 1120 2225 1150 Ν

1226 1162 1399 1198 omnium
1421 1163 1635 1212 hominum,
1654 1169 1722 1218 qui
1740 1180 1854 1219 super
1873 1177 2027 1208 terram.
2044 1171 2180 1212 Vidisti
2192 1160 2222 1190 3·

1224 1220 1373 1257 encomii
1389 1223 1686 1276 magnitudinem,
1701 1227 1797 1277 quod
1812 1229 1908 1266 omni
1926 1244 2006 1268 eum
2022 1231 2179 1272 humano

1222 1282 1341 1331 generi
1372 1297 1495 1334 parem
1520 1287 1736 1337 pronuntiet,
1765 1288 1837 1327 imo
1867 1291 1964 1329 omni
1990 1291 2177 1334 hominum

1220 1343 1340 1393 generi
1355 1345 1517 1395 praeferat
1529 1347 1546 1383 Ρ
1560 1347 1606 1384 Et
1621 1347 1751 1387 iterum
1765 1349 1810 1388 de
1830 1351 1951 1390 David
1971 1352 2060 1392 dicit
2078 1356 2175 1394 Scri-

1217 1411 1322 1455 ptura
1345 1419 1353 1440 :
1375 1406 1586 1454 Memento,
1611 1409 1795 1458 Domine,
1821 1413 1969 1460 David,
1992 1423 2029 1452 et
2049 1419 2173 1455 omnis
2186 1425 2274 1454 Psal.
2292 1425 2359 1458 131.

1216 1468 1527 1506 mansuetudinis
1542 1471 1638 1522 ejus.
1655 1470 1748 1509 Hinc
1763 1472 1963 1524 patriarcha
1979 1475 2046 1513 sibi
2060 1478 2172 1530 majo-
2190 1474 2215 1494 ¹·

1215 1538 1288 1562 rem
1303 1526 1439 1565 caelitus
1453 1529 1659 1568 conciliavit
1670 1531 1969 1583 benevolentiam,
1979 1545 2012 1574 et
2023 1537 2173 1577 afferens

1213 1599 1290 1636 quae
1313 1601 1379 1625 sua
1397 1599 1509 1639 erant,
1533 1605 1552 1628 a
1572 1591 1801 1632 misericorde
1823 1596 1899 1633 Deo
1921 1598 2055 1649 majora
2078 1613 2172 1639 asse-

1213 1657 1346 1696 quutus
1358 1658 1421 1688 est.
1442 1651 1518 1689 Hoc
1531 1652 1648 1692 scietis
1661 1664 1694 1693 et
1715 1667 1791 1704 vos,
1809 1656 1873 1694 ubi
1889 1658 2114 1698 attulerimus
2133 1661 2169 1699 in

1214 1707 1375 1746 medium
1387 1724 1427 1748 ea
1441 1725 1520 1762 quae
1534 1712 1696 1753 hesterna
1711 1715 1806 1754 dicta
1818 1728 2029 1769 sequuntur,
2044 1728 2076 1758 et
2091 1734 2170 1771 quae

1211 1769 1313 1820 prius
1335 1780 1418 1808 sunt
1440 1772 1530 1811 lecta
1553 1774 1692 1813 caritati
1711 1786 1836 1815 vestrae
1857 1777 2167 1821 declaraverimus.

1212 1830 1304 1868 Nam
1322 1831 1406 1882 quia
1426 1832 1558 1873 Abram
1572 1836 1722 1875 multam
1739 1851 1811 1890 prae
1826 1853 1862 1876 se
1875 1840 1990 1878 ferens
2003 1855 2169 1881 mansue-

1211 1890 1371 1929 tudinem
1386 1893 1474 1931 Loto
1494 1895 1667 1946 potiorem
1686 1908 1823 1950 partem
1840 1901 1956 1950 cessit,
1973 1910 2006 1939 et
2025 1916 2166 1941 omnem

1208 1951 1240 1989 ei
1269 1952 1424 2005 eligendi
1451 1955 1656 1995 facultatem
1680 1960 1899 2011 permittens,
1925 1976 2006 2000 cum
2033 1963 2165 2014 gaudio

1207 2012 1313 2065 elegit
1323 2015 1495 2054 minorem
1504 2018 1702 2069 portionem
1706 2021 1828 2070 ,modo
1840 2023 2038 2061 auferretur
2049 2025 2164 2064 omnis

1206 2076 1382 2114 contentio
1398 2077 1503 2115 :vide
1516 2089 1686 2129 quantam
1702 2081 1823 2119 statim
1837 2083 2035 2122 mercedem
2051 2099 2071 2122 a
2086 2086 2164 2124 Deo

1205 2136 1446 2186 consequitur,
1466 2147 1500 2175 et
1522 2140 1701 2189 quomodo
1717 2141 1838 2181 adhuc
1856 2145 1983 2196 majori
2002 2146 2160 2184 retribu-

1205 2195 1312 2246 tione,
1326 2198 1390 2236 etsi
1406 2200 1562 2238 multum
1575 2200 1716 2240 divitiis
1732 2203 1901 2254 abundet,
1918 2207 2160 2258 patriarcham

1203 2256 1375 2309 dignatur
1394 2261 1502 2299 Deus.
1525 2262 1627 2300 Talis
1646 2263 1740 2301 enim
1762 2274 1812 2303 est
1831 2267 2007 2306 Dominus
2026 2279 2157 2320 noster,

109 2325 198 2377 ὑπὲρ
226 2328 285 2362 τοῦ
310 2328 426 2360 πᾶσαν
455 2319 611 2359 ἐκποδὼν
630 2320 789 2372 γενέσθαι
812 2319 1046 2374 φιλονεικίαν·
1065 2321 1130 2374 ὅρα
1154 2332 1180 2362 Α
1205 2326 1244 2356 ut
1261 2319 1289 2356 si
1309 2320 1452 2370 quando
1464 2322 1522 2360 vel
1541 2337 1694 2375 parvum
1709 2325 1798 2376 quid
1809 2327 1969 2366 attulisse
1982 2343 2044 2367 nos
2061 2330 2160 2369 vidc-

108 2387 192 2432 ὅσης
212 2382 380 2423 ἀπολαύει
400 2385 621 2436 παραχρῆμα
636 2381 733 2434 παρὰ
759 2385 818 2419 τοῦ
838 2384 930 2421 Θεοῦ
949 2385 1011 2429 τῆς
1029 2385 1131 2433 ἀμοι-

108 2447 190 2495 ὅῆς,
224 2445 284 2484 καὶ
315 2444 408 2488 ὅπως
440 2446 478 2482 ἐκ
499 2444 631 2490 πολλῆς
655 2446 717 2490 τῆς
744 2442 944 2496 περιουσίας
977 2444 1130 2494 μείζονος

108 2508 195 2553 ἀξιοῖ
220 2509 283 2552 τῆς
315 2504 520 2547 ἀντιδόσεως
537 2503 595 2541 τὸν
611 2503 847 2556 πατριάρχην.
868 2505 1033 2548 Τοιοῦτος
1060 2505 1129 2559 γὰρ

106 2573 124 2607 ὁ
153 2567 333 2613 Δεσπότης
353 2568 371 2604 ὁ
395 2564 581 2618 ἡμέτερος·
601 2564 740 2603 ἐπειδὰν
773 2564 828 2616 ἴδῃ
851 2564 973 2617 μικρόν
1004 2581 1039 2603 τι
1057 2569 1127 2606 εἰσ-

106 2629 306 2682 ενεγκόντας
335 2631 450 2678 ἡμᾶς,
473 2627 629 2677 δαψιλεῖς
659 2629 744 2676 ἡμῖν
768 2624 916 2678 παρέχει
951 2625 1013 2669 τὰς
1040 2631 1124 2681 παρ’

105 2694 227 2729 ἑαυτοῦ
247 2689 416 2741 ἀμοιὸὰς,
447 2687 506 2726 καὶ
525 2686 696 2735 τοσαύτην
725 2687 960 2726 ἐπιδείκνυται
981 2687 1044 2735 τὴν
1065 2705 1123 2742 φι-

104 2751 278 2802 λοτιμίαν,
313 2753 359 2793 ὡς
391 2749 510 2800 πολλῷ
543 2750 593 2800 τῷ
630 2748 748 2801 μέτρῳ
778 2749 1050 2802 ὑπερακοντίσαι
1080 2749 1125 2789 τὰ

102 2815 185 2866 παρ’
206 2815 306 2863 ἡμῶν
323 2809 500 2863 γεγονότα.

153 2873 225 2912 Καὶ
255 2877 354 2910 τοῦτο
386 2872 438 2922 ἐφ’
469 2869 606 2923 ἑκάστῳ
636 2873 705 2909 τῶν
723 2874 808 2925 παρ’
828 2875 929 2923 ἡμῶν
948 2874 1126 2914 ἐπιτελου-

101 2934 214 2984 μένων
246 2932 384 2985 εὑρήσει
410 2948 461 2975 τις
491 2935 577 2985 παρ’
614 2934 718 2970 αὐτοῦ
744 2932 935 2985 γινόμενον.
957 2935 1005 2973 Τί
1033 2937 1122 2988 γὰρ,

100 2995 175 3034 εἶπέ
191 3011 271 3046 μοι,
295 2994 355 3032 δύο
372 2993 504 3032 &comm
523 2992 564 3030 ἂν
590 2993 722 3044 γένοιτο
740 2993 1004 3047 εὐτελέστερον,
1029 2997 1122 3036 Ἀλλ’
1147 3009 1170 3038 13
1193 2997 1336 3035 duobus
1361 2996 1508 3034 obolis?
1538 2999 1701 3036 Attamen
1729 2999 1812 3049 quia
1837 3000 1947 3040 vidua
1971 3003 2032 3041 illa
2059 3005 2148 3043 duos
2163 3018 2234 3049 Luc,
2253 3027 2300 3046 ει.
2316 3018 2345 3047 3.

98 3057 191 3108 ὅμως
211 3057 272 3104 τὴν
296 3056 410 3109 γήραν
430 3053 577 3101 ἐκείνην,
596 3054 659 3102 τὴν
678 3054 755 3101 τοὺς
775 3057 833 3095 δύο
849 3056 992 3102 &Combe
1016 3074 1123 3096 κατα-

100 3117 287 3166 ὅαλοῧσαν,
307 3118 340 3162 ἐξ
369 3115 500 3154 ἐκείνου
532 3116 637 3168 μέχρι
654 3121 714 3156 τοῦ
739 3119 909 3172 παρόντος
937 3121 984 3163 εἷς
1003 3126 1121 3158 πᾶσαν

1203 2379 1264 2429 rit,
1286 2379 1504 2433 largissimas
1526 2397 1608 2423 suas
1627 2385 1730 2423 nobis
1750 2389 2051 2428 remunerationes
2070 2405 2158 2443 sup—

1201 2441 1348 2492 peditet,
1365 2451 1570 2495 tantamque
1585 2460 1657 2498 prae
1673 2461 1710 2485 se
1728 2448 1816 2486 ferat
1835 2449 2097 2501 liberalitatem,
2117 2462 2157 2490 ut

1201 2515 1240 2539 ea
1261 2516 1339 2553 quae
1355 2518 1375 2541 a
1395 2504 1499 2543 nobis
1514 2515 1596 2544 sunt
1610 2507 1715 2558 facta,
1735 2509 1860 2548 multis
1882 2511 2038 2550 numeris
2053 2526 2072 2549 a
2093 2526 2156 2550 no-

1200 2563 1257 2602 vis
1272 2565 1347 2617 ejus
1362 2565 1546 2605 beneficiis
1559 2567 1760 2608 vincantur.

1249 2875 1288 2911 9.
1310 2872 1358 2910 Et
1379 2872 1447 2910 hoc
1469 2873 1503 2910 in
1526 2874 1693 2913 omnibus
1713 2876 1842 2914 nostris
1868 2877 1968 2917 sactis
1995 2879 2151 2921 inveniet

1196 2934 1276 2985 quis
1302 2935 1348 2972 ab
1376 2948 1415 2972 eo
1445 2934 1534 2973 fieri.
1564 2935 1664 2983 Quid
1690 2936 1797 2987 enim,
1823 2938 1883 2976 dic
1909 2940 2012 2990 mihi,
2041 2935 2150 2981 vilius

1193 3057 1316 3096 obolos
1335 3057 1370 3095 in
1387 3057 1577 3095 corbonam
1594 3058 1704 3109 misit,
1723 3059 1804 3098 inde
1820 3061 1968 3101 celebris
1984 3065 2148 3104 universo

1192 3118 1326 3157 mundo
1355 3119 1443 3156 facta
1472 3128 1523 3157 est
1547 3119 1593 3156 ab
1615 3133 1655 3157 eo
1679 3129 1836 3174 tempore
1861 3138 1971 3175 usquc
1993 3126 2027 3164 in
2057 3142 2146 3179 prze-

2226 1133 2284 1150 um.
2309 1133 2356 1153 12.

1190 3194 1276 3218 scnS.
1308 3179 1353 3217 Et
1379 3179 1466 3229 quid
1489 3179 1569 3217 dico
1591 3179 1682 3218 duos
1707 3182 1862 3221 obolos?
1883 3185 2034 3225 Etiamsi
2065 3188 2144 3239 quis
2157 3200 2269 3227 Halm.
2295 3210 2342 3229 to.

1189 3241 1334 3279 calicem
1349 3255 1447 3291 aqua:
1467 3239 1610 3291 frigidm
1625 3242 1794 3293 pra-beat,
1811 3259 1877 3297 pro
1892 3260 1932 3284 eo
1947 3247 2051 3286 etiam
2066 3263 2141 3287 ma-
2153 3237 2205 3278 4²·

1188 3317 1264 3355 gna:
1296 3302 1534 3340 decernuntur
1560 3303 1810 3344 retributiones
1841 3323 1848 3343 :

98 3179 162 3225 τὴν
196 3178 398 3228 οἰκουμένην
429 3176 729 3229 ἀνακηρύττεσθαι
762 3180 944 3227 πεποίηκε.
985 3181 1053 3218 Καὶ
1085 3181 1121 3219 τί

98 3240 189 3290 λέγω
207 3239 266 3277 δύο
284 3238 446 3283 ὀὸολούς;
466 3236 540 3274 Κᾶν
560 3239 725 3290 ποτήριον
740 3243 875 3292 ψυχροῦ
897 3257 950 3284 τις
976 3242 1042 3294 δῷ,
1059 3242 1119 3280 καὶ

99 3300 186 3352 ὑπὲρ
213 3299 333 3338 τούτου
361 3300 515 3350 μεγάλας
545 3300 651 3351 ὁρίζει
673 3301 734 3344 τὰς
764 3301 936 3352 ἀμοιὸὰς,
957 3304 1027 3342 ἀπὸ
1056 3307 1118 3351 τῆς

2196 3282 2258 3309 Non
2272 3285 2342 3311 ‹lt-ni

1877 3321 2015 3361 semper
2047 3310 2140 3348 enim
2154 3326 2341 3360 magun-«³0,

143 3407 159 3431 b
175 3406 308 3448 Septem
326 3407 402 3438 leS.
422 3410 469 3441 διὸ.
483 3411 643 3452 ρᾳθυμίαν.
