2516 3791
658 283 699 313 {N
741 283 844 313 cn).
885 281 981 313 xltt.

91 377 223 423 ἐκείνην
243 375 422 426 ἑλόμενος,
447 374 510 421 τὴν
532 374 658 422 λοιπὴν
687 375 764 426 ἐμοὶ
795 374 1004 426 καταλίπῃς.
1023 366 1062 412 *A
1071 388 1112 426 ρα

90 441 130 478 ἂν
148 441 248 477 τοῦτο
265 437 410 485 ποιῆσαί
439 438 524 476 ποτέ
552 453 604 481 τις
627 437 834 482 κατεδέξατο
853 437 937 489 πρὸς
957 435 1111 486 ὁμήλικα

1019 279 1179 310 GENES.

1220 280 1376 310 nomn..
1414 279 1574 311 xxxin.
2047 266 2129 329 39¹

1186 362 1361 414 reliquam
1389 363 1483 401 sinas
1502 376 1576 401 esse
1592 374 1719 400 meam.
1747 360 1841 399 Num
1860 361 1927 399 hoc
1948 363 2028 413 quis
2056 378 2134 402 um.

1186 439 1294 475 quam
1315 424 1463 476 :equalis
1481 423 1594 462 aetatis
1624 423 1723 461 fratri
1757 421 1957 461 faciendum
1984 425 2134 474 censuit,

89 500 249 553 ἀδελφὸν,
263 498 348 550 ὅπερ
368 502 385 537 ὁ
401 498 622 552 πατριάρχης
638 498 723 551 πρὸς
743 497 801 536 τὸν
819 498 1021 549 ἀδελφιδοῦν
1036 485 1222 548 &meast-‘¹
1246 485 1348 553 quod·
1373 485 1492 523 fratris
1505 484 1597 552 ‘filio
1629 483 1858 553 patriarcha?
1878 485 1977 553 Nam·
2000 485 2029 523 si
2061 485 2137 538 ipse

89 559 242 607 δείξατο;
273 561 317 598 Εἰ
349 559 416 614 γὰρ
445 559 504 598 καὶ
538 559 639 603 αὐτὸς
673 557 859 612 προλαὸὼν
880 558 942 604 τὴν
963 555 1109 608 ἐκλογὴν
1136 559 1161 589 Α
1185 547 1274 584 sama
1295 560 1394 599 1³¹⁴¹¹¹⁵
1413 546 1581 584 ⁰¹⁰⁰¹¹⁰¹¹⁰
1599 560 1756 599 P¹'¹m¹¹¹¹¹
1777 546 1894 584 l⁰c⁰m
1910 546 1978 584 δώ·
1998 561 2136 586 servas·

87 620 322 671 ποιησάμενος
339 651 348 667 ,
369 619 428 658 καὶ
457 620 502 658 τὰ
533 626 689 673 πρωτεῖα
720 619 838 658 λαὸὼν
857 617 1109 671 παρεχώρησεν

89 682 209 736 ἐκείνῳ
234 681 278 720 τὰ
305 682 555 735 ὑπολειφθέντα
569 713 578 728 ,
598 682 674 734 οὐχὶ
705 682 763 720 καὶ
791 681 882 720 οὕτω
903 680 993 732 μέγα
1012 673 1054 726 ἧν
1071 678 1111 716 τὸ

89 746 172 795 παρ’
191 745 294 782 αὐτοῦ
313 743 511 794 γινόμενον;
539 741 631 780 Ἀλλ’
645 742 738 792 ὅμως
755 740 958 792 βουλόμενος
973 738 1032 776 καὶ
1049 741 1112 785 τῆς

90 805 214 855 ἀρετῆς
231 803 338 848 δεῖξαι
354 803 416 851 τὴν
433 802 627 856 ὑπερὸολὴν
638 833 648 851 ‚
665 801 724 840 καὶ
743 805 802 840 τοῦ
819 800 893 839 νέου
913 800 976 847 τὴν
996 801 1112 838 ἐπιθυ-

89 863 172 913 μίαν
200 865 407 912 ἐμπλῆσαι,
426 863 517 901 ὥστε
540 861 716 913 μηδεμίαν
737 862 806 900 ἀπὸ
838 864 897 898 τοῦ
931 863 1113 913 χωρισμοῦ

86 924 246 976 γενέσθαι
264 924 376 970 λύπης
402 923 563 976 ἀφορμὴν
575 954 584 971 ,
608 926 700 975 αὐτῷ
737 922 875 976 προθεὶς
894 922 1034 960 ἅπασαν
1050 921 1114 969 τὴν

87 983 242 1028 ἐξουσίαν
255 1014 264 1031 ,
282 985 385 1037 φησίν
400 1001 407 1008 ·
426 985 516 1023 Ἰδοὺ
534 991 632 1023 πᾶσα
648 987 670 1030 ἠ
687 987 733 1035 γῆ
750 982 903 1022 ἐναντίον
933 998 993 1021 σου
1009 998 1016 1006 ·
1039 983 1114 1021 δια-

86 1043 279 1096 χωρίσθητι
302 1047 363 1084 ἀπ’
383 1047 486 1096 ἐμοῦ,
509 1045 568 1084 καὶ
601 1044 675 1084 οἵαν
704 1045 744 1082 ἂν
768 1043 875 1095 βούλῃ
907 1046 996 1083 ἑλοῦ.
1028 1043 1113 1082 Δέον

87 1105 197 1144 τοίνυν
217 1106 274 1144 τὸν
290 1107 492 1158 ἀδελφιδοῦν
512 1105 681 1153 τοσαύτης
700 1105 888 1148 ἐπιεικείας
907 1104 1114 1158 πειραθέντα

87 1169 315 1219 ἀντιτιμῆσαι
333 1168 391 1206 τὸν
411 1167 654 1220 πατριάρχην,
674 1167 733 1205 καὶ
754 1169 886 1218 μᾶλλον
903 1167 1003 1206 αὐτὸν
1021 1169 1114 1219 αὐτῷ

86 1233 348 1283 παραχωρῆσαι
366 1233 427 1277 τῆς
449 1230 614 1283 αἱρέσεως
642 1230 706 1277 τὴν
736 1229 895 1281 ἐκλογήν.
928 1228 1113 1280 Εἶώθαμεν

87 1291 154 1344 γάρ
169 1307 242 1335 πως
258 1292 406 1335 ἅπαντες
421 1295 452 1330 οἱ
474 1292 669 1342 ἄνθρωποι,
692 1290 832 1329 ἐπειδὰν
862 1289 1114 1333 ἀντιτείνοντας

89 1353 152 1401 μὲν
169 1353 295 1402 ἴδωμεν
318 1352 396 1395 τοὺς
413 1351 603 1403 μέλλοντας
618 1351 704 1403 πρὸς
722 1355 816 1402 ἡμᾶς
827 1367 860 1388 τι
877 1351 1115 1404 διερευνᾶσθαι

88 1412 147 1450 καὶ
164 1415 439 1465 φιλονεικοῦντας
456 1419 528 1456 τοῖς
553 1413 738 1465 πρωτείοις
757 1413 945 1465 ἐπιπηδᾷν,
967 1410 1015 1463 μὴ
1037 1411 1114 1450 ἀνέ-

87 1477 211 1525 χεσθαι
229 1474 478 1518 ἐλαττοῦσθαι,
505 1472 594 1524 μηδὲ
628 1473 796 1511 ἐνδιδόναι
817 1475 946 1517 αὐτοῖς·
974 1472 1056 1510 ὅταν
1078 1471 1114 1512 δὲ

87 1539 385 1589 παραχωροῦντας
417 1534 646 1587 θεασώμεθα,
676 1535 737 1574 καὶ
759 1534 1022 1588 καθυφειμένοις
1055 1533 1114 1587 ῥή-

87 1613 174 1647 μασι
195 1597 258 1644 τὴν
278 1595 433 1641 ἐξουσίαν
454 1597 593 1635 ἅπασαν
608 1601 692 1648 ἡμῖν
708 1596 956 1649 ἐπιτρέποντας
968 1625 978 1643 ,
994 1595 1115 1648 ὥσπερ

87 1657 283 1708 αἰδούμενοι
301 1657 364 1704 τὴν
381 1657 514 1704 πολλὴν
528 1657 735 1706 ἐπιείκειαν,
752 1657 812 1696 καὶ
826 1659 889 1703 τ’ἧς
905 1655 1115 1709 φιλονεικίας

87 1718 330 1771 ἀφιστάμεθα,
369 1719 428 1757 καὶ
459 1719 566 1758 πάλιν
597 1719 881 1772 ἀντιστρέφοντες
907 1724 1022 1757 πᾶσαν
1049 1717 1112 1764 τὴν

87 1779 242 1823 ἐξουσίαν
269 1783 573 1833 παραχωροῦμεν,
593 1780 658 1817 κᾶν
683 1779 838 1818 ἐλάττων
865 1771 953 1816 εἶναι
984 1779 1068 1829 δοκῇ
1096 1781 1115 1816 ὃ

86 1840 172 1892 πρὸς
189 1843 283 1891 ἡμᾶς
300 1840 574 1893 διερευνώμενος.
593 1839 766 1893 Ὀφείλων
782 1839 896 1878 τοίνυν
916 1838 975 1877 καὶ
993 1841 1011 1876 ὃ
1031 1837 1115 1876 Λὼτ

87 1901 144 1939 ἐπὶ
170 1905 230 1939 τοῦ
264 1901 482 1954 πατριάρχου
509 1905 610 1939 τοῦτο
645 1900 926 1953 διαπράξασθαι,
956 1898 1114 1951 καθάπερ

87 1962 240 2009 νεοστὸς,
260 1962 318 2000 καὶ
342 1963 410 2000 ὑπὸ
430 1965 492 2008 τῆς
508 1967 567 2000 τοῦ
584 1961 739 2004 πλείονος
761 1960 946 2011 ἐπιθυμίας
975 1959 1115 2004 ἐξελκό-

88 2037 206 2072 μενος,
231 2029 302 2066 τοῖς
331 2022 514 2075 πρωτείοις
539 2023 716 2074 ἐπιπηδᾷ,
738 2024 785 2066 ὡς
805 2021 959 2072 ἐνόμιζε,
976 2021 1036 2058 καὶ
1051 2019 1114 2067 τὴν

87 2082 233 2134 ἐκλογὴν
270 2089 434 2122 ποιεῖται.
470 2083 539 2121 Καὶ
579 2082 730 2136 ἐπάρας,
768 2081 853 2134 φησὶ
868 2111 878 2129 ,
917 2081 1005 2120 Λὼτ
1035 2080 1115 2124 τοὺς

87 2143 283 2196 ὀφθαλμοὺς
300 2146 422 2189 αὐτοῦ,
437 2137 506 2182 εἶδε
524 2149 642 2181 πᾶσαν
661 2143 725 2190 τὴν
739 2142 936 2195 περίχωρον
954 2146 1015 2180 τοῦ
1026 2141 1116 2193 Ἰορ-

88 2205 209 2252 δάνου,
225 2205 278 2243 ὅτι
297 2211 394 2244 πᾶσα
414 2199 456 2251 ἧν
471 2203 681 2255 ποτιζομένη
705 2203 774 2255 πρὸ
791 2208 852 2242 τοῦ
875 2202 1115 2255 καταστρέψαι

88 2267 145 2305 τὸν
161 2266 251 2305 Θεὸν
267 2266 407 2317 Σόδομα
426 2265 486 2304 καὶ
506 2265 671 2319 Γόμοῤῥα
702 2268 749 2310 ὡς
770 2269 788 2303 δ
816 2263 1026 2316 παράδεισος
1054 2266 1115 2302 τοῦ

87 2328 180 2364 Θεοῦ
192 2357 202 2373 ,
220 2326 278 2364 καὶ
297 2329 343 2371 ὡς
358 2331 380 2374 ἠ
397 2329 441 2379 γῆ
460 2326 656 2378 Αἰγύπτου,
675 2325 739 2369 ἕως
757 2326 866 2364 ἐλθεῖν
889 2326 938 2368 εἷς
965 2324 1114 2375 Ζόγορα.

89 2388 159 2426 Καὶ
213 2388 388 2433 ἐξελέξατο
428 2392 540 2441 ἑαυτῷ
580 2388 665 2428 Λὼτ
701 2395 818 2427 πᾶσαν
856 2386 919 2434 τὴν
958 2387 1114 2440 περίχω-

91 2464 146 2501 ρον
180 2453 240 2487 τοῦ
263 2448 454 2500 Ἰορδάνου,
486 2449 546 2487 καὶ
573 2451 687 2501 ἀπ’ἧρε
717 2448 800 2487 Λὼτ
828 2449 898 2488 ἀπὸ
925 2450 1115 2496 ἀνατολῶν,

89 2509 148 2547 καὶ
178 2510 454 2562 διεχωρίσθησαν
475 2509 620 2554 ἕκαστος
649 2510 718 2548 ἀπὸ
739 2514 799 2549 τοῦ
829 2511 978 2562 ἀδελφοῦ
997 2511 1115 2548 αὐτοῦ.

89 2564 190 2613 Εἶδες
221 2573 283 2616 τῆς
315 2572 440 2622 ἀρετῆς
461 2576 520 2610 τοῦ
541 2571 674 2610 δικαίου
699 2572 761 2619 τὴν
784 2571 1000 2623 ὗπερὸολὴν,
1022 2569 1116 2615 ὅπως

89 2631 127 2668 οὐ
147 2630 388 2683 συνεχώρησεν
403 2631 480 2669 οὐδὲ
502 2634 699 2683 βλαστῆσαι
712 2631 774 2680 τὴν
792 2632 887 2684 ῥίζαν
898 2634 960 2679 τ’ῆς
973 2631 1116 2677 κακίας,

90 2691 169 2729 ἀλλ’
189 2691 311 2735 εὐθέως
342 2692 401 2730 καὶ
422 2691 465 2729 τὰ
498 2692 669 2743 μέλλοντα
700 2693 847 2746 φύεσθαι
875 2694 1028 2732 κάτωθεν
1045 2692 1118 2737 ἐξέ-

91 2767 174 2801 τεμε
204 2752 263 2790 καὶ
293 2752 442 2804 ἠφάνισε
456 2769 464 2777 ·
493 2755 607 2806 πολλῇ
624 2757 666 2806 τῇ
689 2754 858 2808 ἐπιεικείᾳ
875 2754 1116 2807 χρησάμενος,

90 2812 149 2849 καὶ
169 2812 211 2849 δι’
234 2812 359 2865 ἀρετὴν
390 2817 459 2852 τῶν
484 2815 599 2852 ἄλλων
626 2815 817 2868 ὑπεροψίαν
837 2816 968 2868 ἄφατον
983 2815 1116 2854 ἐπιδει-

92 2872 253 2922 ξάμενος,
276 2873 335 2911 καὶ
355 2874 485 2918 δεικνὺς
501 2875 629 2914 ἅπασιν
648 2876 742 2921 ὅπως
770 2877 888 2924 πάσης
907 2878 1000 2929 αὐτῷ
1017 2892 1116 2928 περι-

92 2931 207 2976 ουσίας
228 2935 462 2986 προτιμοτέρα
489 2936 654 2988 τυγχάνει
674 2941 696 2984 ἢ
717 2937 838 2992 εἰρήνη
852 2969 861 2986 ,
881 2937 939 2976 καὶ
966 2938 1006 2976 τὸ
1021 2939 1116 2989 φιλο-

91 2992 220 3036 νεικίας
240 2995 488 3047 ἀπηλλάχθαι;
505 2995 583 3034 Ἵνα
614 2997 682 3051 γὰρ
711 2999 759 3050 μή
795 3015 848 3043 τις
872 3000 1034 3050 καταγνῷ
1055 3001 1116 3036 τοῦ

93 3053 227 3091 δικαίου
247 3056 293 3097 ὡς
315 3055 513 3106 ἀγνώμονος
532 3057 714 3108 γενομένου
743 3058 823 3111 περὶ
844 3059 902 3098 τὸν
922 3058 1026 3106 Λὼτ,
1056 3058 1116 3096 καὶ

92 3113 145 3152 ὅτι
177 3114 306 3153 οἴκοθεν
331 3116 430 3154 αὐτὸν
458 3118 674 3165 ἀναστήσας,
704 3120 764 3158 καὶ
798 3118 937 3171 ἀγαγὼν
969 3120 1027 3158 ἐπὶ
1053 3123 1115 3166 τῆς

95 3174 297 3227 ἀλλοτρίας,
330 3176 494 3216 ἐκῧοίλλει
516 3182 577 3226 τῆς
611 3181 745 3228 οἰκίας,
778 3179 865 3231 μηδὲ
901 3179 1027 3232 νομίσῃ
1064 3198 1116 3225 τις
1139 3192 1162 3222 E

96 3235 282 3287 ἀπεχθείας
301 3238 402 3276 αὐτὸν
423 3238 537 3278 ἕνεκεν
556 3245 667 3279 ταῦτα
687 3242 914 3295 ἐργάζεσθαι,
933 3241 1023 3280 ἀλλὰ
1045 3241 1116 3294 μά-

96 3299 209 3345 θωμεν
227 3295 394 3345 ἅπαντες,
410 3299 464 3337 ὅτι
483 3301 620 3352 εἰρήνης
639 3302 867 3354 ἀντεχόμενος
885 3307 996 3343 ταῦτα
1009 3310 1117 3351 ποιεῖ,

97 3355 153 3393 διὰ
173 3360 272 3395 τοῦτο
294 3359 352 3396 καὶ
368 3359 430 3407 τὴν
449 3362 597 3413 ἐκλογὴν
619 3365 712 3415 αὐτῷ
730 3363 980 3417 παρεχώρησε,
997 3365 1057 3402 καὶ
1075 3364 1119 3402 τὰ

99 3423 252 3467 πρωτεῖα
271 3419 400 3458 ἐκείνου
428 3422 591 3472 ἑλομένου
612 3425 674 3462 οὐκ
691 3424 937 3477 ἐδυσχέρανεν,
956 3424 1012 3463 ἵνα
1033 3425 1119 3463 ποίν-

99 3492 153 3520 τις
170 3479 291 3517 εἰδέναι
312 3480 446 3532 ἔχωμεν
467 3487 528 3530 τῆς
559 3488 617 3523 τοῦ
638 3485 770 3523 δικαίου
790 3485 931 3537 γνώμης
954 3484 992 3522 τὸ
1023 3485 1121 3537 φιλά-

1184 616 1249 657 set,
1273 607 1569 658 concessissctquc
1598 607 1651 645 illi
1681 608 1831 660 reliqua,
1861 621 1975 646 nonne
2005 617 2039 647 ct
2067 608 2135 647 hoe

1184 677 1287 720 pacto
1319 681 1488 719 magnum
1518 667 1690 718 quiddam
1724 669 1891 706 fecisset?
1912 671 1957 706 At
1985 669 2136 721 ingentis

1183 729 1329 767 virtutis
1348 742 1419 766 sua:
1438 728 1614 781 specimen
1643 729 1836 778 exhibere,
1854 738 1887 767 ct
1916 729 2135 769 desiderium

1180 789 1324 842 juvenis
1343 789 1486 842 explere
1510 789 1667 838 volebat,
1684 789 1731 826 ita
1751 798 1789 826 ut
1809 790 1905 827 nulla
1931 804 1975 829 ex
1995 805 2136 843 separa-

1184 849 1277 888 tione
1296 858 1498 888 nascerctur
1517 849 1678 887 moeroris
1698 849 1849 899 occasio,
1881 850 1974 888 unde
1998 851 2029 889 ci
2049 866 2137 904 pro-

1186 911 1300 964 posita
1320 919 1490 964 potestate
1514 910 1630 958 omni,
1647 909 1753 947 dicit:
1768 911 1871 947 Ecce
1892 914 2015 949 omnis
2035 921 2137 950 terra

1187 987 1318 1010 coram
1347 981 1383 1011 te
1399 987 1410 1008 .·
1427 985 1608 1025 separare
1626 985 1651 1010 a
1671 985 1744 1018 me,
1766 979 1800 1008 ct
1819 972 1961 1022 qualem
1986 973 2138 1011 volueris

1186 1043 1318 1072 terram
1347 1033 1451 1085 elige.
1485 1032 1683 1086 Oportebat
1710 1030 1822 1084 igitur
1855 1033 1974 1071 fratris
2003 1033 2136 1082 filium,

1187 1108 1268 1133 cnm
1287 1104 1420 1133 tantam
1438 1093 1660 1147 experiretur
1678 1092 1881 1144 aequitatem
1909 1093 2135 1145 patriarchze,

1187 1170 1308 1209 parem
1329 1154 1520 1209 rependere
1541 1155 1726 1204 honorem,
1747 1162 1781 1191 et
1800 1154 1830 1192 ei
1850 1155 1969 1207 potius
1988 1155 2136 1193 liberam

1185 1217 1394 1256 electionem
1414 1216 1616 1256 concedere.
1637 1215 1800 1254 Solemus
1816 1216 1910 1254 enim
1928 1217 2037 1255 scrme
2052 1231 2137 1255 cun-

1186 1278 1232 1317 cti
1247 1278 1419 1328 homines,
1431 1278 1458 1317 si
1471 1278 1691 1317 obluctantes
1703 1276 1888 1316 videamus
1904 1277 2139 1328 adversarios,

1184 1354 1226 1378 ac
1255 1340 1503 1379 contendentes
1534 1339 1571 1378 in
1599 1339 1759 1393 primum
1789 1339 1906 1378 locum
1937 1340 2137 1390 ascendere,

1185 1415 1254 1439 non
1273 1401 1364 1439 ferre
1384 1415 1446 1439 nos
1466 1400 1647 1439 inferiores
1667 1414 1752 1450 esse,
1778 1414 1891 1451 neque
1915 1401 1964 1439 eis
1992 1401 2138 1440 cedere:

1185 1476 1274 1514 quos
1293 1462 1322 1500 si
1343 1461 1466 1501 cedere
1495 1460 1707 1512 viderimus,
1735 1470 1767 1499 et
1801 1461 2000 1500 humilibus
2019 1462 2139 1501 verbis

1185 1532 1395 1576 potestatem
1410 1537 1551 1562 omnem
1567 1523 1671 1561 nobis
1689 1522 1906 1576 permittere,
1924 1523 2025 1575 quasi
2040 1538 2141 1562 reve-

1185 1594 1300 1624 rentes
1313 1599 1481 1638 magnam
1496 1583 1819 1633 mansuetudinem,
1836 1593 1869 1622 et
1883 1599 1903 1622 a
1920 1585 2140 1623 contentione

1186 1646 1406 1697 desistimus,
1424 1655 1459 1684 et
1479 1646 1558 1684 vice
1575 1659 1677 1683 versa
1704 1659 1845 1683 omnem
1864 1654 2074 1698 potestatem
2087 1646 2141 1683 eis

1186 1707 1428 1755 concedimus,
1453 1706 1593 1745 etiamsi
1618 1706 1736 1744 minor
1755 1720 1828 1744 esse
1846 1705 2014 1744 videatur
2029 1707 2060 1744 is
2077 1707 2140 1757 qui

1187 1770 1372 1808 nobiseum
1389 1769 1518 1820 litigat.
1532 1768 1622 1805 Cum
1641 1766 1784 1805 deberet
1796 1766 1908 1819 igitur
1921 1776 1953 1804 et
1975 1769 2041 1805 Lot
2057 1781 2138 1805 cum

1186 1829 1390 1883 patriarcha
1411 1829 1478 1867 hoc
1502 1829 1617 1866 facere
1629 1843 1640 1878 3
1664 1827 1724 1865 ille
1743 1836 1860 1866 tamen
1891 1837 2014 1881 utpote
2031 1829 2140 1881 juve-

1186 1892 1256 1941 nis,
1279 1899 1314 1929 et
1342 1890 1468 1942 majori
1499 1888 1783 1941 concupiscentia
1815 1897 1962 1939 tractus,
1983 1890 2140 1942 potiores

1186 1961 1264 1990 tum
1284 1951 1354 1990 sibi
1369 1950 1465 1988 visas
1484 1959 1602 2003 partes
1617 1949 1760 2001 arripit,
1774 1958 1807 1987 et
1821 1949 2028 1988 electionem
2043 1951 2139 1989 facit.

1188 2014 1249 2051 10.
1267 2014 1321 2051 Et
1336 2012 1516 2058 sublatis,
1536 2010 1664 2061 inquit,
1683 2011 1755 2047 Lot
1778 2011 1900 2048 oculis
1919 2014 2013 2058 suis,
2037 2013 2140 2049 vidit

1187 2088 1340 2112 omnem
1355 2075 1549 2125 regionem
1566 2074 1672 2109 circa
1689 2071 1919 2119 Jordanem,
1937 2075 2044 2125 quod
2059 2083 2141 2112 tota

1186 2142 1285 2172 esset
1297 2135 1461 2185 irrigua,
1474 2140 1686 2183 antequam
1700 2132 1894 2170 Dominus
1907 2135 2142 2172 subverteret

1186 2196 1354 2234 Sodoma
1373 2202 1411 2233 et
1436 2193 1670 2240 Gomorrha,
1694 2195 1808 2244 quasi
1827 2194 1961 2232 hortus
1988 2196 2077 2243 Dei,
2105 2205 2141 2234 et

1186 2259 1286 2295 sicut
1317 2263 1422 2294 terra
1451 2255 1614 2306 AE'gypti
1647 2266 1767 2305 usque
1794 2254 1886 2291 dnm
1913 2259 2073 2294 venitur
2100 2259 2144 2294 in

1187 2319 1221 2355 Z
1225 2331 1356 2370 ogora.
1373 2318 1437 2354 11.
1452 2316 1507 2354 Et
1525 2315 1640 2366 elegit
1659 2316 1734 2352 sibi
1749 2316 1820 2353 Lot
1851 2330 2003 2354 omnem
2037 2321 2144 2356 circa

1187 2379 1402 2418 Jordanem
1415 2378 1622 2428 regionem,
1634 2383 1671 2413 et
1685 2379 1840 2414 recessit
1856 2378 1930 2414 Lot
1943 2379 1993 2415 ab
2009 2380 2143 2417 Orien-

1189 2449 1238 2487 te,
1262 2441 1454 2491 divisique
1479 2444 1570 2475 sunt
1597 2444 1757 2489 uterque
1773 2451 1797 2474 a
1805 2439 1942 2490 fratre
1966 2453 2045 2476 5110.
2071 2441 2140 2479 Vi—

1186 2502 1272 2541 disti
1283 2500 1373 2554 justi
1389 2500 1560 2539 virtutem
1575 2498 1769 2550 ingentem,
1784 2499 1964 2549 quomodo
1983 2500 2141 2539 radicem

1188 2562 1333 2601 malitiae
1355 2575 1398 2599 ne
1417 2559 1616 2612 germinare
1633 2558 1780 2609 quidem
1801 2560 1973 2611 permisit,
1994 2560 2055 2598 scd
2068 2571 2141 2599 sta—

1188 2624 1254 2662 tim
1275 2637 1356 2662 cum
1371 2623 1446 2674 jam
1467 2620 1633 2668 oriretur,
1653 2618 1814 2657 funditus
1834 2621 1990 2659 exsecuit
2004 2631 2036 2659 et
2054 2622 2140 2660 abo-

1188 2686 1290 2736 levit,
1311 2684 1424 2723 multa
1446 2696 1531 2720 usus
1551 2680 1710 2729 lenitate,
1732 2689 1764 2718 et
1784 2680 1929 2719 virtutis
1948 2697 2052 2721 causa
2075 2698 2140 2722 ezc-

1187 2757 1344 2786 terarum
1380 2758 1499 2782 rerum
1538 2754 1718 2780 summum
1753 2751 1968 2781 contemtum
2001 2759 2074 2797 prae
2105 2760 2141 2784 se

1188 2811 1317 2857 serens,
1333 2806 1586 2854 declaransque
1613 2801 1794 2851 omnibus,
1819 2804 1996 2853 quomodo
2016 2820 2139 2858 pacem
2156 2798 2164 2803 -

1187 2871 1334 2918 habere,
1351 2877 1384 2906 et
1399 2881 1419 2904 a
1436 2864 1656 2904 contentione
1675 2863 1834 2913 liberari,
1854 2864 1891 2902 id
1907 2866 2021 2918 pluris
2040 2868 2137 2907 saee-

1188 2942 1241 2970 ret
1269 2944 1378 2982 quam
1412 2940 1532 2966 omnes
1564 2925 1774 2962 facultates?
1798 2926 1889 2963 Nam
1920 2936 1959 2964 ut
1987 2942 2030 2966 ne
2058 2930 2139 2980 quis

1188 2992 1396 3032 condemnet
1411 2991 1550 3042 justum
1568 2985 1667 3037 quasi
1685 2986 1864 3037 ingratum
1887 2988 1979 3027 circa
2002 2990 2082 3039 Lot,
2105 3001 2137 3029 et

1188 3053 1285 3106 qnod
1300 3066 1405 3104 quem
1423 3065 1441 3088 c
1455 3048 1562 3087 domo
1581 3061 1643 3085 sua
1662 3046 1834 3086 eduxerat
1849 3048 1884 3086 in
1906 3058 2035 3089 terram
2052 3053 2138 3091 alic-

1187 3131 1284 3165 nam,
1306 3128 1399 3153 nunc
1425 3126 1445 3149 a
1466 3108 1729 3149 cohabitatione
1747 3109 1901 3161 ejiceret,
1923 3125 2011 3149 neve
2039 3123 2136 3165 putet

1190 3178 1308 3230 ipsum
1328 3172 1598 3213 inimicitiarum
1618 3170 1731 3222 gratia
1759 3170 1834 3208 haec
1865 3172 1997 3220 facere,
2018 3174 2078 3212 sed
2100 3185 2138 3214 ut

1189 3239 1367 3277 discamus
1385 3246 1506 3272 omnes
1521 3246 1557 3269 se
1574 3231 1672 3284 pacis
1687 3231 1807 3269 studio
1825 3232 1898 3271 ha‘c
1915 3234 2040 3283 faeere,
2060 3236 2138 3274 ideo

1192 3309 1223 3338 et
1242 3297 1445 3336 electionem
1474 3293 1503 3331 ei
1527 3291 1719 3341 concessit,
1743 3306 1855 3343 neque
1885 3294 2029 3332 moleste
2059 3297 2139 3334 tulit

1193 3358 1288 3411 quod
1318 3356 1433 3409 prima
1460 3355 1584 3402 ferret,
1614 3361 1653 3390 ut
1681 3353 1848 3390 omnibus
1881 3364 2002 3393 notum
2036 3357 2137 3399 foret.

1194 3417 1372 3471 quomodo
1390 3430 1486 3454 mcns
1501 3429 1564 3453 sna
1579 3413 1624 3452 ad
1643 3413 1740 3467 pacis
1757 3414 1981 3466 caritatisque
1994 3431 2140 3469 scopum

1195 3488 1367 3534 spectaret
1398 3476 1633 3530 potissimum.
1656 3475 1825 3513 Praeterea
1847 3485 1880 3513 et
1901 3477 1997 3515 aliud
2025 3478 2140 3527 quod-
