2516 3791
165 642 284 670 Nullum

99 690 213 719 tempus
249 683 284 711 ad

97 725 251 760 Scriptura:

97 765 250 791 lecimus-m

98 807 262 832 incommo-

96 847 177 873 dum.

298 171 388 229 408
716 190 735 220 s
745 211 752 219 .

297 267 399 306 nobis
417 269 582 308 omnibus
600 269 723 310 doctor
744 272 822 320 fiat,
841 282 916 309 tum
932 271 1111 323 privatam
1135 268 1244 305 vitam

296 329 522 379 sectantibus,
535 339 611 368 tum
623 331 758 369 militiae
771 331 970 382 adscriptiS,
981 338 1059 366 tum
1071 327 1244 378 dignitate

296 397 331 426 et
346 389 477 428 honore
491 391 660 442 praeditis,
677 401 711 429 et
724 401 763 429 ut
779 392 814 428 iu
832 405 972 428 summa
984 389 1119 436 djcam‚
1132 387 1245 426 omni-

295 449 362 487 bus
382 464 452 488 non
472 451 559 488 viris
580 451 709 500 solum,
729 450 790 488 sed
811 460 844 488 et
860 450 1085 498 mulieribus,
1108 459 1149 487 ut
1167 462 1246 499 quae

296 509 436 547 assidue
465 511 563 548 domi
587 521 793 548 versentur:
813 511 900 562 quin
919 514 1025 549 etiam
1050 511 1094 549 iis
1124 510 1248 548 doctor

296 570 403 606 fuerit
424 570 482 619 qui
499 570 610 607 vitam
632 572 861 609 monasticam
882 571 1101 623 delegerunt,
1123 580 1163 609 ut
1180 570 1246 609 di-

298 638 395 666 scant
413 644 534 668 omnes
553 631 691 669 nullum
712 646 786 670 esse
813 642 953 685 tempus
971 633 1019 671 ad
1036 632 1246 670 divinorum

297 689 518 740 eloquiorum
544 691 730 730 lectionem
758 693 1042 742 incommodum,
1071 693 1134 732 sed
1166 693 1244 731 fieri

296 764 411 802 posse,
432 761 471 789 ut
498 766 568 790 non
594 753 710 791 solum
728 754 838 804 domi,
858 755 1092 793 verumetiam
1112 754 1147 791 in
1167 755 1244 791 foro

298 821 488 863 versantes,
503 822 537 850 et
553 813 617 851 iter
636 814 816 862 facientes,
841 815 922 853 etin
942 815 1138 852 multorum
1152 824 1243 852 coetu

295 882 448 923 agentes,
461 887 501 911 ac
514 874 622 911 variis
638 876 787 926 negotiis
801 876 966 928 impliciti
977 876 1108 914 horum
1124 875 1243 913 studio

294 943 488 982 teneamur,
506 943 546 972 ut
560 949 638 986 quae
653 950 672 973 a
690 936 792 974 nobis
806 936 1008 988 praestanda
1026 945 1108 974 sunt
1127 937 1242 975 confe-

293 1003 418 1042 rentes,
447 995 517 1033 cito
546 996 758 1047 magistrum
787 997 1043 1049 adipiscamur.
1066 998 1242 1036 Dominus

292 1056 385 1093 euim
400 1056 525 1095 videns
540 1067 699 1095 nostrum
713 1058 760 1096 ad
773 1073 827 1096 res
847 1059 1048 1111 spirituales
1062 1060 1241 1109 affectum,

293 1130 362 1154 non
379 1117 546 1169 negliget,
563 1118 625 1156 sed
644 1132 832 1170 supernam
849 1119 1123 1158 illustrationem
1142 1134 1240 1173 prae-

290 1177 401 1225 bebit,
415 1193 455 1216 ac
466 1188 625 1217 nostrum
637 1180 855 1218 illuminabit
865 1181 1036 1221 animum.
1046 1183 1098 1221 Ne
1111 1183 1236 1233 igitur,

290 1238 446 1287 obsecro,
475 1240 741 1292 Scripturarum
770 1241 955 1280 lectionem
987 1243 1210 1294 negligamus
1229 1260 1237 1280 ε

290 1313 415 1336 verum
431 1299 505 1338 sive
515 1314 653 1350 eorum,
670 1315 746 1352 quae
761 1301 818 1340 his
836 1303 1072 1353 continentur,
1086 1304 1159 1343 vim
1181 1304 1239 1342 in-

289 1359 504 1411 telligamus,
521 1361 597 1399 sive
616 1361 829 1413 ignoremus,
844 1363 904 1401 illa
919 1365 1120 1415 frequenter
1134 1365 1238 1404 adea-

288 1433 380 1456 mus.
401 1418 555 1457 Assidua
575 1420 670 1458 enim
694 1420 877 1458 meditatio
899 1423 1108 1460 memoriam
1130 1424 1239 1461 efficit

288 1476 512 1515 indelebilem
529 1494 536 1515 :
561 1487 593 1516 et
616 1492 684 1516 non
700 1493 781 1516 raro
800 1478 931 1525 ex‘enit,
953 1489 992 1516 ut
1012 1480 1107 1530 quod
1131 1481 1238 1519 hodie

287 1537 444 1575 invenire
456 1552 523 1576 non
538 1536 721 1590 potuimus
739 1538 908 1588 legentes,
925 1539 993 1576 hoc
1011 1555 1155 1578 rursum
1171 1555 1236 1592 po-

286 1603 376 1631 stero
396 1594 455 1632 die
473 1595 729 1646 aggredientes,
745 1607 888 1649 repente
905 1599 1142 1649 inveniamus,
1160 1603 1235 1639 Deo

286 1653 450 1692 videlicet
469 1670 532 1706 pro
550 1670 613 1694 sua
632 1657 816 1695 clementia
836 1659 973 1697 occulte
993 1669 1145 1699 mentem
1168 1676 1235 1699 no-

284 1725 396 1753 stram
408 1716 623 1755 illustrante.
643 1719 817 1756 Caeterum
837 1719 903 1756 ista
918 1719 965 1758 ad
980 1721 1161 1759 assiduam
1178 1723 1235 1761 di-

284 1775 447 1812 x‘inarum
469 1776 736 1828 Scripturarum
759 1777 947 1816 lectionem
972 1780 1236 1832 suscipiendam

281 1833 462 1872 diximus:
478 1844 516 1872 ut
532 1845 650 1873 autem
666 1835 812 1874 discatis
833 1836 868 1873 in
891 1836 971 1874 aliis
987 1837 1095 1876 etiam
1112 1840 1234 1878 omni-

282 1895 349 1932 bus
374 1895 441 1933 hoc
458 1896 652 1934 Dominum
681 1897 794 1935 facere
824 1899 1058 1948 consuevisse,
1086 1909 1126 1938 ut
1153 1915 1236 1940 cum

284 1969 359 2004 quae
376 1969 394 1991 a
411 1956 513 1994 nobis
533 1965 616 1994 sunt
632 1957 900 2007 contulerimus,
917 1958 993 2010 ipse
1011 1972 1074 1996 sua
1093 1960 1236 1999 abunde

284 2016 500 2067 suppeditet,
517 2027 550 2054 et
568 2017 663 2068 quod
679 2018 715 2055 in
737 2018 1006 2070 Scripturarum
1021 2019 1171 2060 lectione
1185 2023 1234 2061 fe·

285 2077 347 2126 cit,
375 2077 487 2114 multa
520 2091 601 2115 cum
628 2078 804 2116 celeritate
835 2079 942 2117 misso
970 2079 1018 2117 ad
1040 2081 1235 2121 barbarum

283 2136 438 2185 doctore,
457 2137 525 2174 hoc
559 2147 591 2175 ct
609 2138 645 2175 in
665 2138 709 2175 iis
729 2139 789 2188 qui
809 2138 978 2177 virtutem
995 2154 1156 2180 exercere
1169 2157 1235 2181 vo-

285 2197 362 2234 lunt
378 2197 522 2245 efficiat,
540 2197 625 2235 audi
641 2213 717 2249 quae
733 2199 918 2237 dicuntur.
939 2202 1077 2240 Verum
1100 2212 1139 2241 ut
1155 2218 1235 2242 ma-

284 2258 443 2296 nifestior
455 2258 555 2297 nobis
569 2260 633 2297 istc
645 2273 758 2297 sermo
769 2259 951 2306 reddatur,
964 2273 1235 2304 consentaneum

284 2319 389 2357 suerit
416 2334 560 2357 rursum
591 2334 668 2371 quae
692 2320 737 2358 ad
762 2321 1004 2373 patriarcham
1030 2325 1180 2364 attinent
1200 2327 1235 2365 in

286 2380 443 2418 medium
460 2381 647 2431 adducere,
667 2391 700 2420 et
719 2396 795 2433 quae
811 2382 887 2420 heri
903 2383 998 2421 dicta
1013 2385 1236 2437 subsequun-

287 2450 343 2477 tur
362 2454 455 2478 nunc
469 2454 656 2479 assumere.
678 2440 902 2492 Cognovistis
922 2442 1017 2480 enim
1030 2457 1075 2480 ex
1086 2444 1163 2496 jam
1176 2445 1236 2483 di-

285 2502 362 2549 ctis,
376 2501 556 2552 quomodo
568 2501 733 2539 maximae
745 2501 842 2539 illius
852 2501 1066 2542 humilitatis
1078 2519 1160 2557 erga
1170 2507 1238 2545 Lot

286 2561 467 2608 exhibitae,
484 2575 553 2611 qua
569 2560 623 2597 illi
640 2559 839 2612 potioribus
853 2561 1017 2613 partibus
1030 2564 1146 2611 cessit,
1161 2580 1236 2604 ma-

285 2636 392 2673 gnam
410 2636 430 2658 a
450 2623 523 2659 Deo
542 2620 740 2659 mercedem
761 2622 805 2659 sit
831 2633 1080 2674 consequutus,
1101 2634 1134 2663 et
1152 2641 1236 2679 pro-

284 2683 487 2720 missionem
508 2681 681 2734 acceperit
702 2682 807 2734 longe
825 2682 938 2735 ipsius
955 2684 1049 2722 facta
1066 2699 1235 2738 superan-

283 2753 369 2781 tem.
384 2743 580 2782 Videamus
605 2753 724 2782 autem
748 2743 914 2796 deinceps
929 2745 1034 2783 etiam
1060 2761 1104 2784 ex
1128 2748 1235 2787 hodic

285 2805 384 2841 lectis
402 2818 541 2841 rursum
560 2803 767 2856 ipsiusjusti
786 2805 966 2854 virtutem,
986 2816 1027 2844 ut
1044 2807 1092 2845 ita
1109 2823 1233 2861 proce-

284 2864 406 2902 dentes
421 2864 598 2901 discamus
616 2864 832 2902 ineffabilem
849 2865 914 2903 Dei
933 2880 1015 2918 erga
1031 2867 1134 2906 illum
1149 2883 1232 2921 pro-

285 2925 494 2962 videntiam.
512 2925 581 2961 Nos
599 2924 691 2961 enim
711 2938 831 2962 omncs
845 2940 909 2977 per
924 2927 1135 2978 patriarcbae
1149 2930 1233 2981 phi-

285 2985 484 3037 losophiam
500 2985 639 3031 docem,
661 2985 744 3022 sinit
763 2986 879 3037 ipsum
900 3001 963 3038 per
984 2987 1124 3040 singula
1145 2999 1230 3029 tem-

286 3062 369 3098 pora
392 3047 490 3099 prius
507 3045 747 3084 demonstrare
765 3047 873 3085 animi
892 3049 1073 3100 pietatem,
1096 3060 1129 3089 et
1149 3061 1230 3090 tnnc

285 3123 382 3145 suam
404 3109 505 3145 affert
526 3108 853 3155 remunerationem,
881 3118 918 3146 ut
938 3119 971 3147 ct
999 3125 1061 3149 nos
1078 3112 1229 3164 patriar-

283 3170 385 3206 cham
401 3168 577 3206 imitantes
588 3167 743 3205 studiose
757 3168 961 3207 adnitamur
976 3171 1074 3222 prius
1087 3172 1230 3210 virtutis

283 3231 418 3268 labores
447 3242 636 3280 capessere,
667 3238 771 3279 atquc
796 3229 840 3266 ita
862 3230 906 3266 al)
930 3230 1005 3282 ipso
1031 3246 1228 3271 remunera-

284 3288 386 3326 tionis
407 3302 419 3323 x
433 3288 517 3324 icem
539 3297 750 3338 exspectare.

337 3351 369 3385 3.
394 3348 460 3386 Sed
496 3357 632 3398 tempus
650 3356 695 3384 cst
710 3377 718 3392 ,
744 3357 777 3384 ut
797 3364 873 3397 quw
905 3350 1010 3389 hodic
1026 3352 1113 3391 lectu
1132 3365 1225 3405 sunt,

792 190 976 220 JOANMS
1012 187 1252 219 ciim'sos'r.
1289 187 1496 218 ARCfflEP.
1536 184 1891 220 CONSTANTINOP-

1314 268 1490 318 γενέσθαι,
1508 270 1567 308 καὶ
1587 275 1657 313 τοῖς
1678 270 1735 309 τὸν
1757 272 1928 310 ἰδιωτικὸν
1951 272 2023 323 βίον
2044 272 2337 325 ἐπανηρημένοις,

1314 328 1373 366 καὶ
1389 335 1459 372 τοῖς
1479 332 1514 368 ἐν
1530 338 1677 384 στρατιᾷ
1699 333 1994 383 κατειλεγμένοις,
2011 334 2069 372 καὶ
2084 336 2119 372 ἐν
2131 334 2339 387 περιτρανεία

1314 389 1547 441 τυγχάνουσι,
1558 391 1617 429 καὶ
1631 398 1737 431 πᾶσιν
1751 392 1965 437 ἁπαξαπλῶς
1978 395 2041 431 οὐκ
2060 394 2236 446 ἀνδράσιν,
2250 393 2341 432 ἀλλὰ

1316 450 1375 488 καὶ
1393 451 1556 502 γυναιξὶν,
1577 452 1648 505 ὅσῳ
1685 453 1745 491 καὶ
1781 454 1946 500 διηνεκῶς
1967 454 2055 492 οἴκοι
2087 455 2342 508 &carpiano-w,

1318 512 1409 550 ἀλλὰ
1428 512 1488 550 καὶ
1503 519 1573 557 τοῖς
1591 514 1649 552 τὸν
1669 515 1860 566 μοναχικὸν
1881 514 1952 565 βίον
1973 516 2247 568 ἕπανηρημένοις
2260 545 2269 563 ,
2283 515 2341 554 ἵνα

1319 573 1518 622 μανθάνωσι
1531 573 1676 621 πάντες,
1696 576 1742 617 ὡς
1765 575 1873 618 οὐδεὶς
1891 575 2009 627 καιρὸς
2042 575 2189 626 κώλυμα
2209 576 2340 626 γίνεται

1316 633 1402 684 πρὸς
1419 632 1482 679 τὴν
1502 636 1570 671 τῶν
1590 634 1688 673 θείων
1706 635 1832 685 λογίων
1854 635 2047 686 ἀνάγνωσιν
2059 665 2068 682 ,
2090 636 2181 674 ἀλλὰ
2197 636 2339 674 δυνατὸν

1317 693 1365 743 μὴ
1388 695 1489 744 μόνον
1510 695 1566 733 ἐπὶ
1587 696 1715 742 οἰκίας,
1736 696 1825 735 ἀλλὰ
1856 697 1916 734 καὶ
1941 699 1996 735 ἐπ’
2020 700 2147 748 ἀγορᾶς
2181 696 2342 747 βαδίζον-

1315 770 1400 800 τας,
1433 755 1492 793 καὶ
1524 756 1721 809 ὁδοιπορίαν
1742 757 1992 808 ποιουμένους,
2021 757 2083 795 καὶ
2113 759 2148 794 ἐν
2177 757 2341 810 συνουσία

1314 817 1481 854 πλειόνων
1495 819 1748 870 τυγχάνοντας,
1764 819 1824 857 καὶ
1838 820 2022 871 πράγμασι
2033 818 2340 869 συμπλεκομένους

1313 879 1376 923 τῆς
1409 879 1540 916 τούτων
1569 879 1711 931 ἔχεσθαι
1742 881 1894 925 σπουδῆς
1906 909 1915 926 ,
1935 880 1992 918 ἵνα
2022 879 2066 917 τὰ
2099 883 2182 932 παρ’
2204 882 2339 918 ἑαυτῶν

1315 939 1546 991 εἰσφέροντες,
1560 941 1696 992 ταχέως
1722 940 1782 979 καὶ
1801 946 1862 979 τοῦ
1875 942 2079 992 ὁδηγοῦντος
2097 940 2336 993 ἐπιτύχωμεν.

1313 999 1427 1052 εΟρίῦν
1449 999 1517 1052 γὰρ
1533 1005 1558 1051 ,ἦ
1565 1003 1638 1051 μῶν
1649 1005 1667 1039 ὃ
1682 1002 1862 1048 Δεσπότης
1879 1002 1943 1048 την
1961 1002 2042 1055 περὶ
2057 1001 2102 1040 τὰ
2116 1002 2338 1052 πνευματικὰ

1312 1061 1515 1109 ἐπιθυμίαν,
1535 1064 1574 1099 οὗ
1591 1062 1815 1114 περιόψεται,
1836 1062 1928 1100 ἀλλὰ
1953 1061 2096 1115 παρέξει
2125 1062 2188 1108 τὴν
2207 1061 2337 1100 ἄνωθεν

1309 1121 1497 1173 ἔλλαμψιν,
1521 1123 1580 1160 καὶ
1596 1129 1716 1174 φωτιεῖ
1744 1126 1846 1173 ἡμῶν
1862 1122 1927 1169 τὴν
1946 1122 2111 1162 διάνοιαν.
2143 1122 2205 1169 Μὴ
2222 1122 2337 1162 τοίνυν

1311 1184 1508 1233 ἅμελῶμεν,
1523 1185 1739 1235 παρακαλῶ,
1757 1186 1820 1229 τῆς
1838 1182 2080 1234 ἀναγνώσεως,
2102 1183 2192 1221 ἀλλὰ
2210 1184 2276 1221 κᾶν
2296 1199 2336 1222 τε

1310 1244 1455 1293 εἰδῶμεν
1470 1247 1538 1281 τῶν
1554 1243 1761 1294 ἐγκειμένων
1778 1243 1840 1290 τὴν
1867 1244 2012 1294 δύναμιν
2024 1274 2034 1292 ,
2059 1244 2123 1281 κᾶν
2147 1259 2186 1282 τε
2208 1246 2338 1295 ἀγνοῶ-

1310 1320 1389 1354 μεν,
1409 1308 1563 1356 συνεχῶς
1581 1305 1671 1343 αὐτὰ
1687 1305 1852 1354 ἐπίωμεν.
1873 1304 1918 1343 Ἥ
1937 1304 2006 1358 γὰρ
2027 1304 2187 1352 διηνεκὴς
2206 1305 2334 1356 μελέτη

1310 1363 1552 1408 ἀνεξάλειπτον
1574 1365 1755 1417 ἐργάζεται
1787 1364 1851 1411 τὴν
1884 1365 2046 1415 μνήμην·
2072 1365 2132 1403 καὶ
2166 1365 2337 1409 πολλάκις

1308 1426 1393 1479 ὅπερ
1412 1426 1564 1478 σήμερον
1576 1429 1686 1479 εὑρεῖν
1702 1428 1763 1464 οὐκ
1783 1427 1978 1477 ἰσχύσαμεν
1994 1426 2218 1479 ἀναγνόντες,
2232 1430 2336 1464 τοῦτο

1308 1487 1413 1525 πάλιν
1434 1487 1551 1539 αὔριον
1571 1487 1771 1531 ἐπελθόντες
1806 1486 1927 1538 ἀθρόον
1948 1486 2104 1538 εὕρομεν,
2126 1491 2185 1525 τοῦ
2212 1489 2332 1540 φιλαν-

1307 1547 1446 1600 θρώπου
1465 1550 1557 1586 Θεοῦ
1573 1548 1729 1599 ἀοράτως
1745 1551 1845 1599 ἡμῶν
1866 1547 1928 1595 την
1944 1548 2096 1586 διάνοιαν
2114 1549 2332 1600 φωτίζοντος.

1307 1608 1412 1646 Ἀλλὰ
1430 1612 1540 1646 ταῦτα
1562 1607 1623 1659 μὲν
1642 1612 1699 1646 νῦν
1719 1608 1804 1659 πρὸς
1836 1609 1876 1647 τὸ
1912 1611 2040 1660 συνεχῆ
2063 1613 2238 1647 ποιεῖσθαι
2267 1609 2331 1656 τὴν

1306 1668 1500 1719 ἀνάγνωσιν
1513 1672 1582 1706 τῶν
1603 1669 1702 1706 θείων
1724 1671 1872 1721 Γραφῶν
1896 1670 2102 1722 εἰρήκαμεν·
2123 1669 2180 1707 ἵνα
2200 1669 2236 1708 δὲ
2259 1671 2329 1720 μά-

1306 1732 1408 1775 θητε,
1423 1727 1476 1766 ὅτι
1501 1729 1560 1767 καὶ
1592 1729 1648 1766 ἐπὶ
1682 1732 1750 1767 τῶν
1770 1730 1884 1767 ἄλλων
1905 1730 2067 1767 ἁπάντων
2086 1734 2186 1768 τοῦτο
2201 1733 2252 1783 τῷ
2268 1733 2333 1769 Δε·

1305 1790 1417 1842 σπότῃ
1452 1790 1544 1838 ἔθος,
1574 1790 1715 1828 ἐπειδὰν
1742 1790 1786 1827 τὰ
1815 1793 1897 1842 παρ’
1920 1794 2050 1829 ἑαυτῶν
2068 1791 2333 1843 εἰσενέγκωμεν,

1307 1850 1396 1900 μετὰ
1412 1850 1591 1902 δαψιλείας
1618 1850 1662 1888 τὰ
1689 1853 1772 1904 παρ’
1804 1853 1927 1890 ἑαυτοῦ
1949 1858 2094 1904 χορηγεῖ
2121 1853 2180 1890 καὶ
2213 1853 2332 1900 αὐτὸς,

1305 1912 1363 1950 καὶ
1383 1912 1469 1964 ὅπερ
1485 1912 1542 1950 ἐπὶ
1561 1916 1624 1959 τῆς
1644 1912 1872 1963 ἀναγνώσεως
1898 1914 2068 1960 πεποίηκε
2091 1914 2180 1964 μετὰ
2201 1916 2334 1961 πολλῆς

1304 1975 1366 2019 τῆς
1385 1972 1581 2024 ταχύτητος
1599 1972 1742 2023 πέμψας
1764 1974 1822 2012 τὸν
1842 1973 2050 2012 διδάσκαλον
2072 1977 2122 2027 τῷ
2143 1975 2309 2029 βαρὸἄρῳ
2323 2006 2334 2023 ,
2365 2007 2367 2009 .

1304 2037 1405 2071 τοῦτο
1424 2034 1483 2072 καὶ
1506 2033 1562 2072 ἐπὶ
1595 2036 1663 2070 τῶν
1691 2033 1755 2080 τὴν
1785 2034 1910 2086 ἀρετὴν
1933 2034 2089 2085 μετιέναι
2115 2037 2334 2087 βουλομένων

1305 2096 1511 2147 ἐργάζεται,
1541 2096 1688 2135 ἄκουσον
1721 2099 1789 2133 τῶν
1821 2100 1880 2134 νῦν
1917 2096 2126 2147 λεγομένων.
2161 2097 2253 2136 Ἀλλ’
2278 2096 2335 2135 ἵνα

1305 2156 1514 2208 σαφέστερος
1533 2160 1619 2207 ἡμῖν
1635 2160 1652 2195 ὁ
1671 2157 1771 2208 λόγος
1791 2156 1929 2207 γίνηται
1954 2152 2071 2206 οἶτος,
2091 2157 2278 2196 ἀκόλουθον
2293 2157 2335 2195 ἂν

1305 2217 1358 2263 εἴη
1380 2217 1484 2255 πάλιν
1501 2217 1545 2256 τὰ
1565 2218 1654 2256 κατὰ
1671 2219 1730 2256 τὸν
1749 2219 1971 2271 πατριάρχην
1991 2222 2039 2263 εἷς
2056 2219 2160 2270 μέσον
2177 2222 2334 2272 ἀγαγεῖν,

1259 2292 1284 2321 1)
1305 2277 1364 2315 καὶ
1379 2281 1441 2324 τῆς
1455 2278 1659 2321 ἀκολουθίας
1671 2281 1739 2316 τῶν
1758 2280 1839 2331 χθὲς
1861 2284 1946 2330 ἡμῖν
1964 2281 2154 2333 εἰρημένων
2176 2284 2236 2318 νῦν
2253 2283 2335 2318 ἔπι-

1305 2339 1485 2377 λαὸέσθαι.
1506 2339 1575 2378 Καὶ
1596 2339 1664 2393 γὰρ
1685 2340 1813 2391 ἔγνωτε
1835 2342 1873 2378 ἐκ
1894 2343 1964 2378 τῶν
1978 2341 2044 2388 ἤδη
2062 2341 2246 2392 ῥηθέντων,
2261 2344 2337 2384 πῶς

1305 2404 1366 2446 ’.ἧς
1379 2402 1510 2446 πολλ’ἧς
1524 2400 1658 2448 ἐκείνης
1675 2401 1993 2455 ταπεινοφροσύνης
2003 2433 2013 2449 ,
2029 2403 2069 2448 ἣν
2085 2401 2165 2455 περὶ
2178 2401 2238 2440 τὸν
2250 2401 2335 2440 Λὼτ

1306 2461 1502 2505 ἐπεδείξατο
1530 2462 1794 2514 παραχωρήσας
1817 2465 1912 2514 αὐτῷ
1940 2466 2008 2501 τῶν
2026 2463 2226 2516 πρωτείων,
2248 2465 2334 2501 πολ-

1306 2523 1368 2567 λῆς
1388 2522 1569 2567 ἀπήλαυσε
1600 2527 1662 2569 τῆς
1691 2523 1819 2561 ἄνωθεν
1838 2524 2006 2574 ἀμοιῧῆς,
2026 2524 2215 2575 ὑπόσχεσιν
2235 2523 2334 2568 δεξά-

1308 2597 1407 2632 μενος
1425 2585 1543 2634 mm}
1560 2585 1610 2634 τῷ
1637 2583 1752 2635 μέτρῳ
1772 2584 2048 2635 ὗπερὸαίνουσαν
2068 2584 2111 2621 τὰ
2130 2587 2212 2636 παρ’
2230 2587 2335 2623 αὐτοῦ

1307 2644 1531 2694 γεγενημένα.
1559 2643 1708 2694 ’Βωμεν
1734 2645 1770 2682 δὲ
1788 2646 1908 2683 λοιπὸν
1933 2645 1992 2683 καὶ
2026 2647 2065 2683 ἐκ
2095 2648 2164 2683 τῶν
2180 2645 2332 2698 σήμερον

1306 2704 1575 2755 ἀνεγνωσμένων
1609 2706 1715 2743 πάλιν
1748 2711 1808 2745 τοῦ
1837 2705 1970 2744 δικαίου
2005 2706 2069 2751 τὴν
2105 2704 2232 2757 ἀρετὴν
2245 2735 2255 2753 ,
2287 2706 2332 2743 ἵν’

1304 2764 1393 2802 οὕτω
1425 2766 1601 2816 προϊόντες
1635 2767 1896 2817 καταμάθωμεν
1911 2766 1973 2813 τὴν
1991 2767 2122 2818 ἄφατον
2147 2769 2207 2805 τοῦ
2238 2768 2331 2805 Θεοῦ

1305 2826 1385 2878 περὶ
1415 2827 1514 2864 αὐτὸν
1546 2828 1776 2878 γεγενημένην
1809 2828 2028 2879 κηδεμονίαν.
2063 2828 2245 2866 Παιδεύων
2263 2827 2332 2879 γὰρ

1307 2887 1462 2930 ἅπαντας
1492 2891 1586 2937 ἡμᾶς
1612 2888 1667 2925 διὰ
1690 2892 1752 2935 τῆς
1777 2893 1834 2926 τοῦ
1865 2890 2085 2941 πατριάρχου
2109 2889 2330 2941 φιλοσοφίας,

1306 2947 1447 2999 ἀφίησιν
1467 2949 1567 2986 αὐτὸν
1585 2950 1662 2986 καθ’
1683 2949 1828 2988 ἕκαστον
1848 2951 1968 3002 καιρὸν
2003 2950 2168 3001 πρότερον
2201 2951 2329 2989 ἐπιδεί-

1305 3013 1449 3046 κνυσθαι
1465 3013 1527 3055 της
1547 3010 1673 3053 οἰκείας
1686 3010 1829 3061 γνώμης
1842 3012 1880 3049 τὸ
1901 3011 2055 3062 φιλόθεον
2066 3041 2075 3057 ,
2095 3011 2154 3049 καὶ
2173 3010 2250 3049 τότε
2266 3011 2328 3057 τὴν

1303 3072 1385 3120 παρ’
1408 3072 1528 3107 ἑαυτοῦ
1558 3070 1708 3120 ἀμοιὸὴν
1735 3071 1903 3123 εἰσφέρει,
1923 3071 1978 3109 ἵνα
1997 3071 2248 3122 σπουδάσωμεν
2269 3074 2329 3110 καὶ

1304 3130 1399 3167 αὐτοὶ
1418 3131 1625 3180 μιμούμενοι
1654 3132 1711 3169 τὸν
1732 3132 1952 3183 πατριάρχην
1972 3132 2140 3185 πρότερον
2158 3134 2327 3185 ἐγχειρεῖν

1302 3197 1370 3233 τοῖς
1400 3194 1461 3235 τῆς
1483 3195 1608 3243 ἀρετ-ἦς
1645 3193 1780 3238 πόνοις,
1811 3194 1869 3230 καὶ
1895 3194 2002 3236 οὕτως
2040 3193 2221 3243 ἀναμένειν
2258 3197 2326 3231 τῶν

1303 3253 1385 3302 παρ’
1405 3254 1506 3290 αὐτοῦ
1527 3253 1681 3302 ἀμοιῧῶν
1704 3254 1764 3298 την
1784 3254 1966 3292 &wiffam-2.

1355 3357 1442 3395 'XM‘
1464 3356 1537 3409 03:¹²
1558 3360 1676 3397 λοιπὸν
1699 3359 1786 3398 αὐτὰ
1804 3364 1882 3409 ὑμὶν
1898 3362 2095 3411 προτιθέναι
2110 3362 2152 3399 τὰ
2168 3362 2319 3413 σήμερον
