2516 3791
285 197 308 238 7
319 180 374 223 30
718 192 755 222 s.
797 189 984 221 JOANMS
1020 186 1262 219 cuanosT.

281 275 392 324 disee,
414 275 498 326 quia
514 274 673 327 plerique
684 275 876 326 justorum,
896 271 1088 323 prophetas
1101 269 1183 307 dico
1198 278 1232 307 et

279 336 468 390 apostolOS,
487 336 551 373 ubi
575 335 633 373 siti
654 335 738 384 sint,
756 333 879 386 paucis
899 331 1071 383 exceptis,
1088 331 1231 382 ignora-

280 412 373 435 mus.
398 396 542 435 Etenim
554 395 616 434 alii
635 394 780 446 quidem
795 392 909 445 capite
924 391 1093 439 truncati,
1107 390 1231 428 aliila-

279 458 396 511 pidati
414 457 547 496 mortui
566 465 648 494 sunt
671 471 678 491 :
699 464 733 492 et
756 453 816 490 alii
837 452 1034 490 innumeris
1064 461 1097 490 et
1124 452 1232 491 variis

280 519 394 572 poenis
431 517 563 569 seipsos
591 523 829 567 exposuerunt
867 522 1013 565 propter
1050 513 1231 565 pietatem,

282 593 402 617 omnes
414 587 557 630 propter
574 575 759 614 Christum
779 583 957 626 martyres
976 573 1059 612 faeti
1078 583 1159 612 sunt
1177 589 1184 610 :
1201 583 1234 612 et

282 640 403 678 nullus
419 638 463 676 de
482 637 553 675 illis
569 636 686 674 dicere
697 634 856 685 audebit,
870 635 1148 686 ignominiosam
1161 648 1235 673 esse

283 715 404 739 eorum
424 708 573 737 mortem
597 713 604 733 :
625 696 687 735 sed
702 705 866 746 sequetur
879 696 1042 735 divinam
1068 696 1233 748 Scriptu-
1262 699 1284 729 E

85 773 173 802 Psal.
204 771 270 799 1¹5.
285 776 375 811 ram,
400 760 594 798 dicentem:
610 760 792 796 Pretiosa
803 759 844 794 in
858 765 1062 809 conspeetu
1075 758 1236 794 Domini

89 813 138 843 ’δ’
286 836 387 861 mors
407 830 628 860 sanctorum
653 822 747 872 ejus.
765 818 814 857 Et
823 820 915 856 sicut
932 827 1082 856 mortem
1096 826 1237 855 sancto-

287 899 366 922 rum
376 882 567 935 pretiosam
575 880 728 929 vocavit,
747 879 834 918 audi
846 879 1023 931 quomodo
1035 888 1069 917 et
1088 887 1237 916 mortem

89 958 177 986 Psal.
222 954 274 986 33.
287 953 513 998 peccatorum
531 942 662 980 malam
689 951 804 981 vocet.
828 943 938 979 Mors
969 940 1075 989 enim,
1109 939 1238 990 inquit,

91 1007 141 1027 ²²·
286 1014 532 1058 peccatorum
554 1004 674 1041 mala.
695 1004 820 1054 Itaque
858 1001 966 1040 etiam
999 1001 1028 1039 si
1049 1000 1146 1038 domi
1168 1014 1239 1037 suae

289 1067 498 1114 moriantur,
515 1074 547 1103 et
564 1078 675 1102 uxore
695 1072 728 1101 et
746 1063 831 1101 filiis
851 1061 1098 1114 praesentibus,
1130 1069 1164 1098 et
1183 1061 1241 1098 sa-

289 1127 505 1176 miliaribus,
528 1134 562 1163 et
581 1125 671 1163 notis
691 1123 928 1172 adstantibus,
957 1122 1091 1159 virtute
1122 1130 1242 1159 autem

291 1197 442 1238 careant,
461 1187 553 1225 mala
572 1186 704 1224 horum
723 1199 819 1223 mors
838 1194 900 1222 est.
916 1183 976 1222 Sic
993 1183 1057 1221 etsi
1076 1183 1114 1220 in
1127 1182 1241 1220 aliena

290 1259 396 1298 terra,
414 1250 478 1287 etsi
491 1263 596 1301 super
606 1247 851 1300 pavimentum
864 1246 944 1296 quis
947 1246 1069 1298 jacens
1086 1260 1093 1280 :
1107 1253 1140 1281 et
1153 1242 1241 1294 quid

291 1311 385 1361 dico,
400 1310 465 1348 etsi
485 1309 522 1347 in
537 1309 676 1347 aliena?
697 1307 835 1346 etiamsi
856 1307 893 1345 in
911 1307 1065 1344 latrones
1085 1304 1241 1352 incidat,
1257 1333 1305 1358 630

291 1371 431 1410 etiamsi
448 1386 466 1409 a
500 1369 623 1409 bestiis
639 1369 840 1415 devoretur,
856 1367 990 1408 virtute
1009 1375 1127 1404 autem
1154 1379 1244 1417 prae-
1270 1371 1294 1400 A

293 1433 392 1471 ditus
410 1432 470 1481 sit,
494 1431 646 1483 pretiosa
666 1430 742 1481 ejus
757 1443 853 1466 mors
868 1427 944 1466 erit.
961 1427 1031 1465 Dic
1043 1426 1152 1476 enim,
1176 1426 1242 1464 ob-

294 1508 404 1541 secro,
437 1491 618 1530 Zachariae
640 1490 738 1528 filius
781 1503 898 1527 nonne
936 1488 1133 1527 decollatus
1171 1486 1245 1524 est?

295 1554 496 1606 Stephanus
521 1561 640 1589 autem
655 1551 794 1602 primus
804 1549 969 1602 martyrii
998 1562 1125 1587 corona
1153 1546 1244 1585 redi-

178 1630 282 1658 paulus
295 1616 415 1663 mitus,
454 1627 567 1650 nonne
596 1610 774 1663 lapidatus
811 1610 924 1648 vitam
960 1609 1078 1647 finiit?
1114 1608 1248 1646 Paulus

96 1674 188 1716 calm?
229 1682 284 1699 π’
295 1685 413 1715 autem
426 1684 459 1713 et
478 1675 617 1718 Petrus,
640 1686 756 1710 nonne
776 1671 836 1708 ille
852 1670 999 1721 quidem
1019 1670 1247 1722 capitet1·un·—

94 1714 289 1785 ῗξίζτξοειὶἓς,
297 1743 408 1782 catus,
427 1732 487 1770 hie
504 1741 622 1769 autem
640 1729 745 1767 modo
761 1729 938 1766 contrario
949 1742 1058 1780 quam
1073 1727 1250 1766 Dominus

95 1799 156 1835 ΓΗΘ
186 1795 283 1822 cruci-
299 1794 508 1842 crucifixus,
524 1792 574 1829 ita
593 1791 661 1828 hac
682 1789 756 1829 vita
767 1788 941 1826 excessit?
960 1790 1086 1827 Nonne
1103 1797 1250 1841 propter

98 1840 182 1866 ⁶⁸⁰⁵
296 1857 364 1894 hoc
380 1854 494 1906 magis
511 1853 548 1890 in
575 1861 646 1890 toto
670 1849 806 1888 mundo
822 1848 1044 1887 celebrantur
1061 1859 1094 1888 et
1112 1848 1246 1902 praedj-

297 1916 448 1956 cantur?

352 2051 391 2087 Ω.
416 2047 498 2085 Haec
519 2055 637 2084 autem
657 2046 775 2083 omnia
808 2045 1018 2096 cogitantes,
1050 2057 1163 2094 neque
1194 2057 1253 2082 eos

301 2109 363 2159 qui
381 2109 417 2146 in
433 2108 546 2145 aliena
567 2116 659 2145 terra
675 2106 892 2156 moriuntur,
910 2105 1056 2144 miseros
1071 2104 1249 2155 dicamus,

303 2183 414 2220 neque
431 2168 529 2206 domi
551 2182 622 2205 suae
638 2168 827 2205 morientes
848 2167 969 2204 beatos
987 2165 1223 2218 praedicemus
1241 2181 1248 2201 ε
1278 2173 1300 2202 Β

302 2230 363 2268 sed
382 2228 513 2266 divinae
529 2228 723 2280 Scripturae
744 2241 911 2265 canonem
932 2235 1128 2276 sequentes,
1141 2226 1253 2263 claros

305 2290 500 2330 virtutibus
520 2289 604 2326 hinc
633 2288 823 2339 migrantes
856 2289 978 2325 beatos
1014 2286 1188 2334 dicamus,
1221 2296 1254 2324 et

306 2366 363 2389 eos
381 2350 440 2402 qui
459 2350 493 2387 in
513 2349 664 2401 peccatis
682 2349 884 2386 moriuntur
906 2347 1051 2385 miseros
1078 2346 1251 2398 praedice-

304 2427 398 2451 mus.
418 2412 518 2449 Sicut
536 2411 631 2448 enim
643 2410 705 2461 qui
721 2410 853 2448 virtute
865 2408 1036 2461 praeditus
1054 2417 1105 2445 est
1129 2407 1165 2444 in
1182 2422 1253 2445 me-

305 2475 428 2512 liorem
444 2472 558 2510 vitam
577 2471 715 2519 transit,
736 2470 911 2522 accipiens
924 2469 1089 2506 laborum
1108 2482 1253 2506 suorum

304 2534 450 2588 prat-mia
470 2549 477 2569 ε
495 2533 543 2570 ita
558 2531 663 2582 etqui
686 2532 748 2568 illa
768 2539 875 2577 caret,
893 2529 995 2567 initia
1021 2539 1054 2567 et
1083 2529 1253 2581 prooemia

306 2594 564 2648 suppliciorum
580 2593 655 2645 jam
671 2591 816 2643 accipit,
839 2599 872 2628 et
901 2599 1080 2641 gestorum
1105 2589 1258 2627 rationes

306 2658 455 2696 reddere
467 2665 619 2703 coactus,
633 2652 916 2691 intolerabilibus
929 2651 1162 2703 complicatur
1183 2665 1258 2689 ma-

308 2720 362 2757 lis.
378 2718 463 2756 Ideo
474 2715 698 2769 oportethaec
720 2714 911 2765 cogitantes
931 2713 1106 2751 virtutum
1131 2712 1259 2750 habere

144 2793 210 2820 Vua
229 2804 297 2830 prm-
312 2794 445 2828 euram,
466 2778 545 2816 etin
568 2775 729 2828 praesenti
744 2775 817 2814 vita
832 2775 930 2825 quasi
953 2774 988 2811 in
1006 2774 1169 2825 palaestra
1188 2788 1260 2811 cer-

112 2844 174 2902 ΞῙΓΠΣ
215 2835 297 2871 ¹'³¹'¹²⁰'
311 2851 399 2888 tare,
419 2849 458 2877 ut
474 2853 554 2876 cum
571 2837 727 2875 solutum
743 2835 848 2873 fuerit
864 2835 1055 2883 theatrum,
1073 2833 1258 2886 splendida

175 2896 180 2902 ¹
315 2900 473 2940 redimiri
497 2912 621 2937 corona
640 2911 823 2948 queamus,
846 2910 888 2934 ne
910 2897 1038 2934 frustra
1052 2895 1261 2947 poenitente's
1286 2894 1309 2924 C

315 2962 546 3000 inveniamur.
591 2958 772 3006 Quamdiu
807 2957 898 2995 enim
933 2957 1040 2995 durat
1073 2966 1259 3006 certamen,

315 3023 482 3076 possibile
497 3031 558 3063 cst,
585 3021 611 3057 si
637 3019 870 3067 voluerimus,
906 3028 940 3056 et
963 3017 1136 3057 desidiam
1157 3032 1262 3056 excu-

314 3094 398 3132 tere,
417 3093 448 3120 ct
464 3082 625 3120 virtutem
644 3094 815 3129 exercerc,
827 3079 1089 3131 utpropositam
1101 3092 1263 3131 assequa-

316 3160 397 3183 mur
426 3157 600 3181 corouam.
625 3142 812 3186 Cancrum,
845 3141 873 3177 si
900 3140 1053 3190 videtur,
1080 3140 1263 3179 redeamus

315 3205 360 3243 ad
375 3203 544 3243 sermonis
577 3202 713 3241 scriem.
744 3202 836 3238 Nam
867 3210 1055 3253 postquam
1086 3201 1262 3240 commisit

316 3267 390 3305 lilio
406 3265 450 3303 de
468 3264 661 3317 sepultura,
675 3272 706 3300 ct
723 3262 815 3318 dixit
832 3262 962 3314 Joscpli
988 3278 994 3298 τ
1016 3264 1260 3315 Ego-faciam

360 3382 371 3394 a
398 3374 402 3411 ξ
423 3369 620 3412 Scripsimus
633 3372 750 3410 μυρίαις
767 3377 841 3398 eum
856 3365 955 3398 Coisl.
976 3364 1146 3399 Edebatur
1162 3373 1288 3412 μυρίοις.
1309 3369 1319 3409 ]

1300 187 1506 217 ARCHIEP.
1546 186 1889 217 CONSTANTINOP
1899 207 1907 215 .

1301 271 1370 306 τῶν
1389 272 1576 321 προφητῶν
1603 268 1695 320 λέγω
1718 269 1777 307 καὶ
1802 271 1870 306 τῶν
1894 267 2110 315 ἀποστόλων,
2129 268 2222 314 πλὴν
2249 269 2327 307 ὀλί-

1301 344 1385 380 γων,
1413 327 1489 367 οὐδὲ
1517 327 1617 379 ἴσμεν
1639 328 1722 367 ὅπου
1747 329 1997 376 κατετέθησαν.
2023 330 2069 367 Οἱ
2099 327 2160 379 μὲν
2179 328 2246 380 γὰρ
2267 328 2330 373 τὴν

1302 388 1455 441 κεφαλὴν
1487 389 1752 440 ἀπετμήθησαν,
1784 393 1815 428 οἱ
1846 389 1882 428 δὲ
1920 390 2210 433 καταλευσθέντες
2241 389 2329 427 οὕτω

1302 454 1361 487 τοῦ
1381 449 1456 500 βίου
1478 449 1708 500 μετέστησαν,
1727 451 1787 489 καὶ
1812 451 1922 503 ἕτεροι
1941 450 2106 504 ὃμυρίαις
2126 451 2185 489 καὶ
2214 450 2333 502 διαφό-

1305 527 1374 564 ροις
1403 511 1588 563 τιμωρίαις
1619 512 1760 556 ἑαυτοὺς
1778 512 1934 557 ἐκδόντες
1962 513 2019 550 διὰ
2046 512 2109 560 τὴν
2140 512 2332 559 εὐσέῧειαν,

1304 572 1430 616 πάντες
1461 573 1550 624 ὑπὲρ
1582 573 1735 625 Χριστοῦ
1766 573 2036 626 ἐμαρτύρησαν·
2066 573 2125 611 καὶ
2160 573 2268 616 οὐδεὶς
2293 572 2332 609 ἂν

1305 634 1493 684 τολμήσειε
1516 633 1683 686 περὶτῶν
1703 633 1867 672 τοιούτων
1888 635 2010 680 εἰπεῖν,
2043 633 2096 671 ὅτι
2124 634 2244 684 ἄτιμος
2270 636 2334 672 αὖ·

1307 697 1375 732 τῶν
1400 694 1537 746 γέγονεν
1566 698 1584 733 ὃ
1613 694 1780 743 θάνατος,
1809 694 1900 733 ἀλλὰ
1931 695 2159 741 ἀκολουθήσει
2185 698 2227 746 τῇ
2259 695 2334 747 θεία

1310 757 1433 808 Γραφῇ
1461 755 1631 807 λεγούσῃ,
1667 755 1794 807 Τίμιος
1822 755 1974 794 ἐναντίον
1993 755 2122 807 Κυρίου
2146 758 2164 793 ὁ
2191 757 2335 800 θάνατος

1308 819 1376 855 τῶν
1397 817 1500 856 ὁσίων
1521 820 1635 856 αὐτοῦ.
1655 818 1725 855 Καὶ
1752 817 1872 869 ὥσπερ
1898 818 1956 856 τὸν
1978 820 2046 855 τῶν
2066 817 2169 856 ὁσίων
2190 817 2336 856 θάνατον

1309 878 1424 928 τίμιον
1442 879 1617 926 ἐκάλεσεν,
1645 877 1750 922 οὕτως
1779 878 1882 916 οἷ’κουε
1913 879 1972 916 καὶ
2000 879 2057 917 τὸν
2078 880 2147 916 τῶν
2171 880 2336 932 ἁμαρτω-

1309 940 1379 977 λῶν
1405 939 1553 989 πονηρὸν
1573 941 1758 982 καλοῦντος
1787 941 1843 978 τὸν
1872 940 2033 978 θάνατον.
2068 940 2229 983 Θάνατος
2257 939 2338 991 γὰρ,

1312 999 1430 1051 φησὶν,
1457 1001 1678 1052 ἁμαρτωλῶν
1704 1001 1864 1054 πονηρός.
1883 998 1996 1039 εΏστε
2023 1000 2087 1038 κᾶν
2115 1000 2172 1037 ἐπὶ
2194 1003 2255 1046 τῆς
2286 1000 2340 1036 οῖ-

1311 1059 1389 1104 κίας
1418 1076 1470 1105 τις
1499 1060 1680 1112 καταλύσῃ
1702 1061 1759 1098 τὸν
1784 1061 1870 1111 βίον,
1893 1062 1952 1098 καὶ
1979 1061 2139 1111 γυναικὸς
2172 1061 2231 1098 καὶ
2255 1076 2340 1098 παι·

1313 1121 1394 1160 δίων
1419 1122 1614 1175 παρόντων,
1634 1123 1694 1161 καὶ
1718 1123 1927 1170 ἐπιτηδείων
1947 1123 2006 1161 καὶ
2025 1122 2211 1175 γνωρίμων
2229 1137 2340 1173 παρε-

1314 1182 1469 1232 στώτων,
1490 1186 1616 1235 ἀρετῆς
1643 1183 1680 1222 δὲ
1712 1183 1838 1236 ἔρημος
1857 1184 2012 1236 wudu·
2027 1213 2036 1229 ,
2057 1183 2207 1236 πονηρὸς
2227 1183 2266 1221 ἂν
2289 1184 2341 1230 εἴη

1315 1248 1332 1283 ὁ
1347 1244 1468 1284 τούτου
1491 1245 1646 1289 θάνατος.
1671 1244 1777 1284 Οὕτω
1802 1244 1866 1282 κᾶν
1888 1246 1941 1283 ἐπ’
1969 1244 2175 1298 ἀλλοτρίας,
2200 1244 2265 1282 κᾶν
2285 1244 2343 1283 ἐπὶ

1315 1311 1374 1344 τοῦ
1401 1307 1546 1359 ἐδάφους
1574 1306 1752 1358 κείμενος·
1785 1306 1844 1344 καὶ
1871 1304 1904 1342 τί
1933 1304 2025 1357 λέγω
2054 1308 2108 1343 ἐπ’
2137 1305 2343 1357 ἀλλοτρίας,

1315 1367 1450 1406 καὶτοῦ
1470 1367 1632 1419 ἐδάφους,
1651 1368 1714 1405 κᾶν
1742 1369 1887 1419 λῃσταῖς
1914 1366 2105 1419 περιπέσῃ,
2125 1366 2190 1404 κᾶν
2213 1366 2341 1419 θηρίων

1314 1428 1534 1479 κατάὸρωμα
1553 1429 1697 1480 γένηται
1715 1433 1732 1467 ὁ
1750 1428 1812 1476 τὴν
1833 1427 1959 1480 ἀρετὴν
1977 1428 2206 1479 κεκτημένος,
2228 1428 2344 1479 τίμιος

1317 1488 1356 1526 ἂν
1385 1489 1437 1536 εἴη
1461 1493 1478 1528 ὃ
1497 1490 1641 1534 θάνατος
1660 1490 1794 1528 τούτου.
1813 1489 1901 1528 Εἰπὲ
1929 1490 1997 1543 γάρ
2030 1506 2107 1541 μοι,
2135 1494 2154 1528 ὃ
2175 1495 2235 1528 τοῦ
2266 1491 2344 1528 Ζα-

1317 1550 1442 1603 χαρίου
1461 1557 1543 1594 παῖς
1563 1553 1600 1590 οὗ
1621 1551 1684 1597 τὴν
1705 1551 1859 1603 κεφαλὴν
1881 1552 2088 1603 ἀπετμήθη,
2111 1552 2286 1604 Στέφανος
2307 1550 2343 1588 δὲ

1318 1613 1336 1648 ὃ
1354 1614 1491 1663 πρῶτος
1509 1617 1569 1650 τοῦ
1587 1612 1776 1666 μαρτυρίου
1797 1613 1854 1650 τὸν
1877 1612 2042 1664 στέφανον
2062 1613 2322 1663 ἀναδησάμενος
2334 1642 2344 1659 ,

1319 1672 1395 1724 οὐχὶ
1420 1672 1663 1716 καταλευσθεὶς
1696 1673 1786 1711 οὕτω
1813 1674 1870 1711 τὸν
1894 1673 1966 1724 βίον
1997 1673 2184 1720 κατέλυσε;
2204 1675 2345 1717 Παῦλος

1319 1732 1355 1770 δὲ
1384 1732 1443 1770 καὶ
1471 1733 1606 1786 Πέτρος
1632 1734 1710 1786 οὐχὶ
1725 1734 1782 1778 ἃὸς
1803 1734 1865 1785 μὲν
1897 1735 2133 1784 ἀποτμηθεὶς,
2153 1734 2190 1779 ὃς
2215 1734 2248 1772 δὲ
2283 1735 2343 1772 ἀπ’

1320 1794 1476 1838 ἐναντίας
1493 1798 1543 1847 τῷ
1563 1795 1724 1847 Δεσπότῃ
1744 1799 1803 1833 τοῦ
1819 1800 1968 1848 σταυροῦ
1987 1795 2050 1842 τὴν
2065 1796 2236 1849 τιμωρίαν
2251 1794 2346 1839 δεξά-

1321 1872 1420 1906 μενος
1434 1886 1443 1903 ,
1464 1855 1554 1893 οὕτω
1574 1855 1727 1906 μετέστη
1748 1859 1811 1902 τ’ῆς
1835 1856 2012 1910 παρούσης
2039 1859 2152 1904 ζωῆς;
2173 1857 2267 1909 Οὐχὶ
2290 1855 2347 1895 διὰ

1319 1921 1419 1955 τοῦτο
1441 1917 1595 1968 μάλιστα
1616 1921 1798 1969 πανταχοῦ
1820 1921 1882 1964 τῆς
1901 1918 2104 1969 οἰκουμένης
2127 1919 2267 1971 ᾅδονται
2286 1917 2346 1956 καὶ

1320 1977 1615 2030 ἀνακηρύττονται
1628 1995 1638 2026 ;

1373 2042 1497 2078 Ταῦτα
1517 2039 1553 2078 δὲ
1577 2039 1715 2078 ἅπαντα
1736 2039 2035 2091 ἀναλογιζόμενοι,
2065 2040 2154 2091 μήτε
2184 2039 2262 2084 τοὺς
2291 2040 2348 2079 ἐπὶ

1320 2104 1383 2148 τῆς
1402 2100 1498 2149 ξένης
1526 2103 1760 2144 τελευτῶντας
1784 2101 2037 2152 ταλανίζωμεν,
2072 2102 2161 2153 μήτε
2186 2101 2264 2145 τοὺς
2291 2101 2351 2140 ἐπὶ

1321 2166 1383 2209 τῆς
1408 2163 1519 2206 οἰκίας
1545 2163 1779 2206 καταλύοντας
1798 2163 1856 2201 τὸν
1877 2162 1950 2213 βίον
1969 2163 2219 2214 μακαρίζωμεν
2232 2179 2239 2186 ·
2260 2161 2351 2201 ἀλλὰ

1322 2227 1372 2276 τῷ
1391 2227 1453 2270 τῆς
1483 2223 1574 2267 θείας
1598 2225 1740 2275 Γραφῆς
1773 2224 1891 2261 κανόνι
1919 2225 2269 2270 κατακολουθοῦντες,
2289 2222 2349 2261 καὶ

1323 2284 1401 2327 τοὺς
1419 2287 1453 2322 ἐν
1475 2287 1581 2336 ἀρετῇ
1603 2283 1832 2335 βεὸιωκότας,
1855 2284 1914 2321 καὶ
1941 2283 2031 2321 οὕτω
2062 2284 2349 2335 μεθισταμένους,

1326 2344 1588 2396 μακαρίζωμεν,
1620 2344 1679 2382 καὶ
1713 2343 1790 2387 τοὺς
1823 2346 1858 2382 ἐν
1893 2344 2082 2395 ἁμαρτίαις
2119 2347 2351 2389 τελευτῶντας

1324 2405 1575 2457 ταλανίζωμεν.
1606 2406 1743 2458 ς’.ἐξα-,τερ
1774 2406 1841 2457 γὰρ
1873 2408 1890 2443 ὃ
1925 2405 2081 2458 ἐνάρετος
2113 2408 2160 2449 εἷς
2191 2406 2351 2457 βελτίονα

1326 2466 1416 2513 ζωὴν
1441 2467 1646 2516 μεθίσταται
1663 2470 1732 2505 τῶν
1750 2466 1863 2504 πόνων
1887 2465 1948 2508 τὰς
1981 2466 2131 2516 ἀμοιδὰς
2158 2466 2351 2518 κομιζόμε-

1326 2543 1396 2570 νος·
1424 2527 1530 2571 οὕτως
1549 2531 1566 2566 ὃ
1585 2527 1714 2574 ταύτης
1733 2527 1860 2579 ἔρημος
1887 2526 1948 2575 ὢν,
1980 2526 2092 2578 ἀρχὰς
2110 2527 2168 2564 καὶ
2184 2527 2353 2579 προοίμια

1327 2592 1396 2627 τῶν
1416 2593 1593 2641 τιμωριῶν
1621 2589 1687 2636 ἤδη
1719 2588 1923 2641 δεχόμενος,
1944 2588 2003 2626 καὶ
2024 2588 2085 2631 τὰς
2117 2588 2256 2632 εὐθύνας
2282 2591 2351 2627 τῶν

1328 2650 1584 2702 πεπραγμένων
1617 2650 1885 2700 ἀπαιτούμενος,
1915 2649 2115 2696 ἀνηκέστοις
2147 2649 2353 2702 περιῧᾶλλε·

1328 2727 1386 2749 ται
1422 2718 1553 2755 κακοῖς.
1587 2713 1650 2750 Διὸ
1683 2710 1751 2764 χρὴ
1786 2715 1895 2748 ταῦτα
1917 2712 2114 2754 ἐννοοῦντας
2131 2713 2255 2762 ἀρετῆς
2276 2713 2351 2749 ἐπι-

1332 2773 1527 2823 μελεῖσθαι,
1550 2772 1609 2810 καὶ
1629 2772 1786 2823 καθάπερ
1806 2774 1839 2809 ἐν
1869 2771 2070 2824 παλαίστρᾳ
2097 2772 2153 2809 ἐπὶ
2186 2777 2245 2811 τοῦ
2277 2788 2351 2811 πα-

1333 2832 1447 2884 ρόντος
1483 2833 1557 2884 βίου
1592 2832 1835 2885 ἀγωνίζεσθαι,
1868 2832 1923 2869 ἵνα
1957 2832 2046 2883 μετὰ
2081 2832 2121 2870 τὸ
2145 2834 2291 2879 λυθῆναι
2314 2834 2354 2872 τὸ

1332 2893 1486 2945 θέατρον,
1514 2895 1676 2947 λαμπρὸν
1701 2894 1939 2940 ἀναδήσασθαι
1962 2895 2161 2945 δυνηθῶμεν
2189 2895 2247 2933 τὸν
2277 2895 2354 2933 στέ-

1332 2971 1450 3007 φανον,
1483 2955 1541 2993 καὶ
1575 2955 1623 3007 μὴ
1658 2955 1809 3001 ἀνόνητα
1843 2955 2133 3006 μεταμελώμεθα.
2162 2954 2257 2998 Ἕως
2286 2954 2354 3008 γὰρ

1332 3016 1409 3054 ὅτου
1427 3016 1608 3063 ἐνέστηκεν
1629 3019 1646 3054 ὃ
1670 3015 1776 3067 ἀγὼν,
1799 3016 1943 3054 δυνατόν
1962 3017 2068 3063 ἐστιν,
2096 3017 2125 3054 εἰ
2150 3014 2354 3066 βουληθείη-

1334 3094 1409 3128 μεν,
1431 3078 1489 3115 καὶ
1514 3078 1575 3125 τὴν
1600 3078 1768 3130 ῥαθυμίαν
1789 3077 2080 3122 ἀποτινάξασθαι,
2102 3077 2159 3114 καὶ
2180 3080 2241 3123 τῆς
2270 3079 2353 3127 ἀρε·-

1332 3143 1393 3185 τῆς
1422 3140 1647 3193 ἀντέχεσθαι,
1675 3140 1730 3178 ἰ’να
1755 3140 1813 3178 καὶ
1833 3143 1900 3178 τῶν
1920 3138 2159 3189 ἀποκειμένων
2176 3137 2354 3189 στεφάνων

1331 3203 1506 3254 ἐπιτυχεῖν
1535 3203 1746 3253 δυνηθῶμεν.
1764 3201 1853 3240 Ἀλλ’
1875 3203 1904 3238 εἷ
1932 3201 2043 3245 δοκεῖ,
2064 3200 2183 3238 λοιπὸν
2207 3199 2353 3237 ἐπανέλ-

1332 3268 1445 3315 θωμεν
1472 3264 1530 3301 ἐπὶ
1559 3263 1622 3310 τὴν
1655 3262 1857 3302 ἀκολουθίαν
1879 3266 1938 3300 τοῦ
1969 3262 2086 3313 λόγου.
2108 3260 2255 3307 Ἐπειδὴ
2286 3259 2352 3311 γὰρ

1394 3379 1405 3392 2·
1431 3368 1536 3409 [vide
1551 3380 1646 3411 supra
1664 3380 1694 3410 p.
1713 3369 1786 3406 (303,
1808 3374 1876 3400 not.
1897 3368 1943 3407 τι]
