2516 3791
143 324 243 352 Viitus
267 325 309 351 iu-

124 365 226 393 sesiam
281 365 312 393 fit

123 406 238 435 clarior.

121 2242 194 2269 Gen⁴
213 2240 262 2271 38.
276 2251 303 2270 2.

326 219 421 279 (384
739 237 776 268 s.

325 331 387 355 sua
400 317 534 356 malitia
547 320 768 371 reportasse?
782 320 940 357 Tantum
951 319 1045 356 enim
1056 317 1166 355 robur
1172 317 1279 354 habet

325 378 450 430 virtus,
471 388 510 418 ut
526 379 654 418 clarior
674 379 751 417 sieri
774 380 882 417 soleat
907 393 988 417 cum
1007 378 1202 416 infestatur.
1217 377 1279 415 Ni-

324 440 377 478 hil
412 440 506 478 enim
520 454 557 478 ea
578 441 772 488 robustius,
787 440 878 477 nihil
893 439 1050 479 validius
1071 455 1078 475 :
1095 452 1164 477 non
1183 437 1279 490 quod

816 237 1001 268 JOANNIS
1039 235 1282 277 CHRYSOST.

324 502 399 554 ipsa
441 502 514 539 sola
547 510 686 539 tantum
722 501 850 539 habeat
880 501 1001 550 robur,
1034 500 1095 539 sed
1131 500 1214 551 quia
1249 500 1278 538 is
1303 507 1329 537 D

322 563 381 614 qni
400 577 475 600 eam
497 562 665 614 possidet,
694 570 727 599 et
751 575 945 614 supernum
958 561 1250 599 auxiliumhabet
1267 577 1275 598 :

323 638 392 675 qno
419 622 582 674 praesidio
602 632 635 660 et
654 636 719 675 ope
738 637 819 660 cum
848 623 1001 673 fruatur,
1029 622 1195 661 omnibus
1226 632 1277 661 est

320 683 495 736 potentior
523 692 556 721 et
583 683 758 732 invictus,
783 699 824 723 ac
854 684 934 737 capi
964 685 1097 735 nequit,
1123 697 1193 721 non
1219 698 1277 722 so-

320 747 394 782 hnn
418 744 605 782 hominum
639 745 794 794 insidiis,
823 745 884 784 sed
909 755 942 784 et
964 745 1168 784 daemonum
1200 759 1276 783 ma-

321 806 594 844 chinationibus.
623 805 667 844 Id
706 806 864 857 scientes,
894 821 938 845 ne
966 806 1147 858 fugiamus
1182 806 1275 844 male

320 868 428 916 affici,
448 866 509 905 sed
536 867 628 905 male
649 880 752 919 agere
775 883 782 903 :
803 868 872 906 hoc
891 868 985 905 enim
1004 877 1055 905 est
1073 881 1154 906 vere
1182 866 1274 905 male

320 928 426 965 affici.
448 929 541 966 Nam
572 927 632 978 qui
664 928 870 980 proximum
898 928 1055 980 affligere
1077 936 1201 977 tentat,
1221 927 1275 965 illi

319 988 460 1038 quidem
483 988 626 1026 omnino
653 988 743 1026 nihil
771 997 872 1027 nocet
890 1004 897 1025 τ
915 989 997 1027 licet
1016 988 1110 1027 enim
1130 988 1176 1026 ad
1194 1003 1274 1041 par-

319 1064 403 1088 vum
419 1059 558 1102 tempus
581 1059 714 1099 noceat,
734 1049 770 1088 in
786 1050 854 1088 hoc
868 1059 1008 1088 tantum
1024 1049 1152 1088 saeculo
1168 1050 1206 1088 id
1223 1050 1273 1087 sa-

319 1111 363 1148 vit
377 1126 388 1161 3
417 1111 484 1149 sibi
509 1120 626 1149 autem
656 1111 870 1150 immortalia
897 1121 1070 1150 tormenta
1092 1111 1272 1161 recondit,

318 1182 350 1209 et
365 1186 485 1224 poenas
504 1172 742 1211 intolerabiles
757 1174 864 1224 :'quas
885 1187 955 1212 non
979 1173 1082 1211 aliter
1117 1172 1274 1225 effugere

318 1247 517 1285 possumus,
529 1233 596 1272 nisi
610 1233 853 1287 paraverimus
869 1248 932 1272 nos
945 1234 990 1272 ad
1004 1233 1166 1272 ferendas
1182 1234 1272 1273 affli-
1299 1240 1324 1270 E

318 1294 461 1344 (stiones,
490 1304 522 1333 et
551 1294 744 1333 secundum
771 1295 969 1334 doctrinam
999 1296 1158 1345 Domini,
1185 1310 1271 1348 pre-

318 1369 438 1393 cemur
462 1370 526 1407 pro
548 1355 592 1394 iis
612 1357 672 1408 qui
696 1357 798 1395 nobis
822 1356 973 1409 injurias
1003 1357 1170 1395 inferunt.
1193 1357 1270 1396 Hoc

320 1416 415 1453 enim
446 1416 548 1454 nobis
578 1431 744 1468 magnam
759 1417 900 1470 parabit
915 1417 1124 1467 mercedem,
1141 1427 1173 1456 et
1188 1432 1269 1456 con-

317 1477 414 1514 cedet
433 1476 560 1528 dignos
584 1478 675 1516 effici
701 1491 809 1530 regno
834 1479 1003 1517 caelornm
1026 1493 1034 1515 τ
1053 1478 1150 1530 quod
1169 1478 1271 1518 nobis

318 1537 453 1575 utinam
470 1538 693 1588 concedatur,
708 1539 820 1589 gratia
842 1548 875 1576 et
893 1539 1110 1590 benignitate
1124 1540 1267 1578 Domini

316 1599 426 1636 nostri
441 1600 525 1638 Jesu
539 1599 685 1649 Christi,
707 1599 762 1637 cui
780 1613 862 1636 cum
881 1600 984 1637 Patre
997 1609 1028 1638 et
1045 1609 1166 1638 sancto
1185 1601 1271 1653 Spi-

315 1660 384 1697 ritu
402 1660 445 1697 sit
461 1660 586 1711 gloria,
602 1659 944 1712 imperium‚·l1on0r‚
965 1671 1102 1700 nuncet
1116 1675 1266 1714 semper,

315 1729 345 1758 et
364 1720 398 1758 in
421 1721 545 1760 saecnla
564 1721 785 1760 saeculorum.
810 1723 935 1760 Amen.

1325 234 1530 266 ARCHIEP.
1571 236 1934 267 CONSTANTINOP-

1355 317 1558 366 ἐξελθοῦσα,
1585 320 1628 356 δι’
1644 319 1750 366 αὖτ’ἧς
1781 321 1843 365 τ’ἧς
1869 320 1990 372 πείρας
2009 320 2129 373 διδάξῃ
2150 321 2227 365 τοὺς
2246 338 2384 375 πεπρα-

1355 378 1475 425 κότας,
1497 382 1543 422 ὡς
1562 379 1657 417 οὐδὲν
1678 381 1791 424 αὐτοῖς
1809 381 1929 433 ὄφελος
1964 380 2083 433 γέγονε
2118 385 2181 429 τ’ῆς
2212 384 2385 432 τοσαύτης

1356 443 1532 491 μηχανῆς,
1550 442 1583 478 T
1585 440 1734 488 οσαύτην
1750 441 1817 493 γὰρ
1841 445 1863 487 ἡ
1892 442 1997 496 ἀρετὴ
2025 443 2099 495 ἔχει
2122 444 2184 492 τὴν
2205 444 2320 497 ἰσχὺν,
2338 449 2385 489 ὡς

1354 500 1413 538 καὶ
1430 501 1694 552 πολεμουμένην
1719 501 1825 549 αὐτὴν
1854 503 2056 554 συμὸαίνειν
2078 505 2136 542 ἐπὶ
2161 505 2266 543 πλέον
2285 522 2384 558 περι-

1354 561 1565 614 φανεστέραν
1581 562 1746 613 γίνεσθαι.
1767 563 1879 601 Οὐδὲν
1904 563 1971 614 γὰρ
1990 564 2121 611 ταύτης
2136 566 2358 618 ἰσχυρότερον
2370 596 2380 613 ,

1352 623 1449 661 οὐδὲν
1470 624 1576 669 αὐτῆς
1595 622 1848 675 δυνατώτερον·
1868 626 1930 662 οὐκ
1949 625 2070 671 ἐπειδὴ
2092 625 2180 672 αὐτὴ
2205 628 2280 664 καθ’
2300 629 2383 664 ἑαυ-

1351 683 1413 731 τὴν
1430 683 1600 730 τοσαύτην
1622 683 1696 736 ἔχει
1712 684 1773 732 τὴν
1792 684 1906 737 ἰσχὺν,
1923 686 2007 722 ἀλλ”
2017 685 2138 732 ἐπειδὴ
2150 689 2168 724 ὁ
2181 685 2313 739 ταύτην
2328 703 2384 725 κε-

1351 762 1415 795 κτη
1421 748 1520 797 μένος
1532 747 1663 792 καὶτῆς
1679 742 1807 784 ἄνωθεν
1819 745 1988 784 ἀπολαύει
2000 749 2119 798 ῥοπῆς·
2128 750 2190 794 τῆς
2203 746 2239 785 δὲ
2255 747 2383 786 ἄνωθεν

1351 807 1535 846 ἀπολαύων
1554 809 1679 861 ῥοπῆς,
1705 807 1765 845 καὶ
1785 810 1847 854 τῆς
1875 809 2002 845 ἐκεῖθεν
2022 807 2220 859 ἀξιούμενος
2238 824 2384 860 συμμα-

1349 867 1450 919 χίας,
1472 868 1611 906 πάντων
1633 868 1672 905 ἂν
1701 867 1754 914 εἴη
1786 868 2040 921 δυνατώτερος,
2075 868 2139 907 καὶ
2171 869 2380 921 ἀχείρωτος,

1350 929 1410 967 καὶ
1431 930 1609 973 ἀνάλωτος
1630 931 1692 967 οὐκ
1720 929 1910 980 ἀνθρώπων
1927 930 2029 980 μόνον
2050 930 2269 978 ἐπιὸσυλαῖς,
2292 930 2384 969 ἀλλὰ

1349 989 1408 1028 καὶ
1436 997 1510 1035 ταῖς
1546 993 1614 1028 τῶν
1635 990 1808 1041 δαιμόνων
1837 997 2026 1044 μηχαναῖς.
2044 990 2162 1043 ϋΟπερ
2185 992 2311 1036 εἰδότες
2331 992 2381 1043 μὴ

1349 1051 1530 1104 φεύγωμεν
1554 1052 1594 1090 τὸ
1613 1056 1729 1096 κακῶς
1759 1052 1923 1105 πάσχειν,
1945 1053 2035 1092 ἀλλὰ
2052 1053 2092 1091 τὸ
2110 1057 2227 1097 κακῶς
2245 1060 2355 1092 ποιεῖν
2375 1069 2382 1077 ·

1348 1118 1448 1151 τοῦτο
1461 1113 1528 1164 γάρ
1550 1113 1674 1151 ἔστιτὸ
1689 1116 1806 1157 κακῶς
1825 1113 1988 1165 πάσχειν.
2006 1114 2051 1153 ‘O
2070 1114 2137 1166 γὰρ
2156 1114 2213 1152 τὸν
2229 1114 2379 1161 πλησίον

1348 1177 1464 1218 κακῶς
1502 1175 1669 1213 διαθεῖναι
1705 1177 1914 1227 ἐπιχειρῶν,
1948 1176 2077 1214 ἐκεῖνον
2105 1175 2167 1226 μὲν
2188 1174 2265 1214 οὐδὲ
2293 1175 2381 1221 ὅλως

1349 1235 1589 1288 κατέὸλαψεν·
1616 1238 1645 1273 εἷ
1663 1236 1730 1289 γὰρ
1757 1236 1816 1273 καὶ
1836 1235 1922 1289 πρὸς
1950 1236 2065 1288 ὀλίγον
2092 1236 2324 1290 κατέὸλαψεν,
2345 1240 2379 1277 ἐν

1347 1299 1396 1349 τῷ
1429 1297 1576 1350 παρόντι
1603 1299 1702 1335 αἰῶνι
1733 1301 1833 1335 τοῦτο
1866 1296 2077 1344 πεποίηκεν·
2108 1299 2220 1350 ἑαυτῷ
2251 1297 2287 1336 δὲ
2318 1297 2380 1342 τὰς

1347 1359 1535 1403 ἀθανάτους
1557 1359 1716 1403 κολάσεις
1733 1358 1961 1410 ταμιεύεται,
1982 1360 2042 1397 καὶ
2058 1358 2120 1403 τὰς
2133 1359 2303 1412 τιμωρίας
2317 1359 2380 1403 τὰς

1346 1419 1559 1472 ἀφορήτους’,
1574 1420 1613 1464 ἃς
1628 1422 1690 1459 οὐκ
1704 1420 1744 1458 ἂν
1762 1421 1886 1473 ἑτέρως
1897 1422 2075 1473 διαφυγεῖν
2090 1420 2329 1472 δυνηθείημεν,
2350 1424 2381 1460 εἰ

1345 1482 1392 1533 μὴ
1416 1482 1747 1535 παρασκευάσαιμεν
1769 1481 1910 1525 ἑαυτοὺς
1943 1482 2100 1533 ἑτοίμους
2121 1483 2207 1534 πρὸς
2237 1482 2277 1520 τὸ
2305 1483 2378 1522 πά-

1343 1559 1440 1595 σχειν
1457 1547 1590 1589 κακῶς,
1610 1543 1686 1591 καὶ,
1709 1543 1800 1581 κατὰ
1818 1543 1878 1590 τὴν
1901 1544 2049 1595 διδαχὴν
2082 1547 2142 1581 τοῦ
2176 1544 2354 1582 Δεσπότου
2367 1575 2377 1592 ,

1343 1603 1525 1656 εὐχώμεθα
1550 1604 1638 1657 ὑπὲρ
1666 1606 1734 1642 τῶν
1762 1609 1872 1643 ταῦτα
1900 1607 1984 1655 ἡμῖν
2014 1605 2246 1643 διατιθέντων.
2262 1607 2377 1644 Τοῦτο

1342 1664 1411 1717 γὰρ
1425 1668 1509 1714 ἡμῖν
1530 1664 1636 1703 πολὺν
1649 1664 1851 1716 προξενήσει
1864 1664 1922 1702 τὸν
1943 1666 2080 1715 μισθὸν,
2101 1665 2160 1702 καὶ
2173 1680 2375 1717 παρασκευ-

1284 1755 1329 1781 59¹
1345 1726 1422 1763 άσει
1437 1728 1499 1771 τῆς
1520 1729 1588 1763 τῶν
1606 1727 1758 1779 οὐρανῶν
1776 1726 1953 1777 βασιλείας
1969 1725 2156 1772 ἀξιωθῆναι
2171 1741 2178 1749 ·
2192 1730 2234 1772 ἧς
2244 1725 2378 1777 γένοιτο

1296 1798 1319 1820 Λ
1344 1787 1476 1831 πάντας
1493 1791 1586 1837 ἡμᾶς
1613 1789 1802 1839 ἐπιτυχεῖν,
1832 1786 1952 1839 χάριτι
1971 1787 2031 1824 καὶ
2052 1787 2294 1839 φιλανθρωπίᾳ
2314 1792 2375 1825 τοῦ

621 2111 830 2149 HOMlLlA
860 2112 972 2149 LXII.

322 2231 368 2268 Et
390 2229 480 2269 vidit
508 2231 619 2270 ,ludas
643 2232 798 2269 hominis
820 2233 1010 2271 Chananaei
1034 2234 1160 2280 filiam,
1191 2248 1270 2284 qua:

374 2292 566 2330 vocabatur
589 2293 693 2342 Sava,
719 2302 752 2331 et
777 2292 882 2331 duxit
911 2308 1001 2342 eam,
1028 2303 1061 2332 et
1093 2295 1270 2346 ingressus

374 2361 422 2391 est
449 2351 494 2390 ad
514 2366 591 2390 eam
615 2369 622 2389 τ
644 2362 677 2390 ct
695 2353 896 2405 concipiens
925 2354 1062 2406 peperit
1088 2355 1217 2405 silium,
1238 2366 1270 2394 et

375 2413 513 2451 vocavit
534 2427 657 2451 nomen
679 2414 753 2466 ejus
773 2414 833 2451 Er.

374 2542 407 2575 1.
438 2538 531 2576 Satis
551 2552 663 2590 nuper
683 2553 727 2576 ex
744 2539 891 2577 historia
913 2541 1047 2593 Joseph
1063 2541 1267 2594 didicimus,
1296 2552 1318 2581 B

317 2609 489 2650 quantum
504 2599 625 2636 damni
641 2608 806 2637 nascatur
819 2613 862 2637 ex
876 2600 1025 2651 invidia7
1043 2611 1076 2640 et
1090 2604 1268 2654 quomodo

319 2661 534 2712 perniciosus
554 2660 613 2697 ille
644 2660 788 2698 morbus
819 2661 976 2700 animam
1001 2666 1159 2716 primum
1193 2680 1268 2704 cor-

316 2730 470 2772 rumpat,
490 2736 509 2758 a
527 2735 596 2771 qna
621 2722 789 2760 nascitur.
818 2722 971 2761 Vidistis
1000 2725 1178 2775 quomodo
1205 2742 1268 2780 per

316 2780 406 2817 lianc
425 2780 672 2831 aegritudinem
696 2782 820 2819 fratres
845 2782 976 2834 Joseph
994 2793 1028 2821 ct
1047 2785 1266 2836 cognationis

314 2837 416 2875 obliti
433 2847 524 2886 sunt,
544 2847 577 2875 ct
596 2839 790 2877 bestiarum
818 2840 1065 2879 crudelitatem
1085 2856 1167 2895 erga
1185 2858 1264 2883 enin

314 2899 415 2949 quiin
446 2900 547 2937 nullo
569 2900 664 2951 ipsos
686 2901 894 2950 offenderat,
917 2914 1168 2955 exercuerunt,
1190 2920 1265 2945 ma-

313 2961 425 2999 litiam
439 2962 582 3012 quidem
602 2977 702 3000 suam
720 2964 837 3015 potius
863 2965 1087 3004 manifestam
1115 2967 1264 3007 redden-

315 3033 364 3060 tes
377 3052 387 3071 ,
406 3038 512 3073 quam
529 3024 626 3061 fratri
645 3035 815 3063 nocentes.
837 3027 977 3065 Malitia
996 3028 1091 3066 enim
1116 3044 1178 3067 sua
1196 3030 1264 3069 fra<

314 3081 358 3118 tri
378 3096 442 3119 sno
458 3095 526 3119 non
544 3091 680 3120 tantum
704 3094 910 3133 nocuerunt,
933 3095 1105 3136 quantum
1133 3088 1264 3141 seipsos

314 3143 507 3193 ignominia
537 3144 739 3182 affecerunt.
771 3146 862 3183 Nam
889 3146 969 3184 licet
993 3148 1155 3187 barbaris
1182 3164 1262 3189 euni

311 3203 548 3252 vendiderint,
565 3215 597 3242 ct
622 3206 672 3242 illi
693 3206 821 3244 iteruin
839 3208 1062 3247 vendiderint
1086 3211 1261 3250 archinia-

312 3266 388 3316 giro
404 3265 612 3316 Pharaonis,
635 3266 867 3305 nihilominus
885 3269 969 3319 qnia
991 3269 1117 3309 habuit
1140 3287 1261 3326 snper·
1285 3294 1309 3324 (¹.

310 3343 395 3366 num
416 3328 605 3375 auxilium,
625 3343 644 3366 a
665 3344 735 3379 quo
751 3330 960 3381 juvabatur,
983 3333 1098 3372 omnia
1124 3335 1190 3387 ipsi
1213 3336 1260 3374 le-

310 3390 365 3427 via
379 3399 410 3427 ct
426 3389 540 3428 facilia
563 3389 638 3428 visa
659 3398 753 3427 sunt.
781 3391 827 3428 Et
847 3391 1010 3432 volebam
1030 3394 1134 3433 etiam
1156 3397 1261 3437 hodic

309 3451 467 3490 camdem
493 3450 675 3494 historiam
705 3461 864 3504 tractare,
886 3452 1036 3507 indeque
1053 3457 1154 3497 vobis
1177 3474 1258 3499 con-

1327 1848 1473 1901 ¹Kopion
1504 1850 1604 1899 ἡμῶν
1632 1848 1747 1894 Ἰησοῦ
1779 1849 1951 1901 Χριστοῦ,
1983 1849 2057 1899 μεθ’
2080 1842 2118 1885 οἷ
2150 1851 2200 1901 τῷ
2235 1849 2376 1902 Πατρὶ,

1346 1911 1420 1960 ἅμα
1440 1912 1490 1961 τῷ
1510 1909 1598 1962 ἁγίῳ
1615 1908 1799 1961 Πνεύματι
1811 1939 1820 1957 ,
1841 1908 1920 1953 δόξα
1932 1940 1942 1957 ,
1956 1909 2101 1962 κράτος,
2113 1909 2199 1960 τιμὴ
2213 1940 2222 1958 ,
2236 1913 2294 1947 νῦν
2313 1909 2374 1947 καὶ

1348 1971 1421 2019 ἀεὶ,
1441 1971 1499 2009 καὶ
1522 1973 1568 2015 εἷς
1583 1970 1664 2015 τοὺς
1679 1973 1804 2014 αἰῶνας
1821 1973 1889 2008 τῶν
1910 1970 2056 2010 αἰώνων.
2089 1971 2211 2021 Ἀμήν.

1743 2114 1919 2151 Omma
1957 2111 2018 2157 ξδ’.

1346 2237 1416 2274 Καὶ
1446 2231 1532 2274 εἶδεν
1554 2235 1685 2278 Ἰούδας
1712 2235 1883 2289 θυγατέρα
1903 2235 2084 2289 ἀνθρώπου
2111 2233 2307 2273 Χαναναίου
2322 2264 2331 2281 ,
2350 2229 2374 2285 ἧ

1397 2299 1505 2348 ὄνομα
1529 2297 1628 2336 Σαύα
1642 2329 1651 2345 ,
1675 2298 1735 2335 καὶ
1755 2297 1878 2335 ἔλαέεν
1902 2297 2024 2345 αὐτὴν,
2044 2297 2103 2335 καὶ
2123 2299 2261 2344 εἷο-ἦλθε
2289 2298 2374 2348 πρὸς

1398 2359 1518 2406 αὐτὴν,
1539 2359 1598 2397 καὶ
1613 2359 1833 2397 συλλαδοῧσα
1857 2359 1969 2397 ἔτεκεν
1989 2359 2074 2406 υἱὸν,
2095 2358 2153 2396 καὶ
2173 2358 2318 2397 ἐκάλεσε
2335 2358 2374 2396 τὸ

1398 2420 1505 2471 ὄνομα
1526 2422 1629 2458 αὐτοῦ
1650 2419 1732 2472 ἼΙρ.

1397 2543 1539 2586 ‘Invi-”22
1561 2546 1654 2595 ἡμᾶς
1673 2543 1794 2596 πρῴην
1825 2547 1845 2589 ἡ
1881 2543 1970 2581 κατὰ
1999 2543 2055 2581 τὸν
2075 2541 2204 2594 Ἰωσὴφ
2239 2541 2373 2593 ἱστορία

1344 2605 1471 2649 ἐδίδαξε
1491 2609 1549 2643 ‘rob'
1576 2604 1697 2657 φθόνου
1721 2605 1783 2652 τὴν
1815 2605 1940 2655 λύμην,
1966 2604 2024 2642 καὶ
2049 2603 2141 2647 ὅπως
2160 2604 2198 2641 τὸ
2218 2602 2371 2655 ὀλέθριον

1342 2671 1442 2704 τοῦτο
1461 2666 1570 2708 πάθος
1587 2665 1650 2712 τὴν
1674 2666 1858 2704 τίκτουσαν
1875 2665 1959 2703 αὐτὸ
1979 2664 2094 2717 ψυχὴν
2114 2663 2280 2717 πρότερον
2295 2665 2372 2701 δια-

1341 2728 1482 2779 φθείρει.
1528 2727 1598 2765 Καὶ
1636 2727 1744 2765 εἴδετε
1778 2728 1871 2770 ὅπως
1901 2726 1966 2764 ὑπὸ
2007 2725 2129 2764 τούτου
2157 2729 2215 2763 τοῦ
2243 2725 2373 2770 πάθους

1343 2789 1564 2840 συσχεθέντες
1582 2791 1612 2826 οἷ
1635 2788 1775 2841 ἀδελφοὶ
1790 2791 1848 2826 τοῦ
1869 2788 1997 2840 'lumino
2014 2788 2073 2825 καὶ
2094 2791 2154 2834 τῆς
2174 2786 2371 2838 συγγενείας

1341 2850 1573 2897 ἐπελάθοντο,
1591 2850 1650 2887 καὶ
1680 2849 1806 2901 θηρίων
1843 2849 1970 2903 ἀγρίων
2003 2849 2172 2899 ὠμότητα
2206 2847 2290 2900 πρὸς
2312 2846 2370 2884 τὸν

1339 2912 1435 2950 οὐδὲν
1455 2911 1646 2957 ἠδικηκότα
1668 2911 1908 2958 ἐπεδείξαντο,
1927 2910 1989 2959 τὴν
2012 2912 2073 2962 μὲν
2094 2911 2224 2948 ἑαυτῶν
2244 2908 2370 2947 κακίαν

1338 2973 1481 3018 ἔκδηλον
1509 2973 1755 3020 πεποιηκότες,
1782 2973 1840 3011 τὸν
1862 2973 1898 3011 δὲ
1916 2973 2061 3025 ἀδελφὸν
2092 2971 2188 3010 οὐδὲν
2207 2973 2368 3009 τοσοῦτον

1339 3034 1646 3086 καταῧλάψαντες,
1668 3035 1746 3073 ὅσον
1774 3033 1912 3078 ἑαυτοὺς
1943 3033 2090 3086 αἰσχύνη
2123 3031 2366 3084 περιέὸαλλον.

1340 3097 1382 3133 1·ζί
1413 3095 1479 3147 γὰρ
1510 3096 1568 3134 καὶ
1600 3097 1788 3148 βαρὸάροις
1821 3098 1922 3136 αὐτὸν
1961 3095 2186 3147 πεπράκασι,
2214 3095 2368 3130 κάκεῖνοι

1337 3156 1440 3194 πάλιν
1470 3157 1637 3196 ἀπέδοντο
1658 3161 1706 3210 τῷ
1729 3164 1787 3197 τοῦ
1821 3157 1959 3210 Φαραὼ
1991 3155 2254 3209 ἀρχιμαγείρῳ,
2289 3155 2365 3192 ἀλλ’

1335 3217 1430 3268 ὅμως
1456 3219 1575 3266 ἐπειδὴ
1605 3214 1677 3271 εἶχε
1698 3219 1760 3266 τὴν
1786 3220 1913 3257 §tw->osv
1934 3221 2028 3270 αὐτῷ
2050 3216 2158 3269 ῥοπὴν
2180 3218 2213 3253 ἐν
2237 3216 2366 3253 ἅπασιν

1336 3280 1570 3331 ἐπαρκοῦσαν,
1599 3282 1714 3319 πάντα
1736 3285 1847 3333 κοῦφα
1871 3280 1930 3318 καὶ
1960 3279 2060 3333 ῥᾴδια
2082 3281 2176 3330 αὐτῷ
2196 3275 2365 3329 ἐφαίνετο.

1336 3341 1406 3378 Καὶ
1425 3341 1617 3391 ἑῧουλόμην
1640 3342 1701 3392 μὲν
1730 3342 1788 3380 καὶ
1808 3341 1958 3395 σήμερον
1988 3343 2049 3387 τ’ἧς
2076 3342 2181 3385 αὐτ-ἧς
2211 3335 2366 3390 ἱστορίας

1336 3402 1510 3454 ἅψασθαι,
1529 3404 1587 3441 καὶ
1604 3406 1754 3442 ἐντεῦθεν
1780 3406 1861 3455 ὑμῖν
1882 3402 2089 3455 ὓφᾶναι-τὴν
2111 3397 2339 3438 διδασκαλίαν
2357 3405 2363 3411 “

1334 3465 1410 3502 ἀλλ’
1433 3466 1465 3502 ἐν
1492 3465 1586 3516 μέσῳ
1606 3465 1704 3517 ἑτέρα
1734 3483 1783 3509 τις
1805 3465 1960 3518 διήγησις
1976 3462 2222 3515 παρέγκειται,
2241 3459 2281 3506 ἣν
2302 3459 2363 3495 οὐκ
