2516 3791
178 1945 252 1972 Gen.
270 1944 357 1982 3.19.

362 135 454 182 286
793 146 832 177 s.

358 233 464 271 bolus
480 231 617 281 intulit,
631 243 693 283 spe
706 228 872 268 videlicet
888 225 1084 266 obtinendae
1099 221 1310 273 aequalitatis

359 307 442 331 eum
462 294 539 331 Deo
560 292 701 340 inflans,
721 299 824 340 atque
852 289 888 326 in
903 283 1202 339 praevaricationis
1229 294 1309 333 pec-

360 363 479 392 catum
501 353 604 391 illum
626 351 801 403 injiciens,
817 348 846 385 si
874 347 910 384 in
935 345 1057 383 eadem
1076 342 1251 394 dignitate
1270 354 1311 378 ac

361 416 443 454 vitae
462 415 598 452 ratione
615 411 813 455 mansisset,
828 405 1007 458 quomodo
1024 418 1092 442 non
1106 403 1219 440 multo
1239 401 1311 439 fide

361 476 560 527 digniorem
583 479 737 523 putasset
752 468 950 518 malignum
967 466 1071 503 illum
1096 464 1308 514 daemonem,

362 550 470 587 quam
482 547 600 572 rerum
615 530 776 569 omnium
791 527 1033 574 Conditorem,
1048 525 1162 576 deque
1176 538 1211 562 se
1227 524 1312 562 sub-

362 595 516 642 limiora,
538 605 647 643 quam
665 589 821 641 dignitas
840 602 903 626 sua
922 587 1068 636 serebat,
1087 585 1208 623 animo
1229 598 1312 622 con·
1336 587 1360 617 D

363 654 536 707 cepisset?
556 650 696 690 Etenim
726 650 807 688 talis
828 647 1014 686 hominum
1033 655 1159 684 natura
1185 654 1250 693 est,
1275 654 1314 682 ut

363 716 392 754 si
417 713 562 765 quando
590 725 737 765 peccans
764 724 833 748 non
864 710 1077 755 refrenatur,
1104 705 1166 744 sed
1194 719 1315 743 secure

361 776 450 828 agit,
467 773 618 812 ulterius
636 771 831 824 procedens
848 770 883 807 in
899 782 1056 821 praeceps
1070 768 1215 805 feratur.
1234 766 1315 803 Alia

361 847 479 876 tamen
495 836 554 874 via
578 847 723 887 possum
752 831 948 879 ostendere,
973 829 1071 880 quod
1093 827 1315 866 clementiam

362 913 436 951 prae
455 912 491 935 se
511 897 636 942 ferens,
657 893 835 932 Adamum
859 891 1026 943 paradiso
1046 889 1186 942 jusserit
1206 902 1316 925 exce-

362 959 467 1006 dere,
489 967 523 996 et
547 955 671 994 mortis
701 967 812 1006 poeuae
841 951 961 990 fecerit
993 951 1315 988 obnoxmmmam

362 1019 531 1072 ejectione
547 1027 581 1056 et
594 1016 794 1069 propinqua
808 1011 1026 1050 habitatione
1041 1008 1315 1060 castigatiorem,

363 1080 446 1119 etin
460 1089 641 1132 posterum
661 1075 872 1114 securiorem
888 1072 1031 1118 faciens,
1047 1085 1084 1108 re
1101 1070 1175 1121 ipsa
1193 1068 1317 1106 docuit

363 1150 516 1193 quantus
545 1139 713 1189 deceptor
738 1134 845 1173 fucrit
867 1133 1019 1170 daemon.
1038 1130 1168 1168 Mortis
1198 1137 1316 1166 autem

363 1199 583 1253 supplicium
610 1205 755 1250 propter
782 1195 850 1232 hoc
882 1193 1016 1241 intulit,
1036 1201 1076 1229 ut
1100 1205 1142 1228 ne
1167 1189 1316 1242 posthac

363 1277 426 1316 per
463 1259 740 1299 inobedientiam
780 1264 924 1309 peccato
961 1252 1139 1292 obnoxius
1171 1251 1317 1289 effectus
1340 1257 1364 1286 E

365 1332 536 1376 perpetuo
570 1328 740 1373 peccaret.
760 1319 841 1355 Non
870 1315 1037 1354 videntur
1064 1313 1131 1351 tibi
1153 1313 1229 1350 baec
1245 1326 1318 1349 esse

365 1384 532 1422 maximae
555 1380 764 1430 clementiae,
781 1388 815 1416 et
829 1378 954 1431 ejicere
967 1391 986 1414 a
1002 1374 1167 1428 paradiso
1187 1383 1220 1411 et
1237 1388 1317 1426 poe-

366 1460 411 1484 na
430 1444 556 1483 mortis
570 1441 746 1496 plectere?
758 1442 906 1479 Possum
926 1446 1044 1475 autem
1060 1445 1093 1473 et
1113 1434 1211 1473 aliud
1227 1448 1319 1486 prae-

366 1516 460 1545 terea
485 1506 621 1543 afferre.
643 1502 842 1551 Qualenam
864 1499 954 1537 hoc?
977 1499 1076 1536 Hanc
1101 1495 1319 1547 indignatio-

366 1583 448 1606 nem
477 1568 528 1605 illi
551 1564 748 1611 inserendo,
772 1577 840 1601 non
867 1561 963 1614 apud
985 1561 1104 1613 ipsum
1130 1559 1321 1597 dumtaxat

365 1628 539 1667 beneficia
553 1625 753 1671 collocavit,
769 1623 828 1662 sed
848 1633 881 1661 et
903 1632 1060 1675 posteros
1074 1620 1186 1672 ipsius
1203 1633 1322 1658 exem-

367 1690 428 1742 plo
455 1688 633 1739 corrigere
663 1685 788 1725 voluit.
817 1686 909 1723 Nam
935 1683 986 1732 si,
1018 1691 1210 1735 postquam
1244 1681 1321 1718 haec

368 1759 569 1799 evenerant,
589 1749 619 1786 is
638 1748 700 1799 qui
720 1762 765 1785 ex
784 1761 824 1784 eo
844 1755 947 1783 natus
962 1753 1027 1795 est,
1049 1745 1138 1781 Ca'l'n
1159 1742 1320 1792 inquam,

369 1812 431 1863 qui
456 1825 529 1864 prae
548 1809 662 1848 oculis
683 1808 831 1848 videbat
852 1815 990 1858 patrem
1005 1819 1050 1842 ex
1064 1802 1230 1856 paradiso
1253 1803 1322 1853 eje-
1335 1835 1382 1860 2¹⁴5

370 1882 480 1921 ctum,
497 1871 716 1910 ineffabilem
730 1869 829 1907 illam
849 1866 1000 1918 gloriam
1019 1865 1197 1912 amissam,
1214 1863 1324 1900 male·
1349 1872 1374 1900 Α

371 1934 564 1976 dictionem
591 1933 692 1970 illam
719 1930 874 1976 miram,
902 1942 980 1978 quae
1007 1925 1177 1963 dicebat:
1205 1926 1324 1962 Terra

373 2011 425 2043 es,
446 2005 482 2034 et
502 1998 544 2032 in
565 2003 709 2032 terram
727 1993 866 2037 abibis,
888 1988 1015 2026 melior
1034 1987 1149 2024 factus
1168 1999 1237 2023 non
1257 1993 1322 2034 est,

373 2057 434 2096 sed
454 2055 680 2108 gravioribus
700 2067 737 2090 se
762 2050 913 2089 involvit
932 2048 1059 2087 malis:
1078 2047 1107 2085 si
1130 2060 1198 2084 non
1214 2045 1325 2084 vidis-

374 2128 425 2157 set
444 2132 522 2168 quae
536 2115 629 2169 patri
646 2113 878 2164 contigerant,
890 2111 925 2148 in
940 2123 1047 2161 quam
1062 2122 1131 2146 non
1149 2106 1326 2159 pervenis—

374 2188 426 2217 set
453 2176 653 2216 insaniam‘?
676 2174 722 2212 Et
743 2172 839 2224 quod
863 2185 945 2209 sane
964 2168 1197 2207 admiratione
1219 2166 1325 2204 fuerit

375 2240 540 2291 dignum,
563 2238 664 2275 illum
684 2236 790 2273 etiam
817 2233 878 2284 qui
899 2231 982 2270 talia
998 2229 1157 2282 peccavit
1177 2237 1209 2265 et
1225 2228 1327 2265 nefa-

375 2301 430 2338 rio
449 2298 644 2337 homicidio
668 2296 832 2334 dextram
851 2291 982 2346 polluit
1001 2290 1161 2344 puniens,
1181 2288 1325 2326 miseri—

376 2360 498 2400 cordia
517 2373 658 2413 poenam
676 2356 831 2395 miscuit.

429 2798 468 2832 Ξ.).
498 2793 545 2831 Et
569 2801 609 2830 ut
636 2790 820 2830 manifeste
851 2788 940 2827 scias
974 2785 1104 2825 divinae
1134 2783 1326 2832 bonitatis,

378 2870 457 2906 quae
469 2864 502 2892 et
518 2854 575 2891 isti
589 2853 748 2891 exhibita
766 2847 1120 2901 est,magnitudinem
1136 2862 1142 2882 :
1161 2855 1236 2883 tum
1250 2844 1328 2895 qui-

340 2952 342 2954 ,
376 2917 549 2954 demeum
562 2916 678 2951 Deum
689 2912 788 2963 gravi
797 2909 1009 2949 contumelia
1019 2909 1171 2946 afficeret
1186 2907 1329 2945 offeren-

376 2977 424 3014 do
449 2975 661 3013 sacrificium
674 3004 684 3023 ,
703 2983 739 3011 et
759 2986 927 3022 inagnum
944 2985 1017 3024 prae
1035 2984 1070 3007 se
1084 2967 1225 3006 serendo
1250 2982 1331 3005 con-

378 3047 525 3076 temtum
543 3040 553 3083 (
570 3050 637 3073 non
654 3035 747 3072 enim
764 3033 1068 3084 (lividcbatjuste,
1086 3030 1148 3068 scd
1163 3029 1331 3067 offerebat

380 3097 589 3150 simpliciter
616 3105 649 3133 ct
674 3097 805 3146 absque
831 3094 1012 3142 delectu),
1035 3092 1124 3130 nihil
1152 3091 1204 3129 vel
1226 3104 1333 3141 grave

380 3160 436 3197 vcl
454 3159 639 3196 molestum
656 3156 827 3193 adversus
843 3156 944 3193 illum
964 3155 1130 3205 loquutus
1152 3161 1203 3190 cst
1224 3153 1332 3197 Deus,

381 3219 544 3272 quamvis
572 3227 754 3270 peccatum
782 3216 899 3268 ipsum
926 3230 994 3253 non
1021 3223 1109 3253 esset
1132 3227 1281 3266 parvum
1301 3221 1334 3249 ct

382 3281 544 3331 vulgare,
562 3279 622 3316 scd
639 3277 744 3315 valde
762 3291 941 3327 magnum.
964 3278 1054 3314 Nam
1074 3275 1101 3313 si
1120 3276 1141 3312 ii
1165 3275 1225 3326 qui
1247 3288 1331 3312 con-

870 144 1055 177 JOANNJS
1090 140 1330 174 CHRYSOST.
1364 137 1571 168 ARCHIEP.
1611 135 1968 168 CONSTANTINOP-

1382 234 1453 262 σεις
1482 218 1621 256 ἅπαντα
1649 217 1707 256 διὰ
1728 222 1831 256 τοῦτο
1859 221 1944 270 παρ’
1968 219 2071 256 αὐτοῦ
2100 217 2277 268 γινόμενα.
2309 217 2398 256 Εἰπὲ

1381 278 1449 331 γάρ
1469 293 1540 328 μοι,
1561 280 1591 316 εἷ
1609 278 1668 316 καὶ
1683 278 1773 329 μετὰ
1790 278 1853 326 τὴν
1873 277 2074 330 παράὸασιν
2091 280 2160 315 τῶν
2177 279 2291 315 αὐτῶν
2308 277 2401 324 ἀπή-

1381 339 1506 377 λαυσεν
1537 341 1555 376 ὁ
1583 338 1716 389 Ἀδὰμ,
1745 344 1812 378 ποῦ
1839 341 1900 376 οὐκ
1931 338 1971 377 ἂν
1997 337 2223 384 ἐξεκυλίσθης
2259 339 2304 376 Εἰ
2335 337 2402 390 γὰρ

1385 400 1473 451 μετὰ
1501 400 1672 444 τοσαύτας
1700 400 1940 453 παραγγελίας
1965 400 2179 452 ἀνασχέσθαι
2197 397 2404 442 κατεδέξατο

1384 466 1448 509 τῆς
1479 462 1617 508 ἀπάτης
1636 465 1696 499 τοῦ
1719 462 1844 513 ὄφεως,
1869 461 1929 500 καὶ
1949 461 2012 508 τὴν
2036 460 2223 507 ἐπιδουλὴν
2245 459 2405 503 δέξασθαι

1385 528 1443 562 τοῦ
1464 523 1638 570 διαὸόλου,
1658 523 1700 570 ἢν
1723 522 1767 560 δι’
1785 525 1886 560 αὐτοῦ
1902 522 2105 574 προσήγαγε
2120 524 2164 572 τῇ
2180 523 2243 566 τῆς
2259 519 2407 563 ἷσοθεΐας

1388 585 1502 624 ἐλπίδι
1526 585 1684 636 φυσήσας
1706 583 1843 631 αὐτοὺς,
1864 583 1923 622 καὶ
1942 584 1989 626 εἷς
2006 582 2071 629 τὴν
2092 586 2155 629 τῆς
2176 581 2408 634 παραὸάσεως

1386 645 1560 700 ἁμαρτίαν
1581 645 1758 696 ἐμὸαλὼν,
1778 645 1883 683 εἶκαὶ
1906 644 1994 695 μετὰ
2016 648 2127 682 ταῦτα
2144 643 2200 682 ἐπὶ
2219 647 2281 690 τῆς
2302 644 2409 689 αὐτῆς

1387 709 1505 758 ἔμενεν
1530 706 1626 750 ἀξίας
1646 706 1705 744 καὶ
1730 707 1925 758 διαγωγῆς,
1947 707 2021 748 πῶς
2040 707 2102 742 οὐκ
2121 704 2161 742 ἂν
2180 706 2299 756 πολλῷ
2319 705 2409 755 μᾶλ-

1386 771 1444 807 λον
1465 766 1740 819 ἀξιοπιστότερον
1759 767 1917 818 ἡγήσατο
1935 765 1993 804 τὸν
2009 764 2158 816 πονηρὸν
2179 766 2306 802 ἐκεῖνον
2330 763 2407 802 δαί-

1388 844 1476 880 μονα
1495 833 1555 866 τοῦ
1575 832 1642 866 τῶν
1662 828 1750 867 ὅλων
1776 829 2003 879 δημιουργοῦ,
2032 825 2091 863 καὶ
2114 825 2256 876 μείζονα
2275 828 2338 871 τῆς
2356 825 2408 862 οἷ·

1387 890 1482 932 κείας
1502 888 1597 932 ἀξίας
1616 889 1722 927 πάλιν
1744 887 1962 940 ἐφαντάσθη,
1998 887 2068 925 Καὶ
2087 886 2154 938 γὰρ
2175 885 2320 932 τοιαύτη
2340 886 2408 922 τῶν

1387 950 1578 1005 ἀνθρώπων
1597 954 1619 997 ἡ
1644 949 1759 1001 φύσις·
1783 950 1865 988 ὅταν
1886 948 2136 1000 ἁμαρτάνουσα
2156 947 2205 998 μὴ
2229 946 2410 999 ἀναχαιτί-

1387 1013 1514 1056 ζηται,
1547 1010 1626 1047 ἀλλ’
1648 1010 1764 1052 ἀδείας
1794 1009 1983 1055 ἀπολαύει,
2013 1008 2212 1061 περαιτέρω
2241 1010 2411 1059 προϊοῦσα

1387 1070 1478 1108 κατὰ
1497 1073 1661 1121 κρημνῶν
1683 1070 1835 1107 ἄπεισιν.
1873 1068 2006 1112 Ἄλλως
2029 1068 2065 1107 δὲ
2083 1069 2142 1106 καὶ
2159 1068 2324 1120 ἑτέρωθεν
2340 1067 2412 1119 ἔχω

1389 1130 1509 1176 δεῖξαι,
1537 1130 1591 1168 ὅτι
1620 1129 1882 1182 φιλανθρωπίαν
1903 1129 1966 1175 τὴν
1991 1131 2113 1168 ἑαυτοῦ
2135 1128 2413 1179 ἐπιδεικνύμενος

1389 1193 1448 1231 καὶ
1470 1192 1614 1236 ἐξελθεῖν
1632 1191 1734 1229 αὐτὸν
1750 1194 1809 1228 τοῦ
1827 1189 2042 1242 παραδείσου
2057 1188 2263 1243 προσέταξε,
2285 1189 2344 1228 καὶ
2362 1192 2412 1241 τῷ

1388 1258 1448 1292 τοῦ
1470 1253 1617 1291 θανάτου
1639 1251 1804 1304 ἐπιτιμίῳ
1825 1251 2011 1290 ὑπεύθυνον
2038 1251 2253 1299 κατέστησε,
2283 1252 2328 1300 τῇ
2350 1250 2412 1301 μὲν

1390 1316 1542 1367 ἐκὸολῇ,
1578 1314 1639 1352 καὶ
1666 1316 1716 1365 τῷ
1741 1312 1891 1360 πλησίον
1917 1312 2116 1350 κατοικίσαι
2137 1311 2412 1364 σωφρονέστερον

1390 1375 1615 1430 ἐργαζόμενος
1645 1375 1706 1412 καὶ
1735 1376 1781 1418 εἷς
1807 1373 1846 1412 τὸ
1870 1374 1947 1420 ἑξῆς
1966 1373 2248 1426 ἀσφαλέστερον,
2277 1373 2336 1411 καὶ
2356 1372 2413 1411 διὰ

1390 1439 1458 1475 τῶν
1494 1437 1603 1490 ἔργων
1626 1436 1726 1474 αὐτὸν
1760 1435 1932 1474 διδάσκων
1950 1439 2010 1473 τοῦ
2031 1437 2231 1478 ἀπατεῶνος
2247 1433 2310 1481 τὴν
2331 1435 2412 1472 ἐπι-

1392 1498 1532 1544 δουλήν.
1559 1499 1591 1535 Τ
1594 1498 1611 1536 ὸ
1628 1497 1663 1536 δὲ
1685 1501 1744 1535 τοῦ
1760 1496 1906 1535 θανάτου
1924 1496 2096 1546 ἐπιτίμιον
2114 1495 2218 1534 πάλιν
2237 1495 2294 1534 διὰ
2313 1498 2414 1533 τοῦτο

1392 1558 1580 1609 ἐπήγαγεν,
1599 1557 1654 1595 ἵνα
1675 1557 1723 1608 μὴ
1743 1558 1862 1595 λοιπὸν
1884 1556 1940 1595 διὰ
1960 1559 2023 1602 τῆς
2042 1559 2224 1608 παρακοῆς
2243 1559 2286 1607 τῇ
2300 1557 2415 1607 ἁμαρ-

1391 1619 1449 1672 τία
1469 1618 1651 1663 ὑπεύθυνος
1670 1619 1817 1671 γεγονὼς
1837 1619 1994 1657 ἀθάνατα
2015 1618 2213 1670 ἁμαρτάνῃ.
2246 1620 2299 1656 Οὐ
2320 1617 2414 1655 δοκεῖ

1393 1676 1450 1720 οὖν
1484 1697 1538 1718 σοι
1567 1685 1678 1718 ταῦτα
1710 1680 1826 1717 πάντα
1844 1682 1906 1725 τῆς
1928 1679 2094 1731 μεγίστης
2110 1672 2198 1716 εἶναι
2216 1679 2414 1732 φιλανθρω-

1394 1742 1490 1788 πίας,
1510 1741 1568 1779 καὶ
1593 1741 1632 1778 τὸ
1652 1740 1810 1779 ἐκὸαλεῖν
1834 1744 1893 1778 τοῦ
1914 1739 2142 1794 παραδείσου,
2170 1740 2229 1777 καὶ
2249 1740 2289 1778 τὸ
2305 1755 2417 1790 τιμω-

1398 1803 1572 1854 ρήσασθαι
1602 1805 1651 1853 τῷ
1681 1806 1741 1839 τοῦ
1770 1802 1918 1840 θανάτου
1952 1801 2135 1854 ἐπιτιμίῳ,
2168 1799 2271 1854 Ἔχω
2301 1800 2417 1840 δὲκαὶ

1397 1863 1512 1915 ἔτερόν
1538 1879 1573 1900 τι
1591 1865 1805 1914 προσθεῖναι.
1830 1863 1937 1900 Ποῖον
1959 1862 1999 1908 δὴ
2020 1866 2140 1910 τοῦτο,
2155 1860 2242 1899 <Ὀτι
2258 1861 2317 1899 καὶ
2334 1860 2418 1900 ταύ-

1397 1941 1460 1972 την
1484 1927 1578 1977 αὔτῷ
1597 1923 1660 1971 τὴν
1682 1923 1918 1975 ἀγανάκτησιν
1940 1923 2137 1974 ἐπήγαγεν,
2158 1923 2220 1960 οὐκ
2248 1924 2296 1964 εἷς
2315 1921 2417 1959 αὐτὸν

1398 1987 1500 2038 μόνον
1524 1987 1711 2037 περιιστῶν
1740 1984 1783 2022 τὰ
1813 1987 1876 2030 τῆς
1903 1984 2115 2037 εὐεργεσίας,
2144 1981 2235 2021 ἀλλὰ
2260 1981 2418 2026 καὶτοὺς

1396 2048 1474 2094 ἑξῆς
1506 2046 1712 2098 βουλόμενος
1745 2046 1801 2083 διὰ
1837 2048 1904 2083 τῶν
1938 2048 1985 2088 εἷς
2017 2046 2145 2083 ἐκεῖνον
2177 2043 2417 2096 γεγενημένων

1397 2107 1688 2161 σωφρονίσασθαι.
1714 2108 1758 2144 Εἰ
1777 2106 1843 2158 γὰρ
1858 2136 1867 2153 ,
1888 2106 1947 2144 καὶ
1969 2105 2100 2143 τούτων
2120 2104 2327 2157 γενομένων,
2346 2108 2364 2143 ὁ
2384 2103 2418 2149 ἐξ

1398 2172 1500 2208 αὐτοῦ
1519 2168 1670 2221 τεχθεὶς,
1697 2172 1715 2206 ὁ
1743 2168 1832 2206 Κάϊν
1860 2168 1953 2216 λέγω
1965 2199 1974 2215 ,
1995 2169 2083 2219 ὁρῶν
2100 2169 2134 2205 ἐν
2153 2168 2343 2218 ὀφθαλμοῖς
2359 2170 2419 2205 τοῦ

1398 2231 1528 2284 πατρὸς
1560 2230 1622 2276 τὴν
1652 2232 1691 2268 ἐκ
1723 2235 1783 2268 τοῦ
1814 2228 2023 2282 παραδείσου
2045 2227 2216 2274 ἐκὸολὴν,
2244 2230 2306 2272 τῆς
2322 2225 2421 2272 δόξης

1398 2292 1530 2339 ἐκείνης
1544 2294 1605 2337 τῆς
1621 2291 1752 2344 ἀφάτου
1773 2289 1836 2337 τὴν
1856 2289 2050 2337 ἔκπτωσιν,
2078 2291 2141 2334 τῆς
2154 2289 2310 2339 κατάρας
2330 2287 2421 2325 ἐκεί-

1399 2369 1459 2401 νης
1483 2354 1521 2391 τὸ
1538 2353 1679 2404 μέγεθος
1698 2355 1760 2398 τ’ἧς
1778 2352 1957 2403 λεγούσης,
1978 2353 2030 2396 Γῆ
2049 2343 2090 2397 εἷ,
2108 2349 2167 2387 καὶ
2188 2352 2234 2392 εἷς
2248 2351 2313 2400 γῆν
2335 2350 2422 2386 ἀπε-

1398 2414 1524 2466 λεύσῃ,
1541 2414 1617 2453 οὐδὲ
1641 2413 1749 2457 οὕτως
1765 2412 1999 2464 ἐσωφρονίσθη
2011 2443 2020 2459 ,
2044 2411 2133 2450 ἀλλὰ
2154 2411 2287 2461 μείζοσι
2302 2415 2422 2453 κακοῖς

1400 2476 1519 2514 ἑαυτὸν
1541 2475 1759 2527 περιέπειρεν
1773 2490 1780 2498 ·
1801 2476 1831 2512 εἰ
1851 2473 1899 2525 μὴ
1918 2467 1986 2511 εἶδε
2004 2472 2048 2511 τὰ
2071 2475 2118 2515 εἷς
2133 2472 2190 2510 τὸν
2209 2471 2346 2524 πατέρα
2364 2487 2424 2522 γε-

1399 2537 1572 2590 γενημένα
1586 2567 1595 2585 ,
1616 2541 1682 2574 ποῦ
1698 2537 1760 2574 οὒκ
1777 2535 1815 2573 ἂν
1833 2534 1957 2585 μανίας
1975 2534 2085 2580 ἤλασε
2101 2550 2110 2581 ;
2131 2533 2202 2571 Καὶ
2219 2533 2258 2571 τὸ
2278 2532 2319 2578 δὴ
2341 2535 2423 2570 θαυ-

1402 2598 1534 2649 μαστὸν
1549 2629 1558 2645 ,
1583 2597 1635 2635 ὅτι
1659 2597 1718 2636 καὶ
1745 2597 1848 2634 αὐτὸν
1878 2595 1935 2633 τὸν
1960 2594 2004 2632 τὰ
2028 2598 2171 2632 τοιαῦτα
2190 2592 2423 2645 ἡμαρτηκότα

1400 2660 1457 2698 καὶ
1477 2663 1526 2711 τῷ
1545 2661 1658 2710 ἐναγεῖ
1684 2658 1776 2710 φόνῳ
1802 2656 1865 2704 τὴν
1890 2655 2001 2700 δεξιὰν
2033 2654 2232 2705 μολύναντα
2250 2653 2423 2705 τιμωρού-

1400 2738 1513 2771 μενος,
1530 2719 1772 2773 φιλανθρωπίᾳ
1787 2718 1850 2765 τὴν
1869 2717 2042 2770 τιμωρίαν
2061 2716 2217 2768 ἐκέρασε.

1454 2782 1522 2821 Καὶ
1542 2782 1596 2819 ἵνα
1619 2781 1729 2832 μάθῃς
1751 2783 1787 2817 ἐκ
1806 2783 1874 2817 τῶν
1893 2781 1939 2822 εἷς
1958 2783 2077 2816 τοῦτον
2105 2776 2346 2828 γεγενημένων
2364 2779 2425 2822 τῆς

1400 2843 1612 2895 ἀγαθότητος
1630 2845 1688 2879 τοῦ
1709 2844 1800 2879 Θεοῦ
1816 2841 1854 2878 τὸ
1876 2839 2028 2891 μέγεθος,
2050 2838 2154 2884 ἡνίκα
2176 2838 2237 2889 μὲν
2257 2840 2305 2881 εἷς
2321 2836 2423 2874 αὐτὸν

1400 2904 1532 2956 ὕὸρισε,
1552 2903 1611 2941 καὶ
1629 2902 1692 2949 τὴν
1712 2901 1832 2939 θυσίαν
1850 2901 1985 2951 μέλλων
2003 2900 2193 2951 προσάγειν
2209 2897 2342 2944 πολλὴν
2359 2897 2422 2943 τὴν

1400 2964 1656 3017 καταφρόνησιν
1689 2962 1909 3009 ἐπεδείξατο,
1938 2963 1999 2999 οὐκ
2031 2963 2138 3012 ὀρθῶς
2169 2958 2316 3006 διελὼν,
2346 2959 2422 2996 ἀλλ’

1401 3029 1520 3070 ἁπλῶς
1548 3025 1607 3064 καὶ
1627 3028 1672 3068 ὡς
1692 3024 1792 3076 ἔτυχε
1821 3023 1884 3069 τὴν
1916 3021 2148 3075 προσαγωγὴν
2179 3019 2425 3070 ποιησάμενος,

1401 3089 1497 3127 οὐδὲν
1531 3088 1615 3141 πρὸς
1644 3086 1746 3124 αὐτὸν
1767 3080 1840 3124 εἶπε
1863 3085 1950 3137 βαρὺ
1969 3085 2045 3121 οὐδὲ
2064 3083 2213 3134 ἐπαχθές
2227 3098 2234 3105 ·
2256 3081 2368 3120 καίτοι
2386 3097 2423 3131 γε

1402 3151 1440 3187 τὸ
1461 3148 1660 3200 ἁμαρτηθὲν
1682 3150 1719 3186 οὐ
1740 3149 1779 3186 τὸ
1795 3148 1896 3199 τυχὸν
1914 3141 1969 3192 ἦν,
1989 3144 2079 3183 ἀλλὰ
2097 3144 2156 3181 καὶ
2173 3143 2304 3195 σφόδρα
2322 3143 2423 3194 μέγα.

1407 3213 1447 3249 Ei.
1467 3211 1533 3262 γὰρ
1564 3209 1763 3261 ἀνθρώπους
1786 3207 1861 3251 τοὺς
1883 3210 2059 3258 ὁμογενεῖς
2080 3208 2111 3242 ot
2127 3211 2232 3256 τιμᾷν
2254 3203 2424 3255 βουλόμε-

1404 3289 1474 3319 νοι,
1493 3275 1561 3310 τῶν
1587 3270 1765 3323 πρωτείων
1798 3270 1857 3309 καὶ
1876 3272 1942 3307 τῶν
1968 3267 2151 3320 ἐξαιρέτων
2172 3267 2286 3308 αὐτοῖς
2304 3279 2422 3316 παρα-

382 3356 525 3393 gcncrcs
545 3339 705 3379 homines
724 3338 887 3377 honorari
904 3338 1042 3380 volunt,
1059 3338 1172 3389 prima
1195 3346 1225 3375 ct
1245 3351 1334 3388 pra*-
1356 3344 1379 3375 C
1395 3341 1561 3388 χωροῦσι,
1595 3337 1739 3372 κάκεῖνα
1770 3332 1959 3385 προσάγειν
1990 3329 2239 3373 σπουδάζουσιν
2258 3355 2266 3373 ,
2302 3326 2322 3364 ἃ
2352 3325 2422 3377 μά-

2468 168 2471 178 ι
2491 175 2494 179 .

2469 182 2471 196 1

2468 233 2472 255 !
