2516 3791
297 200 301 202 ,
329 137 424 198 044
753 156 790 186 s.

332 238 436 275 vade
469 253 480 273 .·
517 251 657 289 magno
689 241 793 275 enim
833 239 1021 276 desiderio
1053 237 1282 274 desiderasti

331 301 440 336 abire
459 301 501 336 in
526 300 682 336 domum
711 301 835 350 patris
864 301 933 335 tui.
977 298 1106 348 Quare
1113 298 1282 349 furatus

330 373 369 397 es
388 360 478 398 deos
500 374 602 397 meos
615 364 631 396 Ρ
654 358 758 407 Esto,
778 358 892 408 inquit
904 373 916 406 5
937 357 1005 395 hoc
1022 357 1219 396 decreveris
1248 367 1286 396 ut

331 420 434 457 abeas
456 420 490 457 in
513 419 660 456 domum
685 418 798 469 patris
826 418 877 455 tui
901 433 909 454 ε
931 432 1042 468 quare
1072 417 1156 456 deos
1185 432 1283 456 meos

331 480 468 517 furatus
492 480 550 517 es?
582 480 613 516 Ο
643 478 821 529 ingentem
849 478 1115 530 insipientiam!
1153 479 1285 517 talesne

332 549 414 577 sunt
426 539 478 576 dii
495 539 571 586 tui,
596 548 636 577 ut
653 539 734 590 quis
752 553 810 577 eos
824 539 936 577 furari
957 541 1088 591 queat‘:³
1108 542 1188 579 Non
1204 555 1284 579 eru-

331 600 444 637 bescis
463 599 604 648 dicens,
634 601 763 651 Quare
771 601 938 654 furatus
959 615 998 640 es
1032 603 1122 640 deos
1154 607 1286 641 meos?

332 660 427 700 Vide
444 669 574 711 quanta
605 661 674 699 fuit
693 661 822 700 erroris
851 662 1030 713 gravitas,
1051 662 1140 701 dum
1170 663 1196 701 ii
1223 663 1286 715 qui

332 721 465 759 ratione
481 721 623 773 praediti
640 732 739 760 erant
752 752 761 770 ‚
783 723 945 761 colebant
964 724 1100 776 lapides
1121 734 1154 763 et
1169 725 1281 776 ligna.

332 783 379 820 Hi
396 792 476 820 sunt
499 782 551 820 dii
565 783 641 834 tui,
663 798 684 822 o
705 784 826 822 Laban
839 815 848 833 ‚
867 785 929 836 qui
947 799 1061 836 neque
1081 800 1162 823 eum
1191 787 1288 823 fura-

332 844 402 882 turi
419 858 456 882 se
473 844 622 895 quidam
641 855 759 894 crant,
771 847 898 898 juvare
918 861 955 884 se
973 848 1192 899 potuerunt?
1215 847 1290 895 Qui

332 904 426 942 enim
454 914 594 957 possent
621 906 683 956 qui
703 920 721 943 e
742 906 861 958 lapide
881 916 962 944 sunt
988 908 1137 945 confecti
1155 908 1172 945 ἱ)
1192 910 1290 947 Deus

332 974 451 1002 autem
476 965 586 1017 justi,
617 966 800 1017 ignorante
829 968 947 1019 justo,
981 968 1156 1020 impetum
1186 978 1290 1006 tuum

333 1026 497 1064 coercuit.
519 1026 566 1064 Et
585 1041 655 1064 non
675 1027 809 1079 cogitas
835 1029 964 1066 erroris
984 1029 1290 1081 magnitudinem,

333 1096 367 1125 ct
381 1088 522 1139 justum
539 1087 626 1125 furti
643 1089 791 1139 arguis?
811 1091 932 1137 Quare
951 1090 1044 1128 enim
1070 1091 1189 1142 justus
1209 1091 1291 1130 illos

335 1148 445 1185 furari
466 1148 654 1197 voluisset,
682 1163 773 1199 quos
794 1150 1090 1196 abominabatur,
1111 1151 1182 1189 imo
1203 1166 1291 1203 quos

337 1209 469 1247 sciebat
483 1224 555 1247 csse
569 1224 672 1248 sensu
687 1225 817 1249 vacuos
828 1211 982 1264 lapides?
994 1214 1104 1250 Porro
1117 1213 1194 1251 haec
1209 1227 1292 1251 cum

337 1269 494 1308 audisset
514 1271 644 1319 Jacob,
675 1272 834 1324 primum
861 1287 989 1325 magna
1021 1274 1292 1312 mansuetudine

338 1331 384 1369 de
400 1331 546 1384 objectis
565 1332 774 1371 criminibus
795 1348 831 1371 se
850 1343 1000 1385 purgat,
1018 1343 1051 1372 et
1075 1344 1157 1373 tune
1180 1344 1218 1373 ut
1237 1335 1292 1373 in-

338 1392 525 1442 quirantur
560 1392 611 1430 dii
638 1393 752 1445 jubet.
791 1395 853 1431 51.
875 1396 973 1433 Dixi
1002 1398 1125 1443 enim,
1152 1395 1290 1447 inquit,

341 1455 509 1507 nesorte
530 1456 689 1507 auferas
698 1455 815 1507 filias
837 1464 923 1494 tuas
939 1470 965 1494 a
993 1471 1074 1503 me,
1101 1466 1137 1495 et
1162 1460 1295 1495 omnia

341 1528 436 1552 mea.
470 1514 563 1560 Quia
577 1545 586 1562 ‚
616 1514 753 1565 inquit,
773 1514 939 1554 videbam
959 1526 992 1554 te
1019 1531 1088 1554 non
1107 1517 1194 1555 bene
1213 1530 1295 1568 erga

340 1590 396 1612 me
414 1576 602 1625 affectum,
627 1575 757 1613 anxius
777 1577 829 1614 fui
852 1591 896 1613 ne
916 1577 1006 1614 forte
1033 1579 1209 1616 conareris
1235 1592 1297 1615 au-

340 1635 430 1673 ferre
442 1636 535 1673 filias
550 1645 628 1673 tuas
648 1645 681 1673 et
696 1636 881 1674 facultates
902 1651 1014 1686 meas,
1031 1647 1137 1688 atque
1157 1639 1300 1690 privare

341 1710 398 1733 me
411 1697 499 1734 meis
513 1727 524 1746 ,
538 1696 628 1734 sicut
644 1696 824 1747 quondam
839 1697 965 1735 fecisti.
984 1699 1054 1735 Ista
1071 1698 1182 1749 igitur
1195 1713 1299 1737 causa

340 1757 478 1795 timoris
498 1758 599 1807 fecit,
628 1766 666 1796 ut
688 1758 781 1796 clam
804 1767 838 1796 te
861 1759 1010 1799 abirem.
1031 1760 1209 1797 Caeterum
1231 1761 1295 1799 52.

342 1819 467 1871 Apud
486 1833 597 1871 quem
634 1822 826 1857 inveneris
846 1821 935 1857 deos
966 1828 1069 1867 tuos,
1095 1834 1173 1859 non
1192 1824 1299 1859 ‘vivet

341 1870 674 1933 coramfi’cztri'bus
701 1879 967 1920 nostris.Vides
987 1881 1166 1932 ignorasse
1187 1882 1299 1921 Jacob

343 1941 479 1978 furtum
494 1956 513 1978 a
528 1941 681 1979 Rachele
696 1942 936 1979 commissum.
953 1941 1048 1981 Vide
1063 1942 1157 1980 enim
1168 1952 1299 1993 quanta

341 2001 546 2039 austeritate
575 2002 795 2054 supplicium
826 2001 984 2040 decernit
1004 2002 1034 2040 ei
1071 2004 1134 2054 qui
1164 2004 1300 2042 furtum

341 2062 543 2100 admiserat.
565 2063 688 2114 Apud
708 2078 845 2116 (luem,
871 2064 1011 2114 inquit,
1046 2068 1194 2103 inventi
1214 2067 1301 2118 fue-

342 2126 444 2169 rint,
469 2137 546 2160 non
566 2127 672 2161 vivet
695 2126 1031 2177 concmfratriblcs
1046 2129 1198 2164 nostris.
1220 2127 1299 2164 Non

343 2184 479 2231 solum,
510 2184 649 2234 inquit,
688 2185 769 2234 quia
791 2185 949 2222 ablatum
977 2194 1043 2233 cst,
1077 2185 1139 2223 sed
1164 2196 1197 2224 et
1219 2187 1302 2236 quia

342 2214 479 2282 fuituui
493 2245 554 2294 qui
574 2244 712 2293 feccrit,
732 2245 957 2282 manifestum
980 2245 1033 2283 sui
1056 2246 1182 2297 flagitii
1202 2246 1299 2283 indi-

343 2305 437 2342 cium
457 2306 619 2357 proferet.
641 2305 748 2342 Scias
765 2308 798 2343 si
817 2306 912 2357 quid
936 2315 990 2344 est
1019 2315 1171 2343 tuorum
1195 2308 1301 2357 apud

345 2382 424 2414 me,
449 2376 484 2405 et
505 2370 645 2419 accipe.
667 2367 854 2416 Scrutare,
877 2366 1008 2417 inquit,
1027 2381 1112 2404 num
1131 2367 1221 2418 quid
1236 2367 1300 2405 ab·

344 2427 505 2465 stulcrim
516 2427 611 2478 quod
627 2426 740 2465 adme
756 2441 824 2464 non
845 2427 1064 2479 pertinuerit.
1079 2428 1179 2465 Nihil
1197 2427 1297 2465 aliud

346 2489 381 2526 in
411 2503 467 2527 me
488 2501 636 2539 arguere
664 2488 817 2540 poteris,
843 2502 950 2539 quam
969 2487 1065 2539 quod
1084 2488 1177 2525 clam
1200 2489 1297 2526 abie-

346 2556 433 2593 rim:
451 2564 483 2592 ct
502 2555 569 2592 hoc
586 2568 654 2592 non
669 2563 793 2606 sponte
806 2553 893 2603 feci,
918 2553 978 2591 sed
992 2553 1194 2605 suspicatus
1207 2554 1299 2606 inju-

346 2622 499 2671 stitiam,
521 2631 554 2659 et
574 2621 702 2660 timeus
730 2635 772 2658 ne
799 2621 908 2659 velles
929 2621 1067 2658 auferre
1088 2620 1181 2659 filias
1201 2630 1299 2670 tuas,

346 2700 379 2728 et
399 2690 488 2728 alias
507 2704 602 2727 meas
625 2690 831 2738 facultates,
849 2689 878 2726 si
897 2688 935 2726 id
962 2688 1118 2726 rescires.
1140 2690 1193 2736 Et
1223 2703 1301 2727 non

347 2761 503 2809 agnovit
525 2758 629 2809 apud
648 2771 734 2794 eum
755 2758 919 2810 aliquid.
946 2758 1152 2795 [Vesciebat
1171 2766 1301 2795 autem

347 2826 471 2862 Jacob
498 2825 602 2875 quod
621 2824 768 2861 Rachel
789 2837 887 2861 uxor
905 2837 976 2861 sna
994 2824 1299 2876 s1t7·atasuisset

347 2904 423 2928 eos.
436 2891 499 2927 55.
512 2892 711 2941 Ingressus
730 2899 859 2929 autem
872 2892 1011 2928 Laban
1030 2898 1224 2929 scrutatus
1245 2898 1301 2928 est

348 2959 503 2994 domum
521 2958 621 3003 Lm,
650 2966 685 2995 et
720 2972 796 2995 non
824 2959 989 2995 invenit.
1017 2959 1217 3008 Ingressus
1247 2964 1303 2994 est

349 3031 439 3059 ιιιιί(
443 3036 478 3058 ιιι
495 3030 529 3058 ct
546 3024 586 3058 in
604 3023 759 3060 domam
777 3023 936 3060 Rachel.
958 3022 1022 3060 54.
1046 3022 1194 3059 Rachel
1207 3035 1302 3059 ‘veto

350 3088 494 3137 arm-pit
522 3086 650 3133 ulula,
677 3095 711 3124 ιι
729 3096 855 3138 postue
877 3100 922 3124 ea
941 3088 1072 3124 subter
1087 3094 1230 3124 sitam<
1234 3093 1304 3123 ητα

351 3153 608 3198 camelorum,
632 3161 665 3190 et
685 3154 779 3190 sedit
801 3167 912 3205 super
932 3166 988 3190 ea.
1012 3154 1047 3190 E
1052 3162 1064 3190 t
1082 3153 1180 3189 dixit
1198 3152 1305 3204 patri

351 3236 417 3259 suo
439 3237 447 3256 :
470 3221 531 3257 53.
554 3221 612 3257 Ne
629 3222 937 3273 gravitersc’ras,
956 3220 1111 3257 domine
1129 3222 1182 3257 mi
1197 3236 1207 3255 .·
1227 3234 1304 3257 non

347 3302 501 3340 possum.
536 3301 689 3338 surgere
718 3301 849 3324 coram
875 3297 928 3331 te,
966 3290 1059 3339 quia
1092 3288 1303 3325 secundum

349 3356 660 3396 consueuulinern
682 3355 882 3392 mulierum
904 3355 998 3391 mihi
1014 3362 1079 3392 est.
1099 3354 1298 3392 Scrulalus

829 155 1016 186 JOANMS
1051 156 1133 185 CHR
1141 155 1292 185 YSOST.

1315 2177 1362 2201 557

1336 156 1539 201 ARCHIEP.
1578 157 1664 186 CON
1672 157 1857 187 STANTIN
1865 159 1938 187 ΟΡ.

1353 238 1517 289 χθέντων.
1533 238 1623 276 Ἀλλ’
1640 238 1758 286 ἐπειδὴ
1778 240 1838 278 καὶ
1860 257 1912 288 συ,
1929 255 2035 292 φησι,
2050 254 2151 279 τουτο
2166 241 2372 291 ἐὸουλεύσω,

1355 314 1414 336 και
1433 301 1451 336 ὁ
1467 299 1587 342 Θεός
1573 315 1664 338 εστιν
1683 303 1701 338 ὁ
1722 301 1896 347 τοσαύτην
1919 316 1980 339 σου
2000 300 2204 351 ποιούμενος
2227 305 2374 355 κηδεμο-

1357 359 1444 405 νίαν,
1461 362 1533 398 Nuv
1555 363 1612 398 οὐν
1629 360 1862 412 πεπόρευσαι·
1879 361 2048 415 ἐπιθυμία
2064 361 2132 413 γὰρ
2157 361 2377 414 ἐπεθύμησας
2427 384 2429 421 }

1357 423 1518 460 ἀπελθεῖν
1541 423 1588 464 εἷς
1605 420 1663 459 τὸν
1690 426 1780 460 οἶκον
1810 426 1870 459 τοῦ
1893 422 2025 474 πατρός
2046 437 2117 460 σου.
2133 421 2212 461 Ἵνα
2229 423 2264 461 τί
2288 423 2380 462 ἔκλε-
2427 447 2429 452 ¹

1773 481 1913 528 Ἔστω,
1944 482 2052 535 φησί·
2073 483 2173 522 τοῦτό
2199 500 2253 522 σοι
2281 484 2378 523 δεδο-

1357 485 1425 535 ψας
1444 482 1521 526 τοὺς
1540 482 1636 527 θεούς
1661 498 1748 533 μου,

1357 546 1482 597 γμένον
1502 539 1563 592 ἦν,
1584 545 1643 583 καὶ
1669 545 1806 597 ἔκρινας
1827 547 2027 583 ἐπανελθεῖν
2047 547 2096 589 εἷς
2119 546 2177 584 τὸν
2206 539 2298 585 οἶκον
2321 552 2381 586 τοῦ

1358 607 1488 659 πατρός
1503 623 1562 646 σου
1577 623 1584 630 ·
1607 606 1663 644 ἵνα
1679 607 1712 644 τί
1727 606 1806 649 τοὺς
1825 606 1921 651 θεούς
1941 623 2006 657 μου
2023 606 2188 660 ἔκλεψας;
2200 605 2250 646 Ὢ
2267 608 2383 651 ἀνοίας
2428 650 2429 655 ¹

1359 668 1535 720 ὑπερὲολή
1551 684 1558 691 ·
1578 667 1638 706 καὶ
1654 667 1802 706 τοιοῦτοί
1818 670 1902 706 εἰσιν
1919 670 1950 706 οἱ
1969 667 2042 706 θεοί
2051 684 2111 707 σου
2124 698 2134 715 ,
2149 671 2195 712 ὡς
2216 669 2276 707 καὶ
2295 671 2384 708 κλα-

1359 731 1484 776 πῆναι,
1515 729 1594 767 Οὔκ
1615 729 1763 781 αἰσχύνῃ
1796 728 1925 780 λέγων,
1958 728 2037 767 Ἵνα
2067 729 2102 767 τί
2131 729 2278 782 ἔκλεψας
2306 729 2384 774 τοὺς

1312 793 1335 822 D
1361 789 1457 832 θεούς
1483 805 1566 840 μου,
1586 789 1683 842 t‘Optat
1705 789 1799 835 πόση
1827 784 1868 836 ἦν
1893 793 1914 837 ἡ
1943 790 2118 842 ὑπερὸολὴ
2148 793 2211 836 τῆς
2239 790 2385 837 πλάνης,

1361 853 1407 894 ὡς
1419 866 1498 894 τους
1511 851 1604 903 λόγῳ
1614 850 1864 901 τετιμημένους
1875 850 1958 894 ξύλα
1973 867 2032 889 και
2045 852 2157 895 λίθους
2172 851 2385 903 θεραπεύειν.

1364 909 1432 946 Καὶ
1458 912 1489 947 οἱ
1518 925 1579 960 μεν
1609 909 1677 947 θεοι
1697 912 1728 949 οἱ
1758 909 1830 956 σοὶ,
1854 911 1882 946 ὠ
1911 909 2048 957 Λάοαν,
2077 909 2155 948 οὐδὲ
2177 910 2388 948 κλεπτεσθαι

1363 969 1546 1021 μελλοντες
1575 973 1708 1014 ἑαυτοῖς
1736 971 1864 1020 ἀμυναι
1892 968 2050 1021 ἴσχυσαν.
2074 972 2158 1014 Πῶς
2173 970 2241 1023 γὰρ
2260 974 2291 1009 οἱ
2320 970 2390 1009 ἀπο
2430 1002 2431 1006 ,

1362 1031 1496 1070 moon*
1477 1047 1572 1076 οντες
1587 1032 1826 1083 συγκείμενοι,
1851 1031 1896 1070 ‘O
1917 1031 1953 1070 δε
1969 1047 2029 1070 του
2046 1032 2180 1071 δικαίου
2203 1033 2310 1080 Θεὸς,
2331 1032 2390 1070 καὶ

1363 1094 1564 1145 ἀγνοοῦντος
1590 1097 1650 1131 τοῦ
1671 1092 1805 1131 δικαίου
1814 1091 1902 1141 ,τὴν
1923 1092 1987 1139 σὴν
2012 1092 2124 1146 ὁρμὴν
2152 1093 2290 1145 ἐπέσχε.
2321 1093 2391 1131 Καὶ

1363 1171 1426 1193 ουκ
1445 1157 1570 1199 ἐννοεῖς
1590 1170 1629 1193 το
1650 1154 1790 1206 μέγεθος
1808 1156 1871 1200 τῆς
1896 1154 2042 1202 πλάνης,
2063 1156 2153 1193 ἀλλὰ
2177 1171 2237 1193 και
2263 1158 2314 1193 τῶ
2337 1156 2390 1194 δι-

1364 1215 1453 1268 καίῳ
1484 1215 1618 1263 κλοπὴν
1647 1217 1826 1267 ἐγκαλεῖς;
1850 1215 1953 1258 Τίνος
1979 1215 2047 1267 γὰρ
2079 1215 2194 1254 ἕνεκεν
2213 1219 2231 1254 ὁ
2262 1215 2392 1259 δίκαιος

1364 1277 1513 1322 ἐκείνους
1537 1276 1724 1330 ὑφελέσθαι
1753 1277 1793 1315 ἂν
1822 1276 2046 1325 κατεδέξατο,
2072 1277 2129 1321 οὒς
2158 1277 2392 1326 ε’ὅδελύττετο,
2432 1310 2433 1314 ,

1366 1341 1497 1389 μᾶλλον
1524 1339 1558 1378 δὲ
1585 1339 1641 1383 οὒς
1661 1340 1736 1392 ᾔδει
1766 1338 1877 1382 λίθους
1897 1339 1997 1383 ὄντας
2018 1339 2247 1386 ἀναισθήτους
2262 1355 2271 1386 ;
2289 1339 2393 1377 Ἀλλὰ
2431 1376 2433 1380 Α

1365 1404 1475 1439 ταῦτα
1508 1399 1659 1474 ἀκούσας
1693 1405 1710 1440 ὁ
1738 1400 1870 1438 Ἰακὼὸ
1911 1400 2000 1451 μετὰ
2028 1402 2161 1446 πολλῆς
2186 1400 2392 1448 ἐπιεικείας,

1317 1474 1342 1505 Ε
1366 1478 1504 1514 πρωτον
1527 1461 1568 1512 μὲ
1571 1479 1588 1500 ν
1607 1463 1831 1513 ἀπολογεῖται
1862 1463 1947 1514 πρὸς
1965 1461 2010 1499 τὰ
2028 1462 2251 1515 προλαὸόντα
2271 1462 2395 1514 ἐγκλή-

1370 1538 1482 1574 ματα,
1507 1538 1565 1560 και
1591 1522 1669 1561 τότε
1688 1523 1767 1576 περὶ
1787 1539 1856 1561 των
1881 1527 1966 1561 θεων
1988 1523 2224 1577 προτρέπεται
2248 1523 2396 1569 ποιήσα-

1369 1587 1449 1621 σθαι
1471 1582 1534 1630 την
1557 1582 1709 1637 ἔρευναν.

1368 1643 1430 1686 τὰς
1457 1642 1645 1695 θυγατέρας
1675 1658 1736 1681 σου
1766 1645 1826 1682 ἀπ’
1859 1656 1964 1694 εμου,
2001 1642 2060 1681 καὶ
2092 1643 2209 1681 πάντα
2244 1643 2289 1681 τὰ
2316 1642 2396 1693 ἐμά.

1371 1704 1539 1751 Ἐπειδὴ,
1560 1704 1663 1755 φησὶν
1676 1734 1686 1752 ,
1706 1702 1824 1756 ἑώρων
1841 1719 1879 1741 σε
1903 1706 1969 1755 οὐχ
1984 1707 2087 1755 ὑγιῶς
2103 1704 2189 1755 πρός
2210 1719 2252 1755 με
2269 1703 2398 1742 διακεί-

1372 1781 1486 1816 μενον,
1503 1764 1687 1816 ἐναγώνιος
1701 1764 1838 1816 γέγονα,
1863 1764 2001 1815 μήποτε
2021 1765 2250 1818 ἐπιχειρήσῃς
2274 1764 2398 1816 ἀφελέ-

1372 1831 1452 1865 σθαι
1478 1826 1540 1869 τὰς
1559 1825 1750 1878 θυγατέρας
1770 1842 1830 1865 σου
1850 1825 1909 1863 καὶ
1936 1826 1982 1865 τὰ
2008 1826 2214 1878 ὑπάρχοντά
2243 1842 2320 1876 μου,
2340 1826 2399 1863 καὶ

1373 1887 1614 1941 ἀποστερῆσαί
1635 1903 1713 1939 με
1696 1890 1765 1925 τῶν
1793 1889 1900 1938 ε’μων,
1927 1887 2086 1939 καθάπερ
2105 1887 2172 1934 ἤδη
2189 1886 2398 1932 πεποίηκας,

1373 1949 1472 1995 Αύτη
1502 1949 1614 1988 τοίνυν
1641 1952 1663 1995 ἡ
1696 1948 1790 1986 αἰτία
1814 1964 1873 1986 και
1900 1952 1918 1988 ὁ
1947 1948 2052 2001 φόίος
2080 1946 2324 2000 παρεσκεύασε
2357 1964 2401 1998 με

1372 2011 1611 2054 λανθανόντως
1625 2010 1688 2057 τὴν
1710 2009 1911 2061 ἀποδημίαν
1931 2009 2157 2056 ποιήσασθαι.
2178 2011 2270 2062 Παρ’
2290 2004 2319 2047 ὡ
2343 2013 2400 2046 οὐν

1376 2072 1414 2111 ἂν
1445 2072 1554 2125 εὕροις
1579 2071 1658 2115 τους
1685 2070 1780 2114 θεούς
1807 2086 1880 2115 σου,
1907 2073 1944 2109 οὐ
1972 2071 2114 2117 ζήσεται
2149 2069 2302 2108 ἐναντίον
2331 2073 2402 2107 τῶν

1375 2134 1533 2185 ἀδελφων
1552 2135 1665 2182 ἡμῶν.
1689 2131 1837 2184 Ορας
1817 2148 1870 2169 οτι
1894 2130 2012 2182 ἠγνόει
2026 2135 2043 2169 ὅ
2069 2130 2202 2169 Ἰακὼὸ
2220 2131 2283 2178 τὴν
2305 2130 2402 2184 παρὰ

1328 2214 1352 2242 Α
1374 2196 1437 2240 τῆς
1459 2193 1568 2245 Ραχ
1554 2195 1599 2239 ηλ
1618 2191 1750 2239 κλοπὴν
1772 2207 2018 2243 γεγενηαενην.
2036 2191 2133 2244 ”Ορα
2153 2191 2240 2244 γὰρ
2235 2193 2308 2229 υ.εο
2319 2194 2403 2238 ὅσης

1375 2253 1606 2306 σφοδρότητος
1625 2253 1664 2290 τὸ
1683 2254 1856 2302 ἐπιτίμιον
1872 2252 1977 2305 ὁρίζει
1995 2268 2045 2289 τω
2064 2252 2128 2298 τὴν
2147 2253 2310 2299 κλοπήν
2295 2269 2402 2305 εργα-

1375 2315 1528 2367 σαμένῳ.
1558 2316 1649 2365 Παρ’
1677 2308 1705 2366 ᾧ
1736 2313 1790 2359 ἂν,
1816 2314 1934 2365 φησὶν,
1963 2315 2165 2365 εὑρεθῶσιν,
2195 2315 2233 2351 οὐ
2261 2314 2405 2361 ζήσεται

1374 2377 1526 2414 ἐναντίον
1539 2379 1606 2413 τῶν
1624 2375 1781 2427 ἀδελφῶν
1794 2377 1908 2424 ἡμῶν.
1924 2376 2000 2412 Οὐκ
2014 2373 2134 2420 ἐπειδὴ
2152 2374 2268 2425 μόνον,
2283 2374 2403 2426 φησὶν,

1375 2438 1549 2490 ὑφείλετο,
1570 2439 1645 2475 ἀλλ’
1670 2437 1722 2473 ὅτι
1753 2435 1810 2473 διὰ
1837 2439 1899 2481 τῆς
1926 2437 2058 2481 κλοπ-’ῆς
2086 2435 2211 2486 δεῖγμα
2231 2435 2403 2486 ἐναργὲςὸ

1374 2504 1525 2542 τοιοῦτος
1546 2498 1681 2550 ἐκφέρει
1697 2500 1759 2543 τῆς
1782 2497 1909 2540 οἰκείας
1934 2497 2080 2542 πλάνης.
2101 2496 2293 2548 Ἐπίγνωθι
2315 2496 2347 2534 εἴ
2370 2495 2404 2533 τί

1375 2563 1448 2600 ἐστι
1463 2564 1530 2599 τῶν
1557 2563 1626 2598 σῶν
1644 2559 1727 2610 παρ’
1742 2558 1833 2609 ἐμοὶ,
1849 2558 1907 2596 καὶ
1923 2558 2022 2596 Ades.
2037 2556 2261 2611 Ἐρεύνησον,
2282 2557 2401 2610 φησὶν,

1376 2623 1406 2660 εἴ
1425 2638 1459 2660 τι
1477 2625 1546 2659 τῶν
1575 2620 1623 2672 μὴ
1647 2619 1896 2672 προσηκόντων
1918 2618 2137 2671 ἀφειλόμην.,
2151 2619 2262 2658 Οὐδὲν
2287 2618 2405 2672 ἔτερόν

1376 2701 1433 2735 μοι
1465 2684 1557 2735 ἔχεις
1592 2680 1797 2735 ἐγκαλέσαι,
1826 2680 1848 2728 ἢ
1879 2680 1931 2720 ὅτι
1956 2680 2068 2732 λάθρᾳ
2100 2680 2163 2727 τὴν
2200 2680 2402 2731 ἀποδημίαν
2433 2704 2435 2710 ·

1375 2745 1595 2795 ἐποιησάμην
1613 2760 1620 2767 ·
1638 2743 1697 2782 καὶ
1716 2746 1816 2781 τοῦτο
1843 2744 1908 2793 οὐχ
1928 2740 2016 2779 ἑκὼν
2039 2742 2207 2788 πέπονθα,
2227 2742 2304 2779 ἀλλ’
2321 2744 2404 2794 ὑφο-

1326 2823 1348 2853 B
1377 2805 1528 2858 ρώμενος
1548 2804 1610 2851 τὴν
1629 2803 1784 2850 ἀδικίαν,
1812 2803 1871 2841 καὶ
1891 2802 2053 2846 δεδοικὼς
2073 2802 2121 2853 μὴ
2150 2804 2320 2853 βουληθῇς
2345 2801 2406 2840 καὶ

1376 2867 1437 2910 τὰς
1459 2866 1648 2918 θυγατέρας
1673 2881 1732 2903 σου
1760 2864 1960 2917 ἀφελέσθαι,
1976 2869 2077 2903 τοῦτο
2106 2863 2238 2914 μαθὼν,
2263 2863 2324 2901 καὶ
2341 2863 2404 2910 τὴν

1376 2929 1486 2973 ἄλλην
1514 2944 1578 2977 μου
1599 2924 1812 2978 περιουσίαν.
1833 2924 1902 2962 Και
1926 2940 1988 2962 ουκ
2014 2924 2160 2975 ἐπεγνω,
2186 2923 2292 2975 φησὶ,
2318 2925 2402 2977 παρ’

1373 2991 1436 3026 αὐτ
1439 3006 1467 3025 ‹›
1494 2988 1602 3027 οὐδέν.
1635 2989 1712 3026 Ουκ
1738 2986 1814 3038 ᾔδει
1842 2986 1877 3024 8:
1898 2985 2061 3024 ’lam-ff
2042 3001 2094 3023 οτι
2110 2984 2249 3036 Ἱ)αχὴλ
2271 3001 2292 3031 η
2318 2984 2403 3035 γυνὴ

1374 3052 1475 3088 αὐτοῦ
1501 3049 1579 3087 ἔκλε
1582 3051 1643 3100 Ιξνεν
1670 3046 1803 3090 αὐτους.
1825 3045 2005 3087 Εἰσελθὼν
2032 3045 2066 3083 δε
2084 3045 2205 3083 Λάὸαν
2230 3045 2403 3098 ἠρεύνησε

1372 3111 1430 3149 τὸν
1449 3106 1543 3148 οἶκον
1573 3109 1695 3155 Λείας,
1720 3108 1778 3147 καὶ
1803 3110 1868 3160 οὐχ
1895 3101 2003 3159 εῧρεν.
2024 3109 2177 3152 Ιίἰσῆλθε
2205 3107 2241 3145 δὲ
2266 3108 2326 3145 καὶ
2356 3109 2404 3151 εἷς

1374 3189 1430 3210 τον
1454 3166 1545 3209 οἶκον
1574 3169 1727 3221 Ἱ)αγήλ.
1753 3168 1894 3220 Ῥαχὴλ
1919 3168 1954 3205 δὲ
1981 3167 2087 3205 ελαὸε
2113 3168 2156 3205 τὰ
2180 3168 2328 3215 εἴδωλα,
2346 3184 2406 3206 και

1378 3234 1540 3270 ενέίαλεν
1567 3248 1630 3270 αυτ
1634 3230 1654 3268 ὰ
1685 3232 1731 3274 εἷς
1755 3229 1799 3267 τὰ
1833 3229 1996 3279 σάγματα
2027 3243 2096 3266 των
2124 3229 2315 3279 καμήλων,
2342 3245 2400 3267 και
2432 3239 2433 3242 ’

1381 3292 1584 3330 ἐπεκάθισεν
1617 3291 1754 3334 αὐτοῖς,
1786 3287 1844 3326 καὶ
1873 3291 1946 3325 εἰπε
1974 3289 2023 3339 τῴ
2058 3287 2165 3338 πατρὶ
2196 3289 2323 3334 αὐτης·
2353 3287 2401 3338 μὴ

1377 3353 1462 3405 θαρέ
1465 3369 1510 3394 (ις
1528 3352 1618 3403 φέρε
1646 3350 1721 3402 >dp
1717 3350 1741 3388 ε’
1763 3366 1826 3387 μου
1846 3366 1850 3371 ·
1873 3351 1909 3386 ο)
1935 3348 2084 3386 &Summi
2112 3350 2299 3394 αναστῆναι
2319 3349 2403 3386 ενι)-

1761 1577 1857 1621 Εἰπα
1888 1583 1973 1635 γαρ,
1997 1583 2095 1636 φησὶ,
2122 1583 2257 1634 μήποτε
2283 1583 2394 1635 ἀφέλῃ
2432 1602 2434 1606 ’
