2516 3791
663 199 705 228 ix
742 199 841 228 CXI).
882 200 973 229 xix.
1015 197 1176 228 (luxus.

78 285 144 332 ἤδη
163 283 357 336 προμηνύει
377 284 472 335 αὐτῷ
491 282 555 329 τὴν
574 282 700 320 κακίαν
720 285 779 321 τοῦ
800 285 884 320 λαοῦ
898 313 906 329 ,
937 282 995 320 καὶ
1023 283 1100 320 δια-

77 346 257 386 στέλλεται
285 344 334 395 μὴ
361 342 643 396 προσεύξασθαι,
669 343 726 381 ἵνα
756 343 816 381 καὶ
845 343 947 387 αὐτὸς
974 343 1101 382 εἰδέναι

75 407 138 460 ἔχῃ
156 409 219 454 τῆς
237 405 404 458 πονηρίας
426 404 566 444 ἐκείνων
584 405 648 452 τὴν
665 403 837 450 ἐπίτασιν,
858 407 1010 443 κάκεῖνοι
1029 404 1098 455 μοί-

75 473 178 508 θωσιν
209 469 256 512 ὡς
281 467 379 506 οὐδὲν
399 468 514 511 αὐτοῖς
533 469 550 504 ὁ
569 466 751 519 προφήτης
781 466 1037 517 συμίάλλεται,
1070 469 1099 504 εἰ

75 530 124 581 μὴ
146 531 204 569 καὶ
215 530 312 569 αὐτοὶ
329 529 373 568 τὰ
386 533 468 582 παρ’
491 532 624 568 ἑαυτῶν
644 531 850 581 εἰσενεγκεῖν
870 530 1098 580 βουληθῶσιν.

75 592 189 644 ίὈπερ
210 591 358 640 εἰδότες,
376 591 571 643 ἀγαπητοὶ,
587 590 862 643 καταφεύγωμεν
880 590 944 640 μὲν
961 589 1018 627 ἐπὶ
1038 588 1099 632 τὰς

73 655 142 692 τῶν
162 654 268 705 ἁγίων
299 653 506 706 πρεσὸείας,
532 653 590 691 καὶ
611 655 873 704 παρακαλῶμεν
899 650 990 689 ὥστε
1011 651 1098 702 ὑπὲρ

72 717 172 766 ἡμῶν
190 717 373 762 δεηθῆναι,
394 714 484 754 ἀλλὰ
501 714 550 765 μὴ
569 719 645 757 ταῖς
665 713 804 752 ἐκείνων
824 712 972 755 ἱκεσίαις
994 711 1097 762 μόνον

74 780 268 830 θαρρῶμεν,
297 776 387 814 ἀλλὰ
409 776 468 815 καὶ
495 776 592 813 αὐτοὶ
617 775 661 813 τὰ
681 777 757 813 καθ’
782 772 924 816 ἑαυτοὺς
952 773 1098 814 δεόντως

72 841 322 889 οὶκονομῶμεν,
342 838 400 876 καὶ
416 840 477 883 τῆς
496 836 555 874 ἐπὶ
570 836 610 874 τὸ
630 836 765 886 βέλτιον
787 834 984 884 μεταῧολῆς
1003 834 1097 886 ἔχω’)-

72 903 181 950 μεθα,
201 899 257 936 ἵνα
281 898 400 950 χώραν
424 899 538 948 δῶμεν
559 899 601 947 τῇ
625 896 795 948 πρεσδεία
818 898 861 947 τῇ
889 896 976 948 ὑπὲρ
995 899 1097 947 ἡμῶν

69 959 245 1010 γινομένῃ.
267 960 380 996 Τοῦτο
399 958 459 996 καὶ
477 958 583 1010 ἶ’πρὸς
609 956 725 1008 ἕτερον
752 956 936 1009 προφήτην
957 957 1061 1009 φησὶν
1080 961 1098 996 ὁ

70 1023 136 1058 τῶν
159 1019 320 1058 ἁπάντων
344 1019 527 1065 Δεσπότης
540 1035 547 1042 ·
562 1019 643 1071 Οὐχ
663 1021 744 1071 ὁρᾷς
764 1018 798 1055 τί
819 1018 916 1056 αὐτοὶ
935 1023 1095 1062 ποιοῦσι,

68 1084 235 1134 Θυμιῶσι
253 1081 373 1134 στέαρ,
391 1081 450 1120 καὶ
468 1083 630 1133 χαυῶνας
646 1083 786 1118 ποιοῦσι
804 1083 846 1131 τῇ
867 1087 1016 1132 στρατιᾷ·
1035 1084 1095 1118 τοῦ

69 1144 226 1195 οὐρανοῦ·
257 1143 440 1195 μονονουχὶ
459 1144 569 1194 λέγων
599 1141 685 1193 πρὸς
705 1140 808 1179 αὐτόν
825 1157 832 1164 ·
851 1141 940 1193 ὑπὲρ
964 1142 1096 1180 τούτων

69 1220 111 1254 με
130 1206 358 1256 παρακαλεῖς,
370 1206 439 1242 τῶν
455 1205 521 1256 οὐχ
538 1202 734 1255 ἱσταμένων
753 1204 815 1248 τῆς
831 1202 1011 1267 πονηρίας,
1026 1205 1094 1241 τῶν

66 1265 232 1315 οὐδεμίαν
251 1265 411 1313 αἴσθησιν
430 1264 682 1315 λαμὸανόντων
696 1267 757 1310 τῆς
776 1264 876 1302 νόσου
893 1265 928 1301 ἐν
947 1269 970 1316 ᾗ
990 1264 1094 1303 κατέ-

65 1342 201 1378 χονται,
217 1328 295 1364 ἀλλ’
312 1326 420 1370 οὕτως
434 1326 639 1377 ἀναλγήτως
652 1324 879 1376 διακειμένων
893 1342 902 1373 ,
919 1328 1000 1378 Οὐχ
1013 1329 1095 1379 ὁρᾷς

67 1389 180 1425 αὐτῶν
199 1387 262 1435 τὴν
280 1387 569 1440 ὑπερὸοίλλουσαν
588 1386 868 1439 καταφρόνησιν,
893 1388 931 1425 οὐ
953 1387 1095 1439 βλέπεις

66 1450 179 1486 αὐτῶν
199 1448 262 1496 τὴν
283 1448 410 1500 μανίαν
440 1447 505 1495 τὴν
531 1447 688 1494 πολλήν,
722 1449 796 1491 πῶς
826 1447 962 1486 οὐδέπω
992 1447 1094 1500 κόρον

65 1509 226 1563 εἰλήφασι
247 1512 311 1556 τῆς
328 1509 501 1557 ἀσεῧείας,
520 1509 611 1547 ἀλλὰ
628 1508 787 1562 καθάπερ
804 1504 843 1553 ’ὗς
862 1511 897 1547 ἐν
920 1509 1093 1562 βορῧόρῴ,

64 1571 170 1616 οὕτως
186 1573 469 1624 ἐγκαλινδοῧνται
497 1578 573 1616 ταῖς
591 1571 735 1615 οἰκείαις
753 1572 1009 1624 παρανομίαις,
1030 1573 1090 1621 Μὴ

63 1633 148 1685 γὰρ,
166 1635 194 1672 εἷ
213 1633 396 1672 ἐὸούλοντο
411 1633 648 1686 ἐπιστρέφειν,
669 1636 941 1686 παρακληθῆναι
960 1633 1091 1685 ἀνέμε-

62 1709 140 1741 νον,
157 1696 235 1734 Οὐκ
249 1695 319 1747 ἐγώ
333 1697 406 1746 εἰμι
424 1697 442 1733 ὁ
462 1695 519 1733 διὰ
537 1697 607 1733 τῶν
628 1698 816 1748 προφητῶν
839 1697 928 1747 βοῶν
950 1696 1009 1734 καὶ
1028 1697 1089 1735 λέ-

62 1772 132 1807 γων
146 1773 153 1780 ·
182 1757 257 1798 Καὶ
289 1750 385 1795 εἷπον
423 1757 512 1808 μετὰ
543 1757 584 1795 τὸ
615 1760 804 1809 πορνεῦσαι
836 1757 944 1804 αὐτήν
959 1773 966 1781 ·
1001 1759 1090 1808 μετὰ

63 1822 174 1857 ταῦτα
190 1820 305 1858 πάντα
319 1819 405 1871 πρός
421 1835 465 1870 με
481 1819 709 1872 ἀνάστρεψον,
724 1820 783 1857 καὶ
798 1821 860 1858 οὐκ
877 1819 1088 1873 ἀνέστρεψε,

63 1880 124 1927 Μὴ
143 1880 211 1933 γὰρ
232 1880 346 1934 ἕτερόν
365 1897 398 1919 τι
420 1883 538 1927 ζητῶ,
558 1881 580 1927 ἢ
600 1880 802 1920 παύσασθαι
829 1884 891 1928 τῆς
921 1882 1091 1935 πονηρίας

62 1942 178 1992 μόνον,
199 1942 257 1981 καὶ
274 1946 398 1990 στῆναι
416 1945 486 1981 τῶν
504 1945 642 1991 κακῶν,
664 1941 713 1993 μὴ
732 1942 798 1995 γὰρ
818 1942 908 1994 ὑπὲρ
925 1946 994 1981 τῶν
1013 1959 1088 1982 πα-

1217 199 1374 229 nomm.
1416 199 1538 229 xilv,
2036 190 2128 254 5¹¹.)

1166 282 1241 334 jam
1257 282 1472 333 praenuntiat
1491 283 1521 320 ei
1544 283 1668 335 populi
1687 285 1892 335 nequitiam,
1911 294 1945 322 et
1965 288 2131 337 prohibet

1172 356 1214 380 ne
1232 351 1410 395 precetur,
1433 353 1472 382 ut
1487 353 1521 383 et
1537 344 1611 397 ipse
1627 344 1717 383 scire
1739 354 1844 397 queat
1862 347 2040 397 ingentem
2061 351 2129 387 Ju-

1170 404 1330 442 ‹laeornm
1357 405 1624 457 perversitatem
1647 422 1655 443 :
1675 415 1709 445 et
1741 406 1794 445 illi
1816 408 1927 446 sciant
1957 407 2048 446 nihil
2080 409 2130 447 eis

1172 464 1337 516 prodesse
1365 467 1595 519 proplietam,
1619 467 1685 506 nisi
1705 477 1738 506 et
1758 468 1824 521 ipsi
1854 483 1932 520 quae
1960 483 2023 507 sua
2046 479 2127 508 sunt

1171 527 1326 577 proferre
1345 527 1467 566 velint.
1489 528 1528 566 ld
1548 529 1709 576 scientes,
1727 528 1862 579 dilecti,
1881 530 2130 582 confugiamus

1169 586 1214 623 ad
1229 597 1432 626 sanctorum
1453 604 1585 641 preces,
1601 600 1633 628 et
1653 606 1793 629 oremus
1811 600 1848 629 ut
1868 606 1931 644 pro
1953 593 2055 631 nobis
2074 593 2128 631 in-

1121 660 1144 689 (¹.
1171 647 1349 686 toi-cedant
1366 664 1374 684 :
1394 649 1455 687 sed
1472 664 1538 687 non
1555 651 1699 689 illorum
1716 653 1881 704 precibus
1896 663 2033 692 tantum
2047 668 2129 693 con-

1170 707 1339 757 fidamus,
1357 710 1417 748 sed
1438 719 1470 748 et
1490 711 1559 763 ipsi
1581 722 1712 760 nostra,
1727 723 1764 751 ut
1783 724 1932 766 oportet,
1948 715 2130 769 dispense-

1170 783 1248 806 mus
1258 779 1362 819 recte,
1378 780 1411 809 et
1420 770 1466 808 ad
1482 771 1627 810 meliora
1639 787 1776 825 semper
1788 777 1944 814 converti
1961 777 2128 828 nitamur,

1170 839 1206 867 ut
1226 830 1346 869 locum
1359 831 1486 870 demus
1502 834 1652 871 orationi
1670 849 1748 886 quae
1760 850 1824 887 pro
1839 837 1940 875 nobis
1955 839 2127 878 funditur.

1169 891 1246 930 lloc
1264 902 1298 930 et
1315 893 1361 931 ad
1387 894 1499 932 alium
1519 896 1730 948 prophetam
1748 897 1836 934 dicit
1858 898 2032 937 Dominus
2050 902 2129 939 uni-

1172 968 1355 993 versorum
1373 971 1381 992 :
1402 957 1494 995 Non
1512 958 1622 996 vides
1649 960 1745 1010 quid
1767 959 2011 1012 ipsisaciunt
2025 964 2042 998 Ρ
2062 966 2129 1000 ln·

1169 1019 1337 1056 cendunt
1354 1019 1521 1070 adipem,
1542 1028 1578 1058 et
1595 1020 1814 1074 placentas·
1818 1022 1971 1072 faciunt
1986 1027 2129 1062 exerci—

1169 1081 1227 1116 tui
1247 1079 1336 1118 caelt
1350 1095 1364 1116 :
1387 1094 1428 1118 ac
1447 1080 1476 1118 si
1495 1080 1628 1120 diceret
1647 1097 1655 1118 :
1674 1083 1743 1120 Pro
1763 1083 1835 1120 illis
1857 1097 1913 1121 me
1930 1097 2047 1135 rogas,
2067 1087 2129 1136 qni

1167 1153 1186 1176 a
1207 1149 1350 1191 peccato
1368 1155 1437 1180 non
1449 1140 1636 1192 desistunt,
1651 1144 1714 1195 qui
1728 1153 1846 1182 carent
1860 1159 1963 1183 sensu
1980 1146 2130 1184 infirmi-

2182 562 2333 590 luvocata..

2144 610 2172 631 el
2189 607 2330 633 inivssv-«-

2144 648 2186 674 siu
2221 654 2332 674 sanci«.-

2144 698 2222 717 rum.

2143 973 2196 1000 Jer
2231 983 2257 1010 ς4
2284 985 2328 1013 ¹7·

2149 1014 2195 1044 18.

1167 1201 1250 1239 tatis
1271 1217 1343 1241 suae
1362 1217 1433 1254 qua
1454 1203 1630 1255 laborant,
1644 1205 1702 1244 sed
1723 1206 1776 1244 sic
1794 1206 1894 1244 nullo
1909 1206 2033 1245 dolore
2047 1218 2132 1246 sunt
2154 1235 2159 1238 -

1166 1262 1309 1301 affecti?
1322 1265 1401 1302 Non
1419 1263 1519 1303 vides
1537 1280 1719 1305 summum
1739 1281 1860 1305 eorum
1881 1277 2100 1306 contemtum
2112 1270 2130 1306 t>

1118 1331 1143 1361 D
1166 1337 1234 1362 non
1261 1324 1362 1363 vides
1387 1339 1510 1364 eorum
1528 1341 1696 1379 magnam
1725 1329 1931 1368 insaniam?
1949 1331 2129 1382 quomodo

1166 1386 1322 1424 nondum
1341 1386 1512 1426 satientur
1525 1388 1718 1442 impietate,
1735 1390 1798 1429 sed
1812 1392 1912 1443 quasi
1926 1406 1985 1430 sus
1999 1393 2035 1431 in
2053 1393 2128 1431 luto

1163 1461 1200 1485 se
1217 1447 1379 1487 volutent
1404 1448 1441 1487 in
1461 1449 1712 1501 iniquitatibus
1728 1452 1832 1491 suis?
1853 1453 1982 1492 Annon
2002 1454 2031 1492 si
2048 1455 2127 1493 vel-

1162 1508 1236 1546 lent
1262 1510 1434 1559 converti,
1455 1510 1619 1550 audirent
1639 1513 1889 1553 cohortantes?
1915 1516 2041 1554 Nonne
2062 1530 2128 1568 ego

1160 1583 1242 1607 sum
1260 1584 1323 1623 per
1339 1571 1529 1624 prophetas
1548 1573 1723 1625 clamans,
1743 1584 1777 1613 et
1800 1575 1922 1614 dicens
1939 1592 1948 1614 :
1969 1578 2024 1614 Et
2043 1578 2129 1616 dixi

1157 1641 1364 1684 postquam
1389 1635 1473 1686 ipsa
1491 1643 1662 1674 scortata
1677 1645 1731 1675 est
1750 1653 1761 1673 .·
1778 1638 1875 1676 Post
1894 1640 1976 1677 hoec
1993 1642 2126 1678 omnia

1160 1693 1214 1730 ad
1233 1707 1292 1731 me
1308 1703 1542 1745 convertere,
1561 1705 1598 1734 et
1618 1711 1697 1735 non
1709 1707 1765 1736 est
1789 1711 1974 1738 conversa
1992 1703 2010 1736 Ρ
2027 1701 2125 1738 Num

1158 1752 1259 1791 aliud
1275 1768 1396 1805 quaero
1409 1785 1420 1804 ‚
1439 1769 1549 1806 qnam
1576 1767 1615 1795 ut
1634 1758 1818 1809 quiescant
1836 1774 1856 1797 a
1875 1769 2019 1813 peccato
2044 1770 2123 1799 tan-

1158 1823 1247 1864 tum,
1266 1827 1299 1853 et
1318 1815 1444 1854 sistant
1469 1817 1590 1855 mala?
1614 1832 1702 1856 num
1721 1834 1785 1872 pro
1804 1821 1996 1873 praeteritis
2014 1822 2122 1860 ratio-

1156 1889 1237 1913 nem
1250 1875 1368 1928 exigo,
1380 1877 1410 1915 si
1421 1877 1563 1916 videam
1577 1878 1657 1918 illos
1666 1880 1758 1918 velle
1769 1881 1993 1934 resipiscere?
2002 1896 2120 1922 nonne

1156 1933 1316 1984 quotidie
1346 1935 1488 1984 clamo,
1506 1936 1651 1976 dicens:
1678 1939 1882 1991 Numquid
1913 1941 2119 1981 voluntate

63 2004 253 2055 ρελθόντων
281 2004 422 2049 εὐθύνας
447 2007 604 2050 ἀπαιτῶ,
625 2003 684 2042 ἐὰν
715 2003 778 2042 ἴδω
805 2005 1089 2055 μεταὲοίλλεσθαι
1109 2005 1133 2035 Ε
1157 1995 1251 2033 U⁰l⁰
1271 2005 1430 2035 mortem
1447 2002 1678 2049 Peccatori-⁹7
1702 2001 1799 2038 sicut
1825 2005 2001 2040 converti
2030 2017 2119 2042 eum

62 2065 372 2116 βουλομένους,οὐ
400 2068 477 2106 καθ’
509 2066 660 2112 ἑκάστην
688 2065 824 2118 ἡμέραν
858 2068 928 2117 βοῶ
955 2066 1086 2118 λέγων·

59 2129 113 2165 Οὐ
137 2128 276 2174 θελήσει
296 2128 386 2166 θέλω
404 2127 462 2166 τὸν
484 2128 630 2166 θάνατον
651 2131 711 2165 τοῦ
732 2129 962 2179 ἁμαρτωλοῧ,
981 2131 1030 2172 ὡς
1049 2128 1088 2166 τὸ

59 2189 266 2241 ἐπιστρέψαι
282 2189 341 2226 καὶ
358 2191 418 2240 ζῇν
439 2189 563 2236 αὐτόν,
582 2191 635 2227 Οὐ
658 2188 714 2227 διὰ
732 2192 834 2226 τοῦτο
853 2189 967 2227 πάντα
984 2191 1086 2238 ποιῶ,

58 2250 113 2288 ἵνα
129 2253 191 2296 τῆς
209 2250 385 2295 ἀπωλείας
403 2250 590 2301 ἐξαρπάσω
607 2250 686 2294 τοὺς
705 2251 763 2288 ἐπὶ
792 2253 836 2302 τῇ
862 2250 978 2303 πλάνῃ
998 2267 1085 2303 προ-

57 2311 374 2363 κατειλημμένους,
393 2311 456 2359 Μὴ
476 2311 555 2364 γὰρ,
571 2312 631 2351 ἐὰν
652 2312 714 2350 ἴδω
735 2312 1085 2363 μεταὸαλλομένους,

56 2373 302 2425 ὑπερτίθεμαι,
322 2374 401 2411 Οὐκ
417 2372 488 2425 ἐγώ
507 2375 580 2424 εἰμι
598 2377 616 2412 ὁ
634 2372 746 2426 λέγων
761 2389 769 2397 ·
796 2372 880 2412 Ἔτι
898 2374 1087 2419 λαλοῦντός

57 2448 116 2471 σου
136 2435 222 2486 ἐρῶ·
249 2433 319 2472 ἰδοὺ
346 2435 494 2487 πάρειμι
512 2450 520 2480 ;
542 2436 605 2482 Μὴ
628 2435 697 2488 γὰρ
715 2434 824 2480 οὕτως
844 2436 941 2474 αὐτοὶ
961 2438 1084 2474 ἐπιθυ-

1155 2065 1192 2094 et
1205 2060 1337 2096 vivere
1351 2062 1368 2095 Ρ
1386 2059 1510 2097 Nonne
1527 2068 1714 2112 propterea
1735 2060 1855 2100 omnia
1875 2062 1967 2101 facio
1981 2093 1992 2113 ,
2012 2073 2051 2102 ut
2071 2064 2118 2102 ab

1156 2118 1300 2156 interitu
1330 2119 1479 2171 eripiam
1502 2134 1561 2158 eos
1588 2121 1650 2171 qui
1671 2121 1718 2159 ab
1737 2136 1854 2161 errore
1879 2125 2119 2177 praeoccupati

1155 2179 1254 2217 sunt?
1269 2182 1396 2218 Annon
1412 2181 1440 2218 si
1456 2180 1599 2220 videam
1616 2196 1816 2234 conver5057
1830 2184 1980 2223 differo?
1993 2186 2121 2225 Nonne

1154 2253 1219 2292 ego
1241 2254 1321 2278 sum
1340 2242 1402 2292 qui
1418 2241 1500 2280 dico
1517 2257 1525 2278 :
1547 2243 1697 2282 Adhuc
1714 2253 1749 2283 te
1766 2244 1950 2296 loquente
1967 2247 2117 2285 dleam:

1154 2315 1240 2341 ecce
1253 2292 1415 2341 adsum?
1430 2304 1527 2342 Num
1542 2304 1592 2342 sic
1604 2305 1672 2358 ipsi
1685 2320 1756 2344 sua:
1773 2306 1900 2346 salutis
1909 2307 2007 2346 avidi
2020 2318 2117 2359 sunt,

1155 2372 1197 2401 ut
1214 2364 1306 2402 mihi
1319 2365 1357 2403 in
1374 2365 1504 2418 optatis
1521 2376 1572 2404 cst
1587 2380 1709 2406 omnes
1722 2367 1885 2407 homines
1899 2369 2017 2409 salvos
2028 2370 2118 2419 fieri,

1156 2434 1190 2463 et
1215 2425 1262 2464 ad
1277 2426 1496 2478 agnitionem
1511 2428 1672 2467 veritatis
1688 2429 1828 2468 venire?
1842 2432 1939 2469 Num
1949 2432 2044 2471 enim
2057 2447 2120 2472 vos

56 2497 160 2544 μοῦσι
176 2498 238 2541 τῆς
257 2498 390 2534 ἑαυτῶν
411 2495 599 2548 σωτηρίας,
622 2499 668 2540 ὡς
689 2497 767 2547 ἐμοὶ
782 2497 1085 2549 περισπούδαστόν
1095 2517 1144 2543 450
1155 2501 1200 2526 CX
1216 2488 1330 2526 1¹¹h¹l⁰
1349 2488 1506 2542 Pmduxj
1520 2520 1532 2540 γ
1555 2499 1593 2528 Ut
1618 2491 1793 2542 Perdam:³
1819 2506 1906 2530 num
1921 2507 1997 2531 5¹1¹ss
2015 2508 2121 2532 causa

55 2556 148 2593 ἐστιν
169 2556 324 2601 ἅπαντας
342 2556 544 2609 ἀνθρώπους
566 2560 732 2606 σωθῆναι,
751 2558 811 2596 καὶ
830 2561 879 2602 εἷς
897 2558 1084 2610 ἐπίγνωσιν

55 2617 218 2663 ἀληθείας
249 2621 379 2667 ἐλθεῖν,
402 2618 462 2666 Μὴ
494 2619 562 2672 γὰρ
588 2619 645 2658 διὰ
669 2619 772 2658 τοῦτο’
791 2635 829 2658 σε
860 2621 1007 2659 ἀπὸτοῦ
1035 2621 1084 2672 μὴ

54 2684 149 2728 ὄντος
165 2685 386 2737 παρήγαγον,
401 2685 459 2723 ἵνα
479 2686 663 2735 ἀπολέσω,
680 2687 729 2738 μὴ
751 2686 819 2739 γὰρ
836 2689 912 2739 εἰκῇ
930 2687 994 2735 τὴν
1018 2691 1084 2740 βα-

54 2753 186 2791 σιλείαν
201 2753 259 2791 καὶ
275 2753 320 2791 τὰ
334 2754 442 2807 μυρία
461 2754 520 2793 καὶ
539 2755 723 2808 ἀπόρρητα
743 2754 858 2807 ἀγαθὰ
874 2756 1083 2809 ηὐτρέπισα,

53 2819 149 2871 Οὐχὶ
179 2820 236 2858 διὰ
260 2823 362 2858 τοῦτο
384 2821 444 2859 καὶ
468 2821 608 2872 γέενναν
636 2822 838 2872 ἠπείλησα,
862 2823 918 2862 ἵνα
947 2826 995 2868 εἷς
1019 2825 1082 2873 τὴν

55 2886 234 2936 βασιλείαν
249 2887 405 2931 ἅπαντας
422 2888 480 2926 καὶ
493 2888 549 2927 διὰ
563 2888 686 2927 τούτου
700 2890 845 2941 δραμεῖν
857 2890 1082 2943 παρασκευά-

53 2970 123 3002 σω,
150 2955 213 3003 Μὴ
238 2955 365 3002 τοίνυν,
381 2949 410 2994 ὦ
431 2956 583 3008 μακάριε
598 2959 775 3010 προφῆτα,
795 2958 946 3002 ἐκείνους
964 2975 1076 2997 κατα-

51 3021 246 3072 λιμπάνων,
265 3021 343 3073 ἐμοὶ
362 3023 519 3075 πρόσαγε
534 3023 598 3070 τὴν
613 3024 852 3076 παράκλησιν,
872 3026 949 3064 ἀλλ’
971 3025 1006 3064 ἕν
1024 3041 1079 3064 σοι

53 3092 152 3128 τοῦτο
176 3089 234 3128 διὰ
253 3091 405 3137 σπουδῆς
421 3091 526 3139 ἔστω,
548 3090 639 3129 ὥστε
654 3093 716 3136 τῆς
734 3090 872 3129 ἐκείνων
890 3091 990 3130 νόσου
1012 3107 1079 3130 πε-

54 3156 259 3208 ριγενέσθαι,
279 3158 338 3196 καὶ
359 3160 407 3202 εἷς
427 3157 587 3206 αἴσθησιν
606 3161 749 3209 ἀγαγεῖν
769 3160 832 3205 τῆς
853 3158 1051 3211 ἀῤῥωστίας
1065 3190 1076 3209 ,

51 3223 110 3261 καὶ
124 3224 210 3274 πρὸς
232 3225 363 3276 ὑγίειαν
378 3226 622 3277 ἐπαναγαγεῖν,
647 3225 761 3264 καὶτὰ
775 3228 858 3278 παρ’
887 3227 973 3277 ἐμοῦ
989 3227 1078 3266 ποίν-

1107 2556 1133 2585 Λ
1153 2563 1304 2602 regnum
1322 2551 1486 2590 futurum
1524 2561 1558 2590 et
1577 2551 1762 2591 innumera
1781 2553 1873 2592 bona
1890 2556 2118 2607 [raeparavii’

1154 2614 1280 2650 Annon
1299 2621 1444 2665 propter
1468 2613 1536 2651 hoe
1556 2622 1590 2652 et
1609 2613 1806 2665 gehennam
1834 2615 1990 2654 minatus
2018 2631 2116 2667 sum,

1155 2683 1194 2711 ut
1212 2673 1323 2727 hujus
1344 2683 1441 2712 metu
1463 2675 1625 2714 homines
1644 2675 1680 2714 in
1701 2690 1852 2728 regnum
1872 2678 2040 2717 ccelorum
2060 2679 2118 2718 in-

1152 2734 1368 2774 troducam?
1388 2736 1441 2773 Ne
1474 2736 1610 2788 igitur,
1640 2751 1661 2776 o
1682 2737 1784 2776 beate
1809 2739 2006 2792 propheta,
2037 2741 2119 2779 illos

1152 2797 1378 2848 relinquens,
1398 2797 1488 2835 mihi
1517 2797 1646 2835 asseras
1678 2798 1875 2837 orationem
1895 2816 1904 2836 :
1926 2799 1989 2839 sed
2023 2801 2117 2840 illud

1153 2872 1266 2896 unum
1286 2856 1352 2895 tibi
1373 2872 1466 2895 curae
1486 2857 1543 2908 sit,
1564 2867 1603 2896 ut
1619 2858 1767 2897 illorum
1788 2860 1936 2900 morbus
1957 2872 2115 2912 sanetur,

1152 2928 1186 2957 et
1212 2919 1249 2957 in
1276 2932 1418 2956 sensum
1439 2918 1658 2957 infirmitatis
1678 2934 1750 2958 suae
1769 2930 1877 2973 atque
1904 2922 1952 2961 ad
1969 2923 2115 2963 valetu-

1151 2980 1271 3019 dinem
1286 2980 1296 3017 i
1300 2980 1355 3032 psi
1369 2978 1596 3030 reducantur5
1612 2989 1645 3018 et
1661 2995 1738 3020 mea
1752 2983 1898 3022 omnino
1911 2995 2114 3036 sequentur.

1151 3042 1276 3093 Neque
1297 3041 1392 3079 enim
1411 3055 1530 3079 moror
1543 3071 1553 3090 ,
1583 3041 1639 3080 vel
1660 3041 1789 3082 differo
1802 3074 1814 3095 ,
1839 3045 1982 3096 quando
2010 3046 2114 3086 video

1150 3103 1308 3141 animam
1337 3112 1475 3155 gratam
1496 3119 1504 3140 :
1528 3117 1640 3141 unum
1662 3105 1756 3144 enim
1776 3114 1916 3146 tantum
1943 3109 2087 3160 requiro
2101 3141 2112 3160 ‚

1150 3179 1276 3218 nempe
1284 3174 1322 3202 ut
1331 3165 1565 3203 confiteantur
1575 3175 1727 3218 peccata,
1739 3176 1770 3206 et
1783 3168 1830 3206 ab
1841 3169 1892 3208 eis
1901 3170 2111 3222 abstineant,

1153 3236 1186 3265 et
1207 3241 1276 3265 non
1296 3227 1389 3265 ultra
1407 3226 1517 3265 infero
1537 3241 1679 3279 poenam
1699 3231 1864 3281 peccatis.
1887 3233 1984 3271 Num
2005 3247 2114 3285 grave

93 3356 106 3371 ¹·
132 3353 211 3392 Πρὸς
226 3351 327 3389 ἕτερον
351 3355 525 3394 vop-Arm,
541 3348 589 3380 ad
610 3348 715 3380 alium
734 3347 943 3392 prophetam.
959 3348 1059 3393 Atqui
1093 3351 1186 3393 cujus
1202 3349 1296 3383 locus
1309 3348 1459 3390 affertur,
1475 3361 1593 3393 nempe
1607 3351 1778 3386 Jeremias.

50 3397 137 3440 idem
159 3400 228 3442 ipse
251 3398 414 3442 propheta
436 3408 486 3434 est
508 3402 535 3433 is
558 3402 614 3444 qui
638 3400 691 3434 hic
718 3409 1012 3441 commemoratur,
1028 3410 1061 3434 et

2140 1584 2194 1612 Jer
2222 1584 2249 1612 3.
2278 1598 2292 1625 7

2133 1950 2248 1980 lim-11.
2275 1950 2322 1980 18.

2133 1992 2184 2022 23.

2141 2256 2198 2284 lsa
2223 2255 2326 2292 .s=8.y.

2137 2383 2165 2405 1.
2193 2379 2319 2406 T.n1.s:.

2133 2415 2164 2458 4.

2150 3121 2191 3149 Co
2204 3123 2302 3149 dumo

2182 3171 2315 3200 presan.»-

2128 3217 2202 3233 rum.
