2516 3791
673 198 716 230 tx
754 200 856 231 car.
896 200 968 229 xi„
1008 197 1167 228 Gestis.
1210 195 1368 226 uomit..
1411 195 1534 225 intui.
2070 183 2161 246 {397

111 286 170 327 καὶ
185 288 224 326 ἐκ
241 285 363 324 τούτου
382 283 446 331 τὴν
463 283 648 336 φιλόσοφον
668 282 832 334 γνώμην·
853 283 946 326 ὅπως
967 281 1056 333 μετὰ
1076 284 1136 320 ἀν·
1209 279 1300 317 Nam
1314 277 1397 317 vide
1416 279 1492 331 ejus
1506 277 1793 331 philosophicam
1812 289 1977 321 mentem,
1989 283 2165 332 quomod«,

110 347 225 401 δρείας
237 346 354 399 ἔφερεν
376 345 528 390 ἅπαντα,
544 343 601 382 διὰ
620 344 761 383 πάντων
781 342 916 391 πολλὴν
932 343 996 391 τὴν
1016 357 1137 381 ταπει-
1210 339 1348 378 fortiter
1372 338 1493 378 tulerit
1516 339 1648 388 omnia,
1668 339 1705 377 in
1733 339 1901 378 omnibus
1921 354 2086 392 magnam
2106 342 2166 380 de-

109 406 322 460 νοςρροσύνην
359 403 648 456 ἐπιδεικνύμενος.
684 405 752 443 Καὶ
792 404 950 452 ποιήσεις
986 406 1041 442 ἐπ’
1076 401 1137 453 ἐμὲ
1161 413 1184 443 Ε
1209 400 1348 438 clarans
1373 399 1501 438 animae
1525 399 1782 438 humilitatem.
1809 401 2015 454 Eesaci'es,
2037 402 2165 453 inquit.

109 467 220 515 ἔλεος,
245 467 304 507 καὶ
329 467 513 519 μνησθήσῃ
539 465 619 519 περὶ
650 467 734 517 ἐμοῦ
764 466 848 518 πρὸς
887 463 1046 518 Φαραὼ,
1079 464 1138 502 καὶ
1209 463 1251 498 in
1280 476 1340 498 me
1370 463 1675 500 misericordiam
1692 492 1703 508 ‚
1729 471 1765 500 et
1796 464 2060 501 recordaberis
2093 468 2167 501 mei

111 528 238 574 ἐξάξεις
254 545 297 579 με
319 531 358 567 ἐκ
376 532 436 567 τοῦ
456 527 684 580 ὀχυρώματος
704 526 840 566 τούτου.
854 526 987 566 Ἰἰννόει
1007 541 1067 577 μοι
1087 526 1139 562 ἐν·
1209 524 1315 574 apud
1335 524 1602 569 Pharaonem,
1626 532 1661 561 et
1687 524 1824 562 educes
1852 539 1911 561 me
1939 539 1986 561 ‹11-
2013 539 2168 562 carcere

108 594 232 638 ταῧθα,
250 591 325 634 πῶς
340 588 435 629 οὐδὲν
454 588 548 637 λέγει
567 587 659 627 κατὰ
673 591 736 635 τῆς
756 595 885 641 μιαρᾶς
904 586 1038 633 ἐκείνης
1054 601 1137 637 μοι-
1209 584 1293 621 hoc.
1320 583 1481 631 Attentlc,
1501 585 1660 633 obsecro,
1679 584 1739 623 liic
1761 585 1940 636 quomodo
1962 586 2051 624 nihil
2072 586 2166 624 (licat

108 651 272 704 χαλίδος,
291 649 366 690 οὐδὲ
396 652 552 689 αἰτιᾶται
579 649 638 688 τὸν
662 649 855 697 δεσπότην,
879 647 955 687 οὐδὲ
980 647 1044 695 τὴν
1069 649 1136 684 τῶν
1209 653 1330 683 contra
1353 646 1535 683 scelestam
1558 645 1657 683 ill-‘un
1677 646 1891 687 adulteram.
1916 658 2167 699 ncquczu'guat

109 713 268 765 ἀδελφῶν
299 711 379 764 περὶ
410 712 508 750 αὐτὸν
542 709 793 763 ἀπανθρωπίαν
825 710 1019 761 διηγεῖται,
1047 707 1138 746 ἀλλὰ
1208 703 1409 756 dominum,
1432 721 1545 758 neque
1579 716 1695 745 nai-ret
1718 708 1866 745 fratrum
1889 709 1922 746 in
1945 725 1980 746 si·
2003 710 2167 747 inluuua-

110 773 337 827 συγκαλύψας
355 772 482 820 πάντα,
502 771 604 825 φησί·
625 770 798 823 μνήσθητί
819 787 896 822 μου,
917 770 976 809 καὶ
992 769 1137 816 ποίησον
1209 766 1370 817 nitatem,
1395 768 1459 806 sed
1490 768 1590 806 tectis
1618 769 1803 812 omnibus,
1831 769 1919 806 (licit
1942 786 1947 805 :
1970 770 2168 808 Recordare

110 834 329 887 ἐξενεχθῆναί
360 851 404 886 με
443 835 483 872 ἐκ
515 837 575 872 τοῦ
610 831 840 886 ὀχυρώματος
873 831 995 870 τούτου
1018 847 1025 854 ·
1053 829 1140 869 “Ori
1209 829 1294 880 mci,
1311 839 1345 868 et
1364 831 1419 868 sac
1432 829 1537 868 educi
1556 845 1612 868 me
1631 845 1676 869 ex
1691 845 1829 869 carcere
1847 831 1914 868 lioc.
1932 847 1939 868 :
1961 833 2060 881 Quia
2074 833 2168 884 sur-

109 897 224 948 κλοπῇ
240 895 396 942 ἐκλάπην
415 897 454 934 ἐκ
469 898 534 946 γῆς
550 893 741 947 Ἱίὅραίων,
755 894 814 932 καὶ
830 887 898 932 ὧδε
912 894 975 932 οὐκ
991 892 1140 941 ἐποίησα
1211 893 1282 929 tim
1313 893 1506 931 abductus
1531 907 1615 931 sum
1647 894 1695 930 de
1721 901 1823 931 terra
1846 895 2114 939 lleliroem-um,
2133 901 2169 930 et

109 955 217 1004 οὐδὲν,
237 959 314 995 ἀλλ’
344 955 506 995 ἐνέὸαλόν
538 971 582 1007 με
613 958 661 1000 εἰς
688 956 746 994 τὸν
772 954 902 994 λάκκον
923 959 1054 994 τοῦτον.
1076 953 1274 1008 Μὴ6021ιίε
1297 955 1399 992 nihil
1429 956 1521 1006 feci,
1546 963 1581 993 ec
1607 957 1849 993 immiserunt
1875 970 1935 993 me
1966 959 2007 992 in
2040 956 2169 993 lacum

110 1017 231 1062 ἅπλῶς
261 1022 362 1058 τοῦτο
389 1018 697 1071 παραδράμωμεν,
724 1019 801 1057 ἀλλ’
831 1017 1048 1068 ἐννοήσωμεν
1078 1020 1141 1064 τῆς
1163 1021 1187 1050 Λ
1211 1016 1326 1054 hunc.
1357 1016 1411 1054 Ne
1442 1016 1681 1069 perfunctorie
1710 1016 1777 1054 hoc
1805 1025 2077 1069 praetereamus,
2107 1014 2169 1054 sed

108 1081 225 1132 ψυχῆς
247 1081 350 1119 αὐτοῦ
372 1079 436 1127 τὴν
465 1080 685 1133 φιλοσοφίαν,
702 1080 761 1118 καὶ
786 1079 880 1124 ὅπως
899 1079 1019 1132 καιρὸν
1036 1081 1141 1131 εὑρη-
1211 1077 1477 1116 consideremus
1500 1092 1608 1129 quam
1631 1077 1879 1130 philosophica
1899 1087 2015 1116 mente
2035 1076 2168 1130 praedi-

111 1140 181 1185 κὼς
203 1145 370 1189 τοιοῦτον,
390 1141 450 1180 καὶ
469 1140 569 1184 εἰδὼς
597 1140 650 1179 ὅτι
678 1140 862 1187 δυνήσεται
883 1140 1021 1178 ἅπαντα
1039 1143 1056 1178 ὁ
1074 1141 1140 1191 ἁρ-
1211 1148 1268 1177 tus
1300 1139 1422 1189 suerit,
1442 1148 1476 1178 ct
1504 1139 1685 1191 quomodo
1722 1138 1863 1177 inventa
1904 1139 2170 1192 opportunitate

109 1202 305 1256 χιοινοχόος
326 1205 360 1241 ἐν
389 1202 558 1257 εὐημερίᾳ
580 1202 730 1255 γεγονὼς
751 1202 982 1255 γνωρίσαι-τῷ
1004 1203 1142 1253 βασιλεῖ
1211 1201 1401 1252 temporis,
1422 1210 1455 1239 et
1482 1201 1595 1240 sciens
1623 1201 1828 1254 praeseetum
1852 1201 2104 1253 pincernarum
2134 1202 2168 1239 in

111 1264 156 1303 τὰ
181 1266 259 1303 κατ’
279 1264 380 1303 αὐτὸν
396 1296 406 1312 ,
425 1267 464 1304 οὐ
493 1265 556 1312 τὴν
581 1265 778 1316 Αἰγυπτίαν
807 1263 989 1303 διαῧάλλει
1008 1263 1140 1311 (πάλιν
1209 1262 1350 1301 felicem
1369 1272 1502 1301 statum
1521 1263 1724 1302 restitutum
1745 1276 1848 1315 posse
1866 1276 1970 1300 omne
1988 1263 2171 1314 negotium

111 1324 178 1378 γὰρ
202 1325 247 1365 τὰ
274 1326 362 1365 αὐτὰ
387 1328 492 1380 ἐρῶ),
513 1327 552 1364 οὗ
572 1327 629 1365 τὸν
657 1326 827 1374 δεσπότην
851 1326 928 1378 ἄγει
947 1327 995 1370 εἷς
1016 1325 1142 1377 μέσον,
1210 1337 1318 1363 suum
1334 1325 1408 1377 regi
1425 1324 1641 1377 significare,
1660 1338 1729 1362 non
1753 1323 1961 1376 AEgyptiam
1981 1324 2170 1377 reprelien-

111 1387 186 1426 οὐδὲ
213 1386 292 1432 τοὺς
316 1386 504 1440 ἀδελφούς·
525 1388 564 1425 οὗ
590 1386 686 1440 λέγει
711 1387 775 1436 τὴν
804 1387 934 1435 αἰτίαν,
960 1387 1004 1425 δι’
1031 1387 1074 1434 ἣν
1103 1387 1143 1425 τὸ
1210 1385 1265 1424 dit
1283 1387 1439 1436 (iterum
1458 1387 1552 1425 enim
1573 1386 1698 1424 cadem
1718 1385 1837 1424 dicam
1852 1390 1877 1435 ),
1899 1400 1967 1424 non
1983 1385 2171 1424 (lominum

111 1448 352 1502 δεσμωτήριον
387 1451 492 1487 οἰκεῖν
539 1449 773 1497 κατεδικάσθη
787 1480 796 1497 ‚
833 1448 910 1488 οὐδὲ
955 1449 1143 1493 σπουδάζει
1212 1448 1316 1486 affert
1336 1448 1372 1486 in
1391 1447 1566 1498 medium,
1588 1461 1657 1486 non
1671 1448 1816 1497 fratres,
1837 1461 1906 1486 non
1919 1447 2009 1486 dicit
2031 1462 2173 1487 causam

110 1509 218 1555 δεῖξαι
244 1510 308 1558 τὴν
338 1509 561 1563 παρανομίαν
591 1510 655 1558 τὴν
687 1513 735 1555 εἷς
759 1510 861 1550 αὐτὸν
881 1510 1140 1563 γεγενημένην·
1211 1518 1358 1563 propter
1377 1523 1487 1561 quam
1507 1508 1762 1548 condemnatus
1787 1509 1833 1547 sit
1848 1509 1882 1547 in
1901 1523 2089 1560 carcerem,
2109 1525 2171 1549 ne-

112 1573 190 1610 ἀλλ“
212 1572 284 1616 ἑνὸς
310 1571 416 1623 μόνου
437 1571 584 1624 γίνεται,
605 1575 643 1611 οὐ
668 1576 728 1611 τοῦ
750 1573 891 1612 ἐκείνων
913 1572 1048 1622 δηλαδὴ
1079 1589 1143 1612 κα·
1213 1586 1283 1624 que
1296 1572 1411 1611 scelus
1433 1572 1469 1610 in
1483 1586 1520 1610 se
1541 1571 1771 1610 commissum
1786 1586 1930 1610 narrare
1948 1572 2087 1610 studet:
2110 1573 2174 1611 scd

109 1635 328 1686 τηγορῆσαι,
349 1633 440 1673 ἀλλὰ
459 1639 518 1674 τοῦ
549 1634 637 1687 ὑπὲρ
663 1638 787 1675 ἑαυτοῦ
811 1635 914 1687 μόνον
930 1638 1052 1674 εἰπεῖν.
1071 1635 1142 1674 Καὶ
1213 1634 1281 1672 hoc
1305 1648 1418 1672 unum
1449 1643 1562 1683 curat,
1590 1647 1659 1671 non
1686 1642 1725 1671 ut
1752 1633 1833 1672 illes
1866 1633 2089 1683 condemnet,
2109 1633 2172 1672 scd

110 1695 155 1734 τὰ
176 1697 239 1748 μὲν
255 1696 354 1748 παρὰ
372 1698 442 1734 τῶν
459 1698 616 1750 ἀδελφῶν
632 1697 857 1737 συνεσκίασεν
878 1697 998 1743 εἰπὼν,
1011 1697 1143 1735 Ἔκλά-
1213 1703 1253 1733 ut
1271 1710 1337 1748 pro
1353 1710 1390 1735 se
1408 1696 1483 1734 solo
1499 1695 1605 1733 dicat.
1627 1694 1673 1732 Et
1693 1695 1845 1732 fratrum
1867 1693 2013 1745 quidem
2028 1709 2171 1733 causam

111 1772 182 1803 πην
210 1758 250 1795 ἐκ
273 1760 337 1809 γῆς
363 1756 563 1810 Ἑὸραίων·
590 1758 636 1798 τὰ
669 1758 705 1797 δὲ
727 1758 826 1812 παρὰ
853 1762 916 1806 τῆς
945 1757 1141 1809 Αἰγυπτίας
1213 1755 1428 1805 occultavit,
1459 1754 1581 1793 dicens
1603 1770 1611 1790 :
1633 1756 1758 1792 Furio
1788 1755 1978 1792 abductus
2009 1768 2096 1792 sum
2123 1769 2170 1793 ex

112 1817 245 1867 ἐκείνης
267 1821 329 1866 τῆς
353 1819 548 1859 ἀκολάστου
571 1819 649 1858 οὐδὲ
678 1823 724 1865 εἷς
745 1821 848 1871 μέσον
875 1821 964 1872 ἄγει,
979 1819 1056 1859 οὐδὲ
1077 1819 1140 1867 τὴν
1163 1829 1186 1859 Β
1214 1825 1319 1855 terra
1344 1818 1598 1855 Hebraeorum
1615 1831 1626 1852 -·
1644 1830 1722 1867 quae
1756 1825 1875 1853 autem
1901 1814 2076 1868 AEgyptia
2108 1815 2170 1854 illa

110 1879 208 1934 παρὰ
233 1884 293 1919 τοῦ
322 1881 489 1920 δεσπότου
519 1882 637 1920 ἄδικον
662 1885 740 1920 κατ’
762 1883 866 1921 αὐτοῦ
886 1881 1138 1934 ἀγανάκτησιν.
1212 1879 1355 1929 fecerat,
1376 1893 1445 1917 non
1466 1879 1599 1931 profert
1615 1877 1651 1916 in
1676 1877 1848 1924 medium,
1872 1891 1984 1929 neque
1999 1877 2168 1930 injustam

112 1940 219 1980 Ἀλλὰ
241 1941 275 1979 τί
298 1957 425 1994 φησιν;
446 1935 533 1981 ’Ὧδε
558 1945 621 1981 οὐκ
650 1943 800 1990 ἐποίησα
827 1943 936 1992 οὐδὲν,
959 1943 1037 1982 ἀλλ’
1063 1943 1140 1982 ἐνέ-
1212 1940 1351 1980 domini
1380 1940 1437 1979 sui
1473 1955 1556 1993 erga
1583 1954 1620 1978 se
1653 1939 1951 1993 indignationem.
1981 1939 2053 1978 Sed
2081 1939 2170 1991 quid

112 2001 219 2040 δαλόν
250 2018 294 2052 με
320 2005 369 2046 εἷς
402 2003 459 2041 τὸν
488 2002 617 2042 λάκκον
655 2008 786 2043 τοῦτον.
805 2007 926 2044 Ταῦτα
960 2004 1141 2049 ἀκούοντες
1212 2003 1327 2042 dicit?
1346 2005 1424 2041 Hic
1446 2004 1531 2055 seci
1562 2002 1675 2049 nihil,
1695 2011 1732 2039 et
1767 2004 2008 2039 immiserunt
2038 2016 2099 2040 me
2129 2004 2171 2039 in

111 2063 359 2115 παιδευώμεθα
372 2095 381 2113 ,
408 2065 549 2103 ἐπειδάν
580 2082 650 2104 τισι
679 2065 846 2111 τοιούτοις
874 2066 1138 2120 περιπέσωμεν,
1212 2078 1408 2103 carcerem
1426 2065 1542 2102 hunc.
1562 2063 1646 2101 Haec
1667 2062 1852 2101 audientes
1867 2062 2066 2111 discamus,
2082 2063 2111 2101 si
2133 2063 2170 2100 in

113 2124 162 2174 μὴ
193 2124 342 2169 ἐκείνους
372 2126 578 2170 σπουδάζειν
611 2128 836 2179 περιὸάλλειν
859 2128 1063 2180 λοιδορίαις,
1081 2128 1140 2166 καὶ
1212 2125 1298 2164 talia
1319 2124 1612 2174 inciderimus‚ut
1626 2138 1815 2163 caveamus
1829 2138 1872 2162 ne
1887 2124 2060 2163 conviciis
2071 2124 2168 2170 illos,

110 2186 175 2232 τὴν
194 2187 356 2238 γλῶσσαν
377 2189 504 2240 ἀκονᾷν
527 2187 620 2227 κατὰ
640 2191 703 2235 τῆς
730 2188 857 2243 ἑτέρων
874 2193 888 2211 ³
902 2189 1138 2243 κατηγορίας,
1212 2187 1275 2239 qui
1299 2201 1364 2225 nos
1390 2195 1578 2236 vexarunt,
1595 2186 1825 2236 incessamus,
1846 2194 1880 2224 et
1900 2184 1947 2223 ad
1973 2186 2170 2224 accusatio-

111 2247 204 2286 ἀλλὰ
230 2247 332 2298 μόνον
360 2249 482 2302 πράως
507 2249 567 2288 καὶ
595 2249 735 2302 ἡμέρως
766 2250 908 2296 ἑαυτοὺς
938 2251 1141 2296 ἀνευθύνους
1213 2263 1294 2287 nem
1314 2249 1462 2286 illorum
1485 2247 1650 2299 linguam
1677 2261 1848 2285 acuamus
1866 2263 1874 2284 :
1891 2246 1953 2285 sed
1975 2246 2090 2286 solum
2108 2247 2171 2286 de-

111 2309 302 2359 δεικνύναι,
323 2310 382 2349 καὶ
409 2316 592 2362 μιμεῖσθαι
619 2312 678 2351 τὸν
708 2314 902 2365 Θαυμάσιον
928 2319 1061 2362 τοῦτον,
1087 2314 1140 2352 ὅτι
1213 2318 1451 2348 monstremus
1471 2309 1507 2346 in
1532 2308 1808 2346 mansuetudine
1823 2317 1856 2347 et
1874 2308 2019 2347 lenitate
2033 2323 2096 2347 nos
2116 2309 2170 2347 in·

110 2370 189 2409 οὐδὲ
209 2373 243 2409 ἐν
269 2380 431 2424 συμφορᾷ·
449 2371 497 2410 ὢν
525 2373 733 2419 κατεδέξατο
760 2375 825 2413 κᾶν
844 2375 951 2430 μέχρι
971 2374 1138 2428 ῥημάτων
1212 2373 1340 2412 noxios
1367 2385 1454 2420 esse,
1474 2380 1508 2409 et
1538 2371 1723 2409 imitemur
1758 2370 1863 2410 illum
1897 2370 2169 2417 admirabilem,

113 2431 429 2483 ἐκπομπεῦσαιτῆς
448 2434 643 2487 Αἰγυπτίας
663 2435 728 2483 τὴν
747 2436 944 2490 ἀσέλγειαν.
958 2437 1054 2476 Ἶστε
1072 2437 1140 2491 γὰρ
1162 2445 1186 2476 C
1212 2436 1275 2487 qui
1291 2448 1406 2486 neque
1419 2434 1455 2472 in
1470 2432 1670 2471 calamitate
1683 2433 1857 2472 exsistens
1870 2433 1986 2471 voluit
2006 2433 2064 2471 vel
2084 2448 2170 2471 ver-

112 2491 166 2532 ὅτι
189 2493 312 2532 πολλοὶ
339 2495 507 2539 πολλάκις
535 2496 595 2534 καὶ
614 2497 796 2536 ὑπεύθυνοι
814 2499 908 2543 ὄντες
929 2499 1140 2551 ἐγκλήμασι,
1211 2495 1268 2533 bis
1281 2493 1519 2548 petulantiam
1530 2501 1563 2530 et
1575 2491 1762 2530 libidinem
1777 2491 1959 2544 AEgyptiae
1969 2491 2169 2542 divulgare.

112 2557 226 2607 πολλῇ
245 2558 288 2606 τῇ
315 2556 543 2612 ἀναισχυντία
562 2558 775 2612 κεχρημένοι
796 2559 842 2598 τὰ
863 2563 997 2600 ἑαυτῶν
1016 2561 1141 2612 πλημ-
1214 2556 1322 2596 Scitis
1343 2555 1439 2594 enim
1458 2554 1592 2592 multos
1615 2552 1830 2590 criminibus
1849 2553 1957 2590 etiam
1979 2552 2168 2601 obnoxios,

114 2615 305 2666 μελῆματα
327 2615 454 2671 ἑτέροις
478 2619 683 2672 περιάπτειν
705 2622 958 2675 ἐπιχειροῦσιν·
984 2617 1082 2667 οὗτος
1106 2620 1142 2660 δὲ
1206 2629 1342 2670 ¹magna
1358 2611 1583 2665 impudentia
1600 2611 1635 2649 in
1653 2611 1742 2648 alios
1756 2625 1819 2648 sua
1835 2610 1967 2648 delicta
1983 2611 2171 2648 transferre

112 2680 173 2715 τοῦ
205 2676 304 2723 ἡλίου
341 2675 358 2698 ¹³
383 2679 568 2734 φανότερος
613 2682 818 2735 τυγχάνων,
851 2683 911 2722 καὶ
955 2684 1144 2736 δυνάμεως
1215 2675 1436 2715 conari2hic
1466 2682 1585 2711 autem
1613 2672 1686 2710 sole
1709 2671 1837 2710 clarior
1859 2672 2042 2717 exsistens,
2058 2682 2091 2710 et
2109 2672 2172 2723 qui

114 2736 253 2776 ἅπαντα
285 2738 373 2789 μετὰ
398 2741 562 2787 ἀληθείας
586 2744 707 2791 εἰπεῖν,
729 2744 892 2792 κάκείνης
919 2743 984 2792 τὴν
1016 2745 1142 2796 μανίαν
1215 2745 1354 2792 poterat
1376 2734 1495 2774 omnia
1520 2748 1603 2771 cum
1625 2732 1775 2771 veritate
1792 2732 1923 2777 dicere,
1942 2742 1976 2771 ct
1995 2733 2092 2771 illius
2117 2733 2172 2771 in·

116 2797 311 2846 κατάδηλον
339 2804 504 2851 ποιῆσαι,
524 2803 585 2841 καὶ
605 2804 725 2843 ἑαυτὸν
741 2805 1034 2860 περιφανέστερον
1053 2810 1144 2846 ἀπο-
1216 2800 1353 2838 soniam
1369 2796 1592 2836 manifestam
1608 2794 1735 2843 facere,
1752 2803 1785 2832 et
1799 2794 2030 2847 semetipsum
2045 2794 2173 2832 clario-

117 2859 237 2907 δεῑξαῑ,
257 2859 353 2899 οὐδὲν
379 2862 518 2901 ἐκείνων
544 2867 590 2910 εἷς
618 2865 723 2916 μέσον
752 2868 841 2919 ἄγει,
861 2868 955 2908 Οὐδὲ
985 2868 1054 2921 γὰρ
1081 2868 1144 2915 τὴν
1216 2875 1292 2899 rem
1304 2854 1869 2905 demonstrare,nihilillorumin
1885 2855 2044 2894 medium
2056 2856 2173 2893 affert.

117 2920 214 2973 παρὰ
229 2924 298 2960 τῶν
318 2922 507 2976 ἀνθρώπων
531 2927 679 2979 ἐθηρᾶτο
691 2927 815 2977 δόξαν,
835 2931 914 2968 ἀλλ’
929 2933 1070 2985 ἠρκεῖτο
1099 2933 1142 2981 τῇ
1218 2924 1341 2973 Neque
1368 2920 1463 2958 enim
1488 2918 1684 2955 humanam
1701 2916 1898 2955 venabatur
1926 2917 2090 2970 gloriam,
2112 2915 2176 2955 sed

118 2980 246 3019 ἄνωθεν
287 2982 421 3036 εὐνοία,
451 2984 512 3022 καὶ
547 2985 606 3024 τὸν
645 2988 836 3039 ἀκοίμητον
873 2991 1002 3029 ἐκεῖνον
1041 2990 1145 3042 μόνον
1219 2982 1419 3023 sufficiebat
1448 2979 1478 3018 ei
1504 2977 1750 3017 benevolentia
1783 2992 1949 3031 superna,
1971 2988 2004 3017 et
2031 2979 2177 3017 oculum

116 3042 295 3094 ὀφθαλμὸν
323 3043 486 3084 {coetero
514 3046 699 3096 ἐπαινέτην
721 3048 814 3102 ἔχειν
846 3053 916 3090 τῶν
941 3052 1144 3104 γινομένων.
1221 3047 1325 3085 illum
1356 3043 1472 3082 solum
1507 3040 1568 3092 qui
1602 3054 1670 3078 non
1701 3039 1835 3079 dormit
1869 3041 2001 3080 habere
2036 3041 2179 3079 volebat

118 3103 180 3141 Διὸ
198 3104 258 3142 καὶ
283 3107 449 3156 σιγῶν-»ος
469 3109 587 3155 αὐτοῦ,
607 3109 666 3147 καὶ
688 3111 805 3150 πάντα
825 3112 992 3166 κρύπτειν
1009 3116 1147 3167 ἐπιχει-
1221 3106 1444 3147 laudatorem
1462 3103 1636 3141 sactorum
1655 3116 1815 3140 suorum.
1831 3101 1915 3140 Ideo
1931 3102 2054 3140 silente
2075 3117 2130 3150 eo,
2146 3111 2180 3140 ct

119 3166 278 3214 ροῧντος,
297 3169 316 3204 ὁ
334 3167 575 3220 φιλάνθρωπος
590 3170 773 3219 Δεσπότης
790 3175 839 3218 εἷς
856 3175 1030 3223 τοσαύτην
1046 3176 1149 3214 αὐτὸν
1177 3185 1200 3215 D
1224 3172 1343 3212 omnia
1376 3169 1540 3220 obtegere
1566 3166 1744 3215 moliente,
1767 3163 1919 3204 clemens
1943 3166 2119 3204 Dominus
2145 3166 2178 3204 in

119 3225 344 3277 ⁷³⁵?‘P42220W
374 3228 526 3281 ἤγαγεν,
555 3230 611 3270 ὅτε
645 3233 761 3277 καλῶς
801 3228 869 3274 εἶδε
902 3236 958 3276 τὸν
993 3237 1150 3283 ἀθλητὴν
1227 3243 1362 3273 tantam
1395 3244 1477 3270 eum
1512 3228 1667 3282 gloriam
1692 3226 1876 3281 perduxit,
1907 3227 2051 3279 quando
2087 3226 2180 3265 vidit

164 3375 176 3388 ³
202 3363 337 3409 [coislin
355 3373 564 3417 κακηγορίας]
1219 3377 1234 3400 1.
1259 3372 1382 3417 [Coisl.
1399 3379 1431 3405 et.
1447 3369 1548 3405 Savil.
1567 3375 1599 3403 in
1614 3381 1718 3414 marg.
1736 3381 1752 3402 e
1768 3381 1836 3403 var.
1856 3369 1933 3401 lect.
1951 3369 2184 3414 φανερώτερος]

362 3444 458 3469 Tou.
495 3447 548 3471 iv.
1973 3431 2024 3472 46

2261 1019 2370 1045 J=1s‹:r·li

2190 1061 2372 1088 obliuisciiur

2184 1102 2320 1142 injuria».
