2516 3791
132 1731 295 1769 Applausus

108 1780 137 1801 et
152 1774 251 1801 laudes
267 1775 294 1800 in

110 1817 260 1843 concioni-

107 1858 172 1884 bus.

183 2212 298 2250 Nuptia:

111 2256 172 2281 sine
187 2255 281 2293 lampa
290 2271 300 2276 -

110 2296 207 2323 dibus.

302 145 395 192 626
730 161 769 192 S.

302 258 381 282 sum
405 252 438 281 et
460 243 650 296 sponsam?
666 243 713 280 Et
732 243 769 280 in
794 243 864 281 alio
884 242 942 280 die
963 242 990 280 si
1010 242 1091 292 quis
1111 255 1255 280 conare-

806 161 990 192 JOANMS
1024 160 1267 190 CHRYSOST.
1306 161 1518 191 ARCHlEP.
1557 161 1905 193 CONSTANTINOP.

1326 243 1398 280 λειν
1414 235 1485 286 τοῖς
1502 243 1696 295 σκώμμασι
1711 245 1771 283 καὶ
1788 246 1846 285 τὸν
1866 245 2011 298 νυμφίον
2031 246 2091 284 καὶ
2109 246 2172 293 τὴν
2193 246 2351 299 νύμφην,

303 315 362 344 tur
378 306 427 343 ita
442 305 578 343 salibus
594 305 770 355 mordere,
786 304 1058 357 periclitaretur,
1079 302 1125 339 ad.
1140 302 1255 347 tribu·
1278 312 1301 343 C
1327 303 1398 341 Καὶ
1418 306 1453 341 ἐν
1475 305 1577 358 ἑτέρα
1598 305 1660 355 μὲν
1676 306 1794 360 ἡμέρα
1809 307 1867 344 ἐάν
1890 323 1942 351 τις
1960 307 2167 359 ἐπιχειρήσῃ
2187 309 2350 359 λοιδορή-

303 368 363 405 nal
378 367 614 405 abduceretur
628 375 659 403 et
671 366 860 418 puniretur
870 380 877 400 ε
887 374 970 402 tunc
984 372 1101 400 autem
1112 363 1255 413 quando

303 428 499 480 plurimam
517 427 702 479 oportebat
716 440 789 464 esse
804 424 1051 471 reverentiam,
1067 425 1256 476 majorem-

303 505 371 540 que
393 490 612 527 honestatem
630 497 662 525 et
678 487 887 535 castitatem,
910 495 1007 523 >tanta
1029 484 1256 523 obscoenitate

304 551 497 602 implentur
521 549 639 586 omnia
669 548 742 596 illa,
766 556 802 584 ut
828 547 1016 599 probabile
1040 547 1084 584 sit
1109 546 1254 585 diabolo

304 611 395 648 duce
422 610 497 648 haec
521 609 637 647 omnia
665 609 807 646 inventa
834 622 920 646 esse.
942 609 1078 648 Verum
1102 622 1144 646 ne
1165 622 1257 660 aegre

304 671 438 719 seratis,
467 684 647 708 01·o:non
676 670 771 708 enim
800 669 933 720 absque
962 683 1068 707 causa
1095 669 1132 707 in
1162 669 1258 707 hune

304 746 499 770 sermonem
529 731 680 783 digressi
709 744 850 777 sumus,
881 729 943 768 sed
974 745 1095 768 curam
1122 730 1256 768 habens

305 803 427 831 vestrae
442 791 566 830 salutis
577 802 609 829 et
619 791 827 840 honestatis,
837 791 966 830 vellem
982 792 1155 844 optimam
1165 792 1257 829 hanc

305 854 538 891 mutationem
554 853 647 903 fieri,
667 867 800 904 vosque
818 852 960 905 optimae
976 853 1086 905 hujus
1102 867 1257 890 consue-

306 914 440 952 tudinis
461 928 535 952 esse
559 913 677 952 duces.
695 916 787 952 Nam
806 914 836 951 si
855 913 971 951 solum
988 913 1206 965 principium
1225 922 1258 951 et

305 976 366 1013 via
381 977 443 1014 fiat
468 975 597 1028 operis,
614 975 788 1028 paulatim
813 989 883 1012 uno
903 975 1055 1012 alterum
1083 974 1257 1012 laudabili

306 1038 373 1076 liae
405 1037 628 1076 aemulaiione
660 1037 869 1085 aemulante,
903 1050 1024 1074 omnes
1056 1035 1257 1074 laudatores

308 1099 504 1137 habebitis:
521 1108 554 1136 ct
567 1112 636 1136 non
656 1107 794 1136 tantum
809 1097 871 1148 qui
887 1097 1070 1137 civitatem
1086 1097 1257 1147 incolunt,

308 1160 544 1198 imitabuntur
563 1159 734 1211 optimam
747 1159 838 1197 hanc
859 1159 1135 1208 innovationem,
1151 1158 1212 1196 sed
1227 1167 1260 1196 et

308 1236 366 1259 cos
380 1221 441 1272 qui
456 1221 582 1274 procul
602 1221 764 1258 habitant
782 1220 1029 1270 conciliabitis,
1049 1229 1082 1257 et
1101 1220 1256 1258 imitato-

309 1297 364 1321 res
397 1293 534 1322 vestros
568 1282 810 1320 constituetis:
839 1291 944 1333 atque
981 1282 1125 1334 insuper
1155 1282 1259 1333 longe

309 1345 519 1397 ampliorem
548 1359 567 1380 a
594 1345 670 1381 Deo
699 1343 926 1396 reportabitis
954 1357 1138 1389 coronam,
1164 1343 1260 1394 quod

308 1415 454 1458 propter
466 1405 533 1443 Dei
556 1405 722 1443 timorem
737 1414 770 1442 et
792 1405 868 1457 ejus
885 1405 1092 1442 mandatum
1107 1404 1260 1442 diaboli-

309 1481 386 1504 cam
402 1467 493 1504 lianc
507 1466 758 1519 superaveritis
769 1465 1071 1503 consuetudinem.
1084 1465 1154 1504 Sed
1166 1464 1262 1517 quod

308 1528 505 1580 suscepturi
536 1528 612 1566 sitis
641 1541 769 1578 magna
799 1527 981 1564 alacritate
1010 1527 1079 1564 hoc
1102 1537 1263 1565 nostrum

308 1589 519 1637 consilium,
547 1599 579 1626 ct
608 1602 711 1640 opere
739 1587 939 1640 impleturi,
972 1587 1076 1625 valde
1108 1587 1260 1625 confido.

308 1650 445 1689 videns
464 1650 558 1688 enim
583 1663 645 1688 vos
669 1663 797 1699 magna
827 1663 908 1685 cum
927 1649 1111 1700 voluptate
1139 1648 1264 1686 audire
1299 1661 1310 1690 ἱ
1338 1655 1446 1702 αὐτὴν
1481 1655 1605 1702 ἄξετε,
1640 1654 1772 1706 σφόδρα
1795 1653 2002 1704 πέπεισμαι.
2035 1654 2151 1706 Ὁρῶν
2181 1654 2247 1706 γὰρ
2273 1659 2363 1705 ὑμᾶς

311 1726 349 1749 ea
382 1726 459 1762 quae
490 1711 678 1758 dicuntur,
700 1709 737 1746 id
765 1724 810 1747 ex
840 1709 1015 1761 applausu
1040 1718 1074 1746 et
1094 1709 1264 1746 laudibus

311 1774 478 1825 conjecto,
501 1786 565 1811 vos
593 1771 701 1809 etiam
721 1770 888 1822 operibus
914 1769 1009 1808 idem
1028 1769 1147 1822 ipsum
1169 1784 1264 1807 com—

309 1835 520 1888 probaturos
553 1847 637 1871 esse.
655 1834 842 1885 Propterea
873 1840 1057 1869 contentus
1081 1831 1200 1879 dictis,
1219 1831 1264 1869 ad

310 1909 493 1938 contextus·
522 1898 648 1936 seriem
672 1897 866 1949 regrediar.
887 1899 940 1935 Et
970 1898 1085 1948 facta
1118 1905 1188 1945 est,
1210 1896 1264 1934 in-

307 1961 399 2012 quit,
419 1975 597 2012 vespera,
621 1968 656 1997 et
679 1961 827 2011 accepit
842 1960 981 1996 Laban
1002 1959 1116 1995 Liam
1126 1958 1263 2009 filiam

308 2037 433 2068 suam,
453 2031 489 2059 et
506 2022 723 2058 introduxit
741 2035 828 2058 eam
847 2021 901 2057 ad
917 2020 1056 2057 Jacob.
1080 2020 1132 2056 Ne
1150 2019 1264 2057 obiter

309 2083 414 2121 etiam
433 2083 500 2119 hoc
526 2091 775 2135 prsetereamus
797 2095 901 2118 :nam
915 2080 975 2117 hic
994 2093 1134 2130 quoquc
1151 2080 1263 2118 multa

311 2143 525 2181 considerari
550 2152 698 2195 possunt
715 2142 895 2195 :primum
915 2141 1124 2193 simplicitas
1139 2142 1262 2191 Jacob,

312 2214 344 2243 ct
370 2203 548 2255 quomodo
579 2204 624 2240 ab
650 2203 746 2241 omni
772 2202 908 2239 malitia
937 2202 1072 2239 alienus
1097 2201 1265 2253 deceptus

312 2268 358 2305 sit
387 2283 393 2303 :
427 2265 641 2314 secundum,
676 2264 773 2315 quod
802 2273 899 2301 tanta
935 2263 1105 2301 facilitate
1146 2263 1264 2301 omnia

314 2329 417 2377 fiant,
441 2337 474 2365 ct
500 2340 677 2377 nusquam
702 2325 885 2377 lampades
900 2354 910 2373 ,
932 2324 1082 2373 clioreae,
1104 2324 1267 2375 facesque

891 2386 939 2423 ita
971 2394 1010 2423 ut
1038 2394 1073 2422 et
1106 2385 1266 2437 deceptio

315 2452 435 2489 Laban
454 2451 573 2488 locum
593 2448 773 2487 babuerit.
797 2450 990 2486 Possumus
1017 2455 1135 2484 autem
1154 2455 1187 2484 ct
1207 2447 1267 2484 hic

313 2399 440 2442 prieter
468 2403 554 2426 usus
581 2387 822 2426 necessitatem
854 2402 861 2422 τ

312 2512 444 2560 videre,
465 2510 644 2562 quomodo
668 2510 790 2548 Labau
816 2521 944 2560 magna
967 2507 1153 2545 affcctione
1173 2507 1265 2545 ‹lile-

313 2573 405 2611 ποι-Ξῖ
421 2573 543 2611 Jacob.
560 2572 636 2610 Hoc
651 2571 745 2609 enim
763 2578 984 2608 commentus
998 2578 1062 2616 est,
1076 2579 1115 2606 ut
1129 2569 1266 2606 diutius

313 2634 410 2686 apud
437 2649 473 2671 se
493 2634 633 2685 justum
657 2632 834 2670 retineret.
855 2631 996 2670 Sciebat
1011 2630 1157 2681 quidem
1170 2630 1266 2681 quod

314 2696 459 2733 alterius
486 2709 605 2732 amore
631 2694 809 2745 flagraret,
826 2702 934 2743 atque
963 2692 991 2730 si
1019 2691 1097 2729 voti
1125 2705 1267 2743 compos

315 2758 431 2806 fieret,
456 2771 524 2794 non
551 2756 696 2806 eligeret
722 2754 869 2806 posthac
897 2752 1105 2791 servitutem
1126 2761 1268 2804 propter

316 2818 418 2854 [iam
446 2817 637 2862 sustinere,
664 2830 727 2853 nec
755 2814 860 2853 vellet
892 2828 973 2852 cum
1007 2827 1046 2851 eo
1083 2813 1266 2850 habitare:

317 2889 349 2917 ct
376 2888 558 2931 propterca
584 2878 666 2929 quia
688 2877 781 2915 vidit
801 2876 924 2914 Labau
943 2875 1115 2914 virtutem
1134 2874 1215 2923 viri,
1236 2882 1268 2911 et

317 2941 486 2989 cogitavit
524 2954 559 2977 se
591 2954 658 2976 non
697 2939 799 2976 aliter
830 2952 912 2975 cum
945 2937 1086 2974 vincere
1121 2945 1154 2973 et
1191 2949 1268 2987 per-

317 3002 463 3039 suadere
493 3015 614 3052 posse,
650 3000 695 3037 ita
732 3014 814 3037 eum
845 2998 1006 3050 decepit,
1037 3006 1071 3035 ct
1107 2996 1205 3034 dedit
1237 2995 1267 3033 ei

318 3063 420 3100 Liam
461 3077 541 3099 cum
584 3062 716 3113 chplia
756 3060 895 3098 ancilla.
930 3059 1068 3097 Deinde
1098 3072 1180 3096 cum
1213 3071 1268 3094 ar-

317 3133 482 3175 gueretur
509 3138 527 3160 a
550 3124 647 3175 justo
678 3123 773 3173 quod
811 3137 893 3160 cum
923 3121 1131 3174 decepisset,
1157 3119 1268 3157 hone-

316 3195 405 3223 stam
425 3184 544 3222 attulit
565 3184 838 3221 excusationem.
860 3184 952 3221 Nam
970 3191 1158 3234 postquam
1173 3179 1268 3218 dixit

316 3247 426 3285 Jacob
447 3262 454 3282 ;
474 3247 537 3284 23.
570 3247 696 3295 Quare
734 3246 828 3282 mihi
860 3246 931 3282 hoc
953 3246 1093 3297 fecisti
1108 3248 1124 3280 P
1141 3256 1268 3280 nonne

2211 368 2223 406 ὶ
2237 368 2352 406 κίνδυ-

1328 369 1472 412 σασθαι,
1493 366 1702 419 δικαστήρια
1725 371 1819 420 αὐτῷ
1832 397 1841 413 ,
1865 368 1924 406 καὶ
1945 370 2146 420 ἀπαγωγαὶ,
2164 385 2208 406 κα

1326 442 1377 464 νοι
1390 442 1397 450 ·
1410 427 1489 465 τότε
1505 427 1540 465 δὲ
1559 427 1615 465 ὅτε
1631 428 1783 478 μάλιστα
1797 429 1929 476 πολλὴν
1948 432 2054 482 ἐχρῆν
2072 424 2159 468 εἶναι
2173 430 2234 477 τὴν
2253 431 2351 476 αἰδῶ,

1326 488 1458 535 πολλὴν
1477 488 1540 536 τὴν
1561 489 1798 539 κοσμιότητα,
1819 490 1952 537 πολλὴν
1973 491 2037 537 τὴν
2055 492 2208 542 ἁγνείαν,
2223 491 2353 530 τοσαύ-

1326 566 1389 597 της
1414 550 1552 588 ἅπαντα
1574 552 1791 601 πληροῦνται
1819 553 1881 596 τῆς
1904 551 2176 603 ἀσχημοσύνης,
2198 555 2244 595 ὡς
2263 552 2353 597 εἰκὸς

1327 611 1386 648 τὸν
1407 611 1566 649 διάδολον
1587 615 1850 663 στρατηγοῦντα
1867 616 1979 649 ταῦτα
1997 614 2136 650 ἅπαντα
2160 612 2353 650 ἐπιδείκνυ-

1329 677 1423 711 σθαι.
1445 673 1550 711 Ἀλλὰ
1579 672 1627 723 μὴ
1663 672 1925 724 δυσχεραίνετε,
1954 674 2169 725 παρακαλῶ·
2191 673 2268 711 οὐδὲ
2286 673 2354 727 γὰρ

1330 735 1450 778 ἁπλῶς
1469 738 1516 778 εἰς
1538 739 1658 773 τοῦτον
1680 733 1800 785 ἐμξέῧην
1822 734 1880 772 τὸν
1907 735 2022 787 λόγον,
2047 735 2138 773 ἀλλὰ
2164 735 2355 785 κηδόμενος

1330 799 1426 847 ὑμῶν
1443 796 1503 835 καὶ
1519 799 1580 843 τῆς
1597 797 1771 849 σωτηρίας
1790 796 1848 834 καὶ
1864 800 1925 843 τῆς
1941 796 2139 847 εὐκοσμίας,
2153 797 2212 834 καὶι
2234 796 2354 848 βουλό-

1332 874 1432 909 μενος
1451 862 1540 910 ὑμᾶς
1556 858 1620 906 τὴν
1640 858 1784 911 ἀρίστην
1804 858 1933 905 ταύτην
1956 858 2154 909 μεταὸολῆν
2182 858 2356 903 ἐπιδείξα-

1331 924 1429 965 σθαι,
1448 920 1506 958 καὶ
1526 923 1588 966 τῆς
1607 922 1718 966 καλῆς
1737 920 1866 967 ταύτης
1892 919 2071 966 συνηθείας
2093 919 2270 972 ἀρχηγοὺς
2293 936 2357 958 κα-

1330 983 1513 1027 ταστῆναι.
1535 981 1620 1019 Ἐὰν
1642 981 1710 1034 γὰρ
1735 981 1837 1032 μόνον
1856 981 1948 1032 ἀρχὴ
1965 981 2025 1018 καὶ
2040 982 2115 1024 ὁδὸς
2134 981 2278 1032 γένηται
2296 985 2356 1020 τοῦ

1330 1042 1557 1096 πράγματος,-
1586 1042 1677 1080 κατὰ
1703 1042 1824 1094 μικρὸν
1853 1037 1898 1085 εἷς
1930 1042 1987 1080 τὸν
2009 1041 2069 1081 ἕνα
2090 1045 2272 1088 ζηλοῦντες
2299 1044 2357 1082 τὸν

1331 1104 1436 1141 καλὸν
1453 1107 1573 1141 τοῦτον
1596 1103 1655 1141 καὶ
1683 1103 1862 1140 ἐπαινετὸν
1883 1105 2003 1149 ζῆλον,
2021 1103 2153 1147 πάντας
2175 1103 2359 1148 ἐπαινέτας

1332 1164 1437 1212 ἕξετε,
1457 1164 1516 1203 καὶ
1533 1166 1570 1202 οὐ
1589 1165 1691 1215 μόνον
1710 1166 1740 1203 οἱ
1757 1165 1820 1211 τὴν
1840 1164 1940 1202 πόλιν
1957 1167 2127 1209 οἰκοῦντες
2144 1166 2358 1216 μιμήσονται

1331 1226 1394 1273 τὴν
1430 1225 1621 1273 καλλίστην
1654 1225 1785 1271 ταύτην
1822 1225 2033 1277 μεταδολὴν,
2069 1227 2159 1265 ἀλλὰ
2192 1227 2251 1264 καὶ
2282 1227 2359 1271 τοὺς

1332 1287 1509 1340 πόρρωθεν
1530 1289 1708 1330 οἰκοῦντας
1730 1287 1976 1333 ἐπισπάσεσθε,
2003 1287 2061 1325 καὶ
2090 1287 2246 1334 ζηλωτὰς
2271 1288 2358 1338 ὑμε-

1332 1348 1451 1401 τέρους
1472 1349 1730 1396 καταστήσετε,
1750 1348 1808 1386 καὶ
1827 1349 2088 1386 πολυπλασίονα
2108 1349 2165 1387 τὸν
2185 1349 2281 1401 παρὰ
2300 1353 2360 1388 τοῦ

1334 1412 1426 1449 Θεοῦ
1443 1414 1620 1460 κομιεῖσθε
1639 1409 1827 1460 στέφανον,
1845 1410 1896 1447 ὅτι
1913 1409 1970 1447 διὰ
1989 1411 2046 1448 τὸν
2067 1414 2126 1448 τοῦ
2144 1413 2235 1450 Θεοῦ
2255 1410 2359 1463 φόδον

1335 1471 1395 1510 καὶ
1424 1471 1485 1519 τὴν
1507 1473 1591 1523 παρ’
1620 1472 1724 1509 αὐτοῦ
1751 1471 1914 1518 ἐντολὴν,
1935 1475 1996 1518 τῆς
2025 1474 2214 1517 σατανικῆς
2233 1471 2360 1520 ταύτης

1335 1534 1583 1585 περιγεγόνατε
1610 1533 1799 1580 συνηθείας.
1829 1533 1920 1571 Ἀλλ’
1940 1533 1993 1571 ὅτι
2016 1532 2078 1583 μὲν
2108 1532 2244 1577 δέξεσθε
2272 1533 2361 1583 μετὰ

1336 1594 1530 1646 προθυμίας
1544 1593 1674 1640 ταύτην
1691 1597 1792 1643 ἡμῶν
1811 1593 1873 1640 τὴν
1890 1593 2104 1644 συμὸουλὴν,
2123 1593 2182 1631 καὶ
2201 1597 2248 1637 εἰς
2263 1594 2361 1648 ἔργον

1340 1715 1428 1766 μετὰ
1441 1716 1614 1761 τοσαύτης
1633 1716 1756 1761 ἡδονῆς
1776 1714 1962 1758 ἀκούοντας
1978 1717 2048 1752 τῶν
2067 1715 2276 1765 λεγομένων,
2293 1715 2364 1754 ἀπὸ

1337 1780 1397 1815 τοῦ
1412 1777 1536 1829 κρότου
1555 1776 1614 1815 καὶ
1632 1780 1701 1814 τῶν
1721 1776 1871 1814 ἐπαίνων
1892 1776 2122 1828 στοχάζομαι,
2135 1775 2187 1815 ὅτι
2204 1778 2263 1815 καὶ
2278 1776 2364 1829 πρὸς

1337 1838 1399 1885 τὴν
1427 1837 1482 1876 διὰ
1514 1841 1582 1876 τῶν
1620 1838 1729 1892 ἔργων
1763 1836 1975 1891 κατόρθωσιν
2008 1837 2269 1889 ἐπειχθήσεσθε.
2301 1838 2364 1876 Διὸ

1338 1899 1516 1951 ἀρκεσθεὶς
1535 1904 1605 1942 τοῖς
1627 1899 1820 1951 εἰρημένοις
1836 1899 1893 1937 ἐπὶ
1911 1897 1972 1945 τὴν
1995 1899 2198 1937 ἀκολουθίαν
2218 1903 2278 1937 τοῦ
2305 1900 2364 1938 λό-

1337 1978 1398 2013 γου
1421 1961 1594 2009 ἐπανήξω.
1616 1961 1685 2000 Καὶ
1704 1961 1857 2013 ἐγένετο,
1878 1961 2001 2012 φησὶν,
2018 1960 2162 2013 ἑσπέρα,
2179 1961 2238 1999 καὶ
2261 1961 2364 1999 ἔλαὸε

1337 2024 1462 2062 Λάὸαν
1481 2023 1544 2070 τὴν
1563 2022 1671 2061 Λείαν
1692 2022 1753 2069 τὴν
1773 2022 1945 2074 θυγατέρα
1960 2023 2080 2068 αὐτοῦ,
2103 2021 2162 2060 καὶ
2181 2022 2366 2074 εἰσήγαγεν

1337 2084 1444 2132 αὐτὴν
1464 2085 1550 2136 πρὸς
1573 2085 1631 2123 τὸν
1644 2083 1785 2122 ’landa
1804 2083 1864 2130 Μὴ
1881 2084 2000 2126 ἁπλῶς
2021 2083 2109 2134 μηδὲ
2127 2080 2229 2123 τοῦτο
2246 2100 2366 2137 παρα-

1339 2146 1544 2198 δράμωμεν·
1560 2145 1634 2183 ἔστι
1650 2145 1718 2196 γὰρ
1737 2145 1796 2183 καὶ
1816 2147 1855 2182 ἐκ
1874 2144 1995 2182 τούτου
2015 2144 2129 2183 πολλὰ
2148 2146 2296 2183 συνιδεῖν
2308 2161 2316 2169 ·
2331 2145 2367 2183 ἓν

1340 2207 1402 2258 μὲν
1424 2212 1482 2244 τοῦ
1502 2205 1632 2244 Ἴακὼὸ
1654 2206 1693 2243 τὸ
1714 2206 1905 2253 ἄπλαστον,
1926 2206 1985 2243 καὶ
2007 2205 2101 2249 ὅπως
2120 2206 2236 2253 πάσης
2255 2222 2368 2254 πονη-

1341 2267 1414 2320 ρίας
1444 2267 1540 2311 ἐκτὸς
1569 2267 1616 2305 ὢν
1651 2266 1920 2320 παρεκρούσθη·
1947 2266 2105 2319 δεύτερον
2131 2267 2185 2314 δὲ,
2206 2267 2259 2305 ὅτι
2280 2268 2368 2318 μετὰ

1339 2329 1510 2375 τοσαύτης
1540 2328 1727 2379 εὐκοσμίας
1761 2328 1899 2365 ἅπαντα
1931 2327 2082 2378 ἐγίνετο,
2123 2328 2183 2366 καὶ
2215 2330 2368 2380 οὐδαμοῦ

1337 2390 1520 2440 λαμπάδες
1536 2389 1595 2428 καὶ
1621 2395 1757 2441 χορεῖαι
1777 2388 1835 2426 καὶ
1859 2390 1957 2441 φῶτα
1973 2389 2037 2435 τὴν
2056 2389 2178 2441 χρείαν
2197 2390 2367 2442 {maffei—

1338 2467 1451 2497 νοντα,
1472 2455 1517 2494 ὡς
1532 2452 1591 2489 καί
1606 2451 1668 2498 τὴν
1686 2451 1826 2498 ἀπάτην
1840 2454 1898 2489 τοῦ
1919 2450 2041 2488 Autem
2061 2453 2108 2494 εἷς
2125 2451 2223 2503 ἔργον
2244 2453 2367 2490 ἐλθεῖν.

1338 2512 1443 2551 ’Ἐστι
1461 2514 1496 2551 δὲ
1513 2512 1571 2550 καὶ
1592 2516 1651 2550 τοῦ
1669 2512 1790 2549 Αάὲαν
1809 2514 1962 2550 ἐντεῦθεν
1980 2512 2192 2550 καταλαδεῖν
2209 2512 2273 2559 τὴν
2287 2512 2367 2565 περὶ

1291 2595 1315 2623 Α
1338 2573 1394 2612 τὸν
1418 2573 1547 2612 Tamti&
1577 2572 1835 2626 φιλοστοργίαν.
1869 2575 1984 2611 Τοῦτο
2008 2573 2076 2627 γὰρ
2103 2573 2366 2625 ἐμηχανήσατο,

1341 2636 1546 2687 βουλόμενος
1564 2635 1620 2673 ἐπὶ
1640 2637 1758 2673 πλεῖον
1790 2633 1950 2686 κατέχειν
1983 2635 2066 2684 παρ’
2096 2636 2209 2686 ἑαυτῷ
2233 2634 2289 2673 τὸν
2318 2635 2367 2672 δί-

1340 2712 1449 2734 καιον.
1471 2696 1616 2743 Ἰίπειδὴ
1637 2695 1703 2748 γὰρ
1719 2695 1795 2747 ᾔδει
1814 2695 1866 2733 ὅτι
1886 2694 2042 2741 ῧέκείνης
2059 2695 2291 2747 περιεκαίετο,
2308 2696 2367 2734 καὶ

1343 2760 1371 2795 εἰ
1389 2761 1448 2795 τοῦ
1473 2756 1752 2809 σπουδαζομένου
1776 2756 1955 2808 ἐπέτυχεν,
1972 2758 2033 2794 οὐκ
2053 2756 2092 2793 ἂν
2115 2756 2228 2794 εἵλετο
2247 2757 2367 2795 λοιπὸν

1341 2823 1401 2866 τῆς
1424 2820 1525 2862 >λείας
1545 2819 1660 2857 ἕνεκεν
1679 2819 1741 2866 τὴν
1770 2818 1927 2856 δουλείαν
1956 2820 2170 2863 ὑποστῆναι,
2198 2818 2275 2857 οὐδὲ
2304 2818 2366 2866 τὴν

1343 2884 1418 2932 μετ’
1436 2883 1538 2919 αὐτοῦ
1558 2880 1755 2926 συνοίκησιν
1767 2896 1774 2903 ·
1793 2880 1849 2919 διὰ
1866 2883 1968 2918 τοῦτο
1984 2879 2192 2930 θεασάμενος
2211 2883 2228 2918 ὁ
2246 2879 2368 2918 Αάῧαν

1341 2945 1400 2979 τοῦ
1422 2937 1542 2994 ἆνδρδς
1564 2941 1626 2988 τὴν
1644 2940 1788 2992 ἀρετὴν,
1809 2941 1867 2979 καὶ
1899 2943 2022 2978 ἐννοῶν
2041 2944 2087 2984 ὡς
2107 2943 2169 2979 οὐκ
2185 2940 2224 2977 ἂν
2244 2941 2369 2993 ἑτέρως

1342 3005 1446 3041 αὐτοῦ
1476 3001 1690 3055 περιγένοιτο
1719 3002 1778 3040 καὶ
1805 3001 1960 3050 πείσειε,
1983 3001 2045 3049 τὴν
2074 3001 2212 3048 ἀπάτην
2239 3002 2370 3048 ταύτην

1343 3065 1548 3116 εἰργάσατο,
1570 3064 1629 3102 καὶ
1650 3064 1790 3102 δίδωσιν
1813 3066 1906 3115 αὐτῷ
1924 3063 1986 3109 τὴν
2002 3063 2108 3101 Λείαν
2126 3062 2215 3112 μετὰ
2234 3064 2370 3116 Ζελφᾶς

1342 3130 1404 3172 τῆς
1426 3125 1629 3170 παιδίσκης.
1656 3119 1745 3162 Εἶτα
1769 3123 2023 3176 ἐγκαλούμενος
2049 3123 2117 3161 ὑπὸ
2142 3120 2202 3162 τοῦ
2223 3124 2369 3170 δικαίου,

1340 3187 1430 3231 τίνος
1459 3187 1572 3225 ἕνεκεν
1600 3187 1643 3225 τὰ
1663 3190 1724 3233 τῆς
1753 3186 1889 3232 ἀπάτης
1919 3185 2124 3238 εἰργάσατο,
2146 3185 2369 3238 εὐπρόσωπον

1342 3248 1530 3300 ἀπολογίαν
1553 3248 1755 3295 ἐποιήσατο.
1782 3246 1930 3293 Ἐπειδὴ
1961 3246 2029 3298 γὰρ
2059 3241 2154 3286 εἶπεν
2181 3251 2199 3286 ὁ
2226 3246 2368 3293 Ἰακὼὸ,

362 3355 372 3367 ³·
398 3344 402 3383 ἱ
421 3341 523 3374 Savil.
541 3344 572 3373 in
586 3353 695 3385 marg.
713 3342 797 3381 conj.
818 3347 923 3377 ἐκεί-,ης
939 3347 1005 3385 πέρι
1026 3345 1150 3373 ἐκαίετο.
1169 3338 1262 3371 Idem
1283 3336 1385 3368 xoluit
1403 3343 1571 3368 corrector
1587 3346 1700 3368 recens
1713 3333 1845 3367 Codicis
1861 3332 1962 3366 Coisl,
1981 3335 1991 3375 ]
