<?xml version="1.0" encoding="UTF-8"?>
<!DOCTYPE html PUBLIC "-//W3C//DTD XHTML 1.0 Transitional//EN"
    "http://www.w3.org/TR/xhtml1/DTD/xhtml1-transitional.dtd">
<html xmlns="http://www.w3.org/1999/xhtml" xml:lang="en" lang="en">
 <head>
  <title>
</title>
<meta http-equiv="Content-Type" content="text/html;charset=utf-8" />
  <meta name='ocr-system' content='tesseract 3.04.00' />
  <meta name='ocr-capabilities' content='ocr_page ocr_carea ocr_par ocr_line ocrx_word'/>
</head>
<body>
  <div class='ocr_page' id='page_1' title='image "./operaomniaquaeex04johnuoft_0441.png"; bbox 0 0 2516 3791; ppageno 0'>
   <div class='ocr_carea' id='block_1_1' title="bbox 723 236 1231 268">
    <p class='ocr_par' dir='ltr' id='par_1_1' title="bbox 723 236 1231 268">
     <span class='ocr_line' id='line_1_1' title="bbox 723 236 1231 268; baseline 0 -2"><span class='ocrx_word' id='word_1_1' title='bbox 723 237 768 267; x_wconf 74' lang='grc' dir='ltr'><strong>ΙΝ</strong></span> <span class='ocrx_word' id='word_1_2' title='bbox 810 237 913 268; x_wconf 70' lang='grc' dir='ltr'><strong>(ΣΑΡ.</strong></span> <span class='ocrx_word' id='word_1_3' title='bbox 953 237 1032 268; x_wconf 79' lang='lat' dir='ltr'><strong>XV.</strong></span> <span class='ocrx_word' id='word_1_4' title='bbox 1071 236 1231 267; x_wconf 83' lang='lat' dir='ltr'><strong>GENES.</strong></span> 
     </span>
    </p>
   </div>
   <div class='ocr_carea' id='block_1_2' title="bbox 134 317 1169 3343">
    <p class='ocr_par' dir='ltr' id='par_1_2' title="bbox 134 317 1169 2433">
     <span class='ocr_line' id='line_1_2' title="bbox 143 317 1168 372; baseline 0.001 -15"><span class='ocrx_word' id='word_1_5' title='bbox 143 318 263 365; x_wconf 80' lang='grc' dir='ltr'>ἐπειδὴ</span> <span class='ocrx_word' id='word_1_6' title='bbox 280 317 344 365; x_wconf 78' lang='grc' dir='ltr'><strong>τὴν</strong></span> <span class='ocrx_word' id='word_1_7' title='bbox 360 318 504 372; x_wconf 80' lang='grc' dir='ltr'>Χαῤῥὰν</span> <span class='ocrx_word' id='word_1_8' title='bbox 521 317 729 366; x_wconf 67' lang='grc' dir='ltr'>κατέλαὸον,</span> <span class='ocrx_word' id='word_1_9' title='bbox 741 320 812 357; x_wconf 88' lang='grc' dir='ltr'>ἐκεῖ</span> <span class='ocrx_word' id='word_1_10' title='bbox 827 318 917 367; x_wconf 73' lang='grc' dir='ltr'><strong>ι’τὴν</strong></span> <span class='ocrx_word' id='word_1_11' title='bbox 936 319 1068 367; x_wconf 83' lang='grc' dir='ltr'>σκηνὴν</span> <span class='ocrx_word' id='word_1_12' title='bbox 1081 319 1168 366; x_wconf 77' lang='grc' dir='ltr'>ἐπή-</span> 
     </span>
     <span class='ocr_line' id='line_1_3' title="bbox 143 374 1166 432; baseline 0 -15"><span class='ocrx_word' id='word_1_13' title='bbox 143 378 255 423; x_wconf 80' lang='grc' dir='ltr'>ξαντο.</span> <span class='ocrx_word' id='word_1_14' title='bbox 276 378 346 417; x_wconf 74' lang='grc' dir='ltr'><strong>Καὶ</strong></span> <span class='ocrx_word' id='word_1_15' title='bbox 372 378 642 426; x_wconf 81' lang='grc' dir='ltr'>τελευτήσαντος</span> <span class='ocrx_word' id='word_1_16' title='bbox 664 382 720 418; x_wconf 87' lang='grc' dir='ltr'><strong>τοῦ</strong></span> <span class='ocrx_word' id='word_1_17' title='bbox 743 380 870 432; x_wconf 76' lang='grc' dir='ltr'>Θάῤῥα</span> <span class='ocrx_word' id='word_1_18' title='bbox 890 381 1013 431; x_wconf 65' lang='grc' dir='ltr'>(τοῦτο</span> <span class='ocrx_word' id='word_1_19' title='bbox 1032 380 1100 432; x_wconf 85' lang='grc' dir='ltr'>γὰρ</span> <span class='ocrx_word' id='word_1_20' title='bbox 1125 374 1166 427; x_wconf 70' lang='grc' dir='ltr'><strong>ἦν</strong></span> 
     </span>
     <span class='ocr_line' id='line_1_4' title="bbox 142 440 1168 493; baseline 0 -15"><span class='ocrx_word' id='word_1_21' title='bbox 142 441 251 490; x_wconf 88' lang='grc' dir='ltr'>ὄνομα</span> <span class='ocrx_word' id='word_1_22' title='bbox 289 442 339 491; x_wconf 78' lang='grc' dir='ltr'><strong>τῷ</strong></span> <span class='ocrx_word' id='word_1_23' title='bbox 373 440 520 491; x_wconf 74' lang='grc' dir='ltr'>πατρὶ),</span> <span class='ocrx_word' id='word_1_24' title='bbox 547 440 654 478; x_wconf 88' lang='grc' dir='ltr'>πάλιν</span> <span class='ocrx_word' id='word_1_25' title='bbox 691 440 946 491; x_wconf 79' lang='grc' dir='ltr'>προστάττεται</span> <span class='ocrx_word' id='word_1_26' title='bbox 973 441 1071 493; x_wconf 79' lang='grc' dir='ltr'>παρὰ</span> <span class='ocrx_word' id='word_1_27' title='bbox 1108 444 1168 479; x_wconf 90' lang='grc' dir='ltr'><strong>τοῦ</strong></span> 
     </span>
     <span class='ocr_line' id='line_1_5' title="bbox 142 499 1169 552; baseline 0.001 -14"><span class='ocrx_word' id='word_1_28' title='bbox 142 503 234 539; x_wconf 81' lang='grc' dir='ltr'>Θεοῦ</span> <span class='ocrx_word' id='word_1_29' title='bbox 267 499 413 544; x_wconf 72' lang='grc' dir='ltr'>ἐξελθεῖν</span> <span class='ocrx_word' id='word_1_30' title='bbox 443 503 584 539; x_wconf 83' lang='grc' dir='ltr'>ἐκεῖθεν.</span> <span class='ocrx_word' id='word_1_31' title='bbox 601 499 744 544; x_wconf 79' lang='grc' dir='ltr'>Ἔξελθε</span> <span class='ocrx_word' id='word_1_32' title='bbox 780 501 860 552; x_wconf 85' lang='grc' dir='ltr'>γὰρ,</span> <span class='ocrx_word' id='word_1_33' title='bbox 891 501 1009 552; x_wconf 79' lang='grc' dir='ltr'>φησὶν,</span> <span class='ocrx_word' id='word_1_34' title='bbox 1029 504 1068 539; x_wconf 85' lang='grc' dir='ltr'>ἐκ</span> <span class='ocrx_word' id='word_1_35' title='bbox 1106 504 1169 547; x_wconf 72' lang='grc' dir='ltr'><strong>τῆς</strong></span> 
     </span>
     <span class='ocr_line' id='line_1_6' title="bbox 142 559 1168 612; baseline -0.001 -14"><span class='ocrx_word' id='word_1_36' title='bbox 142 564 206 612; x_wconf 77' lang='grc' dir='ltr'>γῆς</span> <span class='ocrx_word' id='word_1_37' title='bbox 222 575 283 598; x_wconf 91' lang='grc' dir='ltr'><strong>σου</strong></span> <span class='ocrx_word' id='word_1_38' title='bbox 302 561 361 599; x_wconf 79' lang='grc' dir='ltr'><strong>καὶ</strong></span> <span class='ocrx_word' id='word_1_39' title='bbox 382 563 421 599; x_wconf 88' lang='grc' dir='ltr'>ἐκ</span> <span class='ocrx_word' id='word_1_40' title='bbox 445 564 506 608; x_wconf 78' lang='grc' dir='ltr'><strong>τῆς</strong></span> <span class='ocrx_word' id='word_1_41' title='bbox 534 561 732 612; x_wconf 82' lang='grc' dir='ltr'>συγγενείας</span> <span class='ocrx_word' id='word_1_42' title='bbox 748 576 808 599; x_wconf 92' lang='grc' dir='ltr'><strong>σου</strong></span> <span class='ocrx_word' id='word_1_43' title='bbox 821 590 830 608; x_wconf 95' lang='grc'><strong>,</strong></span> <span class='ocrx_word' id='word_1_44' title='bbox 847 561 906 599; x_wconf 76' lang='grc' dir='ltr'><strong>καὶ</strong></span> <span class='ocrx_word' id='word_1_45' title='bbox 923 562 1023 612; x_wconf 88' lang='grc' dir='ltr'>δεῦρο</span> <span class='ocrx_word' id='word_1_46' title='bbox 1039 563 1087 604; x_wconf 90' lang='grc' dir='ltr'><strong>εἰς</strong></span> <span class='ocrx_word' id='word_1_47' title='bbox 1103 559 1168 606; x_wconf 82' lang='grc' dir='ltr'><strong>τὴν</strong></span> 
     </span>
     <span class='ocr_line' id='line_1_7' title="bbox 142 621 1169 674; baseline 0 -14"><span class='ocrx_word' id='word_1_48' title='bbox 142 624 220 673; x_wconf 81' lang='grc' dir='ltr'>γῆν,</span> <span class='ocrx_word' id='word_1_49' title='bbox 241 623 283 669; x_wconf 79' lang='grc' dir='ltr'><strong>ἣν</strong></span> <span class='ocrx_word' id='word_1_50' title='bbox 314 623 354 660; x_wconf 85' lang='grc' dir='ltr'><strong>ἄν</strong></span> <span class='ocrx_word' id='word_1_51' title='bbox 376 637 431 660; x_wconf 90' lang='grc' dir='ltr'><strong>σοι</strong></span> <span class='ocrx_word' id='word_1_52' title='bbox 461 622 570 666; x_wconf 81' lang='grc' dir='ltr'>δείξω.</span> <span class='ocrx_word' id='word_1_53' title='bbox 590 621 738 669; x_wconf 80' lang='grc' dir='ltr'>Ἐπειδὴ</span> <span class='ocrx_word' id='word_1_54' title='bbox 759 622 826 674; x_wconf 80' lang='grc' dir='ltr'>γὰρ</span> <span class='ocrx_word' id='word_1_55' title='bbox 846 622 935 672; x_wconf 84' lang='grc' dir='ltr'>μετὰ</span> <span class='ocrx_word' id='word_1_56' title='bbox 965 621 1080 668; x_wconf 85' lang='grc' dir='ltr'>πάσης</span> <span class='ocrx_word' id='word_1_57' title='bbox 1106 623 1169 667; x_wconf 83' lang='grc' dir='ltr'>τῆς</span> 
     </span>
     <span class='ocr_line' id='line_1_8' title="bbox 141 681 1167 735; baseline -0.001 -15"><span class='ocrx_word' id='word_1_58' title='bbox 141 682 252 726; x_wconf 86' lang='grc' dir='ltr'>οἰκίας</span> <span class='ocrx_word' id='word_1_59' title='bbox 269 684 315 726; x_wconf 88' lang='grc' dir='ltr'><strong>εἷς</strong></span> <span class='ocrx_word' id='word_1_60' title='bbox 334 682 395 730; x_wconf 80' lang='grc' dir='ltr'><strong>τὴν</strong></span> <span class='ocrx_word' id='word_1_61' title='bbox 419 682 563 735; x_wconf 80' lang='grc' dir='ltr'>Χαῤῥὰν</span> <span class='ocrx_word' id='word_1_62' title='bbox 585 682 816 732; x_wconf 83' lang='grc' dir='ltr'>μετέστησαν,</span> <span class='ocrx_word' id='word_1_63' title='bbox 832 681 890 720; x_wconf 82' lang='grc' dir='ltr'><strong>διὰ</strong></span> <span class='ocrx_word' id='word_1_64' title='bbox 903 686 1004 720; x_wconf 90' lang='grc' dir='ltr'>τοῦτο</span> <span class='ocrx_word' id='word_1_65' title='bbox 1021 684 1167 720; x_wconf 86' lang='grc' dir='ltr'>ἐνταῦθα</span> 
     </span>
     <span class='ocr_line' id='line_1_9' title="bbox 142 742 1166 796; baseline -0.002 -15"><span class='ocrx_word' id='word_1_66' title='bbox 142 742 372 796; x_wconf 83' lang='grc' dir='ltr'>προστάττων</span> <span class='ocrx_word' id='word_1_67' title='bbox 396 745 491 796; x_wconf 76' lang='grc' dir='ltr'>αὐτῷ</span> <span class='ocrx_word' id='word_1_68' title='bbox 510 743 658 787; x_wconf 81' lang='grc' dir='ltr'>ἐξελθεῖν</span> <span class='ocrx_word' id='word_1_69' title='bbox 687 742 914 794; x_wconf 81' lang='grc' dir='ltr'>προσέθηκεν,</span> <span class='ocrx_word' id='word_1_70' title='bbox 930 743 994 780; x_wconf 86' lang='grc' dir='ltr'>Ἐκ</span> <span class='ocrx_word' id='word_1_71' title='bbox 1017 744 1079 787; x_wconf 83' lang='grc' dir='ltr'>τ’ἥς</span> <span class='ocrx_word' id='word_1_72' title='bbox 1103 743 1166 792; x_wconf 81' lang='grc' dir='ltr'><strong>γῆς</strong></span> 
     </span>
     <span class='ocr_line' id='line_1_10' title="bbox 141 802 1166 855; baseline -0.001 -14"><span class='ocrx_word' id='word_1_73' title='bbox 141 819 202 842; x_wconf 89' lang='grc' dir='ltr'><strong>σου</strong></span> <span class='ocrx_word' id='word_1_74' title='bbox 241 804 299 842; x_wconf 77' lang='grc' dir='ltr'><strong>καὶ</strong></span> <span class='ocrx_word' id='word_1_75' title='bbox 326 807 365 842; x_wconf 85' lang='grc' dir='ltr'>ἐκ</span> <span class='ocrx_word' id='word_1_76' title='bbox 399 807 462 850; x_wconf 78' lang='grc' dir='ltr'><strong>τῆς</strong></span> <span class='ocrx_word' id='word_1_77' title='bbox 491 803 690 855; x_wconf 81' lang='grc' dir='ltr'>συγγενείας</span> <span class='ocrx_word' id='word_1_78' title='bbox 715 818 794 848; x_wconf 90' lang='grc' dir='ltr'>σου,</span> <span class='ocrx_word' id='word_1_79' title='bbox 831 804 946 848; x_wconf 83' lang='grc' dir='ltr'>δηλῶν</span> <span class='ocrx_word' id='word_1_80' title='bbox 976 804 1088 854; x_wconf 81' lang='grc' dir='ltr'>αὐτῷ,</span> <span class='ocrx_word' id='word_1_81' title='bbox 1114 802 1166 840; x_wconf 83' lang='grc' dir='ltr'><strong>ὅτι</strong></span> 
     </span>
     <span class='ocr_line' id='line_1_11' title="bbox 142 862 1166 914; baseline -0.001 -12"><span class='ocrx_word' id='word_1_82' title='bbox 142 864 242 902; x_wconf 78' lang='grc' dir='ltr'>αὐτὸν</span> <span class='ocrx_word' id='word_1_83' title='bbox 276 863 378 913; x_wconf 85' lang='grc' dir='ltr'>μόνον</span> <span class='ocrx_word' id='word_1_84' title='bbox 409 863 488 902; x_wconf 82' lang='grc' dir='ltr'>καθ’</span> <span class='ocrx_word' id='word_1_85' title='bbox 514 863 634 901; x_wconf 82' lang='grc' dir='ltr'>ἑαυτὸν</span> <span class='ocrx_word' id='word_1_86' title='bbox 671 862 832 913; x_wconf 85' lang='grc' dir='ltr'>βούλεται</span> <span class='ocrx_word' id='word_1_87' title='bbox 871 863 935 910; x_wconf 84' lang='grc' dir='ltr'><strong>τὴν</strong></span> <span class='ocrx_word' id='word_1_88' title='bbox 965 864 1166 914; x_wconf 82' lang='grc' dir='ltr'>ἀποδημίαν</span> 
     </span>
     <span class='ocr_line' id='line_1_12' title="bbox 140 923 1165 977; baseline 0 -15"><span class='ocrx_word' id='word_1_89' title='bbox 140 923 370 972; x_wconf 76' lang='grc' dir='ltr'>ποιήσασθαι,</span> <span class='ocrx_word' id='word_1_90' title='bbox 382 924 440 963; x_wconf 81' lang='grc' dir='ltr'><strong>καὶ</strong></span> <span class='ocrx_word' id='word_1_91' title='bbox 459 924 547 975; x_wconf 78' lang='grc' dir='ltr'>μήτε</span> <span class='ocrx_word' id='word_1_92' title='bbox 568 924 626 962; x_wconf 85' lang='grc' dir='ltr'><strong>τὸν</strong></span> <span class='ocrx_word' id='word_1_93' title='bbox 646 923 805 975; x_wconf 71' lang='grc' dir='ltr'>ἀδελφὸν,</span> <span class='ocrx_word' id='word_1_94' title='bbox 819 923 877 961; x_wconf 86' lang='grc' dir='ltr'><strong>τὸν</strong></span> <span class='ocrx_word' id='word_1_95' title='bbox 900 923 1036 977; x_wconf 77' lang='grc' dir='ltr'>Ναχὼρ</span> <span class='ocrx_word' id='word_1_96' title='bbox 1055 924 1165 976; x_wconf 85' lang='grc' dir='ltr'>λέγω,</span> 
     </span>
     <span class='ocr_line' id='line_1_13' title="bbox 141 981 1165 1036; baseline 0.002 -16"><span class='ocrx_word' id='word_1_97' title='bbox 141 982 231 1033; x_wconf 85' lang='grc' dir='ltr'>μήτε</span> <span class='ocrx_word' id='word_1_98' title='bbox 260 981 375 1036; x_wconf 83' lang='grc' dir='ltr'>ἕτερόν</span> <span class='ocrx_word' id='word_1_99' title='bbox 404 998 482 1021; x_wconf 91' lang='grc' dir='ltr'>τινα</span> <span class='ocrx_word' id='word_1_100' title='bbox 510 982 746 1034; x_wconf 79' lang='grc' dir='ltr'>ἐπισύρεσθαι.</span> <span class='ocrx_word' id='word_1_101' title='bbox 778 981 844 1020; x_wconf 77' lang='grc' dir='ltr'>Ἐκ</span> <span class='ocrx_word' id='word_1_102' title='bbox 870 985 932 1029; x_wconf 77' lang='grc' dir='ltr'><strong>τῆς</strong></span> <span class='ocrx_word' id='word_1_103' title='bbox 953 985 1017 1033; x_wconf 74' lang='grc' dir='ltr'><strong>γῆς</strong></span> <span class='ocrx_word' id='word_1_104' title='bbox 1047 999 1106 1022; x_wconf 89' lang='grc' dir='ltr'><strong>σου</strong></span> <span class='ocrx_word' id='word_1_105' title='bbox 1130 983 1165 1022; x_wconf 80' lang='grc' dir='ltr'>δὲ</span> 
     </span>
     <span class='ocr_line' id='line_1_14' title="bbox 139 1043 1165 1096; baseline 0.002 -14"><span class='ocrx_word' id='word_1_106' title='bbox 139 1044 269 1095; x_wconf 76' lang='grc' dir='ltr'>ἔλεγεν,</span> <span class='ocrx_word' id='word_1_107' title='bbox 300 1044 419 1091; x_wconf 83' lang='grc' dir='ltr'>ἐπειδὴ</span> <span class='ocrx_word' id='word_1_108' title='bbox 440 1044 563 1096; x_wconf 76' lang='grc' dir='ltr'>χρόνον</span> <span class='ocrx_word' id='word_1_109' title='bbox 595 1045 658 1082; x_wconf 80' lang='grc' dir='ltr'><strong>οὐκ</strong></span> <span class='ocrx_word' id='word_1_110' title='bbox 691 1043 805 1095; x_wconf 83' lang='grc' dir='ltr'>ὀλίγον</span> <span class='ocrx_word' id='word_1_111' title='bbox 842 1045 914 1082; x_wconf 86' lang='grc' dir='ltr'>ἐκεῖ</span> <span class='ocrx_word' id='word_1_112' title='bbox 942 1044 1165 1094; x_wconf 77' lang='grc' dir='ltr'>οἰκήσαντες,</span> 
     </span>
     <span class='ocr_line' id='line_1_15' title="bbox 138 1104 1163 1158; baseline 0.003 -15"><span class='ocrx_word' id='word_1_113' title='bbox 138 1108 186 1148; x_wconf 81' lang='grc' dir='ltr'>ὡς</span> <span class='ocrx_word' id='word_1_114' title='bbox 222 1106 256 1143; x_wconf 78' lang='grc' dir='ltr'><strong>ἐν</strong></span> <span class='ocrx_word' id='word_1_115' title='bbox 276 1105 347 1158; x_wconf 78' lang='grc' dir='ltr'>ἰδίᾳ</span> <span class='ocrx_word' id='word_1_116' title='bbox 369 1106 490 1144; x_wconf 84' lang='grc' dir='ltr'>λοιπὸν</span> <span class='ocrx_word' id='word_1_117' title='bbox 517 1104 659 1158; x_wconf 87' lang='grc' dir='ltr'>πατρίδι</span> <span class='ocrx_word' id='word_1_118' title='bbox 684 1104 748 1151; x_wconf 85' lang='grc' dir='ltr'><strong>τὴν</strong></span> <span class='ocrx_word' id='word_1_119' title='bbox 768 1104 903 1152; x_wconf 83' lang='grc' dir='ltr'>οἴκησιν</span> <span class='ocrx_word' id='word_1_120' title='bbox 928 1107 1107 1145; x_wconf 90' lang='grc' dir='ltr'>ἐποιοῦντο</span> <span class='ocrx_word' id='word_1_121' title='bbox 1129 1110 1163 1146; x_wconf 90' lang='grc' dir='ltr'><strong>ἐν</strong></span> 
     </span>
     <span class='ocr_line' id='line_1_16' title="bbox 141 1165 1164 1218; baseline 0.002 -14"><span class='ocrx_word' id='word_1_122' title='bbox 141 1166 242 1216; x_wconf 77' lang='grc' dir='ltr'>αὐτῇ.</span> <span class='ocrx_word' id='word_1_123' title='bbox 263 1165 387 1205; x_wconf 80' lang='grc' dir='ltr'>Καίτοι</span> <span class='ocrx_word' id='word_1_124' title='bbox 404 1171 464 1205; x_wconf 89' lang='grc' dir='ltr'><strong>τοῦ</strong></span> <span class='ocrx_word' id='word_1_125' title='bbox 492 1166 635 1210; x_wconf 82' lang='grc' dir='ltr'>πένθους</span> <span class='ocrx_word' id='word_1_126' title='bbox 649 1169 717 1204; x_wconf 83' lang='grc' dir='ltr'><strong>τῶν</strong></span> <span class='ocrx_word' id='word_1_127' title='bbox 747 1168 871 1205; x_wconf 85' lang='grc' dir='ltr'>ἑαυτοῦ</span> <span class='ocrx_word' id='word_1_128' title='bbox 901 1166 1028 1217; x_wconf 85' lang='grc' dir='ltr'>γονέων</span> <span class='ocrx_word' id='word_1_129' title='bbox 1047 1167 1164 1218; x_wconf 83' lang='grc' dir='ltr'>ἀκμά-</span> 
     </span>
     <span class='ocr_line' id='line_1_17' title="bbox 140 1226 1164 1279; baseline 0.002 -15"><span class='ocrx_word' id='word_1_130' title='bbox 140 1229 254 1271; x_wconf 88' lang='grc' dir='ltr'>ζοντος</span> <span class='ocrx_word' id='word_1_131' title='bbox 273 1226 344 1274; x_wconf 84' lang='grc' dir='ltr'>ἔτι,</span> <span class='ocrx_word' id='word_1_132' title='bbox 367 1227 425 1265; x_wconf 82' lang='grc' dir='ltr'><strong>καὶ</strong></span> <span class='ocrx_word' id='word_1_133' title='bbox 444 1229 576 1272; x_wconf 72' lang='grc' dir='ltr'>πολλῆς</span> <span class='ocrx_word' id='word_1_134' title='bbox 595 1227 699 1273; x_wconf 84' lang='grc' dir='ltr'>οὔσης</span> <span class='ocrx_word' id='word_1_135' title='bbox 713 1226 793 1265; x_wconf 82' lang='grc' dir='ltr'>τότε</span> <span class='ocrx_word' id='word_1_136' title='bbox 811 1227 1013 1279; x_wconf 72' lang='grc' dir='ltr'>δυσχερείας</span> <span class='ocrx_word' id='word_1_137' title='bbox 1039 1244 1077 1266; x_wconf 89' lang='grc' dir='ltr'><strong>τε</strong></span> <span class='ocrx_word' id='word_1_138' title='bbox 1101 1227 1164 1266; x_wconf 79' lang='grc' dir='ltr'><strong>καὶ</strong></span> 
     </span>
     <span class='ocr_line' id='line_1_18' title="bbox 139 1287 1164 1339; baseline 0.001 -13"><span class='ocrx_word' id='word_1_139' title='bbox 139 1287 277 1331; x_wconf 81' lang='grc' dir='ltr'>ἀνοδίας</span> <span class='ocrx_word' id='word_1_140' title='bbox 293 1287 384 1326; x_wconf 82' lang='grc' dir='ltr'>κατὰ</span> <span class='ocrx_word' id='word_1_141' title='bbox 402 1287 465 1331; x_wconf 87' lang='grc' dir='ltr'><strong>τὰς</strong></span> <span class='ocrx_word' id='word_1_142' title='bbox 489 1287 706 1338; x_wconf 81' lang='grc' dir='ltr'>ἀποδημίας,</span> <span class='ocrx_word' id='word_1_143' title='bbox 730 1287 808 1325; x_wconf 85' lang='grc' dir='ltr'>ἀλλ’</span> <span class='ocrx_word' id='word_1_144' title='bbox 826 1287 921 1338; x_wconf 81' lang='grc' dir='ltr'>ὅμως</span> <span class='ocrx_word' id='word_1_145' title='bbox 939 1288 1029 1339; x_wconf 86' lang='grc' dir='ltr'>μετὰ</span> <span class='ocrx_word' id='word_1_146' title='bbox 1047 1289 1164 1336; x_wconf 82' lang='grc' dir='ltr'>πάσης</span> 
     </span>
     <span class='ocr_line' id='line_1_19' title="bbox 138 1348 1163 1400; baseline 0.001 -14"><span class='ocrx_word' id='word_1_147' title='bbox 138 1349 333 1400; x_wconf 81' lang='grc' dir='ltr'>προθυμίας</span> <span class='ocrx_word' id='word_1_148' title='bbox 348 1349 388 1387; x_wconf 81' lang='grc' dir='ltr'><strong>τὸ</strong></span> <span class='ocrx_word' id='word_1_149' title='bbox 407 1348 586 1400; x_wconf 84' lang='grc' dir='ltr'>ἐπίταγμα</span> <span class='ocrx_word' id='word_1_150' title='bbox 606 1348 646 1386; x_wconf 86' lang='grc' dir='ltr'><strong>τὸ</strong></span> <span class='ocrx_word' id='word_1_151' title='bbox 659 1348 755 1399; x_wconf 88' lang='grc' dir='ltr'>παρὰ</span> <span class='ocrx_word' id='word_1_152' title='bbox 778 1352 837 1387; x_wconf 90' lang='grc' dir='ltr'><strong>τοῦ</strong></span> <span class='ocrx_word' id='word_1_153' title='bbox 856 1349 1033 1388; x_wconf 84' lang='grc' dir='ltr'>Δεσπότου</span> <span class='ocrx_word' id='word_1_154' title='bbox 1058 1350 1163 1397; x_wconf 82' lang='grc' dir='ltr'>ἤνυε,</span> 
     </span>
     <span class='ocr_line' id='line_1_20' title="bbox 138 1408 1166 1462; baseline 0.002 -16"><span class='ocrx_word' id='word_1_155' title='bbox 138 1410 198 1447; x_wconf 85' lang='grc' dir='ltr'><strong>καὶ</strong></span> <span class='ocrx_word' id='word_1_156' title='bbox 229 1413 339 1447; x_wconf 84' lang='grc' dir='ltr'>ταῦτα</span> <span class='ocrx_word' id='word_1_157' title='bbox 375 1411 436 1447; x_wconf 82' lang='grc' dir='ltr'><strong>οὐκ</strong></span> <span class='ocrx_word' id='word_1_158' title='bbox 464 1409 581 1456; x_wconf 86' lang='grc' dir='ltr'>εἰδὼς,</span> <span class='ocrx_word' id='word_1_159' title='bbox 607 1408 692 1447; x_wconf 75' lang='grc' dir='ltr'>ὅπου</span> <span class='ocrx_word' id='word_1_160' title='bbox 713 1409 881 1456; x_wconf 75' lang='grc' dir='ltr'>στήσεται</span> <span class='ocrx_word' id='word_1_161' title='bbox 902 1411 997 1462; x_wconf 82' lang='grc' dir='ltr'>αὐτῷ</span> <span class='ocrx_word' id='word_1_162' title='bbox 1030 1410 1074 1448; x_wconf 81' lang='grc' dir='ltr'><strong>τὰ</strong></span> <span class='ocrx_word' id='word_1_163' title='bbox 1103 1414 1166 1457; x_wconf 72' lang='grc' dir='ltr'>τῆς</span> 
     </span>
     <span class='ocr_line' id='line_1_21' title="bbox 137 1469 1163 1523; baseline 0.001 -15"><span class='ocrx_word' id='word_1_164' title='bbox 137 1469 282 1516; x_wconf 81' lang='grc' dir='ltr'>πλάνης.</span> <span class='ocrx_word' id='word_1_165' title='bbox 304 1472 416 1521; x_wconf 78' lang='grc' dir='ltr'>Δεῦρο</span> <span class='ocrx_word' id='word_1_166' title='bbox 433 1469 516 1522; x_wconf 75' lang='grc' dir='ltr'>γὰρ,</span> <span class='ocrx_word' id='word_1_167' title='bbox 538 1470 656 1521; x_wconf 79' lang='grc' dir='ltr'>φησὶν,</span> <span class='ocrx_word' id='word_1_168' title='bbox 675 1472 735 1508; x_wconf 83' lang='grc' dir='ltr'><strong>οὐκ</strong></span> <span class='ocrx_word' id='word_1_169' title='bbox 756 1472 803 1513; x_wconf 91' lang='grc' dir='ltr'><strong>εἷς</strong></span> <span class='ocrx_word' id='word_1_170' title='bbox 831 1470 934 1517; x_wconf 84' lang='grc' dir='ltr'>τήνδε</span> <span class='ocrx_word' id='word_1_171' title='bbox 957 1470 1020 1519; x_wconf 82' lang='grc' dir='ltr'><strong>τὴν</strong></span> <span class='ocrx_word' id='word_1_172' title='bbox 1041 1475 1119 1523; x_wconf 71' lang='grc' dir='ltr'>γῆν,</span> <span class='ocrx_word' id='word_1_173' title='bbox 1141 1471 1163 1517; x_wconf 87' lang='grc' dir='ltr'>ἢ</span> 
     </span>
     <span class='ocr_line' id='line_1_22' title="bbox 136 1530 1166 1582; baseline 0.003 -15"><span class='ocrx_word' id='word_1_174' title='bbox 136 1530 258 1578; x_wconf 82' lang='grc' dir='ltr'>τήνδε,</span> <span class='ocrx_word' id='word_1_175' title='bbox 278 1532 354 1569; x_wconf 86' lang='grc' dir='ltr'>ἀλλ’</span> <span class='ocrx_word' id='word_1_176' title='bbox 372 1533 420 1574; x_wconf 90' lang='grc' dir='ltr'><strong>εἷς</strong></span> <span class='ocrx_word' id='word_1_177' title='bbox 445 1530 515 1569; x_wconf 69' lang='grc' dir='ltr'><strong>ιἨν</strong></span> <span class='ocrx_word' id='word_1_178' title='bbox 537 1531 579 1568; x_wconf 80' lang='grc' dir='ltr'><strong>ἄν</strong></span> <span class='ocrx_word' id='word_1_179' title='bbox 608 1546 662 1568; x_wconf 93' lang='grc' dir='ltr'><strong>σοι</strong></span> <span class='ocrx_word' id='word_1_180' title='bbox 695 1530 808 1575; x_wconf 82' lang='grc' dir='ltr'>δείξω.</span> <span class='ocrx_word' id='word_1_181' title='bbox 827 1531 897 1570; x_wconf 78' lang='grc' dir='ltr'><strong>Καὶ</strong></span> <span class='ocrx_word' id='word_1_182' title='bbox 927 1531 1022 1582; x_wconf 80' lang='grc' dir='ltr'>ὅμως</span> <span class='ocrx_word' id='word_1_183' title='bbox 1056 1532 1166 1576; x_wconf 81' lang='grc' dir='ltr'>οὕτως</span> 
     </span>
     <span class='ocr_line' id='line_1_23' title="bbox 135 1591 1166 1644; baseline 0.004 -16"><span class='ocrx_word' id='word_1_184' title='bbox 135 1591 230 1635; x_wconf 83' lang='grc' dir='ltr'>ὄντος</span> <span class='ocrx_word' id='word_1_185' title='bbox 250 1591 412 1643; x_wconf 85' lang='grc' dir='ltr'>ἀορίστου</span> <span class='ocrx_word' id='word_1_186' title='bbox 428 1596 489 1630; x_wconf 86' lang='grc' dir='ltr'><strong>τοῦ</strong></span> <span class='ocrx_word' id='word_1_187' title='bbox 507 1591 760 1643; x_wconf 82' lang='grc' dir='ltr'>ἐπιτάγματος,</span> <span class='ocrx_word' id='word_1_188' title='bbox 782 1591 879 1630; x_wconf 83' lang='grc' dir='ltr'>οὐδὲν</span> <span class='ocrx_word' id='word_1_189' title='bbox 893 1592 1166 1644; x_wconf 77' lang='grc' dir='ltr'>περιεργαζόμε-</span> 
     </span>
     <span class='ocr_line' id='line_1_24' title="bbox 135 1651 1166 1706; baseline 0.003 -18"><span class='ocrx_word' id='word_1_190' title='bbox 135 1667 190 1694; x_wconf 91' lang='grc' dir='ltr'><strong>νος</strong></span> <span class='ocrx_word' id='word_1_191' title='bbox 209 1651 247 1688; x_wconf 84' lang='grc' dir='ltr'><strong>τὸ</strong></span> <span class='ocrx_word' id='word_1_192' title='bbox 277 1651 494 1704; x_wconf 75' lang='grc' dir='ltr'>προσταχθὲν</span> <span class='ocrx_word' id='word_1_193' title='bbox 515 1654 564 1695; x_wconf 87' lang='grc' dir='ltr'><strong>εἷς</strong></span> <span class='ocrx_word' id='word_1_194' title='bbox 584 1651 682 1704; x_wconf 85' lang='grc' dir='ltr'>ἔργον</span> <span class='ocrx_word' id='word_1_195' title='bbox 714 1652 845 1704; x_wconf 82' lang='grc' dir='ltr'>ἤγαγε·</span> <span class='ocrx_word' id='word_1_196' title='bbox 867 1653 927 1691; x_wconf 86' lang='grc' dir='ltr'><strong>καὶ</strong></span> <span class='ocrx_word' id='word_1_197' title='bbox 946 1653 1005 1691; x_wconf 87' lang='grc' dir='ltr'><strong>τὸν</strong></span> <span class='ocrx_word' id='word_1_198' title='bbox 1024 1654 1166 1706; x_wconf 84' lang='grc' dir='ltr'>ἀδελφι·</span> 
     </span>
     <span class='ocr_line' id='line_1_25' title="bbox 135 1711 1164 1767; baseline 0.003 -18"><span class='ocrx_word' id='word_1_199' title='bbox 135 1713 214 1750; x_wconf 87' lang='grc' dir='ltr'>δοῦν</span> <span class='ocrx_word' id='word_1_200' title='bbox 234 1711 270 1750; x_wconf 79' lang='grc' dir='ltr'>δὲ</span> <span class='ocrx_word' id='word_1_201' title='bbox 299 1713 468 1763; x_wconf 81' lang='grc' dir='ltr'>ἐπήγετο,</span> <span class='ocrx_word' id='word_1_202' title='bbox 489 1712 549 1751; x_wconf 80' lang='grc' dir='ltr'><strong>καὶ</strong></span> <span class='ocrx_word' id='word_1_203' title='bbox 570 1712 627 1750; x_wconf 84' lang='grc' dir='ltr'><strong>διὰ</strong></span> <span class='ocrx_word' id='word_1_204' title='bbox 647 1712 770 1751; x_wconf 85' lang='grc' dir='ltr'>τούτου</span> <span class='ocrx_word' id='word_1_205' title='bbox 791 1712 854 1760; x_wconf 82' lang='grc' dir='ltr'><strong>τὴν</strong></span> <span class='ocrx_word' id='word_1_206' title='bbox 879 1713 1008 1752; x_wconf 85' lang='grc' dir='ltr'>οἰκείαν</span> <span class='ocrx_word' id='word_1_207' title='bbox 1037 1713 1164 1767; x_wconf 80' lang='grc' dir='ltr'>ἀρετὴν</span> 
     </span>
     <span class='ocr_line' id='line_1_26' title="bbox 135 1771 1165 1826; baseline 0.004 -17"><span class='ocrx_word' id='word_1_208' title='bbox 135 1771 281 1815; x_wconf 86' lang='grc' dir='ltr'>δεικνύς.</span> <span class='ocrx_word' id='word_1_209' title='bbox 296 1773 443 1820; x_wconf 85' lang='grc' dir='ltr'>Ἐπειδὴ</span> <span class='ocrx_word' id='word_1_210' title='bbox 464 1773 532 1826; x_wconf 86' lang='grc' dir='ltr'>γὰρ</span> <span class='ocrx_word' id='word_1_211' title='bbox 552 1774 626 1812; x_wconf 84' lang='grc' dir='ltr'>νέον</span> <span class='ocrx_word' id='word_1_212' title='bbox 647 1773 748 1811; x_wconf 81' lang='grc' dir='ltr'>αὐτὸν</span> <span class='ocrx_word' id='word_1_213' title='bbox 771 1774 1055 1825; x_wconf 67' lang='grc' dir='ltr'>προσλαὸόμενος</span> <span class='ocrx_word' id='word_1_214' title='bbox 1074 1774 1165 1813; x_wconf 86' lang='grc' dir='ltr'>κατὰ</span> 
     </span>
     <span class='ocr_line' id='line_1_27' title="bbox 135 1833 1165 1888; baseline 0.002 -18"><span class='ocrx_word' id='word_1_215' title='bbox 135 1833 259 1885; x_wconf 78' lang='grc' dir='ltr'>μικρὸν</span> <span class='ocrx_word' id='word_1_216' title='bbox 280 1833 438 1884; x_wconf 83' lang='grc' dir='ltr'>μιμητὴν</span> <span class='ocrx_word' id='word_1_217' title='bbox 458 1833 692 1878; x_wconf 80' lang='grc' dir='ltr'>κατεσκεύαζε</span> <span class='ocrx_word' id='word_1_218' title='bbox 708 1836 776 1880; x_wconf 59' lang='grc' dir='ltr'>«τῆς</span> <span class='ocrx_word' id='word_1_219' title='bbox 796 1834 924 1878; x_wconf 85' lang='grc' dir='ltr'>οἰκείας</span> <span class='ocrx_word' id='word_1_220' title='bbox 945 1837 1090 1888; x_wconf 84' lang='grc' dir='ltr'>ἀρετῆς,</span> <span class='ocrx_word' id='word_1_221' title='bbox 1105 1837 1165 1874; x_wconf 82' lang='grc' dir='ltr'><strong>οὐκ</strong></span> 
     </span>
     <span class='ocr_line' id='line_1_28' title="bbox 135 1895 1165 1945; baseline 0.003 -14"><span class='ocrx_word' id='word_1_222' title='bbox 135 1895 303 1945; x_wconf 75' lang='grc' dir='ltr'>ἠνέσχετο</span> <span class='ocrx_word' id='word_1_223' title='bbox 338 1897 460 1933; x_wconf 85' lang='grc' dir='ltr'>τοῦτον</span> <span class='ocrx_word' id='word_1_224' title='bbox 496 1897 717 1942; x_wconf 89' lang='grc' dir='ltr'>καταλιπεῖν,</span> <span class='ocrx_word' id='word_1_225' title='bbox 748 1895 840 1933; x_wconf 86' lang='grc' dir='ltr'>ἀλλὰ</span> <span class='ocrx_word' id='word_1_226' title='bbox 872 1896 1035 1934; x_wconf 80' lang='grc' dir='ltr'>κοινωνὸν</span> <span class='ocrx_word' id='word_1_227' title='bbox 1064 1896 1165 1935; x_wconf 85' lang='grc' dir='ltr'>αὐτὸν</span> 
     </span>
     <span class='ocr_line' id='line_1_29' title="bbox 135 1955 1163 2010; baseline 0.001 -17"><span class='ocrx_word' id='word_1_228' title='bbox 135 1955 314 2006; x_wconf 71' lang='grc' dir='ltr'>ἐλάμὸανε</span> <span class='ocrx_word' id='word_1_229' title='bbox 340 1959 403 2003; x_wconf 68' lang='grc' dir='ltr'><strong>τῆς</strong></span> <span class='ocrx_word' id='word_1_230' title='bbox 434 1955 651 2006; x_wconf 84' lang='grc' dir='ltr'>ἀποδημίας.</span> <span class='ocrx_word' id='word_1_231' title='bbox 672 1957 716 1993; x_wconf 81' lang='grc' dir='ltr'><strong>Εἰ</strong></span> <span class='ocrx_word' id='word_1_232' title='bbox 747 1955 813 2007; x_wconf 85' lang='grc' dir='ltr'>γὰρ</span> <span class='ocrx_word' id='word_1_233' title='bbox 847 1961 865 1995; x_wconf 84' lang='grc' dir='ltr'>ὁ</span> <span class='ocrx_word' id='word_1_234' title='bbox 891 1956 1022 2010; x_wconf 82' lang='grc' dir='ltr'>πατὴρ,</span> <span class='ocrx_word' id='word_1_235' title='bbox 1043 1957 1163 2009; x_wconf 83' lang='grc' dir='ltr'>φησὶν,</span> 
     </span>
     <span class='ocr_line' id='line_1_30' title="bbox 135 2016 1166 2069; baseline 0.002 -16"><span class='ocrx_word' id='word_1_236' title='bbox 135 2016 282 2059; x_wconf 79' lang='grc' dir='ltr'>ἄπιστος</span> <span class='ocrx_word' id='word_1_237' title='bbox 301 2016 365 2063; x_wconf 82' lang='grc' dir='ltr'><strong>ὢν,</strong></span> <span class='ocrx_word' id='word_1_238' title='bbox 388 2016 445 2054; x_wconf 85' lang='grc' dir='ltr'><strong>διὰ</strong></span> <span class='ocrx_word' id='word_1_239' title='bbox 465 2017 504 2054; x_wconf 84' lang='grc' dir='ltr'><strong>τὸ</strong></span> <span class='ocrx_word' id='word_1_240' title='bbox 532 2017 614 2069; x_wconf 81' lang='grc' dir='ltr'>περὶ</span> <span class='ocrx_word' id='word_1_241' title='bbox 633 2016 694 2067; x_wconf 82' lang='grc' dir='ltr'>ἐμὲ</span> <span class='ocrx_word' id='word_1_242' title='bbox 715 2017 858 2069; x_wconf 83' lang='grc' dir='ltr'>φίλτρον</span> <span class='ocrx_word' id='word_1_243' title='bbox 880 2017 943 2064; x_wconf 86' lang='grc' dir='ltr'><strong>τὴν</strong></span> <span class='ocrx_word' id='word_1_244' title='bbox 967 2018 1080 2056; x_wconf 87' lang='grc' dir='ltr'>οἰκίαν</span> <span class='ocrx_word' id='word_1_245' title='bbox 1102 2017 1166 2064; x_wconf 87' lang='grc' dir='ltr'><strong>τὴν</strong></span> 
     </span>
     <span class='ocr_line' id='line_1_31' title="bbox 135 2077 1165 2130; baseline 0.004 -16"><span class='ocrx_word' id='word_1_246' title='bbox 135 2077 315 2129; x_wconf 83' lang='grc' dir='ltr'>πατρῴαν,</span> <span class='ocrx_word' id='word_1_247' title='bbox 337 2078 418 2116; x_wconf 83' lang='grc' dir='ltr'>ἔνθα</span> <span class='ocrx_word' id='word_1_248' title='bbox 433 2077 624 2129; x_wconf 71' lang='grc' dir='ltr'>ἐτέχθημεν</span> <span class='ocrx_word' id='word_1_249' title='bbox 651 2078 710 2115; x_wconf 72' lang='grc' dir='ltr'><strong>καὶ</strong></span> <span class='ocrx_word' id='word_1_250' title='bbox 729 2078 944 2130; x_wconf 75' lang='grc' dir='ltr'>ηὐξήθημεν,</span> <span class='ocrx_word' id='word_1_251' title='bbox 959 2082 1165 2118; x_wconf 88' lang='grc' dir='ltr'>καταλιπεῖν</span> 
     </span>
     <span class='ocr_line' id='line_1_32' title="bbox 136 2138 1166 2189; baseline 0.003 -14"><span class='ocrx_word' id='word_1_252' title='bbox 136 2138 343 2182; x_wconf 82' lang='grc' dir='ltr'>κατεδέξατο</span> <span class='ocrx_word' id='word_1_253' title='bbox 365 2139 425 2176; x_wconf 80' lang='grc' dir='ltr'><strong>καὶ</strong></span> <span class='ocrx_word' id='word_1_254' title='bbox 446 2138 682 2184; x_wconf 72' lang='grc' dir='ltr'>ἀκολουθῆσαί</span> <span class='ocrx_word' id='word_1_255' title='bbox 702 2154 785 2189; x_wconf 89' lang='grc' dir='ltr'>μοι,</span> <span class='ocrx_word' id='word_1_256' title='bbox 808 2139 868 2177; x_wconf 81' lang='grc' dir='ltr'><strong>καὶ</strong></span> <span class='ocrx_word' id='word_1_257' title='bbox 887 2139 946 2177; x_wconf 84' lang='grc' dir='ltr'><strong>ἐπὶ</strong></span> <span class='ocrx_word' id='word_1_258' title='bbox 965 2143 1028 2186; x_wconf 79' lang='grc' dir='ltr'><strong>τῆς</strong></span> <span class='ocrx_word' id='word_1_259' title='bbox 1055 2141 1166 2178; x_wconf 89' lang='grc' dir='ltr'>ἀλλο-</span> 
     </span>
     <span class='ocr_line' id='line_1_33' title="bbox 134 2197 1166 2252; baseline 0.004 -18"><span class='ocrx_word' id='word_1_260' title='bbox 134 2197 232 2249; x_wconf 87' lang='grc' dir='ltr'>τρίας</span> <span class='ocrx_word' id='word_1_261' title='bbox 251 2198 308 2236; x_wconf 82' lang='grc' dir='ltr'><strong>τὸν</strong></span> <span class='ocrx_word' id='word_1_262' title='bbox 331 2198 405 2249; x_wconf 87' lang='grc' dir='ltr'>βίον</span> <span class='ocrx_word' id='word_1_263' title='bbox 427 2198 614 2236; x_wconf 89' lang='grc' dir='ltr'>κατέλυσε·</span> <span class='ocrx_word' id='word_1_264' title='bbox 637 2200 758 2250; x_wconf 87' lang='grc' dir='ltr'>πολλῷ</span> <span class='ocrx_word' id='word_1_265' title='bbox 778 2199 819 2246; x_wconf 82' lang='grc' dir='ltr'>δὴ</span> <span class='ocrx_word' id='word_1_266' title='bbox 839 2201 971 2250; x_wconf 82' lang='grc' dir='ltr'>μᾶλλον</span> <span class='ocrx_word' id='word_1_267' title='bbox 991 2199 1061 2252; x_wconf 80' lang='grc' dir='ltr'>ἐγὼ</span> <span class='ocrx_word' id='word_1_268' title='bbox 1081 2199 1166 2252; x_wconf 87' lang='grc' dir='ltr'>πρὸς</span> 
     </span>
     <span class='ocr_line' id='line_1_34' title="bbox 134 2259 1165 2312; baseline 0.003 -16"><span class='ocrx_word' id='word_1_269' title='bbox 134 2259 191 2296; x_wconf 84' lang='grc' dir='ltr'><strong>τὸν</strong></span> <span class='ocrx_word' id='word_1_270' title='bbox 213 2263 272 2297; x_wconf 90' lang='grc' dir='ltr'><strong>τοῦ</strong></span> <span class='ocrx_word' id='word_1_271' title='bbox 295 2260 443 2311; x_wconf 65' lang='grc' dir='ltr'>ἀδελφοῦ</span> <span class='ocrx_word' id='word_1_272' title='bbox 462 2260 595 2306; x_wconf 87' lang='grc' dir='ltr'>παῖδα,</span> <span class='ocrx_word' id='word_1_273' title='bbox 617 2260 676 2297; x_wconf 83' lang='grc' dir='ltr'><strong>τὸν</strong></span> <span class='ocrx_word' id='word_1_274' title='bbox 704 2259 780 2297; x_wconf 88' lang='grc' dir='ltr'>νέον</span> <span class='ocrx_word' id='word_1_275' title='bbox 813 2260 870 2298; x_wconf 86' lang='grc' dir='ltr'><strong>τὸν</strong></span> <span class='ocrx_word' id='word_1_276' title='bbox 902 2261 943 2298; x_wconf 87' lang='grc' dir='ltr'>ἐκ</span> <span class='ocrx_word' id='word_1_277' title='bbox 972 2261 1165 2312; x_wconf 87' lang='grc' dir='ltr'>προοιμίων</span> 
     </span>
     <span class='ocr_line' id='line_1_35' title="bbox 136 2319 1166 2373; baseline 0.004 -17"><span class='ocrx_word' id='word_1_278' title='bbox 136 2319 317 2358; x_wconf 81' lang='grc' dir='ltr'>δεικνύντα</span> <span class='ocrx_word' id='word_1_279' title='bbox 336 2323 382 2364; x_wconf 85' lang='grc' dir='ltr'>ὡς</span> <span class='ocrx_word' id='word_1_280' title='bbox 398 2320 489 2358; x_wconf 81' lang='grc' dir='ltr'>κατὰ</span> <span class='ocrx_word' id='word_1_281' title='bbox 507 2320 632 2372; x_wconf 82' lang='grc' dir='ltr'>μικρὸν</span> <span class='ocrx_word' id='word_1_282' title='bbox 657 2319 822 2359; x_wconf 84' lang='grc' dir='ltr'>ἐπιδώσει</span> <span class='ocrx_word' id='word_1_283' title='bbox 838 2321 924 2372; x_wconf 85' lang='grc' dir='ltr'>πρὸς</span> <span class='ocrx_word' id='word_1_284' title='bbox 943 2321 1084 2373; x_wconf 81' lang='grc' dir='ltr'>ἀρετὴν,</span> <span class='ocrx_word' id='word_1_285' title='bbox 1104 2325 1166 2360; x_wconf 79' lang='grc' dir='ltr'><strong>οὐκ</strong></span> 
     </span>
     <span class='ocr_line' id='line_1_36' title="bbox 136 2380 757 2433; baseline 0.005 -17"><span class='ocrx_word' id='word_1_286' title='bbox 136 2380 176 2416; x_wconf 82' lang='grc' dir='ltr'><strong>ἂν</strong></span> <span class='ocrx_word' id='word_1_287' title='bbox 197 2380 416 2432; x_wconf 78' lang='grc' dir='ltr'>ἀνασχοίμην</span> <span class='ocrx_word' id='word_1_288' title='bbox 438 2383 587 2419; x_wconf 85' lang='grc' dir='ltr'>ἐνταῦθα</span> <span class='ocrx_word' id='word_1_289' title='bbox 607 2383 757 2433; x_wconf 75' lang='grc' dir='ltr'>ἀφεῖναι.</span> 
     </span>
    </p>

    <p class='ocr_par' dir='ltr' id='par_1_3' title="bbox 135 2436 1166 3343">
     <span class='ocr_line' id='line_1_37' title="bbox 190 2436 1164 2495; baseline 0.003 -17"><span class='ocrx_word' id='word_1_290' title='bbox 190 2441 293 2479; x_wconf 76' lang='grc' dir='ltr'>Ἐπεὶ</span> <span class='ocrx_word' id='word_1_291' title='bbox 312 2436 369 2480; x_wconf 65' lang='grc' dir='ltr'><strong>οὖν</strong></span> <span class='ocrx_word' id='word_1_292' title='bbox 394 2441 450 2480; x_wconf 79' lang='grc' dir='ltr'><strong>διὰ</strong></span> <span class='ocrx_word' id='word_1_293' title='bbox 481 2442 622 2480; x_wconf 87' lang='grc' dir='ltr'>πάντων</span> <span class='ocrx_word' id='word_1_294' title='bbox 643 2442 776 2485; x_wconf 76' lang='grc' dir='ltr'>δεικνὺς</span> <span class='ocrx_word' id='word_1_295' title='bbox 797 2443 903 2482; x_wconf 71' lang='grc' dir='ltr'>αὐτοῦ</span> <span class='ocrx_word' id='word_1_296' title='bbox 931 2442 972 2481; x_wconf 81' lang='grc' dir='ltr'><strong>τὸ</strong></span> <span class='ocrx_word' id='word_1_297' title='bbox 992 2442 1164 2495; x_wconf 85' lang='grc' dir='ltr'>φιλόθεον,</span> 
     </span>
     <span class='ocr_line' id='line_1_38' title="bbox 137 2501 1164 2553; baseline 0.004 -15"><span class='ocrx_word' id='word_1_298' title='bbox 137 2502 195 2538; x_wconf 80' lang='grc' dir='ltr'><strong>καὶ</strong></span> <span class='ocrx_word' id='word_1_299' title='bbox 212 2501 342 2549; x_wconf 68' lang='grc' dir='ltr'>ταύτην</span> <span class='ocrx_word' id='word_1_300' title='bbox 359 2502 549 2549; x_wconf 78' lang='grc' dir='ltr'>ἐποιήσατο</span> <span class='ocrx_word' id='word_1_301' title='bbox 562 2501 625 2548; x_wconf 85' lang='grc' dir='ltr'><strong>τὴν</strong></span> <span class='ocrx_word' id='word_1_302' title='bbox 640 2502 859 2553; x_wconf 82' lang='grc' dir='ltr'>ἀποδημίαν,</span> <span class='ocrx_word' id='word_1_303' title='bbox 871 2503 977 2549; x_wconf 79' lang='grc' dir='ltr'>ἡνίκα</span> <span class='ocrx_word' id='word_1_304' title='bbox 990 2503 1164 2542; x_wconf 74' lang='grc' dir='ltr'>κατέλαὸε</span> 
     </span>
     <span class='ocr_line' id='line_1_39' title="bbox 136 2563 1163 2615; baseline 0.003 -15"><span class='ocrx_word' id='word_1_305' title='bbox 136 2563 198 2610; x_wconf 75' lang='grc' dir='ltr'><strong>τὴν</strong></span> <span class='ocrx_word' id='word_1_306' title='bbox 210 2563 464 2610; x_wconf 83' lang='grc' dir='ltr'>Παλαιστίνην,</span> <span class='ocrx_word' id='word_1_307' title='bbox 475 2564 534 2601; x_wconf 78' lang='grc' dir='ltr'><strong>καὶ</strong></span> <span class='ocrx_word' id='word_1_308' title='bbox 545 2565 613 2601; x_wconf 87' lang='grc' dir='ltr'><strong>τῶν</strong></span> <span class='ocrx_word' id='word_1_309' title='bbox 623 2563 712 2615; x_wconf 79' lang='grc' dir='ltr'>ὅρων</span> <span class='ocrx_word' id='word_1_310' title='bbox 730 2563 840 2609; x_wconf 73' lang='grc' dir='ltr'>ἐπέὸη</span> <span class='ocrx_word' id='word_1_311' title='bbox 855 2568 924 2603; x_wconf 83' lang='grc' dir='ltr'><strong>τῶν</strong></span> <span class='ocrx_word' id='word_1_312' title='bbox 940 2565 1163 2610; x_wconf 83' lang='grc' dir='ltr'>Χαναναίων,</span> 
     </span>
     <span class='ocr_line' id='line_1_40' title="bbox 135 2624 1164 2677; baseline 0.002 -15"><span class='ocrx_word' id='word_1_313' title='bbox 135 2624 249 2676; x_wconf 63' lang='grc' dir='ltr'>ὀφθεὶς</span> <span class='ocrx_word' id='word_1_314' title='bbox 276 2626 370 2676; x_wconf 71' lang='grc' dir='ltr'>αὐτῷ</span> <span class='ocrx_word' id='word_1_315' title='bbox 400 2627 418 2662; x_wconf 85' lang='grc' dir='ltr'>ὁ</span> <span class='ocrx_word' id='word_1_316' title='bbox 436 2624 526 2668; x_wconf 86' lang='grc' dir='ltr'>Θεὸς</span> <span class='ocrx_word' id='word_1_317' title='bbox 547 2624 607 2662; x_wconf 73' lang='grc' dir='ltr'><strong>καὶ</strong></span> <span class='ocrx_word' id='word_1_318' title='bbox 625 2627 796 2677; x_wconf 83' lang='grc' dir='ltr'>νευρῶσαι</span> <span class='ocrx_word' id='word_1_319' title='bbox 822 2626 926 2663; x_wconf 86' lang='grc' dir='ltr'>αὐτοῦ</span> <span class='ocrx_word' id='word_1_320' title='bbox 959 2626 1164 2677; x_wconf 90' lang='grc' dir='ltr'>βουλόμενος</span> 
     </span>
     <span class='ocr_line' id='line_1_41' title="bbox 136 2685 1162 2739; baseline 0.002 -16"><span class='ocrx_word' id='word_1_321' title='bbox 136 2685 199 2731; x_wconf 79' lang='grc' dir='ltr'><strong>τὴν</strong></span> <span class='ocrx_word' id='word_1_322' title='bbox 230 2685 424 2737; x_wconf 87' lang='grc' dir='ltr'>προθυμίαν</span> <span class='ocrx_word' id='word_1_323' title='bbox 445 2685 504 2723; x_wconf 74' lang='grc' dir='ltr'><strong>καὶ</strong></span> <span class='ocrx_word' id='word_1_324' title='bbox 531 2691 635 2737; x_wconf 75' lang='grc' dir='ltr'>χεῖρα</span> <span class='ocrx_word' id='word_1_325' title='bbox 654 2685 787 2736; x_wconf 82' lang='grc' dir='ltr'>ὀρέξαι,</span> <span class='ocrx_word' id='word_1_326' title='bbox 818 2687 905 2738; x_wconf 80' lang='grc' dir='ltr'>φησὶ</span> <span class='ocrx_word' id='word_1_327' title='bbox 934 2687 1020 2739; x_wconf 80' lang='grc' dir='ltr'>πρὸς</span> <span class='ocrx_word' id='word_1_328' title='bbox 1043 2687 1162 2725; x_wconf 83' lang='grc' dir='ltr'>αὐτόν·</span> 
     </span>
     <span class='ocr_line' id='line_1_42' title="bbox 136 2745 1164 2799; baseline 0.002 -15"><span class='ocrx_word' id='word_1_329' title='bbox 136 2748 169 2784; x_wconf 83' lang='grc' dir='ltr'>Τ</span> <span class='ocrx_word' id='word_1_330' title='bbox 172 2749 201 2798; x_wconf 80' lang='grc' dir='ltr'>ᾧ</span> <span class='ocrx_word' id='word_1_331' title='bbox 220 2745 397 2797; x_wconf 83' lang='grc' dir='ltr'>σπέρματί</span> <span class='ocrx_word' id='word_1_332' title='bbox 414 2761 474 2784; x_wconf 88' lang='grc' dir='ltr'><strong>σου</strong></span> <span class='ocrx_word' id='word_1_333' title='bbox 495 2746 596 2784; x_wconf 84' lang='grc' dir='ltr'>δώσω</span> <span class='ocrx_word' id='word_1_334' title='bbox 617 2746 681 2792; x_wconf 84' lang='grc' dir='ltr'><strong>τὴν</strong></span> <span class='ocrx_word' id='word_1_335' title='bbox 701 2750 766 2797; x_wconf 74' lang='grc' dir='ltr'><strong>γῆν</strong></span> <span class='ocrx_word' id='word_1_336' title='bbox 787 2747 931 2795; x_wconf 84' lang='grc' dir='ltr'>ταύτην.</span> <span class='ocrx_word' id='word_1_337' title='bbox 951 2747 1071 2799; x_wconf 71' lang='grc' dir='ltr'>”Οπερ</span> <span class='ocrx_word' id='word_1_338' title='bbox 1084 2750 1164 2786; x_wconf 87' lang='grc' dir='ltr'>ἐπε-</span> 
     </span>
     <span class='ocr_line' id='line_1_43' title="bbox 139 2806 1164 2861; baseline 0.005 -18"><span class='ocrx_word' id='word_1_339' title='bbox 139 2806 238 2857; x_wconf 81' lang='grc' dir='ltr'>θύμει</span> <span class='ocrx_word' id='word_1_340' title='bbox 258 2807 317 2844; x_wconf 84' lang='grc' dir='ltr'><strong>καὶ</strong></span> <span class='ocrx_word' id='word_1_341' title='bbox 349 2806 485 2854; x_wconf 86' lang='grc' dir='ltr'>ἐπόθει,</span> <span class='ocrx_word' id='word_1_342' title='bbox 502 2807 636 2845; x_wconf 85' lang='grc' dir='ltr'>παίδων</span> <span class='ocrx_word' id='word_1_343' title='bbox 664 2807 756 2858; x_wconf 84' lang='grc' dir='ltr'>λέγω</span> <span class='ocrx_word' id='word_1_344' title='bbox 781 2809 843 2855; x_wconf 86' lang='grc' dir='ltr'><strong>τὴν</strong></span> <span class='ocrx_word' id='word_1_345' title='bbox 866 2808 1046 2861; x_wconf 77' lang='grc' dir='ltr'>διαδοχὴν,</span> <span class='ocrx_word' id='word_1_346' title='bbox 1063 2813 1164 2848; x_wconf 87' lang='grc' dir='ltr'>τοῦτο</span> 
     </span>
     <span class='ocr_line' id='line_1_44' title="bbox 140 2866 1162 2923; baseline 0.006 -20"><span class='ocrx_word' id='word_1_347' title='bbox 140 2869 234 2919; x_wconf 82' lang='grc' dir='ltr'>αὐτῷ</span> <span class='ocrx_word' id='word_1_348' title='bbox 254 2866 377 2910; x_wconf 85' lang='grc' dir='ltr'>εὐθέως</span> <span class='ocrx_word' id='word_1_349' title='bbox 397 2869 636 2919; x_wconf 79' lang='grc' dir='ltr'>ὑπισχνεῖται,</span> <span class='ocrx_word' id='word_1_350' title='bbox 657 2868 809 2919; x_wconf 73' lang='grc' dir='ltr'>ἀμοιὸὴν</span> <span class='ocrx_word' id='word_1_351' title='bbox 833 2871 930 2923; x_wconf 83' lang='grc' dir='ltr'>αὐτῷ</span> <span class='ocrx_word' id='word_1_352' title='bbox 945 2872 1014 2908; x_wconf 82' lang='grc' dir='ltr'><strong>τῶν</strong></span> <span class='ocrx_word' id='word_1_353' title='bbox 1037 2869 1162 2909; x_wconf 83' lang='grc' dir='ltr'>τοσού-·</span> 
     </span>
     <span class='ocr_line' id='line_1_45' title="bbox 138 2926 1164 2983; baseline 0.005 -19"><span class='ocrx_word' id='word_1_354' title='bbox 138 2943 206 2965; x_wconf 80' lang='grc' dir='ltr'><strong>των</strong></span> <span class='ocrx_word' id='word_1_355' title='bbox 226 2926 340 2964; x_wconf 86' lang='grc' dir='ltr'>πόνων</span> <span class='ocrx_word' id='word_1_356' title='bbox 359 2926 481 2970; x_wconf 84' lang='grc' dir='ltr'>διδούς.</span> <span class='ocrx_word' id='word_1_357' title='bbox 503 2927 650 2975; x_wconf 76' lang='grc' dir='ltr'>Ἐπειδὴ</span> <span class='ocrx_word' id='word_1_358' title='bbox 669 2928 737 2981; x_wconf 86' lang='grc' dir='ltr'>γὰρ</span> <span class='ocrx_word' id='word_1_359' title='bbox 753 2930 823 2968; x_wconf 82' lang='grc' dir='ltr'><strong>ἀπὸ</strong></span> <span class='ocrx_word' id='word_1_360' title='bbox 844 2933 906 2977; x_wconf 79' lang='grc' dir='ltr'>τῆς</span> <span class='ocrx_word' id='word_1_361' title='bbox 925 2930 1060 2983; x_wconf 82' lang='grc' dir='ltr'>φύσεως</span> <span class='ocrx_word' id='word_1_362' title='bbox 1079 2934 1164 2969; x_wconf 86' lang='grc' dir='ltr'>ἀπε-</span> 
     </span>
     <span class='ocr_line' id='line_1_46' title="bbox 138 2987 1163 3043; baseline 0.005 -18"><span class='ocrx_word' id='word_1_363' title='bbox 138 2988 286 3039; x_wconf 81' lang='grc' dir='ltr'>στέρητο</span> <span class='ocrx_word' id='word_1_364' title='bbox 298 3017 308 3034; x_wconf 93' lang='grc'><strong>,</strong></span> <span class='ocrx_word' id='word_1_365' title='bbox 324 2987 383 3025; x_wconf 78' lang='grc' dir='ltr'><strong>καὶ</strong></span> <span class='ocrx_word' id='word_1_366' title='bbox 400 2990 421 3033; x_wconf 91' lang='grc' dir='ltr'>ἡ</span> <span class='ocrx_word' id='word_1_367' title='bbox 445 2988 566 3034; x_wconf 78' lang='grc' dir='ltr'>ἡλικία</span> <span class='ocrx_word' id='word_1_368' title='bbox 584 2990 704 3028; x_wconf 83' lang='grc' dir='ltr'>λοιπὸν</span> <span class='ocrx_word' id='word_1_369' title='bbox 726 2991 954 3043; x_wconf 85' lang='grc' dir='ltr'>ἀπαγορεύειν</span> <span class='ocrx_word' id='word_1_370' title='bbox 969 2991 1084 3030; x_wconf 84' lang='grc' dir='ltr'>ἔπειθε</span> <span class='ocrx_word' id='word_1_371' title='bbox 1095 3022 1105 3038; x_wconf 96' lang='grc'><strong>,</strong></span> <span class='ocrx_word' id='word_1_372' title='bbox 1119 2994 1163 3043; x_wconf 82' lang='grc' dir='ltr'><strong>τῇ</strong></span> 
     </span>
     <span class='ocr_line' id='line_1_47' title="bbox 139 3048 1163 3104; baseline 0.006 -19"><span class='ocrx_word' id='word_1_373' title='bbox 139 3048 329 3100; x_wconf 72' lang='grc' dir='ltr'>ὑποσχέσει</span> <span class='ocrx_word' id='word_1_374' title='bbox 349 3048 546 3094; x_wconf 83' lang='grc' dir='ltr'>διανίστησι</span> <span class='ocrx_word' id='word_1_375' title='bbox 560 3049 618 3088; x_wconf 81' lang='grc' dir='ltr'><strong>τὸν</strong></span> <span class='ocrx_word' id='word_1_376' title='bbox 642 3050 812 3098; x_wconf 81' lang='grc' dir='ltr'>ἀθλητὴν,</span> <span class='ocrx_word' id='word_1_377' title='bbox 828 3052 890 3090; x_wconf 79' lang='grc' dir='ltr'><strong>καὶ</strong></span> <span class='ocrx_word' id='word_1_378' title='bbox 905 3052 1163 3104; x_wconf 84' lang='grc' dir='ltr'>προθυμότερον</span> 
     </span>
     <span class='ocr_line' id='line_1_48' title="bbox 141 3109 1165 3167; baseline 0.004 -19"><span class='ocrx_word' id='word_1_379' title='bbox 141 3110 395 3160; x_wconf 82' lang='grc' dir='ltr'>ἀπεργάζεται,</span> <span class='ocrx_word' id='word_1_380' title='bbox 419 3109 478 3147; x_wconf 78' lang='grc' dir='ltr'><strong>καὶ</strong></span> <span class='ocrx_word' id='word_1_381' title='bbox 509 3109 642 3153; x_wconf 84' lang='grc' dir='ltr'>νεάζειν</span> <span class='ocrx_word' id='word_1_382' title='bbox 674 3111 775 3149; x_wconf 78' lang='grc' dir='ltr'>αὐτὸν</span> <span class='ocrx_word' id='word_1_383' title='bbox 795 3112 1049 3157; x_wconf 83' lang='grc' dir='ltr'>κατασκευάζει</span> <span class='ocrx_word' id='word_1_384' title='bbox 1078 3113 1165 3167; x_wconf 87' lang='grc' dir='ltr'>πρὸς</span> 
     </span>
     <span class='ocr_line' id='line_1_49' title="bbox 140 3168 1163 3226; baseline 0.006 -20"><span class='ocrx_word' id='word_1_385' title='bbox 140 3168 219 3212; x_wconf 79' lang='grc' dir='ltr'>τοὺς</span> <span class='ocrx_word' id='word_1_386' title='bbox 238 3169 313 3215; x_wconf 73' lang='grc' dir='ltr'>ἑξῆς</span> <span class='ocrx_word' id='word_1_387' title='bbox 333 3171 482 3219; x_wconf 80' lang='grc' dir='ltr'>ἀγῶνας.</span> <span class='ocrx_word' id='word_1_388' title='bbox 499 3169 597 3222; x_wconf 65' lang='lat' dir='ltr'><strong>‘&#39;Opoe</strong></span> <span class='ocrx_word' id='word_1_389' title='bbox 625 3170 738 3209; x_wconf 89' lang='grc' dir='ltr'>τοίνυν</span> <span class='ocrx_word' id='word_1_390' title='bbox 767 3171 856 3222; x_wconf 81' lang='grc' dir='ltr'>μετὰ</span> <span class='ocrx_word' id='word_1_391' title='bbox 881 3172 945 3220; x_wconf 78' lang='grc' dir='ltr'><strong>τὴν</strong></span> <span class='ocrx_word' id='word_1_392' title='bbox 972 3173 1163 3226; x_wconf 78' lang='grc' dir='ltr'>ὖπόσχεσιν</span> 
     </span>
     <span class='ocr_line' id='line_1_50' title="bbox 141 3229 1166 3281; baseline 0.007 -14"><span class='ocrx_word' id='word_1_393' title='bbox 141 3229 281 3276; x_wconf 82' lang='grc' dir='ltr'>ταύτην,</span> <span class='ocrx_word' id='word_1_394' title='bbox 301 3229 421 3281; x_wconf 86' lang='grc' dir='ltr'>ἑτέραν</span> <span class='ocrx_word' id='word_1_395' title='bbox 440 3230 545 3269; x_wconf 82' lang='grc' dir='ltr'>πάλιν</span> <span class='ocrx_word' id='word_1_396' title='bbox 565 3231 627 3277; x_wconf 82' lang='grc' dir='ltr'><strong>τὴν</strong></span> <span class='ocrx_word' id='word_1_397' title='bbox 649 3231 794 3278; x_wconf 80' lang='grc' dir='ltr'>ἄθλησιν</span> <span class='ocrx_word' id='word_1_398' title='bbox 815 3233 871 3271; x_wconf 84' lang='grc' dir='ltr'><strong>τὸν</strong></span> <span class='ocrx_word' id='word_1_399' title='bbox 889 3233 1020 3272; x_wconf 86' lang='grc' dir='ltr'>δίκαιον</span> <span class='ocrx_word' id='word_1_400' title='bbox 1045 3239 1166 3274; x_wconf 87' lang='grc' dir='ltr'>τοῦτον</span> 
     </span>
     <span class='ocr_line' id='line_1_51' title="bbox 142 3290 1163 3343; baseline 0.006 -15"><span class='ocrx_word' id='word_1_401' title='bbox 142 3290 341 3341; x_wconf 72' lang='grc' dir='ltr'>δεχόμενον.</span> <span class='ocrx_word' id='word_1_402' title='bbox 363 3293 477 3341; x_wconf 75' lang='grc' dir='ltr'>Λιμοῦ</span> <span class='ocrx_word' id='word_1_403' title='bbox 492 3291 559 3343; x_wconf 84' lang='grc' dir='ltr'>γὰρ</span> <span class='ocrx_word' id='word_1_404' title='bbox 577 3292 834 3337; x_wconf 65' lang='grc' dir='ltr'>καταλαῧόντος</span> <span class='ocrx_word' id='word_1_405' title='bbox 846 3324 856 3342; x_wconf 94' lang='grc'><strong>,</strong></span> <span class='ocrx_word' id='word_1_406' title='bbox 875 3295 934 3332; x_wconf 83' lang='grc' dir='ltr'><strong>καὶ</strong></span> <span class='ocrx_word' id='word_1_407' title='bbox 955 3297 1087 3342; x_wconf 72' lang='grc' dir='ltr'>πολλῆς</span> <span class='ocrx_word' id='word_1_408' title='bbox 1107 3296 1163 3334; x_wconf 89' lang='grc' dir='ltr'><strong>οὔ·</strong></span> 
     </span>
    </p>
   </div>
   <div class='ocr_carea' id='block_1_3' title="bbox 1271 237 2183 295">
    <p class='ocr_par' dir='ltr' id='par_1_4' title="bbox 1271 237 2183 295">
     <span class='ocr_line' id='line_1_52' title="bbox 1271 237 2183 295; baseline 0.016 -28"><span class='ocrx_word' id='word_1_409' title='bbox 1271 237 1428 269; x_wconf 77' lang='grc' dir='ltr'>ιιοΜιι.</span> <span class='ocrx_word' id='word_1_410' title='bbox 1467 240 1627 272; x_wconf 71' lang='lat' dir='ltr'><strong>xxxvi,</strong></span> <span class='ocrx_word' id='word_1_411' title='bbox 2098 241 2183 295; x_wconf 62' lang='grc' dir='ltr'>Ἀρι</span> 
     </span>
    </p>
   </div>
   <div class='ocr_carea' id='block_1_4' title="bbox 1240 325 2195 744">
    <p class='ocr_par' dir='ltr' id='par_1_5' title="bbox 1240 325 2195 744">
     <span class='ocr_line' id='line_1_53' title="bbox 1243 325 2194 378; baseline 0.014 -20"><span class='ocrx_word' id='word_1_412' title='bbox 1243 329 1326 367; x_wconf 83' lang='lat' dir='ltr'><strong>tua,</strong></span> <span class='ocrx_word' id='word_1_413' title='bbox 1337 329 1373 359; x_wconf 85' lang='lat' dir='ltr'><strong>et</strong></span> <span class='ocrx_word' id='word_1_414' title='bbox 1384 325 1478 360; x_wconf 83' lang='lat' dir='ltr'><strong>veni</strong></span> <span class='ocrx_word' id='word_1_415' title='bbox 1487 326 1529 361; x_wconf 80' lang='lat' dir='ltr'><strong>in</strong></span> <span class='ocrx_word' id='word_1_416' title='bbox 1543 332 1686 363; x_wconf 83' lang='lat' dir='ltr'><strong>terram</strong></span> <span class='ocrx_word' id='word_1_417' title='bbox 1702 338 1820 378; x_wconf 81' lang='lat' dir='ltr'><strong>quam</strong></span> <span class='ocrx_word' id='word_1_418' title='bbox 1831 336 2097 368; x_wconf 74' lang='lat' dir='ltr'><em>monstravero</em></span> <span class='ocrx_word' id='word_1_419' title='bbox 2113 336 2194 372; x_wconf 76' lang='lat' dir='ltr'><strong>cibi.</strong></span> 
     </span>
     <span class='ocr_line' id='line_1_54' title="bbox 1244 382 2193 433; baseline 0.012 -15"><span class='ocrx_word' id='word_1_420' title='bbox 1244 382 1335 420; x_wconf 88' lang='lat' dir='ltr'><strong>Nam</strong></span> <span class='ocrx_word' id='word_1_421' title='bbox 1363 383 1446 433; x_wconf 91' lang='lat' dir='ltr'><strong>quia</strong></span> <span class='ocrx_word' id='word_1_422' title='bbox 1476 397 1558 422; x_wconf 91' lang='lat' dir='ltr'><strong>cum</strong></span> <span class='ocrx_word' id='word_1_423' title='bbox 1591 385 1757 425; x_wconf 80' lang='lat' dir='ltr'><strong>universa</strong></span> <span class='ocrx_word' id='word_1_424' title='bbox 1789 387 1926 426; x_wconf 86' lang='lat' dir='ltr'><strong>familia</strong></span> <span class='ocrx_word' id='word_1_425' title='bbox 1955 398 1987 427; x_wconf 90' lang='lat' dir='ltr'><strong>et</strong></span> <span class='ocrx_word' id='word_1_426' title='bbox 2019 390 2126 429; x_wconf 89' lang='lat' dir='ltr'><strong>domo</strong></span> <span class='ocrx_word' id='word_1_427' title='bbox 2158 393 2193 430; x_wconf 83' lang='lat' dir='ltr'><strong>in</strong></span> 
     </span>
     <span class='ocr_line' id='line_1_55' title="bbox 1243 442 2195 503; baseline 0.013 -25"><span class='ocrx_word' id='word_1_428' title='bbox 1243 442 1403 481; x_wconf 83' lang='lat' dir='ltr'><strong>Charran</strong></span> <span class='ocrx_word' id='word_1_429' title='bbox 1424 444 1676 495; x_wconf 85' lang='lat' dir='ltr'><strong>migraverant,</strong></span> <span class='ocrx_word' id='word_1_430' title='bbox 1697 457 1882 501; x_wconf 86' lang='lat' dir='ltr'><strong>propterea</strong></span> <span class='ocrx_word' id='word_1_431' title='bbox 1899 449 1998 488; x_wconf 91' lang='lat' dir='ltr'><strong>illinc</strong></span> <span class='ocrx_word' id='word_1_432' title='bbox 2019 451 2195 503; x_wconf 84' lang='lat' dir='ltr'><strong>imperans</strong></span> 
     </span>
     <span class='ocr_line' id='line_1_56' title="bbox 1242 501 2195 557; baseline 0.015 -19"><span class='ocrx_word' id='word_1_433' title='bbox 1242 501 1273 539; x_wconf 91' lang='lat' dir='ltr'><strong>ei</strong></span> <span class='ocrx_word' id='word_1_434' title='bbox 1289 512 1327 540; x_wconf 88' lang='lat' dir='ltr'><strong>ut</strong></span> <span class='ocrx_word' id='word_1_435' title='bbox 1339 504 1578 555; x_wconf 79' lang='lat' dir='ltr'><strong>egrederetur,</strong></span> <span class='ocrx_word' id='word_1_436' title='bbox 1591 507 1744 557; x_wconf 82' lang='lat' dir='ltr'>addidit,</span> <span class='ocrx_word' id='word_1_437' title='bbox 1754 511 1815 548; x_wconf 84' lang='lat' dir='ltr'><strong>De</strong></span> <span class='ocrx_word' id='word_1_438' title='bbox 1830 519 1932 550; x_wconf 77' lang='lat' dir='ltr'><strong>terra</strong></span> <span class='ocrx_word' id='word_1_439' title='bbox 1945 520 2012 550; x_wconf 83' lang='lat' dir='ltr'><strong>tua</strong></span> <span class='ocrx_word' id='word_1_440' title='bbox 2023 522 2059 550; x_wconf 85' lang='lat' dir='ltr'><strong>et</strong></span> <span class='ocrx_word' id='word_1_441' title='bbox 2077 515 2124 551; x_wconf 83' lang='lat' dir='ltr'><strong>de</strong></span> <span class='ocrx_word' id='word_1_442' title='bbox 2134 529 2195 552; x_wconf 82' lang='lat' dir='ltr'><strong>co-</strong></span> 
     </span>
     <span class='ocr_line' id='line_1_57' title="bbox 1240 567 2195 625; baseline 0.014 -25"><span class='ocrx_word' id='word_1_443' title='bbox 1240 567 1428 615; x_wconf 77' lang='lat' dir='ltr'><strong>gnatione</strong></span> <span class='ocrx_word' id='word_1_444' title='bbox 1447 575 1528 614; x_wconf 81' lang='lat' dir='ltr'><strong>tua,</strong></span> <span class='ocrx_word' id='word_1_445' title='bbox 1550 568 1735 609; x_wconf 85' lang='lat' dir='ltr'><strong>declarans</strong></span> <span class='ocrx_word' id='word_1_446' title='bbox 1756 585 1792 609; x_wconf 89' lang='lat' dir='ltr'><strong>sc</strong></span> <span class='ocrx_word' id='word_1_447' title='bbox 1811 571 1918 622; x_wconf 77' lang='lat' dir='ltr'><strong>velle,</strong></span> <span class='ocrx_word' id='word_1_448' title='bbox 1942 573 2058 625; x_wconf 88' lang='lat' dir='ltr'><strong>ipsum</strong></span> <span class='ocrx_word' id='word_1_449' title='bbox 2078 575 2195 613; x_wconf 90' lang='lat' dir='ltr'><strong>solum</strong></span> 
     </span>
     <span class='ocr_line' id='line_1_58' title="bbox 1241 625 2194 684; baseline 0.016 -24"><span class='ocrx_word' id='word_1_450' title='bbox 1241 625 1563 675; x_wconf 79' lang='lat' dir='ltr'><strong>peregrinationem</strong></span> <span class='ocrx_word' id='word_1_451' title='bbox 1591 632 1783 683; x_wconf 78' lang='lat' dir='ltr'><strong>suscipere,</strong></span> <span class='ocrx_word' id='word_1_452' title='bbox 1801 646 1912 684; x_wconf 87' lang='lat' dir='ltr'><strong>neque</strong></span> <span class='ocrx_word' id='word_1_453' title='bbox 1939 635 2099 680; x_wconf 77' lang='lat' dir='ltr'><strong>fratrem,</strong></span> <span class='ocrx_word' id='word_1_454' title='bbox 2117 638 2194 675; x_wconf 80' lang='lat' dir='ltr'><strong>Na-</strong></span> 
     </span>
     <span class='ocr_line' id='line_1_59' title="bbox 1240 683 2193 744; baseline 0.017 -24"><span class='ocrx_word' id='word_1_455' title='bbox 1240 683 1544 738; x_wconf 81' lang='lat' dir='ltr'><strong>cliordic0‚nequc</strong></span> <span class='ocrx_word' id='word_1_456' title='bbox 1559 689 1671 728; x_wconf 88' lang='lat' dir='ltr'><strong>alium</strong></span> <span class='ocrx_word' id='word_1_457' title='bbox 1684 706 1900 744; x_wconf 83' lang='lat' dir='ltr'><strong>quemquam</strong></span> <span class='ocrx_word' id='word_1_458' title='bbox 1913 710 2031 734; x_wconf 83' lang='lat' dir='ltr'><strong>secum</strong></span> <span class='ocrx_word' id='word_1_459' title='bbox 2044 698 2193 736; x_wconf 85' lang='lat' dir='ltr'><strong>trahere.</strong></span> 
     </span>
    </p>
   </div>
   <div class='ocr_carea' id='block_1_5' title="bbox 1240 745 2233 809">
    <p class='ocr_par' dir='ltr' id='par_1_6' title="bbox 1240 745 2233 809">
     <span class='ocr_line' id='line_1_60' title="bbox 1240 745 2233 809; baseline 0.018 -29"><span class='ocrx_word' id='word_1_460' title='bbox 1240 745 1303 781; x_wconf 87' lang='lat' dir='ltr'><strong>De</strong></span> <span class='ocrx_word' id='word_1_461' title='bbox 1316 753 1420 784; x_wconf 83' lang='lat' dir='ltr'><strong>terra</strong></span> <span class='ocrx_word' id='word_1_462' title='bbox 1429 755 1496 785; x_wconf 84' lang='lat' dir='ltr'><strong>tua</strong></span> <span class='ocrx_word' id='word_1_463' title='bbox 1507 748 1661 799; x_wconf 82' lang='lat' dir='ltr'><strong>dicebat,</strong></span> <span class='ocrx_word' id='word_1_464' title='bbox 1672 753 1756 803; x_wconf 88' lang='lat' dir='ltr'><strong>quia</strong></span> <span class='ocrx_word' id='word_1_465' title='bbox 1769 767 1836 791; x_wconf 90' lang='lat' dir='ltr'><strong>non</strong></span> <span class='ocrx_word' id='word_1_466' title='bbox 1850 769 1962 806; x_wconf 83' lang='lat' dir='ltr'><strong>parvo</strong></span> <span class='ocrx_word' id='word_1_467' title='bbox 1976 767 2134 809; x_wconf 84' lang='lat' dir='ltr'><strong>tempore</strong></span> <span class='ocrx_word' id='word_1_468' title='bbox 2146 759 2196 797; x_wconf 88' lang='lat' dir='ltr'><strong>ibi</strong></span> <span class='ocrx_word' id='word_1_469' title='bbox 2231 773 2233 776; x_wconf 84' lang='grc'><strong>’</strong></span> 
     </span>
    </p>
   </div>
   <div class='ocr_carea' id='block_1_6' title="bbox 1237 804 2196 1410">
    <p class='ocr_par' dir='ltr' id='par_1_7' title="bbox 1237 804 2196 1410">
     <span class='ocr_line' id='line_1_61' title="bbox 1240 804 2194 867; baseline 0.018 -26"><span class='ocrx_word' id='word_1_470' title='bbox 1240 804 1457 855; x_wconf 82' lang='lat' dir='ltr'><strong>liabitarant,</strong></span> <span class='ocrx_word' id='word_1_471' title='bbox 1473 818 1506 846; x_wconf 90' lang='lat' dir='ltr'><strong>et</strong></span> <span class='ocrx_word' id='word_1_472' title='bbox 1520 812 1623 860; x_wconf 89' lang='lat' dir='ltr'><strong>quasi</strong></span> <span class='ocrx_word' id='word_1_473' title='bbox 1641 812 1676 849; x_wconf 88' lang='lat' dir='ltr'><strong>in</strong></span> <span class='ocrx_word' id='word_1_474' title='bbox 1696 815 1840 865; x_wconf 86' lang='lat' dir='ltr'><strong>propria</strong></span> <span class='ocrx_word' id='word_1_475' title='bbox 1857 817 1971 867; x_wconf 85' lang='lat' dir='ltr'><strong>patria</strong></span> <span class='ocrx_word' id='word_1_476' title='bbox 1992 819 2067 856; x_wconf 88' lang='lat' dir='ltr'><strong>illic</strong></span> <span class='ocrx_word' id='word_1_477' title='bbox 2083 820 2194 858; x_wconf 75' lang='lat' dir='ltr'><strong>liabe-</strong></span> 
     </span>
     <span class='ocr_line' id='line_1_62' title="bbox 1240 866 2196 929; baseline 0.015 -26"><span class='ocrx_word' id='word_1_478' title='bbox 1240 866 1328 904; x_wconf 89' lang='lat' dir='ltr'><strong>bant</strong></span> <span class='ocrx_word' id='word_1_479' title='bbox 1351 866 1589 910; x_wconf 88' lang='lat' dir='ltr'><strong>domicilium.</strong></span> <span class='ocrx_word' id='word_1_480' title='bbox 1626 872 1725 911; x_wconf 86' lang='lat' dir='ltr'><strong>Licet</strong></span> <span class='ocrx_word' id='word_1_481' title='bbox 1745 873 1780 911; x_wconf 91' lang='lat' dir='ltr'><strong>in</strong></span> <span class='ocrx_word' id='word_1_482' title='bbox 1800 874 1967 925; x_wconf 86' lang='lat' dir='ltr'><strong>lugendis</strong></span> <span class='ocrx_word' id='word_1_483' title='bbox 1989 880 2196 929; x_wconf 71' lang='lat' dir='ltr'><strong>parentibus</strong></span> 
     </span>
     <span class='ocr_line' id='line_1_63' title="bbox 1239 926 2194 985; baseline 0.014 -21"><span class='ocrx_word' id='word_1_484' title='bbox 1239 926 1458 967; x_wconf 89' lang='lat' dir='ltr'><strong>adhucesset</strong></span> <span class='ocrx_word' id='word_1_485' title='bbox 1472 941 1678 983; x_wconf 84' lang='lat' dir='ltr'><strong>occupatus,</strong></span> <span class='ocrx_word' id='word_1_486' title='bbox 1693 943 1878 985; x_wconf 85' lang='lat' dir='ltr'><strong>essentque</strong></span> <span class='ocrx_word' id='word_1_487' title='bbox 1891 936 2122 977; x_wconf 84' lang='lat' dir='ltr'><strong>difficultates</strong></span> <span class='ocrx_word' id='word_1_488' title='bbox 2139 939 2194 977; x_wconf 88' lang='lat' dir='ltr'><strong>iti·</strong></span> 
     </span>
     <span class='ocr_line' id='line_1_64' title="bbox 1240 985 2193 1049; baseline 0.012 -25"><span class='ocrx_word' id='word_1_489' title='bbox 1240 985 1333 1024; x_wconf 88' lang='lat' dir='ltr'><strong>neris</strong></span> <span class='ocrx_word' id='word_1_490' title='bbox 1356 987 1492 1038; x_wconf 84' lang='lat' dir='ltr'><strong>multae,</strong></span> <span class='ocrx_word' id='word_1_491' title='bbox 1516 999 1631 1028; x_wconf 88' lang='lat' dir='ltr'><strong>tamen</strong></span> <span class='ocrx_word' id='word_1_492' title='bbox 1662 1002 1876 1045; x_wconf 84' lang='lat' dir='ltr'><strong>praeceptum</strong></span> <span class='ocrx_word' id='word_1_493' title='bbox 1901 995 2045 1033; x_wconf 84' lang='lat' dir='ltr'>Domini</span> <span class='ocrx_word' id='word_1_494' title='bbox 2066 1011 2193 1049; x_wconf 81' lang='lat' dir='ltr'><strong>inagna</strong></span> 
     </span>
     <span class='ocr_line' id='line_1_65' title="bbox 1237 1047 2191 1104; baseline 0.014 -21"><span class='ocrx_word' id='word_1_495' title='bbox 1237 1047 1385 1098; x_wconf 81' lang='lat' dir='ltr'><strong>perfecit</strong></span> <span class='ocrx_word' id='word_1_496' title='bbox 1407 1049 1602 1100; x_wconf 82' lang='lat' dir='ltr'><strong>alacritate,</strong></span> <span class='ocrx_word' id='word_1_497' title='bbox 1620 1051 1728 1103; x_wconf 88' lang='lat' dir='ltr'><strong>idque</strong></span> <span class='ocrx_word' id='word_1_498' title='bbox 1741 1053 1911 1104; x_wconf 87' lang='lat' dir='ltr'><strong>ignorans</strong></span> <span class='ocrx_word' id='word_1_499' title='bbox 1930 1056 2077 1095; x_wconf 84' lang='lat' dir='ltr'><strong>ubinam</strong></span> <span class='ocrx_word' id='word_1_500' title='bbox 2095 1060 2191 1096; x_wconf 81' lang='lat' dir='ltr'><strong>futu-</strong></span> 
     </span>
     <span class='ocr_line' id='line_1_66' title="bbox 1238 1108 2192 1166; baseline 0.013 -21"><span class='ocrx_word' id='word_1_501' title='bbox 1238 1121 1298 1146; x_wconf 88' lang='lat' dir='ltr'><strong>rus</strong></span> <span class='ocrx_word' id='word_1_502' title='bbox 1313 1108 1455 1147; x_wconf 86' lang='lat' dir='ltr'><strong>errandi</strong></span> <span class='ocrx_word' id='word_1_503' title='bbox 1478 1111 1574 1151; x_wconf 83' lang='lat' dir='ltr'><strong>finis.</strong></span> <span class='ocrx_word' id='word_1_504' title='bbox 1591 1113 1688 1151; x_wconf 89' lang='lat' dir='ltr'><strong>Veni</strong></span> <span class='ocrx_word' id='word_1_505' title='bbox 1701 1113 1809 1163; x_wconf 89' lang='lat' dir='ltr'><strong>enim,</strong></span> <span class='ocrx_word' id='word_1_506' title='bbox 1826 1115 2031 1166; x_wconf 81' lang='lat' dir='ltr'><strong>inquit,non</strong></span> <span class='ocrx_word' id='word_1_507' title='bbox 2049 1118 2084 1156; x_wconf 90' lang='lat' dir='ltr'><strong>in</strong></span> <span class='ocrx_word' id='word_1_508' title='bbox 2101 1119 2192 1157; x_wconf 81' lang='lat' dir='ltr'><strong>lianc</strong></span> 
     </span>
     <span class='ocr_line' id='line_1_67' title="bbox 1237 1169 2192 1228; baseline 0.013 -22"><span class='ocrx_word' id='word_1_509' title='bbox 1237 1169 1295 1207; x_wconf 67' lang='lat' dir='ltr'><strong>vel</strong></span> <span class='ocrx_word' id='word_1_510' title='bbox 1308 1169 1409 1208; x_wconf 91' lang='lat' dir='ltr'><strong>illam</strong></span> <span class='ocrx_word' id='word_1_511' title='bbox 1421 1181 1564 1222; x_wconf 88' lang='lat' dir='ltr'><strong>terram,</strong></span> <span class='ocrx_word' id='word_1_512' title='bbox 1577 1173 1689 1212; x_wconf 84' lang='lat' dir='ltr'><strong>sedin</strong></span> <span class='ocrx_word' id='word_1_513' title='bbox 1698 1189 1784 1213; x_wconf 83' lang='lat' dir='ltr'><strong>eam</strong></span> <span class='ocrx_word' id='word_1_514' title='bbox 1797 1190 1913 1228; x_wconf 80' lang='lat' dir='ltr'><strong>quam</strong></span> <span class='ocrx_word' id='word_1_515' title='bbox 1924 1187 2192 1218; x_wconf 79' lang='lat' dir='ltr'><strong>monstravero</strong></span> 
     </span>
     <span class='ocr_line' id='line_1_68' title="bbox 1239 1231 2191 1282; baseline 0.014 -16"><span class='ocrx_word' id='word_1_516' title='bbox 1239 1232 1320 1267; x_wconf 81' lang='lat' dir='ltr'><strong>tibi.</strong></span> <span class='ocrx_word' id='word_1_517' title='bbox 1329 1231 1585 1282; x_wconf 85' lang='lat' dir='ltr'><strong>Nihilominus,</strong></span> <span class='ocrx_word' id='word_1_518' title='bbox 1602 1235 1685 1274; x_wconf 92' lang='lat' dir='ltr'><strong>licet</strong></span> <span class='ocrx_word' id='word_1_519' title='bbox 1698 1235 1925 1275; x_wconf 82' lang='lat' dir='ltr'><strong>indefinitum</strong></span> <span class='ocrx_word' id='word_1_520' title='bbox 1942 1248 2030 1276; x_wconf 89' lang='lat' dir='ltr'><strong>essct</strong></span> <span class='ocrx_word' id='word_1_521' title='bbox 2045 1239 2191 1278; x_wconf 87' lang='lat' dir='ltr'><strong>manda·</strong></span> 
     </span>
     <span class='ocr_line' id='line_1_69' title="bbox 1238 1292 2193 1352; baseline 0.014 -26"><span class='ocrx_word' id='word_1_522' title='bbox 1238 1298 1316 1328; x_wconf 90' lang='lat' dir='ltr'><strong>tum</strong></span> <span class='ocrx_word' id='word_1_523' title='bbox 1337 1292 1467 1330; x_wconf 88' lang='lat' dir='ltr'><strong>omissa</strong></span> <span class='ocrx_word' id='word_1_524' title='bbox 1487 1294 1681 1334; x_wconf 86' lang='lat' dir='ltr'><strong>curiosiore</strong></span> <span class='ocrx_word' id='word_1_525' title='bbox 1699 1298 1963 1349; x_wconf 84' lang='lat' dir='ltr'><strong>percontatione</strong></span> <span class='ocrx_word' id='word_1_526' title='bbox 1981 1300 2193 1352; x_wconf 88' lang='lat' dir='ltr'><strong>imperatum</strong></span> 
     </span>
     <span class='ocr_line' id='line_1_70' title="bbox 1237 1351 2194 1410; baseline 0.013 -22"><span class='ocrx_word' id='word_1_527' title='bbox 1237 1351 1415 1403; x_wconf 80' lang='lat' dir='ltr'><strong>faciebat3</strong></span> <span class='ocrx_word' id='word_1_528' title='bbox 1433 1354 1553 1392; x_wconf 83' lang='lat' dir='ltr'><strong>fratris</strong></span> <span class='ocrx_word' id='word_1_529' title='bbox 1569 1365 1689 1394; x_wconf 86' lang='lat' dir='ltr'><strong>autem</strong></span> <span class='ocrx_word' id='word_1_530' title='bbox 1704 1357 1780 1395; x_wconf 84' lang='lat' dir='ltr'><strong>filio</strong></span> <span class='ocrx_word' id='word_1_531' title='bbox 1800 1369 1973 1410; x_wconf 87' lang='lat' dir='ltr'><strong>assumtO,</strong></span> <span class='ocrx_word' id='word_1_532' title='bbox 1992 1375 2092 1399; x_wconf 89' lang='lat' dir='ltr'><strong>suam</strong></span> <span class='ocrx_word' id='word_1_533' title='bbox 2110 1362 2194 1400; x_wconf 87' lang='lat' dir='ltr'><strong>hinc</strong></span> 
     </span>
    </p>
   </div>
   <div class='ocr_carea' id='block_1_7' title="bbox 2237 1377 2394 1405">
    <p class='ocr_par' dir='ltr' id='par_1_8' title="bbox 2237 1377 2394 1405">
     <span class='ocr_line' id='line_1_71' title="bbox 2237 1377 2394 1405; baseline -0.006 0"><span class='ocrx_word' id='word_1_534' title='bbox 2237 1377 2394 1405; x_wconf 74' lang='lat' dir='ltr'><strong>Abrahami</strong></span> 
     </span>
    </p>
   </div>
   <div class='ocr_carea' id='block_1_8' title="bbox 1237 1412 2397 1473">
    <p class='ocr_par' dir='ltr' id='par_1_9' title="bbox 1237 1412 2397 1473">
     <span class='ocr_line' id='line_1_72' title="bbox 1237 1412 2397 1473; baseline 0.012 -24"><span class='ocrx_word' id='word_1_535' title='bbox 1237 1412 1497 1454; x_wconf 83' lang='lat' dir='ltr'><strong>demonstravit</strong></span> <span class='ocrx_word' id='word_1_536' title='bbox 1509 1416 1788 1465; x_wconf 78' lang='lat' dir='ltr'><strong>virtutemQuia</strong></span> <span class='ocrx_word' id='word_1_537' title='bbox 1805 1420 1899 1458; x_wconf 89' lang='lat' dir='ltr'><strong>enim</strong></span> <span class='ocrx_word' id='word_1_538' title='bbox 1906 1422 2076 1473; x_wconf 75' lang='lat' dir='ltr'><strong>juvenem</strong></span> <span class='ocrx_word' id='word_1_539' title='bbox 2090 1423 2193 1461; x_wconf 89' lang='lat' dir='ltr'><strong>illum</strong></span> <span class='ocrx_word' id='word_1_540' title='bbox 2207 1420 2397 1456; x_wconf 65' lang='lat' dir='ltr'><strong>0¹²⁵⁰q“⁰¹¹¹¹¹</strong></span> 
     </span>
    </p>
   </div>
   <div class='ocr_carea' id='block_1_9' title="bbox 1237 1477 2197 1961">
    <p class='ocr_par' dir='ltr' id='par_1_10' title="bbox 1237 1477 2197 1961">
     <span class='ocr_line' id='line_1_73' title="bbox 1237 1477 2196 1531; baseline 0.014 -20"><span class='ocrx_word' id='word_1_541' title='bbox 1237 1485 1434 1527; x_wconf 90' lang='lat' dir='ltr'><strong>acceperat‚</strong></span> <span class='ocrx_word' id='word_1_542' title='bbox 1452 1477 1697 1531; x_wconf 80' lang='lat' dir='ltr'><strong>paulatimque</strong></span> <span class='ocrx_word' id='word_1_543' title='bbox 1716 1494 1788 1519; x_wconf 84' lang='lat' dir='ltr'><strong>suae</strong></span> <span class='ocrx_word' id='word_1_544' title='bbox 1808 1482 1955 1521; x_wconf 83' lang='lat' dir='ltr'><strong>virtutis</strong></span> <span class='ocrx_word' id='word_1_545' title='bbox 1980 1484 2196 1524; x_wconf 87' lang='lat' dir='ltr'><strong>imitatorem</strong></span> 
     </span>
     <span class='ocr_line' id='line_1_74' title="bbox 1237 1535 2194 1596; baseline 0.014 -25"><span class='ocrx_word' id='word_1_546' title='bbox 1237 1535 1413 1585; x_wconf 79' lang='lat' dir='ltr'><strong>effecerat,</strong></span> <span class='ocrx_word' id='word_1_547' title='bbox 1431 1551 1515 1576; x_wconf 90' lang='lat' dir='ltr'><strong>eum</strong></span> <span class='ocrx_word' id='word_1_548' title='bbox 1534 1539 1736 1591; x_wconf 86' lang='lat' dir='ltr'><strong>relinquere</strong></span> <span class='ocrx_word' id='word_1_549' title='bbox 1755 1541 1883 1591; x_wconf 87' lang='lat' dir='ltr'><strong>noluit,</strong></span> <span class='ocrx_word' id='word_1_550' title='bbox 1904 1543 1967 1581; x_wconf 90' lang='lat' dir='ltr'><strong>sed</strong></span> <span class='ocrx_word' id='word_1_551' title='bbox 1986 1546 2194 1596; x_wconf 84' lang='lat' dir='ltr'><strong>peregrina-</strong></span> 
     </span>
     <span class='ocr_line' id='line_1_75' title="bbox 1238 1596 2194 1658; baseline 0.014 -25"><span class='ocrx_word' id='word_1_552' title='bbox 1238 1596 1345 1634; x_wconf 90' lang='lat' dir='ltr'><strong>tionis</strong></span> <span class='ocrx_word' id='word_1_553' title='bbox 1363 1597 1501 1637; x_wconf 88' lang='lat' dir='ltr'><strong>socium</strong></span> <span class='ocrx_word' id='word_1_554' title='bbox 1525 1600 1673 1653; x_wconf 87' lang='lat' dir='ltr'><strong>accepit.</strong></span> <span class='ocrx_word' id='word_1_555' title='bbox 1698 1602 1812 1649; x_wconf 89' lang='lat' dir='ltr'><strong>Quasi</strong></span> <span class='ocrx_word' id='word_1_556' title='bbox 1843 1604 1975 1642; x_wconf 88' lang='lat' dir='ltr'><strong>diceret</strong></span> <span class='ocrx_word' id='word_1_557' title='bbox 1991 1621 1999 1641; x_wconf 90' lang='lat'>:</span> <span class='ocrx_word' id='word_1_558' title='bbox 2015 1606 2053 1644; x_wconf 82' lang='lat' dir='ltr'><strong>Si</strong></span> <span class='ocrx_word' id='word_1_559' title='bbox 2079 1616 2194 1658; x_wconf 87' lang='lat' dir='ltr'><strong>pater,</strong></span> 
     </span>
     <span class='ocr_line' id='line_1_76' title="bbox 1238 1657 2197 1709; baseline 0.014 -16"><span class='ocrx_word' id='word_1_560' title='bbox 1238 1657 1302 1708; x_wconf 89' lang='lat' dir='ltr'><strong>qui</strong></span> <span class='ocrx_word' id='word_1_561' title='bbox 1325 1657 1482 1697; x_wconf 84' lang='lat' dir='ltr'><strong>infidelis</strong></span> <span class='ocrx_word' id='word_1_562' title='bbox 1500 1660 1592 1709; x_wconf 87' lang='lat' dir='ltr'><strong>fuit,</strong></span> <span class='ocrx_word' id='word_1_563' title='bbox 1617 1662 1664 1699; x_wconf 88' lang='lat' dir='ltr'><strong>ob</strong></span> <span class='ocrx_word' id='word_1_564' title='bbox 1682 1677 1788 1701; x_wconf 91' lang='lat' dir='ltr'><strong>suum</strong></span> <span class='ocrx_word' id='word_1_565' title='bbox 1809 1663 1845 1702; x_wconf 90' lang='lat' dir='ltr'><strong>in</strong></span> <span class='ocrx_word' id='word_1_566' title='bbox 1867 1679 1924 1702; x_wconf 89' lang='lat' dir='ltr'><strong>me</strong></span> <span class='ocrx_word' id='word_1_567' title='bbox 1953 1679 2111 1704; x_wconf 86' lang='lat' dir='ltr'><strong>amorem</strong></span> <span class='ocrx_word' id='word_1_568' title='bbox 2131 1667 2197 1706; x_wconf 90' lang='lat' dir='ltr'><strong>do-</strong></span> 
     </span>
     <span class='ocr_line' id='line_1_77' title="bbox 1238 1721 2195 1776; baseline 0.013 -22"><span class='ocrx_word' id='word_1_569' title='bbox 1238 1732 1337 1756; x_wconf 90' lang='lat' dir='ltr'><strong>mum</strong></span> <span class='ocrx_word' id='word_1_570' title='bbox 1351 1721 1592 1771; x_wconf 85' lang='lat' dir='ltr'><strong>paternam,in</strong></span> <span class='ocrx_word' id='word_1_571' title='bbox 1607 1737 1677 1773; x_wconf 89' lang='lat' dir='ltr'><strong>qua</strong></span> <span class='ocrx_word' id='word_1_572' title='bbox 1691 1725 1765 1762; x_wconf 84' lang='lat' dir='ltr'><strong>nati</strong></span> <span class='ocrx_word' id='word_1_573' title='bbox 1778 1739 1901 1763; x_wconf 90' lang='lat' dir='ltr'><strong>sumus</strong></span> <span class='ocrx_word' id='word_1_574' title='bbox 1916 1727 2195 1776; x_wconf 84' lang='lat' dir='ltr'><strong>etadolevimus‚</strong></span> 
     </span>
     <span class='ocr_line' id='line_1_78' title="bbox 1238 1778 2195 1838; baseline 0.013 -23"><span class='ocrx_word' id='word_1_575' title='bbox 1238 1778 1438 1829; x_wconf 83' lang='lat' dir='ltr'><strong>relinquere</strong></span> <span class='ocrx_word' id='word_1_576' title='bbox 1467 1789 1502 1818; x_wconf 89' lang='lat' dir='ltr'><strong>et</strong></span> <span class='ocrx_word' id='word_1_577' title='bbox 1531 1796 1589 1820; x_wconf 88' lang='lat' dir='ltr'><strong>me</strong></span> <span class='ocrx_word' id='word_1_578' title='bbox 1621 1784 1783 1823; x_wconf 88' lang='lat' dir='ltr'><strong>comitari</strong></span> <span class='ocrx_word' id='word_1_579' title='bbox 1817 1786 1944 1835; x_wconf 87' lang='lat' dir='ltr'><strong>voluit,</strong></span> <span class='ocrx_word' id='word_1_580' title='bbox 1978 1787 2125 1838; x_wconf 86' lang='lat' dir='ltr'><strong>vitaque</strong></span> <span class='ocrx_word' id='word_1_581' title='bbox 2160 1789 2195 1827; x_wconf 92' lang='lat' dir='ltr'><strong>in</strong></span> 
     </span>
     <span class='ocr_line' id='line_1_79' title="bbox 1238 1839 2196 1899; baseline 0.013 -24"><span class='ocrx_word' id='word_1_582' title='bbox 1238 1839 1352 1877; x_wconf 88' lang='lat' dir='ltr'><strong>aliena</strong></span> <span class='ocrx_word' id='word_1_583' title='bbox 1373 1848 1465 1878; x_wconf 91' lang='lat' dir='ltr'><strong>terra</strong></span> <span class='ocrx_word' id='word_1_584' title='bbox 1483 1842 1627 1881; x_wconf 85' lang='lat' dir='ltr'><strong>functus</strong></span> <span class='ocrx_word' id='word_1_585' title='bbox 1646 1853 1697 1882; x_wconf 92' lang='lat' dir='ltr'><strong>est</strong></span> <span class='ocrx_word' id='word_1_586' title='bbox 1709 1861 1717 1881; x_wconf 91' lang='lat'>:</span> <span class='ocrx_word' id='word_1_587' title='bbox 1729 1846 1842 1884; x_wconf 89' lang='lat' dir='ltr'><strong>multo</strong></span> <span class='ocrx_word' id='word_1_588' title='bbox 1859 1848 1974 1898; x_wconf 84' lang='lat' dir='ltr'><strong>magis</strong></span> <span class='ocrx_word' id='word_1_589' title='bbox 1993 1861 2058 1899; x_wconf 88' lang='lat' dir='ltr'><strong>ego</strong></span> <span class='ocrx_word' id='word_1_590' title='bbox 2076 1849 2196 1888; x_wconf 83' lang='lat' dir='ltr'><strong>fratris</strong></span> 
     </span>
     <span class='ocr_line' id='line_1_80' title="bbox 1237 1899 2193 1961; baseline 0.013 -25"><span class='ocrx_word' id='word_1_591' title='bbox 1237 1899 1369 1949; x_wconf 82' lang='lat' dir='ltr'><strong>filium,</strong></span> <span class='ocrx_word' id='word_1_592' title='bbox 1382 1902 1553 1953; x_wconf 89' lang='lat' dir='ltr'><strong>juvenem</strong></span> <span class='ocrx_word' id='word_1_593' title='bbox 1572 1904 1694 1943; x_wconf 90' lang='lat' dir='ltr'><strong>indole</strong></span> <span class='ocrx_word' id='word_1_594' title='bbox 1712 1920 1775 1944; x_wconf 87' lang='lat' dir='ltr'><strong>sua</strong></span> <span class='ocrx_word' id='word_1_595' title='bbox 1795 1907 2020 1959; x_wconf 87' lang='lat' dir='ltr'><strong>pollicentem</strong></span> <span class='ocrx_word' id='word_1_596' title='bbox 2042 1923 2080 1947; x_wconf 91' lang='lat' dir='ltr'><strong>se</strong></span> <span class='ocrx_word' id='word_1_597' title='bbox 2102 1923 2193 1961; x_wconf 88' lang='lat' dir='ltr'><strong>pau-</strong></span> 
     </span>
    </p>
   </div>
   <div class='ocr_carea' id='block_1_10' title="bbox 1238 1960 2194 2074">
    <p class='ocr_par' dir='ltr' id='par_1_11' title="bbox 1238 1960 2194 2074">
     <span class='ocr_line' id='line_1_81' title="bbox 1238 1960 2194 2022; baseline 0.013 -25"><span class='ocrx_word' id='word_1_598' title='bbox 1238 1960 1339 1999; x_wconf 86' lang='lat' dir='ltr'><strong>latim</strong></span> <span class='ocrx_word' id='word_1_599' title='bbox 1369 1961 1404 1999; x_wconf 90' lang='lat' dir='ltr'><strong>in</strong></span> <span class='ocrx_word' id='word_1_600' title='bbox 1430 1963 1564 2002; x_wconf 89' lang='lat' dir='ltr'><strong>virtute</strong></span> <span class='ocrx_word' id='word_1_601' title='bbox 1589 1967 1848 2017; x_wconf 87' lang='lat' dir='ltr'><strong>profecturum,</strong></span> <span class='ocrx_word' id='word_1_602' title='bbox 1868 1981 1938 2007; x_wconf 91' lang='lat' dir='ltr'><strong>non</strong></span> <span class='ocrx_word' id='word_1_603' title='bbox 1968 1970 2194 2022; x_wconf 87' lang='lat' dir='ltr'><strong>permiserim</strong></span> 
     </span>
     <span class='ocr_line' id='line_1_82' title="bbox 1238 2021 1483 2074; baseline 0.008 -15"><span class='ocrx_word' id='word_1_604' title='bbox 1238 2021 1300 2060; x_wconf 89' lang='lat' dir='ltr'><strong>hic</strong></span> <span class='ocrx_word' id='word_1_605' title='bbox 1317 2022 1483 2074; x_wconf 88' lang='lat' dir='ltr'><strong>relinqui.</strong></span> 
     </span>
    </p>
   </div>
   <div class='ocr_carea' id='block_1_11' title="bbox 1189 1604 1214 1635">
    <p class='ocr_par' dir='ltr' id='par_1_12' title="bbox 1189 1604 1214 1635">
     <span class='ocr_line' id='line_1_83' title="bbox 1189 1604 1214 1635; baseline 0 0"><span class='ocrx_word' id='word_1_606' title='bbox 1189 1604 1214 1635; x_wconf 87' lang='lat' dir='ltr'><strong>E</strong></span> 
     </span>
    </p>
   </div>
   <div class='ocr_carea' id='block_1_12' title="bbox 1180 2180 1227 2206">
    <p class='ocr_par' dir='ltr' id='par_1_13' title="bbox 1180 2180 1227 2206">
     <span class='ocr_line' id='line_1_84' title="bbox 1180 2180 1227 2206; baseline -0.043 -3"><span class='ocrx_word' id='word_1_607' title='bbox 1180 2180 1227 2206; x_wconf 69' lang='grc' dir='ltr'><strong>δῇίι</strong></span> 
     </span>
    </p>
   </div>
   <div class='ocr_carea' id='block_1_13' title="bbox 1191 2216 1216 2244">
    <p class='ocr_par' dir='ltr' id='par_1_14' title="bbox 1191 2216 1216 2244">
     <span class='ocr_line' id='line_1_85' title="bbox 1191 2216 1216 2244; baseline 0 0"><span class='ocrx_word' id='word_1_608' title='bbox 1191 2216 1216 2244; x_wconf 87' lang='grc' dir='ltr'>Λ</span> 
     </span>
    </p>
   </div>
   <div class='ocr_carea' id='block_1_14' title="bbox 1201 2441 2192 3348">
    <p class='ocr_par' dir='ltr' id='par_1_15' title="bbox 1207 2441 2192 3035">
     <span class='ocr_line' id='line_1_86' title="bbox 1290 2441 2190 2493; baseline 0.009 -14"><span class='ocrx_word' id='word_1_609' title='bbox 1290 2444 1326 2480; x_wconf 60' lang='grc' dir='ltr'><strong>Ξ.</strong></span> <span class='ocrx_word' id='word_1_610' title='bbox 1350 2441 1445 2488; x_wconf 86' lang='lat' dir='ltr'><strong>Quia</strong></span> <span class='ocrx_word' id='word_1_611' title='bbox 1472 2441 1584 2493; x_wconf 83' lang='lat' dir='ltr'><strong>igitur</strong></span> <span class='ocrx_word' id='word_1_612' title='bbox 1611 2442 1728 2482; x_wconf 85' lang='lat' dir='ltr'><strong>modis</strong></span> <span class='ocrx_word' id='word_1_613' title='bbox 1757 2444 1925 2483; x_wconf 85' lang='lat' dir='ltr'><strong>omnibus</strong></span> <span class='ocrx_word' id='word_1_614' title='bbox 1952 2461 2051 2485; x_wconf 83' lang='lat' dir='ltr'><strong>suam</strong></span> <span class='ocrx_word' id='word_1_615' title='bbox 2073 2458 2190 2487; x_wconf 78' lang='lat' dir='ltr'><strong>osten—</strong></span> 
     </span>
     <span class='ocr_line' id='line_1_87' title="bbox 1235 2501 2192 2558; baseline 0.009 -20"><span class='ocrx_word' id='word_1_616' title='bbox 1235 2501 1322 2539; x_wconf 90' lang='lat' dir='ltr'><strong>dens</strong></span> <span class='ocrx_word' id='word_1_617' title='bbox 1354 2502 1585 2554; x_wconf 83' lang='lat' dir='ltr'><strong>religionem,</strong></span> <span class='ocrx_word' id='word_1_618' title='bbox 1602 2504 1710 2542; x_wconf 89' lang='lat' dir='ltr'><strong>etiam</strong></span> <span class='ocrx_word' id='word_1_619' title='bbox 1737 2505 1842 2543; x_wconf 85' lang='lat' dir='ltr'><strong>istam</strong></span> <span class='ocrx_word' id='word_1_620' title='bbox 1871 2508 2192 2558; x_wconf 81' lang='lat' dir='ltr'><strong>peregrinationem</strong></span> 
     </span>
     <span class='ocr_line' id='line_1_88' title="bbox 1236 2563 2190 2615; baseline 0.008 -16"><span class='ocrx_word' id='word_1_621' title='bbox 1236 2563 1405 2615; x_wconf 80' lang='lat' dir='ltr'><strong>suscepit,</strong></span> <span class='ocrx_word' id='word_1_622' title='bbox 1421 2572 1611 2615; x_wconf 84' lang='lat' dir='ltr'><strong>postquam</strong></span> <span class='ocrx_word' id='word_1_623' title='bbox 1629 2564 1665 2602; x_wconf 90' lang='lat' dir='ltr'><strong>in</strong></span> <span class='ocrx_word' id='word_1_624' title='bbox 1683 2565 1908 2604; x_wconf 80' lang='lat' dir='ltr'><strong>Palaestinam</strong></span> <span class='ocrx_word' id='word_1_625' title='bbox 1933 2568 2030 2606; x_wconf 76' lang='lat' dir='ltr'><strong>venit</strong></span> <span class='ocrx_word' id='word_1_626' title='bbox 2047 2578 2079 2606; x_wconf 90' lang='lat' dir='ltr'><strong>et</strong></span> <span class='ocrx_word' id='word_1_627' title='bbox 2097 2570 2190 2607; x_wconf 81' lang='lat' dir='ltr'><strong>Cha-</strong></span> 
     </span>
     <span class='ocr_line' id='line_1_89' title="bbox 1236 2623 2189 2678; baseline 0.008 -18"><span class='ocrx_word' id='word_1_628' title='bbox 1236 2636 1444 2661; x_wconf 82' lang='lat' dir='ltr'><strong>nanaeorum</strong></span> <span class='ocrx_word' id='word_1_629' title='bbox 1461 2623 1549 2661; x_wconf 88' lang='lat' dir='ltr'><strong>fines</strong></span> <span class='ocrx_word' id='word_1_630' title='bbox 1570 2624 1734 2674; x_wconf 82' lang='lat' dir='ltr'><strong>intravit,</strong></span> <span class='ocrx_word' id='word_1_631' title='bbox 1753 2627 1920 2677; x_wconf 85' lang='lat' dir='ltr'><strong>apparuit</strong></span> <span class='ocrx_word' id='word_1_632' title='bbox 1938 2628 1968 2665; x_wconf 92' lang='lat' dir='ltr'><strong>ei</strong></span> <span class='ocrx_word' id='word_1_633' title='bbox 1991 2630 2102 2678; x_wconf 80' lang='lat' dir='ltr'><strong>Deus,</strong></span> <span class='ocrx_word' id='word_1_634' title='bbox 2126 2643 2189 2668; x_wconf 82' lang='lat' dir='ltr'><strong>vo-</strong></span> 
     </span>
     <span class='ocr_line' id='line_1_90' title="bbox 1234 2683 2188 2740; baseline 0.006 -18"><span class='ocrx_word' id='word_1_635' title='bbox 1234 2683 1311 2722; x_wconf 89' lang='lat' dir='ltr'><strong>lens</strong></span> <span class='ocrx_word' id='word_1_636' title='bbox 1330 2685 1405 2736; x_wconf 87' lang='lat' dir='ltr'><strong>ejus</strong></span> <span class='ocrx_word' id='word_1_637' title='bbox 1432 2685 1653 2723; x_wconf 86' lang='lat' dir='ltr'><strong>alacritatem</strong></span> <span class='ocrx_word' id='word_1_638' title='bbox 1675 2686 1886 2725; x_wconf 83' lang='lat' dir='ltr'><strong>confirmare</strong></span> <span class='ocrx_word' id='word_1_639' title='bbox 1902 2697 1935 2725; x_wconf 89' lang='lat' dir='ltr'><strong>et</strong></span> <span class='ocrx_word' id='word_1_640' title='bbox 1951 2688 2021 2740; x_wconf 90' lang='lat' dir='ltr'><strong>ipsi</strong></span> <span class='ocrx_word' id='word_1_641' title='bbox 2044 2703 2188 2728; x_wconf 88' lang='lat' dir='ltr'><strong>manum</strong></span> 
     </span>
     <span class='ocr_line' id='line_1_91' title="bbox 1235 2745 2190 2797; baseline 0.008 -15"><span class='ocrx_word' id='word_1_642' title='bbox 1235 2745 1439 2797; x_wconf 82' lang='lat' dir='ltr'><strong>porrigere,</strong></span> <span class='ocrx_word' id='word_1_643' title='bbox 1459 2745 1549 2783; x_wconf 84' lang='lat' dir='ltr'><strong>dicit</strong></span> <span class='ocrx_word' id='word_1_644' title='bbox 1574 2746 1606 2784; x_wconf 87' lang='lat' dir='ltr'><strong>ei</strong></span> <span class='ocrx_word' id='word_1_645' title='bbox 1627 2746 1796 2785; x_wconf 78' lang='lat' dir='ltr'><strong>:Semini</strong></span> <span class='ocrx_word' id='word_1_646' title='bbox 1828 2756 1892 2785; x_wconf 82' lang='lat' dir='ltr'><strong>tuo</strong></span> <span class='ocrx_word' id='word_1_647' title='bbox 1915 2750 2017 2786; x_wconf 82' lang='lat' dir='ltr'><strong>daho</strong></span> <span class='ocrx_word' id='word_1_648' title='bbox 2047 2759 2190 2790; x_wconf 83' lang='lat' dir='ltr'><strong>terram</strong></span> 
     </span>
     <span class='ocr_line' id='line_1_92' title="bbox 1236 2805 2186 2859; baseline 0.008 -17"><span class='ocrx_word' id='word_1_649' title='bbox 1236 2807 1350 2843; x_wconf 78' lang='lat' dir='ltr'><strong>hanc.</strong></span> <span class='ocrx_word' id='word_1_650' title='bbox 1371 2805 1413 2842; x_wconf 86' lang='lat' dir='ltr'><strong>Id</strong></span> <span class='ocrx_word' id='word_1_651' title='bbox 1429 2806 1525 2856; x_wconf 90' lang='lat' dir='ltr'><strong>quod</strong></span> <span class='ocrx_word' id='word_1_652' title='bbox 1545 2806 1605 2844; x_wconf 88' lang='lat' dir='ltr'><strong>ille</strong></span> <span class='ocrx_word' id='word_1_653' title='bbox 1623 2805 1821 2844; x_wconf 80' lang='lat' dir='ltr'><strong>admodum</strong></span> <span class='ocrx_word' id='word_1_654' title='bbox 1852 2809 2014 2859; x_wconf 85' lang='lat' dir='ltr'><strong>optabat,</strong></span> <span class='ocrx_word' id='word_1_655' title='bbox 2031 2824 2073 2848; x_wconf 88' lang='lat' dir='ltr'><strong>ac</strong></span> <span class='ocrx_word' id='word_1_656' title='bbox 2090 2810 2186 2849; x_wconf 87' lang='lat' dir='ltr'><strong>desi-</strong></span> 
     </span>
     <span class='ocr_line' id='line_1_93' title="bbox 1234 2866 2191 2920; baseline 0.006 -16"><span class='ocrx_word' id='word_1_657' title='bbox 1234 2866 1397 2915; x_wconf 86' lang='lat' dir='ltr'><strong>derabat,</strong></span> <span class='ocrx_word' id='word_1_658' title='bbox 1433 2867 1593 2904; x_wconf 84' lang='lat' dir='ltr'><strong>filiorum</strong></span> <span class='ocrx_word' id='word_1_659' title='bbox 1630 2880 1757 2919; x_wconf 86' lang='lat' dir='ltr'><strong>nempe</strong></span> <span class='ocrx_word' id='word_1_660' title='bbox 1787 2869 2065 2920; x_wconf 86' lang='lat' dir='ltr'><strong>successionem,</strong></span> <span class='ocrx_word' id='word_1_661' title='bbox 2094 2872 2191 2910; x_wconf 88' lang='lat' dir='ltr'><strong>istud</strong></span> 
     </span>
     <span class='ocr_line' id='line_1_94' title="bbox 1235 2927 2190 2979; baseline 0.005 -13"><span class='ocrx_word' id='word_1_662' title='bbox 1235 2928 1342 2967; x_wconf 90' lang='lat' dir='ltr'><strong>etiam</strong></span> <span class='ocrx_word' id='word_1_663' title='bbox 1361 2927 1429 2979; x_wconf 87' lang='lat' dir='ltr'><strong>ipsi</strong></span> <span class='ocrx_word' id='word_1_664' title='bbox 1448 2928 1567 2965; x_wconf 84' lang='lat' dir='ltr'><strong>statim</strong></span> <span class='ocrx_word' id='word_1_665' title='bbox 1590 2927 1781 2979; x_wconf 85' lang='lat' dir='ltr'><strong>promittit,</strong></span> <span class='ocrx_word' id='word_1_666' title='bbox 1802 2930 2001 2969; x_wconf 87' lang='lat' dir='ltr'><strong>retribuens</strong></span> <span class='ocrx_word' id='word_1_667' title='bbox 2020 2927 2190 2972; x_wconf 39' lang='lat' dir='ltr'><strong>tantis-la-</strong></span> 
     </span>
     <span class='ocr_line' id='line_1_95' title="bbox 1207 2988 2188 3035; baseline 0.005 -8"><span class='ocrx_word' id='word_1_668' title='bbox 1207 3009 1209 3011; x_wconf 90' lang='lat'>·</span> <span class='ocrx_word' id='word_1_669' title='bbox 1234 2989 1383 3027; x_wconf 86' lang='lat' dir='ltr'><strong>boribus</strong></span> <span class='ocrx_word' id='word_1_670' title='bbox 1415 2988 1626 3026; x_wconf 87' lang='lat' dir='ltr'><strong>mercedem.</strong></span> <span class='ocrx_word' id='word_1_671' title='bbox 1660 2989 1840 3035; x_wconf 89' lang='lat' dir='ltr'><strong>Quoniam</strong></span> <span class='ocrx_word' id='word_1_672' title='bbox 1866 2991 1960 3029; x_wconf 90' lang='lat' dir='ltr'><strong>enim</strong></span> <span class='ocrx_word' id='word_1_673' title='bbox 1988 3007 2034 3030; x_wconf 78' lang='lat' dir='ltr'><strong>ex</strong></span> <span class='ocrx_word' id='word_1_674' title='bbox 2064 3003 2188 3032; x_wconf 82' lang='lat' dir='ltr'><strong>natura</strong></span> 
     </span>
    </p>

    <p class='ocr_par' dir='ltr' id='par_1_16' title="bbox 1201 3050 2192 3348">
     <span class='ocr_line' id='line_1_96' title="bbox 1236 3050 2191 3104; baseline 0.005 -16"><span class='ocrx_word' id='word_1_675' title='bbox 1236 3050 1348 3103; x_wconf 89' lang='lat' dir='ltr'><strong>prolis</strong></span> <span class='ocrx_word' id='word_1_676' title='bbox 1367 3064 1494 3102; x_wconf 74' lang='lat' dir='ltr'><strong>expers</strong></span> <span class='ocrx_word' id='word_1_677' title='bbox 1515 3058 1602 3098; x_wconf 89' lang='lat' dir='ltr'><strong>erat,</strong></span> <span class='ocrx_word' id='word_1_678' title='bbox 1617 3058 1650 3087; x_wconf 90' lang='lat' dir='ltr'><strong>et</strong></span> <span class='ocrx_word' id='word_1_679' title='bbox 1670 3058 1755 3088; x_wconf 74' lang='lat' dir='ltr'><strong>aetas</strong></span> <span class='ocrx_word' id='word_1_680' title='bbox 1773 3064 1914 3101; x_wconf 90' lang='lat' dir='ltr'><strong>quoque</strong></span> <span class='ocrx_word' id='word_1_681' title='bbox 1929 3055 2130 3104; x_wconf 77' lang='lat' dir='ltr'><strong>provectior</strong></span> <span class='ocrx_word' id='word_1_682' title='bbox 2149 3069 2191 3092; x_wconf 90' lang='lat' dir='ltr'><strong>ne</strong></span> 
     </span>
     <span class='ocr_line' id='line_1_97' title="bbox 1236 3110 2190 3164; baseline 0.003 -14"><span class='ocrx_word' id='word_1_683' title='bbox 1236 3112 1305 3150; x_wconf 87' lang='lat' dir='ltr'><strong>sibi</strong></span> <span class='ocrx_word' id='word_1_684' title='bbox 1327 3110 1414 3161; x_wconf 89' lang='lat' dir='ltr'><strong>quid</strong></span> <span class='ocrx_word' id='word_1_685' title='bbox 1440 3110 1602 3162; x_wconf 79' lang='lat' dir='ltr'><strong>polliceri</strong></span> <span class='ocrx_word' id='word_1_686' title='bbox 1623 3119 1740 3162; x_wconf 85' lang='lat' dir='ltr'><strong>posset</strong></span> <span class='ocrx_word' id='word_1_687' title='bbox 1766 3111 1927 3161; x_wconf 87' lang='lat' dir='ltr'><strong>vetabat,</strong></span> <span class='ocrx_word' id='word_1_688' title='bbox 1955 3115 2190 3164; x_wconf 84' lang='lat' dir='ltr'><strong>promissione</strong></span> 
     </span>
     <span class='ocr_line' id='line_1_98' title="bbox 1201 3171 2188 3224; baseline 0.002 -13"><span class='ocrx_word' id='word_1_689' title='bbox 1201 3176 1205 3183; x_wconf 86' lang='grc'><strong>’</strong></span> <span class='ocrx_word' id='word_1_690' title='bbox 1239 3175 1335 3211; x_wconf 88' lang='lat' dir='ltr'><strong>Deus</strong></span> <span class='ocrx_word' id='word_1_691' title='bbox 1356 3171 1486 3209; x_wconf 73' lang='lat' dir='ltr'><strong>excitat</strong></span> <span class='ocrx_word' id='word_1_692' title='bbox 1509 3180 1543 3208; x_wconf 87' lang='lat' dir='ltr'><strong>et</strong></span> <span class='ocrx_word' id='word_1_693' title='bbox 1571 3171 1676 3223; x_wconf 86' lang='lat' dir='ltr'><strong>erigit</strong></span> <span class='ocrx_word' id='word_1_694' title='bbox 1701 3171 1890 3221; x_wconf 85' lang='lat' dir='ltr'><strong>athletam,</strong></span> <span class='ocrx_word' id='word_1_695' title='bbox 1913 3182 2020 3224; x_wconf 84' lang='lat' dir='ltr'><strong>atque</strong></span> <span class='ocrx_word' id='word_1_696' title='bbox 2037 3176 2188 3213; x_wconf 76' lang='lat' dir='ltr'><strong>alacrem</strong></span> 
     </span>
     <span class='ocr_line' id='line_1_99' title="bbox 1234 3230 2190 3285; baseline 0.005 -16"><span class='ocrx_word' id='word_1_697' title='bbox 1234 3232 1502 3285; x_wconf 83' lang='lat' dir='ltr'><strong>juvenilemque</strong></span> <span class='ocrx_word' id='word_1_698' title='bbox 1536 3240 1636 3283; x_wconf 86' lang='lat' dir='ltr'><strong>parat</strong></span> <span class='ocrx_word' id='word_1_699' title='bbox 1662 3230 1834 3272; x_wconf 88' lang='lat' dir='ltr'><strong>adversus</strong></span> <span class='ocrx_word' id='word_1_700' title='bbox 1861 3235 2041 3284; x_wconf 84' lang='lat' dir='ltr'><strong>sequentia</strong></span> <span class='ocrx_word' id='word_1_701' title='bbox 2073 3246 2190 3274; x_wconf 85' lang='lat' dir='ltr'><strong>certa-</strong></span> 
     </span>
     <span class='ocr_line' id='line_1_100' title="bbox 1240 3291 2192 3348; baseline 0.003 -17"><span class='ocrx_word' id='word_1_702' title='bbox 1240 3293 1347 3331; x_wconf 85' lang='lat' dir='ltr'><strong>mina.</strong></span> <span class='ocrx_word' id='word_1_703' title='bbox 1369 3291 1522 3331; x_wconf 87' lang='lat' dir='ltr'><strong>Proinde</strong></span> <span class='ocrx_word' id='word_1_704' title='bbox 1539 3291 1620 3331; x_wconf 87' lang='lat' dir='ltr'><strong>vide</strong></span> <span class='ocrx_word' id='word_1_705' title='bbox 1639 3292 1817 3342; x_wconf 87' lang='lat' dir='ltr'><strong>quomodo</strong></span> <span class='ocrx_word' id='word_1_706' title='bbox 1837 3303 1915 3345; x_wconf 88' lang='lat' dir='ltr'><strong>post</strong></span> <span class='ocrx_word' id='word_1_707' title='bbox 1934 3294 2024 3333; x_wconf 76' lang='lat' dir='ltr'><strong>lianc</strong></span> <span class='ocrx_word' id='word_1_708' title='bbox 2042 3297 2192 3348; x_wconf 74' lang='lat' dir='ltr'><strong>promis·</strong></span> 
     </span>
    </p>
   </div>
   <div class='ocr_carea' id='block_1_15' title="bbox 189 3405 1924 3450">
    <p class='ocr_par' dir='ltr' id='par_1_17' title="bbox 189 3405 1924 3450">
     <span class='ocr_line' id='line_1_101' title="bbox 189 3405 1924 3450; baseline 0.003 -13"><span class='ocrx_word' id='word_1_709' title='bbox 189 3408 203 3430; x_wconf 67' lang='grc' dir='ltr'><strong>ἱ»</strong></span> <span class='ocrx_word' id='word_1_710' title='bbox 229 3406 331 3440; x_wconf 76' lang='lat' dir='ltr'><strong>Saxil.</strong></span> <span class='ocrx_word' id='word_1_711' title='bbox 349 3414 382 3438; x_wconf 85' lang='lat' dir='ltr'><strong>et</strong></span> <span class='ocrx_word' id='word_1_712' title='bbox 399 3406 544 3449; x_wconf 79' lang='lat' dir='ltr'><strong>quinque</strong></span> <span class='ocrx_word' id='word_1_713' title='bbox 560 3407 634 3438; x_wconf 78' lang='lat' dir='ltr'><strong>Mss.</strong></span> <span class='ocrx_word' id='word_1_714' title='bbox 657 3412 709 3444; x_wconf 67' lang='grc' dir='ltr'><strong>τήν</strong></span> <span class='ocrx_word' id='word_1_715' title='bbox 726 3411 833 3444; x_wconf 64' lang='grc' dir='ltr'>οὶίητιυ</span> <span class='ocrx_word' id='word_1_716' title='bbox 849 3411 1003 3448; x_wconf 72' lang='grc' dir='ltr'>ἐπήξαντο.</span> <span class='ocrx_word' id='word_1_717' title='bbox 1022 3406 1136 3441; x_wconf 66' lang='lat' dir='ltr'><strong>noret.</strong></span> <span class='ocrx_word' id='word_1_718' title='bbox 1156 3412 1208 3447; x_wconf 69' lang='grc' dir='ltr'><strong>τὴν</strong></span> <span class='ocrx_word' id='word_1_719' title='bbox 1226 3413 1329 3446; x_wconf 59' lang='grc' dir='ltr'>νην-ὴν</span> <span class='ocrx_word' id='word_1_720' title='bbox 1347 3410 1449 3445; x_wconf 55' lang='grc' dir='ltr'>ἔπεσέ-ἱ</span> <span class='ocrx_word' id='word_1_721' title='bbox 1473 3413 1571 3449; x_wconf 66' lang='lat' dir='ltr'><strong>fitque</strong></span> <span class='ocrx_word' id='word_1_722' title='bbox 1588 3407 1633 3439; x_wconf 70' lang='lat' dir='ltr'><strong>&#39;¹1ss</strong></span> <span class='ocrx_word' id='word_1_723' title='bbox 1651 3405 1727 3450; x_wconf 62' lang='lat' dir='ltr'><strong>lvglt</strong></span> <span class='ocrx_word' id='word_1_724' title='bbox 1747 3407 1924 3450; x_wconf 61' lang='lat' dir='ltr'><strong>lulet&#39;pffe-</strong></span> 
     </span>
    </p>
   </div>
   <div class='ocr_carea' id='block_1_16' title="bbox 2207 1461 2313 1498">
    <p class='ocr_par' dir='ltr' id='par_1_18' title="bbox 2207 1461 2313 1498">
     <span class='ocr_line' id='line_1_102' title="bbox 2207 1461 2313 1498; baseline 0 -10"><span class='ocrx_word' id='word_1_725' title='bbox 2207 1461 2313 1498; x_wconf 79' lang='lat' dir='ltr'><strong>qualis.</strong></span> 
     </span>
    </p>
   </div>
   <div class='ocr_carea' id='block_1_17' title="bbox 2208 2762 2390 2797">
    <p class='ocr_par' dir='ltr' id='par_1_19' title="bbox 2208 2762 2390 2797">
     <span class='ocr_line' id='line_1_103' title="bbox 2208 2762 2390 2797; baseline 0 -10"><span class='ocrx_word' id='word_1_726' title='bbox 2208 2762 2390 2797; x_wconf 74' lang='lat' dir='ltr'><strong>Gen.12.5.</strong></span> 
     </span>
    </p>
   </div>
  </div>
 </body>
</html>
