2516 3791
321 181 412 227 586
745 196 783 226 s.

319 280 435 318 solum
453 279 520 317 hoc
540 293 608 317 non
631 279 735 329 facit,
754 278 813 316 sed
833 277 1010 329 expellere
1027 283 1138 312 tentat
1153 287 1194 310 ae
1211 272 1268 310 di-

320 344 367 382 cit
387 361 394 380 :
419 346 480 383 46.
499 343 581 381 Abi
605 358 629 381 a
653 345 785 388 nobis,
810 344 903 394 qnia
924 340 1045 376 multo
1075 339 1270 388 potentior

314 406 448 457 factus
479 419 596 457 quam
625 417 692 441 nos
717 415 859 440 sumus.
887 401 941 436 Ita
966 412 1070 449 agere
1101 397 1188 434 solet
1215 396 1268 433 in⁴

316 465 497 515 videntia;
533 478 600 502 non
634 472 746 514 potest
777 461 928 512 benigne
959 458 1081 497 videre
1114 457 1267 495 aliorum

315 526 536 571 felicitatem,
554 523 614 561 sed
633 523 835 560 felicitatem
864 519 1023 573 proximi
1043 533 1144 557 suam
1164 527 1268 571 putat

315 587 554 625 infelicitatem
567 615 576 631 ‚
595 593 627 621 et
641 583 788 621 tabescit
800 583 903 620 bonis
913 581 1073 634 proximi
1091 596 1098 617 :
1116 580 1153 618 id
1169 579 1268 631 quod

315 657 346 684 et
372 647 429 683 hic
453 645 594 683 accidit.
621 645 701 682 Rex
728 644 845 693 enim,
871 643 939 681 sub
964 643 1066 694 cujus
1094 650 1267 694 potestate

315 716 385 744 tota
398 706 523 745 civitas
534 715 628 756 erat,
645 715 678 743 et
691 705 824 742 babens
839 718 960 742 omnes
976 704 1042 742 sub
1057 717 1164 740 manu
1183 717 1265 752 sua,

313 767 520 820 peregrino,
552 780 667 818 vago,
688 767 760 804 huc
779 775 812 804 et
837 765 923 803 illuc.
953 764 1123 816 migranti
1139 763 1229 801 dicit
1254 779 1262 800 :

312 828 395 866 Abi
406 842 431 866 α
449 830 556 865 nobis
567 859 579 876 ‚
603 831 696 880 quia
707 829 900 879 potentior
909 826 1049 878 factus
1068 838 1107 862 es
1114 854 1126 871 ,
1147 838 1264 877 quam

313 903 381 927 nos
407 903 550 927 santus.
583 889 630 927 Et
648 903 730 927 vere
752 887 928 940 potentior
946 895 1019 924 erat
1033 916 1042 934 ,
1068 899 1264 937 supernum

310 950 520 1002 praesidium
539 950 673 988 habens
701 950 736 987 in
757 949 922 987 omnibus
934 978 944 996 ,
962 947 1178 996 dexteraque
1196 945 1264 983 Dei

312 1011 483 1050 munitus.
514 1011 596 1058 Quo
630 1011 740 1063 igitur
773 1009 888 1061 abigis
925 1007 1087 1061 justum?
1121 1006 1263 1058 ignoras

311 1073 409 1124 quod
426 1087 650 1126 quocumque
669 1087 749 1110 eum
769 1072 818 1109 ire
838 1069 993 1122 coegeris
1006 1099 1017 1119 ,
1040 1082 1178 1120 semper
1197 1067 1264 1105 erit

311 1134 347 1172 in
362 1135 406 1172 iis
421 1149 498 1186 qua}
513 1134 659 1172 Domini
675 1133 729 1171 sui
742 1132 850 1171 sunt?
866 1146 934 1170 non
954 1130 1077 1168 docuit
1094 1138 1127 1167 te
1142 1143 1262 1166 rerum

310 1196 550 1249 experientia,
581 1195 647 1233 Dei
684 1209 830 1232 manum
859 1207 951 1241 esse,
983 1206 1062 1243 quae
1085 1191 1262 1228 illustrem

309 1258 393 1295 facit
410 1267 444 1295 et
461 1256 816 1309 conservatjustum?
830 1256 950 1302 Quare
965 1253 1074 1305 igitur
1087 1252 1262 1303 abigendo

305 1320 441 1372 justum
453 1350 464 1370 ,
482 1334 564 1371 erga
583 1320 778 1357 Dominum
802 1318 877 1370 ejus
896 1326 929 1354 te
948 1316 1128 1367 ingratum
1146 1314 1263 1352 decla-

310 1381 394 1418 ras?
415 1390 448 1418 et
466 1395 577 1432 neque
598 1394 725 1432 magna
742 1379 810 1417 viri
830 1376 1065 1416 mansuetudo
1084 1386 1184 1414 tuam
1199 1375 1262 1413 do-

821 194 999 225 JOANNJS
1034 182 1273 222 CHRYSOS'r.
1315 191 1517 221 ARCHIEP.
1555 190 1906 223 CONSTANTINOP-

1338 272 1552 324 θεραπεύειν,
1563 271 1619 311 ἵνα
1637 274 1693 311 διὰ
1707 277 1769 321 τῆς
1790 277 1837 318 εἷς
1853 277 1981 313 ἐκεῖνον
1998 278 2103 326 τιμῆς
2117 277 2360 324 ἐπισπάσηται

1339 333 1397 371 καὶ
1419 333 1520 377 αὐτὸς
1537 334 1600 381 τὴν
1626 334 1754 373 ἀνωθεν
1776 335 1883 387 ῥοπὴν
1899 352 1906 359 ·
1927 341 1944 374 ὁ
1969 336 2004 374 δὲ
2024 338 2062 374 οὓ
2084 337 2186 387 μόνον
2202 342 2303 377 τοῦτο
2323 341 2361 377 οὗ

1338 400 1442 443 ποιεῖ,
1453 396 1542 433 ἀλλὰ
1554 395 1612 433 καὶ
1622 396 1828 434 ἀπελαύνειν
1839 399 2020 449 ἐπιχειρεῖ,
2033 398 2092 436 καί
2101 414 2185 450 φησι
2196 415 2202 422 ·
2215 398 2363 438 ’Ἀπελθε

1339 455 1398 508 ἀφ’
1407 459 1524 507 ἡμῶν,
1535 455 1587 494 ὅτι
1599 456 1833 509 δυνατώτερος
1841 461 1942 508 ἡμῶν
1954 458 2070 509 ἐγένου
2085 459 2229 512 σφόδρα.
2238 462 2363 498 Τοιοῦ-

1336 532 1394 554 τον
1415 518 1482 569 γὰρ
1502 521 1522 564 ἡ
1548 518 1720 569 βασκανία
1733 534 1740 541 ·
1762 521 1823 556 οὐκ
1843 518 2006 570 ἀνέχεται
2023 520 2143 570 πράως
2161 521 2223 566 τὴν
2237 521 2363 573 ἑτέρων

1337 579 1540 631 εὐπραγίαν,
1563 578 1653 616 ἀλλὰ
1668 579 1732 626 τὴν
1762 583 1818 617 τοῦ
1837 579 1987 626 πλησίον
2016 580 2202 632 εὐημερίαν
2233 581 2363 620 οἰκείαν

1337 640 1552 693 δυσπραγίαν
1572 634 1660 678 εἶναι
1687 640 1840 691 νομίζει,
1862 641 1921 678 καὶ
1941 641 2086 687 τήκεται
2105 647 2176 684 τοῖς
2193 646 2252 680 τοῦ
2274 645 2364 690 πλη·

1338 700 1409 739 σίον
1430 704 1571 753 ἀγαθοῖς
1584 717 1591 724 ·
1611 701 1629 740 ὃ
1648 701 1690 748 δὴ
1719 701 1777 739 καὶ
1798 703 1946 739 ἐνταῦθα
1963 701 2114 753 γέγονεν.
2135 702 2180 741 ‘O
2201 703 2270 756 γὰρ
2301 707 2363 756 βα-

1336 762 1469 809 σιλεὺς,
1485 767 1502 801 ὃ
1516 766 1577 809 τῆς
1596 762 1729 805 πόλεως
1749 762 1890 809 ἁπάσης
1913 761 1976 808 τὴν
1997 762 2152 805 ἐξουσίαν
2173 763 2282 815 ἔχων,
2302 765 2362 802 καὶ

1334 823 1467 866 πάντας
1485 824 1551 862 ὑπὸ
1570 823 1632 871 τὴν
1651 823 1797 870 ἀπειλὴν
1825 823 1888 870 τὴν
1911 826 2034 860 ἑαυτοῦ
2053 823 2142 875 ἔχων
2154 852 2163 868 ,
2183 827 2232 876 τῷ
2253 824 2336 877 ξένῳ
2349 854 2359 871 ,

1334 885 1383 935 τῷ
1404 883 1536 935 ἀλήτῃ,
1557 883 1616 922 καὶ
1647 886 1799 922 ἐντεῦθεν
1829 886 1920 930 ἐκεῖ,
1940 885 2099 922 κάκεῖθεν
2124 879 2191 922 ὧδε
2221 901 2362 935 μετανι-

1334 944 1496 997 σταμένῳ
1517 945 1621 997 φησίν
1636 960 1643 968 ·
1666 944 1814 983 Ἄπελθε
1836 947 1896 982 ἀπ’
1920 947 2022 995 ἐμοῦ,
2046 945 2097 983 ὅτι
2126 945 2362 999 δυνατώτερος

1331 1007 1432 1056 ἡμῶν
1457 1006 1572 1057 ἐγένου
1602 1006 1745 1058 σφόδρα.
1774 1006 1843 1043 Καὶ
1879 1008 2016 1051 ἀληθῶς
2048 1006 2283 1060 δυνατώτερος
2304 1003 2360 1055 ἦν,

1332 1066 1396 1114 τὴν
1425 1068 1553 1106 ἄνωθεν
1570 1069 1573 1073 ’
1591 1066 1798 1118 συμμαχίαν
1836 1067 1925 1118 ἔχων
1962 1069 1996 1104 ἐν
2038 1067 2166 1115 ἅπασι,
2199 1069 2258 1105 καὶ
2295 1069 2362 1107 ὑπὸ

1332 1131 1396 1174 τῆς
1415 1134 1474 1167 τοῦ
1491 1131 1583 1167 Θεοῦ
1608 1128 1720 1172 δεξιᾶς
1741 1128 2007 1180 φρουρούμενος.
2031 1129 2107 1165 Ποῦ
2134 1129 2250 1166 τοίνυν
2276 1133 2361 1168 ἀπε-

1332 1190 1468 1234 λαύνεις
1497 1191 1554 1229 τὸν
1577 1189 1729 1236 δίκαιον,
1759 1192 1822 1226 οὐκ
1851 1183 1950 1227 οἶσθα
1972 1189 2044 1236 ὅτι,
2074 1187 2160 1226 ὅπου
2187 1189 2227 1227 ἂν
2258 1191 2360 1229 αὐτὸν

1333 1253 1493 1290 ἀπελθεῖν
1515 1251 1709 1302 συμὸαίνῃ,
1732 1253 1766 1288 ἐν
1787 1257 1857 1294 τοῖς
1876 1255 1935 1289 τοῦ
1956 1249 2135 1288 Δεσπότου
2152 1255 2212 1288 τοῦ
2235 1254 2360 1290 ἑαυτοῦ

1332 1307 1420 1352 εἶναι
1446 1313 1548 1351 αὐτὸν
1572 1312 1726 1363 ἀνάγκη,
1754 1315 1816 1351 οὐκ
1842 1311 2026 1350 ἐπαίῗευσέ
2047 1328 2086 1350 σε
2106 1314 2175 1349 τῶν
2196 1313 2362 1365 πραγμά-

1331 1391 1399 1413 των
1420 1379 1441 1422 ἡ
1459 1380 1577 1427 πεῖρα,
1600 1373 1652 1412 ὅτι
1671 1378 1692 1420 ἡ
1718 1378 1777 1411 τοῦ
1798 1376 1890 1413 Θεοῦ
1908 1373 1987 1425 χείρ
2009 1375 2102 1412 ἐστιν
2115 1402 2124 1419 ,
2143 1377 2165 1420 ἦ
2185 1378 2360 1426 περιφανῆ

310 1455 407 1479 mare
421 1442 536 1494 potuit
555 1439 827 1490 invidiam,sed
844 1438 1148 1488 vic-tusamorbo,
1170 1436 1263 1475 invi·
1285 1441 1309 1472 C
1332 1437 1389 1474 τὸν
1430 1436 1562 1474 δίκαιον
1598 1437 1819 1483 καθιστῶσα;
1856 1435 1961 1478 Τίνος
1993 1429 2050 1472 οὖν
2090 1435 2204 1473 ἕνεκεν
2236 1435 2281 1473 δι’
2313 1430 2361 1474 ὧν

310 1501 409 1540 diam
440 1517 543 1555 opere
572 1502 748 1554 comples,
783 1510 817 1538 et
845 1501 972 1538 iterum
993 1499 1147 1549 migrare
1182 1512 1263 1535 eum

310 1563 426 1615 cogis,
451 1563 511 1614 qui
537 1563 573 1600 in
598 1563 696 1600 nullo
716 1571 750 1599 te
772 1561 894 1599 laesit?
921 1559 1043 1598 Nescis
1062 1558 1161 1609 quod
1181 1558 1264 1597 licet

309 1624 344 1661 in
373 1623 586 1675 ipsissimam
608 1622 838 1660 solitudinem
868 1635 949 1658 eum
967 1619 1126 1671 fugaris,
1155 1619 1273 1657 habet-

309 1695 424 1723 tamen
441 1685 488 1722 ita
506 1684 668 1722 solertem
685 1683 880 1721 Dominum
891 1712 900 1729 ,
917 1691 957 1718 ut
972 1695 1008 1718 se
1025 1680 1081 1717 vel
1096 1679 1171 1717 illic
1186 1694 1264 1718 ver-

308 1755 443 1783 santem
467 1745 580 1782 multo
601 1744 786 1782 clariorem
816 1742 963 1781 reddere
990 1741 1132 1793 possit?
1162 1740 1264 1778 Nihil

308 1807 402 1845 enim
420 1806 601 1845 robustius
617 1821 656 1844 eo
670 1805 731 1856 qui
750 1804 882 1842 fruitur
901 1817 1052 1855 superno
1066 1801 1233 1855 praesidio
1252 1817 1260 1838 z

252 1887 257 1891 “
307 1868 398 1907 sicut
425 1868 517 1906 nihil
539 1867 718 1906 infirmius
743 1881 783 1904 eo
812 1865 873 1917 qui
900 1864 962 1903 tali
987 1864 1124 1901 auxilio
1143 1863 1263 1916 ¹desti-

308 1938 431 1967 tuitur.

148 2261 229 2288 Nihil
247 2272 296 2288 ro-

106 2303 221 2330 ¹'¹¹³¹'¹²¹⁵
243 2303 471 2342 ‘³⁰1omniun1
500 2303 561 2353 qui
588 2302 638 2339 ibi
669 2300 879 2338 habitabant
907 2299 1034 2336 mentis
1064 2299 1263 2337 malitiam?

102 2354 198 2422 Ῡιῖξέῗ
217 2344 296 2372 D⁰²¹⁵
311 2363 406 2403 Vide
421 2362 546 2415 etjusti
565 2375 729 2413 maguam
747 2358 1262 2410 mansuetudinem,quomodo

310 2439 378 2463 non
410 2423 631 2476 superbivit,
660 2436 771 2473 neque
800 2421 928 2459 videns
953 2420 1069 2473 reipsa
1100 2420 1262 2459 divinam

308 2486 376 2524 sibi
392 2485 543 2537 gratiam
558 2484 735 2532 assistere,
749 2492 870 2521 eontra
887 2495 1005 2533 regem
1016 2511 1027 2532 ,
1045 2482 1154 2519 fretus
1170 2496 1262 2519 com-

308 2547 493 2585 militantis
525 2546 680 2593 virtute,
711 2543 904 2581 insurrexit
939 2559 946 2578 :
980 2542 1042 2580 sed
1071 2542 1171 2593 quasi
1205 2543 1261 2580 vir

307 2609 402 2647 omni
419 2606 615 2661 patrocinio
637 2620 757 2644 carens
769 2635 778 2653 ,
799 2614 831 2642 et
847 2604 986 2642 nullum
1001 2603 1180 2641 auxilium
1196 2604 1260 2642 ali-

307 2669 420 2707 cunde
434 2677 639 2720 exspectans
652 2697 662 2717 ,
678 2666 792 2704 multa
809 2680 890 2704 cum
905 2665 1198 2713 mansuetudine,
1218 2680 1260 2703 ne

304 2730 422 2768 verbis
455 2728 598 2780 quidem
623 2727 806 2777 resistens,
830 2727 981 2764 faciebat
1013 2725 1108 2777 quod
1142 2726 1210 2764 sibi
1239 2742 1258 2765 a

305 2805 385 2843 rege
405 2789 676 2843 praecipiebatur
689 2821 697 2835 ,
718 2798 752 2826 et
767 2788 887 2827 statim
906 2788 1005 2825 illine
1018 2787 1179 2825 discessit
1197 2804 1204 2824 :
1222 2798 1255 2826 et

302 2852 450 2890 ulterius
466 2864 692 2903 progressus,
719 2849 883 2902 repressit
901 2847 1123 2901 aegritudinis
1144 2848 1253 2886 flam-

304 2928 420 2962 mam,
438 2912 545 2950 simul
574 2921 608 2949 et
633 2912 801 2949 eximiam
821 2925 923 2949 suam
943 2909 1254 2948 mansuetudinem

302 2974 501 3021 declarans,
520 2982 552 3010 et
571 2972 667 3010 illius
697 2972 944 3024 perturbatum
967 2972 1127 3009 animum
1154 2971 1252 3008 miti-

303 3049 400 3087 gans.
420 3036 482 3072 17.
503 3036 554 3072 E!
572 3037 665 3070 abiit
688 3035 794 3080 inde,
816 3042 851 3071 et
873 3035 1063 3070 habitavit
1081 3035 1122 3070 ιίι
1140 3033 1252 3070 valle

305 3098 550 3135 Geram-um.
582 3095 626 3131 Et
658 3094 694 3131 id
713 3094 810 3145 quod
837 3094 1023 3146 discipulis
1040 3094 1112 3131 suis
1136 3094 1249 3132 omni-

102 3162 212 3213 ιῖζηιιιί.
240 3172 285 3190 10·
302 3156 367 3194 bus
382 3157 543 3194 Christus
556 3155 746 3192 adveniens
760 3155 936 3207 praecipit,
952 3154 1071 3193 dicens
1089 3171 1095 3191 ι
1115 3157 1249 3206 Quan-

100 3211 136 3230 ²³
301 3220 349 3255 do
363 3227 635 3269 per·.s·‹›‹stwnl!1r
659 3231 722 3254 vos
734 3218 885 3269 ,flzgite
902 3220 942 3254 in
956 3217 1078 3255 alium
1096 3217 1222 3255 locum
1235 3233 1247 3254 .-

298 3280 363 3318 hoc
383 3280 442 3317 ille
455 3280 530 3330 jam
547 3279 713 3330 operibus
729 3278 931 3316 exhibebat.
949 3279 996 3317 Et
1021 3278 1113 3317 sicut
1132 3277 1247 3318 David

342 3397 351 3409 w
372 3384 483 3419 mois!-
502 3396 568 3417 Om.
589 3386 664 3425 taust]

363 2246 398 2280 2.
423 2241 582 2291 Vidisti,
616 2241 763 2289 dilecte,
792 2249 824 2277 et
850 2239 941 2290 regis
965 2240 1203 2288 Gerarorum,
1229 2249 1264 2277 et
1285 2248 1309 2277 D

1332 1499 1390 1537 τὸν
1410 1497 1540 1535 δίκαιον
1563 1495 1850 1543 ἀπελαύνεις,τὴν
1871 1496 1956 1549 πρὸς
1977 1496 2034 1534 τὸν
2055 1498 2158 1534 αὐτοῦ
2178 1497 2362 1545 Δεσπότην

1333 1558 1581 1611 ἀγνωμοσύνην
1605 1557 1862 1603 ἐπιδείκνυσαι,
1893 1558 1951 1595 καὶ
1985 1557 2062 1595 οὐδὲ
2096 1561 2117 1603 ἦ
2148 1558 2261 1605 πολλὴ
2301 1563 2361 1596 τοῦ

1332 1620 1452 1671 ἀνδρὸς
1470 1618 1638 1657 ἐπιείκεια
1654 1619 1901 1671 περιγενέσθαι
1917 1618 2072 1665 ἠδυνήθη
2089 1622 2151 1664 τῆς
2168 1620 2360 1670 βασκανίας

1330 1684 1392 1726 τῆς
1413 1683 1487 1728 σῆς,
1509 1680 1587 1718 ἀλλ’
1604 1681 1764 1726 ἡττηθεὶς
1783 1680 1850 1718 ὑπὸ
1866 1684 1926 1717 τοῦ
1942 1680 2072 1722 πάθους
2096 1682 2141 1723 εἷς
2159 1681 2257 1732 ἔργον
2278 1683 2362 1733 ἀγα-

1330 1748 1403 1793 γεῖν
1423 1741 1581 1784 σπεύδεις
1600 1742 1657 1779 τὸν
1677 1741 1818 1794 φθόνον,
1843 1742 1902 1779 καὶ
1923 1742 2028 1779 πάλιν
2055 1742 2276 1791 μετανάστην
2298 1758 2359 1795 γε-

1331 1802 1448 1841 νέσθαι
1475 1802 1753 1853 παρασκευάζεις
1783 1803 1840 1840 τὸν
1870 1801 1967 1839 οὐδέν
1993 1817 2031 1839 σε
2051 1802 2262 1851 ἠδικηκότα,
2283 1805 2361 1842 Οὐκ

1331 1858 1424 1908 οἶδας
1444 1863 1496 1902 ὅτι
1521 1863 1584 1901 κᾶν
1605 1866 1652 1907 εἷς
1679 1863 1786 1910 αὐτὴν
1814 1863 1877 1909 τὴν
1904 1862 2033 1914 ἔρημον
2062 1864 2223 1901 ἀπελθεῖν
2252 1880 2362 1902 κατα-

1331 1925 1521 1977 ναγκάσῃς,
1542 1924 1651 1968 οὕτως
1671 1925 1871 1976 εὐμήχανον
1889 1924 1964 1975 ἔχει
1983 1924 2180 1972 Δεσπότην,
2194 1927 2240 1969 ὡς
2260 1929 2362 1964 κάκεῖ

1330 1986 1511 2038 γενόμενον
1525 2017 1534 2033 ,
1553 1987 1673 2037 πολλῷ
1693 1985 1798 2023 πλέον
1818 1984 2110 2037 περιφανέστερον
2138 1985 2241 2024 αὐτὸν
2270 1989 2360 2025 ἀπο-

1331 2047 1459 2094 δεῖξαι,
1481 2047 1592 2086 Οὐδὲν
1613 2047 1679 2099 γὰρ
1701 2045 1925 2098 ἰσχυρότερον
1943 2049 2002 2083 τοῦ
2031 2050 2094 2092 τῆς
2117 2046 2247 2084 ἄνωθεν
2267 2063 2359 2098 συμ-

1333 2108 1464 2160 μαχίας
1486 2108 1740 2152 ἀπολαύοντος,
1761 2105 1881 2158 ὥσπερ
1908 2106 2004 2144 οὐδὲν
2027 2106 2274 2159 ἀσθενέστερον
2299 2112 2359 2147 τοῦ

1330 2171 1393 2215 τῆς
1413 2171 1542 2207 ἐκεῖθεν
1563 2168 1723 2220 βοηθείας
1740 2168 1994 2219 ἠρημωμένου.

1384 2231 1506 2282 Εἶδες,
1533 2235 1715 2287 ἀγαπητὲ,
1735 2235 1793 2273 καί
1813 2238 1873 2272 τοῦ
1908 2234 2078 2286 βασιλέως
2107 2235 2270 2287 Γεράρων
2299 2236 2359 2273 καὶ

1330 2296 1469 2335 πάντων
1500 2301 1567 2335 τῶν
1601 2297 1720 2335 αὐτόθι
1744 2297 1929 2336 οἰκούντων
1954 2301 2016 2343 τῆς
2048 2298 2190 2348 γνώμης
2208 2298 2273 2345 τὴν
2295 2315 2358 2346 μο-

1329 2358 1497 2410 χθηρίαν,
1528 2357 1620 2410 ςΌρα
1649 2358 1708 2397 καὶ
1739 2361 1798 2396 τοῦ
1830 2357 1963 2395 δικαίου
1993 2357 2057 2404 τὴν
2087 2359 2221 2406 πολλὴν
2248 2360 2360 2398 ἐπιεί-

1330 2433 1445 2465 κειαν,
1465 2422 1538 2462 πῶς
1559 2420 1621 2456 οὐκ
1648 2419 1816 2471 ἐφρόνησε
1847 2421 1957 2470 μέγα,
1981 2419 2057 2457 οὐδὲ
2086 2423 2174 2471 ὁρῶν
2207 2421 2263 2457 διὰ
2288 2424 2358 2459 τῶν

1329 2480 1546 2532 πραγμάτων
1570 2481 1703 2527 πολλὴν
1727 2485 1786 2518 τοῦ
1803 2482 1896 2518 Θεοῦ
1918 2480 1980 2527 τὴν
2004 2481 2112 2533 ῥοπὴν
2143 2481 2224 2533 περὶ
2253 2483 2356 2521 αὐτὸν

1329 2542 1526 2593 γινομένην,
1546 2541 1779 2589 κατεξανέστη
1805 2547 1865 2580 τοῦ
1895 2543 2087 2593 βασιλέως,
2108 2546 2150 2594 τῇ
2178 2547 2238 2580 τοῦ
2266 2560 2358 2595 συμ-

1331 2608 1524 2656 μαχοῦντος
1548 2607 1642 2656 αὐτῷ
1672 2604 1816 2654 δυνάμει
1845 2604 2042 2647 πεποιθώς·
2075 2604 2165 2642 ἀλλὰ
2198 2605 2356 2658 καθάπερ

1330 2682 1381 2709 τις
1403 2666 1489 2718 ἀνὴρ
1503 2695 1511 2711 ,
1533 2665 1615 2704 ἷῖικαὶ
1644 2665 1941 2717 ἀπροστάτευτος,
1962 2666 2021 2703 καὶ
2050 2666 2240 2716 οὐδαμόθεν
2263 2669 2356 2705 οὐδε-

1331 2734 1412 2777 μιᾶς
1432 2727 1618 2765 ἀπολαύων
1640 2727 1820 2779 βοηθείας,
1835 2727 1925 2765 οὕτω
1945 2728 2033 2777 μετὰ
2049 2729 2182 2775 πολλῆς
2198 2731 2260 2775 τ’ἧς
2284 2731 2357 2767 ἐπι-

1328 2787 1474 2836 εικείας,
1506 2788 1582 2826 οὐδὲ
1613 2788 1718 2840 μέχρι
1742 2788 1855 2839 λόγων
1887 2788 2079 2832 ἀντιτείνας
2109 2792 2158 2841 τῷ
2189 2790 2352 2840 βασιλεῖ,

1297 2854 1301 2862 '
1327 2849 1435 2888 ἐποίει
1454 2850 1492 2887 τὸ
1511 2851 1594 2901 παρ’
1613 2851 1716 2888 αὐτοῦ
1735 2849 1970 2900 κελευόμενον,
1993 2851 2050 2889 καὶ
2079 2850 2202 2894 εὐθέως
2222 2852 2353 2889 ἐκεῖθεν

1327 2911 1562 2959 ἀπανίστατο,
1590 2911 1648 2948 καὶ
1680 2911 1891 2963 πορρωτέρω
1917 2911 2121 2963 γενόμενος,
2144 2912 2353 2950 κατέστελλε

1326 2976 1385 3012 τοῦ
1409 2972 1539 3016 πάθους
1558 2972 1620 3019 τὴν
1640 2972 1750 3024 φλόγα
1766 3003 1774 3019 ,
1797 2976 1883 3024 ὁμοῦ
1901 2973 1959 3011 καὶ
1979 2973 2043 3020 τὴν
2062 2973 2353 3025 ὑπερὸάλλουσαν

1327 3036 1431 3072 azzo&
1462 3033 1649 3071 ἐπιείκειαν
1682 3033 1949 3083 ἐνδεικνύμενος,
1984 3033 2144 3072 κάκείνου
2178 3033 2217 3071 τὸ
2245 3033 2353 3077 πάθος

1323 3095 1646 3147 παραμυθούμενος.
1667 3096 1734 3133 Καὶ
1755 3097 1910 3142 ἀπῆλθεν
1929 3098 2080 3141 ἐκεῖθεν,
2102 3094 2160 3132 καὶ
2183 3094 2351 3147 κατῴκη-

1323 3173 1378 3194 σεν
1401 3159 1435 3194 ἐν
1454 3159 1496 3206 τῇ
1514 3157 1667 3209 φάραγγι
1689 3157 1861 3209 Γεράρων.
1882 3157 1950 3195 Καὶ
1969 3156 2055 3208 ὅπερ
2073 3159 2089 3193 ὁ
2111 3156 2261 3207 Χριστὸς
2278 3171 2347 3193 πα,

1324 3217 1550 3269 ραγενόμενος
1576 3223 1646 3261 τοῖς
1673 3221 1843 3268 μαθηταῖς
1867 3217 2063 3256 ἐνετέλλετο
2090 3216 2218 3268 λέγων,
2238 3216 2350 3254 ‘'Ototv

1322 3277 1492 3316 διώκωσιν
1511 3280 1613 3328 ὑμᾶς,
1631 3277 1771 3331 φεύγετε
1788 3277 1941 3330 ἑτέρωθι,
1958 3281 2058 3316 τοῦτο
2077 3276 2135 3315 καὶ
2154 3271 2261 3320 οὗτος
2281 3276 2348 3323 ἤδη

2486 0 2494 36 ..ι-
