2516 3791
130 1489 310 1526 1.Reg.17.

127 2400 311 2429 1t11‘‹1.v·.32.

326 155 417 202 8138
798 172 834 202 s.

326 264 441 293 essent
459 256 694 306 consternati,
712 269 775 294 nee
801 255 989 306 quisquam
1007 254 1150 292 auderet
1168 254 1278 305 erige-

328 329 366 352 re
399 324 506 368 caput
519 346 532 366 ,
557 315 621 354 sed
646 316 681 353 in
698 325 854 354 extrema
868 313 1112 366 desperatione
1129 322 1217 351 esset
1230 313 1278 351 ci-

327 376 421 414 vitas
435 406 445 424 ,
465 376 616 427 singulis
641 386 789 414 mortem
813 390 885 428 prae
913 374 1027 412 oculis
1045 374 1277 425 habentibus,

329 438 559 489 quotidieque
587 438 769 475 interitum
800 436 1087 489 exspectantibus
1118 436 1277 487 cunctis,

327 508 368 537 ut
397 499 510 537 vitam
535 508 676 550 agerent
695 497 914 536 miseriorem
936 497 981 535 iis
1001 497 1063 548 qui
1082 497 1217 549 degunt
1243 497 1280 535 in

327 560 507 598 teterrimo
527 573 663 597 carcere
677 589 685 607 ,
704 558 760 597 hic
775 559 820 596 ab
842 559 970 597 ovibus
985 558 1132 598 veniens
1147 559 1195 597 ad
1215 573 1281 596 ex—
1291 596 1321 619 75

874 172 1051 202 JOANNIS
1087 172 1110 200 C
1119 172 1144 200 11
1153 170 1333 202 nYSOST.

1372 173 1575 204 ARCfflEP.
1611 175 1959 207 CONSTANTINOI’.

1345 255 1405 293 καὶ
1440 256 1663 303 δεδοικότων,
1697 258 1756 296 καὶ
1789 259 1921 302 οὐδενὸς
1957 259 2133 312 προκύψαι
2160 262 2377 311 τολμῶντος,

1347 317 1424 354 ἀλλ’
1446 320 1480 355 ἐν
1497 317 1659 369 ἐσχάτοις
1690 320 1753 364 τῆς
1771 319 1904 364 πόλεως
1929 319 2034 368 οὔσης
2060 320 2218 370 ἁπάσης,
2243 322 2378 361 καὶτὸν

1349 377 1494 416 θάνατον
1517 377 1586 430 πρὸ
1609 381 1796 430 ὀφθαλμῶν
1821 380 1967 419 ἑκάστου
1992 381 2196 431 βλέποντος,
2220 382 2282 420 καὶ
2301 384 2380 420 καθ’

1350 439 1501 486 ἑκάστην
1549 441 1797 478 ἀποθανεῖσθαι
1836 440 1901 487 τὴν
1935 440 2071 494 ἡμέραν
2106 442 2380 494 προσδοκώντων

1349 499 1529 547 ἁπάντων,
1550 498 1610 537 καὶ
1636 502 1706 537 τῶν
1728 500 1785 538 ἐπὶ
1802 499 1842 538 τὸ
1863 501 2033 554 βάραθρον
2055 502 2234 553 ἀγομένων
2249 504 2380 542 ἀθλιώ-

1323 577 1446 620 οτερον
1465 561 1600 605 ζώντων
1618 561 1676 600 τὸν
1703 562 1790 613 βίον,
1812 562 1972 601 εἰσελθὼν
1998 557 2095 606 οἶτος
2111 564 2180 602 ἀπὸ
2208 567 2277 602 τῶν
2295 580 2380 617 προ-

327 621 500 669 ercitum,
520 635 605 658 cum
639 635 702 672 per
727 629 863 659 aetatem
893 634 957 658 nec
983 629 1095 658 artem
1119 619 1279 658 bellandi
1303 634 1327 662 Α
1349 622 1464 660 Εάτων
1495 622 1552 660 ἐπὶ
1578 622 1641 670 τὴν
1660 622 1872 675 παράταξιν,
1899 623 2043 670 καὶτῆς
2067 624 2205 671 ἡλικίας
2229 625 2287 663 καὶ
2317 628 2380 671 τῆς

328 682 454 719 callere
471 690 606 734 posset,
629 696 670 719 ae
686 682 849 719 laborum
868 681 1081 719 militarium
1102 681 1203 719 rudis
1222 696 1278 719 es-

328 751 395 789 set,
418 742 493 794 ipse
511 756 577 795 pro
601 742 778 781 universis
805 742 941 780 bellum
960 742 995 779 in
1017 757 1054 780 se
1069 742 1217 794 recepit,
1241 757 1281 781 ac

326 804 475 842 feliciter
494 819 569 842 rem
592 805 718 856 gessit,
745 820 851 857 supra
871 819 979 856 quam
998 805 1176 857 quispiam
1203 820 1276 858 spe-

326 875 448 903 rasset.
487 867 718 916 Quamquam
747 866 853 903 etiam
891 865 921 903 si
955 865 1077 903 virtuti
1113 865 1281 905 defuisset

327 936 491 976 eventus,
508 936 625 965 tamen
642 928 688 966 ob
711 927 825 965 solam
850 926 959 964 animi
988 927 1281 979 promtitudinem

327 987 577 1039 egregiumque
603 988 828 1041 propositum
856 987 1078 1025 coronandus
1097 997 1182 1027 erat.
1199 990 1281 1028 Jam

326 1049 355 1087 si
377 1050 489 1100 quise
508 1064 656 1087 numero
679 1050 836 1087 militum
859 1058 959 1087 aetate
988 1049 1113 1100 vigens
1142 1050 1279 1088 facinus

327 1110 394 1147 hoe
411 1109 649 1161 designasset,
675 1110 767 1148 nihil
795 1110 919 1148 fuisset
934 1110 1066 1147 mirum
1081 1140 1091 1159 ,
1111 1110 1280 1149 videlicet

327 1170 364 1208 id
382 1172 583 1223 postulante
611 1171 759 1208 militari
778 1170 868 1222 lege.
900 1173 944 1208 At
970 1171 1031 1208 hic
1048 1171 1110 1222 qui
1143 1172 1280 1210 nullam

326 1231 472 1270 videbat
495 1233 735 1270 necessitatem
755 1232 826 1269 huc
845 1232 1063 1283 adigentem,
1086 1247 1127 1270 ac
1149 1233 1280 1272 multos

1348 683 1473 735 τέχνης
1509 683 1667 722 ἀτέλειαν
1698 683 1921 735 παρεχούσης
1951 685 2046 737 αὐτῷ
2077 688 2145 723 τῶν
2179 688 2380 737 πολεμικῶν

1347 745 1474 792 πόνων,
1500 745 1559 783 τὸν
1593 745 1755 783 ἁπάντων
1783 745 1883 788 αὐτὸς
1912 745 2094 790 ἀνεδέξατο
2120 746 2293 797 πόλεμον,
2320 748 2380 786 καὶ

1348 805 1575 859 κατώρθωσεν
1591 807 1728 851 ἐλπίδος
1748 806 1888 854 ἁπάσης
1909 806 2091 859 κρείττονα
2110 807 2378 860 κατορθώματα.

1348 868 1471 905 Καίτοι
1493 869 1522 905 εἷ
1545 868 1604 906 καὶ
1625 868 1731 918 μηδὲν
1756 863 1798 915 ἦν
1817 868 2079 919 κατωρθωκὼς,
2102 872 2164 915 τῆς
2181 869 2378 922 προθυμίας

1350 928 1464 976 αὐτὸν,
1479 928 1539 966 καὶ
1555 931 1617 975 τῆς
1635 928 1831 981 προθέσεως
1844 929 1958 967 ἕνεκεν
1974 936 2161 982 στεφανοῦν
2177 931 2245 968 ἔδει
2262 930 2377 981 μόνον.

1348 990 1401 1029 Τὸ
1417 988 1479 1040 μὲν
1502 989 1570 1042 γὰρ
1589 989 1808 1042 στρατιώτην
1833 990 1912 1027 τινὰ
1937 993 2005 1028 τῶν
2027 993 2061 1029 ἐν
2081 990 2203 1043 ’ἡλικίᾳ
2233 995 2380 1038 ποιῆσαι

1348 1055 1467 1097 τοῦτο,
1486 1051 1683 1102 θαυμαστὸν
1704 1050 1817 1089 οὐδέν·
1838 1053 1855 1088 ὃ
1871 1051 1940 1104 γὰρ
1971 1054 2034 1097 τῆς
2062 1052 2244 1103 στρατείας
2276 1052 2380 1104 νόμος

1348 1117 1449 1153 τοῦτο
1469 1113 1608 1165 ἀπῄτει.
1621 1107 1734 1157 Οῧτος
1749 1112 1784 1152 δὲ
1800 1113 1962 1163 οὐδεμίαν
1974 1116 2061 1165 ὁρῶν
2080 1113 2236 1166 ἀνάγκην
2251 1117 2380 1153 ἐπικει-

1348 1174 1469 1226 μένην,
1489 1174 1578 1213 ἀλλὰ
1593 1174 1652 1212 καὶ
1662 1173 1810 1218 πολλοὺς
1824 1173 1902 1219 τοὺς
1914 1174 2110 1219 κωλύοντας
2121 1175 2223 1228 ἔχωψ
2239 1177 2299 1214 καὶ
2313 1176 2380 1228 γὰρ

1348 1237 1408 1275 καὶ
1427 1240 1446 1276 ὃ
1465 1237 1608 1288 ἀδελφὸς
1628 1236 1818 1287 ἐπετίμησε
1831 1267 1841 1284 ,
1866 1236 1926 1274 καὶ
1945 1240 1962 1275 ὃ
1983 1236 2143 1288 βασιλεὺς
2159 1238 2245 1290 πρὸς
2262 1237 2302 1276 τὸ
2317 1240 2380 1284 τῆς

326 1294 433 1332 etiam
452 1294 606 1332 habebat
625 1294 852 1333 dehortantes
871 1309 975 1332 :nam
998 1304 1030 1333 et
1048 1296 1157 1332 frater
1176 1295 1278 1334 illum
1301 1305 1324 1335 Β
1349 1298 1488 1346 ἡλικίας
1507 1298 1619 1372 ἄωρον
1636 1297 1750 1336 καὶτὸ
1767 1301 1834 1335 τῶν
1850 1297 2015 1336 κινδύνων
2038 1298 2209 1351 ἀφόρητον
2228 1299 2378 1350 βλέπων,

326 1355 543 1408 increpavit,
580 1365 613 1394 et
645 1371 709 1394 rex
736 1355 952 1408 perspiciens
983 1356 1088 1394 illum
1120 1356 1279 1395 nondum

326 1426 426 1454 :etate
452 1426 657 1467 maturum,
687 1432 727 1456 ae
754 1417 923 1470 periculis
941 1417 1158 1470 perferendis
1180 1418 1279 1456 inha-

324 1478 433 1516 bilem
455 1478 638 1524 cohibuit,
660 1493 701 1516 ae
722 1479 1000 1530 manerejussit,
1021 1479 1141 1516 dicens
1163 1494 1170 1514 :
1189 1481 1280 1517 Non

322 1543 465 1591 poteris
491 1542 564 1586 ire,
589 1542 774 1591 quoniam
791 1554 890 1591 puer
915 1554 953 1578 es
973 1556 983 1576 :
1006 1539 1076 1576 ille
1095 1553 1189 1576 vero
1215 1543 1280 1577 vir

325 1610 380 1639 est
394 1602 619 1639 bellatorab
633 1601 897 1638 adolescentia
913 1614 985 1638 sua
1004 1615 1014 1636 .·
1030 1608 1184 1637 attamen
1196 1614 1278 1638 cum

324 1662 421 1699 nulla
446 1662 550 1700 illum
582 1670 791 1714 provocaret
816 1660 971 1709 occasio,
1002 1669 1127 1712 suapte
1156 1670 1280 1714 sponte

324 1732 357 1761 et
374 1737 418 1760 ex
437 1737 511 1761 sese
527 1723 650 1761 divino
669 1736 836 1760 accensus
855 1722 949 1772 zelo,
967 1721 1163 1774 patriaeque
1185 1722 1278 1759 cari-

324 1792 394 1822 tate
407 1814 417 1832 ,
438 1783 585 1836 perinde
617 1783 717 1834 quasi
738 1797 821 1821 oves
848 1791 1003 1821 cerneret
1022 1782 1142 1820 verius
1169 1797 1278 1834 quam

324 1845 499 1895 homines,
523 1855 557 1883 et
582 1846 684 1896 quasi
709 1859 811 1883 canes
831 1845 1022 1883 invasurus
1042 1853 1130 1882 esset
1158 1844 1277 1896 potius

323 1921 433 1957 quam
461 1916 533 1944 tam
566 1920 795 1944 numerosum
833 1905 1021 1943 hominum
1058 1905 1275 1955 exercitum,

1347 1365 1489 1411 κατεῖ-χε
1517 1374 1576 1397 και
1610 1357 1724 1410 μένειν
1755 1358 1890 1397 ἐκέλευε
1921 1359 2124 1411 λέγων·οὐ
2146 1361 2275 1412 δυνήσῃ
2309 1377 2377 1399 πο-

1349 1437 1383 1474 ρε
1371 1424 1525 1468 ιυΟηναι,
1556 1419 1610 1458 δ’τι
1636 1437 1676 1458 συ
1695 1420 1879 1473 παιδάριον
1902 1424 1954 1465 εἰ,
1986 1421 2087 1464 αὐτὸς
2106 1421 2141 1459 δὲ
2168 1421 2257 1474 ἀνὴρ
2276 1423 2377 1460 πολε-

1348 1481 1472 1532 μιστὴς
1489 1484 1527 1520 ἐκ
1550 1480 1711 1528 νεότητος
1732 1482 1856 1520 αὐτου·
1878 1483 1954 1520 ἀλλ’
1975 1498 2069 1533 οαως
2088 1483 2249 1533 οὐδεμιᾶς
2277 1483 2378 1521 αὐτὸν

1347 1543 1514 1590 ἑλκούσης
1544 1542 1767 1594 προφάσεως,
1805 1543 1936 1581 οἴκοθεν
1956 1543 2015 1581 καὶ
2041 1543 2125 1596 παρ’
2155 1546 2276 1582 ἑαυτοῦ
2305 1545 2379 1581 δια-

1346 1603 1548 1656 θερμανθεὶς
1568 1602 1649 1654 θείῳ
1679 1603 1772 1653 ζήλῳ
1799 1602 1858 1640 καὶ
1892 1605 1942 1653 τῷ
1968 1605 2032 1648 τ’ἧς
2059 1602 2226 1654 πατρίδος
2253 1603 2379 1655 ἔρωτι,

1345 1663 1464 1716 ὥσπερ
1492 1663 1653 1716 πρόὲατα
1688 1665 1819 1714 μᾶλλον
1850 1663 1873 1710 ἢ
1902 1662 2102 1716 ἀνθρώπους
2127 1667 2229 1716 ὁρῶν,
2254 1665 2314 1703 καὶ
2333 1667 2380 1709 ὡς

1345 1724 1449 1768 κύνας
1465 1727 1595 1776 μᾶλλον
1611 1724 1633 1771 ἢ
1654 1724 1889 1776 στρατόπεδον
1912 1723 2104 1776 ἀνθρώπων
2121 1729 2274 1764 τοιοῦτον
2293 1726 2379 1776 με’λ-

1343 1788 1413 1824 λων
1440 1785 1606 1834 ἐλαύνειν,
1631 1785 1720 1824 οὕτω
1745 1785 1834 1836 μετὰ
1862 1785 1979 1829 ἀδείας
1999 1785 2056 1824 ἐπὶ
2081 1785 2159 1830 τοὺς
2181 1786 2378 1840 βαρὸάρους

1345 1849 1488 1900 ἔτρεχε·
1517 1847 1577 1886 καὶ
1604 1846 1775 1893 τοσαύτην
1804 1846 1886 1899 περὶ
1913 1847 1972 1885 τὸν
1997 1846 2144 1898 βασιλέα
2168 1847 2376 1899 κηδεμονίαν

1345 1909 1542 1954 ἐπεδείξατο
1572 1908 1668 1956 τότε,
1697 1910 1744 1952 ὡς
1780 1908 1839 1946 καὶ
1866 1908 1934 1961 πρὸ
1965 1912 2025 1946 τοῦ
2051 1908 2205 1959 πολέμου
2227 1908 2287 1946 καὶ
2316 1910 2380 1954 τῆς

324 1968 410 2005 adeo
427 1968 603 2020 intrepide
616 1968 663 2006 ad
677 1968 846 2005 barbaros
863 1966 1021 2004 cucurrit
1040 1982 1047 2002 :
1066 1966 1174 2017 idque
1187 1975 1277 2004 tem·
1296 1979 1320 2010 Ε
1345 1971 1443 2017 νίκης
1471 1973 1524 2009 ἐπ’
1557 1970 1634 2023 ὄψιν
1657 1970 1758 2008 αὐτὸν
1778 1968 1938 2021 κείμενον
1958 1970 2165 2016 ἀναστῆσαι.
2182 1973 2235 2009 Οὐ
2252 1969 2319 2022 γὰρ
2336 1969 2376 2016 δὴ

323 2030 420 2081 poris
436 2038 570 2067 tantam
585 2044 666 2082 erga
683 2043 801 2081 regem
820 2027 1099 2067 sollicitudinem
1117 2027 1277 2066 declara-

324 2091 395 2139 vit,
427 2101 467 2129 ut
484 2092 588 2128 illum
607 2091 714 2129 etiam
743 2100 823 2128 ante
848 2090 1012 2142 praelium
1028 2104 1069 2128 ae
1090 2089 1277 2128 victoriam

325 2152 361 2190 in
377 2152 501 2189 faciem
515 2161 733 2204 prostratum
747 2151 909 2189 erexerit.
932 2152 1053 2201 Neque
1066 2150 1160 2188 enim
1178 2150 1279 2188 factis

325 2213 432 2251 modo
447 2213 543 2265 juvit
558 2213 681 2263 illum,
698 2213 760 2250 sed
782 2221 862 2250 ante
886 2212 1019 2249 factum
1038 2212 1145 2249 etiam
1160 2212 1279 2251 verbis

326 2275 487 2312 hortatus
508 2283 559 2312 est
576 2274 669 2312 hono
685 2274 804 2311 animo
825 2283 863 2310 ut
884 2282 994 2321 esset,
1017 2287 1058 2311 ac
1081 2273 1278 2324 persuasit,

326 2345 436 2387 utque
454 2336 499 2374 de
517 2345 646 2374 eventu
665 2335 794 2372 bonam
807 2334 1006 2386 conciperet
1022 2347 1140 2386 spem,
1164 2333 1279 2371 effecit

328 2398 375 2435 ita
404 2397 550 2448 loquens
570 2412 578 2433 t
603 2398 663 2435 Ne
687 2397 867 2434 concidat
889 2409 956 2433 cor
978 2396 1127 2432 domini
1142 2397 1216 2431 mei
1239 2396 1280 2431 in

327 2462 429 2510 ipso,
449 2461 635 2511 quoniam
648 2471 780 2495 servus
798 2465 885 2494 tuus
902 2459 990 2503 ibit,
1011 2457 1281 2507 pugnabitque

327 2535 414 2559 cum
429 2521 650 2571 alienigena
666 2520 750 2556 hoc.
767 2519 896 2564 Quaeso
909 2547 921 2567 ,
937 2531 1024 2554 num
1041 2517 1109 2571 hoe
1123 2530 1278 2568 parvum

328 2582 492 2631 videtur,
524 2581 623 2618 nulla
649 2579 856 2617 necessitate
905 2577 1151 2629 compulsum,
1180 2590 1281 2614 suam

328 2643 442 2695 ipsius
457 2643 570 2681 vitam
590 2640 741 2694 prodere
754 2671 766 2691 ,
788 2649 821 2679 et
843 2644 879 2678 in
907 2653 1029 2678 eorum
1049 2638 1241 2676 utilitatem
1261 2652 1281 2676 a

1351 2413 1432 2449 μοι,

1347 2031 1448 2083 μόνον
1473 2033 1575 2070 αὐτὸν
1596 2037 1665 2075 τοῖς
1687 2031 1798 2083 ἔργοις
1821 2030 1910 2081 μετὰ
1925 2034 2036 2068 ταῦτα
2049 2031 2196 2083 ὠφέλει,
2214 2030 2304 2069 ἀλλὰ
2317 2031 2379 2069 καὶ

1345 2093 1413 2147 πρὸ
1441 2092 1562 2131 τούτου
1578 2098 1648 2136 τοῖς
1665 2088 1799 2145 ῥήμασι
1816 2092 2008 2143 παρεκάλει
2019 2092 2078 2129 καὶ
2090 2094 2228 2146 θαρῥεῖν
2241 2092 2356 2130 ἔπειθε
2368 2121 2378 2138 ,

1345 2155 1405 2193 καὶ
1424 2154 1582 2208 χρηστὰς
1601 2154 1682 2208 περὶ
1701 2158 1760 2193 τοῦ
1784 2154 1969 2205 μέλλοντος
1996 2153 2138 2197 ἐλπίδας
2158 2155 2270 2207 ἔχειν,
2289 2154 2379 2193 οὕτω

1345 2216 1474 2268 λέγων·
1499 2215 1562 2262 Μὴ
1584 2216 1794 2267 συμπεσέτω
1816 2219 1838 2262 ἡ
1865 2215 1993 2267 καρδία
2009 2220 2070 2253 τοῦ
2096 2215 2215 2266 κυρίου
2239 2231 2304 2266 μου
2325 2218 2379 2254 ἐπ’

1349 2276 1462 2324 αὐτὸν,
1489 2275 1542 2314 ὅτι
1571 2279 1588 2314 ὃ
1618 2276 1736 2319 δοῦλός
1764 2291 1824 2314 σου
1845 2275 2077 2327 πορεύσεται,
2097 2276 2158 2314 καὶ
2187 2277 2380 2327 πολεμήσει

1350 2337 1438 2389 μετὰ
1458 2342 1517 2375 τοῦ
1540 2336 1732 2388 ἀλλοφύλου
1753 2336 1888 2375 τούτου.
1908 2330 1997 2388 Ἆρα
2019 2336 2140 2388 μικρὸν
2162 2341 2284 2385 τοῦτο,
2306 2338 2384 2376 εἶπέ

1452 2398 1533 2437 “rev
1554 2398 1732 2449 μηδεμίαν
1753 2398 1908 2449 ἀνάγκην
1927 2397 2051 2450 ἔχοντα
2064 2428 2073 2445 ,
2094 2397 2157 2444 τὴν
2173 2397 2289 2450 ψυχὴν
2309 2401 2383 2436 ἑπι-

1349 2461 1464 2498 δοῦναι
1490 2459 1553 2507 τὴν
1575 2462 1716 2508 ἑαυτοῦ,
1739 2460 1798 2497 καὶ
1813 2459 1900 2511 ὑπὲρ
1920 2462 1982 2505 τῆς
1998 2461 2137 2497 ἐκείνων
2153 2459 2320 2512 ὠφελείας
2337 2462 2384 2503 εἷς

1351 2538 1393 2571 με
1386 2521 1474 2564 ’σους
1509 2521 1667 2566 πηδῆσαι
1708 2537 1786 2565 τους
1818 2520 2026 2571 πολεμίους,
2064 2519 2171 2571 μηδεν
2210 2521 2383 2571 μηδέποτε

1349 2584 1432 2634 παρ’
1455 2583 1565 2619 αὐτῶν
1592 2585 1627 2619 εὐ
1649 2581 1825 2629 παθόντα;
1850 2584 1933 2634 Αρα
1962 2584 2024 2620 οὐκ
2058 2582 2125 2619 ἔδει
2164 2581 2265 2619 αὐτὸν
2293 2580 2382 2631 μετὰ

1349 2646 1459 2680 ταῦτα
1487 2642 1657 2690 δεσπότην
1686 2643 1961 2695 επιγράφεσθαι,
1996 2642 2055 2680 καὶ
2089 2644 2232 2695 σωτῆρα
2268 2643 2379 2680 κοινὸν

329 2705 459 2755 quibus
474 2704 564 2742 nihil
581 2716 750 2753 umquam
763 2709 944 2754 acceperat
954 2698 1116 2738 beneficii
1129 2729 1139 2748 ,
1156 2699 1191 2736 in
1211 2713 1281 2737 me-
1302 2710 1326 2739 D
1349 2707 1411 2751 τῆς
1436 2703 1570 2746 πόλεως
1588 2703 1817 2756 ἀναγορεύειν,
1838 2703 1894 2741 τὸν
1929 2702 1987 2740 καὶ
2007 2704 2047 2741 τὸ
2076 2706 2200 2755 σχῆμα
2219 2705 2283 2749 τ’ἧς
2309 2705 2377 2754 βα-

329 2765 407 2803 dios
424 2765 542 2802 hostes
562 2764 720 2802 irruere?
739 2766 864 2801 Annon
893 2775 957 2814 par
976 2769 1070 2809 erat,
1085 2760 1182 2798 hunc
1201 2768 1282 2812 post

330 2827 400 2864 talc
419 2827 555 2863 facinus
581 2834 704 2863 ornato
732 2824 836 2862 titulo
866 2822 1004 2861 domini
1035 2821 1210 2859 columnis
1229 2821 1282 2859 in-

331 2889 483 2940 scripto,
505 2897 538 2925 et
551 2887 736 2939 publicum
758 2885 912 2924 civitatis
925 2892 1148 2922 ‘servatorem
1161 2882 1283 2935 appel-

332 2952 424 2999 lare,
444 2949 559 3001 quiet
589 2949 686 2999 regni
707 2948 833 2997 decus,
864 2957 898 2985 et
928 2947 1117 2985 civitatum
1147 2944 1283 2982 funda-—

333 3020 469 3061 menta,
491 3019 525 3048 et
543 3010 703 3047 omnium
733 3009 845 3048 vitam
865 3007 1062 3060 opitulante
1081 3006 1148 3044 Dei
1169 3005 1281 3057 gratia

333 3073 509 3113 servarit?
537 3070 645 3118 Quod
671 3085 744 3108 esse
773 3078 910 3123 poterat
941 3068 1042 3106 aliud
1069 3066 1283 3105 beneficium

334 3136 399 3173 hoc
419 3134 561 3187 majus?
582 3134 703 3182 Neque
726 3132 819 3169 enim
844 3130 879 3167 in
906 3128 1055 3181 gloiiam
1075 3137 1136 3165 aut
1160 3136 1283 3179 poten-

1351 2765 1498 2813 σιλείας,
1516 2765 1574 2802 καὶ
1593 2765 1632 2802 τὸ
1650 2768 1718 2802 τῶν
1738 2765 1873 2803 πόλεων
1893 2764 2016 2817 ἔδαφος
2028 2795 2037 2812 ,
2054 2765 2113 2802 καὶ
2136 2764 2200 2812 τὴν
2218 2765 2380 2803 ἁπάντων

1350 2826 1440 2874 ζωὴν
1468 2825 1557 2877 μετὰ
1575 2824 1637 2872 τὴν
1662 2829 1720 2863 τοῦ
1742 2828 1834 2863 Θεοῦ
1853 2825 1956 2878 χάριν
1979 2826 2258 2879 διατηρήσαντα,
2290 2825 2382 2863 Ποία

1351 2888 1418 2942 γὰρ
1440 2887 1567 2933 ταύτης
1586 2886 1783 2938 εὐεργεσίας
1813 2887 1938 2938 μείζων
1959 2887 2059 2940 ἑτέρα
2082 2882 2141 2935 ἦν,
2165 2889 2218 2925 Οὐ
2241 2886 2309 2939 γὰρ
2337 2888 2384 2929 εἷς

1351 2949 1519 3002 χρήματα
1533 2978 1542 2995 ,
1574 2947 1649 2986 οὐδὲ
1684 2950 1730 2991 εἷς
1759 2948 1856 2992 δόξαν
1888 2947 1944 2985 καῖ
1982 2947 2195 2994 δυναστείαν,
2227 2949 2304 2986 ἀλλ’
2335 2950 2383 2990 εἰς

1355 3009 1458 3057 αὐτὴν
1487 3010 1589 3048 αὐτοῦ
1608 3008 1668 3056 τὴν
1698 3008 1812 3061 ψυχὴν
1832 3008 1895 3055 τὴν
1912 3008 2108 3060 εὐεργεσίαν
2129 3008 2382 3056 κατέθετο,καὶ

1356 3071 1389 3115 ἐξ
1411 3072 1521 3109 αὐτων
1538 3071 1639 3109 αὐτὸν
1655 3069 1846 3108 ιὀἰνεκαλεό
1854 3085 1915 3108 ατο
1934 3085 2002 3107 των
2013 3085 2071 3107 του
2087 3069 2234 3107 θανάτου
2251 3071 2382 3116 πυλῶν,

1356 3147 1416 3170 και
1444 3132 1482 3169 τό
1501 3147 1539 3183 γε
1556 3134 1603 3175 εἷς
1622 3132 1800 3183 ἄνθρωπον
1819 3135 1922 3178 ἧκον,
1941 3132 1984 3168 δι’
2008 3132 2135 3168 ἐκεῖνον
2155 3129 2234 3193 ἔζηω
2232 3130 2351 3169 λοιπὸν
2366 3132 2384 3168 δ

334 3197 433 3243 tiam,
455 3195 544 3233 sed
535 3209 569 3233 ln
593 3194 707 3246 ipsam
734 3193 844 3244 ipsius
864 3189 1199 3229 vitamhcnefieium
1219 3188 1285 3225 hoc
1311 3202 1332 3232 Ε
1360 3193 1537 3245 βασιλευς,
1567 3193 1625 3231 καὶ
1645 3193 1798 3231 ἀπέλαυε
1820 3196 1881 3239 τῆς
1913 3194 2037 3244 ἀρχῆς
2062 3191 2165 3230 ''Q-w
2196 3185 2252 3228 οὖν
2281 3191 2383 3229 αὐτον

335 3264 505 3313 (ontulit,
539 3271 570 3299 et
599 3262 644 3299 ab
673 3259 758 3312 ipsis
784 3259 906 3297 mortis
933 3257 1044 3310 portis
1065 3256 1244 3295 revocavit
1276 3272 1282 3291 z

383 3391 391 3403 ³
417 3379 507 3419 Regii
522 3376 588 3409 (luo
607 3383 639 3410 τὶ)
656 3378 815 3418 ,tm-,Emin-

1361 3255 1447 3305 μετα
1490 3257 1598 3292 ταλτα
1618 3270 1686 3299 [με
1693 3253 1812 3305 imant-0
1844 3255 1886 3292 1’ἰ
1920 3253 1980 3290 μὲν
2017 3253 2083 3306 γὰρ
2116 3251 2200 3291 αὐτό
2227 3268 2278 3295 τις
2314 3267 2384 3289 των

1420 3370 1433 3391 ¹¹
1460 3366 1816 3409 Its-gii‹l=1‹›»2-,;mt>-;;;.
