2516 3791
683 243 723 272 ix
762 244 864 272 CSP.
904 243 982 272 XV.

101 326 260 378 λέστερον
281 328 394 370 αὐτοῖς
413 327 452 364 τὸ
470 328 531 372 τῆς
550 325 688 376 γεέννης
708 329 778 377 πῦρ
796 326 863 372 ἤδη
894 323 1124 378 προευτρεπί-

101 390 233 435 ζουσιν,
257 389 299 426 Ei
327 387 394 439 γὰρ
418 386 476 425 καὶ
494 386 611 424 πάντα
629 385 673 423 τὰ
693 386 786 424 ἔνδον
814 386 1028 436 ἀποκείμενα
1058 384 1128 423 διέ-

99 465 215 500 νειμον
235 455 306 493 τοῖς
325 448 497 502 δεομένοις
513 452 544 487 οἱ
573 450 815 495 πλουτοῦντες,
839 448 898 487 καὶ
926 448 1033 492 οὕτως
1063 449 1126 486 οὐκ

1021 242 1181 272 GENES.

1221 241 1373 272 nonu..
1414 242 1588 272 xxxvii.
2053 231 2081 286 A,
2099 232 2137 287 ἧι

1197 323 1314 374 ignem
1329 325 1403 377 jam
1425 324 1492 362 sibi
1513 332 1711 377 praeparent
1731 322 1748 361 ἶ)
1772 324 1862 361 Nam
1886 324 1914 360 si
1935 324 2053 361 onmia
2073 339 2150 374 qua·

1197 384 1292 422 intus
1311 386 1463 438 reposita
1484 385 1629 432 habent,
1654 384 1899 437 indigentibus
1919 384 2049 422 divites
2069 384 2145 422 dis—

1196 445 1412 494 tribuerent,
1454 461 1568 498 neque
1604 446 1655 484 sic
1698 446 1919 499 supplicium
1955 446 2149 496 effugerent

101 509 141 547 ἂν
161 510 224 556 τὴν
251 509 395 548 κόλασιν
416 509 573 562 διέφυγον
595 509 683 561 ὑπὲρ
703 503 751 547 ὧν
775 513 969 562 τρυφῶντες
998 508 1056 546 καὶ
1091 511 1124 546 ἐν
1137 536 1181 560 33,
1197 520 1317 545 eorum
1343 517 1568 559 peecatorum
1596 523 1676 559 qua:
1704 508 1740 546 in
1766 507 1907 546 deliciis
1936 507 2088 546 vestium
2118 517 2151 544 et

99 577 169 616 τοῖς
188 571 361 622 ἐσθήμασι
379 571 439 609 καὶ
456 574 490 610 ἐν
509 577 584 614 ταῖς
605 571 782 609 ἑστιάσεσι
798 571 983 609 διετέλουν.
1005 569 1126 615 Πόσης
1150 573 1173 600 Λ
1197 568 1446 606 conviviorum
1463 569 1669 608 admittunt.
1685 572 1765 616 Quo
1780 569 1874 608 enim
1888 570 2065 622 supplicio
2081 584 2150 607 non

99 632 169 684 γὰρ
185 633 247 671 οὐκ
261 633 301 670 ἂν
319 627 386 671 εἷεν
402 632 577 676 κολάσεως
597 631 685 675 ἄξιοι
701 634 731 670 οἱ
747 631 863 669 πάντα
878 630 1006 682 τρόπον
1021 644 1127 668 σπου-

100 693 257 736 δάζοντες
273 693 318 730 τὰ
339 693 400 744 μὲν
417 692 546 745 σηρικὰ
565 691 840 743 περιὸεὗλῆσθαι
859 691 1028 732 πολλάκις
1043 689 1128 740 ἱμά-

99 770 178 802 τια,
203 754 262 792 καὶ
288 755 402 793 σοὸεῖν
421 754 478 792 ἐπὶ
497 757 559 799 τῆς
587 754 726 804 ἀγορᾶς,
756 750 879 789 καὶτὰ
899 750 961 801 μὲν
992 749 1126 802 χρυσίῳ

99 815 348 867 καθυφασμένα
366 817 607 866 περικεῖσθαι,
628 813 672 850 τὰ
696 812 732 850 δὲ
751 811 811 850 καὶ
830 812 945 854 ἄλλως
964 826 1038 854 πως
1059 827 1124 848 πε-

99 875 288 923 ποικίλθαι,
307 875 364 912 τὸν
384 874 419 912 δὲ
437 874 588 927 Χριστὸν
610 879 776 925 περιορᾷν
792 872 936 924 γυμνὸν,
960 871 1020 910 καὶ
1037 870 1125 921 μηδὲ

97 937 160 981 τῆς
191 935 382 987 ἀναγκαίας
413 937 570 987 εἰπορεῖν
597 937 749 986 τροφῆς,
776 933 943 972 Μάλιστα
970 933 1037 984 γάρ
1066 949 1126 983 μοι

97 996 182 1047 πρὸς
197 995 258 1039 τὰς
271 1002 438 1048 γυναῖκας
453 989 550 1039 οὗτος
566 995 605 1032 ἂν
625 999 643 1034 ὁ
657 995 757 1047 λόγος
777 995 954 1048 ἁρμόσειε.
971 994 1125 1033 Πλείονα

97 1056 164 1110 γὰρ
183 1059 265 1108 παρ’
288 1059 408 1099 αὐταῖς
421 1057 514 1096 ἐστιν
535 1059 644 1108 εὑρεῖν
659 1056 722 1103 τὴν
743 1056 972 1110 φιλοκοσμίαν
988 1056 1048 1095 καὶ
1061 1056 1124 1104 τὴν

98 1117 264 1165 ἀσωτίαν,
287 1118 348 1156 καὶ
366 1118 406 1156 τὸ
429 1117 518 1169 μετὰ
538 1121 606 1156 τῶν
627 1118 824 1172 διαχρύσων
840 1118 987 1168 ἱματίων
1005 1117 1062 1156 καὶ
1082 1118 1126 1156 τὰ

96 1178 225 1231 χρυσία
247 1179 335 1218 αὐτὰ
353 1183 571 1232 περικεῖσθαι
598 1179 657 1218 ἐπί
675 1195 712 1218 τε
735 1182 798 1226 τῆς
817 1180 991 1232 κεφαλῆς,
1012 1179 1070 1217 ἐπί
1089 1195 1127 1218 τε

97 1244 156 1279 τοῦ
186 1241 364 1294 τραχήλου
395 1242 454 1279 καὶ
481 1245 540 1280 τοῦ
569 1242 692 1280 λοιποῦ
728 1241 911 1293 σώματος,
947 1240 1006 1279 καὶ
1037 1241 1127 1292 μέγα

1197 637 1275 665 sunt
1294 627 1410 678 digni,
1426 629 1487 679 qui
1507 630 1623 668 modis
1643 630 1810 668 omnibus
1829 630 1915 668 dant
1934 646 2092 683 operam,
2113 640 2150 669 ut

1196 687 1317 725 scricis
1340 697 1372 725 et
1397 703 1499 738 auro,
1523 690 1580 727 vel
1603 691 1707 728 aliter
1728 691 1832 743 pictis
1855 693 2014 730 vestibus
2035 693 2148 730 inter—

1196 748 1304 786 textis
1324 748 1533 799 induantur,
1556 760 1589 787 et
1612 760 1688 802 post
1709 766 1745 788 se
1766 767 1931 804 pompam
1953 754 2094 792 tralumt
2114 755 2148 792 in

1195 810 1272 847 foro
1301 825 1309 846 :
1336 810 1521 849 Christum
1551 821 1668 849 autem
1703 812 1905 864 despiciunt
1937 815 2086 861 nudum,
2117 825 2149 853 et

1195 884 1306 921 neque
1317 871 1438 909 cibum
1453 873 1688 910 necessarium
1704 873 1978 925 impetrantem?
1992 877 2152 914 Maxime

1194 940 1313 969 autem
1333 946 1447 970 sermo
1472 933 1538 971 iste
1559 933 1730 972 adversus
1752 935 1917 973 mulieres
1937 938 2149 988 congruerit.

1195 993 1370 1045 Majorcm
1392 994 1486 1032 enim
1503 995 1601 1047 apud
1622 1010 1679 1033 eas
1700 995 1902 1034 invenimus
1927 1007 2070 1035 ornatus
2089 1013 2149 1036 cu-

1195 1054 1383 1107 piditatem
1403 1064 1436 1093 et
1455 1055 1778 1109 intemperantiam,
1795 1071 1877 1095 cum
1891 1059 2024 1096 auratis
2044 1060 2151 1096 vesti-

1194 1116 1263 1154 bus
1282 1125 1315 1154 et
1334 1131 1421 1155 auro
1441 1117 1475 1156 in
1497 1118 1626 1170 capite,
1649 1117 1684 1155 in
1704 1118 1796 1157 collo
1816 1127 1849 1156 et
1868 1119 1904 1156 in
1924 1120 2006 1157 aliis
2022 1134 2148 1172 corpo·

1195 1177 1245 1215 ris
1263 1178 1427 1229 partibus
1445 1188 1630 1230 ornantur,
1653 1188 1687 1217 et
1707 1179 1741 1218 in
1757 1179 1814 1218 his
1828 1195 1969 1232 quoque
1987 1182 2151 1234 superbi-

1197 1247 1274 1276 unt.
1291 1240 1387 1287 Quot
1401 1254 1599 1293 pauperum
1614 1251 1754 1279 ventres
1771 1251 1931 1294 poterant
1947 1243 2030 1281 inde
2044 1244 2152 1296 pasci,

97 1308 232 1354 φρονεῖν
262 1302 319 1340 ἐπὶ
344 1302 488 1346 τούτοις.
515 1302 654 1350 Πόσων,
678 1302 755 1341 εἶπέ
774 1318 856 1353 μοι,
877 1303 1039 1349 πενήτων
1057 1318 1125 1354 γα-
1150 1310 1174 1341 Β
1198 1308 1231 1337 et
1254 1309 1341 1350 quot
1362 1314 1510 1353 corpora
1535 1302 1630 1340 nude
1655 1303 1837 1354 agentium
1860 1314 2021 1356 poterant
2043 1321 2087 1344 ex
2111 1307 2153 1347 iis

97 1363 222 1416 στέρας
236 1363 407 1409 ἠδύναντο
422 1363 767 1416 παραμυθήσασθαι,
787 1363 846 1402 καὶ
865 1364 958 1403 πόσα
979 1364 1128 1416 σώματα

96 1423 381 1475 γυμνητευόντων
403 1424 578 1463 σκεπάσαι
601 1424 645 1462 τὰ
664 1425 721 1463 ἐπὶ
740 1427 808 1462 τῶν
829 1425 928 1463 ὤτων
947 1425 1049 1477 μόνον
1067 1427 1129 1464 ἐκ-

96 1484 301 1537 κρεμάμενα
318 1485 432 1536 μάτην
447 1485 507 1524 καὶ
522 1488 612 1536 εἰκῆ,
628 1486 688 1524 καὶ
706 1487 759 1524 ἐπ’
776 1487 888 1524 οὐδενὶ
902 1487 1029 1540 κέρδει,
1049 1486 1129 1526 ἀλλ’

95 1545 117 1592 ἢ
137 1545 240 1596 μόνον
259 1546 316 1585 ε’πὶ
339 1546 453 1598 βλάὸῃ
472 1546 532 1585 καὶ
552 1547 646 1599 λύμῃ
667 1549 800 1600 ψυχῆς;
823 1547 892 1586 Διὰ
909 1552 1010 1587 τοῦτο
1033 1549 1093 1587 καὶ
1112 1552 1130 1587 ὂ

95 1610 158 1654 τῆς
171 1607 378 1659 οἰκουμένης
391 1607 600 1652 διδάσκαλος
616 1608 739 1657 εἰπὼν,
754 1608 925 1661 Ἔχοντες
942 1610 1130 1663 διατροφὰς

96 1668 155 1706 καὶ
169 1669 418 1720 σκεπάσματα,
431 1669 610 1721 μετήγαγε
623 1670 730 1708 πάλιν
745 1670 802 1708 ἐπὶ
818 1670 880 1715 τὰς
893 1678 1058 1721 γυναῖκας
1070 1672 1129 1710 τὸν

95 1729 208 1780 λόγον,
228 1729 288 1768 καὶ
308 1730 410 1783 φησὶ,
430 1730 491 1777 Μὴ
511 1732 548 1768 ἐν
565 1730 764 1783 πλέγμασιν
784 1731 806 1778 ἢ
834 1736 974 1786 χρυσῷ,
993 1732 1016 1779 ἢ
1037 1749 1129 1786 μαρ-

95 1790 256 1843 γαρίταις
273 1790 296 1836 ἢ
309 1793 493 1843 ἱματισμῷ
512 1793 695 1830 πολυτελεῖ
715 1800 858 1843 κοσμεῖν
875 1794 1013 1838 ἑαυτάς.
1030 1792 1128 1846 (Όρα

96 1855 171 1896 πῶς
187 1854 225 1890 οὐ
244 1853 406 1903 βούλεται
423 1852 556 1896 τούτοις
577 1857 797 1904 κοσμεῖσθαι,
818 1854 894 1893 οὐδὲ
910 1855 1040 1907 χρυσία
1059 1872 1126 1894 πε-

97 1917 280 1964 ρικεῖσθαι,
292 1913 368 1952 οὐδὲ
385 1914 604 1966 μαργαρίτας
615 1914 674 1952 καὶ
690 1914 814 1965 ἱμάτια
827 1917 1002 1963 πολυτελῆ
1014 1932 1022 1940 ·
1036 1917 1127 1956 ἀλλὰ

95 1975 154 2011 τὸν
179 1976 291 2022 ἀληθῆ
321 1975 451 2026 κόσμον
476 1976 534 2014 ἐπὶ
562 1975 625 2022 τὴν
645 1976 762 2029 ψυχὴν
787 1977 969 2030 μετάγειν,
991 1979 1049 2017 καὶ
1070 1978 1126 2016 διὰ
1148 1992 1172 2023 C

95 2038 159 2082 τῆς
176 2039 246 2075 τῶν
267 2039 406 2087 ἀγαθῶν
425 2036 534 2089 ἔργων
550 2036 709 2089 πράξεως
727 2038 767 2076 τὸ
787 2039 915 2083 κάλλος
934 2043 996 2086 τῆς
1010 2043 1125 2093 ψυχῆς

96 2097 310 2149 φαιδρύνειν,
334 2098 394 2136 καὶ
416 2097 465 2148 μὴ
483 2099 564 2150 περὶ
587 2103 698 2137 ταῦτα
717 2100 937 2151 ἐπτοημένην
960 2109 1124 2155 περιορᾷν

96 2158 230 2205 ἐκείνην
254 2162 432 2211 ῥυπῶσαν,
453 2160 659 2211 αὐχμῶσαν,
684 2160 788 2213 ῥάκια
806 2163 1124 2215 περιδεῶιημένην,

95 2219 190 2272 λιμῷ
217 2220 430 2271 τηκομένην,
457 2222 524 2259 ὑπὸ
554 2226 614 2259 τοῦ
647 2226 782 2273 κρυμοῦ
813 2224 1051 2276 πηγνυμένην.
1078 2225 1123 2264 ‘H

95 2280 164 2333 γὰρ
192 2282 326 2328 σπουδὴ
349 2282 435 2329 αὕτη
457 2282 516 2320 καὶ
535 2285 553 2320 ὁ
571 2283 653 2334 περὶ
671 2284 710 2322 τὸ
729 2286 834 2335 σῶμα
855 2287 1122 2338 καλλωπισμὸς,

95 2343 228 2391 ἐκείνης
253 2343 404 2382 δείκνυσι
423 2343 488 2389 τὴν
508 2345 704 2398 ἀμορφίαν,
723 2345 782 2384 καὶ
809 2349 830 2393 ἡ
860 2347 981 2386 τούτου
1009 2348 1122 2400 τρυφὴ

94 2405 229 2452 ἐκείνης
244 2405 302 2442 τὸν
320 2406 422 2456 λιμὸν
444 2405 590 2458 φανερὸν
606 2407 813 2456 καθίστησι,
834 2408 893 2446 καὶ
911 2412 932 2456 ἡ
958 2409 1037 2462 περὶ
1058 2409 1121 2457 τὴν

95 2468 228 2512 ἐσθῆτα
247 2467 455 2505 πολυτέλεια
479 2466 613 2514 ἐκείνης
635 2468 699 2514 τὴν
725 2469 926 2520 γυμνότητα
956 2471 1120 2523 ἐκφαίνει.

95 2527 186 2566 Οὐδὲ
205 2527 274 2580 γὰρ
294 2522 362 2566 οἶόν
384 2527 421 2565 τε’
445 2543 523 2565 τινα
541 2530 658 2581 ψυχῆς
677 2530 960 2581 ἐπιμελούμενον,
977 2533 1037 2571 καὶ
1058 2533 1121 2580 τὴν

95 2589 285 2641 εὖμορρίαν
313 2588 446 2634 ἐκείνης
471 2589 529 2627 καὶ
549 2589 588 2628 τὸ
607 2591 734 2635 κάλλος
753 2592 833 2643 περὶ
851 2594 981 2632 πολλοῦ
999 2594 1121 2633 ποιού-

95 2666 210 2700 μενον,
231 2650 317 2702 πρὸς
335 2650 392 2688 τον
407 2649 472 2694 ἔξω
490 2651 621 2701 κόσμον
643 2655 855 2700 ἐπτοῆσθαι·
873 2653 993 2707 ὥσπερ
1014 2656 1120 2695 πάλιν

95 2712 260 2751 ἀδύνατόν
287 2728 366 2750 τινα
393 2713 478 2763 πρὸ;
499 2712 563 2760 τὴν
586 2714 777 2766 φαντασίαν
793 2715 856 2763 τὴν
877 2715 998 2761 ἔξωθεν
1020 2720 1121 2771 ε’σχο-

92 2773 244 2818 λακότα,
269 2773 328 2811 καὶ
352 2776 414 2819 τῆς
435 2776 576 2820 ἐσθῆτος
605 2775 662 2813 τὸν
691 2778 961 2828 καλλωπισμὸν,
984 2780 1119 2819 καὶτὸν

94 2835 163 2873 ἀπὸ
177 2838 245 2872 τῶν
261 2834 413 2887 χρυσίων
430 2836 560 2886 κόσμον
571 2865 580 2882 ,
598 2836 731 2884 ἐκείνης
746 2841 928 2885 ἡντιναοῦν
946 2846 1120 2881 ποιεῖσθαι

93 2896 268 2948 φροντίδα.
303 2897 394 2934 Πότε
413 2897 482 2950 γὰρ
508 2897 664 2942 ἀνέξεται
694 2902 716 2945 ἧ
749 2900 890 2949 τοιαύτη
923 2903 1018 2955 ψυχὴ
1051 2908 1120 2943 τῶν

93 2957 238 2996 δεόντων
262 2974 296 2995 τι
313 2959 474 3006 συνιδεῖν,
495 2958 517 3004 ἢ
541 2961 586 3002 εἰς
607 2959 738 2997 ἔννοιαν
759 2966 1003 3013 πνευματικῶν
1029 2982 1120 3017 πρα-

92 3018 236 3069 γμάτων
258 3020 436 3066 εἰσελθεῖν,
462 3020 553 3064 ἅπαξ
582 3020 725 3072 περὶτὰ
749 3022 854 3073 γήϊνα
873 3024 999 3072 ἑαυτὴν
1025 3028 1119 3066 ἐκδε-

93 3081 238 3127 δωκυῖα,
263 3080 322 3118 καὶ
341 3081 469 3133 χαμαὶ,
489 3083 535 3125 ὡς
564 3083 686 3129 εἰπεῖν,
718 3084 910 3135 συρομένη,
939 3087 997 3124 καὶ
1025 3089 1118 3126 οὐδέ-

92 3156 176 3179 ποτε
197 3143 410 3180 ἀναπνεῦσαι
441 3142 634 3192 δυναμένη,
658 3143 749 3182 ἀλλὰ
780 3153 1032 3199 συγκεκυφυῖα,
1061 3151 1118 3188 καὶ

94 3202 228 3252 μυρίοις
258 3203 409 3256 φορτίοις
444 3205 712 3256 ἁμαρτημάτων
742 3206 866 3254 ἑαυτὴν
900 3209 1116 3262 βαρύνουσα,

93 3263 205 3300 ’Όσαι
228 3263 297 3315 γὰρ
317 3266 468 3304 ἐντεῦθεν
494 3268 529 3303 αἱ
556 3267 675 3313 ἀηδίαι
702 3266 901 3317 τίκτονται,
919 3273 956 3309 οὐ
976 3272 1117 3312 ’δυνατὸν

92 3327 395 3375 νῦνπαραστῆσαι
422 3329 471 3378 τῷ
499 3327 616 3378 λόγῳ·
637 3328 714 3364 ἀλλ’
745 3330 844 3381 ἀρκεῖ
869 3331 918 3382 τῷ
948 3335 1117 3373 συνειδότι

93 3386 299 3422 καταλιπεῖν
320 3388 388 3423 τῶν
408 3386 487 3438 περὶ
511 3391 620 3425 ταῦτα
647 3388 912 3440 ἐσχολακότων,
939 3392 1020 3438 ὅσας
1041 3397 1118 3434 καθ’

96 3445 244 3492 ἑκάστην
265 3445 400 3497 ἡμέραν
422 3450 574 3486 ἐντεῦθεν
604 3449 761 3501 δέχονται
787 3451 846 3495 τὰς
878 3455 1037 3504 ἀθυμίας.
1067 3455 1115 3495 Ἢ

1197 1360 1283 1399 solis
1302 1361 1455 1413 contegi,
1477 1377 1555 1413 quae
1576 1363 1622 1400 ab
1641 1363 1801 1415 ipsarum
1821 1365 1968 1403 auribus
1987 1366 2152 1418 pendent,

1198 1421 1334 1459 nullius
1349 1421 1496 1460 alterius
1511 1437 1597 1461 usus
1614 1424 1739 1475 gratia,
1757 1439 1864 1476 quam
1878 1425 1913 1463 in
1930 1426 2103 1466 damnum
2119 1440 2152 1468 et

1199 1493 1452 1523 nocumentum
1475 1485 1633 1523 animm?
1657 1486 1808 1539 Propter
1826 1486 1894 1525 lioc
1913 1487 2038 1527 doctor
2056 1491 2152 1530 orbis

1199 1559 1281 1583 cum
1296 1545 1448 1585 dixisset
1466 1563 1474 1584 ε
1493 1549 1692 1587 Habentes
1709 1551 1858 1586 victum
1878 1558 1914 1587 et
1931 1553 2116 1590 amictum
2138 1571 2149 1590 .-

1198 1607 1306 1645 vcrtit
1326 1622 1470 1647 rursum
1496 1609 1543 1648 ad
1561 1610 1726 1648 mulieres
1748 1624 1961 1660 sermonem,
1983 1622 2015 1650 et
2034 1612 2121 1652 dicit
2140 1632 2146 1652 :
2164 1614 2194 1645 8·

1231 1669 1289 1706 'on
1299 1672 1340 1707 in
1355 1673 1464 1708 tortis
1478 1674 1650 1710 crinibus
1664 1671 1732 1709 vel
1743 1673 1783 1708 in
1795 1685 1905 1720 aum,
1920 1674 1988 1711 vel
1998 1689 2150 1728 marga·
2170 1691 2196 1710 ι.
2220 1685 2248 1711 12
2258 1696 2297 1711 m.

1198 1732 1284 1768 ritis
1315 1731 1384 1768 vel
1411 1741 1520 1770 veste
1548 1741 1747 1775 sumtuosa
1774 1749 1912 1777 ornent
1944 1755 1997 1778 se.
2037 1737 2152 1777 Yides
2164 1734 2196 1762 9·

1197 1791 1378 1841 quomodo
1395 1806 1463 1830 non
1481 1794 1560 1832 vult
1579 1809 1636 1833 eas
1653 1798 1786 1837 talibus
1801 1801 1931 1849 ornari,
1943 1816 2054 1853 neque
2064 1817 2152 1840 auro

1196 1852 1427 1900 circumdari,
1453 1869 1566 1906 neque
1584 1860 1787 1910 margaritis
1807 1876 1920 1913 neque
1939 1873 2035 1901 veste
2055 1879 2150 1902 sum-

1196 1922 1298 1952 tuosa
1319 1930 1326 1951 :
1348 1915 1409 1953 sed
1424 1930 1549 1955 verum
1566 1929 1730 1958 ornatum
1746 1922 1781 1960 in
1799 1923 1954 1962 animam
1973 1925 2150 1973 inducere,

1195 1984 1228 2012 et
1237 1989 1300 2027 per
1313 1976 1488 2015 bonorum
1501 1993 1646 2031 operum
1658 1982 1830 2022 actionem
1844 1985 2151 2037 pulchritudinem

1194 2037 1321 2076 animae
1347 2038 1551 2090 illustrare3
1580 2051 1614 2080 et
1637 2056 1679 2081 ne
1701 2058 1739 2081 ea
1766 2059 1844 2096 quae
1877 2047 2025 2099 suspicit
2054 2049 2151 2094 talia,

1193 2107 1394 2137 contemnat
1425 2099 1523 2138 illam
1551 2102 1746 2152 sordidam,
1772 2106 1988 2157 squalidam,
2009 2123 2148 2160 panno—

1192 2172 1279 2208 sam,
1292 2160 1508 2206 famelicam,
1524 2163 1676 2214 geluque
1689 2165 1948 2217 rigescentem?
1965 2169 2041 2207 Hoc
2056 2170 2150 2208 enim

1192 2220 1352 2258 studium
1373 2221 1407 2259 in
1428 2223 1587 2261 ornando
1608 2238 1756 2278 corpore
1779 2227 1906 2265 animae
1926 2229 2059 2267 indicat
2081 2230 2149 2269 de-

1190 2281 1422 2333 formitatem,
1445 2292 1478 2321 et
1494 2283 1603 2336 hujus
1616 2285 1754 2325 deliciae
1771 2288 1872 2326 illam
1885 2290 1978 2328 fame
1991 2291 2152 2330 laborare

1191 2341 1285 2380 clare
1304 2342 1520 2394 significant,
1540 2354 1573 2383 et
1591 2346 1701 2399 hujus
1718 2349 1872 2388 vestium
1894 2361 2032 2390 sumtus
2052 2353 2150 2391 illius

1193 2403 1351 2442 declarat
1367 2405 1576 2444 nuditatem.
1593 2408 1688 2446 Fieri
1702 2410 1795 2448 enim
1808 2425 1875 2450 non
1894 2422 2022 2464 potest,
2040 2416 2148 2466 utqui

1193 2465 1321 2504 animae
1349 2481 1473 2504 curam
1499 2467 1640 2517 habeat,
1666 2470 1814 2522 ejusque
1842 2474 2148 2525 pulchritudinem

1194 2526 1341 2578 plurimi
1354 2528 1472 2578 faciat,
1487 2529 1518 2567 is
1533 2539 1678 2568 externo
1695 2533 1806 2570 cultui
1823 2533 1934 2572 inhiet
1951 2553 1958 2572 z
1978 2536 2068 2573 sicut
2081 2537 2148 2574 im-

1194 2589 1363 2641 possibile
1379 2599 1429 2627 est
1444 2599 1588 2629 externo
1603 2591 1656 2629 illi
1677 2594 1803 2641 cultui,
1816 2595 1967 2633 vestium
1982 2597 2147 2649 splendo-

1193 2650 1239 2699 ri,
1266 2665 1373 2688 aureo
1401 2652 1542 2688 ornatui
1575 2651 1738 2690 deditum
1768 2654 1865 2692 illius
1887 2669 1990 2706 agere
2012 2671 2145 2696 curam.

1195 2710 1350 2759 Quando
1378 2712 1471 2749 enim
1498 2721 1616 2764 posset
1640 2713 1756 2751 anima
1788 2715 1869 2753 talis
1893 2717 2032 2768 aliquid
2060 2721 2148 2758 utile

1193 2773 1439 2825 contemplari,
1473 2773 1529 2811 vel
1558 2774 1592 2811 in
1622 2774 1871 2825 cogitationem
1905 2778 2147 2830 spiritualium

1192 2835 1326 2878 venire,
1347 2849 1425 2885 quae
1446 2835 1553 2872 semel
1570 2836 1716 2874 terrenis
1734 2837 1781 2875 ita
1801 2838 1920 2877 dedita
1939 2841 2045 2893 cci-pit
2059 2856 2145 2881 esse-

1193 2905 1225 2933 et
1237 2895 1353 2943 humi,
1368 2905 1407 2933 ut
1422 2895 1467 2933 ita
1480 2895 1613 2942 dicam,
1628 2907 1780 2950 reptare,
1794 2913 1871 2949 qua:
1886 2914 2081 2952 numquam
2094 2918 2146 2941 ea-

1193 2966 1257 3009 put
1267 2957 1426 2995 attollere
1439 2966 1565 3010 potest,
1579 2958 1639 2996 sed
1652 2973 1762 3011 prona
1778 2960 1974 3000 innumeris
1989 2975 2146 3015 peccato-

1193 3032 1273 3055 rum
1287 3018 1434 3056 sarcinis
1446 3018 1598 3069 seipsam
1615 3020 1770 3070 gravat?
1786 3022 1876 3059 Nam
1891 3033 1977 3073 quot
1989 3024 2071 3062 inde
2086 3040 2145 3063 na-

1193 3087 1335 3115 scantur
1348 3079 1454 3123 mala,
1471 3093 1536 3115 uon
1555 3093 1697 3130 possum
1713 3094 1806 3119 nunc
1819 3096 1979 3121 sermone
1994 3087 2146 3138 eomple-

1193 3139 1318 3183 cti;sed
1334 3139 1418 3176 satis
1439 3148 1488 3176 est
1504 3148 1540 3176 ut
1555 3139 1753 3191 relinquam
1769 3144 1990 3183 conscientia·
2011 3161 2144 3191 eorum,

1192 3201 1250 3251 qui
1270 3200 1302 3237 in
1320 3200 1363 3237 iis
1378 3199 1539 3251 occupati
1556 3209 1650 3248 sunt,
1662 3213 1812 3252 quantas
1827 3204 1907 3243 inde
1919 3208 2146 3256 quotidianas

1192 3261 1368 3299 molestias
1378 3261 1620 3314 experiantur.
1638 3262 1779 3302 Etenim
1791 3267 1846 3304 vel
1863 3267 1999 3318 aliquid
2013 3269 2145 3308 decidit

1156 3353 1163 3358 ,
1191 3338 1297 3361 aureo
1329 3322 1388 3360 illo
1415 3323 1527 3368 cultu,
1554 3332 1587 3360 et
1615 3338 1741 3375 magna
1770 3335 1957 3379 tempestas
1978 3344 2144 3379 magnus-

1191 3404 1259 3441 que
1282 3389 1456 3427 tumultus
1479 3389 1640 3428 oboritur
1662 3391 1695 3428 in
1718 3401 1786 3430 tota
1807 3392 1939 3437 ιΙυιιιος
1961 3397 2012 3433 vet
2034 3398 2142 3434 faunu-

1191 3458 1244 3496 lus
1261 3458 1446 3508 surripuit,
1464 3467 1495 3496 et
1517 3473 1636 3497 omncs
1658 3460 1881 3511 flagellantur
1899 3472 1929 3500 et
1952 3465 2141 3502 xci-bemu-

2170 1581 2196 1601 t.
2214 1575 2293 1603 Tim.
2308 1576 2340 1604 6,
