2516 3791
347 179 437 225 560
754 197 791 226 s,

342 281 497 329 potalm,
527 292 721 331 usquequo
742 280 868 316 bibere
893 291 1022 315 omnes
1043 284 1188 314 cessent
1198 290 1215 323 ;
1244 275 1291 312 il-

345 341 425 377 lam
451 342 682 391 proeparasti
697 353 814 390 puero
838 347 902 376 tuo
924 339 1040 374 Isaac
1062 352 1073 372 .-
1100 344 1136 372 et
1157 337 1198 374 in
1220 336 1291 372 hoc

343 413 587 451 cognoscam,
613 399 716 450 quod
744 398 1044 435 misericordiam
1057 397 1206 449 feceris
1224 397 1291 433 do-

343 464 447 498 mino
468 474 549 497 meo
570 459 791 496 Abraham.
822 457 917 497 Vide
935 456 1029 495 servi
1047 456 1288 508 prudentiam.

342 522 433 557 Nam
453 519 534 569 quia
556 528 702 556 noverat
720 518 930 570 patriarchae
944 516 1244 569 hospitalitatem,
1258 527 1292 555 et

343 580 423 629 quia
447 579 624 630 virginem
650 579 732 616 iude
755 577 954 616 ducendam
977 592 1044 630 par
1062 587 1136 615 erat
1165 578 1293 616 iisdem
1314 597 1336 625 (3

341 653 413 677 esse
446 639 634 691 prceditam
663 638 824 677 moribus
838 669 848 689 ,
882 639 1014 689 quibus
1038 639 1157 691 justus
1194 639 1256 677 ille
1280 655 1286 675 ε

341 700 476 737 nullam
495 700 604 736 aliam
622 699 863 751 conjecturam
884 699 1036 750 inquirit
1049 729 1059 748 ,
1081 699 1145 737 sed
1166 700 1290 737 chara-

340 769 468 797 cterem
483 759 669 810 virginalis
687 759 797 797 animi
811 774 856 797 ex
872 759 1116 812 hospitalitate
1126 760 1292 812 colligere

342 820 434 867 vult,
466 829 499 857 et
520 819 637 870 inquit
660 835 667 855 :
699 820 739 857 Si
761 819 904 870 quando
926 834 991 871 ego
1018 834 1148 870 aquam
1176 821 1222 858 ab
1251 835 1289 858 ea

338 881 518 932 petivere,
539 889 572 918 et
589 880 735 918 inclinet
754 880 844 917 mihi
862 880 1034 933 hydriam
1054 896 1062 917 :
1086 889 1119 918 et
1135 895 1206 918 non
1229 895 1287 919 so-

337 941 411 978 lum
438 941 544 978 faciat
562 941 659 992 quod
678 941 863 993 petierim,
886 941 949 979 sed
973 941 1081 980 etiam
1099 941 1290 980 candorem

336 1016 375 1039 ae
401 1001 650 1040 liberalitatem
669 1004 796 1040 mentis
815 1016 887 1040 suae
906 1001 1078 1050 declaret,
1095 1001 1263 1053 dicatque
1279 1019 1285 1039 :

337 1061 456 1099 Etiam
485 1062 635 1099 camelos
672 1071 750 1099 tuos
775 1061 914 1112 aquaho
930 1092 939 1109 ‚
974 1075 1115 1099 morum
1142 1075 1289 1099 suorum

337 1123 645 1162 mansuetudinem
664 1122 748 1160 satis
767 1136 812 1160 ex
830 1136 929 1174 aquae
963 1122 1152 1175 largitione
1173 1132 1288 1161 osten—

336 1184 402 1221 dit.

387 1245 422 1282 4.
445 1243 709 1294 Animadverte,
729 1244 886 1294 obsecro,
905 1244 1096 1294 carissime,
1113 1253 1288 1296 quantum

334 1305 457 1353 fuerit,
478 1305 575 1356 quod
594 1306 697 1357 virgo
717 1314 835 1343 tenera
858 1314 1029 1356 aquatum
1048 1305 1205 1357 profecta
1217 1320 1285 1343 non

333 1367 449 1404 solum
468 1367 631 1404 annuerit
649 1367 724 1418 ejus
749 1366 933 1419 petitioni,
957 1376 990 1404 et
1018 1366 1222 1418 deposuerit
1241 1367 1287 1404 ab

332 1427 489 1465 humeris
516 1428 711 1479 hydriam,
744 1437 777 1465 et
796 1428 844 1466 ad
864 1428 1065 1465 societatem
1093 1428 1287 1479 praebuerit

331 1489 462 1539 petenti
486 1488 567 1526 viro
589 1488 774 1540 peregrino
795 1497 828 1526 et
846 1502 991 1540 prorsus
1013 1488 1133 1540 ignoto
1151 1504 1158 1525 ι
1181 1498 1287 1539 atque

331 1563 399 1585 non
422 1549 537 1586 solum
565 1549 619 1586 illi
639 1548 798 1598 dederit,
828 1549 889 1586 sed
920 1558 954 1586 et
986 1550 1138 1586 camelos
1165 1564 1284 1587 omnes

330 1608 513 1657 aquas-erit
527 1638 539 1658 ,
569 1617 602 1645 et
630 1622 695 1660 per
719 1623 757 1645 ea
777 1623 855 1659 quae
884 1609 1017 1646 fiebant
1035 1610 1285 1648 monstraverit
1306 1633 1330 1662 D

329 1668 455 1705 animae
473 1682 545 1706 suae
558 1668 826 1719 ingenuitatem.
838 1670 892 1705 An
909 1668 1050 1706 nescitis
1065 1669 1164 1718 quod
1179 1670 1284 1707 multi

328 1728 434 1765 etiam
454 1728 525 1765 viri
561 1728 738 1780 denegant
762 1743 853 1780 saepe
879 1729 1082 1780 petentibus
1108 1730 1218 1767 talia?
1238 1731 1284 1768 Et

329 1788 416 1838 quid
431 1788 511 1826 dico
527 1788 571 1826 de
588 1803 679 1839 aqua
695 1803 774 1839 quae
785 1789 965 1840 praebetur
975 1790 992 1826 9
1004 1790 1190 1828 Interdum
1201 1806 1283 1830 cum

328 1849 420 1886 faces
440 1858 576 1897 tenent,
594 1858 627 1887 et
641 1850 686 1887 ab
706 1849 956 1888 accedentibus
975 1860 1123 1889 orantur
1143 1861 1182 1889 ut
1192 1867 1282 1904 pau-

327 1909 436 1961 lisper
454 1919 677 1962 exspectent,
698 1925 769 1961 quo
789 1911 908 1948 lumen
928 1911 1143 1962 accendant,
1172 1913 1212 1950 id
1230 1914 1282 1951 fa-

327 1984 403 2007 cere
421 1980 589 2019 renuunt,
615 1970 751 2009 tametsi
771 1971 863 2009 nihil
883 1971 966 2009 inde
980 1972 1163 2010 minuatur
1174 1973 1280 2025 ignis,

328 2031 391 2067 etsi
410 2030 587 2069 innumeri
607 2032 678 2069 sint
699 2032 762 2082 qui
780 2032 971 2070 accendere
991 2034 1114 2071 velint.
1133 2034 1200 2072 Hic
1218 2050 1282 2073 au-

327 2100 397 2128 tem
416 2101 448 2128 et
464 2092 591 2129 mulier
610 2101 643 2130 et
664 2093 784 2144 puella
796 2122 806 2141 ,
825 2092 998 2145 hydriam
1014 2108 1157 2144 quoque
1174 2109 1281 2147 super

326 2151 494 2189 humeros
515 2152 627 2190 ferens
640 2182 650 2200 ,
680 2166 750 2189 non
770 2152 887 2190 solum
910 2167 980 2190 non
1000 2155 1178 2204 gravatim
1197 2155 1280 2193 tulit

329 2213 426 2262 quod
444 2213 489 2249 ab
505 2227 543 2250 ea
558 2221 733 2264 peteretur
754 2229 760 2248 :
787 2213 850 2250 sed
862 2222 895 2250 et
909 2214 990 2265 plus
1005 2229 1113 2264 quam
1126 2215 1279 2267 petitum

327 2283 401 2311 erat
420 2274 589 2312 concessit
609 2290 616 2310 :
640 2283 674 2311 et
700 2282 826 2326 potum
853 2274 970 2323 dedit,
990 2284 1030 2312 ut
1047 2276 1204 2326 petebat,
1225 2286 1278 2314 at·
1300 2294 1323 2323 E

328 2348 396 2384 que
410 2349 455 2372 ex
472 2335 586 2386 seipsa
605 2334 711 2372 etiam
730 2334 881 2372 camelos
898 2344 1020 2387 potare
1035 2335 1189 2374 festinat.
1207 2338 1278 2375 An-

326 2404 451 2432 nuerat
466 2395 560 2433 enim
573 2395 748 2445 benignus
765 2396 861 2432 Deus
875 2395 1086 2447 patriarehae
1099 2397 1277 2448 precibus,

326 2456 520 2507 angeloque
539 2470 604 2494 suo
633 2456 753 2503 misso,
774 2456 893 2494 omnia
916 2457 979 2494 illa
1003 2456 1180 2509 disposuit
1200 2459 1277 2497 fieri

325 2516 416 2553 sicut
437 2531 560 2554 servus
583 2516 768 2568 petiverat.
791 2517 881 2554 Dein
905 2526 1094 2569 postquam
1120 2518 1216 2557 vidit
1240 2535 1278 2557 re

326 2577 401 2628 ipsa
416 2591 536 2628 preces
553 2577 764 2629 patriarchae
778 2577 938 2615 efficaces
948 2607 958 2627 ,
980 2587 1014 2615 et
1030 2579 1184 2617 obtinuit
1203 2580 1276 2618 vir-

326 2638 443 2689 ginem
469 2652 576 2688 quam
595 2639 766 2690 optabat,
802 2638 971 2689 illiusque
990 2638 1161 2678 eximiam
1184 2642 1277 2680 vidit

328 2699 602 2751 hospitalitatem
621 2729 630 2745 ,
661 2699 747 2737 vide
783 2699 871 2750 quid
909 2699 950 2737 fit
972 2715 984 2750 5
1027 2700 1117 2738 dicit
1147 2702 1242 2739 enim
1267 2719 1273 2738 :

325 2761 388 2795 20.
419 2762 636 2797 Festinavit
656 2769 691 2797 et
712 2763 916 2798 evacuavit
934 2775 1078 2813 aquam
1097 2765 1138 2799 ia
1158 2776 1275 2801 cana-

326 2820 393 2865 les,
411 2829 590 2858 etcncurr
591 2823 619 2858 it
628 2822 682 2858 ad
690 2830 861 2872 puteum,
881 2829 922 2859 nt
935 2823 1107 2860 hauriret
1115 2838 1271 2875 aquam,

324 2889 358 2917 et
380 2884 540 2932 aqzcavit
553 2895 682 2919 omnes
703 2882 872 2919 camelos
892 2884 985 2934 ejus.
1005 2882 1103 2922 Vide
1119 2884 1275 2936 locuple-

323 2941 496 2978 tissimam
517 2942 822 2992 promtitudincm.
839 2943 906 2980 Per
922 2943 990 2981 hoc
1002 2943 1095 2982 enim
1105 2944 1199 2995 quod
1213 2945 1273 2994 ait,
1298 2961 1321 2988 Α

323 3003 509 3039 Festinai
504 3005 561 3048 it,
584 3011 619 3039 et
642 3006 844 3040 evacuavit
861 3004 918 3052 hy
920 3005 1065 3052 driam,
1086 3013 1122 3042 et
1140 3019 1273 3043 caem-

321 3066 369 3100 rie
390 3064 443 3100 ad
458 3072 634 3114 puteum,
660 3073 876 3101 monstratur
895 3066 1022 3117 pucllae
1044 3080 1183 3104 summa
1199 3067 1272 3105 ala-

320 3125 425 3161 critas
443 3140 450 3160 :
471 3125 553 3174 quia
570 3139 681 3174 neque
701 3135 738 3162 ut
757 3125 871 3163 aliena
887 3127 1039 3177 aufugit,
1056 3142 1168 3178 neque
1181 3142 1271 3179 prae-

320 3194 418 3222 textu
453 3185 674 3222 continentia:
716 3186 875 3236 petitioni
914 3187 1030 3224 renuit
1051 3203 1058 3224 :
1090 3187 1152 3225 sed
1188 3203 1269 3227 cum

319 3247 429 3283 multa
450 3245 720 3283 mansuetudine
737 3246 868 3296 inquit,
887 3247 948 3285 18.
970 3250 1080 3293 Bibe,
1098 3250 1264 3287 domine.

318 3308 458 3358 Cogita,
491 3307 635 3345 obsecro
650 3337 658 3349 ,
692 3316 821 3357 quanta
852 3308 959 3346 etiam
977 3324 1016 3347 ca
1035 3319 1136 3348 aetate
1158 3311 1266 3349 fuerit

315 3373 536 3412 continentiae
570 3373 776 3425 diligentia,
806 3383 839 3413 ct
871 3375 1049 3415 modestia:
1075 3377 1262 3417 eminentia

1286 2923 1332 2948 ἱιόῡ

829 196 1008 227 som-<ms
1044 194 1283 224 cuarsosr.
1325 194 1530 224 AacmEP.
1568 194 1918 224 CONSTANTffiOP.

1361 275 1561 326 γνώσομαι,
1579 274 1631 313 ὅτι
1646 275 1810 323 ἐποίησας
1826 276 1918 320 ἔλεος
1933 279 1982 328 τῷ
2000 276 2108 329 κυρίῳ
2129 293 2193 328 μου
2214 278 2386 330 Ἀδραοίμ

1363 336 1458 388 υΟρα
1484 352 1544 374 του
1563 336 1696 374 οἰκέτου
1715 335 1778 382 τὴν
1809 337 1953 376 σύνεσιν.
1970 337 2117 384 Ἐπειδὴ
2144 337 2212 391 γὰρ
2232 339 2308 390 ᾔδει
2327 356 2386 378 του

1361 397 1580 450 πατριάρχου
1605 397 1645 435 τὸ
1663 396 1848 449 φιλόξενον,
1867 398 1926 436 καὶ
1947 415 2000 436 οτι
2021 398 2082 445 τὴν
2106 399 2211 452 κόρην
2231 400 2295 446 τὴν
2317 403 2388 438 ἐκεῖ

1363 458 1554 509 μέλλουσαν
1590 460 1676 496 ἀπα
1654 458 1786 509 ’(εσθαι
1813 458 2006 510 ὁμότροπον
2026 463 2113 497 εἶναι
2140 460 2310 512 προσήκει
2337 477 2387 513 τῳ

1362 518 1504 571 δικαίιῃ)
1527 517 1621 556 οὖδεν
1649 518 1764 571 ἕτερον
1795 520 1983 571 τεκυ.ήριον
2017 521 2188 567 ἐπιζητεῖ,
2220 523 2296 559 ἀλλ’
2319 522 2388 560 ἀπὸ

1361 583 1423 626 τῆς
1451 578 1593 631 γνώμης
1619 578 1682 625 τὴν
1707 577 1899 630 φιλοξενίαν
1932 579 2192 632 χαρακτηρίσαι
2227 580 2387 631 βούλεται

1362 644 1424 687 τῆς
1438 640 1560 693 κόρης,
1572 639 1633 678 καί
1648 656 1750 692 φησιν
1765 655 1772 663 ·
1790 639 1848 677 ἐὰν
1867 642 1950 690 ἐμοῦ
1966 639 2170 685 αἰτήσαντος
2182 643 2265 693 παρ’
2283 643 2388 688 αὐτ-ῆς

1362 701 1400 739 τὸ
1420 701 1531 753 ὕδωρ,
1559 701 1719 753 ἐπικλίνῃ
1742 716 1800 751 μοι
1820 700 1882 747 τὴν
1910 700 2041 753 ὑδρίαν,
2061 701 2121 738 καὶ
2146 700 2194 751 μὴ
2219 700 2320 751 μόνον
2349 702 2389 740 τὸ

1363 761 1499 809 αἰτηθὲν
1524 762 1675 814 ποιήσῃ,
1693 760 1783 800 ἀλλὰ
1815 761 1874 799 καὶ
1897 760 1958 808 τὴν
1982 761 2161 812 δαψίλειαν
2177 764 2239 808 τῆς
2259 761 2388 805 οἰκείας

1361 822 1502 874 γνώμης
1519 822 1748 870 ἐπιδείξηται,
1770 822 1830 860 καὶ
1846 822 1924 874 εἴπῃ
1939 852 1948 869 ,
1969 822 2028 859 καὶ
2047 828 2121 865 ταῖς
2137 822 2309 872 καμήλοις
2327 839 2386 861 σου

1362 884 1632 936 ἐφυδρεύσομαι,
1655 887 1827 938 ἀρκοῦσαν
1861 883 2034 927 ἀπόδειξιν
2057 883 2213 936 παρέσχε
2246 883 2303 922 διὰ
2326 887 2387 930 τῆς

1360 950 1419 984 τοῦ
1437 946 1557 990 ὕδατος
1573 949 1731 997 παροχῆς
1754 948 1816 991 τ’ἦς
1835 949 1902 983 τῶν
1922 945 2060 998 τρόπων
2078 945 2277 989 ἐπιεικείας.

1413 1251 1600 1298 Ἐννόησον
1616 1251 1684 1304 γάρ
1707 1266 1785 1302 μοι,
1807 1250 1966 1302 ἂγαπητὲ
1979 1279 1988 1296 ,
2009 1249 2088 1289 ὅσον
2111 1243 2152 1296 ἦν
2173 1250 2279 1304 κόρην
2297 1250 2386 1289 ἁπα-

1358 1311 1421 1359 λὴν
1441 1312 1669 1364 ὑδρευομένην
1687 1314 1724 1350 οὐ
1751 1312 1852 1362 μόνον
1875 1311 1922 1362 μὴ
1941 1314 2126 1349 ἀνανεῦσαι
2144 1312 2230 1364 πρὸς
2245 1311 2307 1358 τὴν
2324 1311 2383 1350 αἴ-

1355 1389 1469 1420 τησιν,
1485 1372 1574 1410 ἀλλὰ
1596 1373 1655 1410 καὶ
1675 1376 1829 1410 καθεῖναι
1849 1372 1910 1418 τὴν
1939 1372 2058 1424 ὑδρίαν
2086 1373 2155 1410 ἀπὸ
2174 1376 2242 1410 τῶν
2264 1372 2383 1424 ὤμων,

1356 1434 1416 1472 καὶ
1444 1439 1638 1487 παρασχεῖν
1667 1436 1904 1486 ἐμφορηθῆναι
1923 1436 1972 1485 τῷ
2004 1435 2176 1481 αἰτοῦντι,
2196 1434 2255 1471 καὶ
2275 1438 2385 1472 ταῦτα

1357 1493 1440 1545 ξένῳ
1455 1494 1526 1531 ὄντι
1546 1493 1605 1531 καὶ
1628 1492 1815 1543 οὐδαμόθεν
1843 1492 2007 1543 γνωρίμῳ
2020 1507 2027 1514 ·
2052 1492 2111 1530 καὶ
2130 1495 2167 1530 οὐ
2191 1491 2292 1543 μόνον
2308 1493 2385 1532 τού-

1354 1570 1424 1605 τῳ,
1441 1553 1532 1592 ἀλλὰ
1561 1554 1620 1590 καὶ
1651 1559 1728 1597 ταῖς
1756 1553 1928 1603 καμήλοις
1947 1552 2099 1596 ἁπάσαις
2127 1552 2382 1604 ὑδρεύσασθαι,

1355 1615 1414 1652 καὶ
1431 1614 1538 1658 δεῖξαι
1564 1613 1620 1651 διὰ
1645 1616 1713 1651 τῶν
1742 1613 1931 1665 γινομένων
1948 1616 2010 1658 τῆς
2032 1616 2066 1651 ἐν
2089 1617 2131 1664 τῇ
2159 1615 2255 1665 ψυχῇ
2287 1616 2383 1665 εὖγε-

1355 1675 1448 1719 νείας
1466 1675 1511 1714 τὰ
1525 1675 1711 1727 τεκμήρια.
1730 1672 1780 1712 *H
1798 1677 1858 1712 οὐκ
1879 1674 1952 1712 ἴστε
1969 1673 2021 1711 ὅτι
2038 1674 2160 1712 πολλοὶ
2181 1674 2241 1712 καὶ
2263 1674 2384 1726 ἄνδρες

1354 1735 1447 1778 ὄντες
1482 1732 1684 1772 ἀνανεύουσι
1706 1732 1875 1776 πολλάκις
1907 1733 1993 1785 πρὸς
2019 1732 2081 1776 τὰς
2099 1732 2259 1776 τοιαύτας
2285 1733 2384 1779 αἰτή-

1353 1811 1443 1843 σεις,
1473 1794 1544 1833 Καὶ
1572 1793 1606 1831 τί
1636 1793 1727 1845 λέγω
1762 1794 1847 1846 πρὸς
1877 1792 2000 1837 ὕδατος
2030 1793 2215 1845 παροχήν;
2248 1793 2384 1832 Ἔνίοτε

1354 1857 1459 1908 δᾷδας
1487 1855 1712 1907 κατέχοντες,
1731 1854 1791 1892 καὶ
1819 1854 1886 1892 ὑπὸ
1914 1857 1983 1892 τῶν
2007 1853 2202 1905 παριόντων
2219 1870 2384 1907 παρακα-

1352 1917 1528 1968 λούμενοι,
1547 1915 1638 1954 ὥστε
1657 1921 1851 1992 παρασχεῖν
1873 1915 1986 1969 βραχὺ
2007 1918 2214 1966 ἀναμεῖναι,
2242 1914 2298 1952 ἵνα
2326 1915 2382 1953 λύ-

1353 1995 1434 2031 χνον
1465 1978 1657 2029 ἀνάψωσιν,
1685 1975 1760 2015 οὐδὲ
1788 1982 1887 2015 τουτο
1914 1992 2060 2022 ποιησαι
2090 1976 2296 2028 ἀνέχονται,
2323 1977 2383 2015 καὶ

1352 2043 1464 2078 ταυτα
1493 2055 1552 2077 του
1579 2054 1686 2091 πυρος
1715 2037 1876 2088 οὐδεμίαν
1911 2037 2100 2076 ελοίττωσιν
2133 2037 2383 2088 ὑπομένοντος,

1352 2119 1415 2141 καν
1440 2101 1555 2153 μυρίοι
1588 2103 1673 2138 ὠσιν
1707 2103 1738 2138 οι
1768 2099 1950 2151 μέλλοντες
1981 2099 2115 2137 ἅπτειν.
2144 2098 2318 2137 Ἔνταυθα
2345 2098 2382 2137 δὲ

1351 2163 1411 2201 καὶ
1440 2178 1523 2213 γυνη
1547 2177 1606 2199 και
1638 2159 1746 2213 κόρη,
1780 2175 1839 2197 και
1871 2159 1991 2210 ὑδρίαν
2016 2175 2074 2196 επι
2094 2161 2162 2196 τῶν
2195 2158 2301 2209 ὤμων
2322 2159 2381 2210 φέ-

1353 2239 1478 2276 ρουσα,
1507 2223 1545 2260 οὗ
1566 2221 1668 2271 μόνον
1699 2221 1762 2258 οὐκ
1791 2219 1997 2271 ἐδυσχέρανε
2030 2219 2114 2271 πρὸς
2145 2218 2208 2264 τὴν
2233 2218 2380 2265 αἴτησιν,

1351 2283 1440 2322 ἀλλὰ
1468 2282 1527 2320 καὶ
1558 2281 1840 2333 ε’πιδαψιλεύεται
1871 2283 1913 2331 τῇ
1940 2279 2096 2326 αἰτήσει,
2119 2279 2178 2317 καὶ
2205 2279 2245 2317 τὸ
2276 2281 2379 2318 ποτὸν

1350 2344 1518 2398 παρέχει,
1548 2342 1607 2380 καὶ
1640 2342 1674 2386 ἐξ
1703 2341 1830 2385 οἰκείας
1851 2340 1992 2391 γνώμης
2025 2340 2084 2378 καὶ
2106 2346 2181 2384 ταῖς
2209 2340 2381 2391 καμήλοις

1351 2403 1580 2456 ὑδρεύσασθαι
1610 2402 1799 2453 ἐπείγεται.
1832 2402 1876 2440 Ὁ
1910 2401 1978 2454 γὰρ
2015 2400 2256 2453 φιλάνθρωπος
2293 2401 2381 2445 Θεὸς

1351 2464 1529 2508 ἐπινεύσας
1547 2470 1622 2507 ταῖς
1639 2469 1697 2502 τοῦ
1712 2462 1930 2516 πατριάρχου
1951 2467 2163 2514 προσευχαῖς
2174 2491 2184 2508 ,
2203 2462 2260 2499 τὸν
2277 2461 2380 2513 ἄγγε-

1350 2530 1407 2565 λον
1431 2528 1533 2564 αὐτοῦ
1562 2524 1793 2578 προπέμψας,
1818 2523 1956 2561 ἅπαντα
1972 2525 2082 2560 ταῦτα
2103 2522 2308 2573 ᾠκονόμησε
2325 2538 2381 2574 γε-

1351 2588 1488 2635 νέσθαι,
1516 2586 1575 2624 καὶ
1604 2586 1762 2637 καθάπερ
1792 2584 1920 2635 ᾔτησεν
1940 2586 1957 2620 ὃ
1977 2588 2079 2641 παῖς,
2108 2582 2215 2626 οὕτως
2241 2583 2379 2621 ἅπαντα

1351 2651 1396 2693 εἰς
1428 2648 1524 2721 ἔργον
1555 2646 1705 2693 εξηλθεν.
1736 2639 1827 2684 Εἶτα
1856 2642 1975 2690 επειδὴ
2006 2637 2074 2681 εἶδε
2100 2643 2156 2681 διὰ
2178 2646 2245 2681 τῶν
2269 2643 2377 2696 ἔργων

1349 2725 1411 2755 την
1443 2708 1613 2760 ἐνέργειαν
1643 2723 1710 2745 των
1733 2722 1841 2758 ευχων
1871 2721 1930 2743 του
1956 2704 2197 2756 πατριάρχου
2219 2704 2279 2742 καὶ
2300 2704 2378 2743 ἐπέ-

1351 2786 1447 2821 τυχε,
1469 2769 1628 2821 καθάπερ
1646 2767 1772 2817 επεθύῑ]
1770 2783 1830 2814 ,ει
1857 2783 1919 2812 της
1941 2765 2064 2818 κόρης,
2085 2781 2146 2803 και
2165 2766 2251 2804 εἶδεν
2272 2768 2378 2813 αὖτης

1347 2846 1410 2876 την
1428 2829 1712 2881 ὑπεροαλλουσαν
1733 2826 1936 2879 φιλοξενίαν.
1955 2825 2133 2864 ''lic-‚reum
2163 2825 2252 2876 γὰρ,
2273 2825 2376 2877 φησὶ,

1349 2890 1407 2927 καὶ
1440 2889 1621 2933 ἐξεκένωσε
1651 2888 1713 2935 τὴν
1746 2887 1866 2939 ὑδρίαν
1901 2889 1947 2930 εἰς
1981 2886 2020 2924 τὸ
2050 2885 2286 2934 ποτιστήριον,
2317 2885 2375 2922 καὶ

1347 2951 1492 3003 ἔδραμεν
1519 2951 1576 2989 ἐπὶ
1597 2950 1636 2988 τὸ
1666 2948 1775 3002 φρέαρ
1798 2950 1986 2995 ἀντλῆσαι,
2007 2947 2065 2984 καί
2087 2945 2274 2998 ὑδρεύσατο
2301 2945 2375 2983 πά-

1348 3028 1422 3054 σαις
1439 3017 1514 3053 ταῖς
1533 3010 1718 3061 καμήλοις.
1740 3007 1837 3062 σΟρα
1858 3007 1920 3053 τὴν
1943 3006 2137 3060 προθυμίαν
2161 3006 2373 3056 ἐπιτεταμέ-

1345 3089 1419 3119 νην.
1450 3072 1502 3110 Τὸ
1530 3071 1597 3123 γὰρ
1625 3070 1818 3117 ”Eo-muas,
1840 3069 1900 3107 καὶ
1929 3067 2112 3112 ἐξεκένωσε
2140 3066 2201 3114 τὴν
2238 3066 2372 3119 ὑδρίαν,

1346 3134 1404 3171 καὶ
1426 3133 1572 3184 ἔδραμεν
1602 3132 1657 3170 ἐπὶ
1687 3133 1726 3170 τὸ
1758 3130 1884 3182 φρέαρ,
1908 3128 2057 3166 δείκνυσι
2086 3131 2147 3174 τῆς
2179 3127 2283 3179 κόρης
2310 3127 2372 3174 τὴν

1344 3194 1472 3246 ἄφατον
1501 3193 1717 3244 προθυμίαν·
1736 3192 1789 3230 ὅτι
1821 3191 1898 3229 οὔτε
1917 3193 1964 3234 ὡς
1991 3189 2067 3236 ξένη
2089 3189 2274 3240 ἀπέφυγεν,
2295 3187 2373 3226 οὔτε

1343 3256 1513 3309 προφάσει
1534 3258 1595 3300 τῆς
1621 3253 1841 3305 σωφροσύνης
1859 3251 2018 3290 ἀνένευσε
2037 3251 2121 3303 πρὸς
2138 3249 2199 3296 τὴν
2218 3249 2374 3296 αἴτησιν,

1344 3316 1432 3355 ἀλλὰ
1467 3315 1555 3366 μετὰ
1591 3317 1722 3361 πολλῆς
1764 3313 1950 3356 ἐπιεικείας
1998 3312 2103 3364 φησὶ,
2140 3310 2228 3358 Πίε,
2262 3310 2369 3362 κύριε.

1342 3376 1513 3424 Εννόησόν
1532 3393 1586 3427 μοι
1616 3379 1648 3416 ἐν
1666 3375 1786 3425 ἡλικίᾳ
1808 3374 1950 3425 τοιαύτῃ
1979 3372 2070 3419 πόση
2104 3371 2162 3410 καὶ
2185 3370 2367 3425 σωφροσύ-
