2516 3791
840 224 882 254 ΙΝ
918 224 1113 254 GENEfflM
1151 223 1298 253 sunm)
1337 224 1397 253 ΙΧ.

89 310 177 357 δῆλα
205 306 458 361 παραδραμὼν,
487 305 572 358 πρὸς
601 304 645 344 τὰ
676 304 790 352 ἄδηλα
822 304 968 355 ἔὸλεπε,
998 306 1042 344 τὰ
1076 308 1110 344 ἐν

81 370 185 423 Ιχερσὶ
215 370 334 422 ῥίψας,
364 367 522 420 ἕκεχήνει
544 366 629 420 πρὸς
655 366 700 406 τὰ
733 368 768 405 ἐν
796 366 934 415 ἐλπίσι,
968 367 1028 406 καὶ
1060 369 1110 405 αἶ-

85 431 196 478 σθητὰ
218 430 352 479 λαὸὼν,
377 430 462 482 πρὸς
481 428 526 468 τὰ
547 427 655 476 νοητὰ
674 427 894 477 ἀνετείνατο,
919 429 979 467 καὶ
997 431 1108 467 ταῦτα

85 493 151 545 πρὸ
174 495 236 539 τῆς
264 491 425 545 χάριτος,
445 492 514 543 πρὸ
540 494 601 529 τοῦ
620 489 750 541 νόμου,
775 490 921 544 πρὸτῆς
942 489 1011 528 ἀπὸ
1039 492 1108 528 τῶν

82 555 268 606 προφητῶν
288 550 525 595 διδασκαλίας.
553 549 660 589 “Οθεν
681 552 796 598 δῆλον,
816 553 863 595 ὡς
887 549 1007 590 οὐδένα
1025 549 1107 603 ἔσχε

82 613 298 667 καθηγητὴν,
315 615 392 653 ἀλλ’
413 613 559 665 ἤρκεσεν
579 613 674 665 αὐτῷ
692 616 714 660 ἡ
737 612 836 665 φύσις
854 611 933 657 τοὺς
950 615 1010 650 τοῦ
1030 627 1108 650 συν-

81 675 211 720 ειδότος
229 676 403 723 κινήσασα
420 673 629 727 λογισμοὺς,
649 673 708 712 καὶ
724 673 831 718 οὕτως
847 667 924 727 εῧρε
939 674 997 713 τὸν
1016 673 1108 713 Θεὸν

82 736 140 775 τὸν
159 740 218 776 τοῧ
246 736 374 781 παντὸς
400 735 628 789 δημιουργόν·
657 735 715 774 διὰ
741 738 845 773 τοῦτο
870 734 1010 789 Ἅὸραμ
1034 735 1108 774 ἐλέ-

82 813 180 849 γετο,
199 798 256 836 διὰ
279 802 380 838 τοῦτο
405 798 465 836 καὶ
486 799 517 836 οἱ
538 803 647 850 γονεῖς
677 798 772 849 αὐτῷ
797 796 837 835 τὸ
855 797 965 849 ὄνομα
985 797 1109 845 ἐπέθη-

80 875 146 898 καν
166 863 277 899 τοῦτο.
304 859 408 898 Ἀλλὰ
430 859 524 912 τάχα
543 858 627 903 ἴσως
650 857 742 897 εἴποι
767 875 820 903 τις
845 858 899 906 ἂν,
926 858 979 897 ὅτι
1006 863 1108 898 τοῦτο

81 921 215 971 ψεῦδος.
242 920 303 968 Μὴ
327 921 394 974 γὰρ
413 920 540 959 δίκαιοι
566 914 655 967 ἦσαν
675 922 706 958 οἱ
725 925 837 971 γονεῖς
853 925 912 960 τοῦ
930 920 1107 974 Ἀδραάμ;
1129 930 1152 960 Β

79 982 130 1033 μὴ
146 982 213 1036 γὰρ
229 982 405 1036 εὐάρεστοι
426 984 476 1035 τῷ
491 984 596 1035 Θεῷ;
622 981 671 1033 μὴ
690 981 757 1034 γὰρ
780 982 924 1034 ᾔδεισαν
952 982 996 1021 τὰ
1015 983 1107 1034 μέλ-

81 1045 186 1082 λοντα
201 1042 358 1092 ἔσεσθαι;
379 1043 427 1096 μὴ
443 1043 511 1096 γὰρ
530 1042 717 1096 προεώρων
737 1042 800 1091 τὴν
828 1044 1020 1097 ὑπόσχεσιν
1043 1044 1107 1092 τὴν
1129 1053 1134 1057 ’

79 1104 176 1157 παρὰ
208 1110 268 1144 τοῦ
300 1104 478 1144 Δεσπότου
517 1104 713 1156 μέλλουσαν
759 1105 996 1158 ῥηθήσεσθαι,
1031 1106 1109 1160 οὐχὶ

80 1167 217 1211 ἀσεὸεῖς
230 1162 318 1214 ἦσαν
330 1167 390 1206 καὶ
403 1166 666 1221 εἰδωλολάτραι,
684 1168 870 1222 βαρὸάρων
888 1168 1110 1223 βαρὸαρικώ-

79 1244 196 1276 τατοι,
211 1223 301 1268 Οἶδα
322 1228 421 1281 κάγὼ
433 1259 442 1277 ,
458 1228 518 1267 καὶ
539 1228 599 1267 διὰ
614 1233 715 1268 τοῦτο
736 1232 868 1268 ἐπαινῶ
883 1229 942 1268 τὸν
962 1229 1107 1278 δίκαιον,

77 1289 130 1328 ὅτι
150 1290 321 1335 τοιούτους
347 1291 437 1343 ἔχων
468 1290 640 1343 πατέρας,
660 1296 812 1336 τοιοῦτος
833 1292 935 1337 αὐτὸς
959 1291 1108 1345 ἐγένετο.

77 1351 148 1390 Καὶ
163 1352 202 1390 τὸ
217 1352 416 1404 θαυμαστὸν
436 1351 496 1390 καὶ
516 1352 709 1406 παράδοξον
735 1352 839 1391 τοῦτό
865 1355 970 1402 ἐστιν,
999 1353 1052 1392 ὅτι
1072 1353 1107 1399 ἐξ

77 1412 261 1464 ἀλλοτρίας
288 1412 384 1465 ῥίζης
404 1412 464 1451 καὶ
495 1412 617 1466 ἀγρίας
645 1413 774 1466 ἥμερος
803 1413 934 1466 ἠνέχθη
955 1414 1104 1467 καρπός.

76 1474 130 1512 Οὐ
145 1473 213 1527 γάρ
226 1476 299 1512 ἐστι
320 1472 515 1526 κατηγορία
542 1472 676 1512 παίδων
695 1476 728 1513 ἐν
751 1475 910 1529 εὐσεὸείᾳ
923 1474 1062 1521 ζώντων
1083 1478 1104 1523 ἡ

75 1538 144 1574 τῶν
162 1534 322 1589 πατέρων
337 1534 444 1574 κακία
455 1564 466 1584 ,
484 1536 561 1573 ἀλλ’
583 1537 612 1574 εἰ
627 1535 698 1588 χρή
713 1552 747 1574 τι
768 1538 968 1588 θαυμαστὸν
983 1539 1105 1587 εἰπεῖν,

75 1597 134 1635 καὶ
149 1596 322 1649 ἐγκώμιον
341 1598 486 1648 μᾶλλον,
505 1596 558 1636 ὅτι
576 1596 624 1648 μὴ
642 1597 739 1651 παρὰ
755 1598 934 1651 προγόνων
954 1598 1102 1651 δεξάμε-

74 1675 126 1698 νοι
140 1658 203 1706 τὴν
218 1658 407 1707 εὐσέὸειαν,
424 1657 512 1707 μηδὲ
531 1659 610 1702 τοὺς
628 1664 930 1713 χειραγωγοῦντας
947 1661 1102 1714 ἔχοντες,
1125 1675 1149 1706 c

76 1721 154 1758 ἀλλ’
179 1719 298 1772 ὥσπερ
320 1720 354 1757 ἐν
385 1718 507 1773 ἐρήμῳ
533 1719 592 1758 καὶ
619 1719 740 1773 ἀὸάτῳ
762 1720 954 1771 ὁδεύοντες,
977 1723 1106 1771 ἠδυνή-

76 1785 185 1830 θησαν
212 1782 269 1820 τὸν
290 1782 367 1821 ὁδὸν
385 1780 450 1829 τὴν
471 1783 517 1826 εἰς
540 1781 598 1819 τὸν
618 1782 761 1834 οὐρανὸν
779 1783 949 1836 φέρουσαν
980 1788 1104 1840 εὑρεῖν.

74 1845 128 1882 Οὐ
146 1843 258 1882 τοίνυν
279 1842 471 1896 κατηγορία
495 1843 606 1890 oio-5395
631 1843 768 1897 πατέρα
793 1844 886 1898 ἔχειν
902 1875 912 1893 ,
934 1847 1024 1886 ἀλλὰ
1044 1865 1104 1900 μι-

75 1909 215 1956 μεῖσθαι
234 1904 296 1953 τὴν
315 1905 476 1944 ἀσέὸειαν
495 1907 554 1942 τοῦ
572 1904 721 1958 πατρός·
743 1906 803 1944 καὶ
827 1906 988 1959 ἔγκλημα
1006 1909 1105 1961 μέγι-

74 1981 167 2011 στον,
192 1968 258 2019 οὐχ
285 1965 366 2004 ὅταν
396 1966 544 2019 φαύλους
572 1965 711 2018 ἔχωμεν
743 1974 874 2019 γονεῖς,
909 1971 986 2008 ἀλλ’
1019 1970 1104 2010 ὅταν

73 2029 185 2066 αὐτῶν
204 2028 253 2079 μὴ
278 2027 528 2079 ἐπιμελώμεθα
541 2056 550 2074 ,
577 2028 636 2066 καὶ
660 2027 704 2067 τὰ
722 2032 806 2083 παρ’
837 2032 969 2070 ἑαυτῶν
988 2032 1103 2071 πάντα

72 2089 287 2142 εἷο-φέρωμεν
317 2092 402 2143 πρὸς
432 2089 471 2127 τὸ
502 2092 564 2136 τῆς
595 2089 721 2134 κακίας
749 2089 871 2135 αὐτοὺς
900 2093 1102 2138 ἀπαλλάξαι

71 2150 213 2198 ταύτης.
238 2149 303 2194 ξΩς
317 2153 400 2189 ὃταν
415 2153 516 2202 ἡμεῖς
532 2150 594 2202 μὲν
618 2151 732 2190 πάντα
749 2152 1003 2205 ἐπιδειξώμεθα
1020 2156 1101 2210 περὶ

71 2211 133 2259 τὴν
149 2210 288 2250 ἐκείνων
306 2211 436 2264 ψυχὴν,
457 2214 581 2250 ἐκεῖνοι
608 2212 643 2251 δὲ
665 2212 724 2251 ἐπὶ
750 2215 812 2260 τ’ἧς
835 2215 948 2253 αὐτῶν
970 2215 1101 2267 μένωσι

70 2272 238 2326 πονηρίας
253 2304 263 2321 ,
288 2272 404 2320 πάσης
424 2271 591 2325 μέμψεως
619 2274 878 2327 ἀπηλλάγμεθα
894 2276 954 2314 καὶ
974 2277 1099 2322 αἰτίας.

70 2335 193 2372 Ταυτα
214 2333 248 2372 δὲ
271 2327 379 2381 εἷπον,
405 2333 462 2371 ἵνα
493 2333 542 2385 μὴ
569 2336 778 2388 αἰσχυνθῇς,
805 2336 962 2388 ἀγαπητ
951 2354 965 2376 ε
979 2368 989 2385 ,
1018 2339 1099 2377 ὅταν

2052 217 2143 261 Sus»

1184 305 1367 354 concessit,
1387 306 1647 359 praeteritisque
1667 308 1772 346 certis
1791 308 1836 346 ad
1856 309 1988 348 incerta
2006 324 2042 348 se
2061 326 2144 349 con-

1185 366 1305 416 vertit,
1325 367 1475 420 abjectis
1494 368 1538 406 iis
1557 383 1635 420 qua}
1655 369 1691 407 in
1712 370 1890 420 manibus,
1910 371 2083 424 aspiravit
2099 374 2144 411 :ul

1181 440 1221 465 ea
1241 442 1320 478 quoe
1346 443 1409 481 spe
1429 429 1665 482 concipiebat,
1687 439 1721 468 et
1740 431 1894 484 acceptis
1914 433 2146 471 sensibilibus

1181 487 1227 527 ad
1245 489 1447 542 spiritualia
1470 490 1629 541 tetendit,
1651 491 1760 542 idque
1778 501 1859 530 aute
1879 493 2046 544 gratiam,
2065 503 2146 532 ante

1180 550 1308 601 legem,
1328 561 1408 591 ante
1427 552 1686 605 prophetarum
1711 552 1922 592 doctrinam.
1948 555 2053 593 Unde
2072 570 2145 594 ma-

1178 612 1345 652 nifestum
1369 623 1434 665 est,
1464 628 1546 653 eum
1584 625 1799 668 praeceptore
1830 617 2004 666 caruisse,
2041 617 2146 669 cique

1178 674 1264 712 satis
1279 675 1388 713 suisse
1408 684 1572 714 naturam
1597 686 1801 715 moventem
1817 677 2048 728 cogitationes
2063 693 2144 717 con-

1177 735 1353 786 scientim,
1387 746 1426 776 ut
1458 737 1509 776 sic
1543 738 1718 778 inveniret
1751 739 1930 791 Opilicem
1957 740 2141 779 universi:

1177 806 1211 835 et
1235 806 1383 851 propter
1408 799 1476 838 boc
1501 799 1689 838 dicebatur
1720 800 1875 850 Abram,
1901 801 1998 853 quod
2018 816 2144 840 nomen

1176 858 1208 896 ei
1235 868 1398 911 parentes
1426 875 1466 899 ea
1494 860 1539 899 de
1569 876 1673 899 causa
1703 861 1924 901 indiderunt.
1957 863 2029 902 Sed
2057 864 2147 901 sorte

1176 921 1297 960 statim
1313 921 1449 962 dixerit
1469 922 1623 975 aliquis:
1640 923 1871 962 Mendacium
1900 925 1969 963 hoc
1994 935 2055 963 est.
2077 927 2145 964 Pa-

1176 992 1292 1022 rentes
1309 984 1463 1023 Abrahoe
1492 998 1579 1023 num
1598 986 1688 1038 justi
1714 986 1882 1024 fuerunt?
1899 1001 1985 1025 num
2001 987 2144 1040 placue-

1177 1053 1262 1082 runt
1283 1045 1384 1083 Deo?
1404 1060 1491 1084 num
1521 1046 1705 1086 sciverunt
1731 1048 1877 1086 suun-a?
1896 1063 1982 1087 num
2002 1048 2144 1101 pollici-

1177 1105 1348 1144 tationem
1364 1121 1384 1145 a
1399 1107 1554 1146 Domino
1570 1107 1726 1147 dandam
1744 1109 2013 1162 praeviderunt?
2026 1124 2142 1148 annon

1177 1165 1281 1220 impii
1301 1176 1401 1206 crant
1424 1177 1458 1207 et
1476 1168 1691 1217 idololatrae,
1709 1179 1742 1208 et
1756 1171 1947 1223 plusquam
1962 1171 2108 1209 barbari
2125 1172 2143 1209 3‘

1177 1227 1260 1266 Scio
1280 1237 1313 1267 et
1339 1242 1417 1281 ego,
1445 1243 1486 1268 ac
1514 1239 1701 1283 propterea
1733 1230 1842 1269 laudo
1866 1231 2020 1284 justum,
2047 1232 2144 1282 quod

1176 1289 1265 1328 tales
1294 1299 1458 1343 parentes
1481 1291 1633 1342 habens,
1659 1292 1739 1330 talis
1761 1291 1836 1345 ipsc
1858 1292 1970 1333 sactus
1991 1293 2049 1331 sit.
2081 1293 2144 1331 Et-

1177 1350 1272 1388 enim
1290 1351 1396 1389 valde
1416 1366 1539 1390 rarum
1560 1361 1594 1391 et
1620 1351 1834 1392 admirabile
1858 1363 1925 1405 est,
1945 1368 1991 1392 ex
2012 1356 2143 1406 agresti

1176 1410 1298 1450 radice
1316 1412 1462 1451 dulcem
1486 1413 1646 1452 fructum
1675 1414 1841 1467 produci.
1865 1418 1913 1454 At
1942 1429 2010 1454 non
2039 1431 2142 1455 accu-

1176 1472 1278 1511 sandi
1298 1483 1383 1512 sunt
1399 1474 1446 1513 ob
1464 1485 1656 1527 parentum
1668 1477 1844 1515 malitiam
1861 1477 1927 1515 filii
1945 1477 2004 1530 pie
2018 1478 2143 1517 viven-

1176 1542 1241 1584 tes,
1273 1534 1336 1574 sed
1362 1535 1393 1574 si
1420 1535 1509 1588 quid
1537 1536 1752 1576 admirabile
1781 1537 1977 1577 dicendum
2009 1548 2078 1589 est,
2103 1553 2143 1578 eo

1177 1596 1291 1648 magis
1308 1596 1503 1646 laudandi,
1525 1598 1624 1650 quod
1643 1613 1726 1637 eum
1755 1599 1923 1652 pietatem
1943 1614 1962 1637 a
1985 1601 2142 1652 parenti-

1176 1656 1245 1695 bus
1279 1672 1350 1696 non
1383 1659 1599 1711 acceperint,
1635 1674 1698 1698 nec
1728 1660 1919 1699 habuerint
1945 1662 2007 1712 qui
2034 1677 2142 1700 manu

1175 1717 1363 1770 ducerent,
1382 1721 1484 1771 quasi
1504 1720 1541 1759 in
1562 1735 1678 1760 eremo
1700 1730 1733 1760 et
1762 1722 1862 1761 invio
1889 1733 2026 1771 euntes,
2043 1724 2140 1763 viam

1172 1794 1250 1831 quae
1270 1780 1308 1819 in
1328 1782 1457 1819 caelum
1478 1782 1557 1832 sert,
1580 1782 1745 1822 invenire
1761 1784 1953 1836 potuerint.
1977 1786 2053 1823 Non
2075 1785 2142 1837 igi-

1172 1850 1231 1879 tur
1250 1842 1384 1881 crimen
1405 1853 1469 1894 est,
1489 1844 1621 1883 habere
1637 1854 1773 1898 patrem
1793 1846 1962 1899 impium,
1979 1846 2042 1885 sed
2059 1847 2140 1885 imi-

1171 1902 1239 1940 tari
1260 1903 1371 1957 patris
1388 1904 1609 1957 impietatem
1617 1922 1629 1958 3
1650 1916 1684 1945 et
1703 1907 1837 1946 crimen
1856 1917 1907 1946 cst
1923 1909 2139 1956 maximum,

1171 1978 1241 2003 non
1275 1965 1373 2016 quod
1406 1966 1605 2005 habeamus
1643 1967 1828 2021 improbos
1865 1979 2042 2021 parentes,
2078 1971 2141 2009 sed

1171 2025 1268 2077 quod
1299 2026 1447 2066 illorum
1478 2042 1548 2066 non
1579 2042 1730 2081 agamus
1761 2044 1902 2079 curam,
1931 2045 2044 2082 neque
2074 2046 2139 2084 pro

1171 2087 1270 2126 virili
1289 2097 1408 2127 nostra
1431 2089 1558 2128 demus
1577 2104 1738 2143 operam,
1757 2101 1797 2130 ut
1815 2092 1861 2130 ab
1878 2092 2061 2145 impietate
2075 2108 2138 2132 sua

1171 2161 1229 2186 eos
1266 2163 1444 2187 eruamus.
1483 2150 1609 2201 Itaque
1637 2150 1700 2188 ubi
1726 2165 1790 2190 nos
1817 2152 1963 2190 illorum
1993 2152 2136 2202 animae,

1171 2218 1347 2259 quantum
1376 2209 1414 2247 in
1440 2210 1544 2249 nobis
1563 2211 1674 2249 situm
1699 2221 1767 2261 est,
1791 2213 1996 2251 subsidium
2017 2214 2139 2252 tuleri—

1171 2284 1269 2320 mus,
1290 2270 1345 2308 illi
1365 2285 1450 2309 vero
1474 2271 1509 2309 in
1531 2286 1594 2311 sua
1611 2272 1840 2326 improbitate
1858 2276 2136 2328 perseverarint,

1169 2333 1215 2371 ab
1231 2333 1327 2371 omni
1350 2333 1499 2372 crimine
1517 2348 1558 2373 ac
1574 2335 1848 2388 reprehensione
1863 2351 1988 2375 sumus
2005 2336 2135 2375 immu-

72 2393 240 2446 ἀκούσῃς,
271 2395 325 2434 ὅτι
360 2394 498 2446 πατέρα
527 2396 638 2443 ἀσεὸῆ
666 2396 803 2449 ἔσχενὸ
821 2398 996 2451 Ἀδραάμ.
1029 2401 1101 2440 Καὶ
1123 2425 1148 2456 D
1170 2409 1245 2434 nes.
1283 2396 1366 2434 Haec
1400 2405 1521 2434 autem
1551 2396 1651 2446 dixi,
1671 2406 1710 2435 ut
1731 2411 1773 2435 ne
1793 2398 1965 2447 turberis,
1989 2398 2131 2450 dilecte,
2182 2422 2222 2448 13x
2242 2434 2278 2449 ,m
2286 2435 2310 2458 1,

69 2472 136 2527 γαρ
153 2459 170 2494 ὁ
188 2455 358 2506 Τιμοθεος
378 2455 486 2503 ἀσεὸη
515 2457 650 2510 πατέρα
680 2453 795 2511 εἶχεν·
816 2460 900 2504 Υἱὸς
917 2461 986 2514 γὰρ
1009 2462 1099 2502 Ἰου-
1170 2469 1252 2493 cum
1278 2454 1383 2494 audis
1414 2454 1627 2493 Abraham
1618 2455 1772 2508 impium
1790 2465 1929 2509 patrem
1948 2456 2128 2495 habuisse.
2150 2471 2206 2500 rat·
2202 2465 2279 2490 ··¹2==·
2299 2477 2324 2500 ι·
2332 2476 2337 2490 ι

71 2514 170 2558 δαίας
186 2531 348 2567 γυναικος
373 2519 428 2565 ἠν,
450 2517 553 2569 φησὶ,
582 2522 709 2566 πιστῆς
738 2521 889 2575 μητρὸς,
911 2539 1042 2575 πατρος
1063 2524 1100 2564 δὲ
1169 2517 1263 2555 Nam
1275 2525 1309 2555 et
1327 2515 1567 2554 Timotheus
1558 2516 1711 2568 impium
1730 2525 1867 2569 patrem
1883 2517 2032 2555 soititus
2045 2518 2162 2573 fuit:s
2194 2508 2278 2532 '¹¹¹'¹
2274 2518 2319 2542 '¹¹'

68 2574 255 2624 “Έλληνος.
287 2578 358 2616 Καὶ
381 2577 435 2617 ὅτι
461 2577 593 2629 ἔμεινεν
621 2582 655 2618 ἐν
681 2581 824 2620 ἀσεὸεία
850 2583 911 2622 καὶ
937 2587 975 2623 οὗ
1001 2601 1099 2636 με-ε-
1169 2580 1298 2618 Filius
1317 2578 1412 2617 enim
1426 2579 1575 2616 Judoeae
1595 2579 1769 2616 mulieris
1789 2579 2034 2631 erat,fidelis
2051 2595 2129 2618 ma·
2148 2547 2216 2616 sllff't.
2241 2590 2282 2616 ιι).
2309 2599 2336 2617 ι.

69 2637 216 2678 Εάλλετο
237 2641 254 2677 ὁ
274 2639 410 2694 πατηρ,
442 2640 544 2686 δῆλον
574 2642 726 2681 ἐκεῖθεν·
755 2646 905 2684 ἐπαινων
940 2647 1008 2700 γὰρ
1037 2664 1097 2688 του

67 2699 241 2749 Τιμοθέου
265 2699 327 2748 τὴν
354 2700 486 2749 πίστιν,
506 2701 596 2741 οὕτω
622 2704 725 2756 φησὶν
750 2707 768 2743 ὁ
798 2707 966 2753 Παῦλος·
991 2707 1096 2754 “Hm

69 2759 240 2812 ἓν(·)κησεν
260 2764 294 2800 ἐν
309 2765 352 2814 τῇ
371 2779 500 2816 μαμμῃ
521 2780 581 2803 σου
600 2764 732 2813 Λωιδι,
751 2767 811 2806 καὶ
825 2771 868 2821 τῇ
890 2786 998 2824 μητρι
1026 2774 1095 2811 Εὐ-

68 2819 167 2872 νίκῃ,
195 2838 237 2860 π;
231 2821 387 2873 ’πεισμαι
405 2825 440 2862 δὲ
461 2823 512 2862 ὅτι
540 2841 600 2864 και
621 2829 656 2865 ἐν
675 2827 741 2866 σοί.
764 2829 833 2867 Καὶ
864 2832 1015 2884 οὐδαμου
1034 2837 1094 2873 τοῦ

66 2897 195 2935 πατρος
212 2884 250 2921 τὸ
266 2884 386 2934 ὄνομα.
407 2885 475 2923 Δια
494 2885 545 2934 τί,
558 2885 675 2926 “’ἒΟτι
661 2905 694 2926 εν
715 2892 759 2941 τῇ
781 2893 963 2931 ἀσεὸεία”
945 2910 1093 2944 εμεινεν,

65 2944 128 2982 οὐκ
154 2947 194 2990 ἠν
224 2945 264 2982 οἷ
251 2944 315 2988 ζιος
343 2947 564 2999 ἀριθμεῖσθαι
597 2948 684 2999 μετὰ
710 2955 770 2989 τοῦ
798 2955 933 2998 παιδός.
961 2956 1031 2994 Και
1062 2960 1093 2995 οἱ

64 3004 252 3044 ἀπόστολοι
285 3005 320 3043 δὲ
359 3023 529 3061 πονηρους
559 3008 661 3062 ἔσχον
696 3013 868 3066 πατέρας,
901 3032 960 3054 και
993 3022 1093 3057 τοῦτο

646 3073 729 3109 Εἰ’
715 3073 783 3124 εγὼ
816 3077 851 3113 ἐν
879 3079 1091 3123 Βεελζεὸουλ

63 3126 223 3165 ἐκῧάλὶω
240 3128 283 3166 τὰ
303 3129 487 3180 δαιμόνια,
504 3133 534 3169 οἱ
547 3146 611 3169 υιοι
630 3135 726 3183 ὑμῶν
746 3137 779 3173 ἐν
796 3136 863 3175 τίνι
883 3139 1087 3188 ἐκὲαλοῧσις

64 3066 235 3113 ἓδίλωσεν
255 3070 273 3105 ὁ
297 3068 446 3121 Χριστὸς
483 3069 612 3108 εἰπιί·)ν

64 3187 132 3225 Διὰ
157 3193 256 3227 τοῦτο
282 3191 378 3228 αὐτοι
402 3191 540 3230 ἔσονται
568 3209 625 3245 κρ.
628 3210 683 3232 ται
709 3197 820 3246 ὑμυν.
845 3199 948 3238 ’ΛΜ
976 3219 1024 3253 im,
1053 3219 1090 3242 σε

64 3248 201 3299 θορυοε’
191 3265 251 3287 ιτι)
282 3254 340 3289 τοῧ
327 3267 406 3299 το,
437 3253 508 3325 gxr,3
510 3277 525 3292 ε
551 3269 657 3292 σκανο
644 3256 778 3300 αλιζέτ
781 3274 822 3294 ω.
855 3261 924 3298 Καὶ
951 3262 1018 3315 γαρ
1049 3265 1089 3302 ἐκ

41 3307 181 3346 “τούτου
207 3310 437 3362 μανθάνομεν,
467 3313 519 3350 ότι
545 3316 584 3352 οὐ
616 3315 774 3390 φύσεως,
804 3319 893 3357 ἀὶλὰ
923 3324 1089 3374 προαιρέ-

64 3383 102 3406 σ;
105 3385 150 3412 υς
165 3373 186 3416 ἡ
206 3370 311 3408 κακία
325 3387 383 3409 και
401 3377 422 3419 ἡ
445 3374 564 3425 αρετή.
587 3377 626 3413 li*
619 3393 627 3412 ι
644 3393 710 3429 γαρ
731 3378 862 3430 φύσεως
878 3398 933 3429 ην,
948 3400 1039 3422 πα]
1041 3402 1087 3428 υς

64 3429 103 3465 ἂν
131 3432 161 3468 οἱ
179 3433 322 3484 ‘ma-rhoffi
344 3435 512 3487 πονηροὺς
538 3437 587 3474 ἔτ-
576 3453 634 3475 εκο
637 3454 666 3487 ν,
689 3439 779 3477 καὶ
766 3443 796 3478 οἱ
816 3457 930 3493 ‘sp-mr
932 3444 1068 3484 οὶτοιτύ

1170 2644 1253 2689 tris,
1275 2643 1401 2694 patris
1422 2649 1552 2678 autem
1568 2641 1739 2692 gentilis.
1761 2640 1806 2678 Et
1822 2641 1921 2692 quod
1941 2650 2041 2694 pater
2054 2643 2131 2695 ejus

1167 2702 1336 2740 manserit
1365 2701 1401 2739 in
1430 2700 1614 2753 impietate
1641 2709 1674 2738 et
1699 2714 1769 2739 non
1799 2701 1905 2740 suerit
1924 2716 2130 2751 conversus,

1166 2764 1393 2802 manifestum
1414 2771 1465 2801 est
1485 2776 1530 2800 ex
1550 2762 1619 2800 hoc
1636 2778 1643 2798 :
1660 2762 1813 2801 laudans
1834 2763 1929 2801 enim
1947 2764 2129 2803 Timothei

1166 2825 1276 2864 fidem
1292 2825 1440 2872 Paulus,
1461 2823 1511 2861 sic
1531 2823 1638 2861 dicit:
1653 2825 1746 2875 Quoe
1765 2826 1959 2863 habitavit
1976 2829 2018 2879 {n
2037 2830 2128 2865 avia
2144 2834 2280 2862 2.1'a'm.¹
2302 2833 2332 2861 Γ..

1165 2896 1233 2925 tua
1246 2887 1377 2933 Loide,
1393 2894 1429 2924 et
1445 2894 1570 2923 matre
1592 2894 1660 2923 tua
1679 2887 1846 2933 Eunice,
1882 2887 2037 2940 confido
2057 2903 2127 2926 (ιιι-

1165 2957 1239 2986 tem
1259 2949 1365 3001 quod
1382 2956 1418 2985 et
1438 2949 1479 2984 in
1497 2955 1545 2984 te.
1572 2948 1758 2997 Nusquam
1783 2947 1843 2985 hic
1867 2949 1979 3000 patris
2001 2963 2127 2987 nomen

1163 3008 1308 3060 legitur.
1327 3007 1372 3046 Et
1384 3006 1518 3058 quare?
1535 3007 1629 3055 Quia
1644 3006 1679 3044 in
1696 3006 1876 3059 impietate
1888 3022 2126 3060 perseveram,

1163 3084 1230 3108 non
1252 3078 1325 3108 erat
1352 3069 1484 3121 (lignus
1503 3068 1566 3119 qui
1586 3082 1668 3106 cum
1690 3067 1767 3107 filio
1797 3080 2055 3109 numeraretur.
2080 3072 2125 3109 Et

1163 3131 1338 3183 apostolos
1359 3130 1470 3167 malos
1483 3128 1651 3167 habuisse
1672 3138 1788 3181 patres
1806 3129 2003 3169 declaravit
2018 3132 2125 3169 Chri—

1160 3201 1253 3240 stus,
1275 3206 1357 3229 rum
1388 3189 1561 3229 dixin&
1595 3203 1663 3242 ego
1696 3193 1739 3227 in
1771 3192 1982 3229 Beelzelml
2012 3195 2251 3244 ejicionmh,
2278 3216 2323 3235 12.

1161 3250 1470 3302 dwnzonia,jilii
1489 3253 1612 3288 vestri
1643 3252 1684 3287 in
1713 3264 1790 3304 quo
1821 3253 2002 3302 ejicient?
2018 3254 2119 3289 Pro-
2138 3256 2185 3284 ²7-

1157 3321 1243 3363 ptet·
1268 3313 1339 3349 hoc
1365 3314 1439 3363 ipsi
1471 3319 1582 3348 erunt
1602 3312 1754 3363 judices
1775 3315 1909 3349 vestri.
1933 3311 2002 3349 Sed
2025 3322 2056 3350 te
2078 3328 2120 3352 ne

1159 3379 1276 3417 turbet
1304 3378 1390 3426 hoc,
1415 3392 1528 3428 neque
1553 3377 1724 3416 offendat.
1754 3378 1843 3415 Nam
1863 3391 1907 3414 ex
1928 3377 1994 3416 hoe
2011 3378 2119 3417 disci-

1160 3461 1251 3490 mus,
1275 3460 1341 3484 non
1366 3454 1517 3494 natm-m,
1537 3444 1599 3483 scd
1622 3445 1814 3484 voluntatis
1842 3458 1916 3482 esse
1940 3445 2066 3484 vitium
2084 3458 2116 3484 et
