2516 3791
182 524 200 550 Α
209 533 226 551 n
241 524 308 562 plus

118 575 245 604 paupere
269 566 312 593 di-

119 617 165 635 ves
194 607 308 635 habeat.

186 3218 312 3249 Somnus

127 3274 133 3285 ⁷.
142 3273 186 3288 rin
197 3272 239 3288 ιιιΓ

126 3305 256 3341 pauperi.

323 171 412 218 862
766 189 803 219 s.
842 188 1028 219 JOANMS
1064 184 1306 217 CHRYSOST.

321 272 390 309 tior
417 272 462 309 sit
479 272 637 311 divitum
658 272 828 321 conditio,
849 270 1016 321 videlicet
1040 268 1215 322 pecuniis;
1241 267 1271 305 si

321 342 540 386 compertum
565 334 670 372 fuerit
698 348 818 371 omncs
851 332 1031 383 :equaliter
1056 330 1180 382 potiri,
1202 343 1271 367 non

321 409 391 432 una
412 410 462 443 re,
482 410 593 448 neque
622 405 693 433 tam
721 395 799 444 vili,
819 393 880 432 sed
911 392 1077 446 pluribus
1105 400 1138 428 et
1157 390 1271 428 multo

322 457 533 510 majoribus,
554 457 781 510 perspicuum
808 465 859 494 est
886 464 919 493 te
940 454 1022 492 inde
1043 453 1102 493 vel
1116 452 1272 491 invitum

325 518 403 570 cogi
426 519 492 556 Dei
518 516 750 571 providentiae
776 515 1002 569 adstipulari.
1029 517 1130 567 Age,
1161 513 1208 552 ad
1234 527 1273 551 ea
1297 526 1322 555 1)

325 579 456 630 quibus
477 588 595 616 nostra
611 577 686 616 vita
707 586 855 626 constat,
875 589 1036 615 sermone
1064 574 1275 629 progredia-

325 654 417 686 mur,
434 653 542 690 eaque
560 638 753 690 diligenter
780 637 1016 689 inquiramus,
1035 645 1069 674 et
1087 635 1274 674 videamus

322 715 364 738 an
382 701 416 738 in
440 700 512 738 illis
529 700 610 752 plus
629 714 784 753 paupere
805 699 906 738 dives
926 698 1067 736 habeat.
1090 698 1196 743 Puta,
1217 696 1273 734 dj-

320 775 381 799 x-es
393 761 500 799 habet
517 761 708 811 Thasium,
720 770 754 799 et
768 760 856 798 alios
869 759 1001 797 multos
1014 768 1089 797 arte
1101 758 1274 796 confectos

321 831 426 874 potus
442 831 474 860 et
486 822 533 860 ad
547 823 768 875 voluptatem
784 821 945 860 conditos
961 836 969 857 ε
985 829 1020 858 at
1040 821 1154 859 fontes
1165 833 1274 870 aqua-

322 898 404 921 rum
433 883 598 922 omnibus
622 892 705 922 sunt
736 882 930 936 propositi,
953 891 1025 920 tam
1057 880 1274 933 pauperibus

323 958 431 995 quam
446 943 634 983 divitibus.
649 943 773 982 Risisti
788 943 878 981 forte
889 942 1036 980 audiens
1049 941 1142 979 hanc
1157 954 1274 992 aequa-

322 1007 469 1044 litatem.
484 1006 579 1044 Audi
605 1006 716 1057 igitur
732 1014 863 1057 quanto
881 1003 1105 1058 praestantior
1123 1002 1168 1041 sit
1185 1015 1275 1054 quo-

321 1069 377 1106 vis
400 1067 484 1106 vino
507 1081 608 1119 aquae
641 1075 782 1117 natura,
810 1066 996 1118 magisque
1019 1064 1212 1103 necessaria
1243 1072 1276 1102 et

324 1129 446 1179 utilis,
473 1138 505 1168 et
543 1128 727 1167 revocabis
763 1137 861 1166 tuam
890 1126 1126 1176 sententiam,
1157 1139 1276 1165 veras--

325 1205 393 1242 que
434 1205 630 1243 pauperum
674 1189 822 1228 divitias
854 1187 1042 1239 intelliges.
1067 1188 1159 1225 Nam
1193 1186 1277 1225 vino

323 1252 469 1303 quidem
494 1253 647 1300 sublato,
673 1265 740 1290 non
765 1264 936 1302 magnum
961 1249 1068 1288 fuerit
1085 1247 1278 1286 detrimen·
1302 1265 1324 1294 E

323 1323 400 1351 tum
425 1323 662 1366 praeterquam
691 1312 845 1349 infirmis
871 1311 954 1349 solis
977 1327 984 1347 τ
1005 1310 1034 1349 si
1055 1309 1135 1361 quis
1158 1317 1277 1346 autem

324 1375 437 1413 sontes
456 1375 640 1413 sustulerit
667 1382 700 1412 et
719 1387 893 1424 aquarum
918 1372 1144 1420 elementum,
1162 1371 1275 1410 vitam

324 1450 464 1474 omnem
486 1445 643 1474 nostram
662 1434 888 1484 subverterit,
898 1442 932 1472 et
943 1447 1064 1472 omnes
1079 1432 1278 1486 perdiderit

323 1506 415 1536 artes
436 1514 443 1534 :
465 1512 506 1535 ac
523 1511 566 1535 ne
580 1496 734 1534 biduum
749 1496 894 1547 quidem
912 1495 1042 1533 durare
1061 1495 1272 1547 poterimus,

323 1558 383 1596 sed
403 1558 523 1596 statim
549 1571 669 1595 omnes
695 1556 889 1595 moriemur
906 1565 1020 1594 morte
1035 1555 1191 1607 quadam
1207 1555 1277 1593 mi-

323 1619 466 1658 serabili
486 1628 593 1669 atque
611 1617 830 1670 gratissima.

374 1682 411 1719 4.
441 1681 482 1718 In
497 1679 703 1718 necessariis
716 1679 834 1731 itaque
847 1679 954 1717 rebus
964 1678 1096 1729 quibus
1108 1677 1181 1717 vita
1196 1691 1277 1718 con-

324 1750 409 1789 stat,
440 1755 575 1794 pauper
598 1754 669 1779 non
701 1750 752 1778 est
779 1739 943 1788 inferior,
970 1739 1056 1789 imo,
1086 1739 1115 1776 si
1144 1738 1277 1776 mirum

323 1802 497 1853 quiddam
520 1801 712 1840 dicendum
731 1810 795 1850 est,
815 1809 958 1854 superat
986 1799 1093 1838 etiam
1114 1799 1274 1838 divitem.

323 1863 457 1901 Multos
483 1863 578 1901 enim
603 1862 734 1901 divites
758 1862 935 1901 cernimus
957 1870 1104 1915 propter
1130 1860 1277 1899 delicias

324 1924 614 1974 valetudinarios,
636 1933 676 1962 ut
701 1923 902 1976 plurimum
932 1937 1032 1974 aquae
1057 1931 1143 1975 potu
1169 1922 1278 1960 absti-

323 1999 404 2023 nere
420 2001 427 2022 ε
443 2000 580 2039 pauper
594 1995 713 2023 autem
731 1999 795 2038 per
810 1993 920 2023 totam
934 1984 1048 2023 vitam
1063 1983 1119 2021 his
1134 1983 1277 2022 fluentis

322 2045 432 2084 libere
459 2047 611 2093 fruitur,
645 2055 828 2097 tamquam
858 2045 906 2084 ad
938 2045 1055 2083 mellis
1086 2045 1211 2094 fontes,
1231 2044 1277 2082 ad

324 2121 497 2157 aquarum
513 2122 657 2146 currens
676 2123 733 2146 in
735 2108 830 2158 ulos,
854 2107 1027 2147 sinceram
1046 2106 1129 2145 inde
1148 2116 1182 2145 et
1204 2122 1276 2159 pu-

323 2181 400 2205 ram
424 2177 655 2221 percepturus
672 2168 905 2221 voluptatem.
925 2167 1026 2214 Quid
1047 2176 1166 2205 autem
1185 2167 1279 2219 ignis
1290 2150 1337 2216 725

324 2232 476 2270 natura.
498 2246 612 2271 nonne
632 2232 809 2270 thesauris
836 2232 1034 2270 innumeris
1061 2232 1195 2282 utilior,
1215 2233 1280 2270 hu-

323 2293 508 2344 manisque
538 2293 679 2332 divitiis
699 2293 889 2331 omnibus?
910 2292 958 2330 Et
979 2292 1038 2343 hic
1052 2306 1192 2343 quoque
1204 2293 1281 2332 the-

324 2367 450 2390 saurus
465 2366 510 2390 ex
525 2367 628 2403 aequo
648 2351 756 2390 diviti
776 2351 908 2403 pariter
927 2364 968 2388 ac
986 2350 1133 2402 pauperi
1150 2364 1279 2402 propo-

324 2412 411 2450 situs
438 2421 499 2450 cst.
519 2412 609 2458 Quae
628 2425 713 2449 vero
732 2410 890 2449 nascitur
905 2409 951 2447 ab
969 2423 1049 2447 aere
1072 2410 1281 2462 corporibus

325 2473 452 2512 nostris
474 2473 625 2523 utilitas,
641 2481 674 2511 et
687 2472 752 2510 lux
762 2470 902 2520 solaris,
914 2469 1091 2522 numquid
1105 2469 1280 2509 divitibus

325 2534 439 2585 magis
458 2548 566 2586 quam
590 2532 809 2587 pauperibus
837 2530 1042 2579 exhibetur,
1061 2539 1095 2568 et
1120 2544 1199 2568 eam
1226 2531 1280 2569 illi

329 2604 497 2646 quatuor,
515 2595 554 2632 hi
577 2594 720 2632 duobus
746 2601 885 2631 tantum
910 2591 1023 2630 oculis
1049 2590 1279 2631 vident?Sed

326 2667 436 2704 neque
450 2653 518 2691 hoc
534 2653 723 2705 quisquam
736 2651 854 2690 dicere
862 2659 1006 2703 potest:
1031 2650 1170 2701 utrique
1186 2651 1279 2689 enim

327 2711 403 2762 pari
432 2725 596 2750 mensura
619 2725 658 2750 ea
676 2712 938 2763 perfruuntur:
959 2709 1032 2748 imo
1052 2723 1136 2748 vero
1161 2719 1194 2748 et
1220 2710 1281 2749 hic

326 2786 522 2824 pauperum
540 2781 657 2825 partes
677 2781 759 2810 sunt
778 2771 945 2824 potiores,
966 2780 1098 2823 quanto
1111 2779 1144 2809 et
1157 2785 1281 2810 sensus
1309 2769 1312 2773 ’

326 2832 456 2870 habent
475 2833 681 2885 vegetiores,
703 2841 735 2870 et
758 2832 951 2883 acutiorem
973 2831 1132 2881 oculum,
1148 2841 1182 2870 et
1204 2831 1280 2871 vim

326 2893 541 2946 percipiendi
559 2894 849 2947 praestantiorem.
869 2894 1096 2947 Quapropter
1111 2901 1145 2932 et
1163 2892 1280 2932 verio-
1303 2915 1323 2943 p

326 2968 398 2992 rem
424 2954 595 2992 hauriunt
615 2955 848 3008 voluptatem,
867 2964 901 2993 et
926 2963 1168 2993 creaturarum
1197 2967 1280 2992 con-

326 3015 554 3068 templatione
570 3016 684 3067 magis
700 3016 931 3057 delectantur.
951 3016 1030 3054 Non
1049 3015 1083 3053 in
1107 3015 1191 3054 solis
1211 3029 1278 3053 au-

326 3086 395 3114 tem
415 3077 610 3125 elementis,
628 3076 690 3114 sed
713 3077 747 3115 in
765 3077 930 3115 omnibus
946 3076 1026 3114 aliis
1046 3086 1179 3115 naturae
1200 3090 1279 3114 mu-

327 3139 481 3187 neribus,
503 3138 653 3177 multam
671 3138 808 3177 videbis
821 3139 1070 3190 aeqiialitatcm,
1091 3139 1162 3177 imo
1182 3153 1274 3192 prm-

327 3202 524 3253 rogativam
538 3201 644 3239 etiam
665 3215 874 3254 pauperum.
891 3203 981 3240 Nam
1001 3215 1145 3240 somnus
1165 3201 1277 3239 omni-

326 3270 393 3307 bus
407 3268 543 3307 deliciis
560 3269 703 3308 suavior
718 3269 899 3320 magisque
920 3270 1145 3319 necessarius,
1163 3270 1276 3308 omni-

372 3379 386 3399 t,
412 3376 667 3409 &uberrimum
689 3384 753 3408 erat
776 3375 932 3407 Thasium
958 3378 1080 3409 tinum.
1102 3384 1135 3408 ut
1155 3376 1265 3408 videas
1283 3387 1324 3417 ap

1351 185 1554 214 ARCHIEP.
1597 186 1952 216 CONSTANTINOP-

1346 267 1488 314 εὔδηλον
1508 267 1561 305 ὅτι
1587 269 1646 306 καὶ
1666 268 1761 306 ἄκων
1783 272 1909 308 ἐκεῖθεν
1926 271 2237 322 συναναγκασθήσῃ
2262 274 2365 325 ψηφί-

1346 333 1475 367 σασθαι
1493 331 1536 380 τῇ
1556 333 1615 368 τοῦ
1632 331 1724 368 Θεοῦ
1750 330 1907 383 προνοίᾳ.
1928 334 2040 383 Δεῦρο
2059 327 2116 370 οὗν
2131 332 2189 370 ἐπὶ
2212 333 2257 371 τὰ
2284 349 2371 372 συν-

1345 390 1470 442 έχοντα
1486 389 1549 436 τὴν
1569 389 1660 438 ζωὴν
1678 393 1779 441 ἡμῶν
1799 391 1907 442 ἴωμεν
1925 395 1974 444 τῷ
1991 392 2101 445 λόγῳ,
2120 392 2178 431 καὶ
2196 394 2370 446 διερευνη-

1346 450 1488 501 σώμεθα
1504 450 1592 489 αὐτὰ
1607 451 1696 502 μετὰ
1718 452 1897 505 ἀκριὸείας
1909 481 1918 498 ,
1945 452 2005 491 καὶΙ
2033 453 2160 504 ἴδωμεν
2179 456 2209 492 εἴ
2228 456 2369 493 πλεονε-

1345 518 1420 550 κτεῖ
1453 512 1512 550 τὸν
1554 511 1687 559 πένητα
1718 516 1736 551 6
1763 513 1927 556 πλούσιος
1962 516 1997 552 ἐν
2029 513 2182 558 ἐκείνοις.
2219 509 2317 562 offois,
2350 519 2369 553 6

1344 572 1507 618 πλούσιος
1534 573 1607 625 ἔχει
1637 571 1655 594 b
1664 573 1813 620 Θάσιον,
1844 573 1904 612 καὶ
1923 574 2038 627 ἔτερα
2073 574 2188 613 πολλὰ
2226 580 2369 614 τοιαῦτα

1345 633 1489 686 πόματα
1517 635 1858 687 περαρμακευμένα,
1891 651 1972 674 και
1982 635 2070 686 μετὰ
2095 637 2228 683 πολλῖς
2259 652 2366 674 κατε-

1346 696 1565 747 σκευασμένα
1579 698 1641 742 τῆς
1656 695 1841 750 καρυκείας
1852 712 1859 719 ·
1877 697 1944 735 ἀλλ

1345 759 1443 808 κοινῇ
1471 764 1560 796 πᾶσι
1589 756 1816 810 πρόκεινται,
1841 773 1901 796 και
1924 757 2122 806 πλουσίοις,
2145 759 2205 797 καὶ
2229 759 2368 805 πένησι.

1946 698 2145 712 rrrrr

1345 818 1452 870 Τάχα
1468 818 1634 870 ἐγέλασας
1658 819 1791 858 ἀκούων
1809 819 1872 866 τὴν
1901 820 2046 867 ἰσότητα
2064 820 2208 867 ταύτην.
2229 823 2367 859 Οὐκοῦν

1346 879 1451 930 μάθε,
1471 880 1569 932 πόσῳ
1591 881 1796 955 τιμιώτερον
1822 882 1913 921 οἴνου
1940 882 2089 928 παντὸς,
2112 882 2236 926 υδατος
2253 882 2369 935 φύσις,

1345 941 1405 979 καὶ
1426 942 1694 1015 ἀναγκαιότερον
1714 958 1773 980 και
1791 942 2078 996 χρησιμώτερον·
2100 943 2160 981 καὶ
2178 943 2256 982 τότε
2279 961 2367 982 σαυ-

1344 1006 1406 1040 τοῦ
1432 1002 1662 1055 καταγνώσῃ,
1689 1018 1749 1041 και
1776 1003 1833 1041 τὸν
1866 1005 1979 1050 ἀληθη
2006 1007 2075 1042 τῶν
2107 1004 2266 1051 πενήτων
2291 1005 2367 1056 εἴσῃ

1345 1065 1504 1102 πλοῦτον.
1538 1063 1644 1103 Οἴνου
1673 1062 1735 1115 μεν
1750 1063 1819 1118 γὰρ
1843 1064 2078 1117 ἀναιρεθέντος
2093 1095 2103 1112 ,
2128 1066 2166 1103 οὖ
2183 1066 2295 1113 πολλή
2317 1082 2372 1110 τις

1346 1124 1385 1163 ἂν
1404 1125 1537 1177 γένοιτο
1557 1125 1670 1176 βλοίὲη
1695 1125 1780 1174 τινὶ,
1796 1125 1888 1174 πλὴν
1907 1131 1979 1170 τοῖς
1997 1126 2155 1165 ἀσθενέσι
2178 1126 2312 1178 μόνοις·
2329 1128 2370 1166 ἂν

1347 1186 1384 1225 δέ
1399 1203 1451 1230 τις
1469 1186 1576 1239 σὸέσῃ
1597 1187 1659 1230 τὰς
1681 1191 1744 1225 τοῦ
1768 1187 1891 1232 ὕδατος
1911 1187 2027 1240 πηγὰς
2054 1188 2112 1226 καὶ
2140 1188 2180 1226 τὸ
2198 1196 2370 1242 στοιχεῖον

1349 1248 1452 1301 ἀνέλῃ
1465 1279 1474 1296 ,
1493 1249 1550 1287 τὸν
1577 1248 1650 1300 βίον
1669 1250 1771 1300 ἡμῶν
1793 1249 1977 1302 ἀνέτρεψεν
2004 1250 2142 1288 ἅπαντα
2154 1281 2163 1298 ,
2180 1250 2240 1289 καὶ
2257 1251 2375 1295 πάσας

1345 1310 1408 1354 τὰς
1422 1310 1548 1362 τέχνας
1564 1310 1730 1362 ἠφάνισε·
1759 1311 1817 1349 καὶ
1845 1311 1922 1350 οὔτε
1945 1310 2005 1349 δύο
2032 1310 2249 1363 δυνησόμεθα
2270 1312 2374 1363 μόνον

1345 1372 1527 1425 ΓῙιοιρκέοηι
1544 1372 1691 1424 ἡμέρας,
1719 1374 1797 1411 ἀλλ’
1813 1372 1937 1416 εὐθέως
1959 1372 2224 1424 ἀποθανούμεθα
2244 1373 2373 1416 πάντες

1344 1434 1488 1472 θάνατον
1509 1433 1653 1472 ἐλεεινόν
1673 1449 1752 1472 τινα
1771 1434 1830 1471 καὶ
1846 1432 2109 1485 χαλεπώτατον.

1399 1676 1510 1715 νΩο-τε
1526 1679 1560 1715 ἐν
1583 1682 1653 1721 τοῖς
1672 1676 1959 1728 ἀναγκαιοτάτοις
1975 1677 2034 1715 καὶ
2051 1678 2253 1729 συνέχουσιν
2271 1669 2375 1729 ἦμῶν

1346 1737 1409 1784 τὴν
1424 1737 1514 1785 ζωὴν
1529 1741 1547 1777 ὃ
1562 1741 1669 1786 πένης
1688 1737 1784 1777 οὐδὲν
1799 1739 2059 1777 πλεονεκτεὶται
2073 1767 2082 1785 ,
2103 1740 2197 1787 ἀλλ’,
2218 1742 2247 1778 εἰ
2267 1741 2318 1778 δεῖ
2339 1756 2374 1778 τι

1347 1799 1407 1838 καὶ
1419 1799 1618 1851 θαυμαστὸν
1636 1803 1757 1849 εἰπεῖν,
1775 1799 1835 1838 καὶ
1850 1801 2050 1838 πλεονεκτεῖ
2058 1804 2118 1839 τοῦ
2132 1803 2368 1846 πλουτοῦντος.

1347 1861 1542 1905 Πλουσίους
1563 1860 1626 1912 μὲν
1652 1861 1721 1915 γὰρ
1739 1860 1889 1904 πολλούς
1910 1863 2004 1899 ἐστιν
2025 1862 2107 1900 ἰδεῖν
2134 1862 2203 1901 ὑπὸ
2230 1864 2294 1908 τῆς
2311 1867 2376 1902 τοῦ

1347 1922 1508 1974 σώματος
1525 1922 1721 1975 ἀρρωστίας
1746 1926 1809 1969 τῆς
1832 1921 1890 1960 διὰ
1910 1921 1975 1969 τὴν
1989 1922 2124 1974 Δτρυφὴν
2149 1924 2371 1975 ἐγγινομένης

1347 1986 1462 2028 αὐτοῖς
1477 1983 1521 2022 τὰ
1537 1983 1652 2022 πολλὰ
1668 1983 1875 2037 ὑδροποσίας
1896 1983 2134 2035 ἀπεχομένους
2146 2000 2154 2007 ·
2175 1987 2194 2022 6
2211 1985 2246 2023 δὲ
2264 1984 2370 2032 πένης

1348 2045 1405 2084 διὰ
1426 2049 1487 2083 τοῦ
1517 2045 1592 2097 βίου
1621 2045 1751 2089 παντὸς
1777 2046 1885 2088 ἀδεῶς
1914 2044 2083 2083 ἀπολαύει
2108 2049 2176 2084 τῶν
2204 2047 2373 2098 ναμάτων

1347 2106 1494 2154 τούτων,
1514 2109 1562 2151 ὡς
1589 2106 1646 2145 ἐπὶ
1671 2105 1787 2158 πηγὰς
1808 2105 1968 2157 μέλιτος,
2000 2105 2106 2150 οὕτως
2135 2107 2192 2145 ἐπὶ
2215 2107 2279 2152 τὰς
2304 2111 2375 2148 τῶν

1349 2168 1482 2207 ὑοάτων
1509 2168 1641 2221 τρέχων
1669 2167 1807 2219 πηγὰς,
1843 2167 1903 2206 καὶ
1932 2169 2099 2221 εἰλικρινῆ
2131 2168 2191 2206 καὶ
2217 2168 2374 2220 καθαρὰν

1350 2232 1478 2268 ἐκεῖθεν
1495 2229 1736 2282 καρπούμενος
1760 2229 1824 2275 τὴν
1851 2229 1991 2275 ἡδονήν.
2016 2228 2064 2267 Τί
2091 2228 2126 2266 δὲ
2145 2231 2167 2275 ἡ
2186 2233 2246 2268 τοῦ
2267 2229 2375 2281 πυρὸς

1351 2290 1465 2342 φύσις,
1484 2290 1561 2342 οὐχὶ
1575 2289 1709 2341 μυρίων
1728 2289 1984 2341 ἀναγκαιοτέρα
1997 2291 2180 2342 θησαυρῶν
2198 2290 2258 2328 καὶ
2272 2291 2377 2329 πλού-

1351 2367 1410 2390 του
1445 2351 1574 2394 παντὸς
1602 2350 1840 2402 ἀνθρωπίνου;
1870 2351 1940 2389 Καὶ
1971 2344 2069 2394 οὗτος
2099 2351 2206 2390 πάλιν
2236 2351 2270 2396 ἐξ
2294 2351 2374 2399 ἴσης

1349 2412 1504 2451 πλουσίω
1523 2411 1583 2450 καὶ
1597 2412 1720 2459 πένητι
1737 2411 1921 2464 πρόκειται
1938 2415 2000 2458 τῆς
2014 2412 2135 2464 χρείας
2154 2415 2172 2450 ὃ
2191 2414 2373 2466 θησαυρός.

1351 2473 1396 2512 ‘H
1419 2472 1454 2511 δε
1473 2472 1571 2525 παρὰ
1593 2488 1652 2510 του
1673 2472 1772 2524 ἀέρος
1791 2473 1954 2524 γινομένη
1981 2479 2052 2516 τοῖς
2080 2473 2239 2524 σώμασιν
2271 2477 2372 2525 ἡμῶν

1349 2536 1402 2587 ‘³³5‘
1406 2534 1459 2572 εἐλ
1465 2551 1511 2583 ια,
1528 2534 1587 2573 καὶ
1606 2551 1646 2572 το
1670 2550 1741 2586 φως
1759 2537 1822 2581 τῆς
1840 2535 1988 2582 ἀκτῖνος,
2011 2538 2079 2586 ἄρα
2103 2539 2174 2578 τοῖς
2192 2533 2254 2584 μὲν
2271 2534 2374 2573 εὐπό-

1351 2612 1419 2647 ροις
1436 2595 1561 2644 πλέον,
1580 2600 1652 2638 τοῖς
1670 2595 1706 2633 δὲ
1720 2595 1863 2641 πένησιν
1879 2595 2024 2633 ἔλαττον
2043 2595 2295 2647 παραγίνεται
2309 2596 2373 2632 κά·-

1349 2663 1454 2696 κεῖνοι
1476 2657 1538 2708 μὲν
1566 2656 1739 2708 τέτρασιν,
1771 2650 1864 2695 οὗτοι
1895 2655 1931 2694 δὲ
1959 2656 2019 2695 δύο
2049 2656 2151 2707 μόνον
2179 2658 2373 2708 καθορῶσιν

1350 2718 1432 2756 αὐτὸ
1450 2719 1658 2771 ὀφθαλμοῖς,
1677 2717 1768 2755 Ἀλλ’
1787 2716 1862 2756 οὐδὲ
1881 2720 1983 2755 τοῦτο
2003 2717 2041 2754 ἂν
2067 2717 2142 2769 ἔχοι
2164 2733 2215 2760 τις
2241 2719 2350 2755 εἰπεῖν
2364 2733 2372 2739 ·

1349 2780 1408 2817 καὶ
1429 2779 1496 2831 γὰρ
1517 2778 1575 2816 καὶ
1592 2778 1771 2822 πλουσίοις
1789 2778 1848 2816 καὶ
1868 2777 2013 2825 πένησιν
2038 2778 2110 2816 ἴσον
2135 2781 2198 2825 τῆς
2219 2777 2374 2816 ἀπολαύ-

1350 2856 1436 2884 σεως
1456 2839 1604 2891 ὥρισται
1635 2838 1774 2891 μέτρον,
1806 2841 1938 2890 μᾶλλον
1970 2839 2006 2878 δὲ
2028 2839 2087 2878 καὶΙ
2119 2841 2265 2878 ἐνταῦθα
2295 2839 2373 2883 τοὺς

1318 2930 1324 2941 ‚
1348 2901 1498 2948 πένητας
1511 2903 1580 2938 τῶν
1597 2900 1835 2939 πλουτούντων
1856 2903 2146 2944 πλεονεκτοῦντας
2169 2900 2235 2939 ἴδοι
2250 2917 2302 2945 τις
2318 2901 2372 2946 ἂν,

1348 2963 1418 3014 ὅσῳ
1439 2963 1496 3000 καὶ
1516 2961 1723 3014 τρανοτέρας
1752 2962 1813 3005 τὰς
1836 2962 2036 3009 αἰσθήσεις,
2064 2962 2122 3001 καὶ
2147 2961 2304 3015 ὀξύτερον
2333 2961 2373 3000 τὸ

1348 3024 1460 3075 ὄμμα,
1479 3023 1538 3061 καὶ
1559 3023 1810 3075 ἀκριὸεστέρας
1837 3023 1955 3076 ἔχουσι
1976 3024 2039 3067 τὰς
2058 3023 2258 3074 ἀντιλήψεις
2284 3023 2370 3062 ἆπᾶ-

1348 3101 1421 3128 σας.
1438 3084 1502 3122 Διὸ
1523 3084 1583 3122 καὶ
1597 3085 1832 3136 γνησιιι)τε’ραν
1846 3089 2060 3138 καρποῦνται
2078 3084 2143 3131 τὴν
2156 3085 2295 3132 ἡδονὴν,
2311 3083 2371 3122 καὶ

1350 3146 1481 3195 μᾶλλον
1499 3146 1691 3197 ἐντρυφῶσι
1707 3146 1766 3183 καὶ
1786 3145 1999 3184 ἀπολαύουσι
2018 3148 2060 3196 τῇ
2078 3144 2204 3198 θεωρίᾳ
2224 3147 2286 3190 τῆς
2301 3144 2371 3182 κτί-

1350 3222 1448 3250 σεως.
1465 3207 1542 3245 Οὐκ
1568 3207 1625 3244 ἐπὶ
1647 3208 1714 3243 τῶν
1739 3206 1920 3258 στοιχείων
1939 3205 1972 3245 δὲ
1994 3205 2096 3255 μόνον
2116 3206 2256 3251 τούτων,
2279 3204 2367 3242 ἀλλὰ

1348 3269 1405 3306 καὶ
1426 3268 1483 3306 ἐπὶ
1502 3270 1569 3305 τῶν
1586 3270 1700 3306 ἄλλων
1719 3271 1786 3305 τῶν
1806 3267 1901 3319 παρὰ
1921 3269 1982 3312 τῆς
2004 3267 2133 3319 affirm,-
2155 3266 2364 3318 εἰσενεχθέν-

1341 3374 1369 3405 :d
1389 3376 1508 3417 Aristol
1523 3373 1652 3412 inanem,
1673 3374 1835 3409 Plautum,
1855 3382 1882 3404 ot
1905 3373 1997 3406 alios.
