2516 3791
806 153 848 182 ΙΝ
886 150 1082 182 ΕΕΝΕΒῙΜ
1119 147 1266 179 SERMO
1306 147 1350 177 V.

56 247 160 295 αὐτὴν
193 243 356 284 κατιδεῖν.
383 239 434 280 Σὺ
465 238 528 292 μὲν
559 238 626 291 γὰρ
654 237 713 277 ἐπὶ
737 233 1069 291 παρεσκευασμένην

52 309 184 362 τρέχεις
198 304 383 359 τράπεζαν,
399 301 460 340 καὶ
479 300 557 340 οὐδὲ
574 300 696 354 μικρὸν
726 302 912 349 ἀναμεῖναι
941 295 1001 336 ἀνέ
1027 311 1050 346 ῃ
1062 307 1071 317 ·

52 373 70 409 ὃ
85 368 120 408 δὲ
139 367 245 412 πένης
259 365 384 411 ἕστηκε
402 362 509 417 μέχρι
522 366 585 409 τῆς
604 360 753 413 ἑσπέρας
769 362 875 406 αὐτῆς
887 389 896 407 ,
914 356 1072 396 σπεύδων

52 431 110 469 καὶ
129 427 348 480 ἐπειγόμενος
366 425 430 473 τὴν
447 424 618 478 ἐφήμερον
634 422 764 475 τροφὴν
783 419 992 474 ἀπαρτίσαι·
1012 415 1072 455 καὶ

50 495 138 545 ὁρῶν
156 489 220 537 τὴν
249 488 311 540 μὲν
339 487 474 542 ἡμέραν
493 488 735 539 πληρωθεῖσαν
749 514 758 531 ,
776 483 816 522 τὸ
843 481 879 521 δὲ
909 479 1072 534 ἀργύριον

50 551 184 592 οὐδέπω
204 548 387 602 πληρωθὲν
409 548 514 596 ἅπαν,
534 548 574 586 τὸ
587 547 672 599 πρὸς
689 546 820 599 τροφὴν
840 547 964 597 ἀρκοῦν
985 540 1072 594 ἐφή-

53 629 168 667 μερον,
198 613 361 651 ὁδυνᾶται
391 609 452 649 καὶ
479 609 716 662 ἐμπίπραται,
745 606 805 645 καὶ
838 605 977 657 μείζονα
1010 605 1073 649 τῆς

51 674 178 718 οἰκείας
198 673 376 724 δυνάμεως
393 674 527 723 τολμᾷν
553 669 797 722 ἀναγκάζεται.
818 666 886 705 Διὰ
915 668 1016 704 τοῦτο
1037 664 1071 701 ἐν

51 736 182 789 ἑσπέρᾳ
201 735 426 789 σφοδρότερον
448 737 533 784 ἡμῖν
563 731 793 777 ἐπιτίθενται,
812 727 995 780 ὀμνύντες,
1015 728 1073 777 ὁρ-

49 802 189 842 κοῦντες
201 829 211 846 ,
225 800 445 849 θρηνοῦντες,
460 794 710 848 ὀλοφυρόμενοι
720 820 729 837 ,
744 791 806 835 τὰς
823 797 945 844 χεῖρας
959 787 1070 829 ἐκτεί-

47 875 162 904 νοντες
174 890 183 902 ‚
215 858 322 911 μυρία
356 857 459 911 ἕτερα
500 859 742 908 ἀναισχυντεῖν
783 852 1071 905 ἀναγκαζόμενοι.

48 920 233 960 Δεδοίκασι
252 919 319 972 γὰρ
353 919 420 970 μὴ,
440 919 581 957 πάντων
610 916 728 955 οἴκαδε
749 914 1071 969 ἀναχωρησάντων,

47 986 94 1027 ὡς
112 985 147 1021 ἐν
163 981 302 1035 ἐρήμῳ,
328 984 372 1032 τῇ
401 979 502 1019 πόλει
515 981 715 1018 πλανᾶσθαι
733 978 902 1029 μέλλωσι.
924 975 994 1015 Καὶ
1014 991 1072 1012 κα·

47 1043 157 1096 θάπερ
189 1045 219 1082 οἱ
241 1041 395 1094 ναυαγίῳ
430 1039 677 1095 περιπεσόντες
709 1043 742 1079 ἐν
772 1038 890 1092 ἡμέρα
902 1069 911 1086 ,
931 1036 1071 1076 ἐπειδὰν

46 1104 282 1144 ἐπιλάθωνται
312 1103 470 1151 σανίδος,
498 1103 567 1156 πρὸ
595 1105 658 1148 τῆς
689 1100 838 1153 ἑσπέρας
863 1101 920 1138 τὸν
945 1098 1072 1150 λιμένα

45 1165 256 1205 καταλαὸεῖν
276 1165 494 1216 ἐπείγονται,
512 1164 648 1216 μήποτε
674 1166 737 1210 τῆς
755 1163 876 1206 νυκτὸς
908 1159 1072 1200 ἐπελθού-

46 1244 109 1275 σης
125 1227 189 1272 ἔξω
217 1227 394 1278 μείναντες
409 1225 657 1278 χαλεπωτέρου
674 1226 869 1277 πειραθῶσι
885 1228 944 1262 τοῦ
961 1238 1070 1261 ναυα-

45 1288 120 1340 γίου
133 1304 141 1312 ·
156 1287 246 1326 οὕτω
260 1288 319 1326 καὶ
334 1291 365 1326 οἱ
384 1287 529 1334 πένητες
541 1318 550 1335 ,
565 1286 724 1338 καθάπερ
738 1285 901 1337 ναυάγιον
917 1283 1071 1323 δεδοικό-

44 1366 100 1394 τες
124 1350 181 1388 τὸν
201 1349 315 1400 λιμὸν,
337 1348 523 1388 σπεύδουσι
542 1348 611 1406 πρὸ
636 1351 697 1394 τῆς
734 1346 883 1399 ἑσπέρας
912 1346 952 1384 τὸ
983 1346 1070 1399 πρὸς

44 1410 172 1464 τροφὴν
188 1412 302 1454 αὐτοῖς
321 1410 482 1463 ἀργύριον
510 1411 638 1462 ἀρκοῦν
665 1414 872 1459 συναγαγεῖν
891 1437 900 1454 ,
923 1406 980 1445 ἵνα
998 1406 1070 1458 μὴ,

44 1471 184 1510 πάντων
221 1470 526 1522 ἀποδημησάντων
564 1471 682 1509 οἴκαδε
696 1500 706 1518 ,
736 1468 802 1513 ἔξω
837 1473 898 1508 τοῦ
930 1467 1072 1520 λιμένος

45 1532 200 1583 μείνωσι.
216 1533 335 1584 Λιμὴν
354 1533 422 1586 γὰρ
439 1534 554 1577 αὐτοῖς
571 1535 606 1571 αἱ
620 1534 688 1570 τῶν
710 1530 1072 1582 ἀντιλαμὸανομένων

48 1594 162 1647 χεῖρές
177 1595 275 1632 εἰσιν.

106 1965 230 2017 Ἡμεῖς
251 1963 286 2003 δὲ
315 1963 394 2002 οὔτε
413 1966 448 2003 ἐν
467 1966 577 2016 ἀγορᾶΙ
596 1962 681 2017 πρὸς
700 1963 763 2007 τὰς
783 1962 922 2002 ἐκείνων
943 1965 1077 2012 ἐκκαμ-

54 2027 211 2078 πτόμεθα
222 2026 400 2078 συμφορὰς
414 2057 424 2074 ,
435 2025 513 2065 οὔτε
528 2025 646 2064 οἴκαδε
661 2025 869 2070 ἀπελθόντες
883 2040 891 2048 ·
911 2023 1002 2063 ἀλλὰ
1017 2023 1078 2063 καὶ

53 2091 115 2135 τῆς
129 2087 302 2140 τραπέζης
320 2091 403 2139 ἡμῖν
423 2087 703 2139 παρακειμένης,
724 2086 892 2130 πολλάκις
919 2086 980 2125 καὶ
1007 2102 1077 2136 μυ-

56 2150 136 2202 ρίων
158 2150 331 2201 γεμούσης
358 2152 496 2199 ἀγαθῶν
527 2148 616 2200 (εἴγε
649 2149 764 2201 ἀγαθὰ
796 2148 866 2202 χρὴ
899 2150 1032 2198 καλεῖν,
1056 2147 1079 2185 ἃ

53 2212 110 2250 ἐπὶ
132 2211 336 2265 κατακρίσει
363 2215 426 2257 τῆς
451 2213 552 2261 ἡμῶν
588 2211 841 2262 ἀπανθρωπίας
871 2210 1077 2261 ἐσθίομεν),

53 2273 144 2320 πλὴν
163 2273 254 2312 ἀλλὰ
273 2273 332 2311 καὶ
350 2275 412 2319 τῆς
430 2271 606 2326 τραπέζης
634 2272 916 2325 παρακειμένης,
937 2273 1077 2312 ἀκούον-

53 2350 110 2378 τες
129 2335 283 2373 κάτωθεν
307 2333 363 2372 διὰ
388 2337 458 2373 τῶν
484 2337 671 2373 στενωπῶν
697 2334 908 2386 βαδιζόντων
923 2335 1076 2383 ἐκείνων,

55 2395 114 2434 καὶ
135 2396 271 2447 μεγάλα
288 2395 448 2447 βοώντων
474 2399 507 2435 ἐν
533 2402 603 2440 τοῖς
631 2397 816 2449 ἀμφόδοις,
849 2397 1076 2449 ὀδυνωμένων

56 2459 90 2495 ἐν
113 2457 298 2510 βαθυτάτῳ
317 2457 450 2510 σκότῳ,
484 2459 518 2495 ἐν
543 2458 673 2511 ἐρημίᾳ
702 2461 831 2510 πολλῇ,
858 2460 935 2498 οὐδὲ
968 2459 1078 2503 οὕτως

55 2517 365 2568 ἐπικαμπτόμεθα·
386 2518 477 2557 ἀλλὰ
508 2519 568 2557 καὶ
594 2520 873 2569 ἐμπλησθέντες,
907 2520 967 2559 καὶ
992 2520 1078 2573 πρὸς

56 2578 161 2617 ὕπνον
182 2579 398 2630 βαδίζοντες,
424 2579 483 2619 καὶ
499 2583 532 2619 ἐν
547 2581 668 2634 ἐκείνῳ
693 2582 800 2620 πάλιν
818 2585 868 2635 τῷ
885 2585 996 2636 καιρῷ
1014 2599 1078 2635 με-

55 2641 147 2691 γάλα
166 2641 319 2679 κάτωθεν
348 2641 566 2694 ὀδυρομένων
596 2642 797 2691 ἀκούοντες,
827 2642 948 2696 ὥσπερ
980 2644 1080 2688 κυνὸς

55 2703 264 2749 λυττῶντος,
299 2703 374 2741 ἀλλ’
403 2705 467 2741 οὐκ
506 2705 725 2757 ἀνθρωπίνης
753 2705 933 2750 ἀκούοντες
962 2710 1079 2760 φωνῆς

57 2762 147 2800 οὕτω
166 2763 431 2816 παρατρέχομεν
444 2780 452 2789 ·
472 2765 531 2803 καὶ
550 2765 628 2804 οὔτε
660 2767 747 2820 πρὸς
765 2769 823 2807 τὸν
855 2769 977 2822 καιρὸν
1004 2772 1080 2808 ἐπι-

57 2823 275 2876 στρεφόμεθα
288 2855 298 2873 ,
319 2826 372 2864 ὅτι
394 2826 482 2879 ἀωρὶ
505 2828 626 2866 λοιπὸν
653 2831 722 2867 τῶν
742 2833 877 2869 νυκτῶν
893 2832 1077 2869 καθευδόν-

56 2902 124 2923 των
145 2886 306 2925 ἁπάντων
334 2890 461 2930 ἐκεῖνος
485 2888 644 2940 ὀδύρεται
664 2890 785 2941 μόνος,
813 2891 891 2930 οὔτε
925 2893 1011 2946 πρὸς
1042 2893 1082 2932 τὸ

57 2950 182 2999 κοῦφον
208 2950 270 2993 τῆς
299 2948 488 2996 αἰτήσεως,
505 2948 559 2987 ὅτι
587 2949 691 3002 ἄρτου
725 2953 830 2991 πλέον
859 2954 954 2994 οὐδὲν
987 2958 1082 3006 ἡμᾶς

57 3008 254 3055 ἀπαιτεῖ,ἢ
276 3008 438 3061 ἀργύριον
457 3009 584 3062 ὀλίγον,
602 3010 679 3049 οὔτε
691 3014 777 3064 πρὸς
799 3015 840 3053 τὸ
854 3015 996 3068 μέγεθος
1019 3020 1082 3063 τῆς

59 3076 254 3122 συμφορᾶς,
273 3069 326 3107 ὅτι
347 3072 442 3123 λιμῷ
462 3071 604 3110 παλαίει
623 3072 795 3123 διηνεκεῖ,
819 3075 897 3114 οὔτε
914 3078 1001 3129 πρὸς
1016 3077 1080 3125 τὴν

59 3129 245 3169 ἐπιείκειαν
287 3136 346 3170 τοῦ
387 3132 501 3171 ἱκέτου
514 3163 523 3180 ,
560 3133 613 3172 ὅτι
657 3134 808 3186 τοσαύτῃ
849 3138 1081 3190 κατεγόμενος

61 3190 195 3241 ἀνάγκῃ
209 3220 222 3238 ‚v
235 3193 273 3229 οὐ
294 3193 380 3244 πρὸς
394 3192 455 3238 τὰς
470 3194 572 3247 θύρας
588 3197 710 3243 ἐλθεῖν,
727 3199 787 3234 οὐκ
804 3197 904 3250 ἐγγὺς
922 3184 1082 3250 γενέσθαι

60 3252 194 3302 τολμᾷ,
214 3251 304 3290 ἀλλὰ
333 3254 487 3292 κάτωθεν
520 3257 558 3293 ἐκ
591 3258 720 3294 πολλοῦ
757 3262 817 3296 τοῦ
847 3259 1083 3312 διαστήματος

23 3332 26 3335 Δ
61 3318 211 3350 ποιεῖται
226 3313 287 3360 τὴν
307 3315 497 3367 ἱκετηρίαν.
519 3317 592 3355 Κᾶν
614 3317 677 3369 μὲν
705 3318 799 3370 λάὲῃ
813 3350 822 3367 ,
843 3321 969 3375 μυρίας
984 3322 1082 3360 δι’δω·

62 3386 97 3409 σι
133 3373 195 3416 τὰς
231 3375 353 3426 εὐχάς·
379 3377 419 3414 ἂν
453 3377 487 3415 δὲ
519 3378 566 3427 μὴ
598 3378 709 3430 λάθῃ,
741 3379 816 3418 οὐδὲ
846 3381 936 3420 οὕτω
956 3383 1080 3435 πικρὸν

1089 940 1136 965 669

2012 133 2102 195 775

1150 240 1190 269 ut
1216 230 1362 281 vulgato
1380 230 1492 268 fertur
1511 229 1716 283 proverbio,
1738 230 1837 269 Pleni
1862 238 2000 269 ventres
2024 246 2104 270 esu-

1100 296 1123 326 Ε
1150 291 1278 330 rientes
1297 305 1366 329 non
1385 300 1584 329 noverunt:
1602 299 1637 329 at
1654 291 1715 342 qui
1744 291 1906 329 esuriunt
1923 305 1969 328 ex
1988 306 2107 329 neces-

1150 352 1254 390 sitate
1275 366 1338 390 sua
1361 351 1468 390 etiam
1492 351 1645 391 alienam
1663 361 1878 405 agnoscunt;
1907 352 1965 390 vel
1991 353 2111 404 potius

1151 428 1194 452 ne
1224 413 1275 451 sic
1294 413 1443 465 quidem
1463 413 1540 452 fieri
1561 423 1690 467 potest,
1714 424 1755 453 ut
1782 414 1881 452 illam
1901 423 2011 452 totam
2032 428 2112 466 per—

1151 484 1308 527 spectam
1336 474 1500 512 habeant.
1523 477 1614 514 Nam
1634 485 1670 514 tu
1701 475 1852 527 quidem
1885 475 1932 513 ad
1953 485 2113 528 paratam

1152 549 1310 574 mensam
1340 535 1503 585 festinas,
1537 546 1569 574 et
1599 551 1642 575 ne
1674 537 1722 575 ad
1754 535 1938 575 modicum
1965 536 2112 587 quidem

1151 607 1291 649 tempus
1310 605 1408 648 potes
1424 607 1630 650 exspectare
1650 614 1656 635 ε
1684 612 1820 652 pauper
1838 606 1957 635 autem
1978 606 2046 635 stat
2065 597 2111 636 ad

1151 652 1267 706 ipsam
1295 671 1407 708 usque
1441 673 1623 712 vesperam
1658 660 1828 698 festinans
1848 669 1882 697 et
1905 659 2029 697 sedulo
2058 659 2112 697 in-

1150 717 1343 767 cumbens,
1380 729 1419 757 ut
1449 721 1702 771 quotidianum
1733 722 1872 761 victum
1901 730 2108 773 comparet:

1151 791 1302 831 cumque
1334 780 1432 819 diem
1465 783 1608 821 linitum
1636 783 1780 833 viderit,
1806 783 1992 836 pecuniam
2029 797 2113 822 vero

1150 842 1310 880 nondum
1331 852 1441 881 totam
1464 845 1664 896 collectam,
1689 860 1768 898 quae
1789 845 1836 884 ad
1859 844 2113 897 quotidianum

1146 902 1284 942 victum
1308 906 1476 956 sufficiat,
1497 907 1595 946 dolet
1614 918 1647 947 et
1675 908 1925 956 excandescit,
1947 917 1981 945 et
2006 907 2053 944 ad
2073 921 2112 945 ea

1100 978 1125 1007 Λ
1147 978 1226 1015 quae
1253 966 1348 1005 vires
1376 967 1489 1020 ipsius
1519 969 1698 1009 excedunt
1726 969 1891 1008 audenda
1926 969 2111 1021 compelli-

1145 1034 1217 1065 tur.
1236 1026 1321 1066 ldeo
1346 1029 1414 1067 sub
1436 1044 1621 1083 vesperam
1641 1031 1887 1070 vehementius
1915 1045 1977 1069 nos
2009 1030 2112 1068 iuva-

1145 1086 1236 1126 dunt
1261 1089 1436 1141 jurantes,
1462 1092 1684 1145 adjurantes,
1707 1094 1880 1146 lugentes,
1909 1093 2106 1145 plorantes,

1146 1163 1272 1188 manus
1308 1152 1490 1191 tendentes
1504 1184 1515 1204 ,
1552 1155 1623 1192 alia
1661 1155 1847 1193 innumera
1885 1151 2114 1204 impudenter

1144 1224 1249 1262 agere
1268 1214 1390 1251 coacti·
1409 1217 1591 1255 Verentur
1610 1217 1706 1255 enim
1728 1230 1785 1266 ne,
1803 1230 1886 1254 cum
1906 1228 2028 1253 omnes
2045 1214 2113 1252 do-

1147 1287 1247 1312 mum
1278 1277 1502 1328 recesserint,
1524 1278 1560 1315 in
1582 1278 1670 1316 urbe
1689 1287 1875 1329 tamquam
1908 1277 1943 1314 in
1973 1276 2113 1314 deserto

1146 1334 1218 1372 sint
1243 1337 1397 1374 erraturi
1416 1353 1424 1374 :
1442 1347 1475 1376 et
1495 1339 1588 1376 sicut
1615 1339 1677 1390 qui
1701 1338 1858 1377 interdiu
1883 1337 2114 1389 naufragium

1145 1394 1318 1445 fecerunt,
1335 1397 1459 1436 tabula
1478 1409 1633 1452 arrepta,
1650 1410 1731 1439 ante
1750 1414 1936 1453 vesperam
1962 1399 2009 1437 ad
2025 1412 2113 1451 por-

1145 1465 1225 1494 tum
1243 1458 1430 1510 pervenire
1447 1459 1630 1512 festinant,
1644 1476 1688 1500 ne
1706 1463 1796 1500 forte
1814 1476 1897 1500 cum
1909 1475 1983 1499 nox
2001 1459 2112 1499 adve-

1147 1528 1253 1568 nent,
1282 1520 1368 1558 soris
1390 1531 1571 1560 manentes
1603 1523 1750 1574 gravius
1784 1523 2012 1575 naufragium
2046 1535 2112 1574 pa-

1149 1579 1303 1619 tiantur:
1327 1582 1376 1620 ita
1403 1591 1437 1620 et
1463 1598 1638 1637 pauperes
1661 1584 1749 1623 dnm
1775 1585 1906 1623 famem
1926 1593 2112 1635 tamquam

1149 1642 1379 1694 naufragium
1397 1645 1670 1697 pertimescunt,
1696 1655 1776 1684 ante
1796 1659 1983 1697 vesperam
2004 1657 2113 1696 pecu-

1151 1703 1248 1742 niam
1271 1705 1317 1743 ad
1335 1705 1509 1745 diurnum
1525 1708 1664 1747 victum
1691 1708 1928 1747 sufficientem
1946 1707 2115 1758 colligere

1150 1765 1331 1819 festinant,
1367 1782 1412 1806 ne
1441 1783 1523 1807 eum
1550 1784 1671 1809 omnes
1697 1769 1850 1808 domum
1869 1768 2111 1818 discesserint,

1151 1837 1253 1866 extra
1271 1839 1417 1882 portum
1434 1841 1651 1870 remaneant.
1672 1833 1803 1870 Portus
1821 1831 1917 1870 enim
1937 1829 2012 1869 illis
2031 1838 2115 1867 sunt

1151 1904 1276 1929 eorum
1292 1905 1432 1942 manus,
1453 1893 1514 1944 qui
1533 1908 1638 1948 opem
1652 1895 1784 1932 serunt.

1205 1959 1245 1995 4.
1269 1960 1315 1996 At
1333 1973 1396 1997 nos
1415 1974 1529 2012 neque
1551 1961 1588 2000 in
1607 1961 1683 2000 foro
1703 1959 1969 1999 calamitatibus
1991 1972 2114 1998 eorum

1153 2032 1436 2072 commovemur,
1473 2036 1586 2074 neque
1612 2037 1694 2061 cum
1718 2022 1868 2061 domum
1893 2021 2024 2060 reversi
2056 2035 2115 2059 su-

1151 2095 1232 2118 mus
1253 2096 1261 2117 ε
1279 2081 1339 2119 sed
1367 2091 1402 2120 et
1429 2097 1511 2121 cum
1531 2098 1652 2122 mensa
1674 2084 1778 2123 nobis
1811 2083 1974 2137 apposita
1993 2082 2115 2129 fuerit,

1152 2156 1245 2195 saepe
1273 2142 1425 2182 infinitis
1453 2146 1557 2184 bonis
1574 2147 1702 2185 referta
1721 2145 1924 2198 (siquidem
1951 2159 1992 2182 ea
2024 2144 2116 2182 bona

1154 2203 1313 2243 vocanda
1332 2214 1414 2244 sunt
1436 2221 1514 2258 quae
1531 2207 1575 2245 ad
1596 2217 1724 2246 nostrae
1744 2206 2017 2246 inhumanitatis
2035 2220 2115 2244 con-

1151 2266 1415 2306 demnationem
1432 2269 1703 2321 comedimus),
1732 2279 1981 2309 verumtamen
2009 2269 2115 2307 etiam

1153 2343 1234 2367 cum
1252 2330 1416 2383 apposita
1432 2331 1540 2370 fuerit
1559 2346 1694 2383 mensa,
1717 2331 1806 2370 dum
1827 2345 1890 2384 per
1906 2331 2116 2384 angiportus

1151 2391 1301 2430 inferius
1323 2392 1404 2431 illos
1432 2393 1634 2433 incedentes
1654 2394 1842 2443 audimus,
1878 2393 1964 2431 etin
1995 2392 2116 2431 triviis

1152 2467 1282 2506 magna
1299 2468 1387 2493 voce
1406 2455 1810 2509 clamantes‚profundis
1829 2454 1989 2492 dolentes
2008 2453 2044 2491 in
2067 2463 2116 2491 te-

1153 2515 1284 2566 nebris,
1304 2516 1342 2555 in
1362 2517 1477 2555 multa
1499 2517 1705 2566 solitudine,
1720 2531 1764 2555 ne
1782 2517 1833 2555 sic
1850 2515 1996 2567 quidem
2015 2530 2113 2553 com—

1154 2592 1341 2617 movemur
1359 2594 1367 2614 :
1394 2578 1458 2616 sed
1475 2588 1509 2617 et
1539 2579 1651 2616 saturi
1677 2577 1765 2615 dum
1785 2577 1832 2615 ad
1851 2591 2015 2615 somnum
2051 2590 2114 2614 nos

1155 2640 1408 2689 convertimus,
1429 2649 1461 2678 et
1485 2640 1548 2678 illo
1570 2654 1694 2677 rursus
1717 2648 1877 2691 tempore
1899 2638 2022 2675 multis
2042 2637 2115 2675 cla-

1155 2701 1314 2740 moribus
1331 2701 1492 2739 dolorem
1512 2709 1678 2739 testantes
1697 2699 1879 2747 audimus,
1893 2699 1995 2751 quasi
2018 2699 2115 2737 rabi-

1153 2763 1241 2801 dum
1259 2776 1394 2811 canem,
1414 2776 1482 2800 non
1513 2762 1709 2800 humanam
1734 2775 1858 2800 vocem
1892 2760 2114 2804 audiremus,

1154 2825 1202 2863 ita
1222 2824 1445 2878 praeterimus
1466 2840 1473 2860 ε
1495 2833 1528 2862 et
1556 2838 1669 2876 neque
1695 2823 1911 2862 difficultate
1945 2823 2115 2876 temporis

1154 2901 1354 2935 movemur,
1376 2885 1473 2936 quod
1493 2886 1700 2939 intempesta
1723 2894 1825 2934 nocte
1851 2885 2114 2923 dormientibus

1153 2948 1322 2987 omnibus
1336 2948 1548 2984 lamentetur
1565 2946 1626 2985 ille
1649 2946 1759 2993 solus,
1780 2961 1893 2998 neque
1909 2946 2005 2998 quod
2027 2961 2111 2999 per—

1151 3011 1322 3062 exiguum
1347 3009 1438 3061 quid
1464 3009 1634 3062 postulet,
1668 3008 1765 3060 quod
1788 3009 1877 3047 nihil
1914 3009 2072 3062 amplius
2093 3024 2112 3046 a

1153 3072 1255 3111 nobis
1283 3085 1391 3122 quam
1419 3084 1561 3123 panem,
1583 3079 1645 3107 aut
1663 3071 1813 3123 paulum
1843 3071 1978 3122 argenti
2001 3079 2108 3123 petat,

1153 3147 1265 3185 neque
1294 3132 1542 3185 magnitudine
1575 3132 1801 3183 calamitatis,
1825 3132 1921 3184 quod
1941 3141 2109 3185 perpetuu

1153 3198 1245 3234 fame
1258 3195 1494 3243 conflictetur,
1519 3209 1631 3246 neque
1661 3194 1833 3233 modestia
1854 3193 2106 3247 supplicantis,

1153 3261 1211 3311 qui
1229 3272 1311 3297 cum
1323 3266 1417 3295 tanta
1438 3256 1642 3295 necessitate
1657 3266 1853 3310 prematur.
1869 3270 1935 3294 non
1957 3254 2003 3292 ad
2018 3255 2110 3291 sores

1153 3319 1317 3359 accedere
1345 3318 1486 3367 audeat,
1511 3332 1578 3356 non
1612 3319 1771 3357 cominus
1793 3327 1899 3366 stare,
1931 3315 1994 3353 sed
2017 3315 2106 3352 inse-

1154 3382 1228 3420 rius
1259 3381 1365 3431 longo
1402 3389 1557 3418 remotus
1591 3379 1777 3418 intervallo
1814 3376 2109 3429 supplicationem

2186 245 2309 273 Prover-

2124 287 2218 316 bium.
