2516 3791
907 218 964 248 DF.
1001 216 1122 247 ANNA
1159 214 1306 245 SERMO
1345 213 1390 243 ΙΙ.
2080 201 2169 260 327

123 324 185 353 σας
200 339 209 355 ,
227 307 287 346 καὶ
303 306 418 346 πάντα
444 305 656 358 ἀνθρώπινον
675 302 843 356 λογισμὸν
862 302 932 341 ἀπὸ
952 303 1015 347 τῆς
1030 302 1144 353 ψυχῆς

122 368 278 408 exem-'w
291 384 300 392 ·
317 367 476 421 καθάπερ
491 361 549 406 οὖν
563 367 621 406 καὶ
638 364 726 412 αὕτη
743 367 765 411 ἠ
785 363 872 416 γυνὴ
894 362 1037 409 ἐποίησε
1052 361 1143 400 τότε·

119 430 202 476 δ’λην
223 430 291 483 γὰρ
320 428 447 475 ἑαυτὴν
468 431 729 480 συναγαγοῦσα,
750 425 810 464 καὶ
849 424 1054 463 συντείνασα
1078 421 1143 469 τὴν

121 491 284 538 διάνοιαν,
312 491 431 530 ἐκάλει
461 491 519 528 τὸν
551 489 642 528 Θεὸν
672 490 748 539 μετ’
780 486 998 538 ὀδυνωμένης
1017 486 1143 537 ψυχῆς.

122 554 205 597 Πῶς
233 552 270 590 δέ
297 569 416 605 φησιν,
446 551 499 591 ὅτι
527 551 586 589 καὶ
615 550 784 597 ἐπλήθυνε
803 547 868 595 τὴν
885 547 1010 600 εὐχήν;
1031 546 1145 584 καίτοι

1221 297 1266 335 rit
1284 297 1319 335 in
1339 304 1526 349 conspectu
1544 295 1635 333 Dei?
1653 296 1742 333 Nam
1765 293 1800 331 in
1823 303 2010 346 conspectu
2030 295 2174 334 Domini

1221 367 1321 405 orat,
1339 358 1401 409 qni
1423 366 1499 395 orat
1521 355 1677 408 undique
1698 355 1868 407 colligens
1893 369 1994 393 suam
2012 365 2175 402 mentem,

1218 420 1310 458 nihil
1330 419 1464 457 habens
1480 432 1562 456 cum
1576 427 1668 456 terra
1684 416 1902 467 commercii,
1916 416 1976 455 sed
1995 417 2043 455 ad
2059 417 2176 469 ipsum

1219 481 1346 519 caelum
1372 489 1469 518 totns
1496 479 1747 530 commigrans,
1767 479 1863 516 omni
1887 478 2100 529 cogitatione
2113 478 2179 516 hn-

1221 556 1323 580 mana
1337 542 1383 580 ab
1400 541 1520 579 animo
1533 540 1702 593 depulsa:
1718 538 2020 591 quemadmodum
2038 539 2074 577 id
2092 549 2178 577 tcm—

121 630 161 665 γε
184 613 297 667 βραχὺ
323 613 362 651 τὸ
387 613 512 667 μέτρον
528 616 590 659 τ’ἦς
613 612 721 663 εὐχῆς
739 613 801 657 τῆς
816 608 988 662 γυναικός.
1008 609 1061 646 Οὐ
1079 607 1147 660 γὰρ
1161 631 1208 658 714
1222 602 1319 655 poris
1334 603 1410 641 ha‘c
1429 601 1510 640 serit
1528 601 1680 639 mulier:
1699 609 1809 638 totam
1830 600 1923 638 enim
1944 615 2018 639 sese
2032 600 2180 651 college-

122 674 276 728 μακροὺς
295 673 453 713 ἀπέτεινε
472 673 614 726 λόγους,
636 671 713 711 οὐδὲ
733 673 780 714 εἷς
799 674 911 721 μῆκος
924 669 988 716 τὴν
1005 674 1019 690 ¹¹
1034 671 1149 716 ἱκετη-
1174 670 1200 699 Α

124 736 200 787 ρίαν
225 735 400 783 ἐξέτεινεν,
436 737 514 774 ἀλλ’
550 734 651 786 ὀλίγα
683 733 742 771 καὶ
775 731 863 785 ψιλὰ
892 725 968 770 εἶπε
994 730 1149 784 ῥήματα.

130 798 315 836 ΑΛΩΝΑΙ
350 797 499 835 ΚΥΡΙΙΞ
534 794 650 833 ΕΑΩΙ
679 792 900 840 ΣΑΒΑΩΘ,
925 791 985 830 ἐὰν
1014 790 1152 830 ἐπιὸλέ-

124 874 199 896 πων
226 857 416 909 ἐπιὸλέψῃς
442 856 499 894 ἐπὶ
518 854 581 901 τὴν
598 853 806 892 ταπείνωσιν
826 856 888 900 τῆς
919 852 1041 900 δούλης
1065 868 1126 891 σου
1141 882 1150 900 ,

123 918 184 957 καὶ
204 921 360 970 μνησθῇς
387 934 453 968 μου
471 947 481 964 ,
504 916 553 968 μὴ
573 916 741 967 ἐπιλάθῃς
769 917 832 961 τῆς
850 913 974 963 δούλης
991 930 1051 953 σου
1066 945 1075 963 ,
1093 914 1153 952 καὶ

123 982 191 1034 δῷς
203 983 246 1030 τῇ
265 979 369 1031 δούλῃ
387 995 448 1017 σου
467 977 608 1030 σπέρμα
628 977 767 1029 ἀνδρὸς,
785 975 887 1016 δώσω
907 976 992 1015 αὐτὸ
1007 975 1152 1015 ἐνώπιόν

123 1055 184 1079 σου
205 1040 301 1079 δοτὸν
319 1041 384 1085 ἕως
415 1039 549 1092 ἡμέρας
576 1037 723 1078 θανάτου
744 1039 865 1077 αὐτοῦ.
893 1037 964 1076 Καὶ
983 1031 1072 1076 οἶνον
1092 1037 1152 1076 καὶ

122 1103 285 1154 με’θυσμα
305 1105 342 1142 οὐ
364 1102 412 1153 μὴ
435 1102 569 1148 πίεται,
599 1101 658 1140 καὶ
677 1100 819 1153 σίδηρος
848 1101 911 1139 οὐκ
939 1099 1153 1147 ἀναὸήσεται
1179 1105 1202 1135 Γ»

122 1165 180 1203 ἐπὶ
194 1165 256 1212 τὴν
275 1164 428 1217 κεφαλὴν
445 1165 563 1202 αὐτοῦ.
578 1165 684 1202 Ποῖον
703 1166 804 1202 τοῦτο
822 1165 954 1210 πλῆθος
968 1162 1154 1215 ῥημάτων;

120 1226 170 1265 Τί
193 1227 270 1265 ποτ’
295 1220 352 1265 οῧν
373 1224 514 1277 ᾐνίξατο
538 1223 658 1270 εἰπὼν,
688 1223 910 1271 Ἐπλήθυνε;
930 1225 1092 1276 Συνεχῶς
1110 1222 1156 1262 τὰ

124 1287 213 1327 αὐτὰ
231 1287 436 1340 ἐφθέγγετο,
456 1287 516 1326 καὶ
542 1287 605 1326 οὐκ
633 1285 805 1339 ἀφίστατο
832 1285 942 1325 πολὺν
964 1287 1156 1324 δαπανῶσα

124 1349 249 1403 χρόνον
269 1349 326 1388 διὰ
346 1353 414 1388 τῶν
441 1351 553 1387 αὐτῶν
581 1351 760 1400 ῥημάτων,
792 1347 900 1387 Οὕτω
927 1351 1008 1400 γοῦν
1038 1346 1098 1386 καὶ
1120 1350 1154 1386 ἐν

124 1416 196 1454 τοῖς
214 1410 427 1461 εὐαγγελίοις
445 1413 464 1448 6
483 1409 633 1463 Χριστὸς
651 1408 814 1454 ἐπέταξεν
834 1409 1013 1462 εὔχεσθαι.
1032 1408 1154 1448 Εἰπὼν

123 1472 193 1526 γὰρ
209 1477 279 1515 τοῖς
303 1475 473 1522 μαθηταῖς
485 1502 495 1519 ,
516 1470 565 1522 μὴ
583 1471 676 1509 κατὰ
699 1471 781 1515 τοὺς
798 1469 950 1514 ἐθνικοὺς
970 1469 1154 1522 εὔχεσθαι,

126 1533 186 1572 καὶ
206 1532 254 1584 μὴ
280 1534 514 1585 βαττολογεῖν,
539 1532 600 1571 καὶ
619 1531 745 1586 μέτρον
763 1535 858 1584 ἡμᾶς
877 1533 982 1585 εὐχῆς
1001 1533 1133 1578 ἐδίδαξε
1148 1548 1155 1556 ·

127 1593 260 1638 δεικνὺς
280 1593 334 1632 ὅτι
358 1595 421 1632 οὐκ
450 1595 484 1631 ἐν
507 1596 556 1646 τῷ
578 1593 702 1640 πλήθει
723 1596 792 1631 τῶν
821 1594 1002 1648 ῥημάτων,
1022 1595 1100 1632 ἀλλ’
1121 1596 1156 1632 ἐν

128 1658 173 1707 τῇ
196 1655 300 1707 νήψει
309 1656 373 1700 τῆς
392 1654 544 1698 διανοίας
562 1660 676 1693 κεῖται
690 1654 730 1692 τὸ
746 1656 971 1701 ἀκουσθῆναι.
986 1656 1070 1698 Πῶς
1087 1649 1157 1702 οὖν,

128 1717 246 1770 φησὶν,
264 1718 295 1754 εἷ
314 1715 416 1768 ὀλίγα
437 1716 487 1754 δεῖ
499 1715 682 1768 εὔχεσθαι,
697 1715 905 1769 παραὸολὴν
926 1709 1020 1755 εἶπεν
1041 1718 1158 1760 αὐτοῖς

129 1778 214 1831 πρὸς
233 1777 273 1815 τὸ
293 1778 361 1815 δεῖν
381 1776 435 1815 ἀεὶ
460 1776 736 1830 προσεύχεσθαι,
751 1776 807 1815 ὅτι
820 1776 918 1829 χήρα
933 1793 986 1821 τις
1001 1771 1057 1824 ἦν,
1071 1777 1094 1824 ἢ
1113 1780 1157 1828 τῇ

128 1838 290 1892 συνεχείᾳ
305 1841 367 1884 τῆς
386 1837 568 1881 ἐντεύξεως
583 1838 678 1888 ὠμὸν
702 1838 869 1884 δικαστὴν
890 1838 951 1876 καὶ
970 1837 1157 1890 ἀπάνθρω-

129 1917 207 1948 πον,
228 1899 307 1939 οὗτε
325 1901 417 1938 Θεοῦ
436 1898 554 1952 φόὸον.
575 1898 652 1938 οὔτε
683 1898 874 1951 ἀνθρώπιον
895 1898 1021 1951 ἔχοντα
1046 1899 1132 1937 αἰδῶ
1148 1928 1158 1946 ,

131 1964 174 2013 τῇ
191 1961 382 2007 πυκνότητι
401 1964 463 2007 τ’ἦς
482 1961 652 2012 προσόδου
667 1960 872 2013 κατέκαμψε
886 1977 895 2008 ;
917 1961 1001 2004 Πῶς
1016 1959 1051 1997 δὲ
1067 1958 1128 1998 καὶ
1141 1963 1160 1998 6
1184 1953 1208 1985 C

132 2024 274 2066 Παῦλος
304 2028 468 2073 παραινεῖ
500 2022 624 2074 λέγων,
647 2023 703 2073 Τῇ
725 2025 902 2074 προσευχῇ
937 2037 1159 2074 προσκαρτε-

130 2090 289 2136 ροῦντες,
318 2084 378 2122 καὶ
408 2084 527 2131 πάλιν,
558 2083 804 2128 Ἀδιαλείπτως
835 2084 1086 2137 προσεύχεσθε;
1116 2085 1160 2122 Εἰ

130 2145 198 2198 γὰρ
221 2146 271 2183 δεῖ
298 2144 346 2195 μὴ
375 2144 528 2197 μακροὺς
546 2145 738 2183 ἀποτείνειν
757 2145 900 2197 λόγους,
920 2145 980 2182 καὶ
1009 2146 1161 2197 συνεχῶς

132 2205 317 2258 εὔχεσθαι,
351 2205 504 2245 ἐναντίον
541 2209 641 2244 τοῦτο
674 2207 816 2245 ἐκείνου.
850 2208 942 2244 Ἀλλ’
977 2206 1038 2244 οὐκ
1066 2205 1159 2244 ἔστιν

134 2268 299 2315 ἐναντίον,
331 2267 380 2318 μὴ
413 2268 562 2319 γένοιτο,
584 2266 673 2305 ἀλλὰ
701 2266 761 2306 καὶ
789 2267 921 2320 σφόδρα
953 2268 1156 2318 συμὸαῖνον.

133 2330 202 2367 Καὶ
229 2329 297 2382 γὰρ
325 2329 384 2367 καὶ
412 2331 429 2366 6
452 2329 602 2381 Χριστὸς
626 2329 686 2367 καὶ
711 2332 729 2367 6
756 2331 895 2373 Παῦλος
916 2329 1081 2383 βραχείας
1100 2330 1160 2367 καὶ

134 2391 266 2434 πυκνὰς
285 2394 458 2429 ποιεῖσθαι
477 2391 538 2434 τὰς
556 2390 659 2443 εὐχὰς
678 2391 861 2430 ἐκέλευσαν
881 2391 914 2436 ἐξ
936 2391 1062 2443 ὀλίγων
1086 2392 1160 2428 δια-

134 2451 350 2501 λειμμάτων.
362 2450 423 2489 Ἂν
445 2451 507 2502 μὲν
527 2451 594 2503 γὰρ
619 2454 666 2496 εἷς
683 2455 793 2502 μῆκος
817 2453 953 2505 ἐκτείνῃ
972 2453 1030 2491 τὸν
1045 2452 1160 2504 λόγον,

133 2511 352 2563 ὀλιγωρήσας
370 2512 560 2560 πολλάκις,
579 2513 713 2560 πολλὴν
736 2513 868 2557 ἔδωκας
886 2512 950 2560 τὴν
972 2513 1091 2552 ἄδειαν
1111 2515 1160 2566 τῷ

135 2572 287 2625 διαὲόλῳ
314 2574 533 2625 προσελθεῖν,
554 2573 613 2611 καὶ
642 2574 889 2623 ὖποσκελίσαι,
909 2575 969 2613 καὶ
988 2574 1051 2622 τὴν
1080 2574 1161 2613 διά-

135 2649 228 2672 νοιαν
244 2636 437 2686 ἀπαγαγεῖν
464 2637 533 2672 τῶν
554 2635 750 2686 λεγομένων
764 2651 772 2659 ·
805 2635 845 2673 ἂν
870 2634 906 2674 δὲ
933 2642 1088 2689 συνεχεῖς
1103 2635 1163 2674 καὶ

136 2694 267 2738 πυκνὰς
284 2698 386 2748 ποιῇς
404 2695 466 2740 τὰς
486 2695 590 2748 εὐχὰς
604 2727 614 2744 ,
641 2696 698 2734 τὸν
726 2697 845 2751 καιρὸν
865 2697 1005 2736 ἅπαντα
1026 2701 1069 2749 τῇ
1094 2713 1163 2736 πυ-
1188 2703 1212 2733 D

137 2755 277 2803 κνότητι
305 2757 566 2807 διαλαμὸάνων,
607 2757 739 2810 δυνήσῃ
773 2765 961 2812 σωφρονεῖν
996 2759 1163 2807 εὐκόλως,

139 2815 243 2860 αὐτάς
260 2833 298 2855 τε
316 2817 378 2861 τὰς
396 2819 498 2870 εὐχὰς
518 2819 606 2870 μετὰ
627 2820 760 2867 πολλῆς
779 2820 910 2872 ποιήσῃ
934 2823 997 2867 τῆς
1016 2820 1165 2872 νήψεως.

138 2876 187 2915 ‘O
207 2876 249 2924 δὴ
269 2877 329 2916 καὶ
354 2878 443 2925 αὕτη
465 2879 575 2918 ἐποίει
588 2910 598 2929 ,
628 2883 665 2919 οὐ
683 2880 837 2933 μακροὺς
863 2881 1094 2920 ἀποτείνουσα
1108 2880 1165 2919 λό-

138 2952 217 2988 γους
227 2964 237 2982 ,
251 2937 341 2975 ἀλλὰ
357 2952 398 2976 συ
400 2941 490 2989 Ανῶς
505 2938 565 2977 καὶ
579 2940 788 2992 πυκνότερον
803 2945 996 2994 προσιοῦσα
1009 2943 1059 2993 τῷ
1070 2942 1164 2992 Θεῷ.

142 2992 227 3037 lsi-:ot
245 2998 364 3046 ἐπειδὴ
388 2999 615 3051 ἐπεστόμισεν
632 3001 740 3049 αὐτὴν
766 3004 784 3039 6
812 3002 923 3055 ἱερεύς
937 3019 946 3027 ·
974 3007 1075 3041 τοῦτο
1096 3001 1164 3053 γάρ

139 3062 213 3098 ἐστι
236 3060 292 3107 τὸ,
313 3059 513 3113 Ἔφύλασσε
535 3061 575 3100 τὸ
612 3061 726 3113 στόμα
753 3065 881 3112 αὐτῆς,
908 3064 970 3102 καὶ
995 3063 1040 3102 τὰ
1059 3063 1163 3115 χείλη

140 3123 245 3167 αὐτ-ῆς
261 3123 422 3170 ἐκινεῖτο,
439 3122 534 3174 φωνὴ
557 3122 593 3160 δὲ
616 3123 722 3168 αὐτῆς
743 3124 806 3162 οὐκ
820 3125 966 3170 ἠκούετο
977 3141 984 3148 ·
1001 3125 1168 3163 ἐὸιάσατο

141 3181 199 3218 καὶ
218 3185 414 3221 ὑπακοῦσαι
434 3186 485 3235 τῷ
518 3186 624 3236 ἱερεῖ,
658 3183 716 3221 καὶ
746 3187 808 3231 τῆς
828 3186 932 3238 εὖχῆς
959 3188 1166 3232 ἀποστῆναι.

144 3241 397 3294 Ἐπεστόμιστο
416 3239 472 3282 οὖν
494 3247 601 3291 αὐτῆς
618 3249 640 3292 ἡ
662 3245 757 3298 φωνὴ
773 3276 782 3293 ,
804 3248 865 3285 οὐκ
884 3248 1117 3299 ἐπεστόμιστο
1133 3246 1168 3285 δὲ
1193 3246 1215 3275 Ε

146 3307 168 3348 ἦ
203 3305 381 3358 παρῥησῖΰῑ
396 3336 406 3354 2
441 3306 531 3344 affl&
564 3306 728 3357 μειζόνως
747 3311 768 3355 ἦ
790 3307 916 3361 καρδία
948 3308 1041 3348 ἔνδον
1073 3308 1168 3347 ἐῧόα.

1222 673 1277 703 rat
1317 679 1360 703 ac
1396 673 1550 702 mentem
1587 662 1809 711 intenderat,
1841 671 1947 713 atquc
1985 663 2032 700 ita
2065 663 2181 700 Deum

1223 725 1404 765 invocavit
1432 724 1553 763 animo
1585 723 1738 762 dolente.
1763 722 1833 761 Sed
1860 737 1924 760 cnr
1958 722 2072 772 dicit,
2105 737 2182 760 eam

1223 787 1483 840 multiplicasse
1502 785 1741 839 precationem
1755 815 1766 835 ,
1786 783 1931 835 qnando
1953 785 2107 836 exiguus
2132 793 2183 822 est

1224 848 1352 886 modus
1371 847 1589 901 precationis
1604 877 1614 896 ,
1634 861 1744 898 quam
1771 846 1867 884 fudit
1887 846 2015 884 mulier
2029 847 2046 883 Ξ)
2063 847 2185 896 Neque

1207 909 1260 947 -in
1280 909 1428 961 longum
1457 908 1631 961 produxit
1650 922 1844 946 sermonem
1858 936 1868 956 ,
1897 921 2010 958 neque
2037 907 2072 945 in
2092 907 2180 945 mul-

1224 979 1302 1009 tum
1321 969 1490 1023 temporis
1510 968 1673 1009 extendit
1694 969 2003 1022 supplicationem,
2019 968 2079 1007 scd
2099 983 2185 1022 pan-

1225 1046 1265 1070 ca
1292 1031 1458 1083 nudaque
1485 1032 1594 1070 verba
1623 1031 1836 1084 proloqnnta
1862 1040 1924 1069 est.
1945 1034 2098 1068 Anoxu'i
2119 1044 2186 1068 no-
2206 1029 2305 1063 hſtrg
2340 1038 2364 1056 ¹-

1226 1107 1331 1132 ΜιΝιε
1346 1097 1434 1133 Ειοϊ
1445 1107 1627 1142 SABAOTR,
1652 1095 1685 1131 si
1696 1095 1902 1144 respiciens
1912 1095 2123 1145 respexeris
2135 1093 2188 1130 acl
2203 1081 2213 1101 ¹
2227 1082 2251 1100 ''

1226 1155 1489 1193 humilitatem
1506 1154 1665 1192 ancilloe
1678 1162 1767 1200 tute,
1782 1156 1933 1205 meique
1946 1168 2092 1191 memor
2092 1155 2185 1207 sne-

1225 1218 1293 1262 ris,
1317 1229 1385 1254 nec
1405 1215 1548 1253 oblitus
1577 1215 1738 1253 ancillce
1755 1223 1844 1261 tuae,
1868 1215 2097 1266 dederisque
2117 1228 2186 1252 an-

1226 1278 1330 1316 cillae
1347 1286 1422 1316 tuoe
1444 1277 1594 1330 prolem
1619 1277 1851 1323 masculam,
1875 1277 2046 1328 offeram
2073 1276 2188 1314 illam

1227 1340 1330 1377 dono
1346 1341 1389 1376 in
1407 1347 1617 1390 conspectu
1635 1346 1714 1384 tuo,
1734 1351 1854 1390 usque
1873 1339 1927 1375 ad
1938 1339 2039 1376 diem
2056 1341 2188 1376 mortis

1227 1402 1362 1452 ipsius.
1385 1400 1529 1437 Vinum
1549 1407 1585 1437 et
1606 1399 1800 1452 quidquid
1829 1401 1998 1437 inebriat
2021 1414 2100 1437 non
2134 1401 2190 1436 Iu'-

1229 1463 1304 1509 bet,
1322 1469 1359 1499 et
1369 1462 1520 1514 ferrum
1536 1474 1614 1498 non
1632 1461 1815 1499 ascendet
1831 1475 1945 1513 super
1957 1469 2072 1513 caput
2090 1463 2186 1513 ejus.

1231 1522 1321 1570 Quae
1341 1531 1394 1561 est
1412 1522 1472 1560 hie
1490 1523 1684 1562 verborum
1704 1522 1929 1561 multitudo?
1971 1523 2050 1561 )uid
2080 1523 2190 1575 igitur
2270 1537 2392 1564 Asnam

1229 1583 1367 1633 innuit,
1383 1597 1467 1621 cum
1495 1583 1566 1632 ait,
1584 1584 1893 1635 MultiplieavitP
1918 1585 2003 1623 Ilaec
2026 1585 2188 1635 frequen·
2205 1579 2360 1606 ⁰¹'³¹¹‘¹¹¹¹'''

1230 1653 1284 1682 ter
1301 1644 1468 1694 dicebat,
1487 1658 1551 1683 nec
1569 1643 1707 1682 destitit
1729 1644 1857 1682 iisdem
1881 1645 2002 1683 verbis
2021 1644 2190 1683 iterandis

1231 1707 1386 1745 multum
1418 1706 1588 1759 temporis
1614 1706 1811 1744 absumere.
1833 1707 1885 1744 Ita
1906 1716 1939 1744 et
1967 1706 2132 1745 Christus
2154 1707 2189 1745 in
2209 1712 2391 1752 *unuh-fi:-

1231 1768 1415 1820 evangelio
1434 1767 1558 1806 docuit
1583 1782 1694 1806 orare.
1716 1768 1809 1806 Cum
1830 1768 1925 1807 enim
1952 1768 2115 1821 jussisset
2133 1768 2188 1807 di-

1231 1830 1380 1882 scipulis
1394 1859 1404 1879 ,
1434 1843 1478 1868 ne
1508 1844 1607 1868 more
1639 1830 1826 1882 gentilium
1861 1839 2023 1881 orarent,
2053 1839 2190 1869 utentes

1232 1891 1474 1944 multiloquio,
1493 1891 1602 1930 etiam
1625 1891 1774 1930 modum
1803 1892 2015 1946 precationis
2039 1892 2161 1931 docuit
2180 1908 2186 1928 :

1232 1954 1436 2003 ostendens,
1471 1962 1511 1991 ut
1537 1953 1775 1992 exaudiamur
1815 1968 1884 1993 non
1914 1969 1988 1993 esse
2016 1954 2124 1993 situm
2154 1954 2189 1992 in

1232 2016 1426 2054 verborum
1443 2014 1692 2066 multitudine,
1707 2015 1769 2054 sed
1789 2016 1824 2054 in
1844 2016 2031 2068 vigilantia
2051 2016 2189 2054 mentis.

1234 2077 1426 2125 Quomodo
1446 2077 1568 2128 igitur,
1587 2077 1721 2116 dixerit
1739 2077 1882 2129 aliquis,
1899 2077 1927 2116 si
1947 2078 2072 2130 paucis
2087 2092 2190 2116 oran-

1232 2137 1320 2176 dum
1342 2148 1406 2188 est,
1424 2139 1631 2191 parabolam
1652 2139 1702 2177 eis
1722 2140 1922 2192 proposuit,
1943 2139 2189 2178 admonentem

1223 2207 1370 2253 'semper
1385 2214 1460 2238 esse
1477 2201 1679 2239 orandum?
1694 2201 1814 2241 Vidua
1830 2201 1992 2252 quaedam
2011 2211 2096 2250 erat,
2111 2216 2189 2253 qnze
2210 2218 2257 2244 Lm
2273 2239 2276 2242 Δ
2301 2216 2332 2242 ,ς
2364 2214 2390 2241 ἰ,

1232 2261 1374 2300 assidue
1390 2261 1605 2314 appellando
1625 2262 1806 2300 crudelem
1824 2272 1857 2300 et
1877 2262 2112 2301 inhumanum
2129 2264 2168 2315 ju
2181 2287 2188 2292 -
2205 2275 2242 2279 -“
2260 2259 2284 2285 ''-

1231 2322 1361 2373 dicem,
1391 2337 1503 2374 neque
1522 2324 1639 2361 Deum
1660 2323 1857 2375 timentem,
1887 2338 1998 2376 neque
2029 2325 2191 2363 homines

1232 2392 1471 2431 reverentem,
1497 2384 1699 2434 frequenter
1717 2384 1838 2422 adiens
1866 2385 1978 2422 ssexit.
2000 2384 2189 2431 Quomodo
2206 2399 2293 2426 lemn.
2315 2405 2358 2438 ¹.²*

1232 2458 1297 2483 nos
1316 2454 1350 2483 et
1369 2445 1503 2484 Paulus
1522 2445 1687 2484 hortatur
1713 2445 1860 2495 dicens,
1878 2448 2107 2485 Precationi
2126 2450 2186 2484 in-
2210 2448 2258 2493 ¹25
2315 2496 2319 2498 v
2365 2485 2375 2490 ,

1232 2515 1395 2553 stantes,
1418 2521 1458 2544 ac
1485 2521 1629 2557 rursus,
1650 2509 1920 2545 Indesinenter
1935 2513 2071 2546 orate?
2099 2509 2188 2546 Nam
2210 2486 2346 2556 :L'lwi'
2362 2497 2395 2511 *h

1233 2567 1264 2606 si
1279 2568 1389 2607 verba
1415 2569 1571 2620 prosene
1591 2568 1626 2605 in
1644 2567 1792 2619 longum
1815 2581 1883 2605 non
1909 2577 2062 2620 oportet,
2079 2578 2112 2607 et
2141 2578 2190 2606 ta·
2230 2558 2236 2568 ¹

1235 2643 1316 2667 men
1345 2629 1488 2667 assidue
1519 2642 1633 2678 orare,
1657 2628 1726 2666 hoc
1754 2643 1835 2666 cum
1863 2629 1926 2667 illo
1945 2638 2092 2681 pugnat.
2114 2631 2191 2668 Non

1236 2690 1329 2728 inter
1347 2704 1384 2728 se
1402 2699 1562 2742 pugnant
1581 2689 1671 2740 ista,
1690 2689 1782 2728 absit
1798 2706 1806 2726 :
1826 2690 1888 2729 sed
1904 2704 2119 2744 magnopere
2139 2691 2192 2730 in-

1237 2762 1290 2790 ter
1307 2765 1344 2789 se
1357 2761 1569 2803 congruunt.
1580 2750 1768 2802 Siquidem
1783 2760 1817 2789 et
1833 2751 1997 2791 Christus
2012 2762 2046 2790 et
2060 2754 2195 2791 Paulus

1233 2813 1340 2866 jussit
1372 2812 1518 2861 breves,
1545 2812 1606 2850 sed
1634 2812 1775 2851 crebras
1803 2813 1881 2851 fieri
1911 2814 2128 2866 precationes
2150 2830 2194 2853 ex

1237 2874 1363 2928 paucis
1384 2874 1595 2913 intervallis.
1611 2875 1703 2912 Nam
1719 2874 1747 2912 si
1767 2875 1803 2913 in
1825 2875 1973 2928 longum
1993 2865 2194 2915 'extenderis

1237 2936 1361 2984 verba,
1377 2949 1459 2973 cum
1480 2935 1679 2986 frequenter
1698 2949 1826 2988 parum
1846 2936 1894 2974 sis
1913 2946 2081 2987 attentus,
2101 2938 2195 2974 mul—

1237 3007 1310 3036 tam
1339 2996 1527 3035 audaciam
1549 2996 1694 3035 diabolo
1722 2997 1973 3050 suppeditasti,
1997 3008 2035 3036 nt
2054 2998 2197 3036 accedat

1239 3059 1534 3112 supplantetqne,
1562 3073 1602 3096 ac
1619 3068 1772 3097 mentem
1791 3059 1838 3097 ab
1863 3059 1906 3098 iis
1928 3074 2006 3111 qua:
2026 3060 2197 3097 dicuntur

1239 3130 1362 3159 avocet
1381 3137 1389 3157 t
1411 3119 1509 3171 quod
1527 3119 1555 3158 si
1576 3121 1776 3171 frequenter
1793 3135 1834 3159 ac
1853 3121 2007 3159 subinde
2022 3121 2193 3164 oraveris,

1241 3193 1381 3236 tempus
1397 3196 1501 3220 omne
1517 3182 1650 3220 crebris
1664 3181 1836 3232 dirimens
1866 3182 2074 3229 intervallis,
2095 3182 2197 3218 sarilo

1240 3243 1371 3297 poteris
1389 3257 1463 3281 esse
1482 3242 1621 3281 sobrius
1641 3257 1681 3282 ac
1710 3243 1877 3295 vigilans,
1895 3253 1931 3280 nt
1958 3242 2193 3295 precationem

1242 3305 1353 3343 multa
1375 3319 1455 3343 cum
1486 3304 1679 3342 attentione
1702 3305 1873 3356 perficias.
1894 3303 1998 3349 Quod
2020 3318 2101 3341 sanc
2123 3304 2194 3341 haec
2216 3330 2221 3348 1
2269 3319 2329 3345 1:,‚-
2372 3325 2396 3342 ι.

2216 3361 2316 3389 muln

192 3420 203 3432 ¹·
221 3410 318 3441 Con».
339 3410 405 3443 dno
423 3420 450 3443 et
471 3413 552 3454 Reg.
579 3419 730 3455 ''mesple-a
749 3418 894 3454 ἐξέτεινη-
919 3414 1032 3447 Melius
1057 3426 1155 3457 qnam
1178 3412 1266 3445 Savil
1299 3421 1332 3444 ct
1350 3411 1451 3444 Morcl
1484 3411 1540 3455 qni
1557 3410 1680 3444 habent
1698 3416 1842 3450 ἑξε”ί“;υέ·,.

1945 3459 2007 3508 ῑ..ῑ.
