2483 3791
347 210 434 265 124
760 220 799 250 S.

338 305 455 342 larum
472 304 646 342 creatione
662 311 836 354 ageretur,
857 301 980 340 eadem
995 315 1055 338 usa
1078 300 1122 337 sit
1136 313 1220 337 voce
1238 298 1290 335 di-

340 379 420 403 cens
436 381 443 401 :
459 366 513 403 Et
530 367 658 416 posuit
676 364 767 401 illas
782 366 823 400 in
826 364 1082 415 firmamento
1102 360 1200 405 caeli,
1221 371 1290 395 non

340 435 379 463 ut
392 440 449 464 eas
467 425 551 463 caelo
566 425 696 462 infixas
706 432 871 475 putemus
884 424 896 463 (
907 436 989 459 nam
1005 434 1126 458 earum
1143 419 1291 469 singulae

339 485 526 538 proprium
540 498 683 522 cursum
702 483 909 530 conficiunt,
930 482 1049 519 locum
1063 494 1108 518 ex
1123 480 1200 517 loco
1215 494 1292 517 mu-

339 555 451 583 tantes
462 548 486 593 ),
504 544 566 582 sed
585 553 624 580 ut
648 543 784 590 doceat,
799 556 835 579 se
861 542 934 579 illis
961 550 1001 579 ut
1019 541 1056 578 in
1076 540 1161 578 caelo
1180 549 1293 578 essent

339 604 559 657 praecepisse,
577 612 617 640 ut
641 602 823 640 hominem
846 602 953 654 jussit
977 602 1014 639 in
1037 601 1204 654 paradiso
1231 600 1294 640 de-

340 679 432 717 gere.
453 665 489 701 9.
511 666 566 702 Et
590 664 786 715 produxit,
813 663 943 714 inquit,
974 664 1082 700 Deus
1113 664 1161 700 de
1191 671 1294 700 terra

340 740 453 763 omne
473 726 621 777 lignum
635 725 841 776 pulchram
860 725 914 761 ad
927 724 1155 769 videndam,
1172 731 1209 761 et
1225 725 1294 760 bo-

342 801 435 824 num
456 787 510 824 ad
537 786 743 832 edendam,
763 793 799 822 et
819 785 967 836 lignum
986 787 1080 822 ὐιίιι2
1103 787 1144 821 in
1171 785 1295 821 medio

338 848 516 899 paradisi
549 855 585 884 et
615 847 762 898 lignum
791 846 846 883 ad
870 847 1067 883 sciendam
1098 847 1239 883 bonam
1260 854 1296 882 et

342 909 501 947 malum.
521 907 615 946 Ecce
639 907 746 944 aliam
768 907 930 944 beneficii
952 907 1103 959 speciem
1123 907 1159 944 in
1184 907 1296 944 hono-

341 984 416 1009 rem
444 969 551 1007 creati
578 968 747 1006 hominis.
771 968 864 1014 Quia
884 969 978 1006 enim
1005 968 1109 1005 illum
1133 968 1168 1004 in
1194 981 1297 1019 para-

342 1031 422 1068 diso
457 1029 591 1068 versari
630 1029 795 1076 volebat,
828 1028 996 1080 praecepit
1033 1043 1077 1065 ex
1117 1037 1210 1065 terra
1243 1043 1298 1065 ar-

341 1089 445 1126 bores
473 1087 635 1125 diversas
663 1086 762 1135 oriri,
782 1100 861 1137 quae
890 1086 998 1122 simul
1024 1094 1057 1122 et
1079 1094 1222 1137 aspectu
1242 1086 1299 1137 ju-

345 1148 469 1186 cundae
485 1152 611 1194 essent,
625 1157 659 1185 et
671 1147 717 1186 ad
736 1147 858 1185 cibum
875 1155 978 1198 aptae.
993 1148 1115 1184 Omne
1134 1147 1296 1198 lignum,

344 1208 474 1260 inquit,
486 1209 695 1260 pulchram
714 1216 884 1260 aspecta,
907 1207 944 1244 id
964 1215 1029 1256 est,
1051 1206 1097 1244 ad
1116 1215 1300 1259 spectacu-

345 1269 420 1307 lum
436 1285 447 1319 3
471 1271 523 1307 Et
539 1272 681 1307 bonum
694 1270 748 1307 ad
759 1282 863 1306 esum
874 1284 889 1313 ,·
910 1267 1076 1307 videlicet
1087 1267 1201 1318 ligna,
1223 1282 1301 1318 quae

344 1330 464 1368 visum
478 1331 656 1369 oblectare
668 1339 823 1383 possent,
839 1338 872 1367 et
887 1343 947 1367 esu
962 1343 1130 1381 magnam
1145 1329 1302 1382 praebere

345 1392 589 1444 voluptatem,
622 1405 772 1442 quaeque
800 1400 923 1443 utpote
948 1390 1061 1428 multa
1091 1399 1123 1428 et
1160 1390 1301 1442 copiosa
1350 1396 1354 1400 ”

345 1455 496 1492 multam
526 1454 569 1492 iis
598 1469 707 1492 usuro
738 1462 900 1506 parerent
927 1453 1158 1505 voluptatem.
1187 1453 1302 1490 Omne

345 1516 496 1567 lignum,
522 1516 653 1567 inquit,
674 1515 925 1567 quodcumque
953 1513 1102 1563 dixeris,
1127 1513 1212 1551 oriri
1239 1528 1300 1552 eu-

347 1577 452 1615 ravit.
470 1577 644 1617 Vidistin’
664 1576 815 1614 miseriae
842 1589 992 1614 vacuam
1010 1575 1300 1613 habitationem?

347 1637 510 1675 vidistin'
526 1637 642 1676 vitam
672 1636 898 1674 mirabilem?
919 1636 1020 1674 Sicut
1043 1636 1189 1687 angelus
1215 1636 1302 1687 qui-

347 1696 431 1735 dam
458 1698 668 1736 versabatur
688 1697 795 1735 homo
814 1697 850 1734 in
871 1705 978 1746 terra,
995 1710 1140 1748 corpore
1157 1696 1303 1747 quidem

349 1759 517 1809 amictus,
536 1758 596 1796 sed
616 1768 715 1796 extra
731 1771 915 1810 corporeas
940 1757 1160 1795 necessitates
1174 1757 1304 1795 consti-

349 1830 459 1869 tutus,
475 1829 507 1858 et
535 1819 835 1870 quemadmodum
866 1833 1025 1870 purpura
1051 1826 1084 1855 et
1102 1817 1303 1856 diademate

349 1890 508 1931 ornatus,
530 1894 780 1933 purpureaque
798 1879 943 1917 indutus
962 1887 1073 1926 veste,
1097 1878 1146 1917 sic
1165 1893 1246 1917 cum
1260 1879 1302 1917 li-

349 1944 484 1981 bertate
509 1943 719 1981 versabatur
747 1942 783 1979 in
810 1941 968 1993 paradisi
999 1940 1166 1989 sedibus,
1192 1941 1305 1979 multa

351 2004 509 2055 gaudens
530 1993 649 2042 rerum
670 2003 784 2055 copia.
805 2004 859 2040 Et
879 2003 1042 2054 lignum,
1065 2002 1192 2053 inquit,
1212 2005 1306 2040 vita?

351 2069 392 2102 in
416 2066 541 2102 medio
562 2065 758 2115 paradisi,
788 2071 824 2101 et
854 2064 1001 2114 lignum
1027 2064 1081 2100 ad
1107 2064 1305 2100 sciendum

353 2128 494 2162 bonum
514 2134 550 2162 et
567 2125 725 2161 malum.
740 2125 935 2173 Postquam
950 2137 1013 2160 nos
1026 2122 1161 2170 docuit,
1175 2133 1304 2161 terram

351 2200 454 2223 omne
482 2185 620 2236 lignum
649 2184 806 2222 emisisse
823 2183 1021 2221 seeundum
1039 2183 1186 2220 Domini
1208 2198 1304 2235 prae—

352 2255 506 2298 ceptum,
519 2244 721 2297 jucundum
735 2244 828 2293 visu,
845 2252 879 2281 et
891 2243 1026 2281 bonum
1042 2258 1117 2293 esu,
1135 2253 1219 2281 tunc
1237 2244 1304 2282 ait:

353 2308 389 2344 E
395 2316 409 2343 t
425 2308 572 2358 lignum
593 2309 687 2343 ‘vitae
704 2308 745 2342 in
761 2306 885 2342 medio
897 2305 1086 2356 paradisi,
1106 2313 1142 2342 et
1157 2305 1306 2357 lignum

354 2369 408 2405 ad
420 2368 619 2405 sciendum
641 2369 785 2404 bonum
806 2374 841 2403 et
865 2365 1024 2403 malum.
1047 2366 1137 2402 Cum
1157 2365 1306 2417 praesci—

353 2438 405 2466 ret
421 2428 515 2465 enim
529 2427 704 2478 benignus
724 2426 913 2474 Dominus,
928 2434 1050 2477 utpote
1067 2426 1226 2476 Creator,
1242 2440 1306 2463 no-

353 2498 557 2526 cumentum
581 2503 627 2527 ex
646 2488 807 2526 libertate
828 2496 862 2524 et
891 2487 1076 2524 securitate
1098 2486 1308 2539 procedente

353 2560 510 2603 tempore
527 2550 718 2598 oriturum,
738 2548 909 2601 produxit
929 2548 1069 2600 lignum
1081 2548 1163 2587 vitze
1178 2548 1214 2585 in
1234 2562 1305 2586 me-

353 2612 413 2650 dio
437 2611 609 2664 paradisi,
629 2625 763 2649 necnon
785 2610 925 2662 lignum
955 2608 1089 2647 sciendi
1115 2609 1250 2647 bonum
1274 2618 1307 2646 et

355 2674 502 2722 malum,
524 2673 607 2724 quia
641 2687 710 2711 non
738 2671 852 2709 multo
879 2679 958 2723 post
993 2671 1039 2708 ab
1068 2684 1108 2709 eo
1133 2670 1308 2708 abstinere

351 2736 516 2787 jussurus
535 2743 620 2782 erat,
642 2743 680 2771 ut
700 2732 787 2772 scire
803 2741 919 2785 posset
935 2746 970 2770 se
988 2746 1032 2770 ex
1053 2731 1165 2783 gratia
1187 2740 1220 2769 et
1239 2732 1307 2769 be-

356 2795 526 2845 nignitate
543 2795 615 2832 illis
634 2794 829 2832 fruiturum
845 2807 928 2842 esse,
948 2807 988 2831 ac
1006 2806 1043 2830 se
1062 2791 1257 2830 Dominum
1276 2800 1309 2829 et

357 2858 557 2895 Creatorem
569 2871 643 2895 esse
654 2866 728 2894 tum
737 2856 835 2893 illius
842 2854 1137 2903 substantiae,tum
1148 2853 1309 2891 omnium

357 2918 567 2955 visibilium.
590 2917 672 2955 Ideo
698 2917 774 2968 jam
802 2915 889 2967 ligni
915 2914 1127 2953 mentionem
1154 2913 1249 2963 fecit,
1270 2928 1310 2951 ae

358 2981 547 3018 {luminum
577 2981 718 3019 nomina
753 2979 880 3018 deinde
913 2978 1015 3016 nobis
1039 2977 1208 3025 declarat,
1225 2976 1310 3014 illo-

360 3056 507 3092 rumque
535 3050 573 3078 ut
605 3040 737 3079 dixerit
763 3040 941 3092 quispiam
975 3038 1243 3091 separationem,
1272 3051 1313 3074 ac

358 3102 536 3153 quomodo
557 3117 599 3139 cx
616 3102 678 3139 illo
699 3102 758 3152 qui
777 3101 986 3153 paradisum
1000 3100 1185 3152 irrigabat,
1199 3098 1261 3136 alii
1276 3098 1311 3136 in

358 3180 511 3220 quatuor
544 3170 657 3221 capita
692 3170 824 3219 divisi,
860 3169 1000 3207 climata
1036 3168 1307 3219 distinguerent.

403 3305 413 3317 ··
433 3295 511 3333 neg.
532 3303 613 3324 unus
630 3299 657 3324 ὲν
671 3299 752 3334 με’σῳ
777 3303 816 3334 τῷ
834 3294 1022 3336 παραδείσῳ,
1041 3299 1072 3323 et
1092 3292 1137 3323 sic
1156 3299 1204 3322 ter
1223 3289 1319 3322 infra.

405 3346 529 3376 bun-1⁵
546 3347 712 3389 πορρυρίδι.

837 219 1014 250 JOANMS
1051 217 1291 248 CHRYSOST.
1332 204 1534 245 ARCHIEP.
1574 216 1922 247 CONSTAN'HMW.

1367 295 1488 340 αὐτοὺς
1508 299 1541 335 ἐν
1559 300 1607 350 τῷ
1627 299 1844 350 στερεώματι
1862 305 1922 338 τοῦ
1943 302 2086 352 οὐρανοῦ
2098 332 2107 348 ,
2123 301 2256 353 οὐχιῖνα
2275 303 2383 351 ἐμπε-

1366 360 1501 409 πῆχθαι
1526 357 1649 401 αὐτοὺς
1672 361 1722 409 τῷ
1744 362 1878 412 οὐρανῷ
1902 361 2081 411 νοήσωμεν
2101 360 2186 408 (καὶ
2212 360 2279 412 γὰρ
2298 360 2384 399 ἕκα-

1306 445 1353 471 104
1367 434 1445 461 στος
1467 420 1579 456 αὐτῶν
1609 419 1667 457 τὸν
1687 421 1811 458 οἰκεῖον
1832 421 1959 472 δρόμον
1979 421 2107 460 διανύει
2126 421 2250 465 τόπους
2269 424 2307 460 ἐκ
2325 421 2387 459 τό·

1318 481 1341 510 Α
1365 495 1441 518 πων
1469 479 1666 530 ἀμείὸων),
1684 480 1761 518 ἀλλ’
1781 480 1838 518 ἵνα
1869 482 2010 534 διδάξῃ,
2038 481 2091 520 ὅτι
2114 485 2148 520 ἐν
2173 485 2224 534 τῷ
2251 484 2386 534 οὐρανῷ

1366 540 1489 584 αὐτοὺς
1513 534 1601 578 εἶναι
1626 540 1829 594 προσέταξε,
1852 542 2009 594 καθάπερ
2033 542 2092 579 καὶ
2122 543 2179 581 τὸν
2207 543 2387 595 ἄνθρωπον

1366 604 1400 640 ἐν
1427 604 1477 653 τῷ
1502 600 1706 654 παραδείσῳ
1728 601 1870 653 διάγειν.
1893 602 1964 640 Καὶ
1988 602 2197 650 ἐξανέτειλε,
2223 603 2347 655 φησὶν,
2370 607 2388 641 ὃ

1367 662 1456 706 Θεὸς
1476 662 1527 700 ἔτι
1547 665 1585 701 ἐκ
1603 665 1665 708 τῆς
1683 665 1747 713 γῆς
1761 669 1830 700 πᾶν
1849 661 1945 706 ξύλον
1963 664 2090 714 ὡραῖον
2107 664 2153 706 εἷς
2168 663 2288 715 ὅρασιν
2300 693 2310 710 ,
2328 663 2388 701 καὶ

1366 724 1472 763 καλὸν
1502 726 1549 767 εἰς
1573 723 1798 776 βρῶσιν,καὶ
1824 724 1864 761 τὸ
1892 723 1988 767 ξύλον
2015 726 2078 769 τῆς
2107 725 2265 769 ζωῆςΰέν
2293 724 2388 776 μέσῳ

1367 789 1427 823 τοῦ
1455 785 1688 837 παραδείσου,
1710 785 1770 822 καὶ
1797 784 1836 822 τὸ
1864 783 1960 828 ξύλον
1989 789 2050 822 τοῦ
2080 785 2207 823 εἰδέναι
2235 785 2387 836 γνωστὸν

1368 848 1477 885 καλοῦ
1495 846 1553 884 καὶ
1577 845 1838 899 πονηροῦ.Ἰδοὺ
1865 846 1924 883 καὶ
1947 845 2061 898 ἕτερον
2088 847 2284 899 εὐεργεσίας
2304 841 2391 890 εἶδος

1369 908 1474 945 πάλιν
1490 907 1548 945 διὰ
1566 906 1630 953 τὴν
1651 909 1697 950 εἷς
1718 907 1776 944 τὸν
1793 907 2090 960 δημιουργηθέντα
2108 908 2225 958 τιμήν.
2243 908 2390 954 Ἐπειδὴ

1370 968 1437 1021 γὰρ
1458 968 1558 1006 αὐτὸν
1576 970 1610 1005 ἐν
1631 971 1681 1020 τῷ
1702 967 1905 1021 παραδείσῳ
1921 968 2050 1020 διάγειν
2070 969 2238 1016 ἐβουλήθη
2252 999 2261 1017 ,
2282 984 2393 1021 προσ-

1372 1029 1487 1073 έταξεν
1510 1032 1548 1067 ἐκ
1569 1033 1630 1075 τῆς
1654 1032 1717 1079 γῆς
1743 1030 1950 1075 ἀναδοθῆναι
1975 1029 2097 1081 δένδρα
2125 1030 2292 1083 διάφορα,
2307 1034 2393 1081 ὁμοῦ

1372 1090 1431 1128 καὶ
1450 1089 1588 1141 τέρπειν
1614 1090 1714 1127 αὐτὸν
1738 1091 1911 1140 δυνάμενα
1936 1090 1992 1129 διὰ
2017 1095 2079 1138 τῆς
2106 1091 2184 1134 θέας
2199 1122 2208 1139 ,
2227 1092 2287 1129 καὶ
2311 1091 2394 1143 πρὸς

1375 1153 1504 1203 βρῶσιν
1521 1150 1713 1196 ἐπιτήδεια.
1734 1150 1813 1187 Πᾶν
1834 1149 1902 1202 γὰρ
1919 1150 2016 1194 ξύλον
2031 1181 2040 1198 ,
2061 1152 2185 1202 φησὶν,
2202 1155 2328 1204 ὡραῖον
2348 1153 2394 1196 εἷς

1373 1211 1514 1264 ὅρασιν,
1540 1209 1739 1248 τοῦτ’ἔστιν
1767 1211 1815 1253 εἰς
1845 1210 1942 1248 θέαν·
1958 1211 2028 1249 Καὶ
2055 1212 2160 1250 καλὸν
2182 1215 2228 1256 εἷς
2253 1215 2395 1264 βρῶσιν,

1373 1274 1464 1311 τοῦτ’
1485 1271 1558 1310 ἔστι
1588 1271 1648 1310 καὶ
1675 1271 1869 1323 εὐφραίνειν
1895 1271 2067 1321 δυνάμενα
2093 1272 2149 1310 διὰ
2174 1276 2236 1319 τῆς
2263 1274 2394 1325 ὄψεως,

1372 1333 1432 1370 καὶ
1451 1332 1576 1378 ἡδονὴν
1599 1332 1732 1379 πολλὴν
1750 1331 1949 1385 παρέχοντα
1977 1332 2033 1370 διὰ
2051 1337 2113 1380 τῆς
2135 1333 2317 1386 βρώσεως,
2337 1335 2396 1373 καὶ

1373 1396 1423 1445 τῷ
1443 1393 1568 1439 πλήθει
1597 1392 1633 1431 δὲ
1653 1393 1712 1431 καὶ
1731 1397 1774 1445 τῇ
1795 1393 1941 1445 ἀφθονίᾳ
1960 1393 2093 1440 πολλὴν
2106 1393 2169 1440 τὴν
2187 1394 2396 1446 εὐφροσύνην

1373 1454 1604 1507 προξενοῦντα
1640 1457 1690 1505 τῷ
1727 1454 1887 1504 μέλλοντι
1919 1455 2050 1492 τούτων
2086 1455 2284 1493 ἀπολαύειν.
2320 1458 2397 1494 Πᾶν

1374 1517 1462 1568 γὰρ,
1489 1516 1590 1568 φησὶ,
1620 1515 1738 1563 ξύλον,
1764 1516 1849 1567 ὅπερ
1883 1515 1922 1553 ἂν
1959 1515 2080 1567 εἴπῃς,
2101 1517 2309 1562 ἀναδοθῆναι
2336 1534 2397 1555 πε-

1374 1577 1532 1624 ποίηκεν.
1570 1571 1670 1620 Εἶδες
1700 1577 1875 1628 διαγωγὴν
1910 1577 2177 1630 ἀταλαίπωρον,
2203 1572 2290 1621 εἶδες
2325 1578 2397 1629 βίον

1376 1638 1573 1690 θαυμαστόν
1586 1655 1595 1686 ;
1610 1639 1777 1690 Καθάπερ
1800 1638 1867 1690 γὰρ
1892 1639 2034 1690 ἄγγελός
2051 1655 2114 1686 τις,
2131 1639 2239 1682 οὕτως
2259 1639 2317 1677 ἐπὶ
2336 1642 2398 1684 τῆς

1375 1703 1438 1751 γῆς
1464 1699 1633 1751 διέτριὸεν
1663 1703 1680 1738 ὁ
1708 1700 1899 1751 ἄνθρωπος,
1920 1703 2023 1750 σῶμα
2050 1699 2111 1750 μὲν
2140 1700 2398 1752 περικείμενος,

1376 1761 1439 1806 ἔξω
1455 1761 1490 1798 δὲ
1506 1764 1575 1798 τῶν
1591 1763 1801 1811 σωματικῶν
1823 1762 1982 1811 ἀναγκῶν
1997 1760 2197 1813 τυγχάνων,
2212 1761 2271 1799 καὶ
2291 1762 2398 1799 καθά-

1376 1838 1442 1874 περ
1459 1820 1619 1873 βασιλεὺς
1639 1821 1816 1874 ἁλουργίδι
1831 1821 1890 1858 καὶ
1909 1821 2099 1872 διαδήματι
2120 1822 2399 1872 κεκοσμημένος,

1377 1884 1437 1922 καὶ
1452 1882 1675 1936 ι’πορφυρίδα
1702 1881 2003 1932 ἀναὸεὸλημένος,
2025 1883 2132 1925 οὕτως
2160 1883 2329 1934 ἐνετρύφα
2357 1886 2399 1934 τῇ

1379 1950 1437 1984 τοῦ
1464 1944 1677 1997 παραδείσου
1702 1945 1856 1995 διαγωγῇ
1891 1943 1980 1994 μετὰ
2012 1944 2128 1987 ἀδείας
2149 1943 2281 1990 πολλὴν
2312 1943 2402 1996 ἔχων

1378 2008 1442 2055 τὴν
1463 2005 1639 2059 ἀφθονίαν.
1658 2006 1728 2045 Καὶ
1747 2006 1786 2044 τὸ
1801 2004 1919 2053 ξύλον,
1941 2004 2044 2057 φησὶ,
2064 2008 2126 2051 τ’ἧς
2142 2007 2232 2052 ζωῆς
2254 2007 2288 2043 ἐν
2307 2004 2403 2056 μέσῳ

1380 2072 1439 2106 τοῦ
1460 2066 1690 2118 παραδείσου,
1704 2066 1762 2103 καὶ
1776 2066 1816 2104 τὸ
1832 2065 1928 2109 ξύλον
1948 2069 2007 2104 τοῦ
2029 2066 2155 2103 εἰδέναι
2172 2065 2326 2116 γνωστὸν
2345 2081 2404 2103 κα-

1380 2131 1440 2167 λοῧ
1457 2128 1515 2166 καὶ
1535 2125 1808 2178 πονηροῧ.Μετὰ
1818 2127 1857 2164 τὸ
1876 2126 2009 2170 διδάξαι
2028 2129 2136 2176 ἡμᾶς,
2148 2126 2200 2164 ὅτι
2220 2132 2289 2163 πᾶν
2307 2126 2403 2170 ξύλον

1381 2189 1544 2234 ἐξέδωκεν
1563 2192 1585 2234 ἡ
1606 2191 1650 2238 γῆ
1666 2187 1758 2225 κατὰ
1776 2187 1816 2225 τὸ
1834 2191 1893 2225 τοῦ
1914 2186 2092 2225 Δεσπότου
2107 2187 2330 2239 πρόσταγμα,
2344 2187 2403 2224 καὶ

1381 2253 1507 2302 ὡραῖον
1528 2251 1574 2292 εἰς
1596 2249 1736 2302 ὅρασιν,
1756 2248 1814 2286 καὶ
1841 2247 1946 2286 καλὸν
1967 2250 2014 2291 εἷς
2034 2251 2178 2301 βρῶσιν,
2198 2248 2275 2287 τότε
2296 2248 2380 2300 φησί
2395 2265 2402 2272 ·

1383 2310 1452 2348 Καὶ
1475 2309 1513 2347 τὸ
1536 2308 1634 2352 ξύλον
1654 2310 1717 2353 τῆς
1734 2311 1822 2354 ζωῆς
1843 2310 1877 2346 ἐν
1901 2308 1997 2359 μέσῳ
2016 2312 2076 2346 τοῦ
2098 2307 2323 2359 παραδείσου,
2346 2306 2405 2344 καὶ

1380 2370 1419 2408 τὸ
1451 2369 1546 2415 ξύλον
1575 2371 1634 2407 τοῦ
1667 2368 1789 2406 εἰδέναι
1819 2369 1973 2419 γνωστὸν
1999 2370 2107 2406 καλοῦ
2148 2367 2207 2406 καὶ
2240 2371 2402 2419 πονηροῦ.

1381 2430 1557 2483 Προειδὼς
1577 2430 1645 2482 γὰρ
1665 2433 1683 2467 ὁ
1702 2429 1941 2482 φιλάνθρωπος
1961 2429 2220 2475 Δεσπότης,ὡς
2236 2429 2405 2479 δημιουρ-

1379 2493 1437 2546 γὸς
1451 2524 1459 2540 ,
1481 2492 1543 2538 τὴν
1565 2495 1603 2531 ἐκ
1621 2494 1683 2536 τῆς
1706 2493 1837 2536 πολλῆς
1855 2490 1970 2534 ἀδείας
1987 2490 2178 2541 μέλλουσαν
2198 2495 2258 2528 τοῦ
2277 2489 2403 2541 χρόνου

1379 2554 1559 2608 προϊόντος
1580 2552 1759 2590 τίκτεσθαι
1783 2551 1939 2602 βλάέην,
1961 2554 2067 2597 ἀνῆκε
2091 2551 2148 2588 καὶ
2169 2551 2208 2588 τὸ
2226 2550 2324 2594 ξύλον
2343 2553 2405 2596 τῆς

1380 2619 1470 2661 ζωῆς
1499 2616 1533 2652 ἐν
1559 2614 1656 2666 μέσῳ
1684 2617 1742 2651 τοῦ
1765 2612 1990 2664 παραδείσου,
2011 2612 2070 2649 καὶ
2092 2612 2131 2650 τὸ
2159 2610 2257 2656 ξύλον
2278 2612 2404 2649 τοῦεῖ-

1381 2677 1474 2716 δέναι
1511 2677 1663 2727 γνωστὸν
1695 2676 1802 2713 καλοῦ
1837 2674 1896 2712 καὶ
1926 2677 2090 2725 πονηροῦ,
2114 2672 2232 2719 ἐπειδὴ
2263 2675 2338 2723 μετ’
2367 2673 2404 2710 οὐ

1382 2739 1470 2777 πολὺ
1498 2739 1617 2789 μέλλει
1644 2736 1709 2782 τὴν
1733 2735 1857 2774 τούτου
1885 2734 2023 2787 ἀποχῆν
2052 2737 2144 2785 αὐτῷ
2167 2733 2329 2781 κελεύειν,
2347 2732 2406 2771 ἵνα

1383 2799 1507 2838 εἰδέναι
1528 2799 1612 2851 ἔχῃ,
1637 2797 1689 2835 ὅτι
1706 2797 1850 2849 εχάριτι
1876 2796 1936 2834 καὶ
1963 2795 2206 2848 φιλανθρωπίᾳ
2229 2795 2292 2840 τὴν
2321 2793 2407 2831 ἀπό-

1382 2862 1504 2899 λαυσιν
1530 2861 1623 2911 ἔχει,
1639 2858 1698 2897 καὶ
1723 2858 1796 2897 ἔστι
1822 2857 2001 2903 Δεσπότης
2030 2857 2089 2894 καὶ
2114 2855 2320 2907 δημιουργὸς
2348 2855 2407 2893 καὶ

1384 2925 1445 2968 τ’ἧς
1472 2923 1573 2959 αὐτοῦ
1605 2919 1753 2972 φύσεως,
1775 2919 1834 2956 καὶ
1867 2918 2007 2956 πάντων
2027 2921 2095 2955 τῶν
2122 2916 2318 2970 ὁρωμένων.
2340 2915 2407 2953 Διὰ

1384 2988 1487 3021 τοῦτο
1503 2982 1570 3027 ἤδη
1592 2985 1651 3018 τοῦ
1671 2980 1769 3024 ξύλου
1784 2980 1846 3026 τὴν
1865 2979 2005 3030 μνήμην
2029 2978 2239 3024 ἐποιήσατο,
2253 2977 2312 3015 καὶ
2331 2977 2406 3022 διη-

1386 3050 1500 3095 γεῖται
1522 3045 1607 3092 ἡμῖν
1642 3040 1764 3093 ἐφεξῆς
1791 3044 1859 3078 τῶν
1889 3041 2057 3089 ποταμῶν
2084 3038 2127 3075 τὰ
2151 3037 2324 3087 ὀνόματα,
2349 3036 2409 3074 καὶ

1388 3104 1517 3142 τούτων
1544 3103 1601 3141 τὸν
1630 3102 1835 3154 ἀφορισμὸν,
1857 3102 1903 3143 ὡς
1932 3099 1972 3136 ἂν
2006 3098 2094 3137 εἴποι
2118 3114 2181 3142 τις,
2199 3097 2258 3135 καὶ
2291 3100 2344 3134 ὅτι
2376 3095 2410 3139 ἐξ

1388 3166 1516 3205 ἐκείνου
1548 3168 1606 3202 τοῦ
1636 3164 1696 3211 τὴν
1728 3162 1869 3215 ἀρδείαν
1894 3164 1943 3213 τῷ
1969 3159 2170 3212 παραδείσῳ
2198 3159 2411 3211 παρέχοντος

1401 3288 1515 3320 Mor-el.
1535 3293 1636 3333 χάριτι
1654 3293 1701 3321 καὶ
1720 3290 1935 3331 φιλανθρωπία.
1954 3282 2084 3315 Ibidem
2102 3282 2203 3314 Saxil.
2223 3288 2271 3316 καὶ
2287 3288 2330 3317 ὅτι
2348 3289 2409 3318 ἐστι

1402 3357 1443 3379 τις
1472 3345 1613 3378 δεσπότης
1639 3345 1685 3373 καὶ
1712 3343 1898 3384 δημιουργός.
1922 3337 1999 3378 ch.
2022 3346 2103 3367 unus
2126 3340 2173 3368 καὶ
2196 3340 2240 3369 ὅτι
2269 3337 2410 3372 δεσπότης

430 3398 486 3429 §ax
498 3395 518 3427 il
538 3423 545 3436 ‚
559 3395 708 3435 Coissa,
725 3395 1283 3441 [mal-'1Mssqutm,musica
1298 3402 1360 3434 τήν.
1398 3397 1457 3426 ἐπ’(
1476 3397 1523 3426 καὶ
1540 3395 1611 3430 «inu.
1632 3390 1747 3423 Morei.
1768 3396 1816 3424 καί
1831 3395 1891 3423 ἐστι
1909 3392 2050 3426 δεσπότης
2068 3391 2114 3420 καὶ
2132 3389 2317 3431 δημιουργὸς.
