2516 3791
715 208 758 238 IN
795 208 896 239 CAP-
935 207 1060 238 xxvi.

111 299 168 334 νῦν
197 292 369 332 κατέόαλε
398 291 499 342 λιμὸς
529 289 592 338 τὴν
630 293 694 342 γῆν
726 291 784 330 ἐπὶ
817 295 876 330 τοῦ
906 290 1054 337 Ἰσαὰκ,
1077 284 1144 334 οἶος

111 354 170 393 καὶ
197 354 254 393 ἐπὶ
277 358 337 392 τοῦ
371 352 502 404 πατρὸς
531 353 647 390 αὐτοῦ.
685 352 754 390 Καὶ
787 356 809 399 ἠ
844 355 913 390 τῶν
942 350 1142 403 ἀναγκαίων

111 416 235 460 σπάνις
271 413 405 457 πάντας
443 415 477 452 ἐν
513 412 649 467 θορύὲῳ
689 413 843 466 μεγίστῳ
880 413 1050 459 καθίστα,
1084 411 1144 450 καὶ

111 479 151 515 ἐκ
169 480 236 515 τῶν
269 475 404 515 οἰκείων
436 474 709 526 μετανίστασθαι
739 475 948 527 κατήπειγε,
968 474 1028 512 καὶ
1058 473 1144 526 πρὸς

111 538 259 582 ἐκείνους
285 536 363 581 τοὺς
392 536 516 581 τόπους
541 543 693 590 χωρεῖν,
725 536 805 575 ἔνθα
835 540 904 575 τῶν
937 534 1142 582 ἐπιτηδείων

109 599 172 647 τὴν
204 599 368 651 εὐπορίαν
405 592 448 644 ἦν
484 601 606 652 εὑρεῖν.
633 598 742 637 “0022
779 599 839 636 καὶ
874 601 892 636 6
927 597 1059 641 δίκαιος
1085 590 1143 635 οὗ·

109 676 165 704 τος
193 661 405 711 θεασάμενος
437 659 495 697 τὸν
527 660 644 710 λιμὸν,
665 657 889 712 Ἰἰπορεύθη,
920 657 1026 710 φησὶ,
1058 655 1145 709 πρὸς

110 721 296 774 Ἀὅιμέλεχ
316 723 363 764 εἰς
392 720 542 773 Γέραρα.
560 720 734 759 Ἐνταῦθα
760 720 828 773 γὰρ
850 719 909 758 καὶ
936 723 954 757 6
983 717 1145 769 ἈΕραὰμ

112 783 201 834 μετὰ
215 782 278 830 τὴν
296 783 366 821 ἀπὸ
384 785 446 828 τῆς
465 780 641 833 Αἰγύπτου
663 781 827 819 ἐπάνοδον
847 781 954 819 πάλιν
977 780 1143 826 ἀπῆλθεν.

111 846 214 888 Εἰκὸς
230 843 265 883 δὲ
287 844 347 882 καὶ
373 848 492 882 τοῦτον
514 842 571 880 διὰ
590 846 691 881 τοῦτο
710 845 782 880 ἐκεῖ
805 841 1077 888 ἀπεληλυθέναι,
1097 842 1144 884 ὡς

110 907 238 944 ἐκεῖθεν
263 908 418 956 ὁρμῆσαι
454 902 663 955 βουλόμενον
692 903 750 942 ἐπὶ
776 903 839 950 τὴν
868 902 1062 953 Αἴγυπτον·
1085 901 1145 940 καὶ

108 965 162 1005 ὅτι
191 965 291 1004 τοῦτό
319 968 432 1012 ἐστιν,
458 965 637 1003 “’“ἀ’κουσον
680 968 743 1011 τῆς
779 966 923 1017 Γραφῆς
957 962 1144 1016 λεγούσης·

109 1025 224 1080 Ὠφθη
250 1026 319 1080 γὰρ
349 1029 465 1079 αὐτῷ,
486 1025 603 1078 φησὶν,
623 1027 641 1063 ὁ
668 1025 780 1074 Θεὸς,
801 1025 862 1064 καὶ
891 1019 982 1064 εἷπε·
1004 1026 1052 1076 μὴ
1075 1041 1145 1063 κα-

109 1087 221 1139 ταδῇς
241 1090 288 1132 εἰς
308 1087 496 1140 Αἴγυπτον.
520 1089 573 1126 Οὐ
601 1086 772 1139 βούλομαί
792 1103 850 1134 σε,
868 1087 971 1139 φησὶ,
996 1085 1059 1134 τὴν
1079 1102 1144 1138 μα-

111 1149 199 1202 κρὰν
220 1149 354 1197 ἐκείνην
386 1149 588 1188 στείλασθαι
613 1149 710 1197 ὁδὸν,
731 1151 807 1187 ἀλλ’
843 1150 990 1187 ἐνταῦθα
1018 1148 1146 1199 μένειν.

113 1210 201 1249 Ἀλλ’
223 1211 300 1250 οὐδὲ
318 1210 448 1263 ἀφίημί
473 1225 511 1250 σε
533 1216 657 1263 πεῖραν
674 1213 737 1256 τῆς
757 1209 989 1262 στενοχωρίας
1007 1209 1144 1258 λαὸεῖν,

112 1271 201 1311 ἀλλὰ
217 1272 279 1319 τὴν
302 1271 490 1324 ὑπόσχεσιν
513 1271 578 1319 τὴν
601 1272 686 1324 πρὸς
698 1273 756 1310 τὸν
775 1271 913 1323 πατέρα
932 1287 993 1310 σου
1018 1273 1064 1314 εἷς
1085 1271 1145 1324 ἔρ-

109 1347 168 1384 γον
190 1332 280 1378 ἄξω,
295 1333 355 1371 καὶ
385 1332 430 1371 τὰ
459 1333 580 1385 ἐκείνῳ
608 1331 853 1384 ἐπηγγελμένα
873 1335 920 1376 εἷς
940 1331 978 1371 σὲ
997 1332 1146 1379 ἐκδήσε-

109 1409 188 1441 ται,
217 1394 276 1432 καὶ
309 1393 350 1432 σὺ
384 1397 452 1432 τῶν
477 1394 563 1446 πρὸς
582 1396 709 1432 ἐκεῖνον
731 1393 953 1445 ὑποσχέσεων
970 1410 1010 1432 το
1037 1393 1147 1446 πέρας
1173 1421 1176 1425 -

111 1454 202 1506 δέξῃ.
225 1454 287 1502 Μὴ
308 1454 465 1529 καταίΞῇς
483 1457 530 1498 εἷς
550 1454 746 1507 Αἴγυπτον·
766 1453 974 1501 κατοίκησον
993 1453 1063 1492 δε’
1047 1471 1081 1493 εν
1101 1457 1143 1506 τῇ
1169 1461 1191 1491 C

109 1519 154 1568 γῆ
168 1546 178 1564 ,
197 1520 220 1566 ᾗ
243 1516 301 1555 ἐάν
319 1532 372 1555 σοι
393 1515 500 1563 εἴπω,
515 1532 576 1554 και
594 1515 756 1568 παροίκει
776 1519 811 1554 ἐν
829 1520 872 1568 τῇ
889 1519 934 1568 γῇ
955 1515 1077 1568 ταύτῃ.

163 1577 243 1617 Ἵνα
264 1578 313 1629 μὴ
333 1578 460 1630 νομίσῃ
481 1578 532 1616 6
514 1577 645 1622 οίκαιος
663 1595 716 1617 οτι
740 1578 945 1630 βουλόμενος
962 1579 1062 1617 αὐτὸν
1085 1595 1147 1625 της

109 1638 342 1692 στενοχωρίας
360 1642 423 1685 τῆς
446 1639 516 1678 ἀπὸ
531 1645 591 1678 τοῦ
611 1642 715 1691 λιμοῦ
739 1645 864 1693 πεῖραν
886 1639 1021 1688 λαὸεῖν,
1048 1644 1148 1678 τοῦτο

109 1701 306 1747 ἐπιτάττει,
331 1700 391 1738 καὶ
419 1702 456 1739 οὗ
477 1707 651 1752 συγχωρεῖ
681 1703 728 1744 εἷς
752 1700 814 1748 τὴν
834 1701 1010 1753 Αἴγυπτον
1032 1702 1146 1739 ἀπελ-

110 1764 192 1808 θεῖν,
222 1760 319 1813 φησί·
342 1761 391 1811 μὴ
410 1761 563 1812 ἀγωνία,
583 1761 670 1812 μηδὲ
697 1761 854 1813 φρόντιζε
868 1793 877 1809 ,
907 1763 982 1800 ἀλλ’
999 1764 1147 1800 ἐνταῦθα

112 1821 205 1872 μένε·
228 1822 324 1873 Ἐγὼ
350 1821 418 1875 γὰρ
440 1822 566 1873 ἔσομαι
585 1822 675 1874 μετὰ
692 1826 765 1861 σοῦ.
785 1823 856 1862 Τὸν
872 1824 1022 1876 χορηγὸν
1041 1822 1150 1861 ἁπάν-

109 1899 179 1921 των
206 1887 274 1921 τῶν
308 1887 447 1936 ἀγαθῶν
476 1884 580 1936 ἔχων,
604 1883 654 1935 μὴ
687 1884 846 1938 φρόντιζε
866 1884 1022 1935 μηδενός.
1051 1883 1147 1936 'li-(80

109 1944 178 1997 γὰρ
203 1947 220 1982 6
240 1944 381 1983 πάντων
411 1944 591 1991 Δεσπότης
623 1945 748 1996 ἔσομαι
777 1944 867 1996 μετὰ
901 1949 979 1984 σοῦ·
1009 1944 1069 1982 καὶ
1107 1946 1145 1983 οὗ

110 2009 210 2044 τοῦτο
233 2005 355 2056 μόνον,
373 2005 465 2044 ἀλλὰ
488 2007 558 2044 Καὶ
579 2007 758 2058 εὐλογήσω
784 2022 840 2054 σε,
864 2006 940 2044 ἀντὶ
970 2011 1049 2053 τοῦ,
1072 2007 1148 2045 ἐπί-

110 2065 204 2110 δοξον
235 2082 273 2104 σε
297 2066 459 2115 ποιήσω,
481 2067 541 2105 καὶ
574 2066 639 2114 τὴν
669 2070 753 2121 παρ’
789 2070 874 2118 ἐμοῦ
907 2084 961 2106 σοι
990 2067 1147 2120 εὐλογίαν

117 2127 270 2179 παρέξω.
292 2128 339 2166 Τί
359 2127 399 2165 ἂν
419 2127 473 2175 εἴη
495 2127 616 2166 τούτου
645 2127 910 2181 μακαριώτερον
931 2134 990 2167 τοῦ
1013 2129 1147 2168 δικαίου

108 2193 168 2228 τοῦ
194 2188 368 2236 τοσαύτην
391 2188 604 2241 ἐπαγγελίαν
620 2189 719 2242 παρὰ
739 2194 798 2228 τοῦ
818 2192 910 2229 Θεοῦ
939 2190 1125 2241 δεξαμένου
1139 2222 1148 2239 ,

108 2250 161 2288 ὅτι
179 2250 337 2300 Ἔσομαι
368 2249 458 2301 μετὰ
495 2254 575 2298 σοῦ,
603 2251 662 2288 καὶ
687 2251 865 2303 εὐλογήσω
896 2267 953 2300 σε,
975 2252 1089 2290 Τοῦτό
1109 2268 1148 2290 σε

107 2311 246 2350 πάντων
277 2310 512 2365 εὐπορώτερον
541 2311 736 2361 ἀποδείξει,
778 2313 879 2352 τοῦτό
910 2330 949 2352 σε
976 2316 1010 2353 ἐν
1033 2316 1146 2366 πολλῇ

107 2372 290 2427 περιουσία
321 2377 408 2412 εἰναι
428 2375 710 2427 παρασκευάσει,
730 2375 832 2414 τοῦτό
855 2392 909 2414 σοι
940 2380 962 2424 ἡ
999 2375 1146 2427 μεγίστη

108 2434 208 2482 δόξα,
224 2439 326 2474 τοῦτο
344 2437 366 2480 ἡ
389 2435 519 2486 ἄφατός
539 2436 764 2488 περιφάνεια,
790 2442 891 2475 τοῦτο
909 2441 931 2484 ἡ
950 2438 1147 2490 ἀσφάλεια,

109 2498 210 2534 τοῦτο
228 2498 297 2533 τῶν
321 2498 461 2547 ἀγαθῶν
496 2496 537 2534 τὸ
567 2497 771 2548 κεφάλαιον,
790 2498 830 2536 τὸ
849 2497 912 2549 ἐμὲ
941 2491 1029 2536 εἶναι
1058 2497 1147 2548 μετὰ

109 2561 189 2605 σοῦ,
216 2556 277 2596 καὶ
297 2557 486 2608 εὐλογῆσαί
508 2573 558 2596 σε.
580 2559 664 2602 Πῶς
677 2558 714 2597 δέ
732 2575 771 2597 σε
790 2559 988 2611 εὐλογήσω,
1005 2559 1068 2598 Σοὶ
1087 2559 1147 2598 καὶ

968 2620 1031 2664 Ὡς
1057 2619 1147 2664 ξένος

108 2679 168 2717 καὶ
190 2679 322 2726 ἀλήτης
339 2679 490 2731 νομίζεις
509 2681 755 2733 ἐπιχωριάζειν
770 2688 841 2725 τοῖς
858 2681 979 2734 μέρεσι
994 2680 1146 2725 τούτοις·

107 2620 158 2671 τῷ
179 2618 359 2670 σπέρματί
394 2635 454 2657 σου
484 2618 586 2657 δώσω
612 2618 676 2666 τὴν
704 2622 770 2672 γῆν
797 2620 939 2668 ταύτην.

108 2739 180 2779 ἴσθι
193 2740 247 2780 ὅτι
273 2757 327 2779 σοι
343 2741 404 2779 καὶ
431 2744 481 2792 τῷ
502 2742 680 2796 σπέρματι
696 2758 757 2782 σου
779 2750 877 2782 πᾶσα
894 2742 979 2790 αὕτη
1005 2743 1146 2790 δοθήσε-

109 2817 168 2839 ται
195 2805 217 2847 ἡ
242 2804 300 2853 γῆ.
327 2802 398 2840 Καὶ
428 2801 486 2840 ἵνα
505 2805 643 2856 θαρρεῖν
682 2803 786 2856 ἔχῃς,
823 2804 977 2855 μάνθανε
999 2803 1053 2842 ὅτι
1073 2803 1144 2842 Τὸν

109 2860 210 2914 ὅρκον
223 2862 258 2900 ὃν
276 2861 400 2913 ὤμοσα
417 2862 578 2916 Ἀδραὰμ
591 2867 642 2916 τῷ
656 2865 765 2918 πατρί
780 2882 859 2913 σου,
875 2871 994 2905 τοῦτον
1011 2866 1070 2905 ἐπὶ
1091 2865 1144 2905 σοὶ

110 2922 240 2970 στήσω.
268 2922 366 2976 ’Όρα
384 2923 646 2975 συγκατάὸασιν
668 2927 773 2964 Θεοῦ.
795 2929 873 2965 Οὐκ
887 2921 982 2966 εἶπεν
1003 2928 1142 2974 ἁπλῶς,

108 2983 171 3028 τὰς
198 2984 387 3032 συνθήκας,
410 2984 449 3029 ἃς
476 2985 696 3036 ἐποιησάμην
725 2987 811 3039 πρὸς
841 2988 899 3026 τὸν
921 2988 1060 3041 πατέρα
1088 2988 1142 3026 τὸν

111 3044 188 3091 σὸν,
217 3045 295 3084 οὔτε
323 3045 386 3089 τὰς
415 3045 641 3098 ἐπαγγελίας,
665 3046 704 3090 ἃς
727 3047 949 3100 ὑπεσχόμην·
971 3048 1062 3087 ἀλλὰ
1086 3048 1142 3096 τί,

109 3105 181 3144 Τὸν
214 3105 316 3158 ὅρκον
345 3106 381 3145 ὃν
417 3105 554 3157 ὤμοσα.
584 3105 710 3159 υΟρκῳ
741 3109 842 3147 αὐτὸν
870 3111 1142 3161 ἐπιστωσάμην,

110 3165 217 3216 φησὶ,
232 3167 292 3204 καὶ
311 3167 438 3218 ὀφείλω
452 3170 500 3211 εἷς
519 3167 617 3220 ἔργον
638 3170 780 3220 ἀγαγεῖν
797 3170 858 3208 καὶ
874 3173 1062 3224 πληρῶσαι
1083 3172 1142 3211 τὸν

110 3225 213 3277 ὅρκον
233 3226 291 3265 τὸν
307 3227 403 3278 ἐμόν.
424 3227 534 3281 Ὁρᾷς
552 3230 645 3268 Θεοῦ
668 3231 932 3283 φιλανθρωπίαν
940 3249 950 3280 ;
976 3234 1031 3271 Οὐ
1057 3234 1145 3287 πρὸς

153 3358 166 3372 ·
184 3348 246 3381 Sex
265 3349 340 3381 Mss.
358 3356 482 3384 ἄκουσον
499 3358 552 3390 τὴν
573 3358 688 3397 ἀρα-τον
715 3358 766 3387 τοῦ
792 3359 858 3387 θεοῦ
880 3358 1119 3401 φιλανθρωπίαν·

102 3406 205 3446 'tipo-r..
222 3401 324 3435 Savil.
350 3408 473 3437 ditono-1
501 3419 554 3442 την
581 3411 696 3449 ἄφατον
719 3412 772 3440 τοῦ
794 3412 870 3441 Θεοῦ
894 3411 1122 3451 daniz-avia.-

1100 205 1263 237 GENES.
1302 204 1460 237 nomn„
1501 208 1541 238 LI
1551 227 1560 237 .

2074 195 2168 260 579

1214 290 1420 343 Profectus
1431 298 1501 337 est,
1519 289 1652 341 inquit,
1667 290 1722 328 ad
1733 289 1775 328 A
1779 290 1965 328 birnelech
1987 294 2026 328 in
2046 293 2167 330 Gera-

1212 365 1272 389 ra.
1299 351 1351 389 Eo
1369 351 1463 389 euim
1484 360 1517 389 et
1531 351 1713 390 Abraham
1733 361 1812 405 post
1831 352 1986 390 reditum
2006 367 2110 391 suum
2124 369 2168 392 ex

1214 413 1372 466 “Egypto
1386 423 1545 452 venerat.
1568 414 1776 453 Verisimile
1788 424 1906 452 aulem
1921 424 1954 452 et
1973 414 2067 453 hunc.
2087 430 2168 468 pro-

1214 482 1332 526 pterea
1354 475 1440 513 illuc
1451 475 1594 524 abiisse,
1611 476 1708 527 (pind
1724 476 1808 514 inde
1824 476 1858 513 in
1873 475 2071 529 [Egyptum
2085 491 2168 515 con-

1215 535 1358 574 tendere
1376 537 1483 574 vellet
1501 553 1510 583 ;
1546 547 1579 575 et
1599 538 1693 588 quod
1716 538 1783 576 hoc
1816 538 1863 575 ita
1887 537 1947 586 sit,
1965 537 2050 576 audi
2072 538 2169 576 Scri-

1214 606 1356 649 pturam
1377 598 1554 636 dicentem
1570 615 1577 636 :
1598 604 1636 637 (2.
1663 602 1774 638 Visus
1794 609 1847 638 est
1863 599 1957 638 euim
1971 603 2019 644 ei,
2036 599 2167 651 inquit,

1213 660 1334 706 Deus,
1357 669 1392 696 et
1413 661 1513 697 dia-ic
1533 677 1542 698 ε
1567 663 1627 698 Ne
1646 662 1857 699 descendas
1877 665 1917 698 in
1940 663 2167 714 ,Εξζνμίηημ

1180 726 1188 752 ²
1213 719 1305 757 Nolo
1334 729 1380 769 te,
1409 720 1540 771 inquit,
1572 722 1713 772 longam
1735 723 1833 760 illam
1857 723 1954 760 viam
1974 724 2168 775 proficisci,

1212 780 1274 818 sed
1306 781 1365 819 hic
1383 796 1524 820 manere
1543 783 1639 821 volo.
1664 785 1786 834 Neque
1805 784 1974 836 permitto
2003 794 2039 822 ut
2058 799 2171 835 angu-

1212 842 1317 880 stiam
1337 844 1548 896 experiaris,
1570 844 1632 881 sed
1647 843 1916 896 promissionem
1937 846 2025 897 patri
2047 846 2172 883 tuofa-

1213 913 1306 941 ctam
1330 904 1502 957 implelm,
1527 915 1561 943 et
1582 920 1660 956 quae
1686 906 1934 958 illixpromissa
1958 916 2059 951 sunt,
2084 908 2117 944 in
2140 916 2173 945 te

1213 965 1376 1003 evenient
1391 981 1398 1002 τ
1412 975 1446 1004 et
1457 975 1495 1004 tu
1513 966 1779 1019 promissiones,
1793 981 1871 1018 quse
1885 967 1936 1004 illi
1956 969 2054 1005 farta·
2072 977 2168 1019 sunt,

1214 1026 1343 1078 reipsa
1363 1027 1527 1079 accipies.
1553 1029 1614 1065 Ne
1633 1028 1844 1065 descendas
1861 1030 1903 1064 in
1927 1030 2137 1080 l'grpmm
2160 1044 2170 1065 .·

1215 1088 1354 1125 habita.
1393 1097 1525 1126 autem
1563 1091 1605 1126 in
1643 1098 1746 1126 terra
1779 1103 1897 1141 quarn
1933 1092 2003 1127 tibi
2022 1091 2169 1137 dicero,

1215 1150 1253 1186 5.
1271 1157 1306 1186 e!
1321 1153 1546 1203 peregrinus
1567 1159 1645 1189 esto
1666 1153 1707 1188 in
1729 1159 1833 1188 terra
1855 1151 1942 1189 hac.

1268 1578 1307 1613 2
1331 1576 1472 1614 Deinde
1494 1586 1534 1615 ut
1553 1591 1597 1615 ne
1612 1587 1714 1630 putet
1729 1579 1863 1631 justus,
1887 1581 2003 1618 Deum
2022 1580 2089 1619 hoc
2108 1581 2175 1619 im-

1213 1649 1339 1688 perare
1357 1637 1460 1688 quasi
1482 1638 1657 1676 volentem
1677 1653 1757 1677 eum
1778 1641 1882 1679 famis
1899 1642 2101 1692 augustiam
2113 1657 2175 1681 ex-

1214 1698 1339 1750 periri,
1361 1709 1395 1737 ct
1424 1714 1491 1737 non
1512 1700 1718 1752 permittere
1745 1701 1775 1739 ei
1796 1703 1984 1740 transitum
2003 1704 2036 1741 in
2061 1704 2176 1757 AEgy-

1213 1769 1331 1811 ptum,
1347 1760 1464 1811 inquit
1480 1777 1487 1797 :
1506 1762 1618 1799 Nesis
1631 1763 1775 1809 anxius,
1798 1778 1912 1815 neque
1925 1780 2047 1803 curam
2066 1766 2172 1816 habe,

1213 1820 1346 1858 sedhic
1359 1836 1461 1860 mane
1478 1838 1485 1858 τ
1509 1824 1594 1875 Ego
1611 1827 1713 1860 enim
1730 1839 1795 1861 ero
1810 1834 1947 1863 tecum.
1964 1827 2079 1877 Igitur
2092 1842 2175 1865 cum

1213 1882 1518 1935 suppeditatorem
1547 1884 1724 1922 honorum
1752 1886 1911 1925 omnium
1945 1887 2076 1925 habeas
2093 1919 2104 1938 ‚
2133 1903 2176 1927 ne

1214 1943 1261 1981 sis
1275 1944 1466 1983 sollicitus:
1481 1959 1546 1997 ego
1565 1945 1659 1983 enim
1676 1947 1852 1985 Dominus
1871 1948 2032 1986 omnium
2050 1964 2109 1987 ero
2124 1959 2176 1987 te-

1214 2019 1296 2042 cum
1317 2021 1324 2041 :
1347 2020 1460 2057 neque
1482 2006 1549 2044 hoc
1567 2007 1697 2053 solum,
1717 2006 1777 2044 sed
1795 2009 1847 2045 Ec
1873 2011 2100 2047 benedicam
2122 2018 2173 2060 te,

1215 2065 1282 2103 hoc
1304 2076 1370 2116 est,
1394 2067 1591 2117 gloriosum
1622 2077 1656 2105 te
1672 2068 1817 2117 faciam,
1839 2079 1872 2106 et
1890 2069 2177 2108 benedictionem

1171 2145 1194 2174 D
1214 2141 1330 2165 meam
1345 2129 1525 2180 przebeho.
1549 2128 1650 2174 Quid
1667 2129 1838 2180 hoejusto
1860 2131 2014 2179 beatius,
2037 2132 2100 2182 qui
2124 2142 2177 2170 ta-

1213 2189 1284 2226 lem
1302 2189 1577 2241 promissionem
1599 2204 1617 2227 a
1643 2191 1718 2227 Deo
1744 2191 1881 2243 accepit
1903 2207 1910 2227 :
1938 2194 2019 2229 Ero
2034 2202 2174 2240 tecum,

1214 2258 1251 2286 et
1271 2251 1498 2287 benedicam
1521 2254 1578 2288 te?
1598 2250 1674 2288 Hoc
1687 2260 1720 2289 te
1733 2251 1933 2290 declarabit
1948 2254 2115 2292 omnibus
2127 2256 2179 2293 fe-

1212 2309 1390 2360 liciorem,
1417 2310 1486 2348 hoc
1514 2319 1545 2348 te
1574 2311 1781 2350 affluentem
1805 2313 1912 2351 rebus
1927 2315 2094 2353 omnibus
2121 2316 2176 2353 fa-

1212 2371 1295 2422 ciet,
1318 2371 1393 2410 hoec
1419 2381 1470 2410 est
1492 2386 1631 2410 summa
1651 2373 1780 2425 gloria,
1820 2374 1897 2412 haec
1928 2389 2013 2413 vera
2051 2385 2102 2414 est
2125 2391 2179 2415 se-

1213 2433 1369 2482 curitas,
1410 2433 1478 2471 hoc
1510 2442 1562 2471 est
1598 2435 1740 2472 culmen
1780 2444 1814 2472 et
1845 2445 1951 2488 caput
1981 2437 2175 2485 bonorum,

1213 2495 1297 2546 quia
1317 2509 1382 2547 ego
1413 2505 1531 2533 tecum
1553 2510 1646 2533 sum.
1670 2498 1725 2534 Et
1752 2499 1978 2535 benedicam
2004 2507 2053 2536 te.
2079 2501 2178 2546 Quo-

1213 2555 1321 2594 modo
1351 2565 1470 2594 autem
1503 2565 1538 2594 te
1574 2556 1813 2594 benedicam?
1853 2559 1939 2595 Tibi
1970 2568 2005 2596 et
2037 2562 2177 2597 semini

1215 2626 1280 2655 tuo
1296 2618 1398 2655 dabo
1417 2626 1559 2655 terram
1585 2619 1700 2655 hanc.
1727 2619 1785 2655 Tu
1806 2618 1943 2656 videris
1973 2620 2008 2657 in
2030 2620 2096 2658 hac
2119 2635 2175 2659 re-

1213 2678 1318 2731 gione
1336 2678 1471 2716 versari
1497 2677 1599 2728 quasi
1620 2678 1747 2730 hospes
1765 2687 1798 2716 et
1818 2693 1930 2729 vagus
1955 2693 1962 2715 :
1988 2680 2080 2718 scias
2110 2696 2175 2719 au-

1213 2751 1284 2779 tem
1305 2741 1405 2792 quod
1424 2740 1490 2778 tibi
1509 2750 1543 2778 et
1561 2741 1687 2779 semini
1708 2750 1769 2779 tuo
1793 2742 1941 2780 dabitur
1963 2743 2040 2782 haee
2059 2745 2175 2784 omnis

1214 2812 1320 2841 telra.
1347 2802 1392 2840 Et
1419 2811 1458 2839 ut
1485 2802 1574 2839 bene
1596 2802 1768 2848 confidas,
1787 2803 1886 2842 disce
1915 2819 1972 2842 me
1988 2806 2174 2858 juramen-

1212 2874 1290 2903 tum
1306 2863 1413 2911 illud,
1437 2863 1667 2915 quodjuiavi
1686 2865 1839 2902 Abrahae
1854 2866 1949 2918 patri
1964 2876 2041 2916 tuo,
2057 2877 2174 2907 tecum

1210 2935 1376 2964 statuere
1400 2927 1433 2964 V
1438 2925 1495 2962 ide
1517 2924 1698 2975 quomodo
1717 2940 1915 2965 sermonem
1946 2942 2051 2966 suum
2075 2931 2173 2968 Deus

1210 2988 1341 3025 ite1um
1373 2995 1584 3038 attemperat
1618 2995 1748 3023 nostra
1769 2986 1984 3026 infi1mitati.
2010 2991 2090 3028 Non
2114 2991 2171 3029 di-

1211 3049 1262 3087 xit
1288 3047 1513 3100 simpliciter,
1545 3048 1650 3084 Pacta
1670 3061 1750 3097 quae
1774 3047 1838 3085 feei
1869 3063 1951 3087 cum
1970 3060 2071 3102 patre
2093 3061 2168 3100 tuo,

1211 3125 1324 3162 neque
1343 3108 1594 3163 promissiones
1625 3122 1714 3158 quas
1742 3109 1921 3161 promisi:
1956 3111 2018 3149 sed
2053 3113 2169 3163 quid?

1211 3174 1486 3211 Iter-amentum
1510 3170 1616 3221 quod
1628 3171 1777 3221 juravi.
1793 3171 2032 3223 Jurejnrando
2053 3173 2169 3225 ipsum

1212 3231 1423 3272 confirmavi
1445 3231 1710 3283 juramentum2
1723 3239 1756 3268 et
1775 3239 1892 3270 teneor
1909 3242 1946 3270 ut
1967 3247 2071 3286 opere
2089 3249 2168 3286 per-

1156 3356 1270 3389 Morel.
1290 3362 1411 3389 imm-w
1429 3363 1480 3392 τῆς
1497 3362 1615 3399 Γραρῆς
1633 3357 1786 3396 >wer-3705.
1807 3360 1887 3399 'essf-
