2516 3791
651 203 655 205 -
691 184 730 214 ΙΝ
771 184 872 215 (ΛΡ.
913 186 1010 215 XX!-

105 280 202 315 σμον.
226 266 271 304 Τι’
290 265 385 310 ἐστι,
403 265 530 317 ‹bod-ng)
557 265 591 304 δὲ
618 266 781 306 διαῧόλου
808 267 952 311 Θάνατος
975 270 1131 315 εἰσῆλθεν

103 330 148 371 εἰς
165 327 221 365 τὸν
252 327 398 377 κόσμον,
416 327 561 375 Ἐπειδὴ
592 327 658 379 γὰρ
690 323 757 367 εἶδε
783 331 822 367 τὸ
852 331 1001 382 πονηρὸν
1032 335 1133 370 τοῦτο

102 389 219 442 θηρίον
249 388 420 427 ἀθάνατον
453 389 636 441 γενόμενον
662 390 720 428 τὸν
749 390 1046 443 πρωτόπλαστον,
1073 394 1132 431 διὰ

102 452 162 496 τῆς
181 450 310 493 οἰκείας
331 450 498 503 πονηρίας
526 453 574 494 εἷς
601 451 664 499 τὴν
689 454 751 498 τῆς
778 454 920 498 ἐντολῆς
948 453 1132 505 παρακοὴν

102 512 204 550 αὐτὸν
229 513 360 564 ἤγαγε,
381 514 438 551 καὶ
460 514 504 552 δι’
531 514 664 562 ἐκείνης
683 518 742 552 τοῦ
770 516 917 553 θανάτου
939 515 1002 563 τὴν
1022 532 1131 566 τιμω-

103 574 177 626 ρίαν
207 575 470 627 παρεσκεύασεν
500 575 604 614 αὐτὸν
633 576 907 615 ἐπισπάσασθαι.
940 575 984 615 Ὁ
1012 577 1132 628 φθόνος

100 635 212 673 τοίνυν
234 636 296 683 τὴν
317 636 455 683 ἀπάτην
482 637 690 689 εἰργάσατο,
718 641 739 684 ἡ
771 636 888 684 ἀπάτη
921 636 984 684 τὴν
1012 652 1128 689 παρα-

100 696 205 744 κοὴν,
239 701 260 744 ἡ
296 698 458 749 παρακοὴ
498 699 555 736 τὸν
595 698 753 736 θάνατον.
787 697 855 735 Διὰ
886 698 988 735 τοῦτό
1019 713 1130 750 φησι·

99 758 227 811 ψθόνῳ
256 759 418 797 διαὸόλου
448 760 592 803 θάνατος
627 762 785 806 εἰσῆλθεν
820 761 868 803 εἰς
892 760 950 798 τὸν
986 760 1128 811 κόσμον.

100 814 201 864 Εἶδες
221 820 313 867 πόση
330 824 390 859 τοῦ
418 820 548 864 πάθους
563 824 584 867 ἡ
601 821 718 872 λύμης
738 822 810 860 Τὸν
830 821 1004 874 ἀθανασίᾳ
1022 838 1131 873 τιμη-

98 881 200 920 θέντα
241 881 378 934 θανάτῳ
415 885 620 920 ὑποκεῖσθαι
653 882 861 929 πεποίηκεν.
886 883 978 921 Ἀλλ’
1015 887 1033 922 ὁ
1067 884 1129 935 μὲν

97 943 219 996 ἐχθρὸς
246 946 308 990 τ’ἧς
335 943 508 995 ἡμετέρας
540 944 736 997 σωτηρίας,
768 945 825 983 τὸν
854 947 980 984 οἰκεῖον
1009 946 1131 998 φθόνον

97 1004 262 1051 κινήσας,
296 1006 380 1043 ὄντα
412 1004 583 1044 ἀθάνατον
606 1005 663 1044 τὸν
683 1006 961 1057 πρωτόπλοιστον
993 1007 1131 1061 θανάτῳ

96 1067 396 1114 καταδικασθῆναι
429 1065 644 1114 πεποίηκεν·
672 1070 690 1105 ὁ
718 1067 752 1106 δὲ
783 1068 944 1119 κηδεμὼν
978 1068 1037 1106 καὶ
1069 1084 1125 1122 (pv.-

96 1127 298 1180 λάνθρωπος
317 1128 523 1176 ΣΙΔε.σπι>’της
556 1127 612 1166 διὰ
640 1132 700 1167 τοῦ
738 1130 887 1168 θανάτου
914 1133 974 1167 τοῧ
1003 1131 1129 1168 οἰκείου

96 1190 201 1228 πάλιν
225 1190 288 1238 τὴν
325 1190 516 1229 ἀθανασίαν
539 1194 623 1242 ἡμῖν
655 1191 865 1245 ἐχαρίσατο,
896 1191 955 1230 καὶ
989 1191 1130 1242 μείζονα

96 1246 143 1290 ῶν
172 1252 407 1304 ἀπωλέσαμεν
442 1252 605 1306 εὕραμεν.
636 1253 856 1306 Παραδείσου
883 1256 1010 1297 ἐκεῖνος
1045 1252 1128 1300 ἐξή-

96 1330 199 1367 γαγε,
229 1314 289 1352 καὶ
321 1316 369 1358 εἷς
397 1314 456 1352 τὸν
484 1315 625 1368 οὐρανὸν
655 1309 751 1358 οὗτος
785 1315 938 1367 ἀνήγαγε
955 1331 962 1338 ·
991 1315 1129 1367 θανάτῳ

96 1375 397 1421 καταδικασθῆναι
427 1377 554 1418 ἐκεῖνος
593 1375 785 1423 πεποίηκε,
820 1375 879 1414 καὶ
906 1375 969 1423 τὴν
1000 1377 1127 1414 ἀθανα-

95 1435 173 1474 σίαν
201 1439 285 1486 ἡμῖν
306 1430 403 1480 οὗτος
432 1436 645 1489 ἐχαρίσατο·
675 1439 738 1483 τῆς
757 1440 790 1476 ἐν
820 1436 1021 1491 παραδείσῳ
1051 1453 1130 1491 τρυ-

95 1499 161 1549 φῆς
191 1497 425 1550 ἀπεστέρησεν
448 1499 592 1543 ἐκεῖνος,
615 1498 674 1536 καὶ
703 1498 883 1550 βασιλείαν
907 1503 992 1550 ἡμῖν
1023 1501 1128 1552 οὐρα-

93 1560 160 1597 νῶν
191 1559 391 1612 εὐτρέπισεν
418 1553 527 1603 οὗτος.
559 1553 659 1603 Εἶδες
698 1564 758 1598 τοῦ
791 1560 971 1599 Δεσπότου
1000 1576 1060 1598 σου
1091 1560 1129 1599 τὸ

94 1621 312 1674 εὐμήχανον,
330 1621 389 1660 καὶ
411 1621 505 1666 ὅπως
528 1620 572 1660 τὰ
599 1621 696 1674 παρὰ
723 1626 786 1669 τῆς
813 1621 1006 1673 βασκανίας
1034 1621 1125 1660 ὅπλα

92 1685 152 1720 τοῦ
177 1682 339 1721 διαὸόλου
371 1682 463 1721 κατὰ
490 1685 553 1728 ’τῆς
584 1683 759 1736 ἡμετέρας
783 1683 959 1737 σωτηρίας
985 1700 1124 1735 γεγενη-

94 1742 199 1792 μένα,
221 1745 334 1781 ἐκεῖνα
363 1743 452 1782 αὐτὰ
481 1743 703 1797 περιέτρεψεν
725 1746 772 1788 εἷς
799 1744 862 1791 τὴν
884 1747 988 1783 αὐτοῦ
1020 1760 1126 1797 κεφα-

91 1804 174 1851 λήν;
194 1806 248 1843 Οὐ
266 1804 367 1855 μόνον
386 1804 453 1858 γὰρ
468 1809 562 1856 ’ἡμᾶς
585 1804 749 1856 μειζόνων
770 1805 915 1851 ἠξίωσεν
928 1836 937 1853 ,
955 1805 1045 1844 ἀλλὰ
1067 1806 1127 1843 καὶ

91 1869 221 1905 ἐκεῖνον
246 1870 331 1917 ἡμῖν
350 1866 548 1920 ὑποχείριον
568 1866 714 1914 ἔδωκεν,
734 1866 840 1905 εἰπών
853 1883 860 1890 ·
881 1865 970 1906 Ἰδοὺ
991 1867 1125 1906 δέδωκα

29 1933 39 1941 ’
91 1932 173 1979 ὑμῖν
202 1928 356 1972 ἐξουσίαν
389 1935 510 1966 πατεῖν
547 1929 664 1967 ἐπάνω
697 1929 806 1981 ὄφεων
841 1929 900 1966 καὶ
936 1929 1124 1982 σκορπίων.

91 1991 214 2028 Ταῦτα
244 1989 357 2028 τοίνυν
393 1990 531 2028 ἅπαντα
566 1989 782 2042 λογιζόμενοι
815 1990 875 2028 καὶ
909 1990 967 2028 τὸν
1003 1989 1123 2042 φθόνον

90 2055 152 2098 τῆς
178 2054 308 2090 ἑαυτῶν
328 2053 442 2104 ψυχῆς
471 2051 696 2105 ἐξορίζιι)μεν,
716 2051 776 2090 καὶ
800 2050 864 2097 τὴν
893 2050 1025 2090 εὔνοιαν
1058 2050 1122 2097 τὴν

89 2112 187 2165 παρὰ
216 2118 275 2152 τοῦ
303 2115 394 2152 Θεοῦ
429 2112 671 2164 ἐπισπώμεθα.
709 2115 822 2152 Τοῦτο
854 2112 922 2165 γὰρ
951 2115 1052 2162 ἡμῶν
1083 2112 1123 2150 τὸ

89 2174 194 2213 ἅτλον
230 2175 270 2213 τὸ
302 2173 585 2226 ἀκαταγώνιστον
609 2191 615 2198 ·
647 2178 748 2213 τοῦτο
781 2177 882 2225 ἡμῶν
914 2177 934 2220 ἡ
974 2174 1119 2225 μεγίστη

88 2233 281 2286 περιουσία.
309 2232 378 2272 Διὰ
403 2239 502 2272 τοῦτο
529 2233 588 2271 καὶ
607 2237 625 2272 ὁ
644 2233 815 2285 Ἰσμαὴλ,
836 2233 950 2272 καίτοι
969 2233 1042 2277 νέος
1061 2233 1120 2271 καὶ

88 2296 122 2332 ἐν
144 2293 342 2348 ἐρημίορῶν
363 2295 423 2333 καὶ
447 2297 559 2346 πολλῇ
583 2294 732 2348 ἀπορίᾳ,
747 2294 868 2348 ἀθρόον
886 2293 1039 2342 ηὐξήθη,
1060 2293 1120 2332 καὶ

88 2358 134 2400 εἰς
154 2356 247 2401 ἔθνος
270 2357 359 2408 μέγα
379 2356 550 2395 ἐπέδωκεν
568 2372 576 2379 ·
600 2356 718 2403 ἐπειδὴ
739 2356 783 2396 Ὁ
800 2356 890 2400 Θεὸς
924 2350 964 2403 ἦν
977 2387 986 2403 ,
1013 2356 1118 2408 φησὶ,

88 2418 176 2469 μετὰ
202 2424 261 2458 τοῦ
287 2419 437 2457 παιδίου.
463 2419 641 2458 Ἐντεῦθεν
662 2419 729 2472 γὰρ
755 2423 839 2471 ἡμῖν
864 2423 881 2457 ὁ
909 2419 1008 2471 λόγος
1028 2419 1118 2462 ἅπας

86 2480 298 2528 ἐξεκυλίσθη.
327 2480 568 2534 Ὑπερίδωμεν
607 2476 684 2529 οῧν,
713 2483 932 2534 παρακαλῶ,
954 2482 1022 2518 τῶν
1050 2495 1119 2519 πα-

87 2540 466 2592 ρόντιι)ν,”ποθῆσωμεν
496 2541 539 2579 τὰ
570 2542 762 2591 μέλλοντα,
793 2543 856 2589 τὴν
891 2542 1024 2580 εὔνοιαν
1054 2541 1116 2589 τὴν

83 2602 180 2656 παρὰ
209 2608 268 2642 τοῦ
297 2606 388 2642 Θεοῧ
419 2603 561 2641 πάντων
589 2607 838 2656 προτιμῶμεν,
873 2603 932 2642 καὶ
964 2602 1022 2641 διὰ
1055 2606 1117 2650 τῆς

83 2664 228 2716 ἀρίστης
244 2664 421 2709 πολιτείας
435 2667 568 2708 ἑαυτοῖς
588 2665 720 2712 ’,ταλλὴν
740 2664 1021 2718 προαποθώμεθα
1051 2663 1116 2711 τὴν

82 2725 300 2778 παρρησίαν,
325 2725 382 2764 ἵνα
404 2727 463 2764 καὶ
489 2727 546 2765 τὸν
578 2726 734 2780 παρόντα
763 2726 835 2777 βίον
867 2726 1009 2770 ἀλύπως
1038 2726 1115 2763 δια-

82 2786 183 2825 νύσαι
205 2787 426 2837 δυνηθῶμεν,
455 2789 515 2826 καὶ
540 2792 609 2827 τῶν
637 2788 833 2839 μελλόντων
866 2790 1005 2839 ἀγαθῶν
1036 2790 1113 2826 ἐπι-

1051 185 1211 214 Gumis.

1153 1511 1177 1540 Ι)

1129 2826 1175 2851 ἰ73

1255 185 1410 214 uomr..
1452 185 1574 214 nivi.
2066 175 2158 233 543

1205 277 1270 314 est,
1291 270 1445 307 Invidia
1456 270 1605 307 diaboli
1619 283 1720 308 mors
1734 273 1894 309 intr-(wit
1906 274 1944 309 in
1957 275 2138 311 mumdum
2148 281 2163 310 ξ’

1206 327 1295 364 Nam
1318 336 1506 379 postquam
1528 328 1619 366 mala
1642 328 1719 366 lucc
1739 329 1848 367 bestia
1871 331 2027 382 primum
2049 332 2159 369 homi-

1206 402 1285 425 nem
1298 388 1389 427 vidit
1403 389 1652 438 immortalem,
1664 405 1727 443 per
1737 406 1836 429 suam
1850 392 2106 443 malignitatem
2118 395 2161 432 ml

1206 451 1518 500 transgressionem
1536 452 1693 490 mandati
1713 452 1874 502 induxit,
1891 469 2070 507 perquam
2084 456 2163 493 serit

1209 520 1246 548 ut
1264 512 1367 548 morti
1389 512 1485 550 lieret
1500 513 1688 552 obnoxius.
1706 515 1844 553 Invidia
1861 516 1972 565 igitur
1985 517 2163 571 deceptio-

1205 587 1283 610 nem
1300 583 1442 624 operata
1461 583 1509 611 est
1524 604 1532 621 ‚
1549 575 1708 628 deceptio
1727 577 2001 616 inobedienti-‘un
2013 609 2022 626 ,
2045 580 2163 617 inobe-

1203 633 1333 671 dientia
1350 644 1511 672 mortem.
1532 636 1719 687 Propterea
1738 638 1823 676 dicit
1839 656 1846 675 :
1860 642 2015 679 Invidia
2033 651 2162 680 {tutem

1203 695 1354 732 diaboli
1366 710 1466 733 mors
1479 698 1638 734 intravit
1651 701 1690 735 in
1703 701 1884 737 »cundum
1895 732 1900 738 .
1910 703 1936 740 Y
1946 701 2040 740 idisti
2053 719 2162 754 quau-

1205 765 1278 794 tum
1301 757 1499 795 affectionis
1528 758 1635 809 liujus
1665 758 1836 797 damnum
1850 762 1867 798 ἱ)
1894 763 2164 802 quuortalitate

1203 818 1415 856 honoratum
1429 819 1616 858 mortalem
1650 821 1742 858 fecit.
1756 823 1890 860 Yerum
1907 823 2071 862 iuimicus
2085 827 2162 877 ‹pii-

1201 882 1283 919 dem
1296 891 1421 920 nostrat
1436 882 1572 931 salutis,
1587 896 1649 920 sua
1666 881 1800 920 invidia
1813 893 1873 931 ,ιιι
1888 885 2025 937 primus
2039 887 2157 931 homo,

1202 943 1262 993 qui
1294 943 1505 981 immortalis
1521 954 1613 992 erat,
1632 943 1676 982 ad
1697 954 1845 982 mortem
1865 946 2160 987 condemnaretur

1202 1004 1317 1042 essccit
1337 1021 1344 1041 :
1362 1005 1561 1044 misericors
1576 1015 1695 1044 autem
1715 1005 1961 1058 sollicitusque
1974 1023 2038 1060 pro
2058 1011 2160 1048 nohis

1203 1065 1392 1112 Dominus,
1403 1081 1466 1118 per
1483 1076 1632 1105 mortem
1654 1082 1754 1105 suam
1768 1068 1895 1105 iterum
1916 1068 2161 1108 immortalita-

1203 1136 1272 1165 tem
1285 1127 1388 1166 nobis
1404 1128 1554 1180 largitus
1571 1138 1631 1167 est.
1646 1129 1750 1167 Unde
1761 1138 1793 1167 et
1805 1131 1937 1182 majora
1949 1146 2055 1182 quam
2071 1134 2158 1170 ami-

1201 1189 1313 1226 simus
1330 1189 1544 1228 invenimus.
1559 1190 1730 1228 Paradiso
1745 1191 1846 1244 ejecit
1867 1192 1925 1229 ille
1937 1223 1947 1241 ,
1967 1193 2026 1231 hie
2043 1193 2077 1231 in
2092 1208 2157 1232 ‹⁸ae-

1201 1248 1278 1287 lum
1294 1250 1436 1289 induxit
1455 1267 1462 1288 :
1481 1252 1542 1290 ille
1556 1262 1667 1290 morte
1684 1253 1912 1291 condemnari
1929 1269 1990 1293 nos
2005 1258 2156 1299 curavit,

1201 1310 1260 1348 hic
1271 1312 1575 1351 immortalitatem
1589 1314 1692 1352 nohis
1705 1314 1855 1366 largitus
1866 1316 1992 1354 est:ille
2003 1317 2158 1369 paradisi

1200 1370 1339 1410 deliciis
1355 1373 1591 1425 privavit7hic
1605 1389 1755 1427 regnum
1770 1376 1938 1415 caelorum
1955 1378 2056 1416 nobis
2069 1394 2158 1431 pra:-

1201 1434 1353 1486 paravit.
1372 1435 1507 1475 Vidisti
1523 1437 1686 1475 solertem
1704 1438 1847 1476 Domini
1865 1439 1914 1476 tui
1931 1440 2159 1492 sapientiam?

1201 1504 1233 1532 et
1253 1496 1435 1546 quomodo
1455 1512 1493 1535 ea
1512 1512 1591 1549 quae
1607 1513 1670 1550 per
1690 1499 1865 1537 invidiam
1885 1499 2018 1539 diaboli
2037 1512 2157 1540 eontra

1200 1557 1351 1596 salutem
1370 1569 1529 1598 nostram
1549 1561 1639 1599 sacta
1661 1571 1761 1611 sunt,
1783 1562 1818 1600 in
1836 1572 1941 1615 caput
1961 1563 2059 1601 illius
2074 1578 2156 1602 con-

1200 1619 1336 1657 vertit?
1356 1622 1436 1659 Non
1453 1622 1548 1659 enim
1565 1620 1681 1660 solum
1697 1636 1760 1661 nos
1774 1625 1971 1676 majoribus
1985 1625 2154 1676 dignatus

1199 1689 1262 1729 est,
1271 1681 1371 1719 sedet
1383 1681 1486 1719 illum
1502 1682 1617 1734 ipsum
1630 1682 1732 1720 nobis
1740 1684 2034 1736 subjecitdicens,
2057 1688 2154 1725 Ecce
2166 1712 2201 1738 ,m

2232 1629 2352 1656 Dss'lnwn

2205 1670 2355 1708 subjectus

2207 1714 2289 1738 mini.

1200 1742 1290 1779 dedi
1298 1744 1409 1780 'vobis
1414 1752 1642 1794 potestatem
1651 1745 1834 1782 calcandi
1843 1756 2152 1798 superserpentes
2169 1753 2237 1782 Lm.
2250 1763 2282 1781 ¹0
2307 1763 2350 1792 ¹9-

1199 1811 1235 1840 et
1264 1807 1493 1856 scorpiones.
1528 1804 1681 1842 Proinde
1699 1805 1774 1843 haec
1794 1807 1912 1844 omnia
1942 1808 2153 1859 cogitantes,

1198 1873 1231 1902 ct
1251 1864 1426 1903 invidiam
1447 1880 1491 1903 ex
1519 1866 1705 1904 animabus
1730 1868 1859 1905 nostris
1885 1869 2100 1921 effugemus,
2122 1880 2154 1908 et

1197 1925 1404 1965 studeamus
1419 1937 1457 1965 ut
1472 1926 1633 1966 divinam
1650 1928 1751 1966 nobis
1767 1929 2049 1969 benevolentiam
2068 1945 2152 1969 con-

1197 1987 1371 2026 ciliemus.
1382 1979 1464 2026 Haec
1480 1988 1574 2026 enim
1589 1998 1708 2027 nostra
1723 1999 1903 2028 armatura
1919 1991 2089 2041 solida,et
2100 1992 2152 2030 in-

1195 2050 1449 2101 expugnabilis
1459 2080 1469 2098 ,
1488 2049 1542 2087 hae
1557 2059 1684 2088 nostrae
1698 2052 1862 2089 maxima:
1876 2053 2078 2091 facultates:
2090 2068 2153 2105 per

1195 2110 1287 2147 hanc
1301 2119 1334 2148 et
1353 2111 1498 2160 Ismael,
1515 2111 1679 2162 quamvis
1693 2111 1911 2160 adolescens,
1929 2122 1962 2150 et
1979 2114 2013 2151 in
2031 2114 2153 2152 solitu-

1192 2171 1297 2220 dine,
1319 2186 1511 2224 rerumque
1527 2174 1687 2212 omnium
1714 2173 1831 2226 inopia
1851 2188 2013 2224 versans,
2033 2176 2151 2213 statim

1194 2234 1324 2283 crevit,
1341 2243 1374 2272 et
1391 2234 1426 2271 in
1443 2244 1581 2286 gentem
1598 2249 1764 2285 magnam
1781 2236 1894 2274 factus
1910 2237 2068 2287 est:quia
2086 2239 2148 2276 ΞΟ.

1192 2296 1301 2333 Deus
1320 2304 1424 2342 erat,
1443 2295 1558 2347 inquit
1572 2327 1580 2344 ,
1592 2310 1679 2334 cum
1695 2311 1825 2347 puero.
1840 2297 1933 2335 Hinc
1948 2298 2041 2335 enim
2056 2308 2150 2336 totus

1192 2369 1308 2395 sermo
1329 2365 1451 2394 noster
1477 2370 1637 2409 egressus
1665 2367 1726 2395 est.
1748 2357 1996 2410 Despiciamus
2019 2359 2147 2410 igitur,

1191 2431 1266 2468 oro,
1279 2419 1481 2472 praesentia,
1498 2418 1743 2458 desideremus
1755 2420 1872 2457 futura
1888 2435 1895 2456 :
1914 2420 2065 2471 gratiam
2083 2422 2148 2458 Dei

1191 2479 1356 2517 omnibus
1369 2479 1614 2532 praeferamus,
1626 2488 1659 2517 et
1671 2493 1734 2531 per
1746 2479 1857 2517 vitam
1869 2479 2038 2530 optimam
2055 2479 2147 2517 mul-

1189 2548 1261 2577 tam
1282 2539 1454 2577 fiduciam
1467 2540 1569 2578 nobis
1586 2549 1687 2577 antea
1705 2553 1917 2591 reponamus
1933 2555 1940 2575 z
1956 2549 1993 2576 ut
2009 2549 2041 2577 et
2057 2554 2147 2591 prze-

1190 2610 1324 2639 sentem
1338 2601 1450 2640 vitam
1470 2601 1557 2639 citra
1569 2615 1754 2639 moerorem
1774 2601 2027 2651 transigamuS,
2042 2610 2075 2639 ct
2090 2602 2145 2638 su-

1193 2671 1270 2700 tura
1290 2662 1382 2700 bona
1416 2676 1692 2713 consequamur,
1721 2661 1833 2713 gratia
1865 2670 1898 2698 et
1930 2661 2147 2713 benignitate

1190 2724 1334 2762 Domini
1349 2724 1457 2761 nostri
1472 2725 1554 2763 Jesu
1573 2722 1726 2767 Christi,
1743 2722 1800 2759 cui
1818 2737 1897 2760 cum
1916 2723 2019 2761 Patre
2036 2723 2145 2760 simul

1191 2794 1223 2823 et
1242 2785 1380 2837 Spiritu
1403 2785 1532 2823 Sancto
1553 2784 1598 2821 sit
1620 2783 1755 2835 gloria,
1777 2783 1986 2835 imperium,
2009 2783 2143 2829 honor,

81 2848 242 2901 τύχωμεν
255 2879 264 2896 ,
292 2849 413 2902 χάριτι
432 2850 492 2887 καὶ
519 2850 764 2904 φιλανθρωπίᾳ
783 2855 843 2889 τοῦ
860 2849 988 2903 Κυρίου
1012 2853 1114 2901 ἡμῶν
1142 2866 1165 2893 A
1190 2859 1283 2884 nunc
1301 2854 1335 2884 et
1354 2859 1512 2898 semper,
1528 2854 1561 2883 et
1578 2844 1612 2882 in
1634 2844 1843 2882 saeculorum
1860 2844 2000 2883 saecula.
2018 2846 2143 2894 Anien.

81 2910 198 2957 Ἰησοῦ
229 2911 401 2962 Χριστοῦ,
434 2913 508 2962 μεθ’
538 2915 576 2950 οὓ
610 2915 660 2963 τῷ
691 2912 809 2966 Πατρὶ
843 2912 918 2963 ἅμα
948 2914 998 2964 τῷ
1027 2911 1116 2963 ἁγίῳ

81 2970 264 3022 Πνεύματι
291 2970 393 3018 δόξα,
421 2971 564 3024 κράτος,
586 2972 693 3023 τιμὴ,
714 2976 772 3010 ν’ὔν
806 2973 866 3011 καὶ
895 2973 966 3021 ἀεὶ,
987 2972 1047 3011 καὶ
1068 2975 1115 3015 εἰς

82 3031 158 3076 τοὺς
175 3034 304 3077 αἰῶνας
321 3036 389 3071 τῶν
414 3032 558 3071 αἰώνων.
578 3033 698 3083 Ἀμήν.

127 3172 139 3185 ³
157 3160 367 3203 [Addidiiuus
382 3170 527 3200 Δεςπὲτης
543 3173 559 3195 e
575 3161 691 3204 Cois-14
