2483 3791
297 244 387 306 154
688 259 727 290 S.
765 257 952 289 JOANNIS
988 257 1234 288 CHRYSOST.
1270 258 1477 289 ARCHIEP.
1515 259 1875 290 CONSTANTINOP-

280 343 318 381 in
330 351 499 394 quantam
513 341 656 380 ruinam
669 341 766 394 ipsos
779 341 987 379 adduxisset
998 339 1158 377 mandati
1172 339 1236 377 do-

281 404 406 442 minici
424 403 681 457 praevaricatio.
698 402 770 449 Qui
789 403 883 440 enim
904 410 1005 439 antea
1025 400 1236 437 fruebantur

280 475 378 504 tanta
407 464 560 514 fiducia,
586 473 618 502 et
644 478 756 514 neque
782 463 852 501 sibi
883 460 1014 500 conscii
1043 469 1142 497 erant
1161 474 1235 498 sese

281 526 396 565 nudos
415 541 489 565 esse
509 542 517 562 :
537 538 600 563 nec
619 522 708 561 nudi
726 532 839 572 erant,
862 521 1154 573 quandoquidem
1176 535 1237 559 su-

281 602 391 640 perna
416 587 510 639 ipsos
532 585 643 637 gloria
665 583 790 634 quovis
809 582 1018 621 vestimento
1049 581 1236 620 honestius

281 649 421 700 tegebat
443 663 451 683 :
474 655 554 699 post
569 659 679 693 esum,
700 645 767 682 hoc
786 653 851 693 est,
870 652 949 696 post
965 643 1234 696 praevaricatio-

281 723 362 747 nem
376 716 658 761 praeceptorum,
675 706 711 743 in
743 714 880 742 tantam
899 704 1077 743 vilitatem
1100 704 1238 743 redacti

1310 341 1540 392 γυμνότητος,
1556 340 1613 379 ἵνα
1630 341 1687 379 διὰ
1703 346 1766 389 τῆς
1785 341 2050 389 καταλαὸούσης
2069 341 2190 387 αὐτους
2209 342 2332 396 αἴσχυ-

1309 417 1371 448 νης
1389 418 1520 453 γνωσιν
1540 403 1714 455 ἀκριὸῶς,
1738 405 1786 449 εἰς
1811 408 1879 443 οἷον
1910 404 2032 448 αὐτους
2056 405 2192 444 ὄλισθον
2220 405 2331 457 ἤγαγε

1309 463 1378 501 ’Στὸ
1400 463 1604 516 παραὸἧναι
1625 480 1687 511 ἰ-ην
1721 465 1862 513 ἐντολὴν
1887 481 1946 504 του
1979 466 2170 505 Δεσπότου.
2193 468 2240 505 Οἱ
2265 466 2334 518 γὰρ

1309 524 1377 577 πρὸ
1397 523 1520 564 τούτου
1536 525 1709 572 τοσαύτης
1735 526 1934 578 παῤῥησίας
1958 527 2225 572 ,ἀπολαύσαντες
2238 557 2247 574 ,
2273 528 2333 565 καὶ

1310 585 1389 625 οὐδὲ
1410 585 1536 629 εἰδότες
1550 585 1604 624 ὅτι
1628 586 1753 638 γυμνοὶ
1774 587 2004 639 τυγχάνουσιν
2017 603 2026 611 ·
2057 588 2132 626 οὐδὲ
2158 588 2224 640 γὰρ
2245 583 2334 635 ἦσαν

1309 647 1454 699 γυμνοί·
1476 650 1498 694 ἡ
1524 647 1592 700 γὰρ
1624 648 1752 686 ἄνωθεν
1776 647 1856 692 δόξα
1883 649 2012 692 παντὸς
2040 648 2179 699 ἱματίου
2205 651 2335 700 μᾶλλον

1312 708 1433 753 αὐτοὺς
1455 709 1682 762 περιέσκεπε·
1701 708 1790 760 μετὰ
1812 709 1848 748 δὲ
1872 709 1934 757 τὴν
1965 712 2113 762 βρῶσιν,
2133 713 2225 748 τοῦτ’
2251 710 2337 757 ἔστι,

281 778 381 818 sunt,
395 778 434 806 ut
453 769 499 806 ob
520 766 783 805 intolerabilem
802 764 979 818 pudorem
997 775 1130 804 vestem
1152 775 1299 821 tunc13⁰
1313 770 1401 820 μετὰ
1417 770 1478 818 τὴν
1502 770 1703 822 παράέασιν
1728 773 1796 809 τῶν
1814 771 2121 824 προσταχθέντων,
2142 773 2190 815 εἷς
2208 770 2337 810 τοσαύ-

281 839 492 881 quaererent.
509 829 655 881 Quippe
671 827 831 865 mandati
848 827 1094 879 praevaricatio
1113 837 1153 865 ut
1172 842 1237 865 su-
1262 835 1287 863 A

282 891 457 943 pervenit,
481 899 612 928 vestem
631 889 732 927 illam
753 902 881 926 novam
904 897 938 926 et
964 888 1215 927 admirabilem
1228 919 1238 936 ,

282 952 404 1004 gloriae
435 952 584 1002 inquam
617 965 658 988 ac
689 963 850 1002 supernae
882 949 1138 987 benevolentiae
1169 964 1239 1001 qua

281 1013 400 1051 induti
419 1023 533 1062 erant,
550 1011 713 1061 abstulit,
737 1020 772 1049 et
790 1010 964 1049 nuditatis
983 1025 1126 1049 sensum
1143 1027 1239 1064 prae-

280 1074 362 1112 buit
379 1074 531 1126 illosque
550 1072 685 1124 ingenti
706 1072 843 1124 pudore
862 1071 1114 1110 circumdedit.
1133 1075 1169 1111 7.
1186 1074 1242 1111 Et

282 1135 635 1187 consueruntfolia
657 1133 774 1184 siem,
807 1141 845 1170 et
858 1134 1046 1186 fecerunt
1067 1135 1242 1171 sibimet-

282 1198 375 1247 ipsis
401 1198 670 1234 succinctoria.
691 1195 848 1233 Obsecro
865 1223 876 1243 ,
898 1194 1028 1232 dilecte
1043 1224 1055 1245 ‚
1089 1194 1210 1246 cogita
1229 1225 1239 1244 ⁷

282 1257 460 1308 quomodo
488 1266 522 1295 et
555 1272 575 1295 a
601 1266 734 1308 quanto
769 1255 913 1307 fastigio
951 1256 988 1294 in
1019 1255 1240 1308 profundum

282 1319 523 1371 praecipitium
544 1318 673 1370 dejecit
686 1318 767 1356 illos
782 1317 918 1355 diaboli
931 1317 1131 1356 consilium.
1146 1319 1240 1356 Nam

282 1389 380 1417 tanta
399 1380 511 1431 gloria
529 1379 668 1418 dudum
686 1378 912 1427 circumdati,
932 1392 1026 1415 nunc
1043 1378 1127 1415 folia
1148 1378 1240 1416 ficus

284 1450 515 1489 consuunt‚et
534 1441 603 1479 sibi
618 1440 851 1479 succinctoria
866 1439 1010 1478 faciunt.
1026 1439 1104 1477 Hoc
1117 1438 1240 1478 diabo-

281 1503 360 1541 licae
375 1502 593 1555 deceptionis
601 1503 742 1541 lucrum
753 1511 821 1540 est:
839 1501 910 1539 hoc
924 1501 1065 1538 consilii
1078 1501 1108 1553 ej
1115 1515 1155 1539 us
1167 1515 1240 1539 ma-

283 1565 454 1614 chinatio,
464 1574 580 1603 utnon
592 1565 708 1602 solum
716 1564 850 1615 majora
861 1576 930 1600 non
941 1563 1125 1610 conferret,
1138 1562 1199 1600 sed
1207 1571 1241 1600 et

282 1626 468 1677 acquisitis
484 1626 650 1673 nudaret,
663 1634 697 1663 et
712 1624 901 1662 destitutos
916 1624 962 1661 ab
977 1623 1020 1661 iis
1040 1637 1118 1674 quae
1132 1623 1240 1661 habe-

283 1689 373 1727 bant
393 1688 605 1727 ostenderet.
627 1688 750 1738 Itaque
762 1686 848 1737 quia
860 1685 929 1723 cibi
951 1685 1086 1723 occasio
1102 1699 1241 1737 praeva-

283 1750 491 1788 ricationem
514 1749 610 1797 fecit,
648 1748 781 1786 idcirco
810 1746 926 1797 inquit
954 1746 1162 1798 Scriptura:
1188 1747 1242 1783 Et

283 1812 543 1857 comederunt,
553 1818 589 1848 et
597 1811 721 1861 aperti
734 1808 938 1846 suntoculi
949 1820 1079 1844 eorum
1091 1822 1102 1842 :
1115 1805 1244 1856 non-de

283 1872 512 1910 sensibilibus
532 1870 646 1908 oculis
663 1869 798 1916 dicens,
822 1867 884 1905 sed
901 1867 946 1905 de
974 1881 1077 1904 sensu
1098 1866 1239 1904 mentis.

284 1933 378 1971 Nam
395 1931 565 1983 quoniam
580 1929 747 1969 mandata
764 1927 974 1980 transgressi
997 1936 1090 1976 sunt,
1107 1926 1240 1965 Domi-

284 2008 352 2032 nus
368 2007 425 2031 eos
446 1993 576 2030 sentire
590 1991 705 2031 voluit
720 2005 759 2028 ea
775 2004 854 2041 quae
871 1997 951 2027 ante
963 1988 1009 2026 ob
1024 1987 1241 2039 singularem

287 2054 388 2092 illius
402 2055 439 2092 in
458 2068 494 2092 se
511 2051 795 2091 benevolentiam
811 2064 880 2088 non
898 2049 1107 2087 sentiebant.
1126 2048 1242 2100 Igitur

287 2130 370 2155 cum
400 2114 570 2161 audieris,
607 2113 747 2165 Aperti
782 2119 874 2149 sunt
908 2111 1012 2148 oculi
1044 2110 1203 2147 illorum
1227 2126 1237 2147 .-

286 2177 356 2215 hoc
382 2176 512 2228 cogita,
535 2175 642 2213 illum
660 2171 816 2211 effecisse
841 2180 881 2208 ut
900 2179 1019 2223 postea
1041 2169 1241 2207 nuditatem

285 2237 456 2276 sentirent
480 2245 514 2274 et
537 2235 774 2288 privationem
794 2232 915 2284 gloriae
949 2245 1019 2282 qua
1041 2240 1121 2268 ante
1142 2244 1242 2268 esum

285 2298 508 2336 fruebantur.
530 2295 639 2344 Quod
651 2304 770 2333 autem
787 2293 864 2330 haec
883 2291 928 2329 sit
947 2291 1143 2343 Scripturae
1158 2304 1240 2328 con-

287 2359 450 2407 suetudo,
473 2358 558 2397 andi
582 2358 682 2395 illam
708 2354 797 2393 alibi
817 2353 994 2392 dicentem
1014 2368 1022 2389 :
1044 2366 1126 2390 nam
1156 2366 1238 2390 cum

287 2421 416 2459 ancilla
431 2421 545 2458 Sarrae
559 2417 761 2457 dominium
779 2415 918 2468 fugiens
937 2423 1081 2462 erraret,
1097 2422 1130 2451 et
1147 2413 1240 2466 posi-

287 2483 433 2535 tojuxta
448 2481 601 2519 abietem
611 2492 735 2532 puero,
745 2492 764 2515 a
777 2477 881 2527 longe
893 2474 1128 2514 consideraret
1144 2474 1239 2512 illius

286 2552 450 2593 mortem,
475 2540 790 2593 inquit:Aperuit
811 2540 917 2576 Deus
937 2537 1068 2575 oculos
1087 2536 1205 2588 Agar
1223 2567 1236 2583 ,

91 2599 137 2629 ¹9·
287 2619 355 2643 non
375 2603 472 2655 quod
483 2602 631 2641 antehae
649 2615 718 2639 non
738 2599 882 2648 viderit,
899 2598 962 2637 sed
975 2597 1068 2650 quod
1087 2607 1239 2636 mentem

287 2666 386 2704 illius
416 2665 592 2703 excitarit.
613 2662 725 2703 Vides
743 2661 894 2699 verbum
913 2691 923 2709 ‚
957 2659 1137 2712 Aperuit,
1169 2673 1238 2697 non

288 2727 332 2765 dc
352 2726 595 2779 corporalibus
608 2724 721 2763 oculis
733 2723 820 2770 dici,
840 2721 901 2760 scd
919 2724 964 2760 <Ie
978 2735 1079 2759 sensu
1106 2730 1239 2759 menta-

290 2788 348 2826 li?
367 2789 529 2840 Idipsum
557 2796 591 2824 et
609 2786 654 2823 de
671 2786 782 2823 altera
802 2783 996 2835 quaestione
1024 2781 1237 2832 dixerimus,

90 2862 151 2887 cur
166 2861 276 2895 tignum
292 2863 370 2900 quae
383 2849 467 2886 binc
497 2849 667 2886 exoritur.
683 2847 817 2885 Dicunt
829 2845 922 2883 enim
938 2860 944 2880 :
963 2846 1084 2892 Quare
1102 2843 1241 2894 lignum

87 2905 215 2971 Ξζίιϊιῗῖὶω
231 2903 279 2929 ‘¹³‘
294 2910 448 2948 scientim
465 2910 547 2946 boni
568 2918 601 2947 et
619 2908 702 2946 mali
734 2906 916 2945 vocatur?
935 2906 1026 2943 Sunt
1045 2903 1139 2942 enim
1160 2917 1240 2941 con-

293 2971 432 3010 tentiosi
453 2971 557 3008 multi
579 2970 639 3021 qui
653 2969 770 3007 dicere
783 2967 930 3015 audent,
948 2975 1027 3019 post
1043 2965 1241 3016 esumligni

292 3033 475 3071 scientiam
494 3031 660 3068 habuisse
691 3029 805 3067 Adam
822 3029 867 3067 ad
883 3027 1157 3066 discernendum
1173 3026 1239 3063 bo-

291 3108 377 3131 num
399 3102 432 3131 et
450 3092 584 3130 malum
607 3108 613 3127 :
636 3090 671 3128 id
691 3090 785 3141 quod
805 3099 972 3128 extremm
992 3088 1098 3126 suerit
1114 3101 1240 3124 amen-

292 3155 365 3192 tim.
384 3155 476 3192 Nam
492 3162 636 3205 propter
655 3152 721 3189 hoc
738 3166 850 3203 nuper
865 3166 945 3189 cum
969 3148 1242 3203 praeviderimus

90 2551 228 2576 Cemzi.

291 3222 381 3273 brec,
399 3221 442 3259 de
456 3219 626 3272 sapientia
638 3218 775 3257 homini
793 3233 812 3255 a
827 3219 902 3257 Deo
919 3217 1048 3256 tradita
1063 3226 1135 3255 tam
1147 3215 1240 3255 mul‘

336 3355 349 3368 ε
366 3342 467 3377 Snvil.
493 3350 526 3374 ct
551 3341 697 3384 plerique
722 3341 797 3375 Mss.
826 3353 859 3375 το
885 3350 1094 3388 παρακινῆσαι.
1120 3339 1235 3372 Murci.

294 3414 315 3433 π
329 3401 474 3439 ‘'suff-221.

337 3462 349 3474 ⁰
367 3448 425 3481 Alii
446 3457 496 3486 τῆ,-
511 3451 697 3490 :asico-,255
710 3445 809 3478 Panlo
825 3454 896 3488 post
914 3445 1061 3478 lebcrt.
1077 3456 1157 3476 unus
1173 3448 1295 3487 γυμνοὺς

1264 3344 1298 3373 τὸ
1331 3342 1379 3371 καὶ
1396 3343 1427 3381 ἐρ

1312 849 1375 879 την
1399 832 1634 879 ταπεινότητα
1667 832 1934 885 κατηνέχθησαν
1949 864 1958 881 ,
1984 836 2031 877 ὡς
2061 833 2193 880 σκέπην
2217 832 2337 871 λοιπὸν

1312 897 1484 941 ἐπιζητεῖν
1500 893 1556 932 διὰ
1574 893 1614 932 τὸ
1629 893 1676 945 μὴ
1694 893 1807 947 φέρειν
1827 894 1890 941 τὴν
1914 894 2092 947 αἰσχύνην.
2113 893 2158 932 Ἡ
2177 892 2246 947 γὰρ
2262 909 2338 932 πα-

1315 955 1460 1008 ράὸασις
1481 958 1544 1001 τῆς
1568 957 1708 1001 ἐντολῆς
1726 957 1992 1001 ἐπεισελθοῦσα,
2013 955 2053 993 τὸ
2072 955 2209 1005 ἱμάτιον
2231 957 2341 993 ἐκεῖνο

1313 1017 1352 1054 τὸ
1370 1017 1488 1054 καινὸν
1508 1016 1568 1054 καὶ
1589 1015 1782 1068 παράδοξον
1797 1047 1807 1064 ,
1826 1016 1866 1054 τὸ
1883 1020 1946 1063 τῆς
1961 1015 2058 1063 δόξης
2074 1016 2185 1066 λέγω,
2202 1015 2261 1053 καὶ
2277 1017 2339 1061 τῆς

1313 1078 1442 1115 ἄνωθεν
1465 1077 1614 1125 εὐνοίας,
1632 1077 1718 1129 ὅπερ
1732 1073 1822 1123 ἦσαν
1836 1077 2068 1130 ἠμφιεσμένοι
2079 1108 2088 1125 ,
2108 1079 2317 1128 περιελοῦσα
2329 1107 2339 1124 ,

1313 1138 1373 1176 καὶ
1397 1140 1460 1184 τῆς
1483 1137 1697 1188 γυμνότητος
1725 1137 1884 1185 αἴσθησιν
1911 1137 2086 1191 παρέσχε,
2107 1138 2166 1176 καὶ
2192 1137 2339 1190 αἰσχύνῃ

1314 1199 1436 1252 ἀφάτῳ
1452 1198 1652 1251 περιέὸαλε.
1675 1198 1746 1236 Καὶ
1766 1198 1933 1251 ἔρραψαν,
1953 1199 2055 1251 φησὶ,
2073 1199 2187 1252 φύλλα
2215 1202 2340 1247 συκῆς,

1312 1261 1373 1299 καὶ
1404 1260 1572 1308 ἐποίησαν
1605 1261 1739 1303 ἑαυτοῖς
1769 1259 2011 1312 περιζώματα.
2038 1259 2224 1307 Ἔννόησόν
2259 1275 2339 1310 μοι,

1313 1321 1493 1374 ἀγαπητὲ,
1514 1321 1584 1360 ἀπὸ
1598 1325 1757 1360 ποταποῦ
1777 1320 1883 1373 ὕψους
1898 1324 1973 1366 πῶς
1992 1323 2038 1365 εἷς
2060 1321 2165 1373 βαθὺν
2185 1321 2341 1375 κρημνὸν

1314 1382 1436 1427 αὐτους
1455 1399 1523 1421 κατ
1511 1397 1655 1456 ηγαγεν
1682 1385 1704 1428 ἡ
1733 1382 1832 1436 παρὰ
1863 1385 1923 1421 τοῦ
1957 1381 2119 1420 διαὸόλου
2147 1381 2341 1434 συμὸουλή.

1313 1447 1359 1483 Οι
1378 1444 1446 1496 γὰρ
1461 1444 1615 1496 τοσαύτῃ
1648 1443 1705 1482 80¹*
1691 1459 1729 1495 ῃ
1747 1443 2054 1497 περιεσταλμενοι,
2070 1448 2129 1482 ν’ὗν
2158 1445 2271 1528 φύλὶα
2285 1459 2343 1482 συ-

1312 1522 1377 1552 κης
1417 1505 1607 1558 ῥάπτουσι,
1640 1504 1700 1543 καὶ
1737 1510 1894 1543 ποιοῦσιν
1930 1506 2063 1548 ἑαυτοῖς
2094 1504 2339 1557 περιζώματα.

1313 1569 1427 1606 Τοῦτο
1442 1570 1504 1613 τῆς
1523 1570 1582 1603 τοῦ
1604 1566 1766 1605 διαῧόλου
1786 1566 1923 1613 ἀπάτης
1942 1566 1982 1604 τὸ
1995 1566 2115 1620 κέρδος
2131 1583 2139 1590 ·
2155 1566 2241 1612 αὕτη
2253 1570 2268 1586 ²
2279 1569 2342 1613 τῆς

1313 1629 1494 1679 συμέουλ
1472 1644 1513 1674 ης
1530 1627 1660 1666 ἐκείνου
1677 1631 1698 1674 ἡ
1718 1626 1861 1679 μηχανὴ
1875 1657 1884 1673 ,
1900 1627 1940 1665 τὸ
1957 1627 2005 1677 μὴ
2023 1627 2125 1678 μόνον
2141 1627 2185 1665 τὰ
2200 1627 2341 1678 μείζονα

1315 1689 1363 1740 μὴ
1384 1689 1616 1743 προξενῆσαι,
1636 1689 1727 1727 ἀὶλα
1748 1703 1808 1726 και
1822 1705 1890 1726 των
1911 1688 2018 1726 ὄντων
2033 1704 2163 1740 γυμνον
2183 1704 2242 1727 και
2261 1689 2341 1744 ἔρη-

1316 1767 1379 1802 μον
1413 1753 1601 1803 ἀποφηναι.
1623 1749 1726 1788 Ἔπει
1759 1753 1816 1786 οὖν
1849 1753 1870 1796 ἡ
1903 1765 2046 1796 τοιαυτη
2077 1749 2250 1802 πρόφασις
2279 1767 2342 1797 της

1317 1809 1478 1864 βρώσεως
1497 1827 1559 1857 τνν
1589 1809 1772 1862 παρακοὴν
1799 1809 2003 1863 εἰργάσατο,
2021 1808 2078 1847 διὰ
2109 1809 2210 1848 τοῦτό
2236 1825 2341 1862 φησιν

1315 1875 1336 1918 ἡ
1357 1871 1481 1924 Γραφὴ
1496 1901 1505 1919 ,
1526 1870 1598 1909 Καὶ
1616 1869 1787 1922 ιἐἰραγον,
1815 1870 1875 1908 καὶ
1901 1868 2148 1920 διηνοίχθησαν
2178 1871 2291 1908 αὐτῶν
2313 1873 2344 1909 οἳ

1315 1933 1488 1986 ὀφθαλμοὶ
1499 1963 1508 1981 ,
1522 1933 1559 1969 οὗ
1570 1932 1650 1984 περὶ
1667 1935 1736 1970 τῶν
1755 1933 1928 1978 αἰσθητῶν
1942 1932 2128 1982 ὀφθαλμῶν
2139 1930 2322 1982 φάσκουσα
2332 1963 2343 1980 ,

1316 1994 1406 2033 ἀλλὰ
1426 1994 1506 2047 περὶ
1522 1996 1585 2040 τῆς
1600 1993 1692 2032 κατὰ
1709 1993 1862 2031 διάνοιαν
1883 1991 2089 2038 αἰσθήσεως.
2110 1991 2257 2039 Ἐπειδὴ
2275 1992 2344 2046 γὰρ

1314 2055 1520 2109 παρέὲησαν
1550 2054 1595 2093 τὰ
1619 2052 1922 2108 προστεταγμένα,
1941 2052 2191 2092 εαῖσθάνεσθαι
2221 2054 2344 2097 αὐτους

1314 2117 1434 2154 λοιπον
1458 2115 1633 2164 ἐποίησεν,
1653 2118 1701 2153 ων
1720 2114 1889 2187 πρότερον
1909 2116 1971 2152 οὐκ
1996 2114 2193 2164 ἐλάμὸανον
2216 2113 2344 2161 αἴσθη-

1315 2193 1368 2215 σιν
1389 2176 1446 2214 διὰ
1463 2176 1526 2222 τὴν
1543 2175 1689 2220 εὔνοιαν,
1709 2189 1751 2221 ην
1770 2191 1850 2227 περι
1871 2173 1993 2218 αὐτους
2016 2178 2034 2212 ὃ
2061 2175 2273 2222 Δεσπότης’
2257 2191 2343 2214 επε-

1317 2236 1482 2275 δείκνυτο.
1499 2235 1614 2275 “O-mv
1632 2229 1688 2274 οὖν
1705 2235 1875 2287 ἀκούσῃς,
1889 2234 1941 2272 ὅτι
1954 2235 2210 2287 Διηνοίχθησαν
2226 2238 2340 2274 αὐτῶν

1315 2301 1346 2336 οἵ
1373 2297 1570 2350 ὀφθαλμοὶ,
1590 2301 1690 2335 τοῦτο
1723 2295 1809 2344 νόει,
1841 2295 1893 2333 ὅτι
1923 2295 2184 2347 παρεσκεύασεν
2218 2296 2340 2340 αὐτοὺς

1315 2359 1474 2406 αἴσθησιν
1503 2357 1621 2397 λαὸεῐν
1661 2357 1781 2396 λοιπὸν
1813 2360 1877 2403 τῆς
1914 2356 2148 2407 γυμνότητος,
2180 2357 2239 2394 καὶ
2276 2361 2339 2404 τῆς

1315 2420 1520 2463 ἐκπτώσεως
1535 2422 1598 2465 τῆς
1614 2418 1712 2464 δόξης
1722 2449 1730 2463 ,
1744 2412 1786 2464 ἧς
1799 2417 1868 2471 πρὸ
1881 2420 1944 2463 τῆς
1963 2416 2124 2469 βρώσεως
2140 2418 2334 2464 ἀπ-ἡλαυον.

1315 2481 1397 2521 tlOrv.
1415 2481 1450 2519 δὲ
1471 2485 1570 2519 τοῦτο
1589 2483 1650 2526 τῆς
1670 2481 1814 2531 Γραφῆς
1833 2482 1906 2517 ἐστι
1925 2479 1964 2517 τὸ
1986 2479 2058 2522 ἔθος
2071 2508 2081 2526 ,
2107 2479 2210 2517 ἄκουε
2232 2481 2340 2525 αὐτῆς

1313 2541 1372 2579 καὶ
1406 2542 1561 2591 ἀλλαχοῦ
1589 2537 1776 2590 λεγούσης·
1807 2537 1913 2584 ἡνίκα
1944 2537 2012 2589 γὰρ
2034 2540 2056 2583 ἦ
2079 2537 2249 2583 παιδίσκη
2275 2541 2339 2586 τῆς

1314 2602 1453 2654 Σάρῥας
1488 2599 1792 2651 ἀποδιδράσκουσα
1820 2598 1884 2644 τὴν
1921 2598 2122 2637 δεσποτείαν
2145 2600 2338 2647 ἐπλανᾶτο,

1315 2664 1446 2716 ῥίψασα
1462 2664 1501 2702 τὸ
1515 2662 1651 2700 παιδίον
1672 2660 1821 2707 πλησίον
1838 2666 1920 2711 μιᾶς
1941 2660 2084 2706 ἐλάτης,
2105 2659 2175 2697 ἀπὸ
2194 2659 2340 2706 διαστή-

1314 2741 1422 2776 ματος
1450 2724 1674 2777 περιεσκόπει
1701 2721 1822 2760 τούτου
1847 2721 1909 2768 τὴν
1935 2720 2109 2767 τελευτὴν,
2138 2719 2199 2757 καί
2229 2735 2337 2772 φησι·

1314 2785 1489 2833 Διῆνοιξεν
1521 2789 1539 2823 ὁ
1570 2784 1658 2827 Θεὸς
1689 2783 1768 2827 τοὺς
1795 2780 1991 2834 ὀφθαλμοὺς
2023 2784 2085 2827 τῆς
2105 2779 2243 2834 ζἈγαρ,
2274 2784 2338 2820 οὐκ

1315 2847 1433 2894 ἐπειδὴ
1455 2847 1523 2899 πρὸ
1538 2845 1659 2884 τούτου
1675 2847 1738 2882 οὐκ
1759 2843 1916 2890 ἔέλεπεν,
1934 2843 2011 2880 ἀλλ’
2028 2842 2082 2881 ὅτι
2097 2841 2160 2888 τὴν
2181 2843 2336 2881 διάνοιαν

1316 2911 1420 2955 αὐτῆς
1440 2909 1622 2960 διηγέιρεν.
1634 2905 1744 2957 Ὁρᾷς
1761 2904 1815 2943 ὅτι
1834 2904 1873 2942 τὸ
1886 2934 1895 2950 ,
1915 2903 2102 2951 Διήνοιξεν,
2117 2904 2155 2940 οὐ
2173 2903 2253 2955 περὶ
2267 2907 2336 2942 τῶν

1315 2973 1524 3021 σωματικῶν
1541 2969 1729 3020 ὀφθαλμῶν
1741 2966 1835 3017 λέγει
1847 2997 1856 3014 ,
1874 2965 1964 3003 ἀλλὰ
1977 2965 2131 3016 περὶτῆς
2145 2965 2337 3012 αἰσθήσεως

1316 3035 1377 3077 τῆς
1397 3030 1487 3069 κατὰ
1508 3030 1680 3076 διάνοιαν;
1705 3028 1758 3066 Τὸ
1774 3027 1857 3066 αὐτὸ
1873 3026 1912 3064 ἂν
1932 3025 2087 3076 εἴποιμεν
2107 3026 2166 3063 καὶ
2179 3026 2259 3078 περὶ
2274 3029 2334 3064 τοῦ

1317 3092 1432 3143 ἑτέρου
1457 3091 1654 3142 ζητήματος
1683 3093 1743 3127 τοῦ
1768 3090 1920 3126 ἐντεῦθεν
1945 3086 2212 3128 ἀνακύπτοντος.
2235 3085 2335 3123 Φασὶ

1316 3154 1400 3205 γάρ·
1421 3153 1475 3190 διὰ
1494 3152 1528 3190 τί
1546 3153 1586 3191 τὸ
1604 3150 1699 3196 Ξύλον
1720 3149 1871 3200 γνωστὸν
1892 3149 1999 3185 καλοῦ
2024 3146 2083 3184 καὶ
2100 3151 2251 3200 πονηροῦ
2271 3162 2334 3184 κα-

1316 3218 1446 3262 λεῖται,
1472 3214 1541 3252 Καὶ
1567 3212 1635 3264 γὰρ
1654 3210 1776 3250 πολλοὶ
1796 3212 1864 3248 τῶν
1886 3206 2086 3260 φιλονείκως
2107 3207 2333 3258 διακειμένων

1432 3345 1522 3378 -ἡμους
1540 3342 1630 3380 ἀπῆς.

1376 3391 1392 3412 1»
1409 3388 1543 3419 coislin.
1566 3394 1669 3433 ἑρκγου
1686 3392 1732 3420 καὶ
1748 3388 1974 3423 ἐνεπλήαθηταυ,
1995 3389 2040 3418 καὶ
2056 3387 2126 3421 διην-

1373 3454 1385 3466 0
1404 3441 1461 3473 Alii
1479 3445 1636 3474 αἱτθέαθκι-

2464 724 2467 739 ,Α
2463 669 2467 717 ἡ...
2463 654 2466 660 .
2463 635 2466 646 ..
2463 615 2466 628 -
2462 591 2466 608 -,
2458 333 2471 583 τ-.ι.-,...-.--’-,.-.-.
