2483 3791
292 165 373 194 102
716 165 753 194 S·
792 165 978 196 JOANNIS
1015 163 1258 195 CHRYSOST.

281 243 364 295 ciat,
383 253 417 282 et
432 245 493 296 qui
515 259 687 296 umquam
702 247 848 285 satietur
865 263 873 284 ε
891 246 952 284 scd
971 255 1103 298 quanto
1121 246 1232 284 facul-

280 315 394 344 tatum
424 307 537 359 major
568 317 620 346 est
654 309 826 359 accessio,
854 317 950 347 tanto
977 317 1011 346 et
1044 322 1166 346 curam
1199 315 1233 344 et

282 366 444 405 studium
470 382 576 406 suum
602 369 759 421 amplius
790 369 956 407 intendit.
982 367 1091 414 Quod
1111 368 1142 405 si
1170 367 1232 404 ubi

282 427 442 465 studium
469 438 519 467 est
549 429 697 479 inutile,
727 438 762 467 et
786 428 923 467 divitiae
961 441 1233 478 nonnumquam

281 501 449 539 magnam
467 489 592 527 salutis
609 489 736 527 animae
747 490 925 541 jacturam
946 489 1114 539 afferunt,
1135 496 1233 526 tanta

281 557 398 588 tamen
411 549 597 601 vigilantia
611 563 666 587 res
680 559 847 601 aguntur,
861 548 1038 601 quomodo
1055 562 1126 586 non
1142 547 1234 586 mul-

281 617 316 647 to
345 609 459 661 magis
485 609 582 647 istud
614 619 665 647 est
688 609 913 659 faciendum,
941 609 1006 648 ubi
1037 609 1232 661 diligentia:

280 670 392 708 multa
410 669 567 708 succedit
597 670 748 720 utilitas,
766 671 1029 723 ineffabilisque
1041 684 1174 709 merces
1192 684 1234 708 ac

280 730 421 768 lucrum
451 731 695 770 immensum?
714 733 807 770 Nam
821 731 898 770 illic
925 732 1073 783 quidem
1105 740 1234 784 praetcr

276 789 353 828 haee
371 791 488 830 omnia
514 792 624 830 fluxae
648 792 842 832 admodum
861 802 894 831 et
915 793 1057 832 incertae
1075 792 1229 843 divitiae,

276 850 456 890 instabilis
490 853 721 906 pecuniarum
758 854 932 908 possessio
966 870 975 891 :
1009 868 1079 893 non
1113 855 1229 893 solum

275 911 394 964 quod,
422 912 629 953 imminente
657 924 790 966 morte,
823 915 910 967 ipsae
939 915 1000 953 hic
1032 925 1226 966 manentes,
1255 924 1279 954 B

275 970 413 1010 nullam
441 971 492 1010 eis
511 972 572 1023 qui
591 972 672 1011 illas
691 973 864 1025 collegere
892 973 1084 1011 utilitatem
1112 974 1230 1011 conse-

274 1040 355 1069 rant
382 1047 391 1069 ε
417 1031 481 1070 sed
510 1033 616 1071 etiam
647 1033 744 1084 quod
775 1033 1001 1071 manentibus
1030 1033 1092 1070 hic
1123 1047 1229 1085 pecu-

274 1091 363 1142 niis,
389 1105 518 1144 magna
541 1094 727 1133 severitate
757 1102 927 1146 cogentur
953 1093 998 1131 de
1024 1092 1114 1146 ipsis
1141 1094 1229 1132 alibi

273 1151 446 1191 rationem
468 1152 629 1193 reddere.
647 1155 749 1207 Saepe
768 1168 909 1206 quoque
926 1152 1056 1192 accidit
1085 1162 1124 1192 ut
1148 1163 1230 1193 ante

271 1222 422 1251 mortem
444 1223 525 1267 post
551 1215 682 1254 multos
708 1215 862 1267 labores,
884 1224 918 1254 et
944 1215 1105 1266 sudores,
1123 1224 1231 1267 atque

271 1287 459 1325 aerumnas,
479 1276 580 1327 quasi
603 1276 761 1329 procella
780 1276 938 1328 quadam
956 1277 1145 1329 ingruente
1162 1291 1228 1316 ne-

271 1336 450 1388 gotiorum
470 1337 694 1388 difficultate,
711 1347 855 1390 repente
873 1338 936 1389 qui
953 1338 1129 1391 plurimas
1144 1352 1229 1391 pos-

268 1396 409 1435 sidebat
421 1396 580 1448 divitias,
594 1398 657 1436 vel
674 1398 915 1451 pauperrimis
936 1399 1050 1437 factus
1069 1399 1116 1437 sit
1134 1413 1228 1452 pau-

268 1457 397 1510 perior.
420 1459 552 1507 Qualia
575 1459 726 1510 singulis
753 1459 881 1498 diebus
898 1459 1020 1499 videre
1039 1460 1225 1512 contingit.

268 1518 379 1569 Atqui
398 1518 436 1557 in
454 1519 638 1572 spirituali
654 1521 892 1572 negotiatione
907 1520 999 1558 nihil
1017 1521 1087 1559 tale
1099 1522 1229 1560 formi-

269 1578 429 1618 dandum
454 1595 625 1632 umquam
642 1581 804 1619 :stabilis
823 1582 918 1620 enim
943 1582 1004 1620 illa
1033 1592 1068 1620 et
1082 1583 1229 1621 immota

269 1649 406 1692 manet,
431 1651 464 1679 ct
494 1642 556 1679 ubi
585 1656 625 1680 ea
651 1642 808 1681 multum
828 1656 989 1695 egemus,
1015 1643 1066 1682 ibi
1093 1644 1139 1682 ab
1167 1645 1229 1683 illa

270 1702 348 1754 ipsa
363 1702 519 1742 multum
542 1703 793 1743 consolationis
814 1703 1023 1756 accipimus.

329 2065 364 2102 5.
395 2063 510 2114 Igitur
542 2063 630 2101 dum
657 2072 799 2115 tempus
826 2063 1026 2114 habemus,
1057 2063 1226 2116 obsecro,

276 2121 335 2159 vel
367 2121 492 2159 saltem
525 2121 564 2159 id
582 2121 695 2159 studii
715 2120 964 2174 impendamus
983 2121 1232 2174 spiritualibus

275 2181 454 2219 mercibus
480 2181 746 2232 conquirendis,
779 2181 874 2233 quod
895 2182 957 2219 alii
993 2182 1030 2220 in
1056 2183 1232 2235 perituras

278 2241 473 2291 collocant3
494 2256 606 2293 neque
630 2242 676 2279 ab
693 2242 762 2280 hac
781 2242 1022 2281 sollicitudine
1040 2257 1229 2297 cessemus,

96 2317 178 2345 Mul
195 2327 263 2354 pro·
275 2302 306 2340 si
327 2312 420 2341 recte
436 2303 525 2354 quid
542 2312 662 2341 actum
681 2303 803 2354 suerit,
823 2304 880 2342 vel
895 2303 925 2341 si
957 2303 1114 2355 aliquam
1141 2306 1229 2344 affe-

74 2358 139 2387 desi
184 2357 432 2401 jeju-ctionum
474 2363 576 2402 nobis
613 2363 844 2402 molestarum
880 2378 1009 2416 magna
1043 2365 1231 2416 vigilantia

213 2411 263 2427 [lc-

76 2402 176 2433 nium,

69 2451 131 2477 qu„-
161 2443 262 2468 concio
277 2425 590 2477 profligaverimus
603 2455 615 2476 ,
646 2434 686 2463 ut
708 2425 930 2463 conscientiae
949 2425 1042 2464 bono
1067 2426 1231 2466 instructi

76 2484 138 2508 sine
180 2482 263 2509 bouis
278 2486 491 2535 testimonio,

74 2522 222 2559 operibus.

508 2486 718 2539 multiplicis
730 2486 927 2539 voluptatis
944 2486 1101 2526 fructum
1114 2490 1230 2542 perci-

275 2547 426 2600 piamus.
455 2548 579 2599 Neque
603 2547 699 2585 enim
725 2547 794 2585 hoc
824 2547 941 2587 solum
975 2549 1159 2600 quaeritur,
1190 2561 1230 2591 ut

274 2609 344 2647 huc
362 2608 522 2659 quotidie
536 2608 800 2659 conveniamus,
813 2608 905 2647 etde
919 2608 1046 2648 iisdem
1061 2612 1227 2652 continuo

272 2669 472 2720 audiamus,
486 2679 518 2708 ct
537 2684 601 2723 per
622 2679 733 2708 totam
751 2669 1072 2722 Quadragesimam
1085 2673 1226 2725 jejune-

274 2743 363 2768 mus.
379 2729 678 2781 Quandoquidem
697 2730 725 2769 si
745 2730 838 2768 nihil
861 2745 908 2768 ex
935 2731 1109 2783 frequenti
1135 2748 1224 2773 con—

273 2800 380 2829 ventu
401 2800 434 2829 ct
455 2791 707 2839 admonitione,
727 2801 833 2842 atque
854 2805 898 2830 ex
915 2793 1044 2845 jejunii
1070 2803 1228 2848 tempore

272 2850 398 2888 animae
419 2860 545 2888 nostrae
567 2851 693 2889 lucrati
713 2851 900 2903 fuerimus,
917 2861 1001 2892 tunc
1020 2868 1090 2893 non
1109 2857 1226 2895 solum

274 2911 364 2949 nihil
380 2912 544 2950 utilitatis
561 2914 705 2950 asserent
720 2913 808 2961 haec,
821 2914 884 2953 scd
896 2923 929 2953 et
944 2916 1088 2968 majoris
1099 2918 1225 2957 conde-

274 2973 463 3011 mnationis
487 2974 622 3012 occasio
648 2984 765 3024 erunt,
785 2975 814 3013 si
833 2975 979 3027 quidem
998 2985 1094 3016 tanta
1109 2981 1224 3019 curati
1250 3004 1275 3036 E

273 3033 459 3085 diligentia
471 3033 579 3071 iidem
595 3048 874 3086 permaneamus,
883 3045 916 3074 et
926 3037 955 3074 si
967 3050 1080 3089 neque
1089 3038 1228 3079 iracun-

274 3093 342 3131 dus
375 3095 436 3132 fiat
460 3094 578 3143 mitis,
603 3108 714 3145 neque
748 3095 1040 3148 indignabundus
1067 3099 1103 3138 in
1126 3115 1227 3140 man-

317 3218 332 3239 ¹=
357 3216 436 3256 Reg.
469 3224 501 3247 et
528 3216 661 3248 Coisliu.
692 3221 907 3257 ἀποῧεικνύντες
937 3227 989 3259 τὴν
1014 3228 1196 3268 ἀγρυπνίαν,
1227 3232 1275 3260 καὶ

276 3275 352 3302 ueri<
370 3273 479 3301 τούτων
498 3271 525 3301 El:
552 3274 684 3302 ὐ-τάντυῃ
706 3275 759 3302 ἔιεὶ
788 3275 892 3303 wau-,u
915 3273 975 3304 llic
1004 3273 1142 3307 multum
1172 3277 1275 3309 variat

273 3320 422 3352 §.nulius

1298 164 1505 194 ARCfflEP.
1547 163 1908 195 CONSTANTINOP-

1303 247 1370 282 τῶν
1407 245 1488 298 περὶ
1520 245 1583 292 τὴν
1624 246 1792 298 συλλογὴν
1831 249 1899 284 τῶν
1932 244 2124 299 χρημάτων
2157 244 2329 290 τοσαύτην

1305 304 1458 351 σπουδὴν
1484 307 1720 356 ποιουμένων·
1753 306 1908 359 εὑρήσεις
1931 305 1999 358 γὰρ
2018 305 2162 343 ἕκαστον
2189 304 2328 342 ἐκείνων

1305 370 1422 402 πᾶσαν
1453 365 1645 417 ἀγρυπνίαν
1661 365 1960 417 ἐπιδεικνύμενον,
1983 365 2074 404 ὥστε
2103 366 2156 417 ἐφ’
2179 364 2329 411 ἑκάστης

1304 423 1439 475 ἡμέρας
1456 425 1678 476 προστιθέναι
1693 433 1764 469 τοῖς
1783 426 1982 479 προτέροις,
2003 425 2062 464 καὶ
2085 424 2247 464 οὐδέποτε
2264 425 2330 462 κό-

1307 500 1363 535 ρον
1388 485 1634 536 λαμῧάνοντα,
1654 487 1731 525 ἀλλ’
1753 486 1823 539 ὅσῳ
1840 487 1880 525 ἂν
1897 487 2041 534 αὔξηται
2069 487 2163 537 αὐτῷ
2196 485 2239 523 τὰ
2268 488 2331 532 τ’ἧς

1304 545 1523 598 περιουσίας,
1539 546 1694 599 τοσούτῳ
1715 549 1845 598 μᾶλλον
1879 547 1938 585 καὶ
1971 546 2034 593 τὴν
2065 545 2249 596 ἐπιθυμίαν
2272 544 2332 590 καὶ

1304 605 1367 654 τὴν
1383 606 1539 654 σπουδὴν
1558 607 1814 658 ἐκτεινομένην.
1833 609 1879 646 Ei
1894 607 2007 645 τοίνυν
2026 607 2107 644 ἔνθα
2126 606 2187 645 καὶ
2204 607 2248 644 τὰ
2268 609 2331 652 τ’ῆς

1305 668 1457 714 σπουδῆς
1482 667 1651 717 ἀνόνητα,
1684 669 1744 707 καί
1773 667 1819 706 τὰ
1846 670 1909 714 τῆς
1935 667 2135 720 περιουσίας
2163 665 2332 709 πολλάκις

1304 729 1436 776 πολλὴν
1457 731 1641 782 ἐργάζεται
1659 734 1701 780 τῇ
1721 733 1785 776 τῆς
1801 732 1916 782 ψυχῆς
1935 729 2094 782 σωτηρία
2118 728 2180 775 τὴν
2200 726 2329 778 λύμην,

1303 788 1475 836 τοσαύτην
1507 790 1764 829 ὓέπιδείκνυται
1797 790 1860 838 τὴν
1891 790 2098 844 ἀγρυπνίαν,
2127 791 2202 831 πῶς
2231 790 2333 825 τοῦτο

1305 853 1435 900 μᾶλλον
1459 852 1536 904 οὐχὶ
1556 858 1666 890 ποιεῖν
1682 852 1751 906 χρὴ
1762 883 1771 901 ,
1793 853 1872 891 ἔνθα
1891 852 2003 898 πολλὴ
2018 851 2086 889 ἀπὸ
2101 854 2164 897 τῆς
2180 849 2332 895 σπουδῆς

1301 915 1323 959 ἡ
1338 912 1507 963 ὠφέλεια,
1521 914 1580 951 καὶ
1606 914 1734 966 ἅφατος
1753 917 1771 952 ὁ
1792 914 1928 965 μισθὸς,
1953 912 2013 952 καὶ
2029 912 2069 949 τὸ
2087 910 2206 962 κέρδος
2226 910 2331 947 ἄπει-

1304 987 1380 1023 ρον,
1407 972 1513 1011 Ἐκεῖ
1528 975 1590 1024 μὲν
1610 974 1678 1027 γὰρ
1701 975 1760 1012 καὶ
1786 974 1874 1025 μετὰ
1893 974 2022 1012 τούτων
2041 971 2204 1010 ἁπάντων
2218 969 2330 1016 πολλὴ

1302 1035 1324 1078 ἡ
1353 1033 1500 1078 ἀδηλία·
1528 1034 1691 1078 ἀὸέὸαιος
1725 1034 1792 1086 γὰρ
1811 1038 1879 1073 τῶν
1907 1033 2102 1088 χρημάτων
2133 1034 2156 1078 ἡ
2188 1033 2331 1077 κτῆσις·

1301 1094 1363 1130 οὐκ
1392 1093 1512 1141 ἐπειδὴ
1536 1094 1658 1145 μόνον,
1683 1098 1746 1141 τῆς
1766 1097 1928 1141 τελευτῆς
1949 1094 2163 1141 ἐπιστάσης,
2185 1094 2331 1130 ἐνταῦθα

1304 1153 1472 1204 μένοντα,
1493 1155 1656 1206 οὐδεμίαν
1685 1156 1802 1203 ὄνησιν
1830 1155 1978 1208 παρέχει
2004 1158 2054 1207 τῷ
2086 1159 2196 1193 ταῦτα
2222 1154 2332 1193 συνά-

1300 1231 1416 1266 γοντι,
1445 1217 1522 1254 ἀλλ’
1543 1215 1597 1255 ὅτι
1617 1216 1676 1255 καὶ
1696 1219 1764 1255 τῶν
1785 1217 1978 1269 χρημάτων
1994 1210 2062 1254 ὧδε
2080 1215 2252 1266 μενόντων
2271 1215 2334 1258 τὰς

1301 1276 1389 1329 ὑπὲρ
1408 1278 1540 1315 τούτων
1571 1277 1713 1322 εὐθύνας
1741 1278 1832 1329 μετὰ
1857 1279 1989 1325 πολλῆς
2013 1281 2075 1325 τῆς
2101 1276 2334 1330 σφοδρότητος

1301 1340 1526 1377 ἀπαιτεῖσθαι
1555 1339 1828 1391 οᾶναγκάζεται.
1858 1339 1964 1378 Ἔστι
1992 1339 2052 1378 καὶ
2079 1338 2134 1377 ὅτε
2165 1337 2334 1382 πολλάκις

1304 1399 1364 1437 καὶ
1378 1399 1446 1452 πρὸ
1462 1403 1524 1447 τῆς
1539 1403 1703 1448 τελευτῆς
1733 1401 1822 1451 μετὰ
1839 1399 1918 1444 τοὺς
1938 1400 2086 1444 πολλοὺς
2103 1399 2244 1446 πόνους,
2272 1398 2333 1438 καὶ

1301 1459 1380 1504 τοὺς
1399 1462 1547 1514 ἱδρῶτας
1559 1492 1569 1510 ,
1589 1461 1650 1499 καὶ
1667 1462 1729 1506 τὰς
1747 1462 2009 1514 ταλαιπωρίας,
2036 1461 2194 1512 καθάπερ
2211 1475 2333 1497 καται-

1299 1521 1392 1573 γίδος
1416 1521 1508 1566 τινὸς
1529 1523 1795 1574 προσπεσούσης
1823 1525 1886 1569 τῆς
1905 1525 1973 1560 τῶν
1994 1521 2214 1574 πραγμάτων
2229 1536 2332 1571 περι-ο

1302 1583 1474 1631 στάσεως,
1490 1583 1612 1635 ἀθρόον
1626 1586 1644 1622 ὃ
1665 1585 1799 1632 πολλὴν
1825 1585 1889 1631 τὴν
1919 1583 2124 1636 περιουσίαν
2143 1586 2202 1620 τοῦ
2219 1582 2331 1621 πλού-

1255 1651 1280 1683 C
1299 1659 1358 1683 του
1381 1643 1611 1696 κεκτημένος,
1625 1649 1694 1684 τῶν
1706 1645 1838 1700 σφόδρα
1853 1646 2010 1693 πενήτων
2028 1645 2148 1697 γέγονε
2169 1643 2333 1682 πενέστε-

1301 1720 1372 1756 ρος.
1408 1705 1478 1744 Καὶ
1510 1711 1621 1745 ταῦτα
1651 1709 1728 1745 καθ’
1767 1707 1918 1755 ἑκάστην
1954 1706 2089 1759 ἡμέραν
2123 1705 2216 1743 ἐστὶν
2250 1707 2333 1743 ἰδεῖν

1299 1765 1549 1816 συμδαίνοντα.
1571 1767 1655 1805 Ἐπὶ
1675 1767 1793 1818 μέντοι
1817 1771 1880 1815 τῆς
1905 1769 2142 1818 πνευματικῆς
2161 1765 2330 1817 ἐμπορίας

1300 1825 1395 1865 οὐδέν
1425 1829 1498 1864 ἔστι
1534 1831 1684 1866 τοιοῦτον
1714 1828 1824 1866 δεῖσαί
1857 1843 1962 1866 ποτε·
1987 1826 2074 1874 αὕτη
2101 1826 2170 1878 γὰρ
2206 1826 2332 1877 βεὸαία

1300 1887 1395 1938 μένει
1426 1888 1486 1926 καὶ
1521 1888 1703 1936 ἀκίνητος,
1737 1889 1796 1928 καὶ
1840 1889 1921 1928 ἔνθα
1964 1887 2119 1940 μάλιστα
2154 1887 2331 1939 χρῄζομεν

1303 1949 1409 1996 αὐτῆς
1421 1980 1431 1998 ,
1451 1950 1523 1987 ἐκεῖ
1549 1949 1684 1997 πολλὴν
1700 1954 1785 2002 ἡμῖν
1806 1950 1955 2004 παρέχει
1969 1948 2032 1997 τὴν
2047 1948 2082 1993 ἐξ
2097 1949 2203 1996 αὐτῆς
2216 1964 2332 2001 παρα-

1304 2010 1448 2060 μυθίαν.

1356 2070 1418 2114 Ὡς
1437 2066 1495 2109 οὖν
1518 2073 1638 2125 καιρὸν
1667 2073 1808 2125 ἔχομεν,
1827 2073 2024 2126 παρακαλῶ
2038 2102 2048 2120 ,
2074 2071 2139 2109 κᾶν
2159 2075 2239 2122 γοῦν
2265 2069 2331 2118 τὴν

1303 2131 1412 2179 αὐτὴν
1431 2132 1574 2177 ἐκείνοις
1597 2134 1848 2185 εἷσενέγκωμεν
1868 2131 2020 2178 σπουδὴν
2039 2132 2118 2183 περὶ
2146 2131 2209 2178 τὴν
2226 2147 2331 2170 πνευ-

1305 2191 1456 2242 ματικὴν
1472 2193 1603 2240 ταύτην
1623 2193 1810 2245 ἐμπορίαν,
1830 2193 1890 2231 καὶ
1921 2193 2096 2244 μηδέποτε
2114 2192 2332 2243 παυσώμεθα

1303 2255 1404 2291 τοῦτο
1434 2257 1690 2306 μεριμνῶντες,
1718 2254 1750 2293 εἴ
1779 2271 1814 2293 τι
1841 2253 2071 2306 κατώρθωται
2089 2257 2194 2304 ἡμῖν,
2217 2253 2276 2291 καὶ
2301 2253 2334 2292 εἴ

1302 2329 1380 2352 τινα
1414 2316 1482 2352 τῶν
1511 2315 1743 2367 ἐνοχλούντων
1770 2318 1855 2365 ἡμῖν
1881 2317 2002 2354 παθῶν
2027 2315 2083 2353 διὰ
2109 2316 2172 2360 τῆς
2199 2315 2332 2360 πολλ’ῆς

1257 2393 1282 2424 1)
1304 2375 1494 2427 ἀγρυπνίας
1519 2378 1568 2420 εἷς
1595 2375 1705 2428 φυγὴν
1721 2377 1935 2429 ἐτρέψαμεν,
1960 2376 2004 2414 ἵν’
2020 2376 2155 2428 ἔχοντες
2177 2375 2239 2422 τὴν
2261 2375 2331 2413 ἀπὸ

1303 2441 1363 2475 τοῦ
1389 2436 1580 2480 συνειδότος
1612 2437 1867 2491 πληροφορίαν,
1896 2436 2028 2485 πολλὴν
2059 2435 2331 2489 καρπωσώμεθα

1303 2496 1366 2545 τὴν
1386 2498 1521 2545 ἡδονήν.
1552 2497 1645 2538 Οὐδὲ
1665 2499 1732 2551 γὰρ
1750 2504 1850 2538 τοῦτο
1870 2499 1973 2550 μόνον
1993 2498 2066 2538 ἐστὶ
2090 2499 2129 2537 τὸ
2154 2496 2327 2548 ζητούμε-

1301 2575 1371 2607 νον,
1392 2559 1448 2597 ἵνα
1461 2561 1539 2598 καθ’
1555 2559 1705 2607 ἑκάστην
1716 2560 1849 2613 ἡμέραν
1871 2561 2019 2598 ἐνταῦθα
2035 2559 2328 2612 παραγινώμεθα,

1301 2619 1360 2658 καὶ
1382 2620 1461 2673 περὶ
1478 2623 1547 2658 τῶν
1567 2623 1679 2660 αὐτῶν
1700 2623 1853 2674 συνεχῶς
1871 2621 2067 2672 ἀκούωμεν,
2089 2620 2148 2658 καὶ
2167 2619 2230 2668 τὴν
2245 2635 2326 2658 τεσ-

1673 2681 1921 2730 ανηστεύοντες
1955 2685 2061 2733 ὠμεν.
2102 2683 2146 2720 Εἰ
2173 2680 2242 2734 γὰρ
2274 2680 2324 2732 μὴ

1303 2681 1524 2732 σαρακοστὴν
1543 2689 1658 2721 πᾶσαν

1302 2741 1488 2793 μέλλοιμέν
1522 2759 1555 2781 τι
1594 2742 1786 2795 κερδαίνειν
1816 2747 1856 2783 ἐκ
1885 2746 1947 2790 τ’ἧς
1984 2745 2130 2782 ἐνταῦθα
2163 2746 2327 2796 συνεχοῦς

1299 2802 1463 2847 ἐλεύσεώς
1486 2820 1524 2842 τε
1553 2803 1612 2842 καὶ
1639 2804 1893 2856 παραινέσεως,
1913 2805 1971 2844 καὶ
1993 2804 2062 2844 ἀπὸ
2089 2810 2149 2844 τοῦ
2172 2807 2234 2851 τῆς
2262 2821 2324 2851 νη-

1301 2863 1418 2907 στείας
1445 2868 1566 2917 καιροῦ
1593 2864 1800 2918 προσφέρειν
1822 2882 1856 2904 τι
1886 2868 1954 2903 τῶν
1986 2866 2172 2919 χρησίμων
2192 2867 2238 2909 εἷς
2262 2864 2325 2912 τὴν

1302 2926 1432 2962 ἑαυτῶν
1451 2924 1586 2977 ψυχὴν,
1601 2929 1712 2964 ταῦτα
1731 2929 1767 2965 οὐ
1783 2926 1884 2977 μόνον
1903 2930 1997 2979 ἡμᾶς
2014 2926 2110 2966 οὐδὲν
2129 2926 2326 2980 ὠφελήσει,

1302 2984 1392 3023 ἀλλὰ
1412 2986 1471 3023 καὶ
1493 2986 1646 3037 μείζονος
1664 2991 1748 3037 ἡμῖν
1765 2988 2002 3039 κατακρίσεως
2024 2988 2162 3041 ἀφορμὴ
2183 2987 2326 3039 γενήσε-

1301 3062 1381 3093 ται,
1397 3046 1477 3084 ὅταν
1494 3048 1663 3096 τοσαύτης
1680 3049 1881 3099 ἐπιμελείας
1903 3050 2155 3096 ἀπολαύοντες,
2175 3051 2206 3086 οἳ
2228 3047 2324 3086 αὐτοὶ

1302 3105 1539 3158 διαμένωμεν,
1570 3108 1629 3146 καὶ
1653 3108 1742 3159 μήτε
1770 3112 1787 3147 ὁ
1812 3111 1947 3161 ὀργίλος
1974 3110 2128 3156 ἐπιεικὴς
2156 3109 2321 3161 γένηται,

1354 3238 1366 3252 c
1384 3229 1538 3271 Quinque
1554 3230 1632 3264 MSS.
1651 3238 1868 3275 ἀναγκάζεται,
1889 3239 1912 3266 εἰ
1926 3238 1972 3267 καὶ
1991 3238 2033 3266 ε”τι
2049 3238 2201 3272 πολὶἑκις.

1355 3279 1366 3296 '¹
1386 3279 1521 3313 Coisliu.
1554 3286 1735 3321 νηστεύοιτῑς
1762 3287 1975 3326 ’Τεντεὶὲτωμιεν
2018 3286 2091 3317 Mox
2121 3285 2207 3318 iden!
2243 3302 2301 3320 :xx-⁷

1312 3336 1377 3373 χοί,
1404 3338 1597 3372 ται-λείπω,
