2433 3775
804 215 846 245 IN
884 213 985 244 CAP.
1027 213 1055 242 l.

161 304 265 356 βάθος
284 301 433 341 πλούτου
469 301 529 340 καὶ
561 298 682 352 σοφίας
713 299 773 337 καὶ
803 296 964 350 γνώσεως
996 297 1110 342 Θεοῦ,
1137 297 1183 338 ὡς

160 363 406 418 ἀνεξερεύνητα
433 361 477 401 τὰ
505 361 660 414 κρίματα
688 362 809 406 αὐτοῦ,
842 359 902 398 καὶ
931 357 1183 411 ἀνεξιχνίαστοι

161 427 195 464 αἱ
226 424 297 463 ὁδοὶ
321 426 437 462 αὐτοῦ.
457 423 548 462 Ἀλλ’
569 423 718 460 ἐνταῦθα
731 421 842 469 ἡδέως
858 419 1001 472 ἐροίμην
1023 417 1102 462 τοὺς
1120 417 1183 465 τὴν

160 489 220 525 τοῦ
236 486 322 524 Υῑοῦ
338 489 398 524 τοῦ
416 487 508 524 Θεοῦ
533 483 692 536 γέννησιν
713 482 1000 536 περιεργάζεσθαι
1027 481 1186 532 τολμῶν-

159 562 244 593 τας,
263 545 323 585 καὶ
348 547 408 584 τοῦ
436 544 536 597 ἁγίου
567 544 773 596 Πνεύματος
794 542 858 590 τὴν
886 542 985 587 ἀξίαν
1007 543 1184 594 καθαιρεῖν

161 610 438 661 ἐπιχειροῦντας·
468 606 570 646 πόθεν
598 608 694 657 ὑμῖν,
720 604 794 644 εἶπέ
827 619 909 655 μοι,
932 605 995 648 τῆς
1012 600 1187 648 τοσαύτης

161 669 291 720 τόλμης
308 672 328 715 ἡ
349 668 563 720 προπέτεια;
584 668 652 707 ἀπὸ
665 667 766 710 ποίας
785 663 988 718 ’παροινίας
1007 666 1054 708 εἰς
1068 666 1185 701 τοσοῦ-

163 746 222 770 τον
244 730 369 781 μανίας
394 729 597 775 ἐξωκείλατε
614 744 624 776 ;
644 730 689 767 Εἰ
719 726 786 781 γὰρ
806 727 945 768 Παῦλος
962 727 980 763 ὁ
1000 729 1160 767 τοσοῦτος
1177 754 1186 771 ,

162 790 223 830 καὶ
249 793 472 838 τηλικοῦτος,
491 789 534 827 τὰ
556 788 712 840 κρίματα
740 789 862 830 αὐτοῦ,
881 787 974 823 τοῦτ’
1003 785 1111 847 {ex-:L
1124 783 1187 828 τὰς

161 849 378 901 οἰκονομίαις,
397 849 458 893 τὰς
474 848 678 895 διοικήσεις,
696 845 942 898 ἀνεξερεύνητά
960 861 1064 898 φησιν
1080 849 1186 893 εἰναι,

160 910 220 949 καὶ
233 912 295 948 οὐκ
316 903 410 948 εἶπεν
427 909 674 955 ἀκατάληπτα,
698 909 776 946 ἀλλ’
799 905 1049 958 ἀνεξερεύνητα
1062 936 1073 953 ,
1095 905 1186 945 ὥστε

158 969 249 1022 μηδὲ
264 969 403 1023 ἔρευναν
417 968 434 989 ¹’
446 969 665 1014 ἐπιδέξασθαι
677 999 686 1017 ,
706 967 765 1007 καὶ
780 967 1031 1020 ἀνεξιχνίαστοι
1045 995 1054 1012 ,
1071 967 1186 1019 φησὶν,

162 1032 198 1069 αἱ
214 1030 285 1069 ὁδοὶ
305 1031 407 1069 αὐτοῦ
422 1060 431 1079 ,
449 1030 556 1068 πάλιν
584 1029 624 1069 τὸ
648 1030 732 1068 αὐτὸ
753 1028 877 1082 λέγων,
896 1028 994 1072 ὁδοὺς
1013 1028 1057 1066 τὰ
1072 1043 1186 1081 προσ-

161 1091 327 1143 τάγματα
358 1093 479 1130 καλῶν
504 1091 563 1129 καὶ
589 1089 652 1135 τὰς
677 1089 834 1139 ἐντολὰς,
853 1091 928 1134 πῶς
948 1091 1046 1140 ὑμεῖς
1081 1088 1188 1136 αὐτὴν

161 1153 224 1200 τὴν
243 1154 361 1192 οὖσίαν
381 1155 441 1192 τοῦ
464 1155 680 1205 Μονογενοῦς
702 1152 989 1206 περιεργάζεσθαι
1013 1153 1186 1202 τολμᾶτε,

160 1214 220 1253 καὶ
246 1220 306 1254 τοῦ
335 1214 432 1268 ἁγίου
460 1214 667 1265 Πνεύματος
695 1213 759 1261 τὴν
782 1213 878 1258 ἀξίαν
900 1215 1062 1253 ἐλαττοῦν
1085 1213 1123 1251 τό
1149 1228 1188 1265 γε

162 1278 239 1315 καθ’
273 1279 384 1327 ὑμᾶς;
414 1275 566 1329 Ὁρᾶτε,
587 1275 782 1327 ἀγαπητοὶ,
801 1274 880 1314 ὅσον
906 1274 980 1313 ἐστὶ
1012 1273 1120 1313 κακὸν
1149 1274 1189 1313 τὸ

162 1336 211 1387 μὴ
241 1335 424 1389 προσέχειν
443 1335 534 1387 μετὰ
553 1335 733 1388 ἀκριὸείας
750 1341 820 1379 τοῖς
840 1338 873 1374 ἐν
893 1337 937 1385 τῇ
962 1334 1038 1386 θείᾳ
1062 1335 1187 1387 Γραφῇ

161 1398 344 1447 κειμένοις.
367 1390 476 1435 Οὗτοι
494 1396 563 1448 γὰρ
579 1398 608 1434 εἷ
626 1396 672 1434 τὰ
699 1396 768 1434 ἀπὸ
785 1398 848 1441 τῆς
865 1395 958 1439 θείας
973 1397 1117 1448 Γραφῆς
1138 1397 1189 1433 δι-

162 1457 324 1508 δάγματα
355 1458 431 1507 μετ’
461 1456 725 1508 εὐγνωμοσύνης
756 1456 937 1509 ἐδέχοντο,
972 1456 1031 1494 καὶ
1061 1455 1110 1507 μὴ
1143 1455 1188 1494 τὰ

163 1518 232 1556 ἀπὸ
251 1519 318 1555 τῶν
348 1516 483 1555 οἰκείων
509 1519 688 1569 λογισμῶν
705 1516 893 1569 εἰσέφερον,
921 1517 984 1554 οὔκ
1003 1515 1044 1554 ἂν
1067 1518 1115 1561 εἷς
1132 1532 1188 1555 το-

162 1577 292 1624 σαύτην
324 1578 442 1616 ἄνοιαν
462 1583 477 1600 c
492 1577 711 1630 ἐτράπησαν.
738 1578 829 1616 Ἀλλ’
859 1579 962 1629 ἡμεῖς
997 1576 1074 1616 οὐδὲ
1096 1576 1187 1616 οὕτω

159 1638 377 1689 παυσώμεθα
396 1638 439 1678 τὰ
455 1638 524 1678 ἀπὸ
543 1641 605 1685 τῆς
621 1638 713 1683 θείας
734 1640 876 1693 Γραφῆς
891 1639 1005 1683 αὐτοῖς
1025 1640 1188 1691 ε’νηχοῦν-

159 1715 237 1747 τες,
257 1700 316 1738 καὶ
337 1700 399 1744 τὰς
420 1702 551 1738 ἑαυτῶν
579 1699 684 1744 ἀκοὰς
717 1699 995 1752 ἀποτειχίζοντες
1015 1706 1086 1743 τοῖς
1112 1701 1188 1739 ὀλε-

130 1792 133 1795 .
160 1759 267 1812 θρίοις
283 1763 395 1799 αὐτῶν
418 1760 641 1813 διδάγμασιν.

217 2006 310 2043 Ἀλλ’
326 2006 389 2043 οὐκ
407 1998 484 2042 οἶδα
511 2006 586 2048 πῶς
604 2004 710 2044 πάλιν
733 2006 800 2044 ὑπὸ
825 2007 887 2052 τ’ἧς
908 2006 1018 2058 ῥύμης
1045 2010 1104 2046 τοῦ
1124 2007 1186 2045 λό-

161 2082 222 2116 γου
243 2067 290 2109 εἷς
312 2068 424 2103 ταῦτα
454 2065 702 2117 ἐξενεχθέντες,
721 2067 784 2112 τῆς
800 2066 1004 2111 ἀκολουθίας
1024 2067 1187 2112 ἐξεπέσα-

162 2141 245 2177 μεν·
281 2126 332 2163 διὸ
355 2126 460 2164 πάλιν
487 2126 744 2178 ᾱέπαναγαγεῖν
771 2127 822 2164 δεῖ
849 2127 907 2165 τὸν
933 2126 1034 2179 λόγον
1063 2127 1121 2165 ἐπὶ
1142 2127 1186 2166 τὰ

160 2187 323 2239 πρότερα.
356 2186 422 2224 Καὶ
447 2186 610 2234 ἐκάλεσε,
630 2185 747 2238 φησὶν,
773 2189 792 2224 ὁ
814 2187 904 2230 Θεὸς
931 2187 972 2225 τὸ
1001 2187 1186 2240 στερέωμα

161 2246 316 2299 οὐρανὸν,
343 2247 403 2285 καὶ
434 2240 522 2285 εἶδεν
549 2250 568 2285 ὁ
595 2248 684 2292 Θεὸς
706 2247 759 2286 ὅτι
792 2248 911 2287 καλόν.
947 2249 1016 2288 Καὶ
1051 2249 1186 2300 ἐγένετο

161 2309 308 2363 ἑσπέρα,
330 2308 389 2347 καὶ
417 2309 551 2360 ἐγένετο
571 2308 683 2362 πρωῒ,
704 2309 821 2362 ἡμέρα
854 2309 1008 2364 δευτέρα.
1031 2311 1186 2356 Ἔπιθεὶς

159 2369 223 2417 τὴν
252 2369 488 2422 προσηγορίαν
508 2372 558 2424 τῷ
586 2370 823 2424 στερεώματι,
854 2370 913 2409 καὶ
942 2372 1128 2416 ἐπαινέσας
1147 2373 1187 2411 τὸ

161 2430 318 2482 γεγονὸς,
337 2431 434 2475 τέλος
454 2431 602 2479 ἐπέθηκε
618 2435 661 2484 τῇ
680 2431 825 2485 δευτέρᾳ
845 2432 981 2486 ἡμέρᾳ,
1003 2432 1064 2472 καί
1082 2449 1184 2487 φησι·

163 2492 232 2531 Καὶ
257 2491 391 2544 ἐγένετο
419 2492 549 2544 ἑσπέρα
562 2522 572 2541 ,
590 2493 650 2530 καὶ
679 2493 814 2545 ἐγένετο
832 2492 947 2547 πρωῒ,
967 2495 1086 2548 ἡμέρα
1104 2497 1188 2534 δευ·

163 2554 258 2606 τέρα.
280 2548 380 2598 Εἶδες
396 2557 469 2598 πῶς
487 2553 576 2605 μετὰ
590 2554 767 2607 ἀκριὸείας
786 2558 880 2606 ἡμᾶς
894 2556 1050 2595 διδάσκει
1063 2557 1102 2595 τὸ
1123 2556 1186 2608 μὲν

165 2613 261 2658 τέλος
278 2618 338 2652 τοῦ
354 2614 465 2667 φωτὸς
481 2615 630 2668 ἑσπέραν
652 2618 781 2663 καλῶν,
801 2616 841 2654 τὸ
868 2615 905 2655 δὲ
931 2617 1028 2662 τέλος
1042 2621 1105 2666 τῆς
1132 2635 1189 2657 νυ·

163 2675 242 2719 κτὸς
257 2675 404 2727 πρωΐαν,
423 2675 482 2713 καὶ
497 2675 632 2728 ἡμέραν
648 2676 688 2715 τὸ
705 2682 774 2715 πᾶν
795 2677 1076 2730 προσαγορεύων,
1097 2679 1188 2719 ὥστε

166 2736 214 2787 μὴ
230 2739 429 2775 πλανᾶσθαι
451 2739 544 2787 ἡμᾶς
557 2767 566 2785 ,
593 2737 682 2788 μηδὲ
701 2737 851 2789 νομίζειν
872 2738 935 2786 τὴν
960 2739 1110 2794 ἑσπέραν
1130 2740 1189 2780 τέ-

165 2799 223 2842 λος
241 2790 328 2836 εἶναι
345 2800 407 2844 τῆς
426 2797 558 2850 ἡμέρας
571 2827 580 2845 ,
611 2800 688 2837 ἀλλ’
707 2798 833 2838 εἰδέναι
857 2804 977 2852 σαφῶς
1002 2800 1056 2839 ὅτι
1075 2804 1188 2855 ἀμφο-

164 2858 274 2910 τέρων
293 2858 332 2897 τὸ
364 2862 473 2909 μῆκος
504 2858 586 2910 μίαν
613 2859 750 2913 ἡμέραν
777 2863 927 2913 πληροῖ;
964 2861 1035 2900 Καὶ
1067 2865 1088 2909 ἡ
1125 2862 1188 2914 μὲν

1095 210 1261 242 ΟΕΝΕΞ.

1211 667 1235 697 Β

1307 211 1465 242 uomit„
1511 214 1571 245 iv.
2151 207 2208 251 35

1257 307 1337 332 rum
1354 294 1545 334 introducti
1566 297 1747 349 fuissent),
1767 308 1800 337 ct
1819 314 1937 338 serum
1956 301 2159 352 dubitaret,
2176 312 2209 340 et

1257 355 1478 397 internorum.
1496 357 1683 396 oculorum
1701 359 1876 410 vertigine
1891 360 2075 409 laboraret,
2091 362 2207 400 excla-

1257 415 1527 465 mavit,dicens:
1540 420 1572 456 0
1584 418 1754 457 altitudo
1768 420 1995 458 divitiarum
2012 430 2046 459 et
2062 425 2209 473 sapien·
2225 439 2309 466 nm,
2331 448 2375 467 ,,,

1259 479 1335 526 tice,
1353 487 1389 516 et
1407 481 1577 517 scientim
1591 482 1680 527 Dei,
1701 494 1818 534 quam
1835 483 2105 520 inscrutabiIia
2122 493 2209 522 sunt
2225 479 2275 509 33-

1251 538 1404 590 judicia
1416 541 1510 590 ejus,
1524 549 1558 578 et
1569 543 1753 594 investiga
1759 543 1853 581 biles
1864 545 1942 582 viae
1951 546 2032 596 ejus
2044 543 2060 582 Ι
2071 544 2142 583 Sed
2155 544 2214 583 bic

1258 599 1409 638 libenter
1423 602 1577 653 rogarim
1595 617 1663 652 eos,
1680 604 1739 655 qui
1753 604 1796 643 de
1810 605 2035 655 generatione
2048 605 2132 643 Filii
2148 607 2215 644 Dei

1260 661 1434 700 curiosius
1459 664 1665 715 exquirunt,
1687 675 1721 704 et
1742 667 1852 705 sancti
1885 667 2042 720 Spiritus
2060 667 2215 721 dignita-

1261 732 1331 761 tem
1351 725 1490 763 auferre
1511 735 1642 764 tentant
1655 727 1778 767 :Unde
1794 728 1908 775 vobis,
1928 729 2088 777 obsecm,
2111 739 2216 768 tanta:

1261 783 1417 822 audaciae
1438 786 1645 825 temeritas?
1664 802 1682 824 a
1707 802 1774 838 qua
1803 789 1998 826 temeritate
2025 791 2058 827 in
2082 799 2217 829 tantam

1262 844 1383 883 ruistis
1411 846 1611 884 insaniam?
1631 848 1721 885 Nam
1749 849 1778 886 si
1805 849 1938 887 Paulus
1959 849 2019 887 ille
2048 859 2165 889 tantus
2184 860 2218 889 et

1262 905 1344 943 talis
1361 906 1497 958 judicia
1515 908 1612 960 ejus,
1629 907 1695 948 hoc
1712 918 1782 958 est,
1800 909 2080 961 dispensationes
2098 921 2131 949 et
2151 926 2218 962 gu-

1262 966 1499 1015 bernationes,
1516 968 1761 1007 inscrutabilia
1781 984 1855 1008 esse
1877 970 1989 1008 dicit:
2005 981 2038 1009 et
2058 985 2126 1009 non
2156 973 2217 1010 ‹li-

1263 1027 1310 1065 cit
1331 1027 1705 1081 incomprehensibilia
1720 1060 1730 1080 ‚
1751 1031 1811 1069 sed
1833 1031 2092 1082 inscrutabilia,
2115 1033 2163 1070 ita
2181 1043 2218 1070 ut

1264 1088 1415 1126 scrutari
1441 1103 1479 1127 ea
1511 1103 1613 1129 nemo
1640 1091 1772 1143 possit3
1792 1102 1825 1130 et
1845 1092 2113 1145 investigabiles
2131 1093 2222 1132 dicit

1264 1148 1342 1187 vias
1371 1150 1466 1202 ejus3
1489 1150 1617 1189 iterum
1651 1151 1745 1190 idem
1775 1151 1916 1202 dicens,
1947 1153 2022 1191 vias
2052 1154 2219 1193 mandata

1264 1223 1394 1249 vocans
1413 1220 1443 1248 et
1471 1213 1865 1264 praeceptazquomodo
1895 1228 1956 1253 vos
1985 1215 2221 1253 substantiam

1264 1271 1379 1324 ipsam
1411 1273 1596 1324 Unigeniti
1630 1275 1805 1314 curiosius
1834 1276 2034 1328 explorare,
2067 1286 2101 1314 et
2133 1277 2219 1329 Spi-

1263 1332 1354 1370 ritus
1373 1332 1483 1371 sancti
1509 1333 1738 1385 dignitatem,
1764 1346 1938 1387 quantum
1965 1337 1999 1375 in
2023 1337 2125 1376 vobis
2152 1347 2218 1386 cst,

1263 1393 1476 1432 imminuere
1493 1394 1656 1433 audetis?
1677 1396 1821 1445 Videte,
1841 1397 2084 1446 dilectissimi,
2106 1413 2219 1450 quan-

1263 1462 1340 1492 tum
1361 1454 1498 1492 malum
1519 1455 1565 1494 sit
1593 1470 1662 1494 non
1690 1456 1881 1510 diligenter
1909 1459 2089 1498 attendere
2115 1460 2162 1498 ad
2181 1474 2218 1498 ea

1263 1529 1342 1566 quae
1358 1515 1394 1553 in
1410 1516 1546 1556 divinis
1559 1518 1757 1571 Scripturis
1772 1529 1854 1558 sunt
1873 1530 2047 1559 contenta.
2065 1521 2109 1559 Hi
2126 1522 2220 1560 enim

1262 1576 1291 1614 si
1308 1590 1392 1614 cum
1409 1578 1526 1629 sagaci
1547 1588 1580 1617 et
1600 1579 1712 1632 proba
1732 1591 1850 1619 mente
1869 1581 2070 1620 doctrinam
2089 1583 2220 1622 divina:

1262 1639 1456 1692 Scriptura?
1486 1641 1715 1694 accepissent,
1743 1653 1776 1681 et
1808 1657 1876 1682 non
1906 1658 1968 1683 sua
1999 1659 2044 1684 ex
2075 1645 2220 1699 proprio

1261 1700 1448 1739 ratiocinio
1474 1702 1747 1755 excogitassent,
1780 1705 1985 1756 neutiquam
2014 1707 2050 1744 in
2086 1715 2218 1745 tantam

1262 1761 1441 1800 venissent
1461 1763 1666 1802 amentiam.
1688 1766 1732 1802 At
1758 1778 1822 1803 nos
1846 1779 1961 1816 neque
1976 1766 2027 1805 sic
2044 1781 2219 1805 cessemus

1261 1821 1393 1861 divinae
1425 1824 1620 1876 Scripturae
1650 1825 1851 1864 testimonia
1878 1827 1965 1879 ipsis
1994 1827 2163 1880 objicere,
2186 1839 2218 1867 et

1262 1897 1365 1922 aures
1385 1894 1522 1923 nostras
1535 1885 1581 1922 ad
1598 1886 1800 1938 pestilentes
1819 1901 1941 1926 eorum
1960 1888 2139 1927 doctrinas
2153 1890 2217 1928 ob-

1260 1944 1386 1996 sepire.

1313 2008 1351 2045 6.
1384 2005 1457 2045 Sed
1483 2006 1600 2045 nescio
1632 2008 1810 2058 quomodo
1843 2009 1973 2047 iterum
2004 2011 2050 2048 ab
2081 2012 2215 2064 impetu

1261 2067 1431 2105 orationis
1446 2067 1482 2105 in
1499 2066 1575 2105 haec
1588 2068 1701 2106 evecti
1725 2083 1868 2118 sumus,
1886 2079 1919 2108 et
1933 2085 1954 2108 a
1969 2081 2135 2109 contextu
2151 2086 2214 2111 ex—

1261 2127 1416 2166 cidimus
1427 2143 1435 2164 :
1448 2127 1528 2166 ideo
1542 2128 1671 2166 iterum
1686 2128 1732 2166 ad
1747 2130 1867 2181 priora
1883 2131 2004 2169 redeat
2019 2146 2146 2171 sermo.
2163 2134 2199 2171 E
2203 2143 2217 2171 t

1262 2191 1433 2236 vocavit,
1467 2188 1537 2236 ait,
1559 2190 1666 2227 Deus
1677 2191 1979 2242 firmamentum
2009 2194 2159 2240 ccelum,
2180 2203 2216 2231 et

1261 2251 1363 2288 vidit
1395 2250 1503 2288 Deus
1531 2251 1636 2302 quod
1660 2260 1757 2290 esset
1787 2254 1944 2292 bonum.
1980 2255 2035 2293 Et
2053 2256 2215 2307 sactum

1261 2319 1316 2349 est
1339 2324 1511 2363 vespere,
1530 2321 1567 2349 et
1574 2313 1734 2364 factum
1750 2322 1807 2353 est
1829 2328 1958 2364 mane,
1984 2316 2066 2354 dies
2081 2331 2214 2355 secun-

1261 2372 1342 2410 dus.
1366 2371 1614 2425 Appellatione
1629 2372 1742 2411 indita
1760 2374 1999 2424 firmamento,
2019 2386 2054 2415 et
2071 2377 2216 2417 laudato

1261 2446 1380 2485 opere,
1414 2433 1522 2471 finem
1542 2433 1723 2486 'imposuit
1747 2434 1819 2473 diei
1849 2437 2017 2488 secundo,
2038 2447 2072 2477 et
2094 2439 2213 2478 dixit:

1261 2495 1316 2533 Et
1332 2496 1486 2547 factum
1507 2504 1561 2534 est
1583 2509 1754 2548 vespere,
1777 2505 1815 2535 et
1824 2499 1987 2551 sactum
2006 2509 2063 2538 est
2083 2515 2211 2548 mane,

1261 2557 1343 2595 dies
1371 2556 1576 2594 secundus.
1601 2556 1738 2597 Vidisti
1771 2567 1902 2609 quanta
1933 2559 2119 2612 diligentia
2152 2576 2215 2601 nos

1261 2617 1377 2667 docet,
1402 2617 1508 2655 finem
1540 2616 1631 2655 lucis
1659 2631 1843 2670 vesperam
1876 2633 2022 2670 vocanS,
2042 2630 2076 2659 et
2106 2621 2214 2660 finem

1265 2678 1377 2716 noetis
1394 2691 1508 2725 mane,
1522 2686 1555 2715 ct
1574 2686 1686 2716 totum
1702 2678 1797 2716 illud
1815 2678 1922 2727 diem,
1939 2689 1979 2718 ut
1997 2694 2040 2719 ne
2057 2674 2214 2722 erremus

1264 2753 1348 2790 nos,
1368 2752 1481 2790 neque
1499 2748 1665 2790 putemus
1683 2752 1867 2791 vesperam
1887 2740 1994 2779 finem
2022 2755 2096 2781 esse
2126 2743 2213 2788 diei,

1263 2801 1325 2841 sed
1342 2800 1523 2839 manifeste
1541 2798 1694 2838 sciamus
1714 2800 1899 2852 utriusque
1925 2803 2080 2855 spatium
2102 2799 2214 2843 umim

1263 2862 1360 2901 diem
1378 2861 1551 2914 implere?
1571 2859 1617 2897 Et
1632 2874 1777 2913 vespere
1793 2861 1899 2901 finem
1915 2862 2008 2902 lucis
2025 2875 2117 2904 recte
2135 2867 2214 2916 quis

166 2919 296 2971 ἑσπέρα
315 2919 412 2964 τέλος
428 2925 488 2959 τοῦ
513 2921 624 2972 φωτὸς
643 2921 683 2959 ἂν
709 2922 851 2966 δικαίως
865 2922 1019 2975 λέγοιτο,
1039 2926 1057 2962 ὁ
1076 2924 1112 2962 δὲ
1131 2925 1189 2977 ὄρ·
1213 2932 1238 2964 Ε
1263 2923 1413 2972 dixerit,
1446 2936 1548 2960 mane
1583 2931 1720 2971 autem,
1749 2921 1817 2961 hoe
1847 2933 1917 2974 est,
1950 2924 2058 2964 finem
2088 2928 2212 2974 noctis,

166 2983 243 3032 θρος
255 3010 265 3027 ,
287 2982 378 3019 τοῦτ’
401 2980 496 3030 ἔστι,
513 2981 666 3027 τὸτέλος
683 2985 745 3030 τῆς
764 2983 906 3032 νυκτὸς,
927 2983 1106 3037 πλήρωμα
1125 2988 1188 3032 τῆς

165 3040 309 3092 ἡμέρας.
339 3041 454 3080 Τοῦτο
482 3041 550 3094 γὰρ
588 3042 751 3094 βούλεται
779 3045 905 3092 δηλοῦν
925 3047 946 3091 ἡ
967 3045 1042 3084 θεία
1063 3045 1186 3098 Γραφὴ

210 3181 223 3196 ¹
240 3170 376 3204 coislin.
393 3179 556 3219 παραινέεις.
576 3172 638 3205 Alii
653 3180 829 3221 παρανοίας.

197 3219 229 3249 4Ι»
246 3224 326 3267 neg.
356 3236 439 3257 unus
465 3233 498 3257 et
522 3224 672 3260 Colbert.
693 3238 775 3259 unus
798 3230 1006 3267 ἐπιδείξασθαι.
1022 3229 1176 3261 Haeretici

170 3275 227 3317 qui
252 3274 472 3309 substantiam
499 3276 670 3321 Unigeniti
695 3279 856 3311 curiosius
884 3278 1126 3323 explorabant,
1143 3289 1177 3313 et

1264 2984 1561 3036 complementum
1575 2981 1658 3022 diei.
1676 2983 1752 3022 Hoc
1771 2983 1863 3023 enim
1881 2985 1961 3025 vult
1979 2986 2102 3026 divina
2119 2990 2213 3027 Scri-

1264 3054 1372 3097 ptura
1392 3043 1635 3092 manifestare,
1651 3043 1794 3083 dicens:
1815 3047 1870 3084 Et
1880 3047 2042 3098 sactum
2066 3057 2122 3087 est
2142 3064 2212 3087 ve-

1210 3176 1327 3209 hahuit
1342 3174 1602 3219 Cluysostomus
1620 3174 1803 3210 Antiochiae
1817 3185 1850 3210 et
1865 3178 2169 3222 Constamfnopoli.

1253 3239 1265 3254 e
1283 3229 1365 3271 Reg.
1385 3239 1466 3259 unus
1483 3234 1701 3271 ἀνετράπησαν.

1253 3281 1266 3300 ‘⁴
1284 3278 1384 3313 Savil.
1403 3286 1436 3310 et
1453 3278 1579 3321 aliquot
1597 3279 1672 3312 Mss.
1692 3287 1897 3327 ἐπαναγαγεῖν.
1917 3284 2052 3317 Coislin.
2072 3294 2103 3317 ct
2119 3286 2202 3318 Colb
2216 3312 2222 3318 .

171 3323 312 3367 Spiritus
327 3329 433 3360 sancti
450 3327 647 3370 dignitatem
662 3328 874 3370 minuebant,
893 3330 1044 3364 Anomoei
1062 3341 1156 3365 erant
1168 3359 1175 3369 ,
1213 3343 1295 3365 unus
1314 3337 1417 3374 {xz-,53
1431 3345 1477 3365 εει.
1495 3330 1607 3363 morel.
1627 3337 1754 3374 ὲεάγςν.

171 3384 203 3409 et
229 3377 469 3413 Macedoniani.
497 3381 622 3414 Contra
651 3383 830 3415 Anomoeos
859 3382 983 3416 multas
1012 3385 1179 3417 orationes

2313 1515 2372 1541 Con
2379 1521 2418 1541 tn

2236 1555 2254 1581 Α
2263 1565 2397 1582 ηοωωυε.
