2516 3791
102 1041 214 1067 matth.
236 1039 285 1068 25.

106 1079 150 1107 13.

89 3054 223 3084 Cvn.26,
247 3066 270 3084 ι.

302 156 396 217 576
722 175 760 205 s.

304 253 378 305 ipse
392 253 539 305 quidem
559 256 689 306 frigore
705 257 879 307 rigescens
901 253 1122 300 obambulat,
1137 260 1174 289 tu
1192 265 1254 288 au-

302 324 375 352 tem
397 315 516 354 sericis
538 315 685 354 indutus
711 331 754 354 ne
773 315 919 367 respicis
935 313 1095 364 quidem,
1116 311 1254 348 nullam

303 376 643 414 commiserationem
669 391 742 428 prae
766 385 798 413 te
822 376 904 424 fers,
924 373 986 411 sed
1004 371 1254 409 immisericor-

303 436 396 474 diter
414 437 584 489 praeteris.
609 436 656 473 Et
675 449 744 485 qua
772 434 875 472 'venia
903 441 987 471 sunt
1005 432 1082 470 haec
1104 431 1214 483 digna
1236 431 1253 468 Ρ

303 496 358 534 Ne
380 495 490 546 igitur
513 494 558 531 sit
591 494 659 531 hoc
683 492 843 531 studium
867 501 1043 541 nostrum,
1061 500 1100 528 ut
1125 490 1255 528 multas

304 554 491 606 quibusvis
510 553 646 591 artibus
669 567 751 605 opes
770 553 1021 604 conquiramus
1042 567 1049 588 :
1074 551 1137 589 sed
1160 550 1255 588 illud

304 616 340 653 in
360 628 466 666 scopo
483 614 692 661 habeamus,
709 613 890 664 quomodo
907 622 940 651 et
964 613 1042 650 haec
1070 612 1159 650 bene
1180 611 1255 649 dis-

304 688 489 726 ponamus,
515 682 547 710 et
571 672 688 723 egenis
706 673 954 710 consulamus:
976 680 1010 709 et
1037 685 1080 709 ne
1109 671 1154 708 ab
1182 670 1254 709 illis

303 733 509 771 excidamus
532 745 612 782 quae
627 745 763 783 semper
780 740 938 780 manent,
957 739 990 768 et
1017 744 1095 781 quae
1116 730 1255 767 nullam

302 793 495 831 admittunt
512 791 797 830 vicissitudinem
815 806 856 829 ac
878 790 1124 829 mutationem.
1153 791 1253 838 Quo-

302 853 394 892 circa
416 853 512 891 djem
541 852 665 890 mortis
687 861 815 890 nostrae
847 852 1022 890 incertum
1038 864 1111 888 esse
1138 850 1254 889 voluit

302 914 476 952 Dominus
490 944 502 964 ,
519 922 558 951 ut
583 927 646 951 nos
663 922 878 965 praepararet
902 911 947 950 ad
970 911 1177 949 continuam
1200 925 1254 949 so-

300 972 486 1010 brietatem
500 980 533 1009 et
548 971 788 1022 vigilantiam,
806 981 839 1008 ct
854 971 902 1008 ita
915 970 1028 1022 magis
1048 969 1094 1007 ad
1108 969 1253 1008 virtutis

301 1033 461 1071 studium
478 1046 541 1070 nos
557 1041 776 1085 provocaret.
797 1031 895 1070 Dicit
921 1031 1015 1069 enim
1036 1047 1043 1067 :
1067 1031 1248 1083 Vigilate,

303 1098 395 1147 quia
417 1097 569 1132 nescitis
589 1108 712 1146 neque
737 1095 852 1140 diem,
870 1107 991 1145 neque
1015 1094 1165 1130 horam.
1190 1093 1253 1130 At-

300 1155 363 1205 qui
386 1169 448 1193 nos
465 1155 569 1207 plane
583 1154 767 1192 diversum
787 1167 992 1206 operamur,
1009 1161 1042 1190 et
1055 1151 1252 1191 dormimus

299 1230 422 1253 somno
436 1215 600 1267 graviore
612 1230 720 1266 quam
735 1215 781 1254 sit
800 1214 973 1252 naturalis
992 1214 1065 1251 ille.
1085 1215 1177 1252 Nam
1190 1213 1251 1264 qui

299 1276 453 1314 nattuali
465 1290 588 1314 somno
608 1276 771 1327 quiescit,
791 1290 855 1313 nec
867 1275 1018 1326 bonum,
1039 1289 1102 1313 nec
1115 1275 1251 1312 malum

299 1346 465 1389 operatur
488 1353 495 1373 :
530 1351 594 1375 nos
628 1346 747 1375 autem
771 1336 841 1375 alio
876 1350 998 1374 somno
1033 1335 1247 1387 dormimus,

299 1398 513 1437 dormientes
539 1399 587 1437 ad
622 1399 780 1448 virtutis,
813 1399 1003 1450 vigilantes
1025 1397 1074 1436 ad
1106 1398 1250 1436 malitiae

297 1474 418 1512 opera,
441 1460 574 1499 strenui
592 1461 628 1498 in
652 1461 756 1499 malis
771 1492 780 1507 ,
797 1460 935 1498 desides
950 1460 983 1497 in
1002 1459 1105 1497 bonis
1120 1475 1127 1495 :
1143 1459 1251 1511 idque

297 1521 446 1560 facimus
465 1521 627 1560 videntes
651 1521 812 1572 quotidie
830 1521 961 1559 multos
995 1521 1079 1558 hinc
1101 1520 1247 1571 abduci,

297 1595 442 1632 magnas
457 1590 575 1619 autem
593 1582 746 1619 aliorum
763 1596 836 1619 esse
857 1582 893 1620 in
914 1581 1079 1633 praesenti
1099 1581 1175 1619 vita
1193 1582 1249 1620 vi—

295 1641 518 1679 cissitudines
533 1657 540 1677 ε
559 1651 591 1679 et
607 1656 722 1693 neque
737 1651 832 1679 tanta
846 1657 967 1680 rerum
986 1641 1249 1691 inaequabilitas

294 1701 338 1738 ad
354 1702 499 1740 virtutis
517 1717 674 1740 amorem
693 1717 755 1740 nos
777 1701 954 1740 adducere
984 1710 1113 1754 potest,
1136 1716 1248 1752 neque

293 1762 451 1815 disponit
468 1772 506 1800 ut
527 1763 765 1815 despiciamus
792 1763 995 1816 praesentia,
1019 1772 1053 1801 et
1068 1762 1247 1801 desidere-

294 1838 372 1862 mus
391 1825 525 1874 futura,
555 1825 857 1877 praeferamusque
883 1824 1030 1862 somniis
1050 1833 1083 1862 et
1112 1824 1247 1863 umhrae

293 1885 493 1923 veritatem.
517 1887 595 1925 Non
609 1887 704 1924 enim
717 1884 890 1924 differunt
903 1885 1091 1938 praesentia
1110 1886 1155 1923 ab
1168 1900 1247 1924 um—

291 1946 366 1985 bris
379 1956 413 1985 et
435 1947 594 1985 somniis.
619 1946 774 1985 Proinde
789 1961 833 1985 ne
851 1947 1074 2000 decipiamus
1093 1956 1247 1986 nosmet-

293 2008 402 2060 ipsos,
439 2022 552 2059 neque
571 2017 745 2046 sectemur
777 2009 922 2046 umbras
948 2024 956 2045 ε
983 2007 1045 2047 sed
1082 2008 1142 2047 vel
1169 2023 1246 2047 sero

294 2067 436 2106 tandem
451 2068 576 2106 salutis
591 2077 719 2106 nostrae
734 2083 857 2106 curam
870 2069 1080 2119 habeamus,
1108 2078 1142 2106 et
1163 2083 1245 2121 opes

294 2128 537 2180 indigentibus
557 2143 783 2178 evacuemus,
806 2138 845 2166 ut
865 2144 929 2181 pro
951 2129 1024 2167 illis
1043 2144 1245 2167 remunera-

293 2189 425 2227 tionem
443 2203 462 2226 a
482 2188 705 2226 misericordi
725 2190 802 2227 Dco
822 2189 982 2241 accipere
1014 2204 1214 2228 mereamur
1235 2206 1243 2226 :

294 2264 363 2300 qua
390 2249 492 2288 nobis
517 2248 683 2286 omnibus
712 2249 784 2286 frui
804 2249 1032 2298 concedatur,
1069 2250 1181 2301 gratia
1211 2259 1246 2289 et

295 2309 582 2348 miserationibus
598 2309 742 2347 Domini
758 2309 868 2347 nostri
889 2311 970 2349 Jesu
989 2309 1138 2359 Christi,
1163 2324 1244 2348 cum

294 2385 364 2421 quo
378 2370 475 2408 Patri
491 2380 525 2408 et
537 2369 688 2422 Spiritui
703 2378 823 2408 sancto
839 2369 884 2407 sit
896 2369 1023 2420 gloria,
1040 2370 1242 2422 imperium,

294 2434 418 2482 honor,
434 2447 528 2471 nunc
549 2441 581 2470 et
601 2446 749 2485 semper,
761 2441 795 2471 et
808 2432 844 2471 in
869 2432 997 2470 saecula
1018 2432 1239 2470 saeculorum.

295 2497 415 2532 Amen.

599 2933 805 2971 HOMILIA
857 2933 916 2970 LI.

289 3040 394 3076 Facta
415 3045 464 3075 cst
498 3046 613 3073 autem
644 3037 752 3074 fames
790 3045 1076 3089 superterram,
1108 3044 1236 3088 praetcr

341 3100 467 3136 famem
488 3098 655 3150 priorem,
683 3112 763 3147 quse
797 3099 912 3135 suerat
932 3106 1090 3150 tempore
1122 3098 1234 3135 Abra-

337 3161 434 3198 ham.

335 3269 367 3303 1.
391 3267 523 3304 lterum
544 3279 587 3302 cx
609 3265 651 3301 iis
683 3279 759 3315 quae
781 3279 891 3317 nuper
921 3265 1081 3303 diximus
1101 3265 1232 3304 doctri-

282 3342 361 3365 nam
381 3327 483 3365 vobis
501 3326 645 3364 asseram
663 3341 668 3360 :
688 3335 723 3361 ut
747 3335 862 3363 ‚numu
878 3326 1013 3375 liquido
1036 3327 1155 3365 sciatis
1170 3327 1230 3364 ubi

1260 1751 1307 1777 [⁸99

1272 1789 1299 1818 A
1319 1778 1377 1816 τὸν
1408 1777 1512 1817 ὕπνον
1539 1778 1832 1829 ἐπιδεικνύμενοι,
1864 1779 1923 1816 καὶ
1950 1782 2060 1816 ταῦτα
2089 1782 2234 1831 ὁρῶντες
2265 1782 2342 1818 καθ’

798 175 981 206 JOANMS
1016 172 1260 203 CHRYSOST.
1297 170 1503 202 ARCfflEP.
1541 173 1899 204 CONSTANTINOP-

1325 251 1432 303 ἀνέχῃ
1447 280 1456 297 ,
1487 252 1547 290 καὶ
1569 257 1678 292 ταῦτα
1706 254 1782 293 οὐδὲ
1806 257 1936 294 πολλοῦ
1962 271 2052 300 τινος
2078 257 2250 307 δεόμενον,
2271 260 2350 297 ἀλλ’

1325 311 1429 362 ἄρτου
1455 312 1557 362 μόνον
1585 314 1678 361 ἑνὸς,
1701 314 1791 354 ὥστε
1816 317 1874 355 τὸν
1895 318 1996 368 λιμὸν
2015 318 2348 370 παραμυθήσασθαι.

1326 371 1416 410 Ἀλλ’
1436 373 1537 416 αὐτὸς
1565 374 1626 424 μὲν
1647 378 1698 427 τῷ
1723 379 1847 428 κρυμῷ
1869 378 2087 428 πηγνύμενος
2113 378 2349 431 περιέρχεται,

1327 433 1368 471 σὺ
1397 433 1432 471 δὲ
1457 434 1502 472 τὰ
1529 438 1598 473 τῶν
1629 439 1744 488 σηρῶν
1767 437 1909 488 νήματα
1930 438 2169 491 περικείμενος
2192 441 2253 477 οὐκ
2274 442 2350 477 ἐπι-

1329 495 1477 548 στρέφῃ,
1510 495 1586 534 οὐδὲ
1614 496 1678 542 τὴν
1715 498 1932 548 συμπάθειαν
1974 498 2210 537 ἐπιδείκνυσαι
2224 530 2234 547 ,
2270 503 2348 539 ἀλλ’

1329 557 1482 602 ἀνηλεῶς
1506 557 1751 610 παρατρέχεις.
1777 558 1848 596 Καὶ
1867 558 1970 602 ποίας
1988 562 2099 597 ταῦτα
2122 559 2161 596 ἂν
2185 559 2237 605 εἴη
2265 576 2350 612 συγ-

1325 617 1467 669 γνώμης
1482 617 1578 666 ἅξια,
1606 619 1668 666 Μὴ
1684 620 1796 658 τοίνυν
1812 625 1912 658 τοῦτο
1930 620 2190 671 σπουδάζωμεν,
2207 621 2247 660 τὸ
2265 622 2352 660 ποίν-

1326 694 1395 716 των
1421 681 1459 717 ἐκ
1486 680 1615 723 παντὸς
1641 680 1770 733 τρόπου
1798 680 1941 719 πλείονα
1965 681 2249 733 περιὸάλλεσθαι,
2271 685 2347 722 ἀλλ’

1326 741 1435 777 ἐκεῖνο
1462 743 1648 791 σκοπῶμεν
1676 741 1770 785 ὅπως
1796 742 1856 780 καὶ
1880 746 1991 780 ταῦτα
2018 745 2132 785 καλῶς
2164 743 2348 794 διαθῶμεν,

1325 799 1384 837 καὶ
1408 799 1472 846 τὴν
1492 803 1561 838 τῶν
1589 804 1622 839 ἐν
1643 802 1747 855 ’χρείᾳ
1773 803 2014 856 τ’»)-αανόντων
2032 803 2164 842 ἔνδειαν
2183 821 2348 858 παραμυ-

1325 860 1535 912 θησώμεθα,
1559 863 1729 901 κάκείνων
1755 863 1802 914 μὴ
1829 864 2032 915 ἐκπέσωμεν
2059 867 2126 902 τῶν
2150 865 2202 903 ἀεὶ
2223 866 2348 917 μενόν-

1324 938 1406 970 των,
1442 925 1510 960 τῶν
1545 923 1709 974 οὐδεμίαν
1745 925 1939 975 μεταὸολὴν
1973 925 2242 977 ἐπιδεχομένων.
2279 927 2348 966 Διὰ

1323 982 1392 1035 γὰρ
1408 987 1509 1021 τοῦτο
1528 984 1587 1021 καὶ
1606 983 1670 1030 τὴν
1684 985 1821 1038 ἡμέραν
1840 989 1861 1032 ἦ
1867 989 1940 1036 μῶν
1956 989 2018 1032 τῆς
2033 988 2194 1032 τελευτῆς
2219 987 2346 1033 ἄδηλον

1277 1055 1301 1086 Ε
1324 1047 1408 1094 ἡμῖν
1438 1044 1597 1092 ἐποίησεν
1628 1047 1645 1083 ὁ
1670 1046 1869 1094 Δεσπότης,
1896 1045 1953 1084 ἵνα
1977 1050 2071 1096 ἡμᾶς
2095 1047 2346 1100 παρασκευάσῃ

1326 1105 1490 1152 διηνεκῶς
1508 1105 1626 1158 νήφειν
1647 1107 1706 1144 καὶ
1726 1107 1969 1160 ἐγρηγορέναι,
1988 1107 2050 1145 καὶ
2073 1107 2183 1159 ταύτῃ
2217 1110 2347 1159 μᾶλλον

1324 1165 1472 1218 διεγείρη
1510 1167 1596 1219 πρὸς
1623 1167 1686 1214 τὴν
1716 1170 1779 1213 τῆς
1813 1170 1938 1220 ἀρετῆς
1965 1168 2178 1219 ἐπιμέλειαν.
2212 1171 2349 1221 Γρηγο·

1326 1233 1414 1279 ρεῖτε
1440 1227 1527 1280 γὰρ,
1556 1228 1672 1280 φησὶν,
1697 1228 1751 1267 ὅτι
1777 1231 1840 1266 οὐκ
1864 1229 1978 1267 οἴδατε
2005 1229 2067 1277 τὴν
2091 1229 2240 1283 ἡμέραν,
2268 1232 2346 1270 οὐδὲ

1321 1288 1385 1335 τὴν
1417 1288 1521 1341 ὥραν.
1543 1289 1638 1336 ,Ἀλλ’
1669 1293 1769 1342 ἡμεῖς
1794 1290 1834 1328 τὸ
1863 1290 2013 1328 ἐναντίον
2042 1291 2259 1343 πράττομεν,
2285 1293 2346 1331 καὶ

1322 1352 1365 1388 δι’
1388 1351 1467 1390 ὅλου
1485 1351 1694 1402 καθεύδομεν
1726 1351 1830 1389 ὕπνον
1851 1351 1972 1390 τούτου
1990 1356 2049 1390 τοῦ
2068 1357 2212 1405 φυσικοῦ
2232 1353 2345 1407 βαρύ-

1321 1428 1430 1463 τερον.
1459 1412 1504 1451 ‘O
1534 1412 1596 1463 μὲν
1620 1413 1687 1466 γὰρ
1714 1417 1831 1452 τοῦτον
1859 1412 2036 1451 καθεύδων
2060 1414 2117 1452 τὸν
2146 1413 2264 1461 ὕπνον,
2285 1415 2345 1453 καὶ

1321 1474 1406 1527 πρὸς
1425 1474 1469 1512 τὰ
1491 1474 1583 1512 κακὰ
1614 1475 1673 1512 καὶ
1699 1475 1784 1528 πρὸς
1811 1475 1854 1512 τὰ
1887 1475 1978 1512 καλὰ
2010 1474 2236 1528 ἀνενέργητος
2263 1492 2347 1527 τυγ-

1320 1534 1441 1586 χάνει·
1467 1538 1567 1586 ἡμεῖς
1593 1536 1628 1574 δὲ
1657 1535 1770 1588 ἕτερον
1798 1535 1903 1574 ὕπνον
1927 1535 2150 1586 καθεύδομεν,
2175 1537 2259 1588 πρὸς
2281 1536 2343 1587 μὲν

1318 1595 1362 1632 τὰ
1385 1598 1447 1641 τῆς
1482 1599 1607 1648 ἀρετῆς
1641 1597 1725 1649 ἔργα
1753 1597 1994 1642 καθεύδοντες,
2029 1596 2114 1648 πρὸς
2146 1595 2250 1635 δὲτὰ
2281 1601 2344 1644 τῆς

1318 1656 1444 1699 κακίας
1467 1657 1715 1710 ἐγρηγορότες,
1745 1660 1891 1695 κάκεῖνα
1915 1657 1975 1707 μὲν
2004 1658 2135 1700 ἀόκνως
2166 1659 2339 1712 διαπρατ-

1588 1717 1616 1732 ‘xx

1319 1716 1479 1767 τόμενοι,
1514 1720 1547 1755 ἐν
1585 1733 1621 1756 οε
1653 1717 1785 1761 τούτοις
1814 1717 1948 1763 πολλὴν
1981 1717 2044 1765 τὴν
2079 1718 2249 1769 ῥᾳθυμίαν
2281 1720 2341 1757 καὶ

1319 1838 1468 1886 ἑκάστην
1501 1839 1635 1893 ἡμέραν
1676 1839 1754 1883 τοὺς
1787 1839 1848 1891 μὲν
1888 1842 2039 1877 ἐντεῦθεν
2082 1840 2342 1892 ἀπαγομένους,

1319 1899 1395 1943 τοὺς
1422 1899 1457 1938 δὲ
1483 1901 1542 1938 καὶ
1565 1903 1598 1938 ἐν
1622 1903 1671 1953 τῷ
1697 1901 1842 1952 παρόντι
1868 1900 1932 1953 βίῳ
1951 1899 2082 1947 πολλὴν
2105 1901 2168 1948 τὴν
2193 1902 2342 1952 μεταὸο-

1318 1961 1381 2008 λῆν
1403 1962 1659 2013 ὑπομένοντας·
1681 1962 1740 2000 καὶ
1759 1962 1834 2001 οὐδὲ
1859 1961 1944 2009 αὐτὴ
1960 1965 1981 2008 ἡ
2000 1962 2182 2012 ἀνωμαλία
2201 1964 2341 2002 παιδεῦ-

1318 2037 1377 2060 σαι
1396 2025 1490 2073 ἡμᾶς
1511 2022 1634 2070 ἱκανὴ,
1653 2024 1712 2061 καὶ
1732 2025 1779 2067 εἷς
1798 2024 1901 2062 πόθον
1920 2026 1983 2069 τῆς
2002 2026 2127 2077 ἀρετῆς
2141 2027 2340 2076 ἀναγαγεῖν,

1317 2084 1376 2122 καὶ
1396 2084 1662 2137 παρασκευάσαι
1684 2085 1855 2138 ὑπεριδεῖν
1879 2088 1947 2122 τῶν
1967 2084 2161 2137 παρόντων,
2190 2086 2249 2123 καὶ
2279 2102 2342 2125 πο-

1317 2148 1420 2190 θῆσαι
1440 2144 1484 2182 τὰ
1507 2144 1697 2194 μέλλοντα,
1729 2145 1788 2182 καὶ
1810 2148 2025 2199 προτιμῆσαι
2056 2149 2118 2192 τῆς
2149 2153 2249 2190 σκιᾶς
2280 2148 2339 2185 καὶ

1314 2208 1382 2242 τῶν
1402 2205 1587 2258 ὀνειράτων
1608 2205 1670 2250 τὴν
1693 2206 1868 2252 ἀλήθειαν.
1898 2208 2007 2249 Σκιᾶς
2030 2206 2099 2259 γὰρ
2118 2206 2176 2244 καὶ
2202 2208 2337 2260 ὀνειρά-

1313 2281 1381 2302 των
1405 2266 1502 2303 οὖδὲν
1523 2265 1567 2303 τὰ
1591 2265 1747 2317 παρόντα
1773 2266 1959 2318 διενήνοχε.
1982 2266 2043 2314 Μὴ
2069 2267 2181 2305 τοίνυν
2198 2267 2339 2311 ἑαυτοὺς

1314 2328 1517 2376 ἀπατῶμεν,
1538 2325 1626 2375 μηδὲ
1650 2326 1711 2369 τὰς
1729 2326 1828 2370 σκιὰς
1849 2327 2121 2379 μεταδιώκωμεν
2135 2344 2142 2351 ·
2169 2329 2245 2366 ἀλλ’
2274 2329 2337 2381 ὀψὲ

1312 2390 1392 2437 γοῦν
1417 2402 1501 2426 ποτε
1530 2391 1592 2434 τῆς
1627 2387 1755 2431 οἰκείας
1783 2388 1958 2441 σωτηρίας
1989 2389 2153 2441 φροντίδα
2182 2390 2336 2437 ποιησώ-

1312 2452 1419 2498 μεθα,
1451 2448 1510 2486 καὶ
1543 2448 1586 2487 τὰ
1612 2449 1779 2501 χρήματα
1807 2449 2013 2500 κενώσωμεν
2039 2453 2085 2494 εἷς
2113 2450 2191 2495 τοὺς
2219 2452 2337 2502 δεομέ-

1311 2526 1407 2557 νους,
1430 2509 1487 2548 ἵνα
1516 2513 1578 2556 τῆς
1598 2510 1656 2549 ἐπὶ
1682 2510 1814 2554 τούτοις
1849 2512 1999 2561 ἀμοιὸῆς
2023 2511 2222 2563 ἀξιωθῶμεν
2238 2513 2336 2565 παρὰ

1310 2576 1368 2610 τοῦ
1384 2571 1626 2625 φιλανθρώπου
1650 2575 1740 2612 Θεοῦ
1756 2589 1762 2596 ·
1779 2569 1821 2619 ἧς
1838 2572 1972 2625 γένοιτο
1985 2574 2118 2616 πάντας
2138 2577 2232 2624 ἡμᾶς
2248 2577 2335 2613 ἀπο-

1309 2636 1456 2682 λαῦσαι,
1482 2634 1602 2686 χάριτι
1627 2633 1686 2672 καὶ
1718 2633 1957 2687 φιλανθρωπίᾳ
1984 2639 2043 2673 τοῦ
2072 2634 2200 2685 Κυρίου
2232 2637 2333 2684 ἡμῶν

1311 2695 1425 2740 Ἰησοῦ
1446 2695 1620 2746 Χριστοῦ,
1642 2697 1716 2745 μεθ’
1743 2688 1781 2732 οῧ
1805 2697 1854 2746 τῷ
1876 2695 1994 2748 Πατρὶ
2010 2699 2031 2741 ἡ
2051 2695 2151 2744 δόξα,
2183 2695 2257 2746 ἅμα
2282 2698 2333 2748 τῷ

1309 2754 1397 2806 ἁγίῳ
1411 2754 1593 2805 Πνεύματι
1606 2783 1614 2799 ,
1640 2759 1696 2792 νῦν
1720 2755 1778 2794 καὶ
1794 2756 1864 2803 ἀεὶ,
1883 2756 1943 2794 καὶ
1961 2759 2007 2800 εἷς
2027 2755 2103 2801 τοὺς
2119 2758 2247 2800 αἰῶνας
2261 2760 2331 2796 τῶν

1310 2814 1454 2854 αἰώνων.
1471 2815 1593 2866 Ἀμήν.

1682 2933 1861 2970 ΟΜΙᾹΙΑ
1887 2932 1952 2970 ναί.

1310 3035 1470 3087 Ἐγένετο
1496 3037 1530 3075 δὲ
1553 3037 1652 3087 λιμὸς
1676 3036 1732 3074 ἐπὶ
1748 3039 1810 3083 τῆς
1831 3040 1915 3088 γῆς,
1940 3037 2047 3090 χωρὶς
2070 3040 2128 3075 τοῦ
2151 3038 2255 3087 λιμοῧ
2271 3040 2330 3076 τοῦ

1371 3098 1550 3151 πρότερον,
1564 3099 1598 3141 ὃς
1615 3097 1749 3148 ἐγένετο
1766 3100 1799 3136 ἐν
1815 3100 1865 3150 τῷ
1878 3099 1993 3151 χρόνῳ
2007 3102 2067 3136 τοῦ
2091 3097 2262 3150 Ἀὅραάμ.

1361 3265 1472 3303 Πάλιν
1494 3266 1533 3301 ἐκ
1555 3268 1615 3310 τῆς
1633 3265 1835 3307 ἀκολουθίας
1852 3265 1918 3301 τῶν
1938 3264 2059 3317 πρῴην
2077 3267 2160 3313 ἡμῖν
2184 3264 2327 3315 εἰρημέ-

1306 3343 1370 3363 νων
1395 3326 1563 3376 βούλομαι
1591 3328 1651 3370 τῆς
1677 3326 1761 3377 πρὸς
1791 3328 1880 3375 ὑμᾶς
1906 3325 2059 3375 ἅψασθαι
2083 3324 2325 3366 διδασκαλίας·
