2516 3791
895 197 952 227 DE
989 196 1111 226 ΛΝΝΑ
1149 194 1297 225 5ΜῖΜο
1334 195 1399 225 IV.

123 286 349 336 ὁμολογοῦσιν
379 283 526 329 εἰδέναι,
552 288 624 327 τοῖς
651 282 687 320 δὲ
718 282 829 334 ἔργοις
861 282 1064 333 ἀρνοῦνται·
1091 276 1151 316 καὶ

124 345 243 391 πάλιν,
266 346 310 383 Εἰ
337 343 373 382 δέ
395 359 448 387 τις
464 346 532 381 τῶν
556 342 664 391 ἰδίων,
683 342 742 380 καὶ
757 342 912 393 μάλιστα
926 343 995 379 τῶν
1014 340 1150 378 οἰκείων

125 408 163 446 οὗ
186 411 342 459 προνοεῖ,
369 404 433 451 τὴν
452 404 570 442 πίστιν
595 403 765 458 ἤρνηται,
793 403 853 440 καὶ
879 402 971 440 ἔστιν
1001 401 1150 440 ἀπίστου

124 468 273 521 χείρων·
303 466 362 505 καὶ
391 466 511 512 πάλιν,
544 465 699 516 ψεύγετε
737 463 801 511 τὴν
832 461 1047 510 πλεονεξίαν,
1074 460 1150 507 ἥτις

125 529 216 569 ἐστὶν
251 527 662 580 εἷδωλολατρεία..’1·]πεὶ
695 521 752 564 οὖν
787 525 963 579 ἀρνήσεως
994 527 1151 562 τοσοῦτοι

125 589 268 641 τρόποι,
305 589 448 636 εὔδηλον
483 589 536 627 ὅτι
565 588 624 627 καὶ
655 586 842 639 ὁμολογίας
879 589 1054 632 τοσοῦτοι,
1091 586 1151 622 καὶ

123 654 244 705 πολλῷ
259 650 417 694 πλείους·
439 650 496 694 οὒς
524 649 566 697 δὴ
591 650 724 693 πάντας
757 650 972 700 ὁμολογῆσαι
1000 646 1152 685 σπουδά-

126 729 255 765 σωμεν,
270 712 325 750 ἵνα
347 712 406 750 καὶ
427 711 524 750 αὐτοι
542 714 604 757 τῆς
622 714 656 750 ἐν
675 717 746 755 τοῖς
763 712 919 763 οὐρανοῖς
936 712 1042 759 τιμῆς
1067 710 1152 746 ἀπο-

122 774 328 825 λαύσωμεν,
345 774 468 826 χάριτι
482 770 797 825 καὶφιλανθρωπία
816 774 875 808 τοῦ
863 769 1066 842 Κυρίου
1049 772 1152 820 ημῶν

126 835 242 882 Ἰησοῦ
275 836 449 886 Χριστου,
485 834 528 871 δι’
563 837 621 881 οὓ,
652 833 712 870 καὶ
741 834 818 882 μεθ’
845 835 883 871 οὓ
909 834 960 884 τῷ
987 831 1105 883 Πατρὶ
1129 834 1151 878 ἡ

127 896 225 943 δόξα,
246 896 320 946 ἅμα
338 911 388 933 τι)
410 894 498 947 ἁγίι)
529 894 735 944 Πνεύματι,
755 898 814 932 νῦν
839 893 899 933 καὶ
928 893 1000 943 ἀεὶ,
1025 893 1086 932 καὶ
1105 895 1153 938 εἰς

125 955 204 1001 τοὺς
225 959 352 1000 αἰῶνας
369 959 438 995 τῶν
456 954 603 995 αἰώνων.
623 955 746 1007 Ἀμήν.

517 1081 683 1120 ΛΟΓΟΣ
715 1079 761 1118 δ’.

128 1185 224 1238 Πρὸς
239 1185 316 1230 τους
336 1185 398 1229 τὰς
423 1186 527 1225 συνάῖ
513 1202 577 1231 εις
595 1185 946 1237 καταλιμπάνοντας,
962 1185 1022 1224 καὶ
1042 1188 1091 1230 εἷς
1109 1185 1154 1225 τὰ

180 1247 309 1301 Οέατρα
325 1247 594 1291 ἀναὸαίνοντας·
617 1248 675 1286 καὶ
690 1248 743 1287 ὅτι
758 1249 796 1286 οὗ
813 1246 914 1298 μόνον
930 1247 1154 1300 χρησιμωτέ-

183 1325 226 1362 ρα
250 1312 314 1356 τῆς
339 1311 398 1348 αέν
419 1310 574 1362 θεάτροις
594 1312 767 1362 διαγωγῆς
791 1313 813 1356 ἡ
838 1311 872 1348 ἐν
893 1309 1063 1361 ἐκκλησίᾳ
1082 1311 1157 1347 δια-

181 1369 308 1424 τριῧὴ,
329 1370 420 1409 ἀλλὰ
441 1371 500 1408 καὶ
526 1371 634 1417 ἡδίων
649 1386 657 1394 ·
687 1371 746 1409 καὶ
775 1370 822 1414 εἴς
848 1387 887 1409 τε
907 1370 971 1417 τὴν
993 1370 1154 1423 δευτέραν

181 1433 281 1483 ῥῆσιν
299 1435 362 1478 τῆς
379 1433 486 1484 εὐχῆς
506 1434 568 1478 τῆς
587 1431 729 1479 Αννης,
756 1432 817 1470 καὶ
837 1434 884 1476 εἷς
903 1432 943 1471 τὸ
965 1433 1035 1470 δεῖν
1059 1447 1156 1470 συνε-

179 1493 252 1544 χῶς
279 1491 466 1545 εὔχεσθαι,
482 1493 542 1531 καὶ
562 1494 597 1530 ἐν
623 1494 728 1531 παντὶ
746 1492 866 1546 τόπῳ,
887 1494 952 1532 κᾶν
978 1495 1014 1532 ἐν
1046 1494 1157 1546 ἀγορᾷ

179 1570 287 1605 ωμεν,
306 1553 369 1592 κᾶν
390 1570 425 1592 εν
444 1555 532 1607 ὁδῳ,
547 1554 612 1593 κᾶν
628 1555 686 1594 ἐπὶ
704 1554 837 1603 κλίνης.

181 1661 258 1698 Οὐκ
284 1652 360 1697 οἰδα
389 1658 513 1711 ποίοις,
530 1658 710 1712 χρήσομαι
744 1659 860 1712 λόγοις
892 1659 1058 1713 σήμερον.
1085 1659 1159 1698 Καὶ

128 1720 197 1774 γὰρ
211 1725 300 1774 ὁρῶν
317 1720 378 1764 τὰς
397 1720 551 1765 συνάξεις
570 1721 824 1773 ἐλαττουμένοις
835 1751 846 1770 ,
861 1721 1041 1776 προφήτας
1059 1721 1156 1774 ὑδρι-

129 1783 309 1834 ζομένους,
327 1782 568 1827 ἀποστόλουςε
556 1798 861 1836 υπερορωμενους,
881 1783 1035 1835 πατέρας
1051 1798 1158 1821 κατα-

129 1844 400 1898 φρονουμένους,
422 1844 478 1881 διὰ
501 1846 568 1881 τῶν
591 1843 719 1882 δούλων
740 1846 787 1888 εἰς
802 1860 860 1883 τον
877 1843 1060 1891 Δεσπότην
1077 1844 1157 1882 δια-

1174 1876 1221 1902 730

2091 180 2182 238 845

1225 279 1330 315 xime
1349 278 1647 316 domesticorum
1667 289 1801 315 euram
1823 288 1900 312 non
1919 277 2186 328 habet,fidem

1226 340 1450 391 abnegavit,
1469 346 1507 377 et
1521 347 1578 377 est
1599 337 1753 392 infideli
1771 338 1948 375 deterior.
1967 335 2015 374 Et
2038 336 2182 387 iterum,

1229 401 1368 452 Fugite
1395 403 1622 446 avaritiam,
1651 413 1737 451 quoe
1755 407 1809 436 est
1830 398 2022 436 idolorum
2045 398 2183 436 cultus.

1227 462 1319 499 Cum
1334 462 1446 512 igitur
1464 470 1513 499 tot
1531 461 1601 498 sint
1614 459 1815 511 abnegandi
1829 459 1938 507 modi,
1959 458 2183 497 manifestum

1225 530 1276 559 est
1296 520 1442 559 totidem
1462 535 1536 558 esse
1562 518 1770 563 confitendi,
1786 533 1827 556 ac
1843 517 1956 555 multo
1974 517 2080 554 etiam
2098 516 2183 568 plu—

1176 590 1200 620 Ι)
1226 596 1298 631 res;
1319 582 1450 633 quibus
1470 581 1638 620 omnibus
1662 580 1824 618 confiteri
1853 578 2073 625 studeamus,
2094 587 2133 615 ut
2151 588 2185 616 et

1227 643 1293 696 ipsi
1321 643 1356 680 in
1385 643 1481 681 caelis
1509 643 1680 681 honorem
1707 654 1987 691 consequamur,
2008 638 2122 690 gratia
2151 648 2184 676 et

1224 704 1383 743 bonitate
1396 703 1542 743 Domini
1558 703 1669 742 nostri
1684 704 1705 742 J
1709 717 1770 741 esu
1787 701 1935 750 Christi,
1946 714 2008 753 per
2023 714 2128 751 quem
2150 709 2183 738 et

1226 780 1309 804 cum
1324 781 1395 818 quo
1415 765 1512 805 Patri
1529 765 1656 817 gloria,
1672 764 1778 802 simul
1799 778 1880 801 cuin
1895 771 2014 801 saneto
2029 761 2182 814 Spiritu,

1227 842 1322 867 nunc
1341 837 1375 867 et
1393 841 1543 880 semper,
1563 835 1596 865 et
1614 826 1650 865 in
1665 825 1793 865 saecula
1814 823 2039 864 saeeulorum.
2062 825 2184 860 Amen.

1574 1080 1743 1120 SERMO
1773 1081 1837 1118 IV.

1229 1186 1302 1224 Ad
1318 1199 1383 1225 eos·
1399 1187 1466 1239 qui
1481 1185 1646 1224 collecta
1662 1185 1800 1223 relicta
1816 1184 1870 1222 ad
1884 1184 2038 1221 theatra
2057 1197 2190 1221 ascen-

1285 1249 1383 1286 dunt
1403 1263 1414 1284 :
1432 1256 1469 1286 et
1501 1248 1606 1301 quod
1638 1260 1718 1284 non
1752 1246 1877 1284 solum
1908 1245 2042 1283 utilius
2070 1247 2120 1282 sit
2149 1247 2191 1282 in

1284 1310 1450 1348 ecclesia
1482 1310 1650 1354 versari,
1689 1320 1805 1359 quam
1834 1309 1876 1343 in
1910 1307 2086 1352 theatris,
2124 1306 2192 1343 sed

1284 1373 1402 1408 etiam
1418 1371 1633 1422 jucundius
1647 1384 1657 1404 :
1672 1376 1709 1406 et
1726 1369 1774 1405 de
1789 1368 1960 1406 secunda
1978 1375 2091 1419 parte
2103 1381 2191 1418 pre-

1283 1434 1451 1470 cationis
1481 1430 1524 1468 A
1528 1445 1615 1468 nnoe
1635 1447 1645 1466 .-
1664 1430 1844 1482 quodque
1871 1429 2135 1467 indesinenter
2155 1436 2193 1466 et

1283 1495 1326 1531 in
1344 1495 1452 1531 omni
1472 1493 1556 1531 loco
1571 1494 1725 1544 precari
1740 1499 1928 1543 oporteat,
1950 1490 2017 1528 vel
2033 1492 2075 1527 in
2076 1491 2189 1543 soro,

1284 1551 1354 1590 vel
1371 1553 1413 1589 ἰη
1428 1553 1513 1599 via,
1534 1551 1602 1588 vel
1619 1552 1662 1587 in
1681 1550 1790 1588 lecto.

1178 1253 1203 1284 E

1287 1657 1322 1695 1.
1342 1653 1450 1692 Haud
1474 1654 1564 1703 scio,
1587 1652 1719 1704 quibus
1738 1652 1858 1690 verbis
1877 1651 2028 1690 debeam
2056 1652 2108 1690 uti
2128 1651 2193 1691 ho-

1230 1715 1300 1755 die.
1322 1716 1416 1754 Cum
1435 1714 1530 1753 enim
1548 1713 1690 1753 videam
1707 1712 1871 1751 collectas
1888 1728 2016 1766 parum
2032 1713 2194 1765 frequen-

1229 1777 1316 1827 tari,
1346 1776 1539 1830 prophetas
1567 1774 1663 1813 affici
1684 1773 1914 1824 contumelia,
1931 1774 2109 1826 apostolos
2128 1774 2192 1813 de—

1230 1839 1336 1892 spici,
1365 1848 1484 1891 patres
1518 1836 1717 1886 contemni,
1744 1849 1892 1887 eamque
1924 1836 2192 1886 contumeliam,

130 1905 313 1945 Εαίνουσαν
332 1905 395 1953 τὴν
421 1905 531 1958 ύὸριν,
563 1905 764 1958 βούλομαι
758 1904 819 1944 μὲν
849 1905 1060 1957 ἐγκαλέσαι,
1081 1903 1158 1949 τους
1184 1916 1209 1944 Α
1231 1915 1300 1953 qua
1319 1915 1412 1939 servl
1431 1908 1668 1953 appetuntur,
1696 1897 1780 1936 ad
1771 1912 1890 1950 ipsum
1917 1911 2040 1936 corum
2069 1898 2195 1936 Domi-

130 1967 167 2006 δὲ
195 1968 395 2020 ὀφείλοντας
424 1969 570 2006 ἀκοῦσαι
589 1984 652 2014 της
672 1965 883 2020 κατηγορίας
909 1969 976 2020 οὐχ
995 1969 1064 2020 ὁρῶ
1087 1981 1159 2005 πα-

133 2029 253 2082 ρόντας
265 2061 275 2078 ,
296 2031 373 2068 ἀλλ’
395 2032 485 2080 ὑμᾶς
503 2028 579 2073 τοὺς
595 2029 692 2068 οὐδὲν
714 2028 891 2080 δεομένους
910 2032 972 2075 τῆς
990 2028 1160 2081 παραινέ-

130 2108 218 2135 σεως
238 2091 368 2139 ταύτης
383 2092 442 2130 καὶ
454 2095 514 2138 τῆς
529 2091 716 2135 νουθεσίας.
736 2090 836 2138 Πλὴν
856 2092 932 2129 ἀλλ’
955 2090 1032 2129 οὐδὲ
1051 2090 1160 2134 οὕτως

131 2153 289 2205 σιγητέον
311 2156 414 2205 ἡμῖν·
444 2152 508 2199 τήν
528 2168 566 2191 τε
584 2152 652 2204 γὰρ
681 2152 803 2200 ὀδύνην
835 2152 899 2199 τὴν
929 2152 986 2191 ἐπ’
1018 2151 1161 2196 ἐκείνοις

131 2215 336 2254 διαπνεῦσαι
356 2215 479 2267 μικρὸν
501 2213 816 2267 παρασκευάσομεν
839 2215 887 2257 εἷς
915 2213 958 2251 τὰ
985 2213 1050 2258 ἔξω
1064 2242 1073 2259 ,
1102 2212 1159 2252 διὰ

130 2279 198 2314 τῶν
218 2276 384 2329 ῥημάτων
409 2274 636 2319 ἐκὸάλλοντες
662 2274 782 2323 αὐτὴν,
803 2275 926 2319 αὐτούς
947 2291 984 2314 τε
1011 2275 1160 2319 ἐκείνους

131 2338 354 2390 αἰσχύνεσθαι
373 2337 433 2376 καὶ
453 2339 611 2389 ἐρυθριᾷν
628 2337 833 2387 ποιήσομεν,
849 2336 1030 2380 τοσούτους
1047 2339 1161 2381 αὐτοῖς

134 2400 320 2452 ἐπαφέντες
335 2400 565 2453 κατηγόρους,
586 2398 664 2443 τοὺς
679 2398 868 2444 ἀκούοντας
885 2399 1041 2443 ἅπαντας
1057 2402 1158 2451 ὑμᾶς.

134 2463 178 2500 Εἰ
196 2460 256 2511 μὲν
277 2462 342 2513 γὰρ
359 2464 505 2500 ἐνταῦθα
531 2461 782 2514 παρεγένοντο,
800 2463 902 2513 ἡμῶν
921 2460 1023 2513 μόνον
1050 2463 1161 2500 ἐπιτι-

135 2521 279 2572 μώντων
298 2521 451 2568 ἤκουσαν
468 2522 508 2559 ἄν
521 2538 528 2546 ·
544 2526 603 2559 νῦν
621 2522 656 2560 δὲ
672 2521 852 2575 φεύγοντες
875 2521 938 2570 τὴν
955 2524 1038 2576 παρ’
1057 2525 1158 2573 ἡμῶν

134 2583 336 2634 ἐπιτίμησιν
350 2613 359 2630 ,
390 2583 474 2637 παρ’
509 2586 605 2633 ὑμῶν
643 2587 755 2622 ταῦτα
790 2583 997 2622 ἀκούσονται
1030 2582 1157 2622 πάντα.

133 2644 239 2683 Οὕτω
259 2645 318 2683 καὶ
334 2645 425 2698 φίλοι
443 2648 601 2684 ποιοῦσιν
613 2661 620 2668 ·
638 2644 778 2683 ἐπειδὰν
792 2644 870 2688 τοὺς
885 2643 1094 2689 ὑπευθύνους
1108 2644 1157 2696 μὴ

133 2705 279 2758 εὕρωσι,
316 2712 387 2750 τοῖς
426 2705 566 2744 ἐκείνων
601 2706 847 2759 ἐντυγχάνουσι
888 2706 1020 2760 φίλοις,
1065 2706 1156 2745 ὥστε

135 2768 345 2812 ἀπελθόντας
374 2770 480 2806 εἰπεῖν
505 2767 550 2806 τὰ
577 2768 755 2822 εἰρημένα.
789 2769 904 2807 Τοῦτο
932 2767 993 2807 καὶ
1018 2771 1036 2807 ὃ
1068 2768 1157 2812 Θεὸς

134 2826 294 2874 ἐποίησε·
316 2827 393 2871 τοὺς
411 2828 478 2880 γὰρ
506 2830 553 2873 εἷς
578 2829 680 2868 αὐτὸν
697 2827 947 2881 ἡμαρτηκότας
969 2829 1066 2882 ἀφεὶς
1079 2857 1089 2875 ,
1106 2832 1157 2882 τῷ

136 2888 242 2938 μηδὲν
262 2888 445 2935 ἠδικηκότι
459 2890 728 2942 κατεντυγχάνει
757 2893 807 2943 τῷ
826 2890 981 2944 Ἱερεμίᾳ
993 2921 1002 2938 ,
1019 2891 1131 2942 λέγων
1147 2905 1155 2913 ·

137 2944 235 2993 Ιῖἷδες
247 2949 281 2987 τί
305 2948 446 2995 ἐποίησέ
468 2954 562 3000 μοιὴ
579 2950 737 2996 ἀσύνετος
753 2951 908 3004 θυγάτηρ
930 2951 1065 2999 Ἰούδα,
1088 2950 1156 2988 Διὰ

135 3010 176 3057 δὴ
194 3013 294 3048 τοῦτο
313 3010 371 3047 καὶ
391 3013 492 3060 ἡμεῖς
509 3011 589 3061 ὑμῖν
612 3012 954 3065 ὑπερεντυῃζάνομεν
970 3013 1047 3051 κατ’
1068 3010 1156 3051 ἐκεί-

134 3088 213 3117 νων,
231 3071 286 3108 ἵνα
312 3071 518 3114 ἀπελθόντες
546 3070 756 3122 διορῡώσητε
784 3073 918 3118 αὐτούς.
943 3073 1009 3116 Τίς
1026 3072 1094 3125 γὰρ
1115 3073 1154 3109 ἂν

134 3130 255 3183 ἐνέγκῃ
282 3131 345 3177 τὴν
372 3131 556 3184 ὀλιγωρίαν
572 3131 634 3178 τὴν
654 3131 842 3182 τοσαύτην,
858 3134 970 3179 Ἅπαξ
985 3137 1046 3180 τῆς
1061 3134 1155 3172 {680-

136 3192 241 3241 μάδος
261 3195 407 3232 ἐνταῦθα
439 3193 697 3244 συλλεγόμεῡα,
731 3195 791 3233 καὶ
817 3195 893 3234 οὐδὲ
920 3195 1050 3243 ταύτην
1081 3194 1156 3233 ἀνέ-

134 3270 253 3306 χονται
274 3254 336 3302 τὴν
354 3254 489 3308 ἡμέραν
509 3258 579 3294 τῶν
605 3258 777 3307 βιωτικῶν
806 3259 977 3312 ὑπερορᾷν
1009 3255 1150 3311 φροντί-

179 3395 191 3410 ·
214 3385 291 3430 Reg·
311 3392 349 3425 εἰς
365 3391 490 3431 θέατρα.

1230 1961 1563 2016 ηιιω1)ετῑτῑιῐι5ἰι’,ο
1584 1960 1673 1998 libet
1695 1959 1840 2011 quidem
1858 1973 2038 2009 accusare,
2060 1959 2120 1997 sed
2137 1973 2195 1998 eos

1230 2025 1292 2078 qui
1312 2024 1574 2063 accusationem
1593 2023 1686 2060 hanc
1712 2021 1837 2059 audire
1857 2021 2027 2060 deberent
2046 2035 2115 2060 non
2134 2021 2195 2060 hic

1230 2087 1442 2126 videozvos
1471 2085 1538 2124 soli
1567 2083 1711 2132 adestis,
1739 2083 1872 2135 quibus
1890 2083 1957 2121 hac
1978 2082 2194 2121 admonitio-

1231 2163 1275 2187 ne
1290 2147 1383 2186 nihil
1402 2160 1493 2200 opus
1507 2155 1570 2185 est.
1585 2147 1845 2186 Verumtamen
1865 2159 1908 2183 ne
1924 2144 1975 2182 sic
1989 2143 2137 2196 quidem
2150 2144 2195 2183 si-

1230 2209 1378 2248 lendum
1396 2217 1448 2247 est
1466 2207 1570 2246 nobis
1588 2223 1596 2244 ε
1615 2221 1699 2244 nam
1718 2215 1751 2244 et
1770 2205 2066 2257 indignationem,
2087 2220 2196 2257 quam

1231 2270 1335 2309 nobis
1358 2278 1560 2318 moverunt,
1579 2268 1839 2319 mitigabimus,
1859 2281 1997 2318 unaque
2016 2281 2096 2305 eum
2116 2282 2195 2306 ver-

1230 2331 1287 2370 bis
1306 2331 1489 2384 ejiciemus
1509 2345 1516 2366 :
1536 2338 1568 2368 et
1590 2329 1670 2366 illos
1693 2329 1789 2382 ipsos
1812 2328 1860 2366 ad
1887 2328 2055 2367 ruborem
2075 2343 2115 2367 ac
2133 2343 2194 2368 ve-

1230 2392 1442 2431 recundiam
1465 2390 1740 2443 compellemus,
1759 2398 1810 2427 tot
1839 2389 1875 2427 in
1895 2403 1952 2427 eos
1979 2390 2194 2428 accusatori—

1230 2453 1300 2493 bus
1319 2452 1504 2502 immissis,
1516 2461 1602 2503 quot
1619 2465 1713 2488 nune
1726 2449 1908 2488 auditores
1924 2450 2021 2488 estis.
2041 2450 2080 2488 Si
2098 2450 2194 2488 enim

1184 2525 1208 2556 Β
1230 2515 1434 2564 venissent,
1462 2522 1600 2552 nostras
1641 2512 1758 2551 solum
1792 2511 2059 2564 objurgationes
2088 2510 2192 2549 audi-

1229 2587 1307 2616 rent
1324 2593 1331 2614 :
1347 2590 1442 2615 nunc
1481 2576 1674 2626 fugitantes
1708 2582 1864 2611 nostram
1897 2572 2189 2624 increpationem,

1228 2638 1351 2677 eadem
1379 2636 1454 2674 haec
1471 2650 1491 2673 a
1517 2635 1621 2674 vobis
1641 2633 1802 2671 audituri
1824 2642 1906 2671 sunt
1926 2633 2056 2671 omnia.
2076 2634 2136 2672 Sic
2157 2643 2191 2672 et

1229 2699 1335 2737 amici
1364 2697 1525 2735 faciunt:
1546 2704 1735 2748 postquam
1765 2708 1834 2732 non
1869 2694 2081 2732 invenerunt
2110 2696 2190 2746 qui—

1228 2761 1379 2799 buscum
1404 2757 1651 2811 exspostulare
1677 2756 1860 2804 volebant,
1890 2755 2034 2793 illorum
2054 2755 2188 2794 amicos

1227 2823 1373 2871 adeunt,
1396 2819 1458 2871 qui
1489 2817 1587 2856 dicta
1619 2832 1683 2856 sua
1709 2816 1757 2855 ad
1786 2816 1867 2854 illos
1897 2816 2063 2854 referant.
2086 2815 2184 2855 Idem

1229 2883 1336 2921 etiam
1352 2883 1450 2920 Deus
1466 2880 1547 2918 feeit
1566 2895 1573 2916 ε
1590 2878 1729 2916 omissis
1758 2878 1802 2916 iis
1825 2877 1885 2929 qui
1909 2877 1945 2915 in
1964 2866 2000 2915 se
2020 2891 2185 2930 peccave-

1227 2953 1322 2994 rant,
1344 2943 1519 2981 insontem
1538 2940 1729 2981 Jercmiam
1749 2939 1928 2992 appellat,
1948 2938 2069 2978 dicens
2087 2955 2093 2975 :
2117 2940 2182 2976 Vi-
2198 2954 2260 2981 ,ιι-Λ
2280 2953 2310 2982 3,
2335 2956 2370 2981 ,μ

1228 3005 1321 3043 (Ien'
1340 3004 1436 3058 qnid
1459 3003 1554 3040 mihi
1570 3003 1712 3054 feeerit
1732 3002 1917 3052 insipiens
1925 3001 2023 3053 filia
2045 3000 2153 3038 Juda
2167 3003 2184 3035 ?

1229 3066 1304 3104 llae
1328 3079 1410 3103 sane
1431 3063 1476 3101 de
1493 3078 1597 3102 causa
1621 3077 1684 3100 nos
1708 3075 1850 3113 quoque
1867 3061 1947 3099 illos
1966 3061 2181 3107 accusando,

1228 3140 1291 3163 vos
1308 3123 1544 3175 alloquimur,
1565 3131 1604 3160 ut
1630 3121 1713 3159 hinc
1741 3121 1888 3174 profecti
1908 3135 1965 3158 eos
1986 3121 2178 3169 corrigatis.

1228 3186 1319 3233 Quis
1349 3185 1444 3223 enim
1475 3192 1615 3222 tantum
1643 3181 1844 3233 neglectum
1868 3181 1987 3218 serat?
2009 3179 2123 3218 Semel
2144 3179 2178 3216 in

1227 3251 1454 3292 hebdomada
1484 3251 1545 3290 hic
1572 3248 1795 3301 colligimur,
1821 3256 1855 3285 et
1882 3261 1924 3284 nc
1950 3245 2016 3283 hac
2034 3244 2178 3296 quidem

2202 408 2324 438 Golou.
2342 409 2372 438 3.

2198 453 2228 482 5.
