2516 3791
919 165 976 194 DF.
1012 165 1137 196 ANNA
1175 164 1322 195 SERMO
1360 165 1407 195 11.

138 266 176 289 τε
195 251 411 303 ἀναστροφῆς
431 250 543 287 αὐτῶν
557 248 616 286 καὶ
630 250 691 294 τῆς
707 247 888 292 εὐλαὸείας
908 247 1065 295 ἁπάσης·
1085 249 1162 286 ἀλλ’

137 311 193 350 ἵνα
226 313 264 350 ἐκ
297 312 427 356 πολλῆς
461 312 523 357 τ’ἧς
555 309 756 362 περιουσίας
791 309 923 357 πολλὴν
956 311 1070 354 αὐτοῖς
1100 308 1163 356 τὴν

2094 159 2177 204 831

1237 256 1340 299 pacto
1349 262 1501 298 quorum
1513 248 1600 288 adeo
1607 249 1792 303 depravati
1800 261 1898 291 erant
1906 267 2032 303 mores,
2043 265 2078 293 ut
2088 256 2189 309 digni

1237 318 1365 359 essent,
1382 309 1443 360 qui
1460 325 1479 348 a
1495 309 1684 364 discipulis
1702 314 2052 367 reprehenderentur,
2069 334 2188 358 eorum

139 374 225 412 αἰδῶ
249 372 308 412 καὶ
325 372 388 419 τὴν
412 371 519 423 τιμὴν
551 371 775 425 παρέγωμεν.
792 373 845 410 Οὐ
868 372 936 426 γὰρ
964 370 1086 416 αὐτοὺς
1108 387 1164 409 το·
1188 362 1221 404 C'
1239 378 1355 408 tamen
1375 370 1661 410 adhortationem
1681 388 1751 413 non
1770 387 1979 428 aspernatus
1997 388 2060 427 est,
2080 395 2191 431 neque

139 438 272 481 σοῧτον,
291 433 371 473 ὅσον
391 436 484 484 ἡμᾶς
512 432 635 477 αὐτοὺς
653 433 892 485 ὠφελήσομεν.
908 432 954 472 ‘O
982 431 1166 484 δεχόμενος

139 489 195 534 οἶν
215 494 398 548 προφήτην
419 497 468 539 εἷς
491 494 600 546 ὄνομα
618 494 815 547 προφήτου,
835 493 958 545 μισθὸν
988 493 1167 545 προφήτου

140 557 300 610 λήψεται.
324 558 368 595 Εἰ
387 555 456 610 γὰρ
474 556 551 600 τοὺς
573 556 732 603 ἀλλήλων
759 556 852 607 βίους
875 557 936 594 οὐκ
964 554 1167 608 ἐπετράπη-

141 633 204 669 μεν
224 615 390 670 ι’>ιρίνειν,
404 618 525 670 πολλῷ
547 619 681 669 μᾶλλον
700 616 778 661 τοὺς
793 619 862 654 τῶν
879 614 1052 667 πατέρων.
1073 617 1166 654 Ἀλλ’

140 680 226 734 ὅπερ
244 679 361 732 ἔλεγον
381 680 508 728 (πάλιν
526 678 592 732 γὰρ
609 678 666 718 ἐπὶ
685 678 748 725 τὴν
767 684 914 731 γυναῖκα
937 677 1068 722 ταύτην
1084 679 1170 716 ἐπα-

142 743 271 780 νελθεῖν
291 744 478 793 ἀναγκαῖον
490 741 517 792 ),
533 741 592 779 καὶ
620 740 673 778 ὅτι
700 740 740 778 τὸ
771 738 885 792 φέρειν
910 738 1076 790 γενναίως
1108 739 1170 783 τὰς

141 804 311 856 λοιδορίας
330 805 468 842 πολλῶν
487 805 572 853 ἡμῖν
592 803 731 853 ἀγαθῶν
755 801 871 840 αἴτιον.
893 800 1043 852 γίνεται,
1066 804 1169 839 τοῦτο

141 865 200 904 καὶ
219 865 276 904 ἐπὶ
304 869 363 904 τοῦ
383 864 464 902 ’1ὼὸ
495 863 636 909 συνέὸη.
657 862 727 902 Καὶ
746 862 812 915 γὰρ
832 863 962 901 ἐκεῖνον
989 864 1055 916 οὐχ
1080 862 1170 902 οὕτω

140 928 308 978 θαυμάζω
323 925 392 978 πρὸ
412 929 476 972 τῆς
489 925 726 978 παραινέσεως
748 929 810 972 τῆς
825 926 986 977 γυναικὸς
996 956 1006 974 ,
1021 928 1068 970 ὡς
1081 925 1170 977 μετὰ

139 987 202 1035 τὴν
222 987 380 1039 ὀλεθρίαν
399 986 602 1038 συμὸουλὴν
621 987 768 1034 ἐκείνην.
791 986 860 1025 Καὶ
882 986 931 1038 μή
950 1003 1000 1031 τις
1021 986 1172 1039 παράδο-

140 1048 195 1094 ξον
215 1043 301 1088 εἶναι
322 1050 490 1100 νομιζέτω
508 1049 546 1087 τὸ
561 1048 763 1100 λεγόμενον.
784 1049 960 1092 Πολλάκις
975 1053 1053 1101 γοῦν
1074 1049 1130 1093 οὒς
1148 1052 1169 1096 ἡ

140 1113 210 1149 τῶν
246 1110 466 1164 πραγμάτιον
496 1109 595 1163 φύσις
627 1112 693 1162 οὐχ
725 1109 951 1158 ὑπεσκέλισε,
987 1113 1083 1173 ῥῇμα
1114 1110 1172 1149 καὶ

140 1171 341 1223 παραίνεσις
360 1171 592 1224 διεφθαρμένη
626 1171 828 1210 κατέλυσεν.
843 1170 962 1225 εΌπερ
986 1175 1043 1209 οὐν
1075 1172 1135 1210 καὶ
1155 1175 1172 1210 ὃ

141 1233 298 1277 διάὸολος
320 1233 500 1280 συνειδὼς,
523 1232 612 1282 μετὰ
624 1232 687 1280 τὴν
708 1234 778 1272 ἀπὸ
799 1237 861 1281 τῆς
881 1233 1004 1286 πείρας
1019 1234 1172 1286 πληγὴν,

140 1295 199 1332 καὶ
226 1295 289 1341 τὴν
310 1294 366 1333 διὰ
397 1298 466 1332 τῶν
491 1295 657 1347 ῥημάτων
683 1295 805 1347 ἐπάγει
835 1295 1058 1347 προσὸολήν·
1086 1295 1172 1359 ὅΝπερ

140 1350 197 1394 οὖν
218 1355 380 1403 ἐποίησεν
401 1356 460 1394 καὶ
490 1356 548 1394 ἐπὶ
577 1359 636 1393 τοῦ
668 1356 790 1394 Δαυίδ.
808 1355 957 1403 Ἐπειδὴ
985 1357 1053 1411 γὰρ
1085 1357 1171 1395 εἶδεν

141 1418 242 1456 αὐτὸν
266 1417 431 1468 γενναίως
456 1417 640 1469 ἐνεγκόντα
666 1417 729 1465 τὴν
751 1417 987 1456 ἐπανάστασιν
1005 1422 1066 1455 τοῦ
1085 1434 1168 1456 παι-

141 1480 214 1528 δὸς,
235 1480 295 1518 καὶ
321 1479 386 1526 τὴν
407 1478 611 1531 παράνομον
642 1479 777 1526 ἐκείνην
808 1479 1014 1532 τυραννίδα,
1048 1479 1171 1531 βουλό-

142 1556 241 1592 μενος
261 1540 490 1579 ὖποσκελίσαι
507 1540 570 1587 τὴν
590 1541 756 1589 διάνοιαν,
772 1540 832 1578 καὶ
855 1547 975 1580 πεῖσαι
994 1543 1041 1585 εἷς
1065 1541 1171 1594 ὀργὴν

140 1605 314 1648 ἐκπεσεῖν,
333 1605 484 1648 καθῆκεν
516 1604 644 1640 ἐκεῖνον
672 1601 730 1640 τὸν
750 1601 925 1653 οΣεμεεὶ,
957 1602 1090 1655 ῥήμασι
1113 1619 1170 1641 πι-

142 1669 236 1716 κροῖς
251 1664 522 1715 παρασκευάσας
546 1664 662 1701 δακεῖν
680 1665 781 1702 αὐτοῦ
808 1663 872 1710 τὴν
901 1663 1030 1727 ψυχήν.
1058 1666 1090 1702 Τ
1093 1667 1173 1703 οῧτο

142 1725 201 1763 καὶ
217 1725 274 1763 ἐπὶ
289 1728 349 1763 τοῦ
371 1725 453 1763 ’1ὼὸ
471 1724 740 1776 ἐκακούργησεν.
760 1724 822 1768 Ὡς
837 1725 904 1778 γὰρ
925 1726 994 1763 εἶδε
1012 1727 1172 1764 κάκεῖνον

142 1787 430 1839 καταγελάσαντα
446 1789 548 1825 αὐτοῦ
569 1789 638 1824 τῶν
664 1787 788 1837 βελῶν,
803 1786 862 1824 καὶ
881 1785 1001 1839 ὥσπερ
1017 1787 1173 1838 ἀδαμάν-

141 1863 232 1887 τινον
247 1848 377 1900 πύργον
395 1849 482 1900 πρὸς
498 1848 613 1886 πάντα
629 1848 759 1887 στάντα
775 1847 956 1900 γενναίως,
971 1849 1173 1887 καθώπλισε

140 1908 205 1956 τὴν
234 1915 402 1961 γυναῖκα,
426 1909 484 1948 ἵνα
519 1908 715 1952 ἀνύποπτος
750 1913 772 1956 ἡ
800 1909 981 1960 συμὸουλὴ
1012 1910 1174 1962 γένηται,

141 1969 200 2008 καὶ
220 1970 386 2023 ἐνέκρυψε
405 1970 444 2009 τὸ
460 1970 672 2023 δηλητήριον
691 1977 762 2015 τοῖς
782 1970 914 2018 ἐκείνης
940 1971 1096 2024 ῥήμασι,
1114 1972 1174 2011 καὶ

140 2031 204 2078 τὴν
217 2031 399 2085 συμφορὰν
413 2031 647 2084 ἐτραγῴδησε.
662 2031 709 2070 Τί
725 2026 782 2070 οῧν
796 2031 812 2052 ‘¹
823 2035 840 2071 ὁ
853 2038 1007 2083 γενναῖος
1027 2035 1172 2082 ἐκεῖνος;

140 2090 219 2130 Ἵνα
242 2091 275 2129 τί
296 2093 343 2134 ὡς
361 2091 424 2141 μία
444 2094 513 2130 τῶν
535 2090 692 2144 ἀφρόνων
721 2095 893 2143 γυναικῶν
914 2093 1108 2141 ἐλάλησας;
1144 2097 1174 2133 zi

141 2153 185 2191 τὰ
205 2152 319 2203 ἀγαθὰ
345 2151 534 2202 ἐδεξάμεθα
559 2155 598 2191 ἐκ
625 2151 740 2205 χειρὸς
768 2152 914 2205 Κυρίου,
930 2153 976 2192 τὰ
997 2154 1089 2193 κακὰ
1109 2156 1201 2213 οὐχ,

1237 428 1438 468 doctrinam
1457 431 1602 483 rejecit?
1615 433 1700 472 lla-c
1716 449 1783 473 non
1799 450 1840 474 eo
1858 436 1950 486 dico,
1964 438 2058 489 quod
2077 455 2192 479 sacer-

1239 490 1338 529 dotes
1358 492 1465 531 velim
1491 496 1801 547 accusarezabsiu
1821 498 1997 551 siquidem
2024 516 2088 540 vos
2110 517 2190 540 con-

1241 553 1451 592 versationis
1473 569 1514 592 ac
1534 556 1676 607 pietatis
1697 572 1819 598 eorum
1845 570 1945 599 testes
1959 563 2059 611 estis;
2079 564 2139 602 sed
2158 575 2195 602 ut

1240 613 1345 666 longe
1364 615 1535 668 majorem
1552 618 1624 656 illis
1643 622 1876 661 reverentiam
1897 633 1929 662 et
1949 624 2118 665 honorem
2136 642 2195 666 ex-

1241 674 1441 715 hibeamus.
1468 679 1591 729 Neque
1617 680 1711 719 enim
1736 682 1824 722 adeo
1849 685 1884 722 in
1912 685 2005 735 illos,
2025 697 2131 739 atque
2160 689 2195 727 in

1242 750 1305 775 nos
1333 736 1428 789 ipsos
1457 740 1593 779 utilitas
1621 742 1833 784 dimanabit.
1860 748 1935 798 Qui
1961 753 2093 802 recipit
2114 765 2198 803 ergo
2215 766 2324 795 ulmal..
2351 775 2396 794 ιω.

1239 801 1468 850 prophetam
1501 804 1543 839 in
1567 807 1723 843 nomine
1751 809 1961 859 prophetie,
1986 814 2197 852 mercedem
2213 810 2262 846 4¹·

1240 860 1437 910 prophetie
1459 864 1634 913 accipiet.
1661 864 1699 902 Si
1720 865 1814 903 enim
1840 865 1884 904 dc
1904 878 2021 907 uostra
2046 870 2199 910 invicem

1244 920 1316 959 vita
1327 920 1509 972 judicium
1526 923 1615 962 ferre
1631 925 1877 977 prohibemur,
1893 930 2005 969 multo
2025 934 2138 984 magis
2155 933 2200 972 de

1243 991 1388 1035 patrum
1399 983 1485 1021 vita.
1499 984 1571 1023 Sed
1581 986 1675 1037 quod
1687 987 1804 1027 dicere
1818 990 2040 1030 institueram
2055 998 2200 1043 (rursus

1244 1044 1337 1082 enim
1355 1044 1399 1082 ad
1419 1045 1511 1083 hanc
1523 1046 1640 1086 redire
1656 1050 1841 1090 mulierem
1853 1063 1993 1105 oportet
2007 1061 2030 1105 ),
2047 1071 2067 1107 q
2075 1057 2201 1095 uoties-

1245 1120 1397 1157 cumque
1419 1107 1581 1147 convicia
1603 1111 1742 1150 excelso
1763 1113 1909 1153 serimus
1924 1117 2055 1166 animo,
2071 1118 2200 1156 multo-

1246 1181 1326 1205 rum
1348 1168 1450 1206 nobis
1471 1168 1648 1210 bonorum
1677 1187 1822 1212 causam
1847 1176 1886 1214 id
1903 1177 1995 1227 fieri,
2016 1194 2203 1231 possumus

1245 1237 1278 1266 et
1292 1228 1360 1281 ipsi
1381 1229 1451 1269 Job
1473 1244 1614 1270 cernere
1633 1234 1833 1286 contigisse.
1850 1238 1975 1288 Neque
1990 1239 2084 1277 enim
2100 1240 2202 1279 illurn

1244 1289 1393 1342 perinde
1411 1291 1534 1342 miror,
1554 1293 1765 1346 priusquam
1786 1306 1875 1335 esset
1902 1298 1948 1337 ab
1971 1314 2086 1339 uxore
2108 1302 2206 1341 insti-

1246 1361 1362 1404 gatus,
1379 1362 1418 1391 ut
1434 1363 1514 1406 post
1536 1354 1629 1394 illud
1649 1357 1890 1409 perniciosum
1910 1362 2111 1402 consilium.
2134 1367 2206 1405 Ye-

1245 1427 1327 1451 rum
1346 1428 1390 1452 ne
1407 1415 1465 1453 cui
1479 1415 1644 1456 videatur
1660 1417 1870 1459 incredibile
1884 1423 1980 1473 quod
1996 1427 2204 1466 narrozsre-

1245 1484 1392 1526 quenter
1420 1490 1509 1528 quos
1537 1477 1613 1530 ipsa
1633 1494 1755 1519 rerum
1775 1491 1901 1521 natura
1921 1499 1991 1524 non
2013 1486 2204 1535 subvertit,

1245 1536 1397 1575 verbum
1405 1548 1641 1591 corruptaque
1647 1541 1850 1582 exhortatio
1859 1544 2003 1585 devicit.
2010 1548 2117 1596 Quod
2125 1564 2206 1588 cum

1244 1611 1315 1635 non
1330 1597 1510 1650 ignoraret
1525 1599 1703 1652 diabolus,
1716 1613 1796 1656 post
1810 1604 1988 1646 inflictum
2004 1609 2151 1661 vulnus,
2167 1621 2206 1649 ut

1247 1659 1481 1711 experiretur,
1499 1661 1604 1699 etiam
1626 1677 1689 1715 per
1708 1678 1885 1705 sermones
1903 1668 1985 1707 fecit
2007 1670 2202 1717 insultum;

1248 1718 1344 1770 quod
1357 1719 1464 1758 etiam
1478 1721 1543 1759 feci
1550 1731 1560 1759 t
1575 1722 1611 1760 in
1627 1723 1779 1763 Davide.
1796 1727 2027 1779 Posteaquam
2041 1731 2137 1770 enim
2154 1734 2207 1771 vi-

1247 1779 1302 1818 dit
1317 1780 1421 1819 illum
1436 1795 1601 1833 generose
1615 1784 1738 1824 tulisse
1755 1786 1821 1824 filii
1836 1788 2078 1841 rebellionem,
2092 1802 2125 1830 et
2139 1793 2206 1831 im-

1249 1840 1346 1894 piam
1356 1841 1458 1880 illam
1468 1844 1709 1896 tyrannidem,
1717 1847 1840 1886 volens
1854 1850 2086 1902 supplantare
2097 1854 2207 1892 Davi-

1247 1902 1303 1941 dis
1314 1913 1481 1952 mentem,
1493 1915 1598 1957 atque
1609 1907 1654 1946 ad
1665 1906 1887 1948 iracundiam
1899 1925 2056 1963 movere,
2067 1927 2207 1966 aggres-

1249 1978 1309 2003 sus
1325 1974 1376 2003 est
1385 1965 1490 2004 illum
1500 1968 1730 2007 amarulentis
1737 1970 1854 2009 Semei
1864 1972 1995 2022 verbis,
2003 1973 2071 2012 hoc
2083 1988 2203 2026 agens,

1250 2035 1288 2064 ut
1305 2027 1485 2067 morderet
1498 2029 1658 2069 animum
1669 2031 1777 2070 illius.
1793 2033 1870 2072 Hoc
1883 2034 2001 2087 ipsum
2021 2046 2054 2074 et
2073 2037 2110 2076 in
2123 2038 2206 2077 bea-

1251 2097 1327 2127 tum
1347 2089 1418 2129 Joh
1444 2100 1523 2129 astu
1545 2092 1690 2132 molitus
1716 2103 1778 2132 est.
1793 2096 1843 2134 Ut
1866 2097 1960 2135 enim
1979 2100 2162 2152 perspexit
2173 2111 2206 2140 et

1206 2189 1235 2214 ¹8
1251 2149 1355 2188 illum
1382 2165 1446 2190 sua
1479 2151 1640 2192 deridere
1663 2155 1803 2207 jacula,
1827 2171 1941 2210 neque
1971 2173 2072 2199 secus
2101 2171 2206 2213 atque

142 2214 351 2265 ὑποίσομεν;
372 2213 422 2253 ⁶0
437 2213 473 2253 δὲ
492 2214 600 2265 λέγει,
615 2214 768 2253 τοιοῦτόν
791 2216 951 2258 ἐστιν-,εἷ
969 2214 1018 2266 μὴ
1031 2215 1172 2255 Δεσπό-
1199 2227 1225 2256 Α
1250 2216 1378 2254 turrim
1400 2216 1594 2268 quamdam
1609 2218 1877 2261 adamantinam
1897 2223 2069 2265 adversus
2087 2229 2204 2266 omnia

141 2292 204 2323 της
234 2279 290 2323 ἠν,
309 2274 398 2326 μηδὲ
419 2279 580 2314 τοσοῦτον
612 2276 713 2326 ἡμῶν
740 2274 933 2328 ὑπερέχων,
959 2275 1050 2314 ἀλλὰ
1079 2276 1175 2329 φίλος

142 2353 195 2381 τις
228 2337 416 2388 ὁμότιμος,
450 2335 554 2375 ποίαν
592 2335 733 2388 εἴχομεν
782 2336 988 2388 ἀπολογίαν,
1021 2341 1174 2376 τοσαῦτα

144 2396 532 2451 εὖεργετήθέντες.παρ’
551 2399 655 2436 αὐτοῦ
669 2427 679 2444 ,
697 2396 779 2435 ιἸκαὶ
797 2403 868 2441 τοῖς
885 2397 1052 2442 ἐναντίοις
1070 2399 1173 2438 αὐτὸν

145 2458 390 2509 ἁμειὸόμενοι;
426 2452 526 2502 Εἶδες
557 2457 700 2510 γνώμην
731 2458 902 2511 φιλόθεον,
934 2459 995 2498 καὶ
1028 2463 1102 2505 πῶς
1134 2462 1172 2500 οὐ

147 2521 418 2572 μεγαλοφρονεῖ,
453 2518 530 2558 οὐδὲ
561 2519 785 2573 ἐναὸρύνεται
818 2520 876 2558 ἐπὶ
914 2523 964 2573 τῷ
1007 2521 1173 2573 γενναίως

144 2583 293 2633 ἐνεγκεῖν
310 2581 371 2626 τὰς
388 2580 476 2634 ὑπὲρ
495 2580 596 2634 φύσιν
616 2580 750 2625 ἐκείνας
775 2581 933 2633 πληγὰς,
953 2581 1030 2621 οὔτε
1051 2582 1173 2636 σοφίας

144 2637 232 2682 εἶναι
248 2643 381 2694 νομίζει
406 2643 466 2681 καὶ
484 2641 746 2695 μεγαλοψυχίας
767 2641 830 2690 τὴν
850 2642 1022 2690 τοσαύτην
1041 2647 1172 2695 ὑπομο-

145 2705 219 2752 νὴν,
248 2707 324 2743 ἀλλ’
357 2704 478 2756 ὥσπερ
510 2706 699 2756 ἀναγκαῖον
731 2704 873 2757 ὄφλημα
906 2703 1082 2755 ἐκτιννὺς,
1113 2706 1173 2744 καὶ

147 2765 239 2804 οὐδὲν
270 2766 411 2808 ἀπεικὸς
438 2763 572 2813 παθὼν,
600 2763 707 2809 οὕτως
735 2766 776 2803 ἐκ
802 2765 1004 2818 περιουσίας
1038 2767 1078 2806 τὸ
1109 2767 1171 2819 γύ-

145 2841 239 2864 ναιον
257 2825 474 2876 ἐπεστόμισε,
495 2828 610 2865 Τοῦτο
629 2826 688 2864 καὶ
707 2826 764 2865 ἐπὶ
783 2829 847 2873 τῆς
865 2827 1027 2879 γυναικὸς
1044 2826 1174 2874 ταύτης

147 2887 296 2938 γέγονεν.
314 2887 460 2933 Ἰ·]πει’δ·ὶ·Ι
485 2885 554 2938 γὰρ
582 2880 668 2926 εἶδεν
686 2887 792 2935 αὐτὴν
814 2888 980 2939 γενναίως
1003 2889 1173 2941 φέρουσαν

146 2949 209 2995 την
231 2947 408 2995 ἀπαιδίαν,
428 2947 488 2985 καὶ
513 2949 563 2999 τῷ
592 2948 675 3000 Θεῷ
706 2949 1011 3001 προσπίπτουσαν,
1043 2953 1174 2996 καθῆκε

147 3011 186 3049 τὸ
199 3009 380 3061 παιδάριον
400 3011 460 3046 τοῧ
478 3007 615 3060 ἱερέως,
636 3007 725 3046 ὥστε
740 3011 871 3060 μᾶλλον
892 3010 1002 3057 αὐτὴν
1022 3009 1173 3062 ιὀἰγριδί-

147 3088 214 3118 ναι.
237 3071 329 3110 Ἀλλ’
351 3069 446 3109 οὐδὲν
477 3068 608 3107 τούτων
625 3068 750 3108 ἔπαθεν
771 3073 793 3116 ἡ
824 3070 930 3122 γυνὴ,
951 3072 1041 3110 ἀλλὰ
1068 3075 1174 3124 μελε-

194 3217 210 3241 b
226 3213 321 3247 Colb.
341 3218 460 3260 ἐρευνᾷν
475 3222 536 3254 pro
553 3217 669 3256 κρίνειν.

1248 2277 1387 2315 sortiter
1400 2278 1601 2329 consistere,
1610 2281 1813 2322 obarmavit
1826 2283 1861 2322 in
1872 2299 1955 2324 eum
1966 2301 2205 2340 uxorem,quo

1248 2337 1414 2378 videlicet
1450 2352 1521 2378 non
1557 2350 1647 2379 esset
1683 2353 1888 2396 suspectum
1927 2348 2118 2388 consilium
2129 2379 2139 2398 ‚
2171 2360 2205 2389 et

1248 2413 1425 2440 venenum
1439 2401 1560 2440 verbis
1574 2402 1715 2442 feminae
1730 2406 1832 2456 texit,
1847 2407 2083 2449 calamitatem
2097 2426 2204 2464 exag-

1248 2474 1385 2514 gerans.
1395 2461 1494 2509 Quid
1506 2462 1617 2515 igitur
1625 2464 1685 2503 ille
1696 2468 1968 2519 magnanimus?
1978 2473 2057 2511 Cur
2068 2474 2204 2527 loquu-
2217 2483 2286 2513 Job.
2306 2492 2335 2513 2.
2357 2492 2402 2513 ιο.

1248 2532 1290 2562 ta
1302 2537 1355 2571 es,
1371 2523 1606 2574 inquit,sicut
1619 2540 1699 2566 una
1709 2529 1756 2566 de
1765 2530 1895 2569 stultis
1907 2533 2152 2574 mulieribus?
2164 2537 2205 2576 Si

1248 2586 1352 2623 bona
1368 2588 1586 2636 accepimus
1606 2588 1654 2625 de
1667 2602 1787 2628 manu
1806 2591 1982 2641 Domini,
1999 2597 2108 2635 mala
2124 2612 2203 2636 non

1246 2648 1477 2698 excipiemus
1487 2651 1504 2684 Ρ
1519 2646 1628 2693 Quod
1642 2658 1760 2688 autem
1767 2650 1827 2690 hic
1836 2651 1939 2703 dicit,
1954 2654 2050 2695 hunc
2060 2672 2204 2699 sensum

1246 2706 1354 2745 habet
1371 2722 1379 2743 :
1395 2707 1433 2746 Si
1445 2721 1513 2746 non
1526 2717 1626 2759 esset,
1636 2708 1768 2762 inquit,
1779 2713 1969 2767 Dominus,
1979 2730 2092 2770 neque
2105 2729 2202 2760 tanto

1246 2768 1350 2807 nobis
1362 2769 1604 2821 excellentior,
1617 2771 1679 2810 sed
1691 2773 1828 2813 amicus
1842 2775 1971 2828 aliquis
1982 2781 2062 2832 pari
2078 2783 2201 2822 condi-

1248 2831 1342 2869 tione
1357 2846 1364 2867 :
1379 2845 1487 2882 quam
1501 2831 1715 2872 haberemus
1729 2837 2006 2889 excusationem,
2019 2841 2048 2879 si
2062 2850 2111 2881 tot
2126 2852 2199 2882 tan-

1248 2890 1363 2941 tisque
1387 2891 1504 2929 affecti
1536 2891 1741 2945 beneficiis,
1763 2895 1871 2935 etiam
1901 2901 2086 2940 contrariis
2119 2918 2200 2941 euni

1248 2952 1703 2992 1·emunera1·cmur?vides
1718 2964 1756 2993 ut
1770 2955 1949 2996 virDeum
1963 2959 2130 3013 diligens,
2140 2978 2201 3002 nec

1247 3012 1532 3062 efferturanimo‚
1542 3027 1605 3051 nec
1614 3014 1800 3067 gloriatur,
1809 3018 1904 3069 quod
1918 3020 2041 3073 plagas
2053 3023 2131 3061 illas
2142 3025 2204 3062 hu·

1248 3087 1390 3112 inanam
1401 3083 1565 3113 naturam
1577 3074 1786 3116 excedentes
1799 3079 1939 3120 sortiter
1953 3083 2085 3133 toleret,
2095 3099 2206 3137 neque

1236 3227 1250 3240 ε·
1267 3215 1364 3249 Colb.
1383 3216 1451 3249 duo
1472 3225 1506 3250 et
1523 3218 1603 3261 Reg·
1629 3226 1677 3254 καὶ
1696 3227 1740 3256 ’τὰ
1762 3228 1878 3257 ἐναντία.
1895 3229 1926 3257 o)
1954 3231 2100 3270 ,tipo-arse·
2123 3233 2204 3268 εὶῖες.

192 3277 205 3292 0
220 3265 318 3299 Con„
336 3276 419 3297 unus
440 3269 537 3307 Σεμεῑ,
1193 3267 1297 3300 Paulo
1314 3275 1391 3310 post
1406 3267 1503 3301 Colb.
1528 3281 1613 3303 unus
1633 3278 1666 3304 et
1681 3272 1762 3317 Reg.
1789 3279 1856 3309 οὕτε
1879 3279 2047 3321 ,οιλοσορῐκς
2072 3282 2143 3314 εἶναι
2161 3297 2206 3315 νο-

194 3319 210 3343 d
227 3316 322 3351 Colb.
349 3321 365 3353 ὸ
380 3322 530 3362 μακάριος
547 3320 663 3352 ἐκεῖνος.
689 3314 744 3348 Sic
761 3322 794 3349 ει
812 3315 894 3361 Reg.
920 3316 975 3361 qui
993 3317 1090 3353 addit
1111 3324 1160 3354 καὶ
1195 3325 1288 3363 μίξει.

173 3379 288 3409 metm.
308 3371 451 3413 itemque
468 3366 566 3401 Colb.
586 3365 681 3402 alius.
1241 3372 1257 3397 b
1274 3369 1369 3403 Colb.
1392 3377 1577 3418 ἐξαγριῶσαι.
1598 3374 1690 3409 Infra
1706 3375 1791 3409 idem
1812 3383 2080 3422 277³·tvf1275315‘2r1·
