2516 3791
428 218 628 249 SELECTA
663 217 723 248 Ex
757 216 888 248 NOTlS
923 217 1107 248 mmmm
1144 218 1311 251 SAvlLtr
1341 220 1398 250 ET
1433 220 1622 253 JOANNIS
1657 223 1806 256 Boisn.

94 302 212 338 Latine
224 300 335 334 adhuc
349 299 537 344 vulgatam,
555 300 708 344 agnoscit
723 299 904 345 Catalogus
920 301 1082 345 Augusta-

93 364 154 386 nus
171 363 263 385 num.
283 352 314 384 5.
339 351 424 384 Earn
440 362 502 384 nos
515 350 709 384 exhibemus
723 362 762 384 ex
787 352 848 384 Ms.
868 351 901 383 in
918 350 1078 384 Biblioth.

92 401 228 446 Collegii
243 402 322 435 novi
336 401 470 442 Oxonii,
486 400 699 434 emendatam
716 409 750 434 et
765 400 866 436 variis
882 400 1081 435 lectionibus

89 451 288 485 illustratam
301 463 341 484 ex
354 450 481 485 Codice
492 452 552 485 Ms.
569 449 613 483 ab
629 450 797 486 eruditiss.
818 452 941 484 Ducoeo
958 451 1080 485 nostris

87 499 231 534 librariis
253 499 436 534 liberaliter
461 501 713 534 communicato
729 509 807 534 ante
830 500 959 544 aliquot
974 512 1080 534 annos

86 552 241 585 Lutetiae.
259 550 392 583 Titulus
411 558 461 583 est
479 551 514 584 in
533 552 644 585 Ducaei
670 550 796 584 Codice
811 564 816 582 :
837 557 906 598 περὶ
922 560 974 590 τῆς
991 548 1080 590 Ᾱννης

87 605 172 645 λόγος
189 601 218 636 α’
235 606 283 636 καὶ
298 606 367 647 περὶ
383 607 517 640 νηστείας
532 607 581 637 καὶ
597 609 748 648 προνοίας.
763 603 833 635 Nos
848 613 924 635 eum
941 600 1079 634 retinui-

77 662 172 693 ·mus,
190 662 288 694 quem
311 652 345 683 in
370 650 434 684 Ms.
460 651 848 696 Oxoniensireperimus,
867 650 957 684 haud
971 652 1078 694 ignari

85 708 211 744 quanta
233 700 367 733 licentia
394 699 516 734 ludunt
536 700 663 735 librarii
685 703 719 735 in
742 701 934 735 orationum
959 699 1075 735 titulis.

83 749 208 784 Habita
226 758 275 784 est
290 749 488 792 Antiocliiae,
505 763 582 783 cum
599 753 633 785 in
647 751 710 784 hac
727 753 891 791 oratione,
905 752 1026 795 patris,
1042 750 1078 784 id

83 808 145 843 est,
164 808 200 833 ut
221 801 358 844 opinor,
377 799 528 834 Flaviani
546 803 751 834 mentionem
767 801 883 843 faciat,
901 799 958 833 ubi
975 802 1076 834 etiam

82 849 228 895 reliquas
245 850 278 884 in
293 851 425 883 Annam
444 850 554 883 dictas
570 850 719 894 proclive
735 858 785 883 est
801 849 948 885 credere.

125 900 162 934 P.
193 902 269 934 710.
298 903 337 934 Α.
368 902 400 934 3.
428 906 518 936 τοῦτο
543 907 602 947 γὰρ
624 905 761 946 μάλιστα
782 907 817 936 τὸ
839 907 932 940 πάθος
955 905 1077 941 ἐκείναις

80 954 195 995 ἐνοχλεῖ
209 959 274 990 ταῖς
290 956 426 990 ἡλικίαις.
440 950 613 984 manifeste
631 951 760 995 aliquid
778 951 872 984 deest
888 964 894 982 :
914 950 969 995 qui
986 953 1074 985 enim

81 1004 250 1047 σωφροσύνη
273 1001 342 1034 dici
366 1000 492 1044 poterit
510 1007 622 1043 πάθος,
647 1009 706 1034 aut
728 1007 850 1040 ἐκείναις
871 1006 996 1040 ἡλικίαις
1026 1007 1072 1037 ἐν-

79 1049 196 1093 οχλεῑνῗ
203 1051 300 1083 Hanc
318 1050 472 1084 lacunam
490 1052 718 1094 peringeniose
731 1050 843 1094 explet
857 1050 1073 1085 doctissimus

77 1098 229 1133 Halesius
251 1112 292 1133 ex
316 1101 484 1135 consimili
508 1101 584 1134 loco
607 1102 642 1134 in
667 1102 820 1134 oratione
845 1102 998 1144 proxime
1022 1113 1072 1135 se—

76 1157 199 1194 quente
216 1149 260 1184 ad
277 1150 366 1185 hunc
379 1150 533 1194 modum,
549 1159 742 1195 σεμνότητος.
760 1158 818 1186 Καὶ
833 1157 929 1189 πάσης
943 1156 1000 1195 μὲν
1013 1168 1070 1187 κα-

76 1206 142 1240 κίας
153 1207 319 1245 ἀπάγωμεν
332 1206 400 1241 τοὺς
419 1209 508 1244 νέους,
523 1207 659 1246 μάλιστα
673 1206 704 1236 δὲ
717 1206 882 1245 ἀσελγείας.
902 1209 995 1237 Τοῦτο
1011 1210 1071 1249 γάρ

76 1257 142 1288 etc.
161 1251 178 1267 *
190 1251 396 1285 Crediderim
410 1254 523 1296 potius
539 1259 741 1290 ἀποσιώπησιν
757 1263 840 1293 esse,
854 1258 885 1283 et
890 1260 1070 1297 postquam

75 1307 262 1349 σωφροσύνην
277 1304 469 1334 memoravit
484 1301 753 1347 Chryso-sionim,
778 1303 886 1345 ipsum
901 1304 1014 1335 statim
1029 1304 1070 1338 de

74 1353 158 1384 vitio
172 1353 227 1385 illi
237 1354 388 1397 opposito
404 1363 516 1396 agere.

117 1403 153 1435 P.
173 1405 251 1437 ’¹1.
269 1404 307 1435 B.
323 1405 355 1435 3.
375 1403 471 1434 Hanc
488 1402 588 1434 etiam
606 1399 780 1433 homiliam
802 1402 954 1445 agnoscit
967 1402 1068 1435 Cata-

71 1451 168 1496 logus
178 1456 388 1497 A'ugustanus
397 1463 537 1484 numero
549 1453 580 1484 6.
597 1451 705 1483 Vertit
717 1452 875 1483 Erasmus
888 1462 928 1484 ex
942 1451 1066 1484 Codice

70 1495 227 1536 mutilato
243 1504 278 1535 in
294 1501 418 1536 medio,
434 1502 503 1534 Nos
517 1512 590 1534 eam
607 1500 727 1533 damus
746 1513 785 1534 ex
804 1502 934 1545 optimo
950 1503 1012 1535 Ms.
1032 1501 1066 1536 in

70 1551 220 1597 Collegio
234 1563 324 1586 novo
339 1552 480 1591 Oxonii,
498 1551 698 1594 castigatam
714 1561 754 1582 ex
770 1549 836 1583 alio
852 1551 914 1583 Ms.
929 1550 1067 1584 Gabrie-

71 1601 110 1635 lis
126 1602 274 1646 archiep.
286 1600 535 1644 Philadelphiae,
553 1601 610 1643 qui
622 1600 767 1633 Venetiis
778 1601 848 1643 jam
866 1600 962 1643 vivit,
974 1612 1064 1634 earn-

70 1663 136 1696 que
152 1651 249 1685 nobis
265 1651 498 1685 liberalissimo
514 1651 628 1684 animo
641 1651 923 1692 communicavit,
945 1662 1063 1695 quam-

70 1703 120 1736 vis
132 1700 196 1735 fine
210 1710 414 1735 truncatam.

113 1753 152 1787 P.
168 1754 247 1787 721.
264 1753 303 1786 C.
323 1754 354 1785 6.
377 1753 473 1784 Hanc
498 1751 600 1784 etiam
619 1751 808 1784 orationem
831 1752 984 1796 agnoscit
998 1752 1062 1785 Ca-

69 1801 199 1848 talogus
222 1803 432 1847 Augustanus
459 1813 552 1834 num.
583 1803 615 1834 7.
645 1802 756 1834 Vertit
782 1802 953 1836 Erasmus.
976 1801 1061 1835 Vide

67 1853 167 1888 Tom.
184 1855 216 1894 1,
232 1852 298 1886 col.
313 1855 378 1886 484
395 1851 562 1885 Editionis
577 1852 768 1886 Parisiensis
786 1853 883 1886 1588.
898 1853 982 1884 Eam
999 1852 1061 1884 da-

68 1914 142 1936 mus
165 1913 207 1935 ex
227 1903 290 1936 Ms.
310 1904 345 1936 in
367 1901 529 1936 Biblioth.
552 1903 693 1948 Collegii
717 1904 797 1935 novi
815 1903 925 1937 Oxon.
953 1914 1060 1946 neque

67 1951 158 1986 aliud
177 1951 275 1986 nobis
287 1960 446 1997 praeterea
462 1954 660 1998 suppetebat
675 1952 856 1996 exemplar.
875 1954 994 1986 Exstat
1010 1961 1059 1986 ta-

66 2013 142 2036 men
156 2001 290 2036 aliudin
298 2001 458 2036 Biblioth.
472 2004 649 2047 Vaticana,
665 2015 778 2036 mensa
796 2005 827 2045 8,
843 2003 920 2036 cod.
940 2005 994 2046 26,
1008 2003 1056 2037 uti

66 2051 147 2085 olim
157 2060 254 2085 erant
270 2051 423 2096 dispositi
438 2052 528 2087 libri.

108 2102 146 2135 P.
157 2104 235 2136 729.
247 2103 288 2135 D.
302 2103 333 2135 8.
351 2104 497 2146 Apparet
510 2113 551 2136 ex
564 2100 674 2136 verbis
686 2102 922 2147 Chrysostomi
934 2110 1007 2136 tum
1024 2104 1057 2136 in

64 2151 128 2184 hac
143 2153 308 2195 oratione,
323 2159 395 2184 tum
410 2153 443 2184 in
454 2154 606 2195 proxime
620 2154 782 2196 sequenti,
797 2152 896 2185 aliam
907 2154 998 2196 prius
1013 2151 1057 2185 ab

64 2202 135 2244 ipso
151 2200 303 2234 habitam
314 2202 500 2235 orationem
516 2204 550 2235 in
564 2203 673 2246 prima
686 2203 818 2236 Cantici
831 2201 941 2245 verba,
957 2202 1056 2238 ἐστε-

62 2257 162 2297 ρεὼθη
178 2257 196 2291 ἠ
213 2255 321 2297 καρδία
339 2267 399 2295 μου
418 2257 448 2286 ἐν
468 2259 584 2299 Κυρίῳ,
603 2265 704 2296 quam
726 2264 889 2297 nusquam
911 2255 1053 2297 reperio.

61 2299 177 2334 Codex
199 2303 300 2334 etiam
316 2302 499 2336 Vaticanus
512 2329 520 2344 ‚
539 2305 632 2348 cujus
648 2315 748 2347 supra
774 2303 1004 2346 meminimus,
1022 2312 1056 2338 et

61 2351 241 2396 Catalogus
271 2353 482 2394 Augustanus
503 2365 573 2386 non
597 2353 708 2397 plures
733 2361 920 2397 agnoscunt
937 2353 971 2388 in
987 2356 1055 2388 An-

61 2412 159 2442 nam,
177 2412 278 2446 quam
295 2401 457 2445 quinque,
483 2402 616 2436 easdem
632 2402 731 2446 plane
753 2416 829 2437 cum
855 2405 999 2448 nostris,
1020 2414 1054 2438 et

61 2451 181 2486 eodem
207 2450 326 2485 ordine
353 2451 546 2495 dispositas.
575 2453 759 2498 Florilegus
787 2453 875 2488 hanc
899 2456 1051 2498 quintam

60 2510 238 2544 memorat,
255 2509 289 2535 et
312 2513 375 2535 nos
394 2502 481 2535 hanc
497 2503 651 2546 quintam
669 2505 941 2546 memoravimus,
958 2506 1051 2549 quod

59 2563 78 2584 a
92 2559 209 2585 nostro
222 2552 241 2584 J
244 2563 351 2586 oanne
368 2561 538 2586 constaret
554 2553 655 2587 aliam
671 2562 748 2588 ante
765 2553 853 2588 hanc
869 2566 939 2588 esse
953 2553 1050 2589 habi-

57 2610 142 2644 tam,
157 2611 194 2636 ut
206 2602 276 2635 dixi
295 2603 328 2636 in
342 2605 449 2646 prima
467 2604 566 2638 verba
583 2605 726 2638 Cantici.
749 2607 854 2638 Porro
871 2605 958 2640 hanc
971 2618 1048 2640 ora·

57 2652 183 2686 tionem
199 2660 238 2684 ut
259 2660 293 2685 et
308 2661 502 2696 sequentem
524 2657 675 2697 agnoscit
691 2654 870 2699 Catalogus
885 2657 1045 2700 Augusta-

0 2726 3 2730 .
57 2712 118 2734 nus
133 2703 152 2734 8
166 2709 199 2735 et
209 2703 241 2734 9.
254 2703 360 2746 Hujus
374 2704 508 2737 unicum
522 2705 619 2738 nobis
633 2703 753 2750 obtigit
764 2704 931 2749 exemplar
942 2717 982 2739 ex
993 2707 1047 2740 Bi-

24 2787 26 2789 *
57 2749 178 2786 blioth.
196 2751 335 2797 Collegit
350 2753 427 2788 novi
445 2755 554 2789 Oxon.

2054 216 2147 274 923

1323 345 1486 381 NOTAE
1508 346 1734 383 HENRICI
1754 349 1966 385 SAVILII

1285 459 1290 464 “
1309 456 1374 490 Ad
1385 458 1557 492 llomilias
1572 461 1607 492 ἱιι
1624 460 1791 494 Davidem
1806 472 1837 494 et
1850 462 2000 498 Suillem.

1194 564 1230 597 P.
1250 566 1327 599 748.
1345 568 1383 601 A.
1405 570 1436 600 1.
1452 568 1548 601 uanc
1562 571 1748 604 orationem
1762 571 1805 604 ab
1828 573 1968 606 Erasmo
1985 586 2061 607 cum
2079 588 2145 608 εω-

1150 614 1229 646 teris
1249 615 1395 659 ejusdcm
1421 621 1609 661 argumenti
1636 620 1738 655 latine
1761 633 1888 655 versam
1908 625 2049 667 reperire
2075 638 2141 659 non

1149 674 1264 697 sumus
1286 667 1370 709 quiti
1390 667 1509 711 (*sic)
1526 669 1641 702 Graeee
1662 670 1795 704 inhisce
1813 673 1954 716 Europa:
1978 674 2139 717 partibus.

1150 713 1324 757 Descripta
1346 723 1397 749 est
1418 725 1530 750 autem
1548 730 1586 750 ex
1616 720 1677 752 Ms.
1705 721 1794 753 Perae
1817 722 2142 767 Constantinopolin

1149 762 1301 797 Samuele
1316 765 1433 799 Sladio
1449 776 1491 812 τῷ
1507 775 1677 815 μακαρίτῃ,
1693 778 1726 802 et
1746 772 1927 805 emendata
1943 784 1983 807 ex
1999 773 2064 807 alio
2079 776 2139 810 Ms.

1149 817 1256 858 Χαλκῇ
1269 822 1344 858 νήσῳ
1361 825 1414 855 τῆς
1430 822 1617 857 Χαλκηδόνος
1633 820 1781 854 invento.
1801 823 1977 866 Reperitur
1990 825 2024 858 in
2036 825 2141 858 Cata-

1147 861 1224 907 logo
1237 866 1428 908 Augustuno
1444 878 1536 900 num.
1560 869 1609 901 11.

1190 915 1228 946 Ρ.
1241 915 1319 948 759.
1331 916 1370 951 C.
1385 918 1414 949 6.
1427 917 1604 961 Descripta
1615 926 1665 952 est
1674 918 1744 953 hoec
1755 920 1899 955 secunda
1912 925 2021 956 oratio
2034 925 2064 956 in
2074 925 2140 957 Da-

1146 963 1204 998 vid
1213 972 1246 997 et
1254 965 1333 998 Saul
1344 978 1383 999 ex
1396 968 1455 1000 Ms.
1468 967 1633 1003 Gabrielis
1643 969 1893 1015 Archiepiscopi
1904 972 2140 1017 Philadelphiae

1146 1016 1305 1057 Venetiis,
1337 1015 1427 1051 bono
1457 1030 1533 1052 cum
1561 1019 1678 1063 primis
1705 1029 1738 1054 et
1764 1022 1942 1056 emendato
1953 1050 1960 1063 ‚
1980 1036 2046 1067 quo
2068 1025 2139 1057 solo

1145 1067 1215 1099 nixi
1230 1077 1356 1101 sumus.
1377 1068 1479 1101 Versa
1495 1068 1538 1101 ab
1554 1070 1695 1104 Erasmo
1712 1079 1822 1104 exstat
1839 1081 1921 1106 tom.
1942 1075 1972 1115 1,
1988 1074 2052 1106 col.
2072 1075 2138 1107 503

1144 1116 1236 1150 Edit.
1250 1118 1355 1149 Paris.
1371 1119 1468 1152 1588.
1481 1121 1577 1153 Hanc
1589 1122 1777 1155 orationem
1791 1131 1824 1155 et
1834 1131 2026 1166 sequentem
2040 1136 2139 1169 agno-

1144 1168 1208 1202 scit
1223 1167 1404 1212 Catalogus
1420 1170 1629 1213 Augustanus
1644 1184 1739 1207 num.
1766 1175 1806 1206 12
1821 1182 1854 1206 et
1869 1176 1921 1206 13.
1939 1175 2019 1208 Post
2036 1187 2138 1209 excu—

1143 1229 1213 1250 sam
1226 1216 1314 1250 hanc
1327 1218 1514 1253 orationem
1532 1222 1672 1255 accessit
1691 1222 1782 1256 aliud
1799 1224 2028 1269 apographum
2045 1237 2064 1259 a
2077 1227 2137 1261 Sa-

1142 1267 1249 1301 muele
1268 1268 1383 1303 Sladio
1400 1268 1605 1314 descriptum
1623 1272 1713 1305 Perae
1727 1273 2033 1318 Constantinopoli.

1187 1321 1223 1352 P.
1239 1321 1317 1353 760.
1332 1321 1372 1352 D.
1385 1321 1421 1353 3-
1432 1325 1538 1355 πολλοὶ
1549 1331 1607 1356 τῶν
1618 1327 1744 1369 ἐχθρῶν.
1758 1322 1849 1364 Quid
1861 1326 1887 1356 si
1898 1329 2004 1360 πολλοὶ
2015 1329 2081 1365 τοὺς
2089 1332 2136 1371 ἐχ-

1144 1368 1253 1414 θρούςῗ
1265 1371 1436 1412 Interpres
1455 1371 1612 1403 Erasmus
1625 1379 1781 1405 neutrum
1798 1372 1929 1406 videtur
1944 1386 2133 1417 agnoscere.

1185 1420 1223 1451 P.
1239 1421 1316 1452 768.
1331 1419 1369 1452 C.
1386 1420 1439 1451 13.
1453 1421 1549 1452 Hanc
1563 1421 1752 1454 orationem
1766 1421 1885 1455 damus
1901 1435 1941 1456 ex
1959 1425 2058 1458 unico
2071 1426 2131 1460 Ms.

1139 1479 1178 1500 ex
1192 1467 1352 1501 Biblioth.
1370 1468 1508 1513 Collegii
1530 1469 1609 1503 novi
1627 1471 1737 1504 Oxon.
1763 1483 1861 1515 quem
1878 1481 1990 1507 tamen
2009 1476 2056 1507 ita
2078 1487 2134 1508 ac-

1139 1526 1254 1552 curate
1267 1520 1430 1562 scriptum
1446 1519 1666 1563 ostendimus,
1684 1529 1721 1554 ut
1737 1521 1803 1556 alio
1819 1525 1875 1557 vix
1894 1536 1978 1567 opus
1998 1536 2066 1558 esse
2083 1526 2112 1559 vi

1138 1566 1260 1600 deatur
1277 1568 1472 1612 exemplari,
1487 1581 1562 1602 rara
1579 1578 1669 1604 certe
1685 1570 1898 1607 librariorum
1914 1572 2085 1608 felicitate.

1151 1677 2125 1701 Q

1287 1781 1451 1816 NOTA
1482 1783 1749 1820 JOANNIS
1775 1786 1970 1822 BOISII

1385 1890 1433 1922 ad
1451 1890 1624 1926 Sermones
1640 1893 1675 1925 ιή
1694 1892 1863 1928 Genesim.

1174 1999 1256 2035 PAG.
1273 2004 1349 2035 645.
1371 2003 1410 2036 C.
1427 2005 1459 2038 9.
1478 2002 1542 2039 Ᾱπὸ
1559 2008 1676 2047 λιμένος
1691 2011 1730 2044 εἰς
1747 2010 1853 2049 λιμένα
1870 2014 2124 2054 παραπέμποντες

1132 2059 1191 2085 τῶν
1201 2056 1354 2099 ὑμετέρων
1370 2060 1465 2088 ἀκοῶν
1475 2060 1529 2093 τὴν
1545 2059 1735 2101 ἡμερότητα.
1755 2056 1854 2092 Basil.
1873 2058 1999 2091 Homil.
2018 2066 2058 2099 εἰς
2074 2067 2120 2102 τὸ,

1131 2109 1268 2148 Πρόσεχε
1285 2113 1399 2149 σεαυτῷ
1419 2116 1426 2135 :
1444 2103 1573 2139 ἐπειδάν
1590 2119 1664 2140 ποτε
1684 2109 1812 2145 >effinxit
1830 2117 1924 2153 pen-:Es
1939 2120 2123 2152 σημαντικῆς

1129 2158 1148 2192 ἡ
1164 2157 1259 2188 ἔννοια
1275 2160 1359 2198 ἡμῶν
1370 2182 1378 2197 ,
1398 2160 1498 2201 ὥσπερ
1521 2161 1677 2201 πορθμείῳ
1694 2163 1750 2192 τινὶ
1765 2167 1807 2201 τῷ
1826 2163 1903 2203 λε’-[ῳ
1921 2166 2119 2204 ἐποχουμένη,

1129 2205 1300 2250 διαπερῶσα
1311 2211 1361 2240 τὸν
1371 2212 1460 2252 ἀέρα,
1479 2211 1510 2239 ἐκ
1527 2212 1580 2240 τοῦ
1594 2212 1973 2253 φθεγγομένονμεταέαίνει
1986 2217 2060 2257 πρὸς
2071 2218 2122 2246 τὸν

1127 2257 1285 2288 ἀκούοντα·
1301 2261 1355 2290 κᾶν
1364 2259 1421 2298 μὲν
1438 2259 1508 2301 εὕρῃ
1523 2260 1652 2299 γαλήνην
1667 2263 1795 2301 βαθεῖαν
1810 2264 1860 2292 καὶ
1873 2264 2007 2303 ἡσυχίαν,
2020 2265 2120 2307 ὥσπερ

1128 2307 1241 2346 λιμέσιν
1267 2308 1367 2343 εὐδίοις
1392 2311 1441 2340 καὶ
1459 2311 1654 2350 ἀχειμάστοις
1670 2315 1736 2345 ταῖς
1757 2314 1860 2347 ἀκοαῖς
1880 2317 1938 2343 τῶν
1953 2315 2120 2352 μανθανόν-

1126 2368 1186 2388 των
1203 2357 1288 2397 λόγος
1303 2360 1566 2401 ἐγκαθορμίζεται.
1585 2355 1648 2390 Ἐὰν
1664 2359 1695 2390 δὲ
1712 2359 1771 2390 οἷον
1789 2361 1867 2399 §othy
1893 2373 1937 2397 τις
1958 2368 2088 2406 τραχεῖα
2104 2365 2119 2394 ὁ

1124 2410 1212 2450 παρὰ
1227 2415 1286 2440 τῶν
1301 2412 1468 2441 ἀκουόντων
1494 2410 1616 2452 θόρυὲος
1638 2411 1826 2452 ἀντιπνεύτῃ,
1845 2413 1874 2441 ἐν
1890 2415 1975 2452 μέσῳ
1991 2418 2034 2453 τῷ
2050 2417 2118 2455 ἀέρι

1116 2457 1271 2495 ’διαλυθεὶς
1283 2461 1456 2499 ἐναυάγησε.
1475 2455 1558 2488 Vide
1571 2467 1650 2500 ergo
1662 2468 1776 2490 annon
1791 2457 1845 2490 hic
1858 2456 2037 2501 legendum
2050 2459 2094 2492 sit
2108 2473 2114 2490 :

1123 2511 1184 2541 ἀπὸ
1200 2510 1316 2550 λιμένος
1334 2512 1373 2545 εἰς
1390 2511 1496 2550 λιμένα
1518 2510 1792 2553 παραπέμποντες,
1812 2514 1873 2543 ἀπὸ
1896 2514 1949 2543 τοῦ
1966 2514 2116 2556 ἡμετέρου

1122 2563 1272 2599 στόματος
1288 2561 1325 2595 εἰς
1340 2565 1399 2590 τῶν
1428 2561 1582 2603 ὑμετέρων
1604 2564 1670 2589 etc.
1697 2558 1783 2589 Nam
1809 2565 1844 2590 ut
1866 2560 1962 2591 navis
1980 2569 1999 2590 a
2014 2567 2114 2602 portu

1120 2607 1154 2639 in
1171 2614 1308 2649 portum
1326 2606 1444 2649 fertur,
1463 2608 1510 2639 sic
1526 2607 1635 2640 oratio
1649 2605 1692 2639 ab
1706 2619 1763 2640 ore
1780 2607 1945 2652 loquentis
1960 2606 2005 2641 ad
2018 2621 2114 2642 aures

1118 2655 1325 2690 auditorum.
1339 2656 1500 2689 '‘Coezerae
1512 2664 1543 2689 et
1555 2657 1689 2701 quidem
1698 2658 1858 2702 paucula:
1870 2657 2016 2691 Joannt's
2028 2659 2113 2692 Boi-

1118 2707 1162 2737 sii
1177 2714 1264 2738 notae
1288 2707 1348 2738 vel
1369 2707 1455 2739 leves
1477 2707 1657 2741 admodum
1679 2715 1767 2749 sunt,
1797 2707 1857 2741 vel
1879 2708 1953 2741 loca
1967 2709 2045 2754 jam
2062 2721 2095 2741 re

1116 2763 1267 2789 staur-ala
1283 2759 1475 2801 respiciunt.

890 3040 1011 3074 FINIS
1035 3041 1263 3074 NOTARUM.
