2483 3791
674 238 713 266 ΙΝ
751 236 851 266 (ΣΛΡ.
892 235 938 264 ΙΙ.

46 324 450 378 τικὸν,εὐτρεπισμε’νους
477 322 574 374 ἔχετε
608 319 685 364 τοὺς
719 319 866 362 κόλπους
897 319 958 363 τῆς
992 316 1065 353 δια-

44 389 156 431 νοίας·
186 385 268 438 φέρε
294 384 357 431 τὴν
395 383 586 434 ὑπόσχεσιν
612 380 872 434 πληρώσωμεν,
910 377 969 416 καὶ
1002 378 1064 422 τῆς

43 446 243 489 ἀκολουθίας
262 445 367 484 πάλιν
383 447 452 482 τῶν
473 442 571 495 παρὰ
589 446 650 481 τοῦ
678 439 852 492 μακαρίου
885 437 1065 480 Μωϋσέως

43 507 310 560 ἀνεγνωσμένων
344 505 542 557 ἁψάμενοι,
569 506 724 542 ἐντεῦθεν
756 506 836 549 ὑμῖν
857 501 914 539 τὸν
943 499 1065 550 μισθὸν

42 567 309 618 καταὸάλωμεν.
328 566 420 605 Τίνα
436 559 494 603 οὖν
511 565 586 603 ἐστὶ
608 563 652 601 τὰ
672 563 822 616 σήμερον
848 558 1065 611 ἀνεγνωσμέ-

42 646 84 668 να
123 632 308 680 ἀναγκαῖον
340 629 386 670 εἰς
421 626 525 676 μέσον
556 629 760 678 προθεῖναι,
790 623 833 660 ἵν’
857 620 946 660 οὕτω
976 618 1065 670 μετὰ

43 689 221 741 ἀκριὸείας
252 686 514 742 διερευνώμενοι
537 686 594 724 τὸν
628 690 699 727 τοῖς
731 684 863 736 ῥήμασι
896 683 1061 719 ἐναποκε-

43 750 240 802 κρυμμένον
254 752 400 788 πλοῦτον
416 751 485 786 τῶν
501 746 698 796 νοημάτων,
719 745 902 795 προθῶμεν
923 740 980 779 ἐπὶ
1002 742 1064 785 τῆς

43 811 213 863 ὑμετέρας
245 810 394 861 ἀγάπης.
412 807 608 846 Ἠκούσατε
630 806 697 857 γὰρ
728 803 855 857 ἀρτίως
882 804 946 847 τῆς
972 799 1065 843 θείας

44 873 185 924 Γραφῆς
204 870 367 922 λεγούσης
381 885 388 893 ·
410 870 474 920 Τῷ
505 867 540 906 δὲ
562 866 672 917 Ἀδὰμ
693 867 759 918 οὐχ
792 863 913 917 εὑρέθη
943 861 1066 913 βοηθὸς

41 932 157 983 ὅμοιος
183 932 288 983 αὐτῷ.
304 931 351 969 Τί
378 929 538 981 βούλεται
556 932 578 975 ἡ
597 930 746 980 βραχεῖα
772 925 858 973 αὕτη
875 924 983 971 λέξις,
1001 925 1066 976 Τῷ

43 992 78 1032 δὲ
98 993 229 1043 ’Λδοίμ;
249 991 339 1036 τίνος
361 990 474 1029 ἕνεκεν
495 988 690 1042 προσέθηκε
717 988 774 1026 τὸν
795 986 986 1037 σύνδεσμον
1001 1002 1011 1033 3
1028 987 1066 1023 οὐ

42 1054 109 1106 γὰρ
128 1053 229 1106 ἤρκει
253 1055 375 1100 εἰπεῖν,
396 1053 446 1103 τῷ
464 1050 592 1100 Ἀδάμ;
609 1051 690 1102 Οὐχ
711 1050 831 1091 ἁπλῶς
859 1050 970 1086 ταῦτα
997 1047 1065 1084 διε-

45 1117 225 1167 ρευνᾶσθαι
245 1113 497 1163 σπουδάζομεν,
516 1110 715 1164 φιλοτιμίας
743 1109 857 1148 ἕνεκεν
881 1110 1066 1159 περιττῆς,

44 1175 120 1212 ἀλλ’
144 1173 200 1211 ἵνα
221 1174 310 1223 μετὰ
333 1172 513 1225 ἀκριὸείας
543 1174 625 1222 ὑμῖν
652 1171 790 1209 ἅπαντα
819 1167 1067 1223 ἑρμηνεύοντες

42 1234 285 1286 παιδεύσωμεν
313 1238 402 1284 ὑμᾶς
424 1234 512 1284 μηδὲ
535 1235 703 1285 βραχεῖαν
733 1231 838 1280 λέξιν,
866 1230 955 1282 μηδὲ
977 1231 1064 1269 συλ-

43 1295 154 1342 λαὸὴν
173 1295 256 1346 μίαν
283 1294 517 1347 παρατρέχειν
538 1296 606 1331 τῶν
627 1296 662 1331 ἐν
681 1298 757 1336 ταῖς
784 1291 890 1336 θείαις
909 1293 1066 1344 Γραφαῖς

44 1355 294 1407 κειμένων.οὐ
324 1356 392 1407 γὰρ
424 1354 566 1408 ῥήματά
586 1357 678 1393 ἐστιν
714 1355 854 1401 ἁπλῶς,
889 1353 979 1391 ἀλλὰ
1003 1354 1064 1391 τοῦ

44 1416 247 1467 Πνεόματος
266 1420 325 1454 τοῦ
358 1416 455 1467 ἁγίου
478 1415 638 1468 ῥήματα,
658 1414 718 1453 καὶ
748 1414 806 1453 διὰ
827 1417 929 1453 τοῦτο
955 1413 1064 1452 πολύν

44 1479 119 1516 ἐστι
137 1477 193 1515 τὸν
215 1477 386 1530 θησαυρὸν
409 1479 517 1529 εὑρεῖν
538 1476 597 1515 καὶ
617 1479 650 1515 ἐν
670 1483 734 1528 μιᾷ
753 1475 926 1525 συλλαὸῇ.
947 1476 1065 1526 Προσ-

43 1538 140 1590 έχετε
153 1531 224 1583 οὖν,
243 1539 454 1590 παρακαλῶ,
469 1537 559 1588 μετὰ
577 1537 758 1590 ἀκριὸείας
770 1553 777 1561 ·
794 1535 914 1588 μηδεὶς
932 1535 1065 1583 νωθὴς,

43 1598 163 1649 μηδεὶς
187 1599 354 1647 ὑπνηλὸς,
370 1598 496 1642 πάντες
521 1597 792 1652 διεγηγερμένην
809 1614 867 1649 μοι
889 1597 953 1645 τὴν
983 1597 1065 1636 διοί-

41 1676 136 1700 νοιαν
155 1660 345 1713 παρέχετε·
365 1660 485 1712 μηδεὶς
507 1659 571 1704 ἔξω
597 1659 780 1711 ῥεμὸέσθω
798 1660 856 1698 τὸν
870 1658 1064 1711 ἶλογισμὸν,

43 1722 130 1773 μηδὲ
151 1722 332 1776 φροντίδας
356 1721 521 1773 βιωτικὰς
541 1721 787 1774 ἐπισυρόμενος
814 1723 961 1759 ἐνταῦθα
981 1736 1064 1766 στη-

43 1783 154 1832 κέτω,
169 1784 246 1822 ἀλλ’
278 1785 402 1822 ἐννοῶν
422 1785 485 1829 τῆς
509 1785 748 1834 πνευματικῆς
767 1782 898 1828 ταύτης
923 1782 1064 1820 συνόδου

42 1844 82 1882 τὸ
106 1844 264 1895 ἀξίωμα,
284 1845 344 1882 καὶ
362 1844 415 1882 ὅτι
442 1843 500 1882 διὰ
523 1846 585 1889 τῆς
612 1846 680 1881 τῶν
697 1847 886 1896 προφητῶν
907 1843 1066 1895 γλώττης

42 1909 102 1943 τοῦ
132 1908 224 1945 Θεοῦ
250 1905 335 1956 πρὸς
366 1908 460 1954 ἡμᾶς
485 1903 731 1955 διαλεγομένου
761 1903 954 1955 ἀκούομεν·
978 1903 1068 1943 οὕτω

42 1965 106 2012 τὴν
135 1965 242 2011 ἀκοὴν
269 1964 477 2017 ι’ὧτε-χέτω,
504 1964 564 2003 καὶ
597 1964 847 2016 συντεταμένον
868 1964 980 2017 ἐχέτω
1008 1964 1068 2003 τὸν

43 2031 132 2075 νοῦν,
164 2026 220 2065 ἵνα
259 2026 367 2078 μηδὲν
399 2029 468 2064 τῶν
501 2026 586 2079 παρ’
613 2029 714 2077 ἡμῶν
747 2026 1066 2077 καταὸαλλομένων

44 2088 255 2140 σπερμάτων
276 2090 324 2131 εἷς
344 2087 473 2139 πέτραν
495 2090 708 2139 κατενεχθῇ,
728 2086 750 2133 ἢ
779 2087 878 2140 παρὰ
904 2087 967 2135 τὴν
989 2087 1065 2126 ὁδὸν

42 2148 64 2195 ἢ
84 2148 180 2200 παρὰ
206 2147 267 2192 τὰς
286 2147 437 2191 ἀκάνθας
451 2176 461 2195 ,
481 2149 558 2185 ἀλλ’
581 2149 769 2200 ὀλόκληρον
789 2147 829 2185 τὸ
857 2148 1000 2200 σπέρμα
1019 2150 1067 2191 εἷς

40 2209 103 2256 τὴν
120 2211 186 2261 γῆν
207 2208 270 2255 τὴν
289 2207 400 2254 καλὴν
418 2208 639 2256 καταὸληθὲν
654 2238 664 2256 ,
678 2209 719 2247 τὸ
737 2207 869 2253 πλάτος
887 2210 979 2262 λέγω
1001 2212 1065 2256 τ’ῆς

40 2270 192 2313 διανοίας
211 2272 273 2316 τῆς
289 2269 460 2323 ὑμετέρας
470 2298 481 2317 ,
498 2270 628 2321 δαψιλῆ
649 2269 706 2308 τὸν
721 2270 855 2322 καρπὸν
871 2272 952 2321 ὑμῖν
968 2269 1064 2322 ἐνέγ-

40 2345 100 2369 και
118 2330 265 2382 δυνηθῇ,
288 2329 348 2368 καὶ
366 2329 638 2383 πολυπλασιάσῃ
657 2330 701 2368 τὰ
720 2333 804 2383 παρ’
824 2332 926 2382 ἡμῶν
955 2347 1064 2370 κατα-

39 2391 251 2443 ὅαλλόμενα.
277 2390 368 2430 Ἀλλ’
400 2391 528 2442 ἴδωμεν
559 2391 680 2430 λοιπὸν
715 2392 749 2430 τί
787 2392 948 2444 βούλεται
978 2397 1063 2445 ἡμῖν

38 2451 128 2499 αὕτη
141 2455 162 2499 ἡ
176 2455 236 2490 τοῦ
253 2452 446 2503 συνδέσμου
462 2452 664 2504 συμπλοκή.
675 2454 739 2506 Τῷ
753 2453 789 2491 δὲ
800 2452 931 2505 Ἀδὰμ,
944 2455 1062 2507 φησὶν,

38 2514 104 2565 οὐχ
133 2512 256 2567 εὑρέθη
278 2514 400 2565 βοηθὸς
427 2513 548 2565 ὅμοιος
576 2515 684 2567 αὐτῷ.
699 2514 777 2554 Θέα
811 2531 869 2565 μοι
887 2517 951 2562 τῆς
969 2516 1062 2561 θείας

38 2575 181 2628 Γραφῆς
212 2574 276 2622 τὴν
303 2574 496 2627 ἀκρίὸειαν.
518 2577 700 2624 Εἷποῧσα,
719 2577 783 2628 Τῷ
803 2575 839 2615 δὲ
858 2575 971 2629 Ἀδὰμ
997 2579 1064 2631 οὐχ

38 2635 159 2689 εὑρέθη
178 2640 192 2657 ⁰
204 2636 346 2688 βοηθὸς,
365 2639 429 2675 οὐκ
451 2636 535 2684 ἔστη
552 2636 658 2691 μέχρι
677 2637 822 2686 τούτου,
843 2638 933 2677 ἀλλὰ
949 2655 1063 2692 προσ-

37 2695 171 2745 έθηκεν,
189 2696 340 2747 εὌμοιος
374 2699 493 2749 αὐτῷ,
522 2700 566 2750 τῇ
597 2698 781 2751 προσθήκῃ
808 2701 1062 2751 παραδηλοῦσα

33 2759 117 2807 ἡμῖν
135 2757 198 2805 τὴν
232 2757 359 2806 αἰτίαν,
378 2759 422 2796 δι’
441 2758 482 2805 ἣν
511 2763 571 2798 τοῦ
591 2759 783 2811 συνδέσμου
801 2759 864 2808 τὴν
895 2763 1061 2813 συμπλο-

36 2817 100 2864 κὴν
124 2818 324 2865 ἐποιήσατο.
345 2813 459 2870 Οἶμαι
486 2820 607 2858 λοιπὸν
626 2820 705 2864 τοὺς
737 2819 894 2874 ὀξύτερον
914 2822 1060 2862 intueat),-

34 2879 106 2916 λειν
126 2879 332 2929 δυναμένους
366 2880 434 2926 ἤδη
469 2887 621 2934 προορᾷν
652 2880 692 2919 τὸ
726 2881 854 2933 μέλλον
880 2884 937 2936 ὑφ’
957 2886 1059 2935 ἡμῶν

35 2940 258 2992 ῥηθήσεσθαι.
283 2942 375 2980 Ἀλλ’
395 2941 515 2988 ἐπειδὴ
535 2943 707 2995 προσήκει
727 2946 821 2994 ἡμᾶς
839 2944 958 2991 κοινὴν
974 2946 1060 2997 πρὸς

35 3000 190 3045 ἅπαντας
221 3001 445 3052 ποιουμένους
471 3002 534 3049 τὴν
568 3004 811 3053 διδασκαλίαν,
841 3011 930 3044 πᾶσι
961 3009 1058 3059 σαφῆ

35 3067 142 3099 ποιεῖν
162 3062 207 3101 τὰ
221 3065 304 3114 παρ’
324 3065 426 3112 ἡμῶν
447 3063 619 3114 λεγόμενα
631 3094 641 3112 ,
657 3064 740 3117 φέρε
756 3065 949 3117 διδάξωμεν
971 3069 1062 3117 ὑμᾶς
1074 3097 1121 3122 ,¹⁶

35 3122 124 3165 τίνος
143 3121 255 3161 ἕνεκεν
279 3122 385 3167 οὕτως
411 3123 566 3175 εἴρηκεν·
588 3125 679 3164 ἀλλὰ
702 3126 825 3179 μικρὸν
853 3127 1060 3180 ἀνάσχεσθε.
1087 3134 1112 3164 Α
1134 3114 1296 3162 dixisset>

35 3182 182 3229 Ἐπειδὴ
200 3183 268 3236 γὰρ
284 3186 319 3222 ἐν
335 3190 404 3227 τοῖς
425 3184 546 3237 πρῴην
568 3189 722 3237 ῥηθεῖσι,
743 3187 902 3241 καθάπερ
918 3204 1059 3239 μνημο-

39 3242 169 3291 νεύετε,
195 3247 340 3283 εἰποῦσα
355 3248 378 3291 ἡ
399 3244 474 3284 θεία
497 3246 642 3299 Γραφὴ,
661 3246 715 3285 ὅτι
733 3248 946 3299 Ποιήσωμεν
967 3251 1062 3302 αὐτῷ

39 3304 163 3354 βοηθὸν
181 3307 259 3343 κατ’
279 3306 393 3352 αὐτὸν,
416 3307 538 3352 εὐθέως
556 3307 706 3352 ἐδίδαξεν
729 3312 822 3359 ἡμᾶς
836 3309 898 3356 τὴν
920 3313 988 3349 τῶν
1004 3315 1062 3357 θη-

81 3411 95 3433 l’
113 3408 247 3442 Coisliu.
268 3413 418 3453 ὐπεπχέτω
435 3417 485 3446 τὸν
501 3419 563 3447 νοῦν
581 3420 792 3457 συντεταμένον
810 3419 897 3457 ἐχειν.

977 230 1142 262 6ΕΝΕ5.

2006 230 2016 255 1
2033 213 2086 275 37

1135 312 1171 350 in
1183 324 1246 349 nos
1263 309 1474 362 recepimus,
1498 317 1529 347 et
1556 307 1687 346 iterum
1703 317 1854 359 acceptis
1874 308 1932 355 iis,
1952 322 2030 359 qum
2045 323 2089 346 cx

1136 380 1302 411 contextu
1324 370 1419 410 beati
1438 369 1550 409 Musis
1565 369 1654 408 lecta
1671 378 1766 416 sunt,
1786 368 1868 406 inde
1883 368 2090 420 vobisfmer-

1088 443 1111 473 B
1136 433 1255 472 cedem
1282 431 1560 470 dinumeremus.
1594 432 1684 478 Quae
1718 430 1829 482 igitur
1866 429 1973 467 hodie
2002 430 2088 467 lecta

1137 503 1220 533 sunt
1254 494 1290 532 in
1322 492 1480 532 medium
1513 491 1633 530 afferri
1669 491 1817 540 debent,
1840 500 1878 528 ut
1907 490 2090 528 thesauros

1136 569 1304 593 sensuum
1322 555 1357 592 in
1379 554 1496 593 verbis
1522 554 1680 601 latentes,
1702 552 1894 601 diligenter
1912 551 2090 602 quaesitos,

1137 613 1274 651 caritati
1294 623 1421 652 vestran
1436 627 1686 666 proponamus.
1705 612 1866 650 Audistis
1878 611 1971 649 enim
1985 610 2090 649 modo

1136 674 1361 726 Scripturam
1393 674 1569 712 dicentem
1592 690 1599 710 ε
1623 674 1689 712 90.
1733 673 1836 711 Adoe
1883 687 1977 711 vero
2013 687 2091 710 non

1137 737 1316 772 inventus
1339 743 1394 772 est
1421 735 1580 786 adjutor·
1608 735 1748 773 similis
1782 736 1858 772 illi.
1892 733 1989 780 Quid
2021 735 2091 773 sibi

1136 795 1215 833 vult
1230 794 1350 833 brevis
1370 794 1446 832 haec
1464 793 1587 843 dictio,
1607 795 1710 832 Λεία»
1722 800 1841 832 vero?
1862 810 1970 845 quare
1983 810 2091 848 appo-

1137 853 1190 891 nit
1220 851 1532 905 conjunctionem?
1560 865 1676 889 annon
1722 852 1922 889 sufficiebat
1960 853 2090 902 dicere,

1139 913 1250 952 Adae?
1285 914 1366 952 Non
1399 913 1532 963 absque
1554 912 1702 961 ratione,
1735 926 1848 962 neque
1878 913 2091 950 curiositatis

1136 975 1251 1027 gratia
1268 973 1471 1027 inquirendi
1485 973 1572 1012 talia
1592 974 1694 1012 nobis
1714 973 1854 1011 animus
1876 983 1939 1022 est,
1959 974 2022 1012 sed
2053 985 2090 1012 ut

1136 1036 1328 1089 diligenter
1346 1035 1466 1074 omnia
1482 1035 1583 1074 vohis
1595 1035 1876 1088 interpretantes»,
1897 1035 2088 1074 doceamus

1137 1109 1202 1135 vos
1221 1109 1334 1147 neque
1352 1094 1547 1133 dictionem
1580 1108 1741 1147 parvam,
1776 1108 1888 1145 neque
1914 1094 2092 1146 syllabam

1136 1171 1245 1195 unam
1260 1157 1296 1194 in
1323 1155 1457 1195 divinis
1470 1156 1599 1194 Literis
1614 1164 1812 1194 contentam
1845 1169 1918 1200 esse
1949 1166 2092 1208 praeter-

1137 1217 1306 1256 eundam.
1329 1218 1410 1256 Non
1443 1217 1538 1256 enim
1560 1217 1668 1256 verba
1696 1216 1969 1268 qualiacumque
1998 1228 2091 1267 sunt,

1137 1278 1200 1318 sed
1214 1279 1372 1332 Spiritus
1391 1279 1502 1317 sancti
1521 1278 1644 1329 verba,
1666 1287 1699 1316 et
1719 1287 1904 1330 propterea
1921 1293 2092 1329 magnum

1136 1339 1187 1378 ibi
1199 1340 1408 1378 thesaurum
1422 1340 1683 1390 invenirelicet,
1697 1339 1803 1378 etiam
1813 1340 1848 1377 in
1860 1354 1927 1377 una
1937 1340 2089 1391 syllaba.

1138 1401 1345 1440 Auscultate
1374 1402 1498 1454 igitur,
1527 1403 1686 1450 obsecro,
1714 1415 1842 1453 magna
1873 1400 2088 1452 diligentia,

1137 1463 1257 1502 nullus
1269 1463 1381 1513 deses,
1421 1463 1543 1502 nullus
1584 1462 1844 1501 somniculosus
1876 1462 1936 1513 sit,
1969 1476 2090 1500 omnes

1135 1525 1239 1577 vigili
1256 1526 1376 1564 animo
1390 1525 1528 1574 adeste;
1553 1525 1674 1563 nullus
1705 1524 1862 1562 externis
1890 1524 2091 1576 occupatio-

1136 1587 1244 1626 nibus
1259 1597 1411 1627 mentem
1430 1586 1620 1633 distrahat,
1643 1586 1781 1625 nullum
1796 1586 1980 1623 saeculares
1999 1599 2092 1623 cura:

1137 1648 1332 1702 abripiant,
1357 1648 1419 1688 sed
1459 1649 1589 1701 cogitet
1619 1647 1864 1699 unusquisque
1892 1647 2092 1699 spiritualis

1136 1708 1247 1762 hujus
1277 1708 1562 1761 congregationis
1597 1707 1825 1759 dignitatem,
1862 1715 1896 1743 et
1940 1720 1979 1743 ea
2011 1719 2090 1757 quae

1137 1769 1344 1809 audivimus
1363 1771 1480 1808 Deum
1504 1769 1606 1807 nobis
1635 1783 1700 1821 per
1730 1767 1986 1820 prophetarum
2023 1766 2091 1804 lin-

1139 1844 1245 1883 guam
1260 1831 1401 1869 dicere:
1423 1830 1544 1882 sicque
1573 1843 1674 1868 aures
1699 1829 1833 1880 arrigat
1861 1837 1894 1866 et
1920 1828 2091 1865 intentam

1140 1901 1292 1931 mentem
1307 1891 1487 1939 adhibeat,
1503 1904 1547 1928 ne
1559 1889 1697 1941 aliquid
1722 1903 1845 1927 eorum
1871 1902 1949 1938 quae
1986 1888 2091 1926 semi-

1138 1967 1279 2004 namus,
1291 1952 1326 1990 in
1336 1961 1474 2005 petram
1487 1951 1604 2001 cadat,
1620 1950 1676 1990 vel
1690 1964 1788 1988 secus
1799 1949 1910 1999 viam,
1923 1949 1980 1988 vel
2000 1949 2092 1986 inter

1138 2015 1279 2068 spinas;
1300 2013 1362 2052 sed
1385 2026 1489 2051 omne
1503 2025 1622 2050 semen
1638 2011 1674 2048 in
1687 2020 1818 2048 terram
1838 2009 1985 2059 bonam,
2007 2009 2090 2047 lati-

1138 2075 1300 2115 tudinem
1319 2075 1401 2113 djco
1420 2073 1548 2112 mentis
1563 2081 1704 2120 vestrae,
1721 2072 1932 2124 projectum,
1947 2071 2090 2121 largum

1136 2136 1239 2176 vobis
1250 2137 1409 2174 fructum
1421 2135 1550 2173 afferre
1560 2142 1680 2185 queat,
1691 2142 1723 2171 et
1735 2147 1754 2170 a
1768 2132 1870 2170 nobis
1888 2131 2090 2169 concredita

1136 2196 1362 2250 multiplicet.
1383 2197 1560 2235 Caeterum
1577 2195 1764 2233 videamus
1782 2192 1870 2245 quid
1902 2192 1971 2230 sibi
2004 2191 2092 2231 velit

1135 2258 1244 2311 hujus
1259 2257 1518 2311 conjunctionis
1537 2255 1666 2309 copula
1688 2272 1696 2292 :
1713 2255 1756 2293 A
1759 2257 1818 2293 dae
1828 2268 1924 2292 vero
1937 2268 2015 2291 non
2031 2256 2091 2291 in-

1139 2322 1366 2359 veniebatur
1384 2319 1543 2372 adjutor
1557 2317 1697 2356 similis
1715 2317 1786 2355 illi.
1807 2315 1914 2365 Vide,
1928 2315 2087 2363 obsecro,

1134 2381 1268 2421 divinae
1282 2381 1477 2433 Scripturae
1494 2387 1696 2418 accuratam
1717 2376 1954 2429 diligentiam.
1989 2376 2090 2414 Post-

1135 2457 1244 2494 quam
1258 2441 1365 2491 dixit,
1379 2441 1483 2480 Adoe
1504 2454 1600 2479 vero
1613 2453 1692 2478 non
1710 2443 1890 2477 inventus
1912 2446 1968 2476 est
1978 2438 2090 2489 adju-

1136 2511 1197 2542 tor
1211 2519 1222 2540 .·
1239 2517 1311 2542 non
1329 2502 1381 2541 ibi
1395 2501 1566 2551 substitit,
1586 2500 1648 2539 sed
1663 2499 1806 2552 adjecit,
1823 2499 1970 2538 Similis
2005 2499 2068 2535 illi
2076 2514 2088 2533 .-

1134 2563 1448 2604 additamentoillo
1462 2576 1604 2601 causam
1614 2561 1716 2600 nobis
1727 2559 1971 2607 declarans‚ob
1980 2552 2088 2609 quam

1135 2624 1394 2679 conjunctionis
1409 2623 1574 2676 copulam
1597 2621 1789 2660 addiderit.
1805 2619 1987 2658 Existimo
2003 2633 2088 2657 acu-

1133 2687 1242 2725 tiores
1261 2685 1458 2738 conjectare
1468 2697 1582 2736 posse,
1594 2691 1628 2720 et
1639 2680 1833 2735 praevidere
1844 2679 1934 2732 quid
1954 2679 2088 2719 dicturi

1134 2748 1401 2788 simus.Verum
1415 2745 1496 2796 quia
1518 2743 1627 2782 nostri
1644 2742 1755 2781 officii
1774 2751 1840 2790 est,
1855 2741 1917 2793 qui
1929 2755 2087 2780 commu-

1135 2823 1216 2848 nem
1240 2807 1408 2847 omnihus
1445 2805 1646 2844 doctrinam
1672 2802 1897 2855 proferimus,
1917 2802 2086 2840 omnibus

1134 2871 1241 2909 etiam
1256 2867 1440 2907 manifesta
1449 2866 1564 2904 facere
1575 2879 1654 2916 quae
1667 2878 1686 2901 a
1700 2863 1804 2902 nobis
1817 2863 2004 2913 dicuntur,
2022 2877 2088 2916 age

1133 2931 1323 2970 doceamus
1343 2943 1406 2967 vos
1425 2928 1526 2979 cujus
1548 2925 1661 2977 gratia
1680 2924 1730 2962 sic
1751 2923 1885 2962 dixerit
1901 2940 1913 2975 5
1932 2924 1995 2962 sed
2017 2938 2082 2977 pa-

1134 3005 1280 3044 rumper
1298 2989 1477 3028 sustinete.
1494 2987 1584 3025 Nam
1596 2993 1784 3038 postquam
1794 2985 1829 3023 in
1842 2985 2088 3038 superioribus

1134 3053 1251 3102 dictis,
1270 3051 1363 3091 sicut
1399 3060 1570 3086 memores
1607 3046 1705 3096 estis,
1737 3045 1923 3098 Scriptura
1961 3046 2085 3084 divina

1311 3113 1525 3149 Faciamus
1548 3107 1611 3146 illi
1638 3108 1855 3160 adjutorem
1875 3109 2088 3146 secundum

1135 3189 1221 3214 eum
1241 3191 1251 3210 .·
1269 3172 1390 3211 statim
1411 3169 1534 3208 docuit
1558 3182 1621 3206 nos
1636 3168 1844 3217 bestiarum,
1855 3177 1888 3206 et
1904 3168 2085 3220 reptilium

1136 3252 1169 3280 et
1193 3241 1381 3278 brutorum
1409 3234 1570 3273 omnium
1603 3234 1876 3282 formationem;
1899 3234 1947 3271 ait
1978 3233 2086 3278 enim,

1139 3311 1190 3348 Et
1197 3306 1391 3360 formavit
1408 3303 1514 3340 Deus
1526 3301 1654 3339 adhuc
1669 3301 1717 3338 de
1743 3309 1845 3338 terra
1867 3312 1997 3337 omnes
2025 3300 2088 3336 be-

1184 227 1343 258 uomit„
1384 226 1461 257 XV.

1086 1179 1111 1211 C

1089 1853 1114 1883 D

1085 2529 1110 2560 Ε

1124 3425 1134 3438 ‘²
1152 3411 1254 3446 Savil.
1274 3418 1307 3443 ck
1322 3407 1459 3442 Coislin.
1479 3412 1586 3450 βοηθὸς
1604 3412 1702 3448 Ξμοιος
1720 3410 1814 3448 sijup,
1832 3410 1893 3438 0⁴⁷1.
