2483 3791
686 158 726 187 lN
764 159 862 189 CAP.
903 160 949 189 ll.
989 157 1150 188 GENEs.
1191 158 1349 188 nomn„
1390 161 1485 189 ΧΙΥ.
2023 169 2103 210 127

56 242 191 280 πολλῶν
221 241 383 291 πολέμων
411 239 573 283 ὑπόθεσις
604 240 754 291 γίνεται.
777 240 874 288 υΥλη
902 240 972 294 γάρ
1001 241 1076 279 ἐστι
1148 254 1229 278 rum
1249 241 1312 291 qui
1332 240 1399 293 ipsi
1416 240 1628 281 deditisunt
1646 243 1809 281 animum
1829 256 2027 297 oppugnat.
2064 249 2105 285 ln

53 300 266 348 πλεονεξίας,
277 301 337 339 καὶ
346 300 494 351 κάμινον
509 300 673 353 &vot-twa
685 302 926 354 φιλαργυρίας,
938 303 1078 354 πολιορ-
1148 300 1398 353 spiritualibus
1415 311 1535 340 contra
1555 301 1652 341 hisce
1669 304 1832 356 pretiosis
1852 305 2033 357 lapidibus
2051 308 2106 345 ni-

53 367 107 400 κεῖ
126 360 189 408 τὴν
205 362 321 414 ψυχὴν
333 363 401 400 τῶν
422 362 589 400 ἁλόντων.
610 362 696 401 ’tint
707 363 741 400 δὲ
752 366 820 401 τῶν
832 365 1078 414 πνευματικῶν
1149 361 1201 400 hil
1221 361 1428 414 hujusmodi
1446 363 1689 413 metuendum,
1705 364 1765 402 sed
1786 365 1920 403 divitia·
1937 366 2018 403 hinc
2034 368 2105 404 col-

53 422 182 461 τούτων
193 423 252 461 καὶ
266 424 390 474 τιμίων
405 422 509 461 λίθων
528 423 624 463 οὐδέν
645 426 717 463 ἐστι
733 425 845 463 δεῖσαί
859 441 894 463 τι
909 427 1075 474 τοιοῦτον,
1148 422 1246 462 lectae
1269 423 1449 462 immensae
1465 434 1561 473 sunt,
1584 434 1617 463 et
1639 425 1805 479 voluptas
1830 426 2107 466 immarcescibi-

54 482 144 522 ἀλλὰ
162 484 220 522 καὶ
247 487 264 522 ὁ
284 486 430 529 πλοῦτος
446 488 464 523 ὁ
483 487 637 524 ἐντεῦθεν
658 486 910 538 συλλεγόμενος
930 487 1075 538 ἅφατος,
1148 484 1207 533 Ιίε,
1226 494 1260 523 et
1277 484 1383 536 longo
1397 485 1586 525 intervallo
1600 502 1771 540 superaus
1782 502 1924 526 omnem
1944 488 2107 527 lanitium

54 543 149 591 καὶὴ
169 545 273 592 ἡδονὴ
296 545 495 597 ἀμάραντος
510 576 519 593 ,
537 546 596 584 καὶ
612 548 651 584 ἐκ
671 549 801 585 πολλοῦ
823 551 882 586 τοῦ
903 546 1081 599 περιόντος
1147 544 1335 583 hominum
1369 560 1414 583 ex
1444 547 1659 599 supradictis
1687 558 1838 600 partam.
1869 550 1944 588 Hoc
1980 550 2106 588 audias

53 608 185 644 νικῶσα
205 612 321 644 πᾶσαν
337 606 400 653 τὴν
421 608 550 645 ἐκεῖθεν
566 607 843 660 προσγινομένην
856 614 927 651 τοῖς
946 606 1080 659 ἀνθρώ·
1147 606 1290 643 beatum
1308 607 1484 645 Davidem
1504 608 1680 647 dicentem
1698 626 1704 647 :
1729 612 2017 649 Desidet-abilin
2032 612 2105 650 elo·
2121 622 2210 649 J’snl.
2234 623 2280 653 ι3.

53 682 130 710 ποις
145 666 365 718 εὐφροσύνην,
379 667 448 706 Καὶ
464 671 564 707 τοῦτο
583 668 685 706 <imus
705 673 763 706 τοῦ
775 668 886 705 Ααυὶδ
901 666 1079 718 λέγοντος,
1148 666 1232 716 quia
1256 675 1314 703 tua
1344 681 1457 719 super
1476 683 1613 707 aurum
1641 679 1677 708 et
1699 671 1867 722 lapidem
1895 676 2106 724 pretiosum
2124 670 2172 691 ¹¹·

54 727 107 765 ὅτι
130 727 355 778 Ἔπιθυμητὰ
377 728 420 767 τὰ
441 728 541 778 λόγιοί
565 744 625 767 σου
641 727 727 778 ὑπὲρ
742 728 886 781 χρυσίον
905 727 966 766 καὶ
987 726 1080 765 λίθον
1103 740 1126 769 F,
1149 727 1327 764 multum.
1352 728 1482 767 Viden’
1503 744 1573 779 quo
1589 740 1706 781 ·pacto
1727 733 1912 770 materiam
1942 734 2105 772 omnium

55 788 169 838 τίμιον
189 787 307 826 πολύν.
328 786 436 840 Ὁρᾷς
449 791 523 831 πῶς
547 787 608 831 τὰς
624 787 839 840 τιμιωτέρας
855 787 1082 838 νομιζομένας
1149 786 1442 838 pretiosissimam
1462 789 1621 827 habitam
1652 791 1685 828 in
1712 792 1871 830 inedium
1891 793 2070 832 adducens
2091 826 2101 844 ,

54 850 123 886 τῶν
151 850 240 886 ὑλῶν
261 850 308 891 εἰς
335 848 440 898 με’σον
458 847 686 899 παραγαγὼν,
705 851 744 887 οὐ
773 848 877 899 μόνον
903 849 1014 900 ταύτῃ
1036 851 1080 900 τῇ
1149 860 1218 885 non
1241 846 1348 885 modo
1368 848 1428 886 tali
1451 851 1714 902 comparatione
1741 862 1928 891 contentus
1944 869 2012 893 non
2037 866 2101 904 est;

54 909 233 960 συγκρίσει
250 909 313 946 οὐκ
327 907 480 960 ἠρκέσθη
494 939 503 956 ,
525 908 615 946 ἀλλὰ
634 910 693 946 καὶ
711 909 907 962 προσέθηκε
919 939 929 956 ,
948 908 1078 955 Πολὺν,
1147 906 1209 945 scd
1223 907 1567 959 adjeeinMulcum,
1587 925 1658 961 quo
1671 912 1781 950 verbo
1796 913 1897 951 nobis
1917 916 1994 966 ejus
2010 931 2104 967 prze-

52 969 112 1008 καὶ
129 970 222 1008 ’τότε
258 970 320 1016 τὴν
361 971 514 1009 ἐντεῦθεν
553 973 637 1020 ἡμῖν
671 971 847 1023 ὑπεροχὴν
883 971 1079 1018 ἐδήλωσεν,
1147 970 1314 1006 stantiam
1346 969 1574 1009 declaravit?
1597 972 1716 1024 Super·
1734 988 1887 1021 aarum,
1916 975 2045 1027 inquit,
2068 987 2105 1016 ec

53 1029 164 1083 Ὑπὲρ
191 1030 346 1083 χρυσίον,
378 1031 484 1083 φησὶ,
515 1031 575 1070 καὶ
595 1032 690 1070 λίθον
723 1033 838 1083 τίμιον
861 1033 983 1071 πολύν,
1004 1035 1080 1072 Οὐχ
1148 1031 1318 1082 lapidem
1343 1035 1554 1084 pretiosum
1587 1035 1775 1073 multum:
1796 1049 1865 1074 non
1893 1037 1989 1087 quod
2010 1047 2105 1077 tanta

53 1091 171 1139 ἐπειδὴ
186 1096 346 1130 τοσοῦτον
362 1091 464 1143 μόνον
480 1092 572 1131 ἐστὶν
592 1093 793 1144 ἐπιθυμητὰ
807 1093 851 1132 τὰ
867 1096 940 1132 Οεῖα
956 1093 1077 1145 λόγια,
1147 1092 1264 1130 solum
1283 1093 1419 1131 ratione
1437 1093 1689 1134 desiderabilia
1717 1097 1787 1135 Sint
1805 1096 1928 1135 divina
1950 1099 2104 1150 eloquia,

52 1154 130 1190 ἀλλ’
143 1152 262 1199 ἐπειδὴ
281 1152 410 1195 ταύτας
425 1153 530 1203 μόνας
547 1158 560 1173 ⁰
575 1153 636 1196 τὰς
651 1153 735 1198 ὕλας
754 1154 851 1207 παρὰ
867 1161 937 1199 τοῖς
952 1154 1081 1209 ἀνθρώ·
1147 1153 1208 1191 sed
1223 1154 1306 1205 quia
1322 1155 1414 1193 solas
1428 1156 1532 1195 hasce
1546 1157 1711 1196 materias
1735 1158 1832 1211 apud
1853 1159 2014 1199 homines
2029 1162 2104 1200 sci—

53 1229 132 1256 ποις
152 1207 218 1251 εἶδε
239 1213 302 1260 τὴν
322 1213 493 1252 ἀνωτάτω
516 1215 701 1268 προεδρίαν
722 1215 886 1267 ἐχούσας,
904 1216 961 1255 διὰ
981 1221 1083 1255 τοῦτο
1148 1223 1201 1252 ret
1216 1215 1253 1252 in
1269 1230 1409 1254 summo
1427 1217 1550 1255 baberi
1570 1219 1685 1271 pretio
1700 1249 1709 1267 ‚
1743 1220 1800 1258 his
1820 1221 1854 1258 in
1870 1221 2027 1260 medium
2043 1223 2105 1261 ad-

51 1275 178 1318 ταύτας
203 1275 419 1327 παραγαγὼν
458 1277 505 1319 εἷς
534 1275 652 1326 μέσον,
684 1276 776 1314 οὕτω
808 1276 871 1323 τὴν
906 1277 1082 1331 ὑπεροχὴν
1148 1273 1265 1313 ductis
1279 1275 1328 1314 ita
1340 1278 1616 1329 praecellentiam
1636 1279 1824 1331 indicavit,
1840 1292 1872 1320 et
1885 1281 2104 1323 desiderium

51 1335 155 1378 ἔδειξε
168 1365 178 1383 ,
198 1338 257 1373 καὶ
275 1335 338 1381 τὴν
359 1336 548 1386 ἐπιθυμίαν
565 1340 634 1375 τῶν
657 1341 717 1375 τοῦ
738 1338 943 1389 Πνεύματος
956 1339 1082 1392 λογίων
1147 1335 1370 1386 eloquiorum
1401 1339 1559 1390 Spiritus
1578 1340 1824 1381 vehementius
1842 1357 1916 1381 esse
1933 1344 2038 1382 dixit.
2057 1345 2105 1384 Et

50 1396 282 1450 σφοδροτέραν
304 1390 424 1435 οὖσαν,
444 1397 517 1435 Καὶ
546 1398 602 1436 ἵνα
631 1398 786 1449 μάθητε,
808 1399 861 1437 ὅτι
890 1403 990 1438 τοῦτο
1009 1401 1083 1445 ἔθος
1149 1406 1189 1434 ut
1217 1397 1364 1437 discatis
1383 1399 1479 1438 hunc
1496 1416 1633 1455 semper
1653 1417 1726 1442 esse
1753 1418 1888 1443 morem
1910 1406 2104 1459 Scriptura:

51 1458 105 1496 ἀεὶ
123 1461 166 1510 τῇ
184 1458 257 1510 θείᾳ
278 1459 401 1511 Γραφῇ
422 1464 493 1501 τοῖς
519 1461 698 1506 αἰσθητοῖς
715 1460 957 1513 παραίάλλειν
983 1463 1080 1516 πρά-
1147 1455 1279 1496 divinae
1315 1461 1564 1512 spiritualibus
1598 1464 1704 1503 rebus
1733 1467 1891 1506 conferre
1918 1482 1996 1506 eam
2025 1483 2104 1520 quae

1089 1558 1137 1583 ¹⁰7
1149 1518 1230 1557 inde
1248 1530 1368 1559 manat
1383 1523 1591 1575 utilitatem,
1601 1526 1975 1579 etsicpraecellentiam
1989 1539 2102 1569 osten-

49 1579 325 1627 g’ffgaeixvuo-oa2,
347 1581 451 1618 ἄκουε
478 1581 538 1619 χαὶ
565 1585 634 1620 τῶν
659 1580 749 1628 ἑξῆς,
769 1583 953 1635 Ἔτι-ἤγαγε
972 1589 1054 1635 γοῦν
1070 1602 1077 1609 -
1100 1595 1126 1625 Α
1143 1579 1242 1630 dere,
1261 1581 1383 1621 audite
1407 1586 1587 1636 sequentia
1604 1589 1680 1626 :Et
1697 1589 1875 1628 dulciora
1897 1605 2011 1643 super
2025 1594 2102 1630 mel

49 1640 117 1680 Καὶ
136 1641 327 1695 γλυκύτερα
343 1641 430 1696 ὑπὲρ
452 1642 532 1693 μέλι
547 1642 606 1681 καὶ
623 1644 755 1696 κηρίον.
771 1645 839 1683 Καὶ
854 1647 1001 1685 ἐνταῦθα
1016 1650 1077 1686 οὐκ
1143 1651 1180 1680 CC
1196 1644 1347 1695 favum·
1366 1645 1414 1683 Εἰ
1431 1646 1491 1684 hic
1506 1662 1647 1700 quoque
1661 1664 1732 1688 non
1752 1651 1847 1702 quod
1870 1661 1967 1690 tanto
1983 1653 2099 1692 solum

48 1701 168 1748 ἐπειδὴ
197 1706 340 1741 τοσοῦτο
374 1702 477 1753 μόνον
507 1703 581 1741 ἐστὶ
601 1704 815 1757 γλυκύτερα,
846 1706 923 1744 οὐδὲ
956 1708 1075 1756 ἐπειδὴ
1143 1703 1305 1742 dulciora
1322 1705 1412 1755 sint,
1432 1721 1495 1745 nec
1525 1709 1623 1760 quod
1648 1719 1783 1749 tantam
1810 1714 1945 1764 possint
1976 1729 2099 1765 parere

47 1762 223 1809 τοσαύτην
243 1763 409 1817 παρέχειν
441 1764 584 1803 δύναται
604 1764 666 1811 τὴν
687 1765 828 1815 ἡδονὴν,
844 1768 920 1805 ἀλλ’
953 1769 1073 1816 ἐπειδὴ
1143 1766 1379 1818 voluptatem,
1398 1767 1460 1805 sed
1476 1769 1559 1819 quia
1572 1770 1664 1809 nihil
1674 1772 1799 1810 habuit
1814 1773 1850 1811 in
1866 1774 1973 1812 rebus
1988 1776 2098 1814 sensi-

36 1823 143 1862 ὀὖδὲν
163 1823 280 1877 ἕτερον
297 1819 388 1876 εἶχεν
406 1827 440 1863 ἐν
468 1831 537 1869 τοῖς
552 1828 729 1874 αἰσθητοῖς
747 1827 1012 1879 ειτιεοιροιὸοίλλειν
1030 1834 1074 1882 τῇ
1142 1825 1253 1875 libus,
1275 1827 1371 1878 quod
1391 1829 1548 1868 conferre
1568 1841 1683 1883 posset
1697 1834 1872 1886 voluptati
1888 1835 2098 1875 divinorum

48 1885 153 1936 ἡδονῇ
166 1888 234 1923 τῶν
255 1885 355 1923 θείων
367 1885 493 1936 λογίων
509 1902 516 1909 ·
532 1887 588 1925 διὰ
605 1892 706 1926 τοῦτο
722 1888 853 1926 τούτων
881 1890 1077 1940 μνημονεύ-
1142 1886 1364 1938 eloquiorum
1385 1905 1394 1927 ε
1414 1889 1548 1929 idcirco
1563 1892 1620 1930 his
1644 1896 1862 1945 memoratis,
1884 1896 1935 1934 sic
1951 1897 2096 1936 illorum

48 1960 109 1988 σας
122 1976 131 1992 ,
146 1945 236 1984 οὕτω
250 1946 356 1983 πάλιν
371 1945 432 1993 τὴν
453 1947 631 1999 ὑπεροχὴν
645 1948 752 1987 ἔδωκε
764 1979 774 1996 ,
789 1949 849 1987 καὶ
869 1949 931 1996 τὴν
948 1950 1074 1997 ἡδονὴν
1142 1947 1369 1987 eminentiam
1384 1950 1586 2005 descripsit,
1602 1968 1643 1992 ac
1653 1954 1861 1994 divinorum
1886 1957 2097 2010 dogmatum

45 2005 190 2044 πλείονα
208 2006 334 2058 ἔφησεν
364 2001 452 2045 εἶναι
471 2011 540 2045 τῶν
569 2011 813 2059 πνευματικῶν
835 2011 1072 2062 διδαγμάτων.
1141 2009 1361 2063 voluptatem
1389 2014 1558 2066 majorem
1581 2031 1656 2054 esse
1678 2017 1785 2056 dixit.
1813 2018 1952 2058 Eadem
1971 2036 2096 2060 norma

45 2068 108 2118 Τῷ
129 2069 223 2119 αὐτῷ
255 2067 374 2106 κανόνι
404 2069 560 2121 εὑρήσεις
589 2070 648 2108 καὶ
675 2071 733 2109 τὸν
766 2072 918 2124 Χριστὸν
945 2074 980 2110 ἐν
1002 2079 1073 2116 τοῖς
1138 2069 1300 2110 invenies
1321 2073 1549 2114 Christumin
1562 2078 1756 2129 evangeliis
1773 2094 1889 2120 usum.
1906 2083 1998 2120 Nam
2013 2097 2095 2122 cum

44 2127 254 2179 εὐαγγελίοις
274 2127 504 2181 κεχρημένον.
522 2129 612 2168 αΟτε
628 2130 696 2184 γὰρ
714 2137 786 2174 τοῖς
803 2135 976 2182 μαθηταῖς
997 2134 1070 2171 διε·
1137 2131 1325 2184 discipulis
1342 2134 1559 2186 loqueretur,
1584 2140 1811 2191 cupientibus
1827 2141 2094 2194 interpretatio-

42 2187 178 2238 λέγετο,
198 2188 257 2226 καὶ
273 2190 479 2239 ἐπιθυμοῦσι
500 2193 621 2240 μαθεῖν
638 2191 702 2238 τὴν
717 2192 906 2244 ἑρμηνείαν
923 2195 988 2239 τῆς
1000 2210 1070 2233 πα·
1136 2206 1218 2230 nem
1239 2192 1375 2232 discere
1394 2197 1574 2248 parabolae
1594 2200 1801 2240 seminantis
1821 2203 1957 2241 bonum
1975 2219 2093 2243 semen

43 2249 193 2299 ραὸολῆς
207 2253 266 2287 τοῦ
288 2249 493 2302 σπείραντος
507 2250 546 2289 τὸ
561 2252 666 2290 καλὸν
679 2253 823 2305 σπέρμα
836 2255 872 2291 ἐν
886 2257 936 2307 τῷ
952 2257 1068 2308 ἀγρῷ,
1135 2252 1172 2291 in
1191 2267 1277 2305 agro
1293 2268 1369 2304 suo,
1390 2265 1424 2294 et
1438 2257 1575 2297 inimici
1596 2260 1729 2299 zizania
1743 2262 1835 2301 inter
1853 2264 2012 2304 triticum
2032 2267 2090 2318 ja·

39 2309 99 2348 καὶ
119 2313 179 2347 τοῦ
197 2311 323 2362 ἐχθροῦ
344 2315 404 2350 τοῦ
436 2311 481 2350 τὰ
512 2311 647 2357 ζιζάνια
681 2313 860 2365 ἀναμέσον
879 2319 940 2353 τοῦ
971 2316 1067 2355 σίτου
1090 2332 1113 2362 Β
1135 2313 1274 2363 cientiS‚
1294 2314 1500 2356 minutatim
1521 2328 1631 2358 totam
1650 2322 1845 2375 explicavit
1863 2327 2088 2378 parabolam,

36 2368 341 2422 Ιἐ’πεμὸοιλόντος,
364 2372 456 2412 κατὰ
474 2373 578 2426 μέρος
606 2381 722 2414 πᾶσαν
745 2376 882 2415 διέλυσε
908 2376 972 2424 τὴν
992 2393 1067 2417 πα-
1133 2373 1255 2414 dicens
1275 2377 1354 2427 quis
1373 2378 1521 2418 fueritis
1530 2381 1739 2432 quibonum
1751 2399 1869 2424 semen
1882 2388 2085 2436 seminavit,

39 2431 206 2484 ραὸολὴν,
225 2432 332 2471 εἰπὼν
362 2433 414 2477 τίς
445 2428 487 2481 ἦν
518 2435 559 2473 τὸ
590 2436 696 2474 καλὸν
725 2437 869 2490 σπέρμα
902 2437 1067 2491 σπείρας,
1133 2436 1214 2487 quis
1233 2451 1331 2489 ager,
1346 2454 1424 2490 quae
1437 2440 1582 2490 zizania,
1602 2444 1686 2494 quis
1707 2460 1746 2483 ea
1765 2448 2006 2497 seminaverit,
2025 2450 2088 2500 qui

36 2493 96 2530 καὶ
119 2492 170 2537 τίς
186 2497 204 2531 ὁ
229 2494 354 2546 ἀγρὸς,
370 2495 429 2533 καὶ
459 2495 537 2533 τίνα
557 2496 632 2535 ἐστὶ
650 2497 695 2535 τὰ
722 2498 874 2546 ζιζάνια,
890 2500 951 2537 καὶ
968 2499 1020 2543 τίς
1048 2504 1066 2538 ὁ
1133 2512 1302 2537 messores
1322 2529 1333 2549 7
1355 2515 1433 2551 quse
1454 2503 1576 2540 messis
1598 2519 1606 2539 ε
1627 2513 1660 2542 et
1691 2516 1877 2557 postquam
1897 2509 2015 2547 omnia
2037 2510 2087 2547 eis

35 2557 147 2592 ταῦτα
173 2556 431 2608 κατασπείρας,
450 2557 510 2596 καὶ
524 2558 614 2602 τίνες
630 2561 661 2597 οἱ
681 2560 869 2614 θερίζοντες
880 2590 889 2606 ,
905 2562 964 2600 καὶ
980 2562 1031 2605 τίς
1047 2565 1065 2600 ὁ
1131 2559 1253 2611 palam
1273 2560 1425 2609 fecisset,
1441 2571 1524 2600 tunc
1541 2564 1590 2602 ait
1609 2580 1616 2600 :
1636 2566 1667 2603 J
1667 2570 1743 2604 usti
1748 2613 1755 2620 ι
1760 2569 1967 2620 fulgebunt
1986 2573 2086 2608 sicut
2100 2585 2214 2612 Manli.
2241 2585 2288 2614 13.

35 2615 213 2667 θερισμὸς,
241 2617 300 2655 καὶ
331 2618 388 2657 ὅτε
419 2619 536 2658 πάντα
564 2624 683 2673 σαφῶς
709 2624 825 2666 αὐτοῖς
852 2622 1062 2676 ἐξεκάλυψε,
1131 2622 1191 2658 sol
1222 2624 1264 2658 in
1283 2637 1400 2674 regno
1426 2625 1561 2662 Patris
1583 2639 1733 2664 eorum:
1751 2642 1817 2666 non
1845 2630 1942 2680 quod
1961 2645 2084 2682 parem
2100 2624 2151 2663 43·

33 2675 112 2714 τότε
130 2677 234 2729 φησίν
248 2694 256 2701 ·
271 2681 318 2718 Οἱ
335 2679 465 2718 δίκαιοι
484 2681 722 2734 ἐκλάμψουσιν
738 2686 784 2727 ὡς
804 2686 822 2722 ὁ
844 2684 942 2731 ἥλιος
961 2686 996 2722 ἐν
1017 2688 1061 2736 τῇ
1131 2690 1268 2720 tantum
1286 2683 1463 2734 fulgorem
1483 2684 1639 2723 habituri
1658 2687 1726 2725 sint
1732 2689 1835 2739 justi,
1855 2689 1918 2727 sed
1932 2693 2086 2731 ostendit

35 2737 197 2791 βασιλεία
223 2743 283 2777 τοῦ
316 2741 457 2793 Πατρὸς
485 2744 599 2781 αὐτῶν
615 2758 622 2766 ·
645 2744 708 2782 οὐκ
737 2744 858 2792 ἐπειδὴ
886 2747 1059 2795 τοσαύτην
1130 2742 1244 2781 multo
1259 2745 1428 2795 majorem
1444 2759 1518 2782 esse
1537 2761 1544 2781 ε
1569 2755 1706 2785 tantum
1727 2758 1845 2787 autem
1861 2750 1969 2801 dixit,
1986 2754 2086 2804 quod

33 2796 141 2847 μόνην
181 2798 245 2846 τὴν
287 2801 500 2852 λαμπηδόνα
537 2801 671 2847 ἕξουσιν
707 2808 739 2844 οἱ
778 2805 924 2854 δίκαιοι,
969 2807 1060 2847 ἀλλὰ
1128 2804 1317 2856 majorhac
1338 2805 1455 2856 imago
1475 2806 1511 2844 in
1531 2806 1735 2847 visibilibus
1750 2803 1895 2863 reperiri
1916 2827 1986 2851 non
2005 2829 2084 2867 pos-

31 2857 164 2903 δεικνὺς
181 2859 235 2898 ὅτι
248 2863 368 2914 πολλῷ
389 2862 529 2913 μείζονα
542 2879 550 2887 ·
570 2864 742 2912 τοσαύτην
760 2865 796 2904 δὲ
815 2859 922 2915 εἶπεν,
936 2867 1056 2915 ἐπειδὴ
1127 2875 1190 2905 set.
1213 2866 1426 2918 Cumigitur
1447 2867 1531 2918 quid
1546 2868 1662 2907 simile
1677 2870 1857 2921 audimus,
1878 2875 1966 2913 nein
1979 2876 2084 2915 dietis

48 1534 160 1570 γμασι
178 1519 240 1566 τὴν
257 1521 410 1558 ἐντεῦθεν
428 1520 611 1573 ὠφέλειαν,
630 1521 690 1560 καὶ
711 1520 802 1560 οὕτω
820 1521 884 1568 τὴν
904 1523 1078 1576 ὑπεροχὴν

31 2918 172 2968 μείζονα
195 2921 324 2968 ταύτης
339 2922 460 2984 Ξῖκόνα
475 2925 510 2961 ἐν
540 2930 612 2968 τοῖς
642 2925 831 2977 ὁρωμένοις
848 2928 912 2966 οὐκ
933 2931 975 2974 ἠν
996 2931 1049 2966 εὑ·
1126 2928 1439 2966 tantumsistamus
1450 2928 1615 2979 gradum,
1630 2931 1691 2969 sed
1700 2946 1745 2970 ex
1765 2934 1911 2986 ii5‚quae
1923 2937 1992 2975 sub
2005 2952 2084 2976 sen-

32 2983 114 3032 ρεῖν.
132 2981 298 3020 Ἐπειδὰν
321 2985 379 3021 οὖν
408 2999 443 3021 τι
473 2989 627 3024 τοιοῦτον
660 2987 879 3039 ἀκούσωμεν,
913 2989 961 3041 μὴ
993 2991 1054 3040 με’-
1079 2995 1103 3024 (¹-
1127 3004 1204 3028 sum
1225 2999 1258 3028 et
1280 2990 1346 3027 sub
1360 3000 1539 3042 aspectum
1560 2992 1705 3043 cadunt,
1727 2995 1970 3048 spiritualium
1996 3001 2084 3038 emi-

28 3055 89 3092 χρι
124 3045 193 3080 τῶν
226 3043 422 3094 λεγομένων
460 3046 758 3100 ἐναπομείνωμεν,
793 3050 886 3088 ἀλλὰ
926 3052 1054 3089 ἀναλο-
1127 3051 1283 3089 nentiam
1315 3052 1541 3089 aestimemus.
1571 3053 1871 3108 Quandoquidem
1897 3059 2008 3111 igitur
2026 3061 2084 3099 liic

29 3101 205 3154 γιζώμεθα
236 3106 305 3144 ἀπὸ
345 3109 414 3144 τῶν
447 3109 620 3157 αἰσθητῶν
657 3110 717 3148 καὶ
761 3111 949 3162 ὁρωμένων
986 3115 1055 3151 τῶν
1129 3113 1376 3152 vehementius
1397 3113 1616 3153 desiderium
1631 3115 1783 3156 inveniri
1803 3122 2082 3172 potest(divina

29 3168 272 3216 πνευματικῶν
302 3167 458 3218 μάλιστα
488 3169 551 3217 τὴν
580 3171 770 3224 ὑπεροχήν.
792 3174 836 3211 Εἰ
856 3173 970 3211 τοίνυν
998 3174 1057 3212 καὶ
1129 3174 1304 3225 siquidem
1330 3183 1411 3212 sunt
1441 3184 1474 3212 et
1501 3175 1700 3227 spiritualia
1725 3180 1879 3231 eloquia,
1902 3197 1980 3233 quae
2008 3199 2082 3221 ma-

70 3297 83 3312 e
101 3288 155 3320 Sic
168 3299 284 3322 omnes
300 3299 419 3333 praeter
437 3292 553 3325 Morel.
569 3295 627 3336 qui
639 3292 740 3326 habet
754 3301 807 3333 τὰς
820 3298 893 3333 ὕλας
908 3303 980 3333 τοῖς.
1122 3298 1138 3321 b
1156 3295 1217 3328 Alii
1234 3294 1483 3338 ἑπεμέάλιῖὸντος-
1498 3296 1590 3330 lufra
1607 3299 1743 3332 Coislin.
1762 3309 1835 3340 τίνες
1851 3308 1875 3337 οἱ
1894 3309 2080 3344 Onam-ng.

71 3351 84 3365 ἢ
102 3341 238 3375 Savilaet
253 3353 308 3375 sex
320 3343 589 3388 tiss-maedan
602 3353 640 3388 τῇ
654 3348 741 3389 ἡδονῇ
755 3356 812 3380 τῶν
827 3352 910 3382 θείων
924 3352 1039 3391 λογίων.
1076 3354 1123 3382 καὶ
1139 3353 1182 3386 τίς
1199 3353 1213 3382 ὁ
1232 3354 1294 3392 θερ-
