2433 3775
821 238 861 267 ΙΝ
900 238 1000 267 (ἶᾸΡ.
1038 238 1068 266 1.

176 325 241 363 κᾶν
259 323 391 361 ἔνδοθεν
411 322 594 369 τίκτηται,
610 320 745 374 ταχέως
761 319 844 358 αὐτὸ
860 319 1065 372 φυγαδεύειν
1079 322 1129 372 τῷ
1145 322 1196 358 εὐ-

176 385 272 423 esest
288 387 462 437 λογισμῷ,
485 384 545 422 καὶ
567 383 616 434 μὴ
642 382 837 432 νομίζωμεν
858 381 920 429 τὴν
940 381 1078 420 ἀσιτίαν
1096 379 1198 431 μόνον

174 446 237 494 τὴν
257 446 362 499 μέχρι
378 450 439 493 τῆς
458 445 606 497 ἑσπέρας
618 446 735 496 ἀρκεῖν
754 448 838 495 ἡμῖν
850 444 936 497 πρὸς
951 442 1138 495 σωτηρίαν.
1156 443 1198 480 Ei

174 508 243 559 γὰρ
262 507 440 551 Ἰουδαίοις
464 512 534 550 τοῖς
557 505 754 557 ἀγνώμοσιν
775 504 890 557 ἔλεγεν
921 508 938 543 ὁ
958 504 1198 556 φιλάνθρωπος

175 569 356 616 Δεσπότης
376 569 433 608 διὰ
449 573 508 607 τοῦ
524 567 703 622 προφήτου
716 583 723 590 ·
745 566 834 605 Ἰδοὺ
861 567 921 612 ἔτη
938 564 1180 615 ἑὸδομήκοντα
1191 580 1198 587 ·

177 630 225 680 μὴ
245 629 408 676 νηστείαν
439 627 691 675 νενηστεύκατέ
711 642 791 679 μοι;
811 627 881 666 Καὶ
901 626 958 665 ἐὰν
987 626 1120 677 φάγητε
1139 625 1198 663 καὶ

176 691 319 737 πίνητε,
336 693 401 742 οὐχ
419 692 518 742 ὑμεῖς
532 689 663 728 ἐσθίετε
677 689 736 727 καὶ
752 688 868 726 πίνετε
882 704 891 734 ;
910 686 1007 724 Τάδε
1023 685 1116 736 λέγει
1129 685 1200 723 Κύ-

179 767 249 804 ριος
270 751 538 804 παντοκράτωρ·
553 750 664 802 κρίμα
684 749 817 788 δίκαιον
843 747 1005 798 κρίνατε,
1026 746 1083 784 καὶ
1104 745 1197 784 ἔλεον

176 812 236 850 καὶ
259 811 436 864 οἰκτιρμὸν
462 816 591 848 ποιεῖτε
612 810 756 853 ἕκαστος
777 808 866 860 μετὰ
885 812 945 846 τοῦ
965 807 1113 853 πλησίον
1139 808 1200 844 αὐ-

1108 236 1268 267 Gumis.

2161 228 2215 288 ³7

1267 319 1303 357 id
1322 319 1441 358 statim
1463 328 1499 357 nt
1520 319 1742 371 superfluunt
1757 327 1788 356 ct
1802 320 2039 370 perniciosum}
2059 336 2219 360 ninoven-

1310 238 1466 266 Homul„
1509 238 1570 266 [V.

1268 395 1360 431 nnis,
1381 390 1413 418 et
1431 380 1459 419 si
1481 380 1690 418 intrinsecus
1707 389 1883 428 nascatur,
1906 380 2025 418 statim
2043 383 2097 433 pin
2119 384 2220 431 rogi-

1267 442 1398 480 tatione
1427 441 1517 479 illud
1548 443 1725 493 sugemus,
1749 450 1782 478 et
1805 456 1846 478 ne
1872 441 2115 479 existimemus
2149 443 2220 481 itu·-

1267 503 1363 541 diam
1382 503 1550 554 usquead
1568 517 1749 555 vesperam
1769 502 1816 540 ad
1832 502 1982 540 salutem
2005 503 2107 540 nobis
2120 505 2220 541 sussi-

1266 580 1355 603 cere.
1383 566 1471 602 Nam
1494 564 1521 602 si
1541 564 1715 617 perversis
1734 563 1867 603 Judaeis
1887 563 2029 602 dicebat
2047 564 2220 617 benignus

1267 627 1443 664 Dominus
1468 641 1530 678 per
1559 626 1767 678 proplietam
1790 641 1796 662 :
1818 627 1919 664 Ecce
1943 629 2039 663 anni
2069 635 2220 678 septua-
2233 637 2327 664 και-ὴ.
2346 638 2417 674 7.:'›.

1265 691 1374 738 ginta
1398 703 1408 723 :
1429 689 1617 738 numquid
1627 689 1873 738 jejunavistis
1891 689 1986 725 mihi
2000 690 2191 740 jejunium
2204 680 2261 726 96·
2279 687 2298 715 9
2332 687 2375 707 ¹⁰¹

1268 750 1319 785 Et
1340 751 1374 786 si
1392 749 1634 786 comederitis
1652 756 1687 785 et
1710 750 1895 794 biberitis,
1917 762 2045 786 nonne
2062 763 2134 787 vos
2153 764 2217 787 co—

1267 810 1419 846 meditis
1435 817 1471 846 et
1489 810 1644 846 bibitis?
1663 809 1759 845 chec
1778 809 1871 846 dicit
1889 810 2081 847 Dominus
2097 814 2219 848 omni-

175 878 257 920 τοῦ,
276 873 336 911 καὶ
356 872 484 924 χήραν,
513 871 573 909 καὶΔ
603 870 764 923 ὀρφανὸν,
798 869 858 907 καὶ
878 869 1110 920 προσήλυτον,
1140 868 1200 905 καὶ
1220 878 1245 908 Ε
1263 877 1399 920 potens
1419 884 1428 905 :
1450 870 1650 906 Judicium
1667 870 1816 920 justum
1842 870 2032 920 judicate,
2067 874 2218 909 miseri-
2232 884 2343 911 sudam
2376 882 2424 922 je-

175 932 310 979 πένητα
336 933 384 983 μὴ
413 930 777 976 “καταδυναστεύετε,
798 930 857 968 καὶ
890 929 1017 968 κακίαν
1056 928 1202 972 ἕκαστος

176 993 265 1043 μετὰ
289 997 349 1032 τοῦ
381 994 529 1045 ἀδελφοῦ
557 995 660 1031 αὐτοῦ
683 992 731 1042 μὴ
767 990 1031 1043 μνησικακείτω
1059 992 1092 1028 ἐν
1126 996 1203 1034 ταῖς

175 1053 335 1107 καρδίαις
353 1056 463 1105 ὑμῶν.
483 1055 525 1092 Εἰ
546 1052 659 1092 τοίνυν
689 1053 832 1096 ἐκείνοις
857 1058 928 1096 τοῖς
963 1051 1020 1089 ἐπὶ
1049 1055 1091 1103 τῇ
1121 1057 1204 1104 σκιᾷ

174 1114 486 1166 παρακαθημένοις
502 1145 511 1161 ,
538 1114 599 1152 καὶ
623 1116 674 1166 τῷ
699 1114 815 1166 σκότῳ
844 1116 908 1160 τ’ῆς
937 1113 1074 1159 πλάνης
1100 1128 1206 1164 προσ-

174 1175 388 1226 ηλωμένοις,
406 1175 502 1214 οὐδὲν
522 1176 642 1228 ὄφελος
663 1175 733 1213 ἀπὸ
753 1179 817 1222 τῆς
832 1175 994 1222 νηστείας
1014 1175 1122 1225 μόνης
1136 1174 1206 1227 ἐγί-

175 1251 273 1284 νετο,
292 1237 340 1287 μὴ
366 1241 477 1275 ταῦτα
502 1237 774 1289 κατωρθωκόσι,
795 1237 854 1274 καὶ
886 1236 949 1283 τὴν
982 1236 1108 1274 κακίαν
1141 1235 1204 1283 τὴν

176 1299 262 1349 πρὸς
287 1299 346 1336 τὸν
365 1299 514 1346 πλησίον
545 1302 584 1338 ἐκ
608 1301 671 1344 τῆς
702 1299 847 1350 καρδίας
879 1298 1076 1350 ἐξορίσασι,
1102 1298 1204 1337 ποίαν

176 1358 297 1409 ἕξομεν
319 1363 422 1410 ἡμεῖς
440 1359 630 1410 ἀπολογίαν
650 1361 681 1397 οἱ
700 1359 744 1397 τὰ
766 1359 906 1410 μείζονα
937 1359 1204 1411 ἀπαιτούμενοι,

175 1419 236 1456 καὶ
257 1421 295 1457 οὗ
328 1425 439 1458 ταῦτα
478 1420 580 1471 μόνον
615 1426 726 1458 ποιεῖν
762 1419 1001 1471 κελευόμενοι,
1022 1420 1112 1459 ἀλλὰ
1145 1420 1204 1459 καὶ

176 1478 320 1532 ἐχθροὺς
339 1482 492 1533 ἀγαπᾷν,
510 1481 570 1519 καὶ
589 1481 782 1533 εὐεργετεῖν
807 1482 1123 1534 προσταττόμενοι;
1145 1483 1204 1521 καὶ

175 1542 209 1579 τί
231 1541 345 1593 λέγω,
369 1543 580 1595 εὖεργετεῖν;
599 1541 761 1595 εὔχεσθαι
791 1542 855 1594 μὲν
878 1537 935 1581 οῧν
959 1542 1046 1595 ὑπὲρ
1076 1545 1202 1592 αὐτῶν,

174 1602 234 1639 καὶ
248 1602 306 1640 τὸν
321 1603 503 1651 Δεσπότην
525 1605 757 1657 παρακαλεῖν,
778 1603 838 1642 καὶ
862 1603 1026 1642 ἱκετεύειν
1061 1606 1108 1647 εἷς
1139 1604 1203 1652 τὴν

171 1664 262 1715 ὑπὲρ
281 1663 410 1703 τούτων
440 1665 804 1716 κηδεμονίαν;’]“ο’ὔτο
835 1664 903 1717 γὰρ
933 1668 1018 1716 ἡμῖν
1049 1665 1203 1716 μάλιστα

175 1725 316 1764 πάντων
332 1728 366 1764 ἐν
383 1725 497 1778 ἐκείνῃ
513 1730 557 1778 τῇ
578 1726 710 1779 φοὸερᾷ
729 1727 968 1779 προστήσεται
987 1727 1103 1779 ἡμέρᾳ
1115 1757 1124 1774 ,
1144 1727 1204 1766 καὶ

176 1787 316 1834 δαπάνη
338 1788 486 1840 μεγίστη
521 1788 621 1827 ἔσται
648 1791 718 1827 τῶν
738 1792 823 1839 ἡμῖν
850 1788 1123 1840 ἡμαρτημένων,
1144 1789 1203 1827 ἐὰν

174 1848 266 1886 οὕτω
283 1849 369 1901 πρὸς
382 1848 460 1892 τοὺς
475 1850 660 1901 ἐχθρωδῶς
678 1849 764 1902 πρὸς
784 1853 879 1900 ημᾶς
909 1849 1052 1901 ἔχοντας
1074 1850 1204 1888 διακεί-

178 1911 283 1958 μεθα.
305 1910 351 1947 Εἰ
364 1909 432 1961 γὰρ
444 1910 505 1948 καὶ
524 1910 615 1962 μέγα
632 1909 706 1948 ἐστὶ
723 1909 855 1962 σφόδρα
865 1910 904 1948 τὸ
920 1909 1116 1961 ἐπίταγμα,
1128 1912 1204 1949 ἀλλ’

176 1969 236 2007 ἐὰν
256 1969 296 2007 τὸ
307 1969 456 2009 ἔπαθλον
472 1971 636 2023 ἐννοήσῃς
651 1972 691 2010 τὸ
710 1971 868 2021 κείμενον
882 1977 953 2015 τοῖς
964 1975 1065 2010 τοῦτο
1080 1988 1204 2025 κατορ-

175 2035 306 2077 θοῦσιν,
326 2030 421 2069 οὐδὲν
440 2031 528 2076 ὅλως
549 2037 727 2083 φανεῖται,
749 2032 812 2070 κᾶν
831 2033 963 2084 σφόδρα
991 2033 1082 2085 μέγα
1102 2028 1139 2085 ᾗ.
1155 2033 1203 2071 Τί

176 2091 212 2129 δὲ
227 2091 328 2130 τοῦτο’
360 2094 470 2139 ἐστιν;
494 2091 580 2130 Ἐὰν
597 2097 698 2131 τοῦτο
723 2092 897 2140 ποιήσητε
913 2124 921 2140 ,
944 2093 1062 2145 φησὶν,
1088 2093 1203 2144 ὅμοιοι

176 2152 294 2191 ἔσεσθε
310 2153 450 2204 Πατρὸς
472 2156 581 2203 ὑμῶν,
608 2157 668 2192 τοῦ
698 2156 733 2192 ἐν
762 2159 832 2197 τοῖς
854 2155 1022 2206 οὐρανοῖς.
1042 2155 1111 2193 Καὶ
1144 2154 1201 2192 ἵνα

175 2211 390 2264 σαφέστερον
411 2216 495 2263 ἡμῖν
521 2213 580 2251 τὸν
607 2213 708 2264 λόγον
729 2213 880 2266 ποιήσῃ,
903 2214 1092 2267 ἐπήγαγεν,
1116 2215 1204 2253 “On

171 2273 232 2312 τὸν
247 2274 346 2320 ἥλιον
364 2276 468 2312 αὐτοῦ
484 2275 665 2314 ἀνατέλλει
682 2275 740 2314 ἐπὶ
759 2275 930 2329 πονηροὺς
954 2276 1013 2314 καὶ
1031 2276 1200 2327 ἀγαθοὺς,

173 2335 233 2373 καὶ
247 2335 366 2388 βρέχει
379 2336 438 2373 ἐπὶ
455 2335 608 2380 δικαίους
625 2336 686 2374 καὶ
706 2336 858 2382 ἀδίκους.
876 2339 982 2389 Μιμῇ
998 2337 1084 2391 γὰρ,
1100 2338 1202 2390 φησὶ,

162 2395 265 2446 ,κατὰ
295 2396 441 2448 δύναμιν
476 2397 697 2451 ἀνθρωπίνην
721 2398 778 2437 τὸν
800 2399 906 2438 Θεόν.
933 2399 1106 2453 Καθάπερ
1136 2398 1204 2452 γὰρ

173 2460 303 2501 ἐκεῖνος
324 2460 362 2496 οὐ
381 2457 528 2502 δικαίοις
549 2458 651 2510 μόνον
679 2460 738 2498 τὸν
769 2459 867 2506 ἥλιον
888 2459 1091 2510 ἀνατέλλει,
1112 2459 1203 2498 ἀλλὰ

175 2518 321 2562 καὶτοῖς
342 2517 386 2556 τὰ
413 2519 548 2571 πονηρὰ
579 2519 842 2572 ἐργαζομένοις,
863 2521 924 2559 καὶ
943 2521 1001 2560 τὸν
1025 2522 1122 2560 ὑετὸν
1142 2522 1203 2559 καὶ

173 2577 253 2622 τοὺς
271 2579 427 2626 ἐτησίους
446 2580 598 2633 ὄμὸρους
613 2583 651 2619 οὐ
669 2586 740 2625 τοῖς
759 2584 899 2634 ἀγαθοῖς
917 2582 1018 2634 μόνον
1038 2588 1202 2636 χορηγεῖ,

175 2639 265 2678 ἀλλὰ
284 2639 345 2678 καὶ
364 2647 435 2685 τοῖς
459 2647 639 2694 πονηροῖς·
660 2642 751 2681 οὕτω
780 2643 840 2682 καὶ
859 2643 900 2682 σὺ
912 2672 922 2690 ,
941 2643 999 2682 ἐὰν
1021 2643 1070 2694 μὴ
1098 2644 1200 2695 μόνον

173 2698 252 2744 τοὺς
277 2702 485 2752 ἀγαπῶντας
514 2705 671 2756 ἀγαπᾷς,
700 2704 791 2742 ἀλλὰ
823 2704 882 2742 καὶ
911 2703 990 2747 τοὺς
1017 2705 1202 2756 ἐχθρωδῶς

173 2761 259 2812 πρός
275 2777 313 2800 σε
329 2763 583 2814 διακειμένους,
601 2764 691 2803 κατὰ
711 2764 774 2812 τὴν
795 2764 939 2815 δύναμιν
969 2764 1032 2812 τὴν
1053 2765 1116 2812 σὴν
1141 2765 1200 2804 τὸν

171 2823 353 2870 Δεσπότην
371 2828 463 2877 μιμῇ
485 2825 544 2863 τὸν
568 2824 639 2864 σόν.
658 2820 758 2870 Εἶδες
780 2829 855 2870 πῶς
870 2829 918 2870 εἰς
937 2826 1000 2873 τὴν
1031 2827 1200 2865 ἀνωτάτω

173 2883 324 2935 κορυφὴν
352 2885 505 2938 ἀνήγαγε
536 2887 594 2926 τὸν
624 2886 754 2934 ταύτην
788 2891 977 2940 κατορθοῦν
1010 2887 1197 2938 δυνάμενον

173 2942 237 2990 τὴν
255 2945 400 2996 ἀρετήν,
423 2946 527 2984 Ἀλλὰ
549 2947 597 2998 μὴ
613 2948 653 2986 τὸ
673 2948 839 3001 δυσχερὲς
856 2949 958 2999 μόνον
986 2948 1092 2987 ἐννόει
1111 2953 1126 2969 ³
1139 2953 1200 2987 τοῦ

172 3004 391 3057 πράγματος,
408 3007 569 3059 ἀγαπητὲ
579 3039 589 3057 ,
601 3009 692 3047 ἀλλὰ
705 3009 873 3063 πρότερον
889 3009 1093 3061 ἀναλογίζου
1109 3009 1199 3047 κατὰ

174 3067 312 3114 σαυτὸν,
327 3067 410 3114 ὅσης
438 3067 576 3119 μέλλεις
597 3070 774 3114 ἀξιοῦσθαι
790 3074 852 3117 τῆς
871 3075 993 3122 τιμῆς·
1014 3071 1073 3109 καὶ
1096 3073 1118 3117 ἡ
1138 3073 1201 3116 τῆς

172 3130 277 3177 τιμῆς
296 3128 512 3175 ὑπόθεσιςτὸ
530 3130 618 3182 βαρὺ
639 3131 698 3169 καὶ
721 3132 883 3185 φορτικὸν
906 3131 1031 3184 κοῦφόν
1063 3145 1118 3169 σοι
1134 3147 1202 3169 κα-

172 3188 428 3232 τασκευαζέτω.
441 3191 493 3228 Οὐ
509 3189 577 3244 γὰρ
590 3191 737 3243 ὀφείλεις
749 3192 854 3244 χάριν
867 3191 993 3231 εἰδέναι
1004 3222 1014 3241 ,
1027 3191 1081 3230 ὅτι
1095 3194 1205 3245 ἀφορ-

176 3246 245 3296 μὴν
264 3249 434 3302 εὑρίσκεις
448 3251 506 3289 διὰ
522 3254 584 3298 τῆς
604 3254 652 3295 εἷς
670 3251 728 3290 τὸν
744 3253 869 3305 ἐχθρὸν
889 3253 1087 3305 εὐεργεσίας
1107 3253 1202 3291 ἀνοι-

219 3369 234 3393 d
252 3370 380 3411 [Bantia
395 3373 756 3416 sequimur.Edebatur
771 3380 1048 3416 καταδυναστεΰητε
1066 3385 1097 3409 ¹¹2
1114 3393 1191 3421 μνη·

180 3431 328 3460 τιιαιῆτξ.
351 3424 465 3456 Morel·
486 3429 724 3470 μνηπναιεῖτι]

1223 1394 1254 1418 30

1226 1431 1251 1460 A

1221 2891 1245 2922 C

1267 929 1442 967 cordiam
1458 938 1494 966 et
1509 931 1795 966 miserationem
1811 930 1938 980 saciat
1959 925 2421 983 1cnusquisquei⁰¹¹¹¹¹m'¹⁰¹¹

1270 1004 1357 1028 cum
1385 992 1563 1042 proximo
1597 1003 1665 1028 suo
1695 1005 1704 1025 :
1732 998 1768 1027 et
1803 991 1980 1035 viduam,
2014 999 2049 1028 et
2086 994 2224 1044 orpha-

1273 1066 1378 1098 num,
1403 1060 1439 1089 et
1466 1053 1674 1097 advenam,
1700 1060 1737 1089 et
1754 1065 1961 1104 pauperem
1991 1066 2068 1090 non
2095 1057 2224 1105 oppri-

1273 1115 1389 1151 matis
1408 1129 1417 1149 :
1435 1122 1471 1151 et
1491 1113 1638 1150 malum
1659 1114 1922 1164 unusquisque
1943 1122 2116 1151 vestrum
2135 1129 2226 1167 erga

2238 969 2373 1004 pinder-il
2383 987 2388 992 .

1260 1177 1437 1227 fratrem
1459 1188 1570 1213 suum
1600 1187 1678 1211 non
1706 1177 1848 1226 cogitet
1869 1176 1908 1210 in
1931 1175 2110 1213 cordibus
2129 1178 2221 1214 suis.

1273 1235 1311 1274 Si
1332 1235 1443 1287 igitur
1458 1235 1530 1273 illis
1543 1234 1654 1286 quiin
1674 1233 1802 1272 umbra
1829 1234 1999 1273 sedebant
2018 1245 2052 1274 et
2074 1236 2226 1274 tenebris

1271 1310 1432 1334 errorum
1453 1295 1555 1334 affixi
1575 1304 1688 1345 erant,
1705 1295 1797 1333 nihil
1817 1295 1981 1348 proderat
1996 1296 2111 1334 solnm
2129 1298 2226 1349 jeju-

1271 1357 1386 1404 nium,
1411 1371 1493 1396 cum
1525 1357 1601 1394 haec
1621 1356 1714 1395 bona
1744 1370 1849 1408 opera
1871 1370 1940 1395 non
1964 1357 2130 1405 facerent,
2154 1367 2186 1395 et
2210 1373 2227 1396 e

1272 1415 1376 1454 corde
1395 1416 1531 1453 malum
1555 1428 1636 1467 erga
1663 1414 1871 1467 proximum
1896 1428 1965 1451 non
1986 1414 2225 1463 eliminarent,

1269 1477 1410 1528 qualem
1430 1476 1590 1515 habituri
1611 1490 1675 1515 nos
1696 1489 1820 1514 sumus
1837 1475 2091 1525 defensionem,
2106 1490 2125 1513 a
2142 1476 2226 1527 qui-

1269 1538 1338 1576 bus
1358 1539 1493 1591 majora
1512 1538 1719 1589 exiguntur,
1740 1545 1774 1574 et
1792 1550 1861 1574 non
1883 1536 1998 1574 solum
2019 1537 2095 1575 hoec
2115 1538 2228 1575 facere

1265 1600 1451 1652 jubemur,
1471 1599 1533 1638 sed
1551 1608 1583 1637 et
1604 1599 1765 1637 inimicos
1793 1598 1958 1650 diligere,
1979 1607 2013 1636 et
2032 1612 2089 1637 eos
2108 1599 2226 1637 deme-

1271 1662 1368 1700 reri?
1383 1661 1470 1713 quid
1492 1661 1588 1711 dico,
1611 1660 1813 1699 demereri.o
1837 1660 1909 1698 imo
1934 1660 2040 1698 etiam
2059 1675 2123 1713 pro
2140 1660 2227 1713 ipsis
2241 1667 2312 1694 Luc.
2330 1665 2360 1694 6-
2379 1675 2428 1705 27-

1271 1724 1469 1762 Dominum
1483 1724 1635 1776 precari,
1654 1732 1687 1761 et
1702 1737 1803 1761 orare
1816 1731 1856 1760 ut
1869 1721 1994 1760 salutis
2010 1722 2154 1760 illorum
2168 1738 2228 1760 cn-

1272 1799 1348 1822 ram
1372 1786 1498 1837 gerat?
1519 1785 1595 1823 Hoc
1615 1785 1710 1822 enim
1739 1783 1842 1821 nobis
1873 1783 2098 1835 potissimum
2119 1784 2153 1821 in
2171 1784 2229 1822 die

1272 1847 1335 1883 illo
1351 1846 1505 1884 terribili
1519 1844 1817 1898 patrocinabitur,
1833 1853 1867 1881 et
1884 1843 2055 1881 redemtio
2071 1844 2228 1882 maxima

1273 1907 1339 1945 crit
1358 1915 1582 1959 peccatorum
1614 1914 1829 1955 nostrorum,
1853 1905 1882 1942 si
1904 1903 1955 1941 sic
1972 1905 2091 1942 affecti
2121 1905 2229 1942 sucri-

1272 1981 1352 2005 mus
1370 1967 1542 2005 adversus
1568 1965 1730 2003 inimicos
1751 1973 1900 2002 nostros.
1923 1965 2022 2002 Licet
2040 1966 2134 2002 enim
2155 1980 2228 2002 ina-

1273 2042 1383 2080 gnum
1404 2027 1448 2066 sit
1464 2037 1497 2065 et
1517 2026 1671 2064 arduum
1690 2034 1920 2077 praeceptum,
1938 2025 1966 2063 si
1989 2028 2106 2063 tamen
2138 2040 2228 2078 [ιι-ιε-

1274 2090 1388 2127 mium
1408 2089 1541 2139 cogites
1561 2086 1756 2139 repositum
1780 2095 1922 2123 strenue
1946 2086 1981 2123 id
2008 2087 2229 2137 exsequenti-

1272 2149 1338 2187 bus
1351 2180 1362 2199 ,
1400 2149 1492 2187 nihil
1526 2148 1670 2186 omnino
1705 2146 1910 2194 videbitur,
1947 2147 2086 2185 etiamsi
2125 2148 2230 2186 valde

1272 2211 1427 2249 arduum
1444 2211 1500 2249 sit.
1518 2209 1710 2258 Quodnam
1726 2217 1777 2245 est
1791 2208 1884 2246 hoc?
1899 2209 1939 2246 Si
1950 2209 2023 2246 hoc
2031 2210 2224 2261 feceritis,
2244 2221 2354 2248 alaim.
2385 2220 2415 2250 5.

1271 2272 1338 2322 ait,
1349 2272 1496 2310 similes
1506 2272 1612 2308 eritis
1623 2271 1738 2307 Patri
1750 2277 1895 2315 vestm,
1910 2271 1978 2320 qui
1990 2272 2031 2306 in
2044 2270 2148 2307 coelis
2159 2278 2226 2308 est.
2241 2260 2292 2298 45.

1272 2332 1320 2370 Et
1331 2341 1369 2370 ut
1384 2331 1605 2370 manifestius
1617 2330 1713 2367 bunc
1725 2343 1920 2367 sermonem
1943 2329 2043 2367 nobis
2061 2329 2227 2379 declaret,

1271 2392 1446 2443 subdidit,
1473 2394 1574 2443 Quia
1602 2391 1720 2430 solem
1744 2404 1857 2428 suum
1887 2392 1980 2428 oriri
1987 2392 2098 2443 facit
2117 2405 2230 2442 super

1271 2456 1396 2494 malos
1410 2463 1445 2493 et
1465 2456 1596 2502 bonos,
1619 2461 1655 2491 et
1673 2453 1774 2504 pluit
1795 2465 1909 2503 super·
1917 2454 2046 2504 justos
2065 2461 2099 2490 et
2117 2455 2226 2505 inju-

1271 2524 1362 2554 stos.
1376 2514 1533 2553 Imitaris
1548 2513 1658 2560 enim,
1676 2512 1806 2563 inquit,
1825 2526 1889 2563 pro
1906 2512 2072 2550 humanis
2088 2512 2227 2551 viribus

1271 2578 1399 2614 Deum.
1421 2577 1513 2613 Nam
1539 2574 1630 2612 sicut
1657 2573 1717 2610 ille
1739 2587 1808 2610 non
1834 2573 1950 2610 solum
1969 2573 2091 2624 justis,
2111 2573 2172 2611 sed
2194 2582 2228 2611 et

1269 2636 1313 2675 iis
1333 2637 1395 2688 qui
1414 2635 1506 2674 mala
1526 2642 1719 2686 operantur
1746 2633 1857 2671 solem
1872 2633 1957 2670 oriri
1977 2633 2075 2681 facit,
2094 2643 2128 2672 et
2143 2633 2227 2686 pln-

1269 2698 1367 2736 viam
1383 2705 1415 2735 et
1431 2696 1563 2734 imbres
1580 2707 1716 2732 annuos
1739 2707 1808 2730 non
1831 2692 1936 2730 bonis
1953 2693 2067 2732 solum
2087 2708 2224 2746 suppe-

1268 2759 1370 2808 ditat,
1383 2757 1490 2796 sedet
1507 2755 1679 2808 improbis
1697 2771 1704 2791 ι
1726 2755 1775 2792 sic
1791 2763 1824 2791 et
1840 2763 1893 2801 tu,
1909 2754 1937 2792 si
1955 2769 2023 2792 non
2041 2755 2223 2812 solum-di-
2272 2775 2426 2815 Quantum

1267 2820 1416 2872 ligentes
1430 2828 1464 2856 te
1479 2817 1619 2868 diligis,
1640 2815 1702 2853 sed
1716 2814 1823 2852 etiam
1847 2814 2022 2865 inimicos,
2043 2830 2107 2868 pro
2123 2817 2222 2855 virili
2239 2819 2347 2868 Porum
2390 2820 2426 2844 ⁵³¹

1269 2881 1465 2919 Dominum
1480 2889 1579 2916 tuum
1591 2876 1755 2914 imitaris.
1772 2875 1905 2915 Vidisti
1917 2878 2096 2927 quomodo
2113 2878 2148 2915 in
2165 2892 2223 2915 su-
2238 2869 2426 2929 [ffiffgssfum

1270 2957 1432 2996 premum
1447 2942 1585 2979 culmen
1598 2937 1725 2977 eduxit
1741 2952 1822 2975 eum
1833 2938 1894 2989 qui
1909 2938 2000 2976 hanc
2011 2940 2147 2991 operari
2163 2954 2224 2977 va—

1271 3005 1319 3043 let
1341 3002 1533 3042 virtutem?
1555 3003 1811 3040 Yerumtamen
1831 3013 1875 3037 ne
1892 2999 2142 3039 difficultatem
2175 3001 2224 3038 rci

1271 3067 1387 3106 solum
1402 3064 1548 3115 cogites,
1564 3061 1708 3109 dilecte,
1723 3061 1784 3098 sed
1800 3060 1902 3113 prius
1921 3071 2073 3113 supputa
2094 3071 2224 3109 tecum,

1273 3134 1405 3178 quanto
1419 3124 1554 3161 honore
1572 3119 1775 3171 dignandus
1792 3119 1860 3157 sis:
1876 3129 1908 3157 et
1926 3120 1999 3158 baec
2014 3120 2158 3158 honoris
2170 3135 2227 3158 oc-

1273 3187 1367 3227 casio
1379 3186 1456 3223 lcve
1472 3182 1536 3220 tibi
1552 3181 1659 3219 faciat
1675 3180 1854 3232 quidquid
1871 3195 1979 3231 grave
1992 3190 2043 3218 est
2058 3191 2089 3218 et
2105 3195 2227 3218 onero-

1277 3261 1367 3288 sum.
1391 3248 1515 3283 Annon
1538 3257 1604 3295 pro
1625 3241 1797 3280 beneficio
1817 3240 2037 3290 habendum,
2055 3242 2150 3292 quod
2170 3258 2230 3280 oc-

1270 3383 1281 3398 a
1300 3373 1421 3405 Omnes
1439 3368 1504 3400 scre
1522 3373 1573 3402 τοῦ
1590 3372 1780 3412 πράγματος.
1795 3365 1855 3398 Alii
1870 3372 1919 3399 τοῦ
1938 3371 2176 3411 προετάχιιιτῡς.
