2516 3791
623 237 699 266 -ΙΝ
738 237 841 266 CAP.
881 235 961 266 XV.

81 323 198 375 μίζετο
232 320 409 373 λαφύρων.
448 311 548 362 Εἶδες
575 321 634 356 τοῦ
654 318 787 356 δικαίου
809 318 848 356 τὸ
874 317 1030 369 φιλόθεον
1050 315 1108 352 διὰ

79 392 218 430 πάντων
241 388 461 440 δεικνύμενον
474 418 484 436 ,
500 387 560 426 καὶ
578 389 653 430 πῶς
667 387 765 440 παρὰ
781 386 843 438 μὲν
859 390 920 424 τοῦ
937 384 1108 437 βασιλέως

80 459 246 510 Σοδόμων
266 458 335 496 ἀπὸ
359 456 530 509 σπαρτίου
553 457 616 500 ἕως
647 459 890 508 σφαιρωτῆρος
910 455 1030 493 λαὸεἱν
1046 455 1108 492 οὐκ

79 526 266 580 ἠνέσχετο,
287 526 331 565 τὰ
352 525 387 565 δὲ
405 529 464 564 τοῦ
488 526 709 578 Μελχισεδὲκ
725 524 999 579 προσενεχθέντα
1019 523 1107 561 ἔλα-

79 597 156 642 ὅεν,
174 595 364 640 ἀντιδιδοὺς
383 595 443 633 καὶ
478 594 524 633 τὰ
554 597 638 646 παρ’
659 597 801 639 ἑαυτοῦ,
820 594 993 632 διδάσκων
1013 595 1108 642 ἡμᾶς

78 666 210 713 πολλὴν
231 665 293 713 τὴν
313 664 486 717 διάκρισιν
506 663 786 709 ἐπιδείκνυσθαι,
816 661 875 699 καὶ
907 660 956 712 μὴ
987 660 1108 702 ἁπλῶς

81 735 140 774 καὶ
165 736 275 778 ἀδεῶς
294 734 390 785 παρὰ
409 733 549 770 πάντων
569 731 749 783 δέχεσθαι,
765 728 914 775 Ἐπειδὴ
929 728 996 780 γὰρ
1015 730 1106 766 ἐκεῖ·

79 820 134 848 νος
152 804 232 856 περὶ
253 803 315 855 μὲν
342 802 405 850 τὴν
430 801 523 840 δόσιν
543 800 731 853 εὐγνώμων
749 798 908 851 γέγονεν,
929 797 963 835 ἕν
985 797 1021 835 δὲ
1037 801 1108 838 τοῖς

80 874 196 916 ἄλλοις
217 872 361 914 ἄπιστος
376 870 564 922 {to-(spots,
584 869 644 907 καὶ
665 870 797 914 πολλῆς
816 868 926 905 ἐδεῖτο
940 866 1107 904 διδασκα-

78 942 175 986 λίας·
207 940 263 979 διὰ
298 943 400 978 τοῦτο
435 938 574 978 ἐκείνων
610 938 671 989 μὲν
715 937 893 988 ὑπερεῖδε,
921 942 1036 974 πᾶσαν
1072 935 1107 974 δὲ

80 1009 232 1057 σπουδὴν
265 1009 456 1056 ἐποιήσατο
470 1037 479 1054 ,
494 1009 554 1046 καὶ
574 1007 618 1045 δι’
638 1001 686 1045 ὧν
708 1006 829 1045 λαὸεῖν
849 1005 1083 1058 παρῃτήσατο
1096 1034 1106 1052 ,

79 1081 139 1120 καὶ
158 1081 201 1118 δι’
220 1074 268 1118 ὧν
285 1078 445 1130 διελέχθη
457 1108 467 1125 ,
488 1077 573 1131 πρὸς
593 1076 789 1116 θεοσέίῗειαν
808 1076 910 1114 αὐτὸν
935 1089 1107 1127 χειραγω-

79 1155 198 1203 γῆσαι.
218 1149 323 1202 Παρὰ
350 1149 384 1188 δὲ
403 1153 462 1187 τοῦ
492 1147 714 1200 Μελχισεδὲκ
744 1146 884 1189 εἰκότως
913 1144 1107 1195 λαμὲοίνει·

81 1220 138 1259 διὰ
154 1219 222 1273 γὰρ
239 1223 341 1257 τοῦτο
359 1217 606 1267 ἐπεσημήνατο
621 1220 643 1263 ἡ
665 1215 739 1254 θεία
762 1214 884 1267 Γραφὴ
907 1217 966 1252 τοῦ
988 1213 1108 1265 Ιἀνδρὸς

82 1288 144 1336 τὴν
163 1287 290 1340 ἀρετὴν
307 1286 457 1338 λέγουσα
471 1301 478 1309 ·
497 1279 566 1323 Ἦν
584 1285 619 1322 δὲ
638 1283 748 1337 ἱερεὺς
762 1287 820 1322 τοῦ
834 1286 926 1323 Θεοῦ
943 1287 1002 1321 τοῦ
1023 1282 1107 1334 ὑψί-

82 1371 176 1395 στου.
195 1355 326 1399 Ἀλλως
353 1355 388 1394 δὲ
415 1355 476 1393 καὶ
499 1354 604 1397 τύπος
623 1348 664 1401 ἦν
683 1353 727 1391 τὰ
744 1352 910 1404 γινόμενα
936 1355 996 1390 τοῦ
1017 1353 1108 1404 Χρι-

81 1430 163 1464 στοῦ
178 1455 189 1473 ,
217 1425 276 1463 καὶ
301 1424 388 1462 αὐτὰ
422 1423 458 1462 δὲ
491 1423 535 1461 τὰ
571 1423 847 1475 προσενεχθέντα
867 1420 1056 1474 μυστήριόν
1075 1437 1109 1459 τι

80 1495 296 1547 προεμήνυε·
318 1494 361 1531 δι’
381 1493 398 1532 ὃ
418 1493 476 1531 καὶ
496 1492 719 1547 προσήκατο,
738 1491 797 1530 καὶ
817 1490 937 1530 λαὸὼν
951 1493 1108 1536 κάκεῖνος

82 1564 138 1602 διὰ
157 1567 218 1611 τῆς
234 1565 317 1616 παρ’
337 1566 458 1601 ἑαυτοῦ
490 1564 641 1613 ἀμοιὸἧς
669 1566 731 1609 τῆς
748 1561 876 1606 οἰκείας
891 1565 1017 1614 ἀρετῆς
1037 1560 1107 1599 ἐδί-

82 1635 186 1672 δασκε
204 1633 243 1671 τὸ
259 1632 411 1684 μέγεθος.
435 1632 594 1680 Δεκάτην
609 1632 676 1684 γὰρ
697 1634 792 1684 αὐτῷ
809 1633 937 1669 δέδωκε
949 1661 958 1679 ,
974 1630 1032 1668 τὸν
1049 1646 1106 1683 φι-

80 1702 196 1741 λόθεον
221 1703 326 1740 αὐτοῦ
355 1701 484 1740 σκοπὸν
503 1703 688 1740 κάντεῦθεν
714 1700 907 1753 ἐμφαίνων.
927 1700 1035 1753 Τάχα
1064 1703 1113 1746 εἷς
1133 1711 1157 1741 C

81 1772 168 1811 πολὺ
184 1775 297 1823 μῆκος
316 1775 401 1821 ἡμῖν
417 1774 435 1809 ὁ
457 1770 559 1822 λόγος
575 1771 737 1818 ἐξετάθη,
751 1771 828 1807 ἀλλ’
845 1772 882 1807 οὗ
902 1769 1017 1819 μάτην
1033 1769 1110 1807 οὐδὲ

82 1843 171 1893 εἰκῇ.
193 1841 379 1891 Ἔγνωμεν
409 1839 471 1890 μὲν
503 1840 571 1891 γὰρ
602 1839 686 1878 ί’διὰ
707 1838 868 1891 βραχέων
896 1838 959 1885 τὴν
980 1838 1109 1876 ἄνωθεν

82 1911 141 1950 καὶ
168 1911 202 1955 ἐξ
237 1914 349 1963 ἀρχῆς
380 1910 486 1963 μέχρι
505 1913 574 1947 τῶν
596 1909 747 1961 σήμερον
768 1908 1005 1961 προκειμένιι)ν
1024 1911 1110 1958 ἡμῖν

81 1985 141 2020 τοῦ
159 1982 293 2020 δικαίου
316 1981 377 2028 τὴν
395 1980 570 2032 ἀνδρείαν,
591 1979 655 2027 τὴν
678 1978 954 2031 μεγαλοψυχίαν,
973 1977 1036 2024 τὴν
1055 1976 1111 2014 πί-

81 2067 156 2089 στιν
176 2050 239 2097 τὴν
262 2049 562 2102 ὓπερὸάλλουσαν,
580 2047 643 2094 τὴν
665 2047 849 2100 φιλόσοφον
874 2046 1031 2098 γνώμην,
1049 2048 1113 2092 τῆς

82 2117 397 2172 ταπεινοφροσύνης
443 2118 483 2156 τὸ
527 2116 690 2168 μέγεθος,
726 2118 790 2162 τῆς
820 2117 889 2154 τῶν
917 2115 1111 2168 χρημάτων

81 2189 271 2242 ὑπεροψίας
299 2187 361 2235 τὴν
392 2186 690 2240 ὑπερὸολὴν,τ’ἧς
720 2185 817 2237 παρὰ
847 2189 906 2223 τοῦ
937 2188 1030 2224 Θεοῦ
1065 2186 1113 2227 εἷς

82 2262 183 2300 αὐτὸν
202 2260 334 2304 εὐνοίας
364 2259 427 2306 τὴν
450 2259 592 2305 διηνεκῆ
619 2257 784 2309 πρόνοιαν
800 2272 808 2280 ·
842 2256 901 2295 καὶ
929 2255 1022 2300 ὅπως
1054 2255 1111 2295 διὰ

81 2331 220 2369 πάντων
234 2327 526 2381 περιφανέστερον
547 2326 607 2364 καὶ
633 2325 875 2377 λαμπρότερον
899 2324 1031 2363 ἐδείκνυ
1051 2325 1109 2364 τὸν

83 2400 214 2438 δίκαιον
247 2403 269 2446 ἧ
303 2399 379 2436 καθ’
407 2398 554 2436 ἕκαστον
575 2395 696 2449 καιρὸν
723 2398 772 2439 εἷς
806 2395 907 2434 αὐτὸν
928 2395 1111 2447 ἀντίληψις

80 2470 258 2521 γινομένη.
275 2470 366 2506 Ἀλλ’
389 2469 418 2505 εἷ
439 2466 603 2519 βούλεσθε
617 2466 677 2504 καὶ
694 2465 742 2517 μὴ
765 2465 986 2516 ἀπεκάμετε,
1007 2465 1110 2517 ἁψώ-

83 2543 171 2589 μεθα
202 2538 261 2577 καὶ
290 2539 359 2575 τῶν
380 2536 578 2589 πρόσφατον
600 2535 892 2586 ἀνεγνωσμένων,
919 2534 979 2573 καὶ
1011 2535 1111 2587 ὀλίγα

81 2607 286 2660 προσθέντες
301 2605 584 2656 καταπαύσωμεν
599 2605 658 2643 τὸν
678 2603 779 2655 λόγον
791 2635 800 2653 ,
821 2603 878 2642 ἵνα
896 2604 1031 2655 μάθητε
1049 2603 1112 2642 πό-

83 2693 146 2725 σης
176 2677 282 2716 πάλιν
321 2675 476 2720 ἀξιοῦται
515 2674 667 2724 ἀμοιὸἧς
700 2672 759 2711 διὰ
782 2674 822 2712 τὸ
851 2674 1023 2726 ὑπεριδεῖν
1042 2675 1110 2710 τῶν

83 2746 181 2799 παρὰ
207 2751 267 2785 τοῦ
303 2744 473 2796 βασιλέως
502 2742 670 2794 Σοδόμων
704 2745 797 2796 αὐτῷ
831 2742 1034 2793 δεδομένων.
1064 2741 1112 2780 Τί

83 2816 149 2869 γάρ
168 2830 270 2867 φησι;
298 2813 402 2852 Μετὰ
428 2813 464 2850 δὲ
494 2812 538 2850 τὰ
562 2812 704 2865 ῥήματα
719 2816 829 2851 ταῦτα
845 2811 990 2864 ἐγενήθη
1013 2813 1110 2863 ῥῆμα

83 2885 212 2936 Κυρίου
242 2882 328 2935 πρὸς
359 2881 510 2935 Ἄδραμ.
543 2881 646 2925 Τίνος
680 2881 793 2919 ἕνεκεν
828 2880 936 2924 οὕτως
963 2879 1110 2933 ἤρξατο,

83 2953 184 2991 Μετὰ
201 2952 236 2991 δὲ
256 2951 300 2990 τὰ
323 2950 464 3003 ῥήματα
480 2954 612 2998 ταῦτα,
631 2955 716 2989 ποῖα
736 2950 897 3002 ῥήματα,
919 2948 995 2987 εἰπέ
1026 2965 1109 2999 μοι;

82 3022 104 3069 ἢ
133 3023 236 3069 δ’ἧλον
255 3021 308 3059 ὅτι
341 3021 431 3072 ἅπερ
459 3020 544 3071 πρὸς
574 3020 631 3058 τὸν
668 3019 814 3071 βασιλέα
848 3021 916 3056 τῶν
941 3019 1107 3070 Σοδόμων

83 3094 297 3140 ἐποιήσατο,
331 3091 434 3131 Μετὰ
463 3090 526 3138 τὴν
563 3091 772 3144 ὑπεροψίαν,
805 3092 926 3143 φησὶν,
954 3091 1108 3139 ἐκείνην,

85 3163 174 3214 μετὰ
191 3163 231 3200 τὸ
253 3161 504 3201 ἀποσείσασθαι
524 3161 568 3199 τὰ
588 3162 671 3212 παρ’
693 3162 796 3198 αὐτοῦ
815 3159 978 3211 διδόμενα
991 3191 1001 3209 ,
1020 3161 1110 3212 μετὰ

84 3232 145 3279 τὴν
163 3230 402 3277 διδασκαλίαν,
417 3231 457 3276 ἢν
474 3230 529 3268 διὰ
547 3232 607 3275 τ’ἧς
629 3231 697 3266 τῶν
714 3228 904 3279 δεδομένων
923 3230 1019 3282 αὐτῷ
1038 3245 1108 3268 πα-

999 232 1083 262 GEN
1092 230 1160 261 Es.

1202 230 1360 262 uomit..
1401 232 1561 262 xxxvi.
2045 220 2138 278 425

1183 316 1306 362 tuas),
1326 313 1484 352 decimas
1501 313 1533 351 ei
1550 311 1650 351 dedit
1667 311 1712 350 de
1730 311 1896 350 omnibus
1915 314 2040 365 spoliis
2061 330 2139 365 qua.-

1181 374 1358 412 attulerat.
1383 374 1518 414 Vidisti
1544 382 1711 424 quantam
1737 373 1906 425 pictatem
1930 383 1963 411 et
1989 373 2137 426 religio-

1182 448 1261 472 nem
1279 435 1314 472 iu
1332 434 1499 472 omnihus
1517 448 1589 486 prae
1603 448 1640 472 se
1661 434 1749 472 serat
1762 434 1892 486 justus.
1911 443 1944 472 et
1960 434 2140 485 quomodo

1181 508 1200 530 a
1222 508 1302 544 rege
1321 495 1558 533 Sodomorum
1576 509 1595 532 a
1612 494 1771 532 funiculo
1787 509 1898 545 usque
1911 494 1956 533 ad
1976 494 2139 547 sphaero—

1182 564 1291 592 tcrcm
1307 557 1467 608 accipere
1479 556 1569 594 nihil
1585 556 1712 604 voluit,
1725 557 1862 608 acecpit
1873 565 1991 594 autem
2007 570 2045 594 ca
2061 570 2140 606 qua:

1181 630 1201 652 a
1228 616 1466 654 Melchisedec
1490 626 1573 654 sunt
1597 617 1728 665 oblata,
1754 617 1955 655 retribuens
1981 626 2015 654 et
2041 631 2103 655 sua
2122 616 2140 653 Ξ)

1182 676 1315 725 quilius
1347 676 1517 713 nimirum
1535 690 1598 713 nos
1613 675 1749 724 docuit,
1763 678 1968 715 habendum
1984 677 2141 728 aliquem

1182 735 1375 785 delectum,
1401 744 1436 773 et
1454 749 1523 773 non
1544 736 1676 787 passim
1693 736 1739 774 ab
1753 738 1920 776 omnihus
1938 738 2030 776 dona
2049 739 2141 776 acci—

1183 796 1325 848 pienda.
1340 797 1431 834 Nam
1450 795 1615 847 quamvis
1635 796 1820 834 Sodomita
1836 798 1897 836 ille
1912 799 2031 836 oblato
2047 799 2142 837 dono

1183 856 1273 907 grati
1290 857 1400 894 animi
1416 856 1515 908 signa
1536 855 1649 906 daret,
1667 866 1742 895 crat
1764 866 1878 895 tamen
1901 858 2059 908 alioquin
2080 859 2139 896 in-

1183 917 1369 969 credulus,
1394 927 1428 956 et
1447 917 1670 956 institutione
1689 918 1802 956 multa
1822 918 2006 970 indigebat
2027 935 2035 955 :
2059 934 2142 971 pro-

1183 978 1266 1016 inde
1285 979 1489 1031 patriarcha
1509 978 1601 1017 dona
1627 978 1773 1030 quidem
1800 979 1980 1032 despexit,
2001 994 2142 1018 omnem

1183 1049 1302 1078 autem
1325 1055 1446 1078 curam
1473 1039 1654 1089 adhibuit,
1676 1049 1708 1078 et
1727 1055 1792 1093 per
1813 1055 1852 1078 ca
1879 1055 1956 1091 qua:
1983 1041 2142 1093 accipere

1184 1101 1376 1151 recusavit,
1398 1111 1431 1139 et
1452 1116 1515 1154 per
1534 1115 1574 1140 ea
1594 1115 1671 1152 quae
1690 1101 1798 1150 dixit,
1817 1110 1855 1139 ut
1876 1102 1979 1139 illum
1997 1102 2040 1139 ad
2062 1102 2139 1154 pie—

1183 1171 1290 1200 tatem
1315 1162 1513 1201 induceret.
1539 1164 1566 1200 A
1592 1161 1832 1200 Melchisedec
1858 1171 1976 1200 autem
1995 1163 2076 1214 jure
2101 1177 2141 1201 ac

1183 1224 1310 1262 merito
1325 1225 1460 1277 accepit
1479 1241 1486 1262 :
1509 1224 1579 1264 viri
1595 1224 1690 1262 enim
1706 1224 1876 1262 virtutem
1895 1223 2019 1262 divina
2039 1224 2141 1263 Scri-

1183 1293 1288 1336 ptura
1309 1284 1497 1335 indicavit,
1519 1285 1640 1323 dicens
1660 1300 1667 1321 :
1693 1285 1795 1322 Erat
1813 1294 1943 1322 autem
1961 1286 2141 1324 sacerdos

1183 1346 1260 1383 Dei
1282 1346 1480 1384 altissimi.
1502 1345 1600 1384 Alias
1625 1345 1731 1383 etiam
1750 1359 1828 1396 quae
1855 1345 1987 1383 fiebant
2008 1345 2140 1383 Christi

1184 1415 1293 1458 typus
1312 1416 1427 1457 crant,
1448 1415 1481 1444 et
1501 1406 1576 1459 ipsa
1595 1407 1714 1445 oblata
1731 1408 1941 1459 mysterium
1958 1406 2140 1458 quoddam

2189 1352 2345 1381 Melchise-

2155 1395 2208 1422 dvc
2257 1397 2347 1422 sacri-

2156 1436 2252 1463 ficium
2273 1437 2347 1471 figu-
2367 1455 2371 1458 -

1183 1467 1451 1519 praesignahant
1480 1483 1488 1504 :
1520 1467 1670 1518 ideoque
1700 1482 1769 1506 non
1803 1469 1935 1518 renuit,
1966 1477 2072 1519 atque
2102 1477 2184 1506 ntra
2201 1478 2324 1504 cinisii.

1183 1528 1340 1580 accepit,
1364 1528 1524 1568 vicissim
1550 1528 1655 1566 illum
1680 1529 1962 1579 remunerando,
1991 1528 2142 1567 docebat

1183 1589 1329 1627 virtutis
1359 1603 1432 1627 suae
1464 1589 1763 1640 magnitudinem.
1794 1590 1960 1628 Dccimas
1991 1590 2084 1627 enim
2110 1590 2142 1628 ci

1183 1648 1294 1699 dedit,
1315 1649 1423 1687 etiam
1441 1649 1510 1687 hac
1527 1649 1663 1688 ratione
1680 1650 1778 1703 piam
1798 1664 1899 1688 suam
1919 1659 2072 1689 mentem
2093 1651 2141 1689 si-

1183 1711 1368 1763 gnificans.
1384 1711 1547 1749 Fortasse
1558 1710 1701 1761 longius
1710 1711 1869 1749 excurrit
1882 1712 1994 1749 oratio
2009 1720 2142 1760 nostra;

1183 1771 1281 1822 atqui
1303 1785 1372 1808 non
1393 1771 1469 1809 sine
1485 1785 1590 1809 causa
1606 1786 1719 1822 neque
1739 1772 1884 1810 frustra.
1905 1772 2031 1810 Paucis
2046 1773 2141 1810 enim

1181 1831 1378 1869 didicimus
1399 1832 1444 1869 ab
1467 1831 1569 1869 initio
1589 1845 1703 1882 usque
1721 1831 1767 1869 ad
1788 1831 1999 1870 hodiernam
2020 1833 2141 1871 lectio-

1182 1906 1275 1941 ncm,
1297 1906 1374 1942 quae
1393 1892 1502 1930 fucrit
1520 1892 1607 1944 justi
1627 1892 1734 1945 hujus
1751 1893 1938 1941 tortitudo,
1957 1894 2142 1945 magnani-

1182 1953 1302 2002 mitas,
1334 1953 1510 1991 excellens
1544 1952 1646 2001 fides,
1675 1967 1774 1991 mens
1805 1954 1950 2006 optimis
1984 1955 2143 1993 moribus

1183 2013 1347 2066 praedita,
1369 2014 1522 2065 insignis
1541 2013 1729 2063 modestia,
1750 2014 1977 2053 admirabilis
1993 2016 2143 2054 divitia-

1186 2091 1266 2114 rum
1283 2085 1500 2124 contemtus,
1520 2076 1652 2114 divinae
1676 2089 1760 2127 erga
1777 2090 1859 2114 eum
1886 2076 2142 2115 benevolentiae

1182 2145 1352 2188 perpetua
1369 2137 1596 2188 providentia
1614 2152 1623 2184 ;
1640 2145 1674 2174 et
1688 2150 1758 2186 quo
1774 2146 1878 2188 pacto
1895 2137 2062 2175 divinum
2076 2138 2143 2190 ipsi

1182 2197 1333 2248 siugulis
1346 2197 1569 2249 temporibus
1580 2197 1770 2249 praebitum
1785 2197 2038 2249 patrocinium,
2052 2212 2143 2248 quo·

1183 2257 1270 2295 tidie
1301 2258 1488 2296 clariorem
1524 2271 1606 2295 eum
1645 2266 1679 2295 et
1708 2256 1942 2296 illustriorem
1972 2258 2142 2297 reddidit.

1182 2320 1287 2357 Nunc
1307 2327 1424 2356 autem
1447 2318 1478 2356 si
1503 2317 1706 2366 volueritis,
1732 2327 1766 2356 et
1792 2331 1860 2356 non
1887 2318 2143 2370 defatigcmini,

1182 2379 1229 2418 ad
1245 2394 1285 2418 ea
1301 2394 1379 2431 quae
1396 2394 1518 2418 recens
1532 2379 1623 2417 lecta
1635 2388 1719 2416 sunt
1734 2379 1958 2427 accedamus,
1971 2389 2006 2417 et
2018 2380 2144 2432 paucis

1183 2441 1402 2492 quibusdam
1430 2440 1636 2493 propositis,
1667 2440 1896 2478 absolvamus
1921 2455 2142 2490 sermone1n3

1183 2513 1222 2541 ut
1241 2503 1389 2542 discatis
1407 2512 1539 2554 quanta
1565 2502 1683 2540 denuo
1703 2503 1734 2540 ei
1757 2502 1973 2555 rependatur
1994 2517 2140 2552 merces,

1183 2579 1222 2602 eo
1238 2564 1335 2616 quod
1353 2564 1578 2603 contemserit
1594 2563 1686 2601 dona
1701 2563 1770 2601 sihi
1792 2578 1811 2601 a
1832 2563 2071 2602 Sodomoritm
2086 2578 2141 2602 re-

1183 2640 1225 2677 ge
1240 2625 1374 2664 oblata.
1396 2624 1497 2672 Quid
1517 2624 1612 2662 enim
1632 2624 1779 2675 inquit?
1801 2627 1835 2661 1.
1853 2626 1949 2662 Post
1970 2626 2052 2662 Izoec
2072 2639 2140 2663 au-
2160 2634 2235 2674 Cap.
2253 2636 2299 2664 ιδ.

1183 2696 1259 2725 tem
1294 2689 1415 2724 verba
1437 2688 1589 2738 sactum
1625 2693 1680 2722 est
1709 2686 1869 2722 verbum
1899 2686 2062 2721 Domini
2090 2687 2144 2723 ad

1183 2748 1348 2786 Abram.
1379 2748 1497 2794 Quare
1525 2746 1576 2784 sic
1602 2745 1748 2797 incipit,
1778 2747 1873 2783 Post
1903 2747 1984 2783 haec
2011 2754 2142 2784 autem

1183 2813 1306 2848 verba
1323 2815 1340 2847 Ρ
1358 2823 1437 2861 quae
1459 2808 1581 2857 verba,
1601 2821 1719 2858 quaeso
1734 2807 1751 2844 ἶ)
1771 2821 1858 2844 num
1880 2806 2016 2845 indicat
2032 2807 2140 2846 verba

1183 2886 1262 2923 quae
1275 2885 1355 2910 cum
1373 2870 1612 2909 Sodomorum
1627 2882 1708 2919 rege
1720 2867 1874 2906 habuit?
1889 2868 1972 2906 Post
1989 2877 2141 2906 contem-

1183 2942 1261 2971 tum
1277 2933 1394 2983 illum,
1418 2931 1546 2982 inquit,
1569 2938 1758 2981 postquam
1779 2943 1818 2967 ea
1836 2943 1914 2980 quae
1931 2929 1976 2967 ab
1993 2929 2140 2967 illo-ob-

1182 2994 1252 3032 lata
1269 3003 1350 3032 sunt
1366 2992 1511 3045 repulit,
1529 2999 1606 3043 post
1619 2989 1820 3028 doctrinam
1837 2990 1951 3037 illam,
1965 3005 2072 3041 quam
2088 3004 2137 3027 rc-

1177 3054 1282 3106 jectis
1301 3053 1404 3092 donis
1425 3050 1685 3105 pronuntiavit,
1709 3059 1747 3088 ut
1768 3051 1892 3103 pietati
1912 3060 1946 3088 ct
1965 3051 2138 3102 agnitioni

1183 3115 1385 3153 Conditoris
1411 3112 1572 3151 omnium
1593 3111 1697 3149 illum
1723 3111 1900 3161 initiaret,
1933 3114 2029 3150 Post
2058 3114 2139 3149 lzoec

1183 3186 1315 3214 autem
1338 3177 1476 3220 verba,
1506 3182 1695 3225 postquam
1718 3172 1875 3212 decimas
1899 3173 2139 3211 Melchisedec

1183 3238 1326 3286 obtulit,
1350 3234 1506 3287 quando,
1530 3233 1656 3284 inquit,
1675 3233 1794 3272 onmia
1816 3249 1893 3285 quae
1918 3249 1961 3272 cx
1983 3248 2019 3271 sc
2041 3243 2139 3271 crant

87 3300 276 3351 ραιτήσεως
301 3299 510 3345 ἐποιήσατο,
529 3300 614 3350 πρὸς
639 3298 834 3337 θεοσέὸειαν
864 3298 967 3336 αὐτὸν
991 3315 1109 3351 χειρα-
1134 3307 1157 3337 E
1185 3298 1360 3350 implevit,
1374 3307 1458 3335 tunc
1473 3297 1565 3334 Post
1580 3297 1661 3333 hoec
1680 3296 1800 3333 verba
1813 3297 1964 3346 fuctum
1981 3304 2034 3333 est
2053 3309 2137 3331 ver-

133 3418 141 3430 ·
167 3406 244 3447 {sm
257 3404 287 3436 ῑΙ,
301 3403 395 3437 addit
410 3407 548 3441 {aimu-
564 3407 647 3436 (jum
665 3402 961 3436 Monitconscutit
978 3403 1096 3444 Coisl]
