2516 3791
751 167 793 196 IN
829 168 929 197 CAP.
970 169 1064 197 xxt.
1105 167 1267 197 Gli-Mis.
1308 167 1463 211 nonin.
1505 168 1626 198 xlxi.

154 254 299 298 ζῶντος,
332 243 419 288 Eira
451 248 584 287 ἀκούων
620 250 780 289 κάκείνου
818 251 881 297 τὴν
913 251 1047 298 πολλὴν
1070 267 1183 303 μεγα-

154 308 434 363 λοῤῥημοούνην,
457 310 516 348 καὶ
547 312 614 348 τῶν
635 311 723 362 μετὰ
752 315 810 349 τοῦ
836 311 954 350 Σαοὺλ
986 312 1184 364 ἀφιγμένων

154 372 218 419 τὴν
239 371 370 424 ἄφατον
403 372 549 418 δειλίαν,
569 373 654 425 φησί
671 390 677 398 ·
698 374 732 412 τί
752 374 850 413 ἔσται
868 376 918 426 τῷ
938 374 1110 427 ἀνθρώπῳ
1135 377 1184 425 τῷ

154 433 274 472 τούτου
290 433 353 480 τὴν
374 435 529 487 κεφαλὴν
552 435 777 486 ἐκτέμνοντι;
798 436 867 475 Καὶ
890 435 1026 483 πολλὴν
1043 438 1105 482 τῆς
1119 439 1183 488 ψυ-

154 497 220 547 χῆς
252 494 316 541 τὴν
336 496 494 548 ἀνδρείαν
515 496 648 535 ἐδείκνυ
677 497 734 537 διὰ
759 501 827 536 τῶν
859 498 1025 551 ῥημάτων
1053 497 1186 541 πάντας

156 559 203 600 εἷς
223 555 390 603 ἔκπληξιν
414 557 568 608 ἀγαγών.
604 559 730 597 Ταῦτα
756 558 856 611 γνοὺς
887 563 905 598 6
937 558 1054 598 Σαοὺλ
1077 574 1185 609 μετα-

154 618 335 668 πέμπεται
362 618 420 657 τὸν
452 618 527 657 νέον
555 619 612 658 τὸν
645 622 708 666 τ’ἧς
740 621 973 671 ποιμαντικῆς
1002 618 1107 657 πλέον
1135 620 1187 656 εἶ-

156 678 239 716 δότα
267 679 381 727 οὐδὲν,
403 679 461 717 καὶ
485 679 566 718 ἰδὼν
587 681 690 718 αὐτοῦ
711 680 774 728 τὴν
803 679 943 727 ἡλικίαν
963 678 1186 724 ἐξευτέλισεν.

154 733 243 778 Εἶτα
276 740 398 791 μαθὼν
429 743 511 792 παρ’
543 742 673 787 αὐτοῦ,
708 740 801 785 ὅπως
831 747 902 784 τοῖς
931 740 1069 792 ἄρκτοις
1107 739 1186 777 ἐκέ-

155 816 266 852 χρητο
281 830 290 847 ,
311 800 415 847 ἡνίκα
432 801 586 853 ἐπῄεσαν
604 807 674 845 τοῖς
689 801 880 853 ποιμνίοις·
903 800 1108 853 ἠναγκάσθη
1122 801 1188 853 γὰρ

155 865 267 899 ταῦτα
287 861 522 912 διηγήσασθαι
541 865 559 900 6
579 862 771 913 θαυμάσιος
800 857 917 908 οὗτος,
937 863 974 900 οὐ
1004 861 1188 908 κενοδοξῆ-

155 938 215 960 σαι
245 921 476 973 βουλόμενος,
502 923 580 961 ἀλλ’
610 925 657 966 εἷς
687 922 843 975 ἀνάγκην
870 922 1067 971 καταστὰς,
1098 923 1188 961 ὥστε

153 982 276 1036 ἐκείνῳ
293 982 418 1036 θάρσος
441 985 609 1031 ἐνθεῖναι,
638 985 698 1023 καὶ
730 985 778 1036 μὴ
804 986 889 1038 πρὸς
924 985 986 1032 τὴν
1014 984 1188 1023 εὐτέλειαν

155 1049 214 1084 τοῦ
241 1045 449 1097 φαινομένου
487 1047 590 1092 ἰδεῖν,
625 1047 716 1085 ἀλλὰ
757 1047 843 1100 πρὸς
884 1047 948 1094 τὴν
979 1046 1096 1085 πίστιν
1125 1050 1188 1094 τὴν

156 1107 288 1146 ἔνδοθεν
310 1107 570 1160 κρυπτομένην,
590 1107 650 1146 καὶ
676 1107 739 1154 τὴν
775 1108 981 1161 συμμαχίαι,Ι
1009 1107 1073 1155 τὴν
1094 1108 1188 1146 ἄνω-

156 1171 227 1215 θεν,
256 1169 299 1207 δι’
328 1169 371 1215 ἢν
401 1172 420 1207 6
449 1168 523 1212 νέος
542 1171 612 1207 τῶν
644 1170 777 1222 ἀνδρῶν
802 1164 844 1217 ἦν
865 1169 1110 1222 ἰσχυρότερος,
1130 1169 1188 1207 καὶ

158 1233 176 1268 6
204 1229 333 1273 ἄοπλος
352 1232 422 1268 τῶν
440 1230 687 1281 ὡπλισμένων,
709 1230 769 1268 καὶ
794 1232 812 1268 6
837 1229 972 1281 ποιμὴν
997 1232 1065 1267 τῶν
1087 1246 1190 1282 στρα-

157 1294 310 1330 τιωτῶν·
335 1284 410 1329 εἶτα
449 1291 529 1330 ἰδὼν
557 1293 662 1330 αὐτοῦ
690 1291 730 1330 τὸ
749 1290 993 1344 ι’παράστημα
1013 1294 1074 1338 τῆς
1093 1290 1189 1343 γνώ-

158 1368 226 1402 μης
249 1355 266 1390 ὁ
287 1352 470 1404 βασιλεὺς,
489 1352 533 1390 τὰ
562 1354 673 1390 οἰκεῖα
702 1351 796 1391 ὅπλα
820 1352 948 1394 ἐνδύειν
970 1352 1071 1391 αὐτὸν
1089 1352 1190 1391 ἐδού-

155 1415 253 1452 λετο·
280 1417 298 1452 6
332 1412 366 1451 δὲ
406 1416 517 1451 ταῦτα
546 1412 770 1466 περιθέμενος
800 1414 878 1453 οὐδὲ
914 1415 1066 1465 ἐνεγκεῖν
1102 1414 1190 1452 αὐτὰ

156 1474 291 1527 ἴσχυσε.
317 1476 433 1514 Τοῦτο
462 1474 498 1514 δὲ
522 1474 673 1528 ἐγίνετο,
691 1474 748 1513 ἵνα
775 1475 890 1527 γυμνὴ
921 1476 1041 1528 δειχθῇ
1077 1478 1097 1523 ἡ
1127 1479 1188 1514 τοῦ

157 1537 249 1575 Θεοῦ
276 1535 439 1587 δύναμις,
469 1540 491 1584 ἡ
526 1537 569 1576 δι’
595 1538 700 1576 αὐτοῦ
721 1538 933 1589 ἐνεργοῦσα,
958 1536 1016 1575 καὶ
1048 1535 1097 1587 μὴ
1118 1542 1189 1581 τοῖς

157 1598 276 1641 ὅπλοις
293 1597 501 1650 λογίσωνται
518 1598 562 1637 τὰ
582 1597 761 1650 γινόμενα.
786 1597 933 1646 Ἐπειδὴ
954 1598 1021 1651 γὰρ
1044 1598 1133 1650 μετὰ
1150 1599 1189 1638 τὸ

158 1658 365 1698 ἐνδύσασθαι
391 1663 502 1698 ταῦτα
527 1659 720 1712 ἐχ(ι’)λευεν,
757 1659 906 1698 ἀπέθετο
932 1660 976 1698 τὰ
995 1659 1106 1707 ὅπλα,
1129 1660 1188 1699 καὶ

157 1719 220 1767 τὴν
236 1719 340 1758 κάδον
365 1719 428 1768 τὴν
457 1721 693 1771 ποιμαντικὴν
717 1720 836 1759 λαὸὼν
853 1720 912 1759 καὶ
941 1720 1002 1765 τὰς
1038 1721 1186 1773 βώλους,

156 1780 264 1825 οὕτως
291 1782 349 1820 ἐπὶ
377 1782 433 1820 τὸν
465 1782 626 1834 σάρκινον
649 1784 779 1821 ἐκεῖνον
814 1782 944 1835 πύργον
970 1781 1074 1835 ἐξῄει.
1096 1783 1187 1821 Ἀλλ’

155 1841 219 1895 δ’ρα
247 1843 353 1880 πάλιν
373 1843 432 1881 καὶ
461 1844 519 1882 τὸν
554 1843 748 1895 ἀλλόφυλον
774 1844 859 1896 πρὸς
893 1844 932 1883 τὸ
963 1844 1096 1888 εὐτελὲς
1127 1847 1189 1891 τῆς

154 1903 293 1950 ἡλικίας
312 1895 469 1956 ὁρῶν-τα,
490 1905 549 1942 καὶ
581 1907 734 1944 ἐντεῦθεν
773 1905 1026 1950 ἐξευτελίζοντα
1055 1906 1113 1945 τὸν
1135 1905 1188 1944 δί-

155 1980 266 2011 καιον,
286 1965 345 2002 καὶ
366 1965 524 2018 καθάπερ
545 1965 685 2004 παιδίου
703 1968 861 2010 εὐτελοῦς
884 1965 1187 2018 κατεξανιστάμε-

155 2041 210 2063 νον
235 2026 291 2064 διὰ
309 2028 377 2064 τῶν
400 2027 580 2081 ῥημάτων.
609 2027 756 2076 Ἐπειδὴ
782 2028 850 2082 γὰρ
871 2023 957 2068 εἶδεν
980 2030 1082 2068 αὐτὸν
1100 2030 1188 2081 μετὰ

155 2089 241 2132 (τῆς
257 2087 363 2126 κάδου
394 2090 457 2133 τῆς
491 2092 727 2140 ποιμαντικῆς
754 2091 809 2128 ἐπ’
832 2090 935 2129 αὐτὸν
957 2091 1185 2143 ὁρμήσαντα,

154 2148 213 2186 καὶ
240 2148 301 2192 τὰς
322 2148 454 2200 βώλους
475 2150 581 2200 μόνας
608 2150 872 2203 ἐπιφερόμενον,
893 2152 1080 2205 μονονουχὶ
1099 2153 1186 2205 πρὸς

154 2210 257 2248 αὐτὸν
285 2210 422 2261 ἔλεγεν·
442 2212 605 2263 ἐνόμισας
629 2212 671 2251 σὺ
693 2213 800 2251 πάλιν
823 2214 1014 2265 προὸάτοις
1033 2216 1185 2267 ἐφεστά-

153 2287 229 2319 ναι,
244 2271 302 2309 καὶ
322 2276 426 2316 κύνας
447 2272 543 2317 τινὰς
561 2272 752 2322 ἐκδιώκειν,
765 2274 824 2312 καὶ
843 2274 900 2312 διὰ
915 2279 1017 2314 τοῦτο
1029 2277 1186 2328 καθάπερ

153 2332 240 2370 κύνα
270 2333 346 2371 τινὰ
367 2332 535 2383 ἐλαύνων,
557 2333 648 2373 οὕτω
670 2334 761 2386 μετὰ
788 2338 856 2374 τῶν
876 2336 1031 2390 ὁργάνων
1047 2336 1186 2376 ἐκείνων

154 2394 212 2431 ἐπὶ
239 2393 303 2441 τὴν
320 2393 407 2446 πρὸς
435 2394 497 2445 ἐμὲ
529 2394 649 2447 μάχην
669 2397 864 2448 ὥρμησας,
885 2397 966 2450 ἄρτι
987 2414 1026 2436 σε
1045 2402 1066 2446 ἡ
1084 2406 1188 2452 πεῖρα

154 2455 306 2502 διδάξει,
322 2457 368 2500 ὡς
388 2457 425 2494 οὗ
442 2456 528 2509 πρὸς
547 2456 605 2494 τὸν
623 2457 777 2509 τυχόντα
806 2473 861 2496 σοι
879 2461 898 2497 6
916 2458 1080 2511 πόλεμος.
1118 2460 1188 2499 Καὶ

152 2519 266 2570 πολλῇ
286 2521 330 2570 τῇ
349 2519 685 2572 μεγαλορῥημοσύνῃ
706 2519 928 2572 χρησάμενος
954 2521 1101 2560 ἔσπευδε
1128 2523 1186 2562 καὶ

153 2578 338 2631 ἠπείγετο,
363 2579 423 2618 καὶ
456 2580 518 2628 τὴν
542 2581 757 2634 παντευχίαν
791 2581 917 2629 ἐκίνει,
944 2582 1068 2622 καὶτὰ
1095 2584 1186 2624 ὅπλα

153 2639 330 2685 ἐξέτεινεν.
354 2640 445 2680 Ἀλλ’
467 2644 484 2679 ὁ
505 2641 568 2692 μὲν
588 2645 632 2695 τῇ
660 2642 804 2694 δυνάμει
823 2646 892 2681 τῶν
919 2643 1036 2683 ὅπλων
1064 2661 1187 2686 πεποι-

153 2701 220 2745 θὼς
238 2701 371 2748 ἥπτετο
386 2704 447 2749 τῆς
463 2702 581 2755 μάχης
593 2719 600 2726 ·
621 2707 638 2742 6
655 2703 690 2742 δὲ
702 2735 712 2753 ,
733 2707 776 2756 τῇ
797 2704 913 2744 πίστει
929 2705 988 2743 καὶ
1003 2708 1046 2758 τῇ
1059 2707 1187 2747 ἄνωθεν

153 2763 342 2816 συμμαχίᾳ
365 2765 570 2817 συμφράξας
600 2765 735 2804 ἑαυτόν.
765 2767 835 2805 Καὶ
854 2767 1023 2821 πρότερον
1040 2769 1097 2808 διὰ
1117 2774 1186 2809 τῶν

154 2824 321 2876 ῥημάτων
357 2828 418 2863 τοῦ
456 2825 652 2878 ἀλλοφύλου
686 2827 726 2866 τὸ
754 2827 922 2881 φρύαγμα
948 2831 1185 2883 κατενεγκὼν,

153 2885 212 2923 καὶ
232 2885 339 2924 εἰπὼν
362 2886 447 2938 πρὸς
468 2886 588 2925 αὐτόν’
613 2887 654 2926 σὺ
676 2888 737 2939 μὲν
757 2889 843 2943 ἔρχῃ
866 2891 952 2943 πρός
972 2908 1015 2943 με
1035 2894 1069 2930 ἐν
1089 2893 1185 2946 ὅπλῳ

153 2946 212 2985 καὶ
232 2947 372 2999 δόρατι,
387 2947 447 2986 καὶ
466 2951 509 3000 τῇ
530 2949 749 3001 οἰκείᾳῖσχύϊ
761 2952 910 3002 νομίζεις
922 2953 1163 3005 περιγενέσθαι
1179 2972 1185 2977 ·

153 3008 223 3059 ἐγὼ
243 3008 280 3047 δὲ
300 3010 335 3046 ἐν
354 3008 501 3060 ὀνόματ’.
529 3009 658 3061 Κυρίου
677 3015 737 3048 τοῦ
766 3014 872 3051 Θεοῦ.
894 3013 964 3052 Καὶ
989 3018 1102 3053 ταῦτα
1133 3018 1185 3053 εἷ-

153 3069 244 3119 πὼν,
267 3070 326 3109 καὶ
346 3071 551 3122 ἀνελόμενος
584 3070 626 3109 ἐκ
648 3074 711 3118 τῆς
745 3073 851 3112 κάδου
884 3077 946 3122 τ’ῆς
978 3079 1186 3127 ποιμενικῆς

156 3131 237 3181 μίαν
274 3133 409 3183 βῶλον,
430 3132 588 3186 καθάπερ
607 3133 714 3177 ὄντως
734 3134 821 3172 κύνα
840 3135 918 3173 τινὰ
939 3137 1076 3186 μέλλων
1096 3141 1186 3177 ἀπε-

167 3265 169 3268 “
202 3257 218 3280 ¹'
237 3261 431 3301 Παράστημα
444 3264 496 3294 τῆς
508 3264 644 3299 γνώμης,
665 3255 962 3300 nnimiflduciam.
978 3267 1171 3305 Παράατημα

158 3319 220 3339 vox
239 3316 287 3339 est
316 3319 382 3340 non
410 3309 455 3340 ita
482 3308 665 3351 frequentis
695 3320 768 3341 usus
793 3321 865 3352 quae
888 3310 1052 3354 signifieat
1078 3314 1174 3344 whar-

159 3361 276 3400 (mimi,
297 3358 362 3393 site
381 3362 617 3393 constantiam.
638 3371 691 3393 scu
712 3362 810 3393 etiam
831 3362 1020 3397 andaciam.

2123 161 2180 220 πα,
2194 164 2211 205 3

1257 250 1344 289 inias
1363 260 1394 288 et
1428 251 1690 304 arrogantiam,
1731 262 1762 290 et
1786 253 1920 292 videret
1943 255 2209 307 trepidationem

1257 328 1377 352 eorum
1392 313 1453 364 qui
1465 313 1642 352 euinSaiil
1657 323 1770 364 erant,
1784 315 1918 367 inquit:
1933 317 2031 364 Quid
2043 318 2107 356 erit
2125 320 2211 368 viro,

1262 374 1323 425 qui
1340 374 1438 412 illins
1449 384 1555 428 caput
1567 376 1781 414 exsecuerit?
1795 376 1842 415 Et
1854 391 2024 430 magnum
2034 380 2144 418 animi
2157 396 2211 418 ro-

1259 436 1326 473 bur
1349 435 1403 474 liis
1423 436 1542 474 verbis
1559 436 1785 488 ostendebat,
1806 452 1929 478 omnes
1949 439 1985 478 in
2000 439 2211 481 admiratio-

1259 511 1340 536 nem
1359 497 1549 536 adducens.
1572 499 1656 537 Ilaee
1679 509 1715 538 ut
1733 501 1900 552 cognovit
1919 502 2024 552 Saijt,
2042 503 2152 543 mittit
2167 506 2210 543 ad

1256 560 1425 610 juvenem
1440 589 1450 608 ,
1480 559 1540 610 qni
1562 570 1689 612 praeter
1707 562 1928 613 pastor-itiam
1947 573 2059 602 artem
2081 565 2212 604 sciebat

1260 619 1351 657 nihil
1372 635 1378 657 :
1401 628 1433 658 et
1454 630 1492 658 ut
1512 620 1602 658 vidit
1619 623 1694 673 ejus
1716 632 1877 673 altatem,
1910 624 2100 678 vilipendit
2119 642 2211 666 eum.

1213 686 1236 715 D
1262 679 1398 718 Deinde
1413 694 1495 718 cum
1507 680 1689 720 didicisset
1705 698 1749 721 ex
1764 698 1816 734 eo,
1832 686 2009 736 quomodo
2025 702 2106 726 cum
2124 689 2214 728 ursi's

1260 742 1386 793 egisset
1407 742 1468 793 qui
1491 756 1614 794 greges
1630 757 1711 782 suos
1727 744 1946 784 invaserant:
1965 759 2105 788 coactns
2120 751 2212 789 enim

1261 804 1327 842 suit
1343 804 1567 843 admirabilis
1584 804 1644 843 ille
1659 805 1713 843 vir
1727 805 1801 845 haze
1818 821 1974 860 narrare,
1994 811 2114 850 nolens
2130 812 2213 850 bine

1261 880 1389 904 vanam
1411 866 1561 918 gloriam
1578 867 1767 919 aucupari,
1784 867 1844 906 sed
1858 869 1894 906 in
1914 872 2119 911 necessitate
2131 889 2213 912 ‹ton-

1261 926 1423 976 stitutus,
1446 937 1478 966 et
1495 937 1532 966 ut
1553 927 1606 965 illi
1621 928 1783 967 animum
1799 929 1956 981 adderet,
1970 941 2003 970 et
2019 947 2061 971 ne
2080 945 2214 986 specta-

1261 998 1313 1026 ret
1332 988 1378 1027 ad
1393 989 1568 1028 vilitatem
1580 990 1657 1043 ejus
1670 1004 1776 1042 quem
1791 990 1954 1041 videbat,
1975 994 2034 1032 sed
2051 995 2095 1033 ad
2108 996 2212 1035 sidem

1259 1065 1337 1102 quae
1356 1051 1569 1090 intrinsecus
1584 1051 1737 1101 latebat,
1759 1067 2023 1106 supernumque
2037 1057 2214 1096 auxilium

1261 1126 1331 1163 quo
1346 1112 1548 1151 adolescens
1560 1113 1703 1151 inermis
1713 1113 1800 1153 viris
1812 1115 1959 1153 armatis
1971 1125 2003 1154 et
2018 1127 2139 1168 pastor
2151 1119 2216 1156 mi-

1261 1173 1386 1212 litibus
1399 1174 1524 1213 sortior
1536 1185 1631 1213 erat:
1651 1189 1736 1228 ergo
1752 1175 1814 1213 ubi
1835 1191 1901 1214 rex
1913 1177 2005 1217 vidit
2021 1178 2130 1216 animi
2142 1181 2216 1232 ejus

1262 1234 1451 1286 fiduciam,
1473 1236 1546 1275 suis
1561 1236 1666 1277 illum
1682 1237 1792 1276 armis
1811 1237 1959 1277 induere
1978 1240 2139 1290 volebat,
2155 1242 2212 1279 in-

1261 1291 1371 1332 dutus
1385 1303 1500 1332 autem
1517 1309 1556 1334 ea
1577 1296 1668 1335 ferre
1688 1310 1757 1335 non
1776 1297 1904 1349 potuit.
1928 1298 2006 1337 Hoc
2023 1310 2143 1339 autem
2158 1303 2214 1339 sa-

1263 1360 1359 1390 cium
1375 1362 1438 1403 est,
1455 1362 1493 1391 ut
1508 1353 1624 1393 virius
1635 1356 1802 1407 Dei,quae
1817 1370 1878 1409 per
1894 1371 1974 1395 eum
1990 1360 2216 1411 operabatur,

1263 1414 1447 1453 manifesta
1463 1425 1734 1466 monstraretur,
1750 1427 1782 1455 et
1794 1432 1861 1456 non
1873 1420 1982 1458 armis
1993 1435 2071 1472 quae
2085 1422 2217 1460 fiebant

1261 1475 1560 1517 adscriberentur.
1582 1480 1672 1517 Nam
1692 1480 1860 1530 quoniam
1876 1480 2024 1521 indutus
2038 1483 2112 1521 illis
2131 1498 2213 1536 gra-

1262 1538 1426 1587 vabatur,
1443 1548 1475 1578 et
1491 1539 1610 1578 minus
1622 1540 1810 1593 expeditus
1825 1552 1912 1591 erat,
1926 1543 2089 1597 deposuit
2103 1561 2214 1588 arma,

1261 1608 1294 1636 et
1313 1610 1455 1652 accepta
1475 1615 1558 1653 pera
1573 1603 1741 1654 pastorali
1756 1612 1789 1641 et
1808 1604 1982 1654 silicibus,
2003 1617 2123 1646 contra
2141 1623 2214 1646 car-

1260 1674 1362 1699 neam
1380 1661 1478 1700 illam
1494 1663 1622 1701 turrim
1637 1677 1799 1715 egressus
1815 1674 1876 1704 est.
1899 1667 1971 1705 Sed
1987 1667 2070 1707 vide
2086 1669 2213 1707 iterum

1259 1722 1490 1774 alienigenam
1506 1722 1551 1761 ad
1568 1724 1742 1763 vilitatem
1756 1726 1868 1764 aetatis
1883 1738 2150 1780 spectantem,et
2167 1731 2213 1769 ob

1260 1783 1326 1821 hoc
1342 1784 1618 1836 vilipendentem
1630 1786 1768 1838 justum
1784 1787 1907 1840 illum,
1926 1799 1958 1828 et
1972 1791 2072 1841 quasi
2087 1801 2206 1830 contra

1213 1304 1238 1334 Ε

1200 1880 1245 1906 47¹
1261 1859 1411 1896 puerum
1423 1846 1597 1884 humilem
1612 1847 1732 1885 verbis
1747 1847 1997 1901 insurgentem.
2008 1853 2098 1890 Nam
2116 1863 2213 1906 post-

1213 1920 1237 1948 Α
1261 1920 1368 1956 quam
1384 1906 1475 1945 vidit
1488 1921 1570 1945 eum
1585 1922 1664 1945 cum
1680 1910 1847 1960 pastorali
1862 1926 1946 1963 pera
1959 1923 2077 1952 contra
2090 1929 2214 1953 secon-

1262 1967 1478 2019 tendentem,
1497 1977 1529 2006 ct
1548 1968 1684 2021 lapides
1703 1970 1820 2008 solum
1833 1972 2050 2023 asserentem,
2067 1975 2102 2013 in
2119 1976 2213 2014 hunc

1259 2029 1368 2066 ferme
1387 2029 1534 2067 modum
1551 2045 1631 2068 eum
1647 2031 1851 2083 alloquutus
1867 2043 1934 2072 est:
1952 2035 2088 2074 Putasti
2104 2046 2136 2076 te
2151 2038 2213 2076 ad-

1260 2089 1330 2127 hue
1343 2089 1439 2142 apud
1456 2105 1539 2129 oves
1560 2105 1650 2142 esse,
1670 2101 1703 2130 et
1723 2106 1826 2131 canes
1840 2095 2013 2144 quosdam
2024 2100 2213 2150 persequi?

1258 2160 1291 2188 et
1313 2151 1362 2188 ita
1381 2149 1572 2190 adversum
1588 2166 1661 2201 me,
1685 2153 1786 2204 qnasi
1802 2163 1924 2192 eontra
1940 2170 2061 2195 canem
2076 2158 2212 2198 instru—

1258 2212 1387 2250 mentis
1401 2212 1473 2250 illis
1490 2212 1698 2262 instructus,
1715 2213 1751 2251 in
1763 2228 1922 2267 pugnam
1932 2218 2080 2257 venisti?
2094 2221 2213 2259 statim

1257 2274 1475 2326 experientia
1494 2274 1610 2313 disces
1635 2289 1704 2313 non
1726 2275 1793 2314 tibi
1813 2290 1894 2315 cum
1909 2277 2054 2318 homine
2072 2281 2212 2334 vulgari

1258 2335 1396 2374 bellum
1427 2351 1512 2375 esse.
1548 2337 1596 2376 Et
1621 2351 1706 2376 usus
1735 2351 1864 2390 magno
1886 2339 2077 2379 verborum
2102 2343 2212 2389 fastu,

1258 2398 1489 2451 properabat,
1509 2408 1796 2451 armaturamque
1817 2415 1918 2439 suam
1937 2416 2078 2441 omnem
2093 2419 2214 2444 move-

1258 2458 1330 2509 bat,
1343 2474 1384 2497 ac
1399 2474 1499 2498 arma
1509 2462 1703 2500 exserebat.
1718 2461 1766 2500 Et
1783 2462 1857 2515 ipse
1871 2463 2016 2514 quidem
2030 2479 2212 2504 armorum

1259 2519 1390 2559 virtute
1403 2521 1528 2572 fidens,
1544 2536 1704 2575 pugnam
1719 2523 1843 2562 inivit:
1862 2525 1983 2564 David
1996 2535 2113 2564 autem
2125 2527 2210 2578 fide,

1259 2596 1481 2635 supernoque
1506 2583 1674 2636 praesidio
1707 2585 1876 2623 munitus.
1907 2586 1955 2624 Et
1973 2587 2075 2640 prius
2094 2589 2212 2627 verbis

1258 2643 1463 2696 alienigenae
1474 2644 1661 2683 elationem
1675 2654 1708 2684 et
1723 2646 1953 2698 supercilium
1966 2647 2163 2700 decutiens,
2175 2660 2212 2688 nt

1257 2703 1351 2742 dixit
1364 2705 1409 2743 ad
1422 2718 1520 2742 eum:
1537 2705 1596 2743 Tu
1611 2706 1710 2745 venis
1723 2705 1768 2743 ad
1787 2721 1844 2745 me
1857 2707 1893 2745 in
1906 2709 2015 2747 armis
2028 2719 2060 2748 et
2074 2710 2211 2760 lancea,

1258 2774 1291 2803 et
1313 2775 1373 2803 tua
1397 2765 1531 2804 virtute
1556 2766 1736 2804 victurum
1756 2776 1789 2805 te
1810 2777 1932 2820 putas,
1954 2783 2019 2822 ego
2037 2781 2155 2810 autem
2177 2772 2211 2810 in

1260 2825 1399 2864 nomine
1412 2826 1556 2864 Domini
1567 2827 1646 2864 Dei.
1659 2826 1802 2878 Uthaec,
1816 2828 2211 2883 inquam,dixit,sumto

1258 2902 1302 2925 cx
1321 2901 1404 2939 pera
1422 2887 1593 2940 pastorali
1613 2887 1728 2936 silice,
1748 2888 1848 2939 quasi
1868 2903 1990 2931 revera
2007 2890 2129 2931 canem
2147 2894 2212 2931 ali-

1258 2963 1362 2999 quem
1377 2962 1519 3000 gregem
1531 2947 1755 2986 invadentem
1770 2949 1976 2999 abacturus,
1994 2953 2212 3006 fundajacn-

1258 3010 1350 3048 latus
1364 3019 1428 3059 est,
1443 3009 1632 3061 statimque
1648 3009 1683 3047 in
1698 3010 1812 3049 fronte
1826 3026 2034 3065 percussum
2044 3014 2211 3067 alienige-

1260 3085 1341 3109 nam
1360 3069 1487 3123 dejecit
1508 3086 1515 3106 :
1536 3079 1569 3108 et
1593 3071 1799 3110 festinanter
1825 3072 1952 3112 educto
1976 3075 2074 3113 illius
2093 3076 2211 3127 gladio

1261 3147 1366 3191 caput
1387 3138 1463 3190 ejus
1482 3138 1699 3190 amputavit,
1729 3148 1762 3178 et
1784 3140 1856 3192 regi
1871 3141 2011 3191 attulit,
2036 3143 2212 3194 finemque

1251 3270 1262 3284 ⁶
1280 3269 1336 3298 ¹1²7„-
1353 3263 1441 3293 κάδον
1471 3270 1521 3298 τῆς
1542 3270 1748 3303 ποιμαντιιῆς.
1769 3263 1779 3292 l
1802 3261 1880 3304 neg.
1912 3265 1963 3299 47,
1994 3266 2045 3303 40,
2075 3272 2212 3296 vocatur

1207 3316 1305 3347 καῧιον
1318 3320 1521 3355 ποιμα-νειὸν.
1537 3313 1716 3356 pastoralis
1739 3326 1829 3357 pet-11.
1851 3319 1972 3357 Βωλους,
1991 3316 2131 3358 lapidee,
2149 3328 2210 3349 xox

1207 3363 1359 3396 inss-olens.
