2516 3791
177 2222 305 2250 Humilia

118 2267 154 2293 tlt:
174 2265 307 2292 debitore

118 2309 218 2333 siccem
242 2305 307 2331 mil-

118 2349 190 2374 lium
219 2346 309 2373 talen-

121 2396 158 2415 im
169 2398 229 2415 11111.

120 2469 233 2497 Manli.
261 2468 305 2498 18.

317 146 410 193 866

316 258 419 297 toque
434 246 568 295 labore,
586 254 619 283 et
631 244 742 282 multa
772 243 944 295 sapientia
965 242 998 279 in
1033 240 1268 278 admovendis

316 306 482 345 remediis
514 315 566 344 est
589 320 691 358 opus,
725 313 764 342 ut
790 303 960 341 collectus
986 311 1104 339 tumor
1135 301 1269 352 absque

316 368 399 406 vitae
418 367 577 420 periculo
608 365 837 404 dissolvatur.
870 362 971 400 Idem
1001 361 1125 401 videre
1153 371 1204 400 est
1232 362 1268 400 in

313 429 446 467 anima.
470 427 618 475 Quoties
636 426 731 464 enim
746 424 875 475 aliquis
904 423 1083 472 morbum,
1103 423 1165 475 qui
1192 424 1269 476 jam

312 490 448 529 radices
465 490 536 541 egit
552 489 589 526 in
619 487 752 535 anima,
776 485 966 536 multoque
1003 494 1162 538 tempore
1186 499 1269 523 con-

312 561 428 590 cretus
449 551 507 599 sit,
525 548 696 587 radicitus
715 547 865 585 evellere
897 546 1064 597 voluerit,
1081 561 1151 585 non
1185 546 1269 585 satis

315 622 366 650 est
391 611 438 649 ad
457 610 711 649 correctionem
742 607 848 646 unius
886 606 1089 645 duorumve
1127 607 1270 645 dierum

315 672 538 711 admonitio:
560 685 687 710 verum
717 678 856 722 oportet
874 669 1074 720 frequenter
1109 684 1150 707 ac
1188 668 1266 707 die-

314 735 380 772 bus
398 733 643 787 compluribus
671 732 764 770 hanc
792 745 870 769 rem
896 739 1068 780 tractare3
1103 731 1134 769 si
1162 730 1268 769 modo

316 811 383 834 non
397 795 442 834 ad
464 795 697 834 ambitionem
712 808 752 831 ac
766 793 1002 845 voluptatem,
1035 791 1096 830 sed
1116 791 1162 830 ad
1193 793 1268 829 fru-

314 860 410 897 ctum
445 867 479 895 et
493 857 685 895 utilitatem
703 869 834 893 munus
853 853 921 892 hoc
940 853 1197 891 concionatoris
1211 867 1267 905 ge-

314 920 402 957 sturi
424 933 561 957 sumus.
580 918 666 956 Ideo
686 916 780 954 sicut
807 915 853 953 de
871 916 1084 967 juramentis
1102 915 1265 964 fecimus,

314 981 435 1019 multis
453 980 580 1018 ordine
593 979 720 1017 diebus
738 977 843 1017 vobis
859 976 904 1015 de
917 977 1039 1015 eodem
1055 976 1268 1014 disserentes

780 161 817 190 S.

855 160 1036 190 JOANMS
1072 158 1315 189 CHRYSOST.

1356 160 1541 189 ARCHIEP
1550 181 1560 190 .
1597 161 1938 192 CONSTANTINOP
1947 182 1956 191 .

1336 241 1441 279 πόνου
1456 271 1466 289 ,
1495 243 1627 288 πολλῆς
1646 242 1682 280 δὲ
1701 246 1763 289 τῆς
1779 245 1849 282 ἀπὸ
1866 247 1935 282 τῶν
1956 245 2148 297 φαρμάκων
2169 246 2277 283 δεῖται
2303 262 2359 286 σο-

1337 302 1438 354 φίας,
1462 302 1553 341 ὥστε
1582 306 1746 356 ἀσφαλῶς
1776 306 1883 350 αὐτῆς
1912 307 2133 357 χαλασθῆναι
2159 306 2217 344 τὸν
2246 306 2359 358 ὄγκον.

1338 365 1452 402 Τοῦτο
1476 364 1536 402 καὶ
1552 365 1610 403 ἐπὶ
1631 368 1695 411 τ’ἧς
1711 367 1826 418 ψυχῆς
1844 367 1936 404 ἐστιν
1955 367 2049 405 ἰδεῖν.
2068 366 2184 405 “Οταν
2207 365 2274 419 γὰρ
2294 367 2360 405 πά-

1291 431 1313 460 Β
1338 429 1393 470 θος
1425 426 1653 478 ἐρριζωμένον
1675 427 1734 465 καὶ
1756 426 1863 466 πολὺν
1884 429 2177 482 ἐμφιλοχωρῆσαν
2199 431 2242 478 τῇ
2268 431 2360 480 ψυχῇ

1337 487 1459 541 χρόνον
1491 487 1661 539 βούληταί
1693 504 1746 531 τις
1775 488 1958 542 πρόρριζον
1989 489 2138 535 ἀνελεῖν,
2170 491 2230 527 οὐκ
2263 491 2362 540 ἀρκεῖ

1339 548 1530 600 μιᾶς,οὒδὲ
1560 548 1620 587 δύο
1645 551 1788 603 ἡμερῶν
1816 549 1902 602 πρὸς
1927 549 1991 596 τὴν
2023 549 2203 602 διόρθωσιν
2231 549 2360 596 ταύτην

1337 610 1541 664 παραίνεσις
1552 641 1562 658 ,
1579 608 1670 648 ἀλλὰ
1693 609 1763 663 χρὴ
1786 609 2031 660 πολλάκιςκαὶ
2050 609 2108 648 ἐπὶ
2126 612 2272 653 πολλαῖς
2285 615 2361 654 ταῖς

1337 671 1486 725 ἡμέραις
1500 671 1580 724 περὶ
1594 671 1722 718 ταύτης
1738 670 1959 723 διαλέγεσθαι
1972 675 2035 718 τῆς
2051 670 2243 715 ὑποθέσεως
2255 687 2263 695 ·
2279 671 2312 709 εἴ
2322 687 2361 722 γε

1338 733 1386 784 μὴ
1409 733 1596 784 μέλλοιμεν
1615 734 1701 786 πρὸς
1716 732 1915 785 φιλοτιμίαν
1936 732 1996 771 καὶ
2014 731 2150 784 τέρψιν,
2170 731 2258 770 ἀλλὰ
2278 733 2362 784 πρὸς

1337 794 1456 849 κέρδος
1471 796 1530 833 καὶ
1551 794 1721 846 ὠφέλειαν
1738 795 1961 846 δημηγορεῖν.
1986 793 2055 832 Διὰ
2071 793 2111 841 δὴ
2129 797 2248 842 τοῦτο,
2277 793 2362 845 ὅπερ

1336 856 1394 894 ἐπὶ
1431 857 1500 893 τῶν
1528 854 1640 906 ὅρκων
1666 855 1893 907 ἐποιήσαμεν,
1921 854 2054 898 πολλὰς
2083 855 2203 907 ἐφεξῆς
2230 854 2364 906 ἡμέρας

1336 915 1416 992 περὶ
1447 918 1510 962 τῆς
1541 919 1646 962 αὐτῆς
1665 915 1859 960 ὑποθέσεως
1883 916 2119 968 διαλεχθέντες
2143 919 2236 966 ὑμῖν,
2263 919 2364 954 τοῦτο

1336 978 1395 1016 καὶ
1425 976 1482 1015 ἐπι
1502 979 1565 1023 τῆς
1585 978 1690 1029 ὀργης
1710 976 1959 1029 ἐργασώμεθα,
1981 993 2041 1015 και
2057 981 2185 1029 συνεχῆ
2206 977 2287 1029 περὶ
2302 978 2364 1014 αὗ-

313 1051 549 1094 argumento:
569 1040 693 1078 itidem
703 1039 776 1077 de
766 1053 816 1076 ua
834 1052 928 1076 nunc
954 1037 1139 1086 faciamus,
1156 1038 1267 1075 conti-
1288 1051 1312 1080 c
1335 1040 1397 1084 τῆς
1424 1036 1652 1088 ποιησωμεθα
1680 1037 1879 1087 συμὸουλὴν
1900 1037 1992 1076 κατὰ
2019 1037 2162 1087 δύναμιν
2178 1037 2242 1085 τὴν
2268 1041 2362 1088 ἡμε-

314 1117 495 1154 nuamque
508 1102 552 1140 de
571 1116 608 1139 ea
629 1113 884 1154 peisequamur
898 1098 1181 1136 exhortationem
1201 1113 1268 1151 plo

314 1174 432 1203 nostra
451 1163 597 1215 quidem
612 1177 636 1201 ι
640 1162 723 1199 irili.
742 1162 833 1198 Nam
843 1159 902 1197 hic
915 1159 1005 1197 mihi
1020 1159 1163 1197 videtur
1176 1160 1267 1212 opti-

314 1240 393 1263 mus
415 1240 488 1263 esse
512 1223 661 1262 docendi
686 1222 830 1271 modus,
850 1222 880 1259 si
900 1235 969 1258 non
995 1221 1096 1273 prius
1119 1220 1269 1259 desista-

315 1303 395 1325 mus
412 1285 626 1326 consulendo
644 1298 867 1336 quacumque
900 1283 945 1320 de
963 1297 1012 1332 re,
1038 1297 1145 1333 quam
1165 1282 1269 1321 vide-

316 1347 430 1384 rimus
464 1344 743 1383 admonitionem
770 1341 816 1380 ad
855 1342 1021 1379 effectum
1054 1340 1267 1392 pervenisse.

318 1407 460 1445 Etenim
478 1406 538 1458 qui
555 1405 662 1443 hodie
679 1404 724 1442 de
736 1404 970 1455 eleemosyna,
985 1416 1060 1439 cras
1076 1401 1121 1439 de
1140 1401 1270 1439 oratio-

317 1483 374 1518 ne,
394 1468 561 1521 perendie
577 1467 620 1505 de
639 1465 874 1511 humanitate,
906 1463 1034 1501 deinde
1070 1477 1194 1500 rursus
1226 1463 1270 1501 de

317 1529 426 1566 animi
446 1528 619 1566 modestia
638 1526 791 1572 disserit,
820 1525 913 1562 nihil
930 1524 1063 1561 horum
1094 1523 1130 1561 in
1168 1523 1271 1560 audi-

316 1598 434 1627 torum
465 1588 594 1626 animis
612 1587 782 1640 perficere
808 1593 900 1623 recte
917 1584 1058 1636 poterit,
1081 1583 1127 1621 ab
1139 1583 1209 1621 hoc
1221 1582 1270 1621 ad

317 1651 421 1700 illud,
437 1665 560 1689 rursus
592 1650 637 1688 ab
660 1648 723 1686 illo
757 1661 894 1698 semper
929 1645 1002 1682 alio
1040 1644 1243 1682 transiliens
1259 1660 1267 1681 ε

319 1713 382 1751 sed
401 1727 539 1750 necesse
558 1720 620 1760 est,
645 1719 684 1747 ut
703 1709 766 1760 qui
793 1708 882 1747 velit
900 1706 1095 1745 orationem
1111 1706 1147 1744 in
1166 1705 1270 1744 audi-

317 1783 436 1812 torum
452 1773 581 1811 animis
599 1773 755 1810 fructum
771 1769 989 1808 destinatum
1016 1767 1166 1818 assequi,
1198 1782 1269 1806 non

317 1845 398 1874 ante
411 1835 556 1873 desistat
575 1833 705 1872 iisdem
723 1832 767 1870 de
785 1831 895 1869 rebus
916 1829 1109 1868 admonens
1143 1843 1269 1867 consu-

318 1898 475 1948 lensque‚
496 1911 560 1935 nec
578 1896 678 1948 prius
692 1893 740 1932 ad
753 1892 854 1931 aliud
875 1890 1064 1943 quidpiam
1075 1890 1268 1941 transiliat,

319 1973 425 2011 quam
446 1956 667 2010 conspexerit
700 1954 920 2007 superiorem
934 1952 1216 1990 admonitionem
1234 1952 1270 1990 in

318 2021 367 2059 eis
388 2021 478 2058 bene
502 2020 614 2058 fixam
632 2033 672 2056 ac
691 2016 898 2055 radicatam.
925 2015 1028 2052 Idem
1057 2013 1127 2051 hoc
1156 2013 1271 2052 faeere

319 2083 430 2120 solent
445 2079 687 2132 ludimagistri
706 2095 713 2115 :
732 2092 800 2116 non
821 2077 923 2130 prius
943 2075 990 2114 ad
1015 2075 1172 2128 syllabas
1207 2074 1271 2113 ad-

319 2143 454 2181 ducunt
467 2157 609 2195 pueros,
630 2155 738 2192 quam
761 2140 1015 2177 elementorum
1035 2136 1272 2188 cognitionem

321 2204 357 2242 in
369 2204 418 2242 eis
432 2203 590 2242 viderint
608 2211 700 2240 recte
721 2201 978 2239 confirmatam.
1012 2199 1136 2249 Nuper
1162 2197 1273 2248 igitur

322 2265 528 2318 parabolam
545 2264 649 2302 vobis
664 2262 708 2300 de
726 2270 868 2299 centum
886 2258 1056 2308 denariis,
1081 2273 1122 2296 ac
1150 2258 1273 2296 decem

322 2327 484 2365 millibus
518 2326 733 2364 talentorum
781 2330 983 2360 enarrantes
996 2349 1007 2370 ,
1055 2318 1274 2357 ostendimus

323 2398 496 2440 quantum
521 2396 610 2426 esset
640 2385 777 2424 malum
808 2382 1024 2435 injuriarum
1056 2380 1271 2419 meminisse.

323 2452 438 2497 Quem
455 2450 549 2488 enim
569 2448 691 2486 decem
705 2444 820 2484 millia
835 2444 1050 2483 talentorum
1066 2456 1135 2480 non
1149 2442 1269 2495 perdi-

321 2512 462 2560 derant,
477 2511 573 2548 hunc
589 2518 731 2547 centum
743 2505 881 2545 denarii
892 2505 1002 2542 exitio
1015 2504 1274 2553 demerserunt,

322 2588 362 2611 ac
385 2572 525 2610 veniam
543 2585 609 2624 pro
628 2569 760 2608 debitis
777 2581 978 2606 concessam
998 2565 1034 2603 in
1058 2565 1202 2602 irritum
1215 2578 1275 2602 re-

322 2643 510 2682 vocarunt,
527 2632 728 2683 debitaeque
737 2629 898 2683 pecuniae
909 2627 1153 2665 remissionem
1166 2625 1274 2663 dissi—

323 2705 466 2749 parunt,
488 2707 653 2744 eumque,
675 2691 735 2743 qui
748 2692 863 2728 fuerat
881 2704 900 2727 a
920 2687 1132 2727 criminibus
1146 2686 1237 2724 libm
1240 2700 1277 2724 a-

323 2768 378 2795 tus
382 2755 617 2809 ,injudicium
636 2762 796 2791 1et1axei
799 2760 873 2799 unt
892 2749 1087 2801 indequein
1102 2761 1277 2785 carcerem

323 2819 559 2870 conjecerunt,
579 2814 731 2864 [lenique
750 2811 943 2850 immortali
966 2809 1145 2863 supplicio
1166 2808 1278 2847 tradi-

1289 2848 1336 2875 749

1334 1099 1452 1152 τέραν.
1472 1098 1543 1138 Καὶ
1566 1099 1635 1152 γαρ
1664 1102 1765 1142 οὗτος
1782 1098 1920 1151 ἄριστος
1942 1099 2170 1143 διδασκαλίας
2192 1093 2280 1137 εἷναί
2303 1115 2363 1150 μοι

1336 1163 1430 1200 δοκεῖ
1449 1160 1596 1212 τρόπος,
1628 1160 1668 1198 τὸ
1699 1159 1746 1211 μὴ
1779 1160 1945 1212 πρότερον
1975 1160 2185 1213 ἀφίστασθαι
2212 1161 2364 1211 συμὸου-

1334 1222 1497 1266 λεύοντας
1513 1221 1600 1274 ὑπὲρ
1614 1223 1768 1269 ὁτουοῦν,
1787 1221 1850 1264 ἕως
1868 1221 1907 1259 ἂν
1929 1223 1976 1264 εἷς
1995 1221 2093 1274 ἔργον
2124 1221 2188 1268 τὴν
2211 1223 2365 1273 συμὸου-

1336 1284 1400 1331 λὴν
1439 1283 1641 1328 ἐξεὶθοῧσαν
1672 1282 1813 1332 ἴδωμεν.
1848 1282 1893 1321 ‘O
1920 1283 1987 1335 γὰρ
2013 1298 2082 1333 σημ
2081 1299 2164 1334 ερον
2193 1283 2254 1334 μὲν
2283 1284 2363 1335 περὶ

1337 1345 1592 1396 ἐλεηιιοσύνης,
1611 1344 1729 1397 αὔριον
1753 1361 1788 1382 οε
1817 1360 1898 1396 περι
1928 1346 2051 1396 εὖχῆς,
2079 1360 2144 1394 μετ
2173 1344 2308 1391 εκείνην
2329 1344 2364 1383 δὲ

1336 1407 1417 1458 περὶ
1450 1405 1655 1453 ἐπιεικείας,
1690 1409 1766 1442 εἶτα
1804 1405 1911 1443 παλιν
1944 1420 2025 1456 περι
2053 1404 2365 1457 ταπεινοφροσύνης

1339 1467 1602 1518 οιαλεγόαενος,
1633 1466 1809 1519 οὐδέτερον
1843 1465 1970 1504 τούτων
2006 1468 2040 1504 ἐν
2079 1472 2147 1509 τοῖς
2177 1469 2366 1517 ἀκροαταῖς

1338 1530 1560 1581 κατορθῶσαι
1580 1527 1785 1575 δυνήσεται,
1807 1527 1876 1565 ἀπὸ
1898 1526 2016 1564 τούτου
2042 1526 2127 1577 πρὸς
2153 1528 2262 1564 ἐκεῖνο
2277 1556 2286 1573 ,
2307 1526 2366 1564 καὶ

1339 1589 1453 1628 πάλιν·
1465 1590 1526 1626 ἀπ’
1552 1588 1682 1626 ἐκείνου
1708 1588 1793 1639 πρὸς
1815 1587 1931 1639 ἕτερον
1949 1590 2101 1639 συνεχῶς
2132 1588 2365 1638 μεταπηδῶν

1295 1659 1317 1688 D
1343 1649 1432 1688 ἀλλὰ
1451 1648 1520 1703 χρὴ
1540 1648 1598 1686 τὸν
1621 1649 1794 1698 μέλλοντα
1822 1650 2012 1699 κατορθοῦν
2041 1650 2074 1685 ἕν
2101 1653 2171 1690 τοῖς
2205 1647 2368 1686 ἀκούουσι

1341 1711 1386 1750 τὰ
1405 1709 1595 1762 λεγόμενα,
1606 1709 1654 1760 μὴ
1665 1709 1834 1761 πρότερον
1851 1708 2063 1760 ἀφίστασθαι
2081 1708 2161 1760 περὶ
2175 1711 2243 1747 τῶν
2256 1711 2367 1748 αὐτῶν

1340 1776 1575 1825 παραινοῦντα
1593 1771 1654 1809 καὶ
1681 1769 1981 1821 συμῧουλεύοντα,
2011 1769 2099 1821 μηδὲ
2116 1772 2167 1822 ἐφ’
2190 1769 2306 1823 ἕτερόν
2335 1787 2369 1809 τι

1343 1835 1563 1886 μεταπηόξίν,
1583 1832 1648 1877 ἕως
1676 1832 1716 1870 ἂν
1733 1833 1788 1885 ἴδῃ
1804 1832 1866 1879 τὴν
1887 1831 2058 1884 προτέραν
2080 1832 2286 1910 παραίνεσιν
2304 1849 2370 1871 κα-

1340 1898 1410 1940 λῦς
1439 1897 1473 1933 ἐν
1506 1897 1622 1938 αὐτοῖς
1658 1897 1870 1970 ριζωθεῑσαν.
1897 1895 2013 1932 Τοῦτο
2038 1909 2098 1932 και
2117 1896 2147 1932 οι
2167 1893 2371 1933 διδάσκαλοι

1342 1973 1516 1996 ποιουσιν·
1537 1959 1574 1995 οὐ
1601 1955 1766 2008 πρότερον
1793 1955 1850 1994 ἐπι
1871 1954 1932 1998 τὰς
1953 1954 2130 1998 συλλαοὰς
2148 1971 2226 1998 τους
2244 1957 2372 2000 παῖδας

1344 2019 1500 2071 ἄγουσιν,
1525 2017 1589 2061 ἕως
1621 2017 1660 2054 ἂν
1682 2020 1751 2055 τῶν
1772 2015 1954 2068 στοιχείων
1975 2015 2040 2064 τὴν
2055 2018 2183 2068 γνῶσιν
2207 2019 2240 2055 ἐν
2258 2018 2373 2060 αὐτοῖς

1343 2077 1654 2134 κατορθωθεῖσαν”
1641 2076 1752 2116 ιόωσι.
1767 2077 1929 2129 Πρῴην
1924 2093 1985 2115 υ.εν
2000 2072 2059 2116 οῧν
2074 2080 2154 2129 ὑυ.ῖν
2176 2077 2240 2125 τὴν
2258 2094 2374 2131 παρα-

1344 2141 1423 2180 ὅολ
1400 2158 1450 2188 ην
1475 2139 1678 2192 ἀναγνόντες
1703 2141 1771 2177 τῶν
1793 2138 1916 2176 ἑκατὸν
1937 2137 2121 2190 δηναρίων,
2141 2155 2200 2177 και
2218 2143 2287 2178 τῶν
2308 2155 2373 2190 μυ·

1297 2214 1321 2243 E
1347 2200 1427 2253 ρίων
1448 2199 1640 2245 ταλάντων,
1669 2197 1760 2236 {Osir-
1762 2213 1866 2247 Ιυμίν
1884 2213 1962 2235 06ον
1981 2201 2024 2244 ἦν
2051 2214 2160 2236 κακον
2180 2214 2219 2236 TO
2248 2214 2376 2249 μνηΰῑ-

1346 2267 1476 2299 κακεῖν.
1505 2259 1574 2298 ζῸν
1596 2259 1663 2311 γὰρ
1698 2273 1760 2296 ουκ
1789 2257 1951 2296 ἀπώλεσε
1979 2257 2024 2296 τὰ
2055 2258 2163 2310 μυρία
2195 2259 2375 2307 τάλαιτα,

1346 2324 1465 2359 τοῦτον
1486 2320 1608 2358 ἑκατὸν
1628 2318 1775 2370 δηνάρια
1794 2317 2067 2367 ι’κατεπόντισ-ε,
2095 2320 2156 2357 καὶ
2176 2321 2241 2367 τὴν
2266 2321 2375 2359 δοθεῖ-

1348 2398 1411 2421 σαν
1448 2381 1657 2433 συγγνώμην
1689 2379 1944 2428 ἀνεκαλέσατο,
1971 2380 2030 2419 καὶ
2051 2380 2114 2428 τὴν
2139 2381 2268 2433 διιιρεὰν
2290 2384 2378 2421 obte-

1347 2443 1540 2496 κρούσατο,
1579 2442 1639 2480 καὶ
1685 2441 1937 2493 ἀπαλλαγέντα
1974 2445 2044 2480 τῶν
2079 2444 2228 2481 εὐθυνῶν
2262 2445 2309 2486 εἷς
2341 2443 2380 2481 τὸ

1349 2503 1568 2555 δικαστήριον
1586 2503 1693 2541 πάλιν
1711 2502 1877 2554 εἰσήγαγε
1890 2533 1899 2550 ,
1921 2506 2080 2542 κάκεῖθεν
2111 2506 2159 2548 εἷς
2183 2504 2224 2542 τὸ
2243 2504 2379 2554 δεσμω-

1347 2565 1466 2618 τήριον
1483 2564 1624 2602 ἐνέὸαλε
1642 2594 1651 2611 ,
1675 2563 1735 2602 καὶ
1755 2562 1864 2606 οὕτως
1884 2564 2045 2616 ἀθανάτῳ
2068 2565 2172 2602 αὐτὸν
2198 2564 2380 2616 παρέδωκε

1350 2626 1518 2680 τιμωρία.
1541 2625 1702 2677 Σήμερον
1728 2625 1763 2662 δὲ
1789 2627 1840 2676 ἐφ’
1868 2625 1988 2677 ἑτέραν
2013 2625 2173 2664 ὑπόθεσιν
2203 2626 2262 2664 τὸν
2283 2625 2382 2676 ’Λόγον

1348 2686 1672 2739 χειραγωγήσομεν.
1695 2685 1794 2724 Ἔδει
1826 2685 1888 2735 μὲν
1917 2686 2005 2736 γὰρ,
2027 2686 2124 2740 εἴπερ
2145 2686 2278 2724 δίκαιον
2312 2686 2381 2738 ἐγί-

1350 2765 1446 2793 νετο,
1464 2749 1520 2786 τὸν
1540 2748 1688 2799 λέγοντα
1716 2747 1795 2800 περὶ
1814 2747 2002 2790 ἐπιεικείας
2020 2763 2056 2785 τε
2076 2748 2136 2785 καὶ
2164 2747 2382 2800 πραότητος,

1351 2810 1483 2848 ΟἴΧΟΟΞν
1510 2825 1569 2846 >tat
1602 2825 1674 2860 7'2?
1705 2825 1825 2847 ΕαυὈυ
1851 2809 1894 2846 ’ζα
1929 2808 2199 2861 παραῠείίμαῖα
2218 2825 2382 2862 παρεχειν

322 2880 463 2918 (lerunt.
482 2877 552 2917 Sed
571 2876 676 2914 hodie
696 2875 741 2913 de
761 2874 825 2913 dix
829 2888 866 2911 e1
869 2888 906 2911 so
935 2880 1144 2924 argumento
1159 2868 1278 2908 dicere
1303 2886 1325 2915 Α
1351 2887 1413 2917 της
1433 2872 1500 2909 καλ
1502 2886 1542 2916 ης
1568 2870 1697 2917 ταύτης
1713 2869 1965 2922 φιλοσοφίας,
1950 2869 2040 2908 ὥστε
2064 2885 2122 2906 και
2148 2868 2204 2907 διὰ
2225 2873 2293 2908 τῶν
2327 2869 2384 2907 λό-

323 2940 547 2979 tentabimus.
560 2937 756 2990 Oportebat
766 2951 783 2973 e
786 2935 873 2983 nim,
884 2949 913 2972 51
905 2934 1022 2971 fieret
1033 2931 1128 2983 quod
1136 2945 1277 2982 aequum

323 3011 408 3049 crat,
418 2999 736 3039 dehunianitatcac
746 2995 1018 3034 mansuetudine
1027 2993 1135 3031 verba
1147 2992 1277 3030 facien-

325 3074 393 3101 tem
405 3077 447 3101 ex
463 3076 536 3099 sese
547 3060 649 3097 istius·
664 3074 715 3110 pr
707 3058 778 3096 ecl
782 3073 814 3095 ir
818 3072 845 3095 ”e
860 3055 1098 3109 pliilosophiae
1111 3053 1275 3106 exempla

324 3125 492 3177 piabere,
526 3131 631 3172 atque
661 3120 707 3157 ita
737 3119 842 3156 simul
883 3126 916 3155 et
947 3116 1067 3156 verbis
1101 3129 1179 3153 eam
1210 3114 1277 3152 do-

323 3201 400 3223 veie
437 3194 469 3223 et
488 3183 590 3222 factis
611 3182 657 3220 ad
675 3195 751 3218 eam
772 3180 967 3218 institut-‚re
996 3176 1175 3225 Quoniam
1213 3191 1276 3214 au-

323 3262 392 3289 tvm
415 3266 475 3288 uos
497 3251 542 3287 ab
579 3249 645 3286 liae
679 3247 810 3284 xirtutc
830 3246 911 3295 long
901 3260 935 3280 o
964 3245 1134 3282 absumus
1161 3243 1272 3281 intei—

368 3365 383 3386 b
408 3361 487 3403 Reg.
508 3362 690 3394 axrszixzez.
712 3354 823 3388 Morel.
841 3361 1053 3389 κατεπόντιπ.

1350 2948 1421 2984 γων
1442 2931 1629 2978 διδασκειν,
1645 2946 1704 2968 και
1727 2930 1783 2969 δια
1804 2947 1871 2968 τι1ν
1898 2930 2007 2982 ἔργων
2031 2929 2217 2969 παιδεύειν.
2236 2928 2381 2975 Ἐπειδὴ

1353 2994 1388 3032 δὲ
1411 2993 1498 3032 πολὺ
1518 2992 1645 3039 ταύτης
1664 2992 1854 3042 ἀποδέομεν
1871 2995 1932 3039 τῆς
1947 2994 2072 3044 ἀρετῆς
2088 2995 2188 3042 ἡμεῖς
2200 3021 2209 3038 ,
2227 2990 2287 3028 ἕνα
2306 2989 2384 3028 τινὰ

1351 3058 1419 3093 τῶν
1440 3055 1547 3106 ἁγίων
1566 3053 1772 3097 ἑλκύσαντες
1793 3055 1839 3097 εἷς
1857 3052 1981 3104 μέσον,
2002 3053 2061 3091 καὶ
2080 3053 2149 3104 πρὸ
2167 3055 2234 3089 τῶν
2255 3053 2383 3104 ὀφθαλ-

1349 3120 1423 3168 μῶν
1440 3115 1630 3162 στήσαντες
1646 3118 1714 3153 τῶν
1735 3114 1927 3168 ὑμετέρων,
1949 3116 2076 3168 ἐναργῆ
2103 3130 2180 3152 τινα
2200 3113 2259 3151 καὶ
2277 3114 2379 3151 δυνα·

1347 3177 1410 3224 τὴν
1426 3179 1506 3228 ὑμῖν
1536 3176 1755 3227 ποιησόμεθα
1774 3175 1836 3222 τὴν
1869 3175 2104 3229 παράκλησιν,
2124 3174 2244 3227 ὥσπερ
2275 3172 2379 3225 ἀρχέ·

1348 3239 1452 3278 τυπόν
1486 3255 1562 3276 τινα
1592 3237 1725 3284 εἰκόνα,
1743 3237 1806 3283 τὴν
1834 3236 1958 3289 ἀρετὴν
1976 3239 2034 3276 τοῦ
2051 3235 2184 3275 δικαίου
2204 3237 2385 3286 μιμεῖσθαιι
