2516 3791
805 148 1067 179 INGENESIM
1108 146 1258 178 smnio
1298 149 1393 178 vni.

65 240 125 284 τῆς
144 236 348 288 ἑσπερινῆς,
379 231 471 272 ὥστε
493 236 610 271 πᾶσαν
631 231 740 279 αὐτὴν
755 233 880 279 ἡδονῆς
905 234 1093 284 πληρῶσαι

63 297 313 348 πνευματικῆς.
339 297 420 346 Οὐχ
440 295 543 347 ὁρᾶτε
574 291 653 336 τοὺς
682 292 845 346 εὐπόρους
870 296 938 331 τῶν
960 290 1093 344 ἀνθρώ-

63 374 155 406 πων,
189 360 264 400 πῶς
294 356 383 407 μετὰ
406 354 451 394 τὰ
482 353 578 394 σιτία
613 353 827 409 κιθαρῳδοὺς
857 354 918 393 καὶ
938 351 1092 401 αὐλητὰς

61 416 300 469 ἐπεισάγουσι,
333 415 492 467 Θέατρον
525 416 648 453 ἐκεῖνοι
690 419 826 454 ποιοῦσι
859 412 922 461 τὴν
957 415 1090 452 ἑαυτῶν

59 478 169 518 οἰκίαν
182 494 189 502 ·
213 477 254 516 σὺ
271 477 416 526 ποίησον
429 477 493 525 τὴν
510 475 622 515 οἰκίαν
637 476 701 523 τὴν
718 476 782 524 σὴν
799 474 942 529 οὐρανόν
957 491 964 498 ·
986 473 1091 522 ποιή-

61 555 131 584 σεις
151 539 209 588 δὲ,
231 539 308 592 οὐχὶ
332 539 409 583 τοὺς
435 538 573 591 τοίχους
606 537 776 590 ἀμείῧων,
791 537 869 576 οὐδὲ
897 535 1092 588 μεταλλάτ-

60 617 127 638 των
152 600 196 638 τὰ
214 601 379 653 θεμέλια,
400 601 476 639 ἀλλ’
493 598 596 638 αὐτὸν
618 599 676 638 τὸν
696 602 766 638 τῶν
785 599 938 651 οὐρανῶν
957 595 1093 635 Δεσπό·

60 677 123 709 την
140 662 198 701 ἐπὶ
222 662 284 710 τὴν
304 662 479 716 τράπεζαν
498 662 614 699 καλῶν
634 660 697 708 τὴν
717 659 795 706 σήν.
819 660 898 698 Οὐκ
919 655 1093 710 ἐπαισχύ-

60 738 155 761 νεται
174 723 219 761 τὰ
238 728 382 762 τοιαῦτα
407 724 528 761 δεῖπνα
544 724 561 760 ὁ
579 721 680 765 Θεός.
695 719 807 760 Ἔνθα
832 719 900 773 γὰρ
924 719 1093 757 διδασκα-

59 783 119 821 λία
140 784 381 835 πνευματικὴ,
403 786 474 822 ἐκεῖ
494 783 554 822 καὶ
576 781 778 835 σωφροσύνη
792 811 801 829 ,
819 781 880 820 καὶ
901 780 1092 832 σεμνότης,

60 845 120 883 καὶ
141 845 327 885 ἐπιείκεια·
357 845 438 884 ἔνθα
472 843 561 898 ἀνὴρ
587 844 648 882 καὶ
666 842 753 896 γυνὴ
775 842 836 881 καὶ
859 842 1006 892 παιδία,
1032 842 1093 881 καὶ

61 905 204 957 ὁμόνοια
226 906 286 945 καὶ
305 905 405 959 φιλία
420 935 430 954 ,
459 905 518 944 καὶ
537 911 608 950 τοῖς
627 908 688 952 τῆς
710 907 835 958 ἀρετῆς
855 903 1094 954 συνδεδεμένοι

60 968 214 1020 δεσμοῖς,
232 969 303 1006 ἐκεῖ
320 966 423 1018 μέσος
439 969 457 1005 ὁ
472 966 636 1020 Χριστός.
652 967 705 1005 Οὐ
722 965 791 1019 γὰρ
805 968 956 1019 χρυσοῦν
969 965 1092 1018 ὄροφον

59 1031 175 1077 ζητεῖ,
191 1028 269 1067 οὐδὲ
289 1027 473 1081 ἀστραπὰς
501 1028 638 1077 κιόνων,
656 1027 733 1067 οὐδὲ
752 1027 864 1074 κάλλη
882 1027 1092 1080 μαρμάρων,

59 1090 150 1130 ἀλλὰ
164 1093 277 1144 ψυχῆς
293 1091 404 1145 ὥραν,
425 1090 485 1130 καὶ
502 1090 655 1135 διανοίας
671 1090 875 1144 εὐμορφίαν,
888 1090 948 1128 καὶ
958 1090 1091 1144 τράπε-

57 1154 120 1197 ζαν
145 1152 362 1201 δικαιοσύνης
399 1151 575 1205 γέμουσαν
596 1152 657 1192 καὶ
678 1150 915 1203 ἐλεημοσύνης
936 1150 1094 1205 καρποὺς

58 1213 219 1267 ἔχουσαν.
248 1214 324 1253 Κᾶν
345 1213 402 1267 ἴδῃ
420 1213 585 1262 τοιαύτην
609 1214 799 1267 τράπεζαν,
817 1212 954 1267 ταχέως
971 1228 1093 1253 κοινω-

58 1282 109 1314 νεῖ
135 1280 196 1315 τοῦ
220 1275 388 1328 συλλόγου
404 1305 414 1323 ,
443 1276 503 1314 καὶ
532 1274 778 1330 παραγίνεται.
802 1275 874 1316 Καὶ
899 1275 968 1329 γὰρ
989 1274 1093 1320 αὐτός

56 1336 150 1375 ἐστιν
169 1340 187 1376 ὁ
209 1336 372 1390 εἰρηκώς·
392 1337 576 1377 Πεινῶντά
605 1354 649 1390 με
670 1337 795 1386 εἴδετε,
823 1337 883 1376 καὶ
909 1336 1090 1391 ἐθρέψατε.

56 1397 170 1437 “Οταν
191 1392 248 1437 οῧν
269 1397 420 1450 ἀκούσῃς
435 1398 582 1447 πένητος
595 1399 752 1439 κάτωθεν
771 1399 909 1452 μεγάλα
930 1401 1092 1450 βοῶντος,

56 1452 131 1498 εἶτα
150 1458 220 1498 ἀπὸ
242 1461 304 1506 τῆς
325 1459 500 1513 τραπέζης
525 1463 594 1500 τῶν
621 1459 861 1514 προκειμένων
887 1460 956 1514 δῷς
973 1475 1009 1498 τι
1039 1461 1091 1512 τῷ

56 1520 226 1574 δεομένῳ,
245 1521 304 1560 τὸν
323 1520 505 1569 Δεσπότην
525 1521 695 1566 ἐκάλεσας
715 1521 774 1561 διὰ
788 1527 847 1562 τοῦ
867 1522 988 1561 δούλου
1004 1520 1091 1575 πρὸς

54 1581 118 1629 τὴν
135 1583 309 1635 τράπεζαν
334 1581 397 1629 τὴν
430 1582 517 1631 σὴν,
548 1590 664 1623 πᾶσαν
685 1583 793 1631 αὐτὴν
816 1585 980 1636 εὖλογιῶν
1010 1582 1089 1622 ἐνέ-

54 1646 192 1691 πλησας
205 1674 215 1692 ,
242 1643 302 1682 καὶ
323 1642 381 1682 διὰ
397 1645 461 1690 τῆς
485 1645 649 1698 ἀπαρχῆς
671 1644 831 1698 ἀφορμὴν
847 1643 1016 1697 μεγίστην
1029 1647 1090 1682 τοῦ

55 1704 290 1751 πληθύνεσθαί
319 1719 374 1744 σοι
400 1704 445 1744 τὰ
471 1712 601 1757 ταμεῖα
636 1708 774 1759 ἀγαθῶν
806 1707 945 1744 πολλῶν
976 1720 1089 1757 παρε-

56 1765 238 1811 σκεύασας.
267 1765 314 1805 ‘O
332 1766 367 1805 δὲ
383 1766 471 1810 Θεὸς
491 1770 553 1814 τῆς
575 1766 733 1821 εἰρήνης,
753 1769 771 1806 ὃ
787 1764 898 1810 διδοὺς
922 1765 1026 1818 ἄρτον
1041 1767 1089 1810 εἷς

57 1829 208 1879 βρῶσιν,
238 1827 299 1866 καὶ
334 1827 476 1882 σπέρμα
505 1830 554 1881 τῷ
596 1827 796 1882 σπείροντι,
827 1826 997 1875 πληθύνοι
1028 1827 1086 1866 τὸν

55 1888 182 1942 σπόρον
205 1891 319 1940 ὑμῶν,
342 1888 402 1929 καὶ
419 1888 578 1937 αὐξήσειε
600 1889 644 1928 τὰ
658 1890 862 1942 γεννήματα
881 1893 943 1936 τῆς
958 1889 1087 1928 δικαιο-

55 1949 160 1998 σύνης
186 1953 220 1989 ἐν
238 1958 344 1990 πᾶσιν
367 1953 466 2002 ὑμῖν,
497 1950 561 1998 τὴν
589 1953 674 2005 παρ’
705 1953 808 1991 αὐτοῦ
827 1950 929 2005 χάριν
951 1950 1084 2002 διδοὺς,

54 2011 114 2050 καὶ
135 2011 363 2057 καταξιώσειε
395 2015 458 2059 τῆς
487 2012 668 2065 βασιλείας
687 2016 756 2052 τῶν
777 2017 949 2068 οὐρανῶν·
969 2008 1010 2061 ἧς
1029 2012 1086 2066 γέ-

53 2089 145 2112 νοιτο
164 2074 298 2118 πάντας
313 2079 408 2126 ἡμᾶς
423 2077 613 2128 ἐπιτυχεῖν,
627 2075 747 2129 χάριτι
763 2076 823 2114 καὶ
842 2075 1084 2130 φιλανθρωπίᾳ

52 2139 111 2173 τοῦ
133 2135 262 2188 Κυρίου
277 2139 378 2187 ἡμῶν
413 2137 530 2184 Ἰησοῦ
550 2138 726 2190 Χριστοῦ,
756 2139 800 2176 δι’
816 2131 854 2176 οὗ
870 2137 929 2176 καὶ
948 2139 1024 2188 μεθ’
1044 2131 1083 2177 οὗ

53 2195 132 2240 δόξα
156 2198 205 2249 τῷ
226 2197 360 2251 Πατρὶ,
380 2197 439 2236 καὶ
456 2200 503 2251 τῷ
521 2198 609 2251 ἁγίῳ
629 2198 830 2251 Πνεύματι,
852 2204 910 2238 νῦν
927 2200 987 2239 καὶ
1006 2200 1083 2250 ἀεὶ,

52 2257 110 2295 καὶ
130 2259 176 2303 εἰς
194 2257 269 2303 τοὺς
292 2261 420 2303 αἰῶνας
438 2262 506 2298 τῶν
528 2259 675 2299 αἰώνων.
697 2260 819 2311 Ἀμήν.

437 2826 602 2864 ΛΟΓΟΣ
630 2824 676 2873 η’.

50 2929 111 2971 Εἰς
126 2928 189 2975 τὴν
209 2927 343 2980 ἡμέραν
362 2927 539 2980 χειμέριον
564 2923 682 2978 οὖσαν,
706 2931 766 2970 καὶ
783 2933 830 2976 εἷς
852 2933 916 2980 τὴν
933 2933 1074 2973 σύνοδον

100 2992 168 3027 τῶν
188 2987 402 3037 ἐπισκόπων,
422 2989 482 3027 καὶ
505 2989 551 3032 εἷς
566 2989 628 3037 τὴν
647 2990 741 3029 δόσιν
756 2995 819 3040 τῆς
835 2995 974 3042 ἐντολῆς
990 2996 1075 3049 πρὸς

100 3052 157 3090 τὸν
181 3050 308 3103 Ἀδὰμ,
335 3067 395 3090 και
422 3050 476 3090 δ’τι
504 3053 635 3099 πολλῆς
662 3054 870 3106 κηδεμονίας
894 3056 952 3095 τὸν
968 3057 1074 3109 νόμον

103 3112 235 3151 λαθεῖν.

101 3243 146 3283 ‘tl
171 3244 233 3295 μὲν
257 3247 325 3283 τῶν
345 3249 455 3299 νεφῶν
475 3247 650 3300 συνδρομὴ
671 3247 734 3295 τὴν
752 3249 886 3301 ἡμέραν
903 3250 988 3301 ἡμῖν
1007 3267 1072 3290 κα-

1108 822 1156 847 68³

1120 859 1146 890 Λ

1115 1510 1138 1541 B

2040 162 2122 206 70¹

1169 229 1246 269 haec
1275 231 1312 270 in
1341 231 1512 284 ecclesia,
1546 232 1583 272 in
1603 233 1680 274 soro
1703 248 1744 273 ac
1767 235 1867 274 domi
1888 240 2132 292 unusquisque

1168 291 1376 330 meditetur.
1401 293 1503 332 Nihil
1523 294 1617 332 enim
1633 309 1731 334 sacra
1754 296 2126 350 lectiouejueundius.

1168 352 1281 401 Audi,
1296 367 1434 404 quaeso,
1451 354 1539 406 quid
1552 354 1597 393 de
1609 355 1671 394 illa
1682 356 1776 395 dicat
1791 359 1963 411 propheta
1978 375 1985 397 z
2003 362 2129 412 Quam
2145 370 2231 415 1²ss1).
2251 372 2314 399 ιι-*ὶ4

1167 413 1300 451 dulcia
1305 416 1498 467 saucibus
1516 419 1610 455 meis
1630 418 1786 471 eloquia
1804 428 1872 457 tua
1882 450 1894 467 ‚
1918 434 2032 473 super·
2053 424 2129 461 mel
2148 412 2216 440 ¹⁰³·

1166 481 1202 511 et
1218 476 1367 527 savum
1393 478 1451 513 ori
1479 491 1577 515 meo.
1603 479 1706 517 Hunc
1725 479 1844 531 itaque
1865 481 1987 520 savum
2010 482 2045 521 in
2066 498 2128 523 vc-

1166 535 1322 587 spertina
1339 550 1459 575 mensa
1477 552 1630 592 appone,
1648 549 1687 578 ut
1707 549 1817 579 totam
1832 541 1931 580 illam
1949 543 2127 596 spirituali

1164 596 1302 649 repleas
1326 598 1519 652 voluptate.
1549 601 1628 639 Non
1648 601 1780 641 videtis
1799 603 1961 643 homines
1978 606 2128 658 opulen-

1166 665 1241 708 tos,
1256 659 1436 710 quomodo
1452 670 1530 713 post
1542 662 1666 714 epulas
1680 663 1894 703 citharoedos
1908 680 1948 704 ac
1964 667 2129 707 tibicines

1166 718 1421 759 introducant?
1441 722 1499 760 llli
1520 737 1601 761 suas
1623 723 1715 763 :edes
1735 725 1915 765 theatrum
1942 728 2126 781 efficiunt,

1168 789 1206 819 tu
1233 790 1312 821 tuas
1331 782 1424 822 aedes
1445 784 1573 823 caelum
1590 786 1691 825 effice
1707 802 1716 824 z
1736 786 1774 825 id
1793 802 1877 827 vero
1896 789 2042 841 efficies,
2059 805 2129 830 non

1166 843 1318 895 parietes
1333 844 1545 896 immutans,
1566 856 1629 886 aut
1648 849 1860 888 transferens
1877 850 2129 905 fundamenta,

1166 903 1228 942 sed
1249 905 1278 943 si
1297 905 1343 944 ad
1364 915 1462 945 tuam
1479 921 1638 948 mensam
1657 910 1855 949 Dominum
1882 911 2000 964 ipsum
2022 914 2127 953 carlo-

1165 979 1246 1005 rum
1273 980 1387 1006 voces.
1424 969 1504 1008 Non
1536 970 1713 1010 erubescit
1748 973 1925 1025 ejusmodi
1962 975 2129 1015 convivia

1167 1028 1276 1067 Deus.
1304 1030 1379 1069 Ubi
1406 1044 1560 1083 namque
1579 1032 1777 1085 spiritualis
1809 1034 1993 1085 doctrina,
2017 1036 2068 1075 ibi
2094 1046 2130 1076 et

1165 1091 1420 1144 temperantia,
1445 1101 1479 1131 et
1503 1093 1695 1146 modestia,
1718 1105 1752 1134 et
1770 1095 1920 1135 lenitas:
1941 1097 2003 1135 ubi
2024 1097 2082 1137 vir
2095 1107 2130 1137 et

1165 1164 1260 1190 uxor
1274 1165 1316 1190 ac
1329 1152 1453 1204 liberi,
1472 1154 1661 1194 concordia
1677 1165 1711 1195 et
1726 1157 1885 1196 amicitia
1896 1187 1909 1208 ‚
1931 1167 1965 1196 et
1983 1158 2129 1198 virtutis

1163 1212 1320 1253 vinculis
1333 1213 1465 1253 fuerint
1483 1215 1664 1269 colligati,
1683 1217 1760 1255 illic
1776 1226 1940 1258 versatur
1955 1218 1992 1258 in
2009 1219 2129 1260 medio

1165 1273 1342 1314 Christus.
1357 1276 1438 1314 Non
1452 1276 1548 1315 enim
1561 1291 1711 1316 aureum
1725 1277 1889 1330 laqueare
1902 1280 2030 1332 quaerit
2040 1311 2051 1331 ‚
2066 1296 2131 1321 nec

1163 1336 1411 1375 columnarum
1425 1337 1603 1390 fulgorem
1611 1368 1624 1390 ,
1637 1353 1752 1391 neque
1763 1341 1952 1381 marmoris
1963 1342 2130 1395 pulchri-

1163 1395 1342 1448 tudinem,
1356 1396 1419 1436 sed
1433 1398 1561 1437 animae
1577 1399 1742 1439 decorem
1757 1416 1798 1440 ac
1808 1404 1937 1442 mentis
1951 1404 2127 1456 formam,

1163 1465 1198 1497 et
1210 1472 1368 1498 mensam
1374 1459 1515 1513 justitia
1526 1461 1703 1515 refertam,
1715 1472 1749 1502 et
1760 1464 1992 1518 eleemosynae
2005 1466 2128 1505 fructi-

1163 1519 1231 1559 bus
1247 1520 1500 1561 abundantem.
1517 1523 1628 1571 Quod
1647 1525 1676 1564 si
1696 1540 1855 1565 mensam
1876 1527 2054 1580 ejusmodi
2070 1528 2128 1568 vi-

1163 1582 1271 1634 derit,
1285 1584 1471 1622 confestim
1481 1586 1658 1638 ejusmodi
1670 1597 1869 1627 conventus
1882 1590 1923 1627 fit
1935 1590 2126 1644 particeps,

1163 1652 1197 1682 et
1219 1644 1255 1682 in
1279 1659 1361 1683 eum
1387 1659 1424 1685 se
1449 1646 1568 1686 insert.
1596 1649 1677 1701 Ipse
1704 1649 1799 1688 enim
1820 1659 1890 1700 est,
1916 1652 1978 1702 qui
2005 1651 2124 1691 dixit:

1163 1707 1411 1746 Esurientem
1425 1722 1485 1746 me
1498 1710 1707 1760 vidistis‚et
1725 1711 1890 1750 aluistis.
1907 1712 1999 1750 Cum
2013 1713 2125 1766 igitur
2139 1732 2251 1760 Manli
2274 1732 2326 1761 25.

1162 1767 1309 1807 inferius
1334 1783 1465 1821 magna
1481 1784 1568 1809 voce
1584 1771 1794 1810 clamantem
1819 1772 2002 1812 audiveris
2024 1772 2189 1828 pau-35·

1161 1844 1303 1883 perem,
1335 1831 1467 1870 deinde
1495 1831 1683 1886 quidpiam
1709 1848 1832 1872 corum
1857 1850 1934 1886 qua]
1962 1837 2123 1889 apposita

1161 1901 1243 1930 sunt
1254 1893 1299 1931 de
1314 1908 1434 1932 mensa
1450 1907 1558 1946 egeno
1573 1893 1715 1933 dederis
1725 1925 1736 1945 ‚
1751 1896 1949 1935 Dominum
1964 1897 2010 1935 ad
2026 1912 2123 1936 men-

1160 1967 1237 1992 sam
1248 1954 1382 1994 vocasti
1396 1969 1458 2008 per
1469 1969 1614 1995 servum
1625 1987 1634 2005 ‚
1649 1965 1683 1994 et
1697 1956 1798 1995 illam
1813 1966 1924 1996 totam
1940 1958 2006 1996 Dei
2018 1959 2123 1998 bene-

1157 2014 1378 2056 dictionibus
1399 2017 1601 2070 replevisti,
1630 2018 1831 2070 oblatisque
1857 2019 2029 2072 primitiis
2045 2035 2124 2058 ma-

1158 2077 1297 2117 ximam
1338 2079 1558 2119 occasionem
1593 2089 1655 2118 tua
1689 2081 1911 2133 promtuaria
1951 2082 2120 2135 plurimis

1157 2140 1360 2194 complendi
1378 2141 1482 2180 bonis
1501 2141 1698 2195 praebuisti.
1719 2143 1817 2181 Deus
1830 2152 1948 2181 autem
1967 2144 2065 2196 pacis
2086 2154 2119 2183 et
2134 2155 2162 2175 2-
2186 2146 2256 2175 ‘'w'-
2268 2157 2288 2186 9

1158 2202 1335 2253 caritatis,
1362 2202 1425 2255 qui
1452 2202 1515 2242 dat
1538 2218 1668 2257 panem
1689 2203 1735 2242 ad
1753 2204 2066 2258 manducandum,
2086 2216 2120 2246 et
2139 2197 2174 2218 ¹⁰

1155 2277 1275 2302 semen
1300 2263 1513 2314 seminanti,
1539 2274 1697 2304 vestram
1721 2274 1914 2305 sementem
1940 2267 2120 2322 multipli-

1155 2333 1208 2363 cet
1217 2355 1230 2376 ,
1260 2334 1294 2364 et
1325 2334 1453 2378 augeat
1486 2325 1704 2365 incrementa
1731 2327 1880 2379 frugum
1907 2328 2058 2381 justitiae
2083 2329 2121 2368 in

1154 2387 1324 2426 omnibus
1338 2388 1462 2438 vobis,
1481 2402 1584 2426 suam
1610 2388 1699 2427 dans
1716 2389 1867 2441 gratiam
1879 2419 1889 2438 ,
1914 2404 2046 2442 vosque
2064 2405 2120 2430 re-

1154 2463 1224 2501 gno
1243 2449 1416 2488 coelorum
1430 2448 1621 2502 dignetur:
1637 2450 1739 2502 cujus
1758 2463 1821 2488 nos
1835 2451 2024 2503 participes
2041 2451 2118 2490 fieri

1154 2510 1359 2563 contingat,
1391 2510 1505 2563 gratia
1532 2519 1567 2549 et
1592 2510 1812 2563 benignitate
1838 2512 1986 2549 Domini
2005 2511 2116 2550 nostri

1153 2574 1174 2612 J
1178 2587 1239 2611 esu
1259 2572 1418 2621 Christi,
1438 2585 1503 2624 per
1516 2586 1623 2623 quem
1639 2581 1673 2610 et
1689 2585 1770 2609 cum
1786 2586 1857 2624 quo
1871 2572 1983 2624 gloria
1999 2573 2113 2623 Patri,

1152 2643 1186 2672 ct
1202 2632 1356 2686 Spiritui
1375 2641 1496 2671 sancto
1507 2662 1518 2683 ‚
1536 2646 1631 2671 nunc
1647 2641 1681 2670 et
1700 2646 1858 2686 semper,
1880 2642 1914 2672 et
1934 2633 1969 2671 in
1987 2633 2113 2672 saecula

1152 2695 1379 2734 saeculorum.
1399 2695 1526 2733 Amen.

1480 2829 1652 2869 SERMO
1682 2831 1788 2871 VIII.

1153 2940 1201 2975 In
1222 2939 1323 2975 diem
1338 2937 1575 2983 nimbosum,
1592 2943 1628 2973 et
1648 2937 1690 2972 in
1715 2943 1947 2974 conventum
1963 2939 2108 2989 episco-

1203 3012 1359 3052 porum,
1391 3006 1428 3036 et
1447 2998 1495 3035 de
1521 2997 1709 3035 mandato
1729 2997 1835 3050 quod
1850 2999 2037 3036 traditum
2055 3008 2109 3037 est

1206 3059 1391 3106 Adanm,
1430 3072 1657 3112 magumque
1688 3059 1942 3111 providentiae
1984 3061 2110 3113 fuisse

1204 3122 1310 3175 quod
1324 3122 1444 3174 legem
1460 3122 1663 3172 acceperit.

1207 3249 1240 3284 1.
1273 3244 1432 3283 Nubium
1465 3243 1610 3296 quidem
1646 3257 1838 3282 concursus
1872 3243 1967 3282 diem
2003 3243 2106 3281 nobis

6 3314 8 3317 ’
49 3304 259 3358 τηφεστέραν
277 3306 457 3355 ἐποίησεν·
480 3312 502 3356 ἠ
528 3308 563 3347 δὲ
586 3308 760 3361 παρουσία
780 3313 840 3349 τοῦ
861 3311 1072 3352 διδασκάλου
1101 3326 1126 3356 1)
1152 3306 1310 3348 reddidit
1325 3305 1542 3345 tristiorem:
1563 3303 1737 3344 adventus
1750 3314 1866 3343 autem
1881 3303 2036 3342 doctoris
2049 3304 2104 3342 hi-
2120 3303 2162 3331 ¹³⁶·
2194 3305 2307 3331 Uri-¹<

49 3366 276 3420 φαιδροτέραν
310 3368 416 3417 αὐτὴν
437 3370 634 3422 εἰργάσατο.
659 3373 713 3411 Οὐ
737 3370 804 3423 γὰρ
840 3371 948 3418 οὕτως
975 3373 1073 3421 ἥλιος

2117 3356 2154 3373 no
2170 3349 2307 3385 cpiu'upo

1148 3371 1314 3412 latiorem
1336 3368 1441 3409 illum
1466 3366 1594 3408 effecit.
1618 3369 1697 3409 Non
1719 3367 1813 3407 enim
1838 3367 1886 3406 ita
1916 3366 1989 3417 sol,
2022 3381 2102 3406 cum

2117 3387 2260 3426 loquitur,
