2516 3791
731 228 773 257 ΙΝ
810 227 912 258 CAP.
953 226 1016 256 ΧΙ.

135 316 227 352 Θεοῦ
257 313 428 364 ῥηθεῖσιν,
456 310 552 349 οὐδὲν
580 309 778 358 ἐνδοιάσας,
808 309 888 348 οὐδὲ
917 308 1162 361 ἀμφιὸάλλων,

1052 224 1214 255 ΟΕΝΕ5.

2095 209 2184 254 363

1237 314 1371 344 turum.
1384 303 1487 343 Sicut
1504 303 1674 354 loquutus
1694 312 1745 341 est
1766 303 1797 342 ei
1816 303 2006 351 Dominus,
2030 305 2077 342 ita
2102 320 2190 357 pro—

1254 222 1410 253 noant..
1450 221 1578 251 xxxt-

136 375 212 413 ἀλλ’
244 371 497 425 ἐστηριγμένην
521 371 611 424 ἔχων
644 371 708 418 τὴν
740 370 893 410 διάνοιαν
925 370 985 409 καὶ
1017 370 1076 409 τὸν
1103 371 1163 407 λο-
1176 399 1222 424 3¹2
1235 366 1346 404 sectus
1360 374 1412 404 est
1427 364 1486 403 :id
1500 373 1564 413 est,
1576 362 1729 402 credidit
1747 364 1790 402 iis
1808 378 1886 415 quse
1902 364 1972 402 sibi
1988 378 2007 402 a
2022 365 2096 402 Deo
2110 376 2192 404 sunt

135 433 260 486 γισμὸν
273 463 282 480 ,
315 432 423 476 οὕτως
456 432 624 485 ἐπορεύθη
652 447 660 456 ·
693 432 746 471 διὸ
778 433 836 470 καὶ
869 434 1001 478 πολλῆς
1034 429 1165 473 εὐνοίας

137 495 322 542 ἀπήλαυσε
358 494 456 545 παρὰ
487 499 546 533 τοῦ
572 493 763 532 Δεσπότου.
793 493 863 532 Καὶ
894 492 1024 545 ᾤχετο,
1057 491 1164 544 φησὶ,

139 557 198 596 καὶ
231 555 315 595 Λὼτ
347 556 424 608 μετ’
460 559 576 594 αὐτοῦ.
610 555 714 598 Τίνος
747 554 861 593 ἕνεκεν
879 585 888 602 ,
923 553 1078 595 εἰπόντος
1105 555 1165 590 τοῦ

139 621 252 666 Θεοῦ,
273 617 416 662 Ἔξελθε
435 619 475 656 ἐκ
500 620 562 663 τῆς
593 620 658 668 γῆς
686 632 766 664 σου,
795 615 855 654 καὶ
885 617 924 653 ἐκ
951 617 1015 660 τῆς
1045 628 1166 663 συγγε-

139 680 231 724 νείας
263 695 346 726 σου,
377 678 436 716 καὶ
468 680 508 716 ἐκ
536 683 597 717 τοῦ
624 677 719 716 οἴκου
750 681 810 716 τοῦ
828 675 958 727 πατρός
988 689 1068 721 σου,
1087 677 1165 711 τοῦ·

140 756 197 780 τον
221 740 428 792 ἐπεφέρετο;
447 738 541 792 Οὐχὶ
556 738 768 792 παρακούων
789 741 848 776 τοῦ
865 735 1042 775 Δεσπότου
1055 765 1065 782 ,
1087 735 1164 772 ἀλλ’

141 802 224 845 ἴσως
243 800 362 848 ἐπειδὴ
383 801 455 844 νέος
469 795 524 848 ἦν,
540 800 600 838 καὶ
618 798 751 851 πατρὸς
771 797 892 850 χώραν
913 799 1005 848 αὐτῷ
1022 798 1162 846 ἐπεῖχε,

140 866 298 905 κάκεῖνος
323 862 379 900 διὰ
396 861 639 914 φιλοστοργίαν
655 891 663 907 ,
685 859 744 897 καὶ
763 860 825 906 τὴν
845 861 914 897 τῶν
929 857 1068 910 τρόπων
1089 858 1165 894 ἐπι-

139 922 280 970 είκειαν,
297 922 597 965 δυσαποσπάστως
615 915 689 973 εἶχε
707 925 767 959 τοῦ
782 919 934 965 δικαίου,
949 918 1077 964 ταύτης
1094 917 1163 955 ἔνε-

137 999 197 1022 κεν
216 987 279 1030 τῆς
301 982 414 1026 αἰτίας
439 984 502 1021 οὐκ
528 982 692 1035 ἀνέχεται
717 974 818 1020 αὐτδν
835 983 1055 1020 καταλιπεῖν.
1075 982 1164 1018 Λοι-

138 1046 203 1084 πὸν
236 1045 271 1084 δὲ
300 1044 359 1084 καὶ
380 1048 414 1084 ἐν
435 1044 530 1089 τάξει
549 1045 671 1087 παιδὸς
701 1044 802 1082 αὐτὸν
831 1037 943 1095 εἶχεν,
974 1044 1008 1080 ἐν
1041 1040 1165 1092 ἡλικίᾳ

138 1107 279 1159 τοιαύτῃ
299 1108 428 1151 παῖδας
447 1107 539 1159 ἔχειν
561 1107 610 1157 μὴ
631 1105 786 1152 δυνηθεὶς
807 1105 864 1144 διὰ
883 1104 946 1152 τὴν
965 1107 1027 1151 τῆς
1046 1103 1165 1155 Σάρας

139 1168 335 1222 στείρωσιν.
355 1167 487 1212 Ἄλλως
508 1168 543 1206 δὲ
565 1167 624 1206 καὶ
643 1170 660 1206 ὁ
685 1167 810 1219 τρόπος
827 1170 887 1204 τοῦ
908 1165 984 1204 νέου
1010 1167 1048 1203 οὐ
1074 1163 1163 1203 πολὺ

141 1229 262 1268 ἀπέδει
280 1233 340 1268 τοῦ
362 1229 508 1268 δικαίου.
529 1229 622 1267 Αὐτὸ
641 1227 709 1280 γὰρ
725 1231 828 1266 τοῦτο
850 1227 906 1274 τὸ,
926 1225 1164 1278 προκειμένων

140 1293 208 1329 τῶν
227 1290 286 1329 δύο
305 1291 484 1342 ἀδελφῶν,
505 1295 714 1342 προσνεῖμαι
732 1289 852 1327 ἑαυτὸν
872 1291 919 1340 τῷ
939 1287 1079 1340 δικαίῳ,
1103 1286 1164 1324 πό-

141 1366 205 1397 σης
225 1345 267 1397 ἦν
294 1352 485 1397 συνέσεως,
514 1351 554 1388 τὸ
583 1351 756 1402 διακρῖναι
791 1349 850 1387 καὶ
880 1348 1070 1398 δοκιμάσαι
1097 1347 1165 1385 τίνι

139 1414 209 1450 τῶν
226 1412 326 1450 θείων
348 1411 418 1450 δέοι
437 1411 481 1450 τὰ
501 1413 578 1449 καθ’
601 1410 721 1448 ἑαυτὸν
734 1410 919 1462 ἐπιτρέψαι
927 1425 937 1456 3
955 1409 1025 1448 Καὶ
1037 1409 1076 1447 τὸ
1091 1409 1165 1448 ἕλε’-

141 1476 220 1511 σθαι
238 1473 302 1520 τὴν
323 1472 521 1523 ἀποδημίαν
535 1502 544 1520 ,
565 1471 624 1510 καὶ
644 1471 729 1510 αὐτὸ
743 1472 849 1509 πάλιν
870 1472 997 1522 δεῖγμα
1014 1474 1076 1518 τῆς
1096 1473 1165 1508 τῶν

140 1533 277 1586 τρόπων
305 1528 348 1580 ἦν
371 1533 612 1585 κοσμιότητος.
633 1534 677 1571 Εἰ
696 1531 763 1584 γὰρ
781 1533 840 1570 καὶ
857 1532 896 1570 τὸ
914 1534 1110 1570 τελευταῖον
1130 1533 1164 1571 ἔν

138 1610 229 1633 τισιν
248 1594 340 1639 ἔδοξε
370 1594 638 1647 διαμαρτάνειν,
657 1593 762 1640 ἡνίκα
785 1599 856 1637 τοῖς
879 1593 1063 1646 πρωτείοις
1083 1595 1166 1632 ἐπε-

138 1656 306 1704 πήδησεν,
322 1658 398 1695 ἀλλ’
422 1656 519 1707 ὅμως
537 1657 615 1694 κατ’
632 1657 726 1708 ἴχνος
746 1660 806 1694 τοῦ
827 1654 959 1693 δικαίου
976 1655 1165 1700 ἐσπούδαζε

139 1717 356 1770 πορεύεσθαι.
385 1718 455 1757 Καὶ
484 1717 541 1757 διὰ
570 1721 672 1756 τοῦτο
703 1717 763 1755 καὶ
793 1721 811 1755 ὁ
838 1716 969 1760 δίκαιος
1003 1717 1166 1756 κοινωνὸν

139 1778 315 1829 ἐλάμὸανε
342 1781 405 1825 τῆς
429 1778 643 1830 ὁδοιπορίας,
667 1780 825 1822 κάκεῖνος
852 1778 940 1829 μετὰ
970 1778 1167 1830 προθυμίας

140 1842 201 1887 τῆς
220 1842 306 1878 οἴκοι
327 1840 507 1891 διατριὸἧς
531 1839 594 1886 τὴν
615 1838 711 1886 ξένην
729 1839 975 1892 προετίμησεν.
996 1834 1085 1877 Εἶτα
1108 1838 1166 1877 ἵνα

142 1901 308 1951 μάθωμεν
330 1901 383 1938 ὅτι
405 1903 443 1938 οὗ
472 1900 644 1952 νεανίσκῳ
665 1901 738 1939 ὄντι
761 1903 811 1952 τῷ
830 1900 1034 1952 πατριάρχῃ
1056 1905 1166 1939 ταῦτα

140 1961 326 2000 ἐπέταττεν
355 1964 372 1999 ὁ
400 1961 605 2009 Δεσπότης,
632 1963 707 2000 ἀλλ’
727 1961 794 2009 ἤδη
816 1961 901 2015 πρὸς
927 1964 1037 2014 γῆρας
1062 1961 1167 2000 ε’λαύ-

141 2039 250 2069 νοντι,
271 2022 328 2061 ὅτε
347 2023 406 2061 καὶ
423 2022 648 2075 ὀκνηρότερον
671 2023 792 2062 λοιπὸν
812 2025 842 2061 οἱ
863 2022 1000 2066 πλείους
1019 2024 1088 2060 τῶν
1109 2023 1167 2060 ἀν-

139 2082 288 2136 θρώπων
327 2084 413 2135 πρὸς
452 2083 515 2127 τὰς
557 2083 756 2134 ἀποδημίας
792 2083 1006 2132 διάκεινται,
1043 2084 1166 2136 φησίν·

138 2144 279 2197 Ἀδραμ
301 2144 337 2182 δὲ
369 2139 411 2190 ἦν
432 2147 517 2182 ἐτῶν
540 2144 782 2194 ἑὸδομῆκοντα
801 2145 917 2192 πέντε,
947 2147 1004 2183 ὅτε
1026 2144 1165 2191 ἐξῆλθεν

138 2206 179 2243 ἐκ
198 2205 354 2257 Χαῤῥάν.
375 2198 476 2248 Εἶδες
492 2208 566 2249 πῶς
585 2204 662 2243 οὔτε
683 2209 706 2252 ἡ
736 2205 858 2251 ἡλικία
871 2233 880 2251 ,
900 2204 978 2243 οὔτε
997 2206 1113 2259 ἕτερόν
1133 2222 1167 2244 τι

139 2268 211 2315 τῶν·
227 2264 429 2316 δυναμένων
451 2265 554 2304 αὐτὸν
578 2265 839 2304 ἐπισπάσασθαι
867 2265 953 2318 πρὸς
983 2266 1046 2314 τὴν
1079 2266 1167 2314 οἴκοι

137 2327 344 2380 παραμονὴν
363 2326 512 2376 κώλυμα
527 2329 622 2380 αὐτῷ
638 2328 790 2380 γέγονεν,
810 2327 900 2366 ἀλλὰ
915 2328 1056 2367 πάντων
1077 2328 1166 2368 ἀνώ-

137 2403 234 2440 τερος
252 2387 388 2440 ἐγένετο
406 2391 424 2426 δ
439 2392 498 2426 τοῦ
519 2390 613 2428 Θεοῦ
643 2388 758 2432 πόθος.
776 2388 889 2428 (Ὅταν
920 2389 988 2442 γὰρ
1018 2394 1040 2437 ἡ
1069 2390 1164 2443 ψυχὴ

139 2450 390 2502 διεγηγερμένη
421 2450 481 2488 καὶ
510 2450 667 2503 νήφουσα
694 2444 738 2502 ᾗ,
768 2449 885 2489 πάντα
914 2452 1091 2503 δια-τέμνει
1121 2453 1165 2492 τὰ

138 2510 349 2561 κωλύματα,
368 2511 429 2549 καὶ
447 2511 510 2558 ὅλη
531 2511 664 2564 γίνεται
682 2516 742 2550 τοῦ
769 2512 1002 2563 ποθουμένου,
1026 2513 1086 2551 καὶ
1105 2516 1163 2552 ὑπ’

139 2571 271 2614 οὐδενὸς
291 2574 360 2609 τῶν
380 2573 415 2609 ἐν
435 2572 532 2625 μέσῳ
548 2573 766 2625 φαινομένων
786 2574 965 2626 δυσχερῶν
981 2573 1166 2613 διακόπτε-

139 2647 219 2679 ται,
240 2632 329 2671 ἀλλὰ
349 2633 464 2671 πάντα
479 2633 716 2687 παρατρέχει,
735 2635 795 2673 καὶ
819 2637 857 2674 οὐ
878 2635 1044 2688 πρότερον
1064 2635 1165 2676 ἵστα-

138 2710 217 2742 ται,
237 2694 362 2747 μέχρις
387 2694 428 2732 ἂν
448 2695 597 2748 ἐπιτύχῃ
618 2700 677 2733 τοῦ
703 2697 995 2747 σπουδαζομένου.
1025 2698 1093 2736 Διά
1111 2714 1165 2737 τοι

139 2758 240 2793 τοῦτο
254 2755 313 2793 καὶ
331 2758 348 2793 ὁ
369 2755 499 2799 δίκαιος
515 2750 614 2799 οὗτος
625 2787 634 2804 ,
653 2757 713 2795 καὶ
733 2757 800 2796 ὑπὸ
813 2762 874 2796 τοῦ
891 2758 1007 2811 γήρως
1022 2759 1082 2797 καὶ
1097 2759 1165 2798 ὑπὸ

140 2814 266 2866 ἑτέρων
290 2816 458 2854 πλειόνων
477 2816 672 2856 κωλύεσθαι
701 2818 906 2870 δυνάμενος,
926 2819 1042 2858 πάντα
1064 2821 1160 2873 διαρ-

141 2875 247 2927 ῥήξας
271 2875 316 2913 τὰ
345 2876 476 2926 δεσμὰ,
507 2878 667 2932 καθάπερ
699 2879 772 2924 νέος
800 2880 860 2918 καὶ
895 2883 1070 2933 σφριγῶν,
1104 2882 1161 2920 καὶ

139 2936 207 2975 ὑπὸ
229 2937 375 2988 μηδενὸς
403 2937 643 2989 κωλυόμενος,
662 2940 770 2986 οὕτως
795 2941 942 2981 ἔσπευδε
971 2943 1031 2980 καὶ
1061 2943 1162 2989 ἠπεί-

138 3012 218 3048 γετο
246 2999 294 3040 εἷς
318 2997 418 3049 ἔργον
443 3001 585 3050 ἀγαγεῖν
606 3005 666 3039 τοῦ
692 3002 870 3042 Δεσπότου
899 3004 938 3042 τὸ
969 3003 1161 3056 ἐπίταγμα.

138 3057 231 3097 Οὐδὲ
266 3057 334 3111 γὰρ
363 3052 433 3096 οἶόν
464 3059 503 3097 τέ
532 3076 617 3099 ποτε
652 3063 863 3113 βουληθέντα
900 3063 979 3102 τινὰ
1007 3065 1163 3117 γενναῖόν

139 3134 171 3156 τι
220 3118 280 3156 καὶ
317 3119 472 3172 ἀνδρεῖον
511 3121 766 3172 ἐπιδείξασθαι,
807 3123 934 3177 ἑτέρως
971 3129 1073 3163 τοῦτο
1114 3128 1163 3170 εἷς

139 3179 238 3231 ἔργον
263 3182 426 3231 ἀγαγεῖν,
447 3180 496 3231 μὴ
521 3182 688 3236 πρότερον
716 3185 818 3223 αὐτὸν
847 3185 933 3239 πρὸς
952 3186 1090 3224 ἅπαντα
1118 3186 1163 3225 τὰ

142 3239 313 3290 μέλλοντα
340 3242 434 3293 αὐτῷ
453 3243 538 3293 πρὸς
556 3243 618 3291 τὴν
637 3245 803 3291 τοιαύτην
829 3246 1029 3299 ἐγχείρησιν
1051 3250 1163 3298 ἐμπο-

141 3299 209 3338 δὼν
229 3299 391 3340 ἵστασθαι
416 3303 716 3356 παραταξάμενον.
735 3307 851 3345 Τοῦτο
871 3307 913 3353 δὴ
933 3310 1052 3361 σαφῶς
1068 3308 1127 3346 καὶ
1146 3312 1165 3346 ὁ

143 3360 273 3405 δίκαιος
292 3357 388 3406 οὗτος
417 3365 666 3415 ἐπιστάμενος,
684 3365 799 3405 πάντα
824 3368 1065 3421 παραδραμὼν
1078 3400 1087 3416 ,
1107 3370 1166 3408 καὶ

144 3422 233 3470 μήτε
255 3423 448 3473 συνήθειαν,
468 3426 556 3475 μήτε
574 3427 785 3478 συγγένειαν,
804 3429 893 3479 μήτε
910 3430 1022 3468 οἰκίαν
1043 3446 1166 3483 πατρι-

1188 437 1212 465 A
1235 426 1346 476 dicta,
1378 426 1469 464 nihil
1491 426 1684 473 fluctuans,
1713 425 1805 464 nihil
1832 424 2014 474 dubitans,
2042 425 2103 463 sed
2133 427 2193 464 fir-

1237 496 1332 525 mato
1361 487 1479 526 animo
1503 486 1551 526 ita
1574 488 1751 540 profectus
1776 496 1846 526 est:
1868 486 2001 525 idcirco
2020 495 2053 524 et
2079 502 2098 524 a
2119 488 2192 525 Do-

1238 547 1334 585 mino
1354 560 1518 597 magnam
1538 546 1693 586 obtinuit
1715 546 1878 597 gratiam.
1891 548 1944 585 Et
1959 548 2042 595 ivit,
2060 546 2189 597 inquit,

1236 614 1271 643 et
1289 607 1361 644 Lot
1387 619 1473 643 cum
1493 620 1551 644 eo,
1575 606 1696 651 Quare
1725 619 1808 643 cum
1827 605 2004 643 Dominus
2029 603 2163 642 dixerit
2182 621 2189 641 ε

1237 667 1432 718 Egredere
1459 667 1506 704 de
1528 675 1631 704 terra
1653 675 1734 712 tua,
1758 675 1794 704 et
1815 667 1862 703 de
1876 668 2106 718 cognatione
2126 675 2195 704 lua

1237 735 1273 764 et
1300 727 1348 764 de
1372 727 1486 763 domo
1512 729 1635 778 patris
1665 730 1721 764 tm*
1741 743 1755 771 ;
1778 726 1872 763 bunc
1899 726 2092 764 assumsit?
2114 728 2194 766 Non

1236 788 1305 826 suit
1329 787 1539 826 inobediens
1558 787 1740 826 Domino:
1769 787 1830 825 sed
1858 788 1947 826 sorte
1967 788 2049 838 quia
2069 789 2195 840 juveni

1237 858 1310 887 erat
1326 849 1437 901 patris
1455 849 1533 887 loco
1550 848 1737 900 praefectus
1756 863 1763 883 :
1781 857 1814 885 et
1827 847 1900 896 ille,
1919 848 1965 884 ob
1979 848 2195 899 singularem

1237 924 1409 957 amorem,
1432 922 1645 959 morumque
1665 909 1892 955 suavitatem,
1919 923 1936 945 a
1953 908 2051 959 justo
2071 909 2195 946 divelli

1237 971 1369 1020 noluit,
1390 971 1458 1009 bac
1477 970 1521 1009 de
1540 984 1645 1008 causa
1663 970 1797 1008 Abram
1817 983 1897 1006 eum
1918 968 2116 1019 relinquere
2136 984 2197 1007 uo-

1236 1032 1332 1071 luit:
1367 1032 1512 1085 insuper
1544 1045 1626 1070 eum
1667 1031 1734 1069 filii
1769 1030 1848 1067 loco
1885 1039 2009 1082 postea
2048 1029 2195 1079 lialJuit3

1236 1094 1435 1146 praesertim
1463 1093 1561 1144 quod
1583 1102 1655 1130 tam
1686 1091 1904 1144 grandaevus
1924 1091 2063 1129 nullum
2079 1091 2197 1131 adhuc

1188 1176 1210 1206 Β
1237 1155 1381 1193 haberet
1404 1155 1523 1192 silium
1550 1162 1697 1207 propter
1715 1153 1812 1192 Sarae
1835 1152 2074 1190 sterilitatem.
2097 1153 2198 1192 Alio-

1237 1216 1323 1267 quin
1351 1217 1458 1254 etiam
1485 1229 1602 1254 mores
1627 1213 1861 1253 adolescentis
1890 1227 1958 1251 non
1990 1214 2143 1252 multum
2177 1231 2196 1253 a

1233 1277 1322 1330 justi
1352 1277 1530 1330 probitate
1560 1277 1719 1316 aberant.
1741 1277 1832 1314 Nam
1856 1274 1923 1313 boc
1950 1274 2195 1327 ipsumquod‚

1237 1339 1429 1391 propositis
1457 1339 1488 1377 ei
1520 1339 1661 1378 duobus
1690 1339 1876 1387 fratribus,
1905 1336 1980 1388 ipse
2009 1338 2107 1389 justo
2131 1339 2195 1378 ad-

1237 1399 1405 1448 haereret,
1449 1409 1588 1451 quantae
1630 1399 1827 1453 prudentiae
1857 1399 1947 1447 fuit,
1997 1398 2197 1454 dijudicare

1236 1475 1363 1514 nempe
1387 1470 1422 1500 et
1446 1461 1645 1500 discernere
1670 1463 1728 1500 cui
1757 1472 1964 1515 patruorum
1993 1464 2047 1502 sui
2074 1477 2196 1501 curam

1236 1521 1440 1573 permittere
1461 1521 1605 1560 deberet
1626 1521 1644 1558 Ξ)
1659 1521 1808 1574 Insuper
1824 1530 1858 1559 et
1877 1521 2196 1575 peregrinationem

1237 1582 1381 1634 eligere,
1409 1582 1602 1621 honestatis
1628 1597 1769 1621 morum
1791 1592 1865 1621 erat
1895 1584 2082 1622 indicium.
2104 1584 2196 1621 Nam

1235 1643 1317 1682 licet
1346 1643 1491 1682 tandem
1523 1644 1560 1682 in
1601 1643 1815 1695 quibusdam
1845 1658 1980 1683 errasse
2014 1644 2192 1691 videatur,

1236 1705 1378 1756 quando
1401 1705 1557 1757 potiores
1581 1705 1649 1743 sibi
1673 1714 1790 1757 partes
1808 1705 2010 1758 usurpavit,
2041 1715 2194 1743 attamen

1237 1765 1430 1817 vestigium
1450 1766 1539 1818 justi
1559 1765 1726 1817 subsequi
1747 1769 1909 1818 proxime
1928 1766 2109 1804 studebat.
2133 1768 2195 1803 At-

1238 1839 1306 1876 que
1321 1825 1401 1864 ideo
1411 1826 1532 1877 justus
1548 1826 1651 1863 illurn
1673 1826 1707 1863 in
1728 1826 1864 1864 socium
1886 1827 2022 1864 itineris
2041 1826 2191 1879 accepit,

1238 1896 1271 1924 et
1294 1887 1369 1939 ipse
1389 1901 1515 1938 magna
1538 1886 1720 1925 alacritate
1743 1887 1964 1939 peregrinam
1994 1887 2106 1925 vitam
2129 1887 2193 1926 do-

1239 1947 1391 1985 mesticae
1420 1947 1713 2000 praetiilit.Porro
1741 1957 1779 1985 ut
1801 1948 1955 1986 sciamus
1979 1948 2054 1986 liaee
2078 1963 2096 1986 a
2116 1949 2194 1987 Deo

1237 2008 1344 2047 fuisse
1381 2009 1552 2061 imperata
1579 2008 1805 2061 patriarcliae‚
1839 2023 1909 2047 uon
1942 2024 2022 2047 cum
2048 2010 2194 2062 juvenis

1237 2079 1338 2118 esset,
1365 2069 1426 2108 sed
1452 2071 1529 2122 jam
1559 2069 1603 2108 ad
1633 2079 1808 2108 senectam
1836 2071 2010 2122 vergenti,
2047 2070 2193 2122 quando

1237 2131 1398 2184 plerique
1428 2131 1615 2169 hominum
1647 2131 1694 2168 ad
1724 2131 2022 2183 peregrinandum
2052 2132 2192 2183 segnio-

1237 2207 1292 2232 res
1318 2203 1414 2240 sunt,
1440 2193 1558 2244 inquit
1579 2208 1586 2229 :
1607 2193 1757 2230 Abram
1783 2201 1912 2230 autem
1943 2201 2028 2230 erat
2059 2207 2195 2230 anno-

1236 2268 1323 2292 rum
1360 2257 1608 2306 septuaginta
1647 2256 1831 2306 quinque,
1868 2254 2026 2306 quando
2074 2256 2194 2291 exivit

1236 2330 1284 2353 ex
1322 2316 1515 2354 Charran.
1555 2314 1712 2355 Vidistis
1742 2313 1922 2366 quomedo
1954 2329 2016 2352 nec
2045 2323 2130 2353 aetas
2162 2314 2194 2353 ei

1236 2377 1305 2415 fuit
1339 2377 1537 2426 obstaculo,
1578 2390 1692 2427 neque
1726 2375 1826 2414 aliud
1867 2375 2044 2427 quiddam
2075 2376 2194 2429 potuit

1237 2452 1317 2476 eum
1350 2437 1511 2477 detinere
1551 2447 1591 2476 ut
1626 2437 1725 2476 domi
1760 2435 1929 2476 resideret
1967 2453 1974 2473 :
2009 2437 2072 2475 sed
2105 2437 2193 2476 vicit

1235 2500 1353 2539 omnia
1380 2500 1493 2553 ipsius
1519 2499 1555 2538 in
1571 2500 1687 2538 Deum
1714 2513 1826 2537 amor.
1855 2497 1981 2535 Anima
2011 2498 2105 2535 enim
2136 2497 2192 2536 vi-

1235 2562 1351 2614 gilans
1371 2571 1403 2600 et
1429 2561 1546 2599 sobria
1574 2568 1698 2598 cuncta
1717 2558 1902 2611 abrumpit
1921 2557 2188 2610 impedimenta,

1237 2633 1379 2675 totaque
1399 2623 1439 2660 fit
1461 2623 1539 2674 ejus
1557 2635 1663 2672 quem
1692 2629 1800 2666 amat,
1821 2628 1853 2657 et
1877 2634 1896 2657 a
1916 2619 2015 2657 nullo
2037 2619 2134 2670 quod
2155 2621 2192 2658 iu

1236 2684 1352 2723 medio
1363 2683 1513 2722 difficile
1526 2689 1706 2734 appareat,
1723 2679 1893 2718 retardari
1908 2693 1944 2717 se
1963 2680 2113 2732 patitur:
2128 2681 2192 2718 sed

1234 2746 1352 2784 omnia
1373 2744 1545 2798 praeterit‚
1568 2756 1632 2780 nec
1656 2741 1816 2779 subsistit
1835 2741 2044 2794 priusquam
2068 2756 2105 2779 re
2130 2742 2190 2780 de-

1234 2807 1386 2846 siderata
1408 2805 1574 2859 potiatur.
1595 2805 1784 2855 Propterea
1807 2811 1840 2840 et
1855 2803 1974 2855 justus
1996 2802 2060 2840 istc
2079 2802 2190 2855 neque

1235 2878 1431 2917 senectute,
1450 2880 1564 2917 neque
1583 2865 1661 2903 aliis
1680 2863 1847 2916 pluribus
1866 2863 1982 2902 causis
2004 2864 2188 2916 prohiberi

1235 2931 1365 2985 potuit,
1392 2929 1480 2982 quin
1507 2926 1674 2965 omnibus
1701 2925 1877 2978 disruptis
1899 2925 2065 2972 vinculis,
2087 2926 2187 2976 quasi

1231 2992 1376 3047 juvenis
1404 3000 1437 3029 et
1457 2998 1558 3027 aetate
1576 2988 1720 3034 ssorens,
1741 2986 1842 3037 quasi
1862 3000 1882 3024 a
1905 2986 2004 3024 nullo
2025 2986 2188 3039 prohibi-

1236 3064 1305 3102 tus,
1332 3052 1511 3091 festinaret
1535 3058 1568 3087 et
1598 3047 1780 3086 anhelaret
1799 3047 1945 3086 Domini
1969 3058 2186 3101 praeceptum

1236 3116 1415 3169 perficere.
1433 3113 1555 3162 Neque
1576 3109 1669 3147 euim
1689 3108 1860 3161 possibile
1876 3117 1946 3156 est,
1968 3118 2006 3146 ut
2025 3123 2099 3146 rem
2120 3110 2189 3146 for-

1236 3186 1307 3215 tem
1326 3185 1358 3214 et
1379 3172 1556 3225 egregiam
1577 3170 1656 3221 quis
1675 3183 1844 3220 umquam
1864 3169 1968 3208 aliter
1987 3170 2106 3217 saciat,
2121 3169 2190 3208 nisi

1235 3248 1335 3277 antea
1353 3236 1523 3274 adversus
1541 3232 1659 3270 omnia
1673 3245 1752 3282 quae
1775 3231 1950 3284 ejusmodi
1965 3231 2106 3269 conatui
2125 3231 2189 3269 ob-

1189 3322 1212 3352 E
1237 3300 1358 3338 sistere
1368 3303 1527 3350 possunt,
1548 3308 1584 3332 se
1603 3301 1714 3331 armet
1734 3302 1768 3331 et
1793 3293 1957 3331 instruat.
1977 3293 2053 3330 lloc
2068 3293 2190 3344 utique

1239 3361 1331 3398 clarc
1352 3358 1463 3396 sciens
1479 3357 1599 3408 justus
1616 3354 1688 3403 ille,
1707 3353 1874 3392 omnibus
1896 3353 2099 3406 praeteritis,
2122 3368 2189 3391 nou

1187 1904 1210 1935 C

1187 2647 1212 2678 D

1241 3426 1386 3466 curabat
1421 3424 1476 3462 vel
1518 3420 1826 3465 consuetudinem,
1862 3420 1916 3458 vel
1949 3419 2095 3457 domum
2129 3435 2189 3471 pa-
