2516 3791
304 166 399 225 908
634 176 829 208 sennem
868 175 922 205 Ex

306 262 449 308 posthac
464 261 723 304 incideren1,per
736 270 813 303 quae
829 257 892 289 Lot
907 255 1097 287 erudiretur.
1108 252 1191 284 Mihi
1206 251 1298 284 locus

308 324 378 345 non
393 310 524 345 videtur
548 307 672 341 mendo
697 318 826 347 carere,
844 302 935 347 quod
962 311 1075 335 tamen
1099 301 1207 333 eluere
1231 312 1300 333 non

309 373 464 405 possum,
482 361 544 393 nisi
568 371 630 402 pro
658 362 725 392 κατ’
744 362 831 391 αὐτόν
856 354 984 397 legatur
1010 358 1089 386 κατὰ.
1111 356 1222 392 ταὺτὸ,
1242 349 1300 383 sed

310 417 420 456 ἐπέχω.
438 409 574 442 *Probe
590 415 737 447 notatur,-
753 405 812 437 sed
827 403 911 447 quid
931 403 961 433 si
983 403 1115 446 legatur
1136 404 1203 434 κατ’
1228 404 1300 434 αὐτὸ

309 469 340 494 et
359 461 525 504 referatur
545 459 592 490 acl
610 453 801 501 μνςτήριονΡ
823 452 869 485 Ut
885 459 920 483 ιιι
937 459 996 490 est,
1014 450 1195 482 secundum
1213 449 1300 480 Ῐιαηο

311 523 354 543 επ
376 509 565 554 conjectura
584 507 788 551 propositam
817 503 989 534 lectionem
1013 500 1142 533 Latina
1165 500 1301 531 concin-

312 572 476 594 navzmuS.

353 619 389 650 P.
409 617 484 648 367.
512 615 550 648 Α.
571 615 604 647 7.
621 612 776 644 Fortasse
786 607 960 653 legendum
977 612 1017 641 τὰ.
1033 609 1063 640 δὲ
1079 609 1134 641 ὑπὸ
1151 610 1203 639 τοῦ
1218 607 1301 639 Μελ-

310 669 435 710 χισεδέκ.

353 723 391 755 Ρ.
419 721 494 753 555.
513 719 551 753 C.
570 720 602 752 2.
622 723 662 752 τὰ
677 724 736 750 τῶν
753 720 871 761 θηρίων.
891 712 950 745 Vel
977 709 1154 755 legendum
1171 713 1253 743 αὐτοὶ
1271 711 1301 742 ’δὲ

310 781 368 807 τῶν
385 775 493 815 θηρίων
510 773 597 803 αὐτὸν
613 775 711 812 χεῖρον
722 769 868 803 διέθηκαν,
880 761 932 796 vel
949 768 988 797 τὰ
1000 772 1060 796 τῶν
1075 765 1182 807 θηρίων
1199 763 1299 795 &jz-'om

311 827 358 855 καὶ
383 827 485 865 χεῖρον
517 822 664 855 διέθηκαν,
697 822 787 847 recte
808 813 939 846 monuit
964 813 1002 843 A.
1021 812 1197 843 Dounaeus.
1218 807 1302 839 *At

310 869 394 902 mihi
408 867 658 901 emendationes
676 863 864 908 hujusmodi
883 873 950 893 non
963 861 1114 905 placent.
1130 858 1302 890 Libentius

311 919 444 952 credam
461 916 716 960 Clzysostomwn
741 913 847 944 multa
873 923 915 942 ea:
944 918 1083 953 tempore
1109 908 1272 939 dicentem
1288 933 1299 947 ‚

311 980 378 1002 non
391 967 613 1000 omnimodam
629 968 789 1003 συντάξεως
806 961 926 993 habere
942 961 1113 991 rationem.

354 1025 391 1056 P.
411 1024 486 1056 599.
505 1023 546 1054 Α.
566 1023 597 1053 8.
617 1026 756 1063 κατέχεεν
779 1022 870 1052 αὐτοῦ
890 1021 981 1053 ἕλεος.
1007 1012 1175 1058 ὸμηρικὸν,
1194 1013 1302 1054 inquit

311 1077 348 1106 A.
375 1075 559 1112 DounaeuS‚
588 1077 738 1108 θεσπεσίην
767 1072 797 1102 δὲ
827 1073 915 1112 χάριν
942 1071 1098 1109 κατέχευεν
1122 1062 1239 1103 Ᾰθήνη,
1261 1061 1303 1094 (le

312 1123 432 1167 Ulysse
448 1121 608 1166 Odysseae
623 1122 661 1160 A,
680 1127 717 1151 ut
733 1120 863 1161 opinor.
882 1117 933 1148 Ex
948 1114 1014 1147 hoc
1032 1112 1210 1155 multisque
1231 1110 1303 1143 aliis

311 1172 540 1215 intelligimus,
561 1171 669 1213 inquit
684 1170 722 1201 A.
751 1170 807 1208 D.‚
829 1177 930 1210 quam
955 1163 1076 1197 eruditi
1098 1162 1221 1194 fuerint
1242 1161 1303 1194 Se-

311 1223 487 1265 ptuaginta
501 1222 715 1262 InterpreteS.

354 1277 392 1311 P.
413 1279 490 1310 636.
505 1277 543 1308 C.
565 1277 617 1307 10.
636 1283 689 1314 τῆς
711 1278 765 1313 ἔξω
782 1277 937 1314 ysaia-305:
957 1268 1144 1301 Exterioris
1159 1278 1302 1310 genera-

312 1329 422 1360 tionis.
451 1325 542 1367 Quid
565 1325 631 1357 hoc
659 1325 706 1356 rei
733 1321 805 1355 est?
821 1323 994 1359 Fortasse,
1022 1319 1129 1360 iuquit
1154 1315 1303 1348 Andreas

311 1377 493 1415 Dounaeus‚
512 1383 564 1413 τῆς
582 1380 614 1414 ἐξ
628 1379 723 1419 ἀρχῆς
740 1387 798 1414 γεν.
817 1372 956 1403 Latinus
979 1370 1147 1409 Interpres
1168 1364 1302 1398 videtur

311 1437 379 1457 non
395 1425 509 1468 legisse
525 1430 559 1458 τὸ
576 1428 630 1462 ἔξω
650 1438 656 1455 :
685 1429 773 1453 certe
802 1431 868 1451 non
896 1419 997 1451 vertit
1016 1429 1021 1447 :
1050 1426 1163 1448 omnes
1189 1421 1302 1445 tamen

310 1473 386 1507 libri
407 1473 514 1505 nostri
536 1480 568 1504 et
584 1471 678 1514 Regii
701 1469 838 1502 habent.
858 1465 949 1508 Quid
965 1467 992 1498 si
1006 1465 1153 1508 legamus
1169 1471 1222 1501 τῆς
1237 1467 1303 1502 ἑξῆς

311 1520 469 1566 γενέσεως-9
483 1522 500 1538 *
512 1521 659 1552 liIallem
676 1528 847 1562 utrumque
864 1524 896 1549 et
912 1521 966 1555 ἔξω
983 1522 1011 1547 et
1027 1519 1091 1554 ἑξῆς
1107 1514 1232 1545 abesse.

313 1618 1305 1646 ψ

314 1714 546 1752 SELECTA
576 1712 646 1746 EX
677 1708 839 1745 NOTIS
867 1705 1106 1742 JOANNIS
1133 1704 1305 1740 BOISII

567 1815 613 1848 In
630 1813 787 1847 Homlias
803 1813 838 1844 ιή
855 1811 1010 1844 Genesin.

355 1923 432 1955 Non
458 1918 565 1952 solum
590 1925 688 1950 notas
714 1924 801 1958 tuas,
821 1912 911 1958 qnod
941 1925 1043 1945 unum
1069 1921 1181 1945 tamen
1208 1924 1224 1944 a
1250 1924 1302 1945 me

309 1970 536 2015 postulavisti,
548 1968 612 2010 legi
628 1975 660 2000 et
677 1967 824 2005 excussi,
843 1971 1033 2007 quantaque
1050 1964 1144 2006 potui
1166 1975 1245 1995 cura
1262 1974 1301 1995 ac

309 2021 480 2065 diligentia
499 2031 574 2051 cum
592 2025 751 2050 contextu
768 2015 1002 2059 Chrysostomi
1019 2015 1226 2056 comparavi,
1243 2012 1301 2046 sed

309 2073 407 2105 etiam
432 2075 464 2110 ἐξ
481 2075 642 2115 &ninii-‘2022
659 2066 763 2109 adjeci
780 2065 884 2097 multa
902 2063 943 2095 de
968 2075 1057 2104 meo,
1080 2071 1133 2105 et,
1154 2071 1190 2095 ut
1207 2062 1302 2095 theo-

308 2121 376 2166 logi
391 2121 584 2163 loquuntur,
603 2116 845 2160 supererogavi‚
861 2126 929 2146 non
948 2122 1056 2146 tamen
1071 2114 1117 2145 ita
1134 2121 1170 2145 ut
1186 2124 1301 2155 super-

309 2171 476 2213 erogando
494 2181 545 2201 me
563 2169 717 2200 meritum
736 2164 920 2208 quidquam
937 2175 1005 2195 esse
1029 2171 1140 2205 putem
1156 2189 1163 2201 ,
1181 2172 1301 2205 praeter

308 2220 450 2252 fistulam
480 2219 648 2250 Ciceronis
676 2214 908 2258 pastoritiam,
939 2225 1003 2256 qua
1029 2212 1156 2245 idcirco
1181 2212 1301 2257 dignus

309 2270 447 2303 fortasse
465 2279 611 2308 censear,
624 2265 712 2309 quod
731 2267 792 2297 sim
809 2276 905 2295 ausus
924 2265 1006 2295 vesti
1019 2264 1111 2305 quasi
1128 2275 1300 2305 purpnreae

308 2319 536 2363 supplementa
548 2318 609 2348 ista
621 2316 780 2347 crassiore
793 2313 846 2345 filo
858 2320 1014 2345 contexta
1026 2324 1166 2345 assuere.
1178 2314 1300 2345 Emen—

309 2368 462 2402 dationes
475 2368 561 2400 enim
579 2377 704 2404 omnes,
720 2375 801 2407 quas
815 2362 932 2401 assem,
946 2373 1026 2394 meze
1042 2370 1119 2394 sunt
1133 2364 1300 2405 conjectu-

310 2431 371 2458 rae,
391 2426 423 2450 et
441 2419 579 2450 fortasse
601 2415 713 2447 multis
729 2414 763 2445 in
786 2412 868 2445 locis
893 2423 1009 2454 parum
1025 2410 1214 2453 probabiles
1240 2423 1300 2446 nec

309 2471 388 2502 satis
401 2470 481 2500 scite
495 2465 656 2499 conlictae.
672 2463 738 2497 Sed
752 2471 788 2495 ut
798 2473 864 2494 non
876 2471 991 2493 omnes
1004 2460 1120 2503 dignas
1133 2463 1298 2500 existimo,

311 2530 382 2563 quae
401 2517 608 2550 eruditorum
626 2513 761 2546 calculis
777 2510 1006 2555 approbentur
1021 2527 1026 2544 :
1047 2513 1091 2543 ita
1111 2511 1300 2553 nonnullas,

311 2569 442 2602 tametsi
453 2565 657 2609 paucissimae
668 2576 712 2596 eze
723 2565 800 2601 sint,
814 2562 949 2594 meliore.
961 2561 1066 2593 sidere
1080 2569 1174 2594 natas
1186 2561 1299 2605 eredo,

310 2630 391 2662 quas
407 2629 448 2650 ne
466 2616 721 2648 emunctissimae
738 2612 872 2656 quidem
888 2613 975 2643 naris
992 2613 1099 2643 critici
1124 2611 1191 2644 sint
1205 2624 1301 2654 pror-

311 2680 365 2700 sus
391 2664 611 2709 aspernaturi,
634 2664 815 2696 Potuissem
830 2691 837 2704 ‚
856 2662 980 2700 fatcor,
998 2661 1233 2704 compendium
1250 2662 1301 2695 la-

312 2717 401 2750 boris
420 2717 538 2755 facere,
558 2723 592 2747 et
609 2715 737 2746 minore
756 2712 861 2745 multo
879 2712 1171 2755 riezotio(sic==ti11
1189 2715 1302 2754 proxi-

311 2769 372 2800 mis
389 2766 432 2799 ad
448 2774 479 2798 te
494 2765 598 2797 literis
612 2764 778 2796 facturum
796 2774 848 2794 me
864 2761 947 2806 dixi)
959 2773 994 2793 ea
1011 2769 1142 2794 tantum
1159 2761 1231 2795 loca
1245 2774 1302 2796 ex-

311 2816 454 2859 pendere
467 2842 475 2855 ,
495 2827 566 2857 quae
583 2826 599 2846 a
627 2821 657 2846 te
679 2822 712 2845 et
727 2815 765 2845 A.
786 2813 932 2844 Dounaeo
957 2819 1073 2843 notata
1091 2820 1199 2845 essent
1219 2825 1225 2844 t
1243 2812 1301 2846 sed

312 2879 388 2899 cum
405 2865 508 2897 multa
523 2874 678 2907 praeterea
696 2862 769 2895 loca
786 2863 870 2894 inter
885 2860 1059 2901 legendum
1073 2870 1300 2906 occurrerent,

312 2928 383 2960 quae
404 2914 582 2958 plurimum
600 2913 680 2945 mihi
697 2911 854 2945 molestiae
868 2910 1082 2952 exhiberent,
1101 2919 1134 2943 et
1149 2917 1200 2952 (ut
1216 2914 1302 2946 scio-

312 2966 421 2999 lorum
438 2976 509 2997 mos
531 2961 772 3003 est)mendosa
797 2961 965 2994 crederem
983 2963 1094 2993 onmia
1108 2989 1116 3003 ‚
1136 2974 1208 3004 qnae
1234 2975 1302 2997 non

311 3015 526 3059 intelligerem
543 3026 549 3044 ι
569 3015 601 3045 in
619 3012 750 3045 homilis
770 3012 886 3044 saltem
905 3013 937 3043 in
957 3011 1099 3044 Genesin
1120 3011 1302 3047 videndum

313 3068 437 3108 putari,
453 3076 494 3097 an
518 3071 593 3106 post
609 3072 697 3094 tuam
715 3071 742 3095 et
764 3061 902 3095 Andreae
926 3062 1060 3094 Dounaei
1082 3073 1217 3096 messem
1236 3066 1303 3106 spi-

313 3128 359 3150 cae
385 3115 502 3158 aliqu-”e
526 3121 733 3156 superessent
756 3125 827 3155 qua:
850 3124 868 3144 a
893 3123 944 3143 me
966 3119 1024 3143 aut
1051 3111 1118 3144 alio
1143 3114 1302 3156 quopiam

314 3177 380 3198 non
397 3166 465 3197 sine
479 3163 589 3196 fructu
604 3163 800 3199 lezerentur.
812 3162 949 3202 Quoties
967 3162 1077 3203 itaque
1092 3162 1176 3194 inter
1195 3162 1302 3205 legen-

314 3214 394 3246 dum
412 3213 560 3245 haesitavi
573 3238 580 3250 ,
600 3212 728 3254 quoties
745 3209 828 3243 ordo
849 3210 1028 3243 verborum
1050 3221 1117 3242 non
1136 3211 1197 3244 suit
1220 3211 1299 3245 mihi

313 3267 393 3299 satis
417 3265 544 3303 obvius,
564 3263 661 3296 toties
687 3263 820 3295 incessit
837 3263 980 3304 suspicio
1006 3261 1139 3295 latentis
1165 3266 1276 3298 mvndi
1291 3292 1300 3307 ,

315 3318 410 3349 toties
435 3314 584 3357 expedivi
603 3313 767 3346 calamum
785 3339 792 3351 ,
812 3320 848 3344 ut
869 3310 1120 3345 emendatorem
1145 3325 1274 3358 agerem
1290 3343 1298 3354 ,

312 3365 401 3409 qnod
419 3376 485 3397 non
497 3363 580 3396 adeo
606 3362 686 3395 mihi
701 3361 837 3394 feliciter
852 3359 984 3404 quidem
1003 3363 1111 3403 cessit,
1122 3364 1202 3405 quin
1217 3364 1299 3396 inul-

958 173 1087 203 NOTts
1121 171 1304 202 HENRICI
1339 169 1507 200 SAVILlI
1542 169 1600 198 ET
1635 168 1826 199 JOANle
1862 168 2012 198 BOlSll.

1373 251 1414 283 tis
1431 250 1464 282 in
1479 249 1560 282 locis
1576 261 1638 292 pro
1653 249 1868 282 emendatore
1891 253 2137 295 παραδιορθώτης
2152 248 2268 280 fuerim
2279 274 2287 286 ,
2303 248 2355 281 id-

1372 311 1434 342 que
1460 311 1513 332 me
1538 301 1610 341 ipso
1633 299 1825 331 Aristarcho
1848 310 1887 330 ac
1905 297 2027 341 judice,
2055 297 2142 330 sicut
2165 309 2205 329 ex
2231 297 2354 331 crebris

1372 348 1488 391 lituris,
1505 348 1623 392 quibus
1639 349 1940 381 animadversiones
1954 360 2032 380 meae
2049 347 2244 390 paginatim‚
2260 355 2297 379 ut
2310 349 2356 380 sic

1370 399 1501 442 loquar,
1519 398 1696 432 maculatae
1722 407 1810 438 sunt,
1830 398 2076 441 deprehendere
2097 398 2186 430 licet.
2205 396 2306 438 Quod
2330 399 2357 430 si

1373 451 1496 491 meipso
1511 448 1622 492 judice
1644 451 1745 482 toties
1762 451 1913 491 peccavi,
1932 457 2057 492 quanto
2074 448 2168 491 plura
2193 455 2269 480 sunt
2285 459 2357 489 quae

1371 499 1654 542 reprehendantur
1679 499 1723 531 ab
1745 499 1816 531 aliis
1836 506 1929 530 tanto
1945 498 1988 530 ad
2007 497 2225 541 judicandum
2251 498 2361 538 aptio„

1371 549 1462 582 ribus
1475 575 1482 589 ,
1496 557 1623 589 quanto
1642 550 1750 581 minus
1765 550 1804 580 iis
1819 548 1917 580 rebus
1939 560 2011 590 quae
2025 546 2186 589 judicium
2207 557 2358 578 corrum-

1370 607 1455 643 punt
1479 598 1658 632 obnoxiis?
1681 601 1721 631 In
1746 600 1834 630 notis
1861 600 1924 631 tuis
1954 589 2037 630 nihil
2063 596 2216 640 displicet
2239 603 2358 638 praeter

1371 649 1569 683 brevitatem
1601 658 1634 682 et
1661 649 1876 692 paucitatem.
1893 650 2056 681 Caeterum
2085 659 2160 679 cum
2188 645 2298 690 cogito
2325 652 2359 677 et

1371 708 1574 743 sumptuum,
1593 710 1676 742 quos
1687 698 1811 738 'fecisti⁷
1829 699 2099 736 immensitatem,
2118 705 2149 729 et
2168 708 2234 728 non
2250 695 2359 727 feren-

1371 748 1432 781 dos
1449 748 1589 789 labores,
1609 760 1692 791 quos
1714 759 1772 790 per
1789 747 1918 790 aliquot
1935 758 2050 787 annos,
2069 757 2134 789 qua
2159 743 2358 786 exemplaria

1370 798 1603 843 Chrysostomi
1618 798 1816 840 conquirens
1831 822 1839 837 ‚
1858 808 1922 839 qua
1945 795 2053 839 legens
2069 803 2102 826 et
2119 794 2274 837 relegens,
2293 803 2358 835 qua

1371 848 1568 890 emendam,
1593 860 1656 892 qua
1680 847 1823 879 invicem
1847 858 2046 889 comparans
2071 845 2270 883 sustinuisti,
2295 843 2357 874 ab·

1371 897 1464 931 solvo
1484 906 1514 930 te
1539 898 1582 930 ab
1599 899 1690 930 omni
1707 896 1815 939 culpa,
1834 899 1902 928 imo
1925 896 2027 928 miror
2044 898 2154 938 potins
2171 894 2261 937 quod
2279 892 2358 925 reli-

1370 950 1444 992 quis
1460 947 1629 980 laboribus
1651 947 1721 991 (qui
1740 946 1840 978 alium
1866 948 2014 989 quemvis
2030 958 2097 979 non
2120 945 2236 978 invicti
2261 943 2359 986 plane

1370 1000 1473 1030 animi
1498 995 1750 1040 oppressissent)
1768 995 1856 1028 hunc
1879 997 1979 1027 etiam
1997 1003 2030 1027 et
2057 1003 2153 1027 notas
2181 1003 2254 1027 tuas
2278 994 2359 1026 scri-

1372 1047 1473 1080 bendi
1483 1055 1516 1080 et
1532 1048 1654 1080 alienas
1665 1044 1853 1089 corrigendi
1864 1045 1987 1077 addere
1999 1044 2142 1077 voluisti.
2153 1044 2257 1079 Andr.
2268 1046 2358 1076 Dou-

1372 1099 1432 1130 naei
1458 1106 1546 1130 notae
1567 1099 1599 1129 in
1625 1099 1760 1129 Homm.
1780 1097 1814 1127 in
1831 1096 1972 1129 Genesin
1996 1097 2130 1139 integrm
2156 1094 2200 1127 ad
2222 1106 2273 1127 me
2290 1105 2358 1128 non

1371 1155 1603 1191 perxenerunt.
1621 1148 1707 1179 Nam
1732 1148 1765 1179 in
1791 1146 1916 1178 chartis
1940 1158 2022 1188 quas
2038 1145 2150 1188 accepi
2168 1144 2358 1177 desideran-

1372 1206 1426 1230 tur
1443 1209 1556 1230 omnes
1574 1197 1616 1229 ab
1631 1196 1723 1229 hom.
1745 1199 1762 1229 5
1781 1196 1825 1229 ad
1839 1195 1931 1229 hom.
1948 1197 1990 1227 48
2002 1223 2010 1237 ‚
2031 1197 2176 1238 exceptis
2192 1195 2359 1227 duntaxat

1371 1248 1564 1291 fragmentis
1591 1247 1805 1291 quibusdam.
1835 1245 1936 1288 Quod
1963 1245 2006 1277 ad
2032 1243 2174 1287 reliquas
2203 1243 2357 1277 homilias

1372 1300 1502 1338 attinet,
1521 1309 1589 1331 non
1612 1299 1817 1340 exspectabis
1836 1305 1872 1329 ut
1893 1296 1991 1330 simili
2008 1307 2061 1328 eas
2087 1295 2258 1337 diligentia
2284 1305 2361 1326 exa-

1372 1349 1508 1389 minem,
1526 1360 1590 1391 qna
1607 1348 1665 1381 has
1682 1350 1715 1381 in
1730 1349 1884 1381 Genesin.
1903 1349 2016 1389 Neque
2032 1345 2120 1379 enim
2139 1348 2234 1385 vires,
2254 1354 2360 1388 neque

1372 1399 1476 1430 otium
1495 1400 1672 1440 patientur.
1685 1399 1784 1431 Haud
1799 1398 1883 1430 bene
1900 1408 2041 1438 namque
2061 1397 2220 1428 convenit
2243 1403 2358 1437 pasto-

1372 1449 1432 1481 rali
1447 1461 1526 1481 meae
1541 1461 1627 1480 curce
1646 1449 1750 1491 <cujus
1768 1460 1851 1480 onus
1867 1455 1976 1479 totum
1998 1446 2085 1478 solus
2107 1447 2267 1486 sustineo)
2283 1456 2360 1477 cum

1371 1500 1495 1531 criticis
1512 1499 1581 1531 istis
1592 1500 1691 1531 curis.
1707 1499 1872 1539 Quocirca
1884 1506 1941 1530 ant
1956 1496 1988 1529 in
2007 1505 2114 1529 totum
2132 1495 2290 1528 abdicare
2306 1506 2360 1527 eas

1371 1557 1517 1591 oportet,
1539 1557 1596 1581 aut
1612 1551 1658 1581 ita
1677 1560 1777 1591 parce
1794 1548 1972 1580 admittere
1986 1574 1994 1588 ‚
2016 1555 2054 1579 ut
2070 1546 2149 1579 mihi
2167 1545 2231 1578 alia
2247 1557 2286 1578 ex
2301 1556 2359 1578 ne-

1370 1599 1524 1631 cessitate
1538 1599 1650 1642 agenti
1665 1609 1733 1630 non
1747 1599 1814 1631 sint
1827 1596 2081 1639 impedimento.

1738 1710 1931 1743 HOMILIA
1954 1710 1984 1743 Ι.

1412 1816 1493 1859 Pag.
1511 1815 1543 1846 2.
1561 1813 1601 1846 E.
1620 1814 1652 1845 2.
1676 1819 1730 1851 τὰς
1755 1815 1920 1850 παστάδας.
1939 1811 2115 1855 Chrysost.
2133 1811 2235 1843 Hom.
2254 1812 2296 1843 49
2324 1810 2359 1843 in

1371 1866 1490 1899 Matth.
1501 1877 1534 1908 p.
1545 1865 1608 1898 316
1620 1861 1879 1908 (Eslil.Savil-)2
1893 1867 1922 1896 τί
1938 1864 1987 1895 οὖν
2003 1867 2079 1896 ἐστιν
2095 1865 2186 1900 αὐτῆς
2201 1867 2236 1896 τὸ
2254 1864 2359 1903 τέλος;

1369 1914 1393 1952 ὁ
1409 1921 1540 1963 οὐρανὸς,
1555 1919 1604 1948 καὶ
1621 1920 1661 1948 τὸ.
1677 1918 1705 1947 ἐν
1719 1921 1778 1950 τοῖς
1795 1917 1926 1958 οὐρανοῖς
1942 1917 2053 1956 ἀγαθά·
2066 1916 2083 1949 ἡ
2101 1915 2170 1950 δόξα
2185 1916 2204 1950 ἡ
2223 1915 2362 1956 ἀπόῤῥη-

1371 1982 1420 2006 τος
1436 1971 1528 2003 ἐκείνη
1540 1974 1547 1981 ·
1567 1969 1597 1999 αἱ
1611 1968 1807 2006 mensum-imi
1827 1965 1988 2000 παστάὸες·
2008 1967 2039 1996 αὶ
2055 1964 2175 2008 φαιδραὶ
2191 1964 2359 2004 λαμπάδες

1370 2023 1388 2057 ἡ
1404 2022 1485 2060 μετὰ
1509 2019 1563 2050 τοῦ
1593 2020 1716 2059 νυμφίου
1738 2017 1866 2056 διαγωγή
1900 2020 1965 2045 etc.
1997 2009 2147 2044 Maccab.
2168 2012 2197 2042 i.
2217 2011 2259 2043 28
2278 2026 2286 2046 ;
2303 2018 2362 2048 πᾶς

1369 2071 1490 2113 νυμφίος
1508 2068 1633 2099 ἀνέλκει·
1657 2069 1773 2109 θρῆνον,
1788 2068 1838 2097 καὶ
1854 2067 2008 2105 καθημένη
2027 2066 2056 2095 ἐν
2076 2070 2180 2105 παστῷ
2197 2066 2312 2104 ἐγένετο
2331 2065 2360 2095 ἐν

1370 2122 1480 2153 πένθει.

1414 2168 1450 2199 P.
1467 2167 1498 2199 3.
1516 2166 1554 2198 C.
1570 2166 1602 2198 8.
1620 2163 1753 2206 Ellipsis
1767 2168 1818 2198 τοῦ
1834 2169 1865 2204 ἢ,
1882 2169 1960 2194 ante
1975 2167 2058 2199 ὅταν,
2072 2159 2264 2193 duriuscula
2281 2158 2362 2193 mihi

1370 2216 1515 2255 videtur,
1529 2227 1590 2248 nec
1609 2213 1705 2246 facile
1721 2212 1932 2246 defendenda
1949 2211 2100 2254 exemplo
2117 2211 2228 2253 aliquo
2241 2236 2249 2251 ‚
2267 2208 2360 2253 qnod

1369 2267 1476 2308 ipsum
1504 2267 1583 2298 item
1602 2263 1644 2296 ab
1671 2265 1762 2296 omni
1788 2261 1902 2295 mendi
1926 2263 2110 2305 suspicione
2132 2262 2278 2292 immune
2304 2261 2360 2293 sit.

1370 2314 1471 2357 Quod
1488 2323 1599 2347 autem
1615 2316 1652 2347 A.
1671 2316 1818 2347 Donnaeo
1837 2312 2012 2345 videbatur
2026 2311 2067 2343 de
2083 2311 2147 2343 hoc
2164 2310 2252 2352 loco,
2272 2308 2360 2341 idem

1371 2373 1405 2397 et
1422 2364 1503 2396 mihi
1521 2364 1563 2396 de
1587 2364 1662 2396 loco
1684 2363 1741 2396 illo
1767 2365 1868 2395 Hom.
1887 2364 1905 2394 2
1924 2363 1956 2394 in
1977 2359 2097 2393 Mauh.
2121 2372 2154 2403 p.
2178 2362 2230 2393 43.
2261 2359 2286 2392 l.
2304 2359 2358 2391 20.

1371 2415 1476 2456 (Edit.
1492 2414 1628 2455 Savil.),
1643 2415 1728 2446 sicut
1741 2421 1829 2446 notae
1845 2423 1925 2444 meae
1942 2418 2119 2444 testantur.

1415 2466 1450 2497 Ρ.
1471 2466 1501 2495 4.
1522 2465 1557 2496 Α.
1578 2464 1609 2496 5.
1629 2471 1725 2509 φαγῇ,
1744 2474 1786 2494 an
1805 2469 1884 2509 φάγῃ
1907 2459 2083 2498 scribatur,
2102 2470 2220 2502 parum
2246 2457 2359 2492 refert.

1370 2513 1405 2546 Si
1423 2521 1456 2545 tu
1480 2521 1539 2545 aut
1561 2524 1621 2557 ego
1637 2512 1855 2546 scriberemus
1871 2510 1997 2554 aliquid
2012 2511 2137 2551 Graece,
2156 2514 2234 2554 φάγῃ
2254 2508 2363 2550 potius

1370 2574 1470 2604 quani
1489 2571 1566 2607 φηγ-ᾗ
1590 2561 1787 2594 diceremus.
1807 2561 1872 2595 Sed
1886 2563 1912 2594 si
1925 2561 2139 2603 Septuaginta
2158 2559 2360 2600 Interpretes

1371 2611 1496 2643 habent
1521 2619 1617 2658 pust),
1646 2619 1681 2643 ut
1704 2619 1792 2643 certe
1823 2610 1961 2650 habent,
1982 2617 2015 2642 et
2039 2608 2114 2641 libri
2133 2618 2247 2641 omnes
2271 2606 2304 2639 in
2324 2617 2362 2639 ea

1372 2660 1515 2694 lectione
1531 2662 1756 2702 consentiunt,
1772 2673 1829 2704 per
1842 2672 1895 2693 me
1908 2659 2060 2693 obtineat
2075 2659 2129 2691 illa
2143 2659 2233 2693 lieet.

1740 2775 1931 2808 HOMILIA
1950 2775 1996 2807 ΙΙ.

1416 2870 1452 2902 P.
1478 2869 1509 2901 8.
1528 2869 1567 2903 Λ.
1591 2868 1622 2902 4.
1641 2868 1731 2912 Lego
1747 2879 1754 2899 t
1773 2875 1846 2903 πότε
1862 2871 2048 2911 δυνησόμεθα
2064 2873 2162 2903 ταῦτα
2183 2874 2362 2916 παραθεῖναι

1372 2926 1411 2964 τῇ
1427 2922 1560 2964 ὑμετέρᾳ
1577 2924 1680 2962 ἀγάπῃ
1695 2934 1701 2958 ;
1720 2915 1779 2953 ὅτε
1795 2925 1859 2950 etc.

1416 2969 1453 3001 P.
1472 2969 1502 3000 8.
1519 2969 1557 3000 Β.
1576 2968 1607 3000 6.
1623 2972 1671 3000 καὶ
1685 2976 1821 3014 σώφρονα
1837 2971 2009 3012 ἐλευθέραν.
2028 2967 2084 2999 Sic
2103 2978 2201 3010 supra
2217 2978 2251 3009 p.
2271 2969 2299 2999 2.
2316 2968 2357 3002 D.

1374 3018 1436 3051 ⁴0:
1455 3022 1504 3052 ml
1525 3022 1661 3063 καθάπερ
1683 3023 1708 3052 οὶ
1725 3023 1862 3063 σώφρονά
1883 3033 1949 3051 τινα
1977 3022 2025 3050 καὶ
2048 3022 2172 3056 κοσμίαν
2188 3021 2358 3063 ἐλευθέραν.

1372 3068 1426 3100 Ita
1451 3066 1539 3099 enim
1570 3065 1675 3108 malo,
1692 3078 1792 3110 quam
1813 3077 1889 3098 cum
1915 3072 1965 3101 καί
1991 3073 2067 3098 ante
2093 3070 2261 3112 ἐλευθέρα-ι,
2285 3067 2360 3109 quia

1371 3122 1514 3163 ἐλευθέρα
1526 3128 1565 3149 ex
1580 3128 1694 3150 eorum
1714 3117 1954 3160 adjectivorum
1973 3123 2023 3147 est
2039 3127 2155 3159 genere
2166 3141 2174 3154 ‚
2193 3127 2264 3159 quae
2279 3115 2360 3147 snb-

1371 3169 1594 3200 stantivoruin
1614 3178 1865 3209 nonnumquam
1882 3165 2025 3198 formam
2041 3164 2194 3197 induunt.

1414 3217 1452 3250 P.
1472 3218 1504 3251 8.
1523 3218 1560 3250 C.
1578 3219 1610 3249 4.
1629 3219 1723 3250 Fort.
1739 3221 1819 3252 ἀλλὰ
1836 3221 1883 3251 καὶ
1901 3226 1958 3251 τῶν
1974 3219 2150 3261 βαρόἀρων.
2266 3214 2305 3247 Ε.
2325 3217 2358 3249 7.

1371 3266 1486 3299 Melius
1500 3266 1615 3299 flueret
1631 3265 1756 3307 oratio,
1770 3277 1841 3299 mea
1857 3267 2032 3307 sententia,
2051 3266 2076 3297 si
2094 3263 2142 3297 hoe
2157 3263 2231 3297 duae
2247 3275 2358 3302 voces,

1371 3320 1440 3350 ἀλλ’
1454 3319 1553 3354 ἐπειδὴ
1568 3341 1575 3354 ,
1596 3315 1801 3356 tollerentur,
1820 3323 1853 3348 et
1868 3314 1988 3348 deinde
2012 3313 2171 3357 legeretur
2188 3329 2193 3347 :
2213 3311 2255 3353 ἐξ
2267 3319 2362 3359 ἀρχῆς

1372 3372 1430 3411 γὰρ
1448 3370 1574 3405 πλάσας,
1593 3372 1658 3397 etc.
