2566 3791
190 2506 266 2533 Gen.
289 2505 318 2541 4.
341 2502 371 2533 8.

384 214 468 262 {00
780 209 819 239 S.

373 294 584 349 perficiatis,
606 292 804 346 praesertim
824 300 905 344 post
922 300 1019 328 tanta
1040 289 1194 338 taliaque
1210 299 1335 324 exem-

376 358 448 409 pla.
478 357 599 406 Neque
619 353 713 391 enim
732 352 779 390 ad
796 351 1034 403 ignorantiam
1051 349 1219 397 deinceps
1234 344 1332 395 quis-

377 431 485 468 quam
518 424 680 454 nostrum
711 413 898 462 confugere
918 409 1060 462 poterit.
1080 408 1172 445 Nam
1201 405 1232 442 si
1260 403 1333 452 hic,

376 478 465 517 Cain
485 478 630 527 inquam
643 504 654 523 ,
674 473 814 511 nullum
843 480 924 508 ante
953 483 990 507 se
1009 467 1167 514 invenit,
1186 464 1248 515 qui
1269 463 1338 500 tale

377 538 553 589 quiddam
567 535 687 586 egerit,
701 532 936 570 nihilominus
948 539 1064 567 tamen
1076 524 1338 564 intolerabilem

379 607 413 635 et
434 610 579 649 gravem
597 594 699 632 illam
718 590 890 630 sustinuit
909 603 1067 642 poenam,
1091 601 1199 638 quam
1219 595 1252 624 et
1272 598 1338 623 vos

857 208 1038 240 JOANNlS
1073 204 1324 238 CHRYSOST.
1363 202 1574 234 ARcmEP.
1612 201 1972 233 CONSTANTINOP.

1405 284 1609 334 ἐπιμελείας
1626 286 1760 331 πολλῆς
1780 285 1840 322 καὶ
1861 285 1895 329 ἐξ
1914 285 1998 332 ὅλης
2019 285 2165 337 καρδίας
2184 285 2436 339 μετέρχεσθαι,

1405 345 1464 382 καὶ
1493 345 1648 394 μάλιστα
1682 344 1771 394 μετὰ
1804 344 1978 384 τοσούτων
2001 346 2060 383 καὶ
2089 345 2302 392 τηλικούτων
2320 363 2437 398 παρα-

1406 405 1617 456 δειγμάτων.
1653 405 1745 444 Οὐδὲ
1772 405 1840 457 γὰρ
1863 409 1911 449 εἷς
1943 406 2083 457 ἄγνοιαν
2113 408 2234 446 λοιπὸν
2259 411 2360 458 ἡμῶν
2386 424 2439 452 τις

1405 471 1619 517 καταφυγεῖν
1635 466 1832 513 δυνήσεται.
1856 468 1898 504 Ei.
1912 467 1980 520 γὰρ
1999 462 2112 514 οὗτος,
2132 468 2224 520 λέγω
2246 469 2286 515 δὴ
2300 471 2318 506 ὁ
2334 469 2439 514 Κάϊν,

1407 527 1541 577 μηδένα
1559 525 1648 579 ἔχων
1681 529 1750 565 τῶν
1767 527 1835 579 πρὸ
1859 529 1963 568 αὐτοῦ
1982 528 2170 580 γεγονότων
2201 531 2311 582 εὑρεῖν
2330 535 2439 568 τοιοῦ-

1406 587 1464 626 τόν
1486 603 1520 626 τι
1542 587 1844 641 διαπραξάμενον,
1871 587 1965 637 ὅμως
1983 587 2047 634 τὴν
2069 588 2274 627 ἀνύποιστον
2304 589 2437 637 ἐκείνην

378 667 500 710 postea
522 655 659 703 scietis,
679 652 770 704 quid
786 650 984 690 verisimile
1002 658 1054 688 est
1072 663 1136 686 nos
1154 660 1336 700 passurOS,
1348 649 1466 703 161καὶ
1484 647 1644 701 χαλεπὴν
1665 648 1828 698 ὑπέμεινε
1851 648 2043 701 τιμωρίαν,
2063 651 2110 692 ὡς
2139 649 2328 699 μετέπειτα
2343 666 2438 701 γνω-

377 718 438 768 qui
456 716 592 762 eadem,
620 714 678 753 vel
697 713 804 753 etiam
826 712 990 764 graviora
1008 723 1210 763 peccamus,
1230 707 1340 757 idque
1362 716 1385 745 Α

378 787 458 830 post
471 786 606 815 tantam
618 776 740 828 gratiae
748 773 1098 826 largitatem?nonne
1111 771 1230 821 ignem
1243 777 1341 806 aeter-

378 852 480 887 num,
499 851 659 877 vermem
677 835 740 887 qui
759 849 829 873 non
848 832 1021 881 interibit,
1044 831 1233 869 stridorem
1251 829 1340 867 den-

378 899 487 949 tium,
518 899 682 936 tenebras
713 895 929 943 exteriores,
956 893 1156 945 gehennam
1177 890 1288 942 ignis,
1305 899 1341 927 et

379 959 468 997 alias
482 958 706 997 inevitabiles
718 971 839 1009 poenas
851 969 930 1006 quae
942 968 1005 991 nos
1018 961 1216 1004 excepturae
1229 951 1335 989 sunt?

379 1019 487 1058 Nulla
506 1018 600 1056 enim
620 1017 777 1055 defensio
797 1015 899 1053 nobis
917 1013 1040 1052 relicta
1059 1021 1124 1059 est,
1151 1012 1181 1049 si
1208 1011 1256 1048 ita
1277 1024 1339 1048 ne—

380 1079 551 1130 gligentes
563 1087 597 1115 et
612 1076 732 1129 ignavi
745 1075 929 1113 fuerimus.
938 1075 1062 1111 Nonne
1075 1071 1206 1109 scimus
1216 1084 1337 1109 omnes

379 1153 457 1190 quae
483 1139 555 1177 sint
579 1137 763 1183 facienda,
798 1149 876 1187 quae
905 1147 975 1172 non
1007 1131 1192 1170 facienda?
1221 1140 1255 1169 et
1280 1145 1338 1169 eos

379 1200 440 1250 qui
456 1200 577 1252 priora
595 1199 746 1248 faciunt,
770 1195 986 1250 principales
1004 1208 1149 1232 coronas
1168 1207 1337 1243 assequu-

380 1270 479 1298 turos
500 1275 587 1309 esse,
613 1275 671 1298 eos
690 1269 809 1298 autem
828 1258 890 1309 qui
910 1257 947 1295 in
975 1264 1134 1294 extrema
1157 1254 1335 1304 incidunt,

381 1321 551 1359 extremis
569 1320 755 1376 suppliciis
777 1332 852 1357 esse
870 1315 1094 1371 puniendos?
1111 1314 1195 1353 Ideo
1215 1328 1339 1366 precor

381 1391 484 1433 atque
508 1382 669 1429 obsecro,
687 1395 731 1418 ne
750 1388 945 1418 conventus
974 1377 1040 1418 iste
1063 1385 1181 1416 noster
1198 1375 1338 1412 inutilis

382 1442 442 1490 sit,
463 1442 526 1481 sed
544 1452 584 1480 ut
608 1456 686 1493 quae
715 1441 862 1479 auribus
889 1439 1017 1477 hausta
1041 1446 1137 1485 sunt,
1163 1435 1286 1474 eadem
1306 1444 1339 1473 et

382 1503 483 1540 factis
501 1512 769 1555 expromantur,
785 1511 824 1539 ut
845 1500 948 1538 nobis
966 1500 1055 1537 bene
1070 1497 1215 1548 conscii,
1234 1507 1338 1548 atque

384 1563 526 1602 interim
549 1564 642 1602 bona
668 1577 729 1614 spe
754 1562 856 1609 freti,
885 1560 1035 1599 difficile
1063 1560 1130 1598 hoc
1157 1558 1339 1611 praesentis

384 1625 467 1662 vitae
488 1625 634 1676 pelagus
651 1623 755 1661 facile
775 1621 1003 1674 trajicientes,
1022 1620 1058 1658 in
1074 1629 1219 1672 portum
1239 1618 1339 1657 beni-

384 1686 530 1738 gnitatis
549 1686 617 1723 Dei
644 1684 843 1737 pervenire,
872 1693 906 1721 et
933 1681 1131 1721 ineffabilia
1159 1680 1252 1718 bona
1276 1680 1339 1717 illa

383 1747 551 1797 consequi
569 1746 766 1795 valeamus,
784 1759 862 1795 quae
880 1744 1046 1796 promisit
1064 1742 1242 1780 Dominus
1257 1741 1340 1779 dili-

382 1808 547 1859 gentibus
565 1821 612 1855 se,
627 1806 740 1858 gratia
759 1814 792 1843 et
811 1804 1054 1843 misericordia
1073 1802 1247 1854 unigeniti
1264 1802 1340 1853 ejus

383 1868 482 1917 Filii,
502 1882 584 1905 cum
602 1881 673 1918 quo
699 1874 818 1904 sancto
838 1874 872 1903 et
891 1864 1074 1902 adorando
1093 1864 1169 1916 ejus
1189 1861 1340 1915 Spititui

383 1928 515 1981 gloria,
534 1928 668 1975 honor,
686 1936 719 1964 et
737 1925 946 1978 imperium,
967 1939 1061 1963 nunc
1078 1933 1111 1963 et
1132 1937 1290 1977 semper,
1307 1931 1340 1960 et

383 1991 419 2028 in
439 1989 564 2028 saecula
587 1988 810 2027 saeculorum.
831 1988 956 2026 Amen.

1362 1440 1384 1470 B

693 2362 904 2401 HOMILIA
923 2360 1027 2399 XIX.

388 2488 435 2527 Et
450 2487 546 2526 dixit
565 2487 653 2525 Cain
674 2486 719 2523 ad
741 2485 829 2523 Abel
857 2485 1003 2521 fratrem
1020 2495 1126 2520 suum
1142 2497 1149 2517 ι
1167 2479 1340 2532 Egredia-

693 2561 775 2585 mur
793 2546 829 2583 in
849 2558 1027 2598 campum.

443 2675 478 2710 1.
500 2668 813 2717 Quemadmodum
832 2667 1046 2707 incurabilia
1065 2666 1214 2706 vulnera
1231 2678 1343 2715 neque

389 2733 537 2771 austeris
549 2731 815 2770 medicamentis
830 2729 971 2775 cedunt,
989 2741 1100 2778 neque
1111 2726 1338 2765 lenientibus:

391 2794 439 2831 ita
454 2803 487 2831 et
516 2793 633 2830 anima
649 2791 756 2829 semel
767 2790 921 2843 captiva,
937 2789 965 2827 si
980 2803 1016 2826 se
1030 2797 1173 2840 peccato
1185 2786 1340 2838 cuipiam
1365 2792 1390 2821 D

391 2854 583 2891 obnoxiam
605 2852 743 2899 fecerit,
763 2860 797 2888 et
836 2850 1059 2889 considerare
1088 2847 1241 2886 noluerit
1266 2860 1344 2898 quae

391 2914 459 2951 sibi
477 2923 557 2951 sunt
576 2913 691 2960 utilia,
710 2911 816 2949 ctiam
838 2912 866 2948 si
885 2911 966 2961 quis
986 2910 1170 2947 innumera
1193 2907 1345 2945 inculcet

392 2974 489 3011 illius
508 2974 668 3021 auribus,
690 2973 781 3010 nihil
797 2971 959 3024 proficiet
977 2970 1059 3008 :sed
1077 2969 1177 3021 quasi
1196 2977 1342 3006 mortuae

393 3043 506 3072 essent
538 3048 653 3081 aures,
686 3033 819 3071 nullam
856 3046 900 3070 ex
931 3030 1172 3069 admonitione
1195 3028 1345 3080 suscipit

395 3095 584 3132 utilitatem
603 3109 610 3129 :
631 3108 697 3131 non
725 3094 807 3143 quia
828 3107 895 3131 non
924 3101 1058 3144 potest,
1078 3090 1142 3128 scd
1171 3089 1253 3140 quia
1275 3103 1344 3126 non

395 3157 486 3193 vult.
503 3156 582 3193 Non
598 3154 690 3191 enim
708 3155 798 3192 sicut
816 3163 849 3192 et
868 3154 904 3191 in
924 3152 1169 3205 corporalibus
1188 3149 1345 3190 vulneri-

397 3222 463 3259 bus
484 3221 598 3259 videri
615 3221 722 3267 solet,
742 3221 789 3257 ita
811 3230 844 3257 et
864 3221 898 3257 in
924 3220 1104 3257 voluntate
1120 3227 1181 3256 est.
1200 3219 1292 3256 Nam
1310 3217 1344 3253 in

442 3338 453 3351 ἰ
473 3325 572 3357 Savil.
596 3333 628 3356 et
652 3326 729 3366 Πομ.
756 3332 884 3366 γένηται.
903 3325 981 3355 Mox
1011 3323 1123 3355 Morel.
1152 3326 1397 3358 ἐπακολοιθῐίτω.

399 3378 486 3410 haiil
517 3387 548 3409 ct
567 3378 691 3421 aliquot
709 3378 782 3408 Mss.
804 3381 1004 3413 ἐπικαλουθως
1022 3381 1145 3409 immeo.

1407 712 1573 758 σθήσεται
1587 741 1595 757 ,
1617 711 1651 749 τί
1676 711 1858 750 πείσεσθαι
1887 713 1981 760 ἡμᾶς
2012 710 2120 757 εἰκὸς,
2135 709 2179 748 τὰ
2200 709 2309 756 αὐτὰ,
2335 709 2358 755 ἢ
2379 711 2440 748 καὶ

1406 772 1546 825 χείρονα
1580 772 1865 826 ἁμαρτάνοντας,
1895 770 1983 819 μετὰ
2014 771 2076 818 τὴν
2101 770 2272 817 τοσαύτην
2291 774 2354 817 τῆς
2371 771 2440 822 χά-

1410 848 1501 884 ριτος
1521 833 1726 885 δαψίλειαν,
1747 832 1769 879 ἢ
1797 832 1938 876 πάντως
1969 831 2010 869 τὸ
2039 835 2110 884 πῦρ
2136 830 2176 869 τὸ
2206 831 2359 877 αἰώνιον,
2380 832 2439 870 τὸν

1408 895 1576 942 σκώληκα
1589 896 1646 934 τὸν
1658 895 1904 944 ἀτελεύτητον,
1922 896 1979 934 τὸν
2007 896 2161 948 βρυγμὸν
2185 898 2252 933 τῶν
2271 894 2418 933 ὀδόντων
2429 922 2440 941 ,

1409 957 1448 995 τὸ
1468 957 1589 1000 σκότος
1618 958 1659 996 τὸ
1689 957 1852 1008 ἐξώτερον
1865 987 1875 1005 ,
1915 956 1977 1003 τὴν
1999 956 2136 1007 γέενναν
2157 960 2215 994 τοῦ
2235 957 2363 1007 πυρὸς,
2381 955 2441 993 καὶ

1404 1017 1467 1060 τὰς
1486 1017 1595 1061 ἄλλας
1615 1019 1678 1061 τὰς
1712 1018 1974 1070 ἀπαραιτήτους
1995 1017 2166 1071 τιμωρίας
2187 1021 2281 1067 ἡμᾶς
2312 1016 2439 1055 ὑποδέ-

1406 1077 1551 1125 ξασθαι;
1568 1078 1660 1118 Οὐδὲ
1690 1078 1760 1131 γὰρ
1787 1079 1958 1130 ἀπολογία
1977 1094 2029 1123 τις
2051 1078 2174 1117 λοιπὸν
2193 1079 2441 1125 ὑπολείπεται,

1404 1137 1494 1176 οὕτω
1528 1139 1689 1192 ῥᾳθύμως
1720 1142 1821 1189 ἡμῶν
1845 1139 2074 1189 διακειμένων
2096 1139 2156 1176 καὶ
2187 1139 2438 1193 ἀναπεπτωκό-

1405 1214 1487 1236 των.
1512 1198 1574 1246 Μὴ
1592 1199 1661 1251 γὰρ
1676 1201 1739 1238 οὐκ
1761 1199 1861 1249 ἴσμεν
1882 1199 2033 1243 ἅπαντες
2051 1198 2094 1236 τὰ
2113 1199 2294 1250 πρακτέα,
2317 1200 2376 1237 καὶ
2395 1200 2440 1237 τὰ

1407 1259 1456 1310 μὴ
1474 1265 1635 1309 τοιαῦτα,
1654 1260 1714 1299 καὶ
1748 1260 1803 1300 ὅτι
1835 1263 1866 1299 οἳ
1894 1259 1956 1311 μὲν
1977 1259 2021 1298 τὰ
2054 1263 2180 1314 πρῶτα
2209 1260 2438 1312 πράττοντες,

1406 1320 1450 1358 τὰ
1468 1326 1624 1372 πρωτεῖα
1639 1324 1707 1359 τῶν
1727 1321 1903 1373 στεφάνων
1924 1320 2071 1369 ἕξουσιν,
2091 1324 2122 1360 οἱ
2137 1321 2172 1359 δὲ
2189 1327 2260 1364 τοῖς
2279 1321 2441 1373 ἐσχάτοις

1403 1381 1636 1426 ὑποπεσόντες
1652 1385 1720 1420 τῶν
1737 1381 1897 1434 ἐσχάτων
1919 1382 2178 1429 ὑποστήσονται
2198 1381 2441 1434 κολαστηρίων

1405 1441 1468 1488 τὴν
1489 1442 1701 1490 καταδίκην;
1723 1443 1786 1481 Διὸ
1806 1446 2004 1494 παρακαλῶ
2023 1442 2082 1480 καὶ
2101 1443 2223 1493 δέομαι
2251 1443 2310 1480 καὶ
2344 1445 2438 1480 ἄντι-

1407 1503 1520 1551 gom,
1541 1503 1589 1554 μὴ
1610 1503 1773 1550 ἀνόνητος
1791 1506 1893 1554 ἡμῶν
1911 1508 1933 1551 ἡ
1958 1506 2106 1542 ἐνταῦθα
2127 1503 2323 1547 συνέλευσις
2348 1507 2364 1524 ⁴³
2378 1518 2440 1554 γε·-

1406 1564 1535 1613 νέσθω,
1557 1564 1648 1603 ἀλλὰ
1667 1568 1709 1617 τῇ
1740 1568 1809 1602 τῶν
1842 1565 1954 1615 λόγων
1985 1564 2151 1616 ἀκροάσει
2182 1565 2242 1603 καὶ
2279 1564 2323 1602 τὰ
2354 1564 2439 1617 ἔργα

1406 1626 1703 1674 ἐπακολουθείτω,
1732 1626 1789 1664 ἵνα
1811 1625 1874 1672 τὴν
1893 1626 1962 1665 ἀπὸ
1992 1630 2051 1664 τοῦ
2083 1626 2276 1670 συνειδότος
2302 1627 2439 1678 ἔχοντες

1405 1687 1656 1740 πληροφορίαν,
1676 1688 1735 1725 καὶ
1750 1693 1826 1730 ταῖς
1845 1692 2019 1740 χρησταῖς
2042 1687 2178 1727 ἐλπίσιν
2195 1689 2347 1725 ἐντεῦθεν
2370 1686 2437 1733 ἤδη

1407 1747 1629 1799 τρεφόμενοι,
1650 1749 1850 1799 δυνηθῶμεν
1878 1750 1947 1785 τῶν
1980 1750 2155 1801 δυσχερῶν
2176 1752 2235 1786 τοῦ
2268 1748 2440 1799 παρόντος

1410 1808 1485 1860 βίου
1515 1811 1674 1862 εὐμαρῶς
1701 1810 1741 1847 τὸ
1760 1809 1909 1860 πέλαγος
1928 1809 2216 1854 διαπλεύσαντες,
2236 1811 2283 1853 εἷς
2303 1810 2361 1847 τὸν
2386 1811 2438 1847 λι-

1409 1870 1496 1921 μένα
1524 1873 1741 1916 καταντῆσαι
1762 1873 1824 1916 τῆς
1853 1875 1912 1908 τοῦ
1950 1872 2043 1909 Θεοῦ
2069 1870 2351 1922 φιλανθρωπίας,
2379 1870 2439 1908 καὶ

1406 1933 1476 1968 τῶν
1497 1930 1704 1982 ἀπορρήτων
1725 1931 1863 1969 ἐκείνων
1884 1933 2021 1982 ἀγαθῶν
2041 1933 2237 1983 ἐπιτυχεῖν,
2254 1925 2300 1968 ὧν
2324 1932 2435 1981 ἐπηγ-

1407 1990 1548 2043 γείλατο
1586 1991 1713 2043 Κύριος
1749 1998 1820 2036 τοῖς
1855 1994 2037 2044 ἀγαπῶσιν
2074 1993 2174 2030 αὐτὸν
2188 2021 2197 2039 ,
2228 1992 2348 2044 χάριτι
2378 1992 2439 2029 καὶ

1409 2053 1600 2104 οἷκτιρμοῖς
1631 2058 1691 2091 τοῦ
1724 2058 1926 2104 μονογενοῦς
1947 2055 2050 2091 αὐτοῦ
2083 2053 2168 2090 Υἱοῧ
2185 2080 2195 2099 ,
2227 2055 2302 2103 μεθ’
2323 2046 2361 2089 οὗ
2388 2055 2439 2102 τῷ

1409 2112 1497 2165 ἁγίῳ
1514 2113 1573 2150 καὶ
1602 2115 1833 2165 προσκυνητῷ
1865 2114 1969 2151 αὐτοῦ
1999 2112 2182 2162 Πνεύματι
2217 2113 2318 2160 δόξα,
2354 2112 2439 2165 κρά-

1373 2180 1385 2209 J
1409 2187 1484 2219 τος,
1503 2172 1613 2221 τιμὴ,
1635 2178 1692 2211 νῦν
1706 2173 1765 2211 καὶ
1787 2173 1854 2221 ἀεὶ,
1874 2172 1934 2211 καὶ
1953 2175 2000 2215 εἷς
2018 2172 2097 2216 τοὺς
2118 2175 2245 2216 αἰῶνας
2263 2176 2332 2211 τῶν
2352 2171 2439 2211 αἰώ-

1411 2247 1491 2270 νων,
1513 2231 1633 2282 Ἀμήν.

1800 2359 1978 2397 ΟΜΙΑΙΑ
2008 2356 2062 2397 ιθ’.

1477 2480 1546 2519 Καὶ
1584 2473 1658 2519 εἶπε
1684 2480 1774 2519 Κάϊν
1795 2479 1880 2532 πρὸς
1894 2478 1999 2518 ’AG-e.)
2016 2479 2074 2516 τὸν
2091 2478 2236 2530 ἀδελφὸν
2254 2479 2374 2527 αὐτοῦ,

1665 2541 1854 2591 διέλθωμεν
1869 2539 1910 2586 δὴ
1930 2541 1978 2583 εἷς
1996 2539 2037 2578 τὸ
2055 2539 2184 2581 πεδίον,

1465 2665 1633 2719 Καθάπερ
1651 2665 1695 2704 τὰ
1716 2665 1842 2704 ἀνίατα
1871 2666 1940 2702 τῶν
1962 2663 2173 2716 τραυμάτων
2189 2661 2264 2701 οὐδὲ
2285 2669 2355 2705 τοῖς
2373 2665 2439 2700 αὖα

1412 2733 1550 2781 στηροῖς
1576 2731 1644 2765 τῶν
1676 2726 1870 2778 φαρμάκων
1900 2725 2006 2772 εἴκει,
2039 2723 2114 2762 οὐδὲ
2147 2729 2217 2766 τοῖς
2243 2723 2440 2773 γλυκαίνειν

1413 2789 1500 2826 αὐτὰ
1532 2787 1731 2839 δυναμένοις
1746 2802 1753 2810 ·
1782 2785 1870 2824 οὕτω
1902 2785 1962 2823 καὶ
1995 2787 2016 2830 ἡ
2054 2783 2150 2836 ψυχὴ
2185 2784 2325 2822 ἐπειδὰν
2349 2783 2441 2826 ἅπαξ

1414 2848 1638 2900 αἰχμάλωτος
1656 2848 1822 2899 γένηται,
1841 2847 1901 2884 καὶ
1927 2845 2052 2892 ἑαυτὴν
2072 2847 2162 2896 ἐκδῷ
2194 2839 2291 2896 ᾧτινι
2312 2845 2440 2891 δήποτε

1414 2910 1712 2961 πλημμελήματι,
1745 2908 1803 2946 καὶ
1827 2907 1875 2958 μὴ
1910 2905 2078 2957 βούληται
2105 2906 2145 2944 τὸ
2169 2908 2294 2949 ἑαυτῆς
2314 2905 2441 2957 συμφέ·

1417 2987 1472 3022 ρον
1491 2972 1651 3017 συνιδεῖν,
1679 2969 1744 3007 κᾶν
1767 2968 1873 3019 μυρία
1900 2983 1952 3010 τις
1978 2968 2111 3018 ἐνηχῆ,
2134 2966 2229 3004 οὐδὲν
2252 2965 2443 3016 κερδαίνει,

1417 3031 1506 3069 ἀλλὰ
1523 3031 1679 3083 καθάπερ
1699 3029 1822 3082 νεκρὰς
1842 3028 1947 3070 ἀκοὰς
1964 3027 2180 3077 κεκτημένη,
2195 3025 2358 3076 οὐδεμίαν
2374 3026 2443 3063 ἀπὸ

1418 3097 1479 3140 ’.ἧς
1497 3092 1732 3145 παραινέσεως
1751 3091 1890 3142 δέχεται
1913 3089 1976 3135 τὴν
1993 3088 2162 3140 ὠφέλειαν
2174 3117 2183 3134 ,
2200 3085 2291 3135 ι’,οὖκ
2322 3086 2441 3132 ἐπειδὴ

1420 3155 1468 3205 μὴ
1487 3154 1647 3201 δύναται,
1668 3154 1744 3192 ἀλλ’
1758 3150 1876 3197 ἐπειδὴ
1893 3150 1941 3201 μὴ
1961 3149 2132 3200 βούλεται.
2152 3147 2245 3186 Οὐδὲ
2256 3147 2322 3199 γὰρ
2338 3148 2444 3185 καθά-

1419 3231 1484 3266 περ
1502 3215 1558 3252 §vet
1578 3218 1644 3252 τῶν
1666 3214 1875 3263 σωματικῶν
1902 3209 2111 3261 τραυμάτων
2132 3208 2224 3246 ἐστὶν
2239 3209 2334 3257 ἰδεῖν,
2351 3207 2443 3245 οὕτω

1481 3321 1496 3344 Ι»
1515 3320 1593 3361 Reg.
1623 3330 1703 3351 unus
1726 3322 1773 3351 οὐκ
1802 3319 1899 3351 ἐπειδὴ
1929 3321 1973 3359 μὴ
2000 3319 2154 3358 φαίνηται,
2178 3317 2245 3346 ἀλλ’
2274 3315 2371 3350 ἐπειδὴ
2396 3320 2441 3354 μὴ

1435 3375 1564 3409 δύνηται.
