2516 3791
796 177 836 207 IN
874 175 1072 206 GENEsm
1109 173 1256 203 snum)
1296 172 1371 201 Vll.

64 269 209 310 τούτων·
239 266 330 314 πλὴν
361 263 422 304 καὶ
450 262 512 302 ἀπ’
541 263 654 301 αὐτῶν
682 263 752 299 τῶν
780 260 1085 310 ὑπολελειμμένων

63 329 125 377 τὴν
144 328 343 380 συγγένειαν
357 328 427 364 τῶν
443 323 704 377 περικοπέντων
723 321 920 375 ἐλέγξομεν.
952 319 1084 366 Εἰσῆλ-

62 394 116 429 θεν
132 392 179 434 εἶς
192 389 250 427 τὸν
263 386 472 441 παράδεισον
488 388 506 424 6
520 384 674 437 λῃστὴς,
693 382 790 436 φησί.
820 382 891 422 Καὶ
910 380 944 420 τί
962 384 1085 427 τοῦτο;

63 451 111 502 μὴ
137 449 203 503 γὰρ
229 448 341 488 ταῦτά
370 450 444 487 ἐστι
469 446 513 486 τὰ
538 445 676 498 ἀγαθὰ,
709 444 798 497 ἅπερ
829 446 848 482 6
876 441 966 486 Θεὸς
998 445 1082 492 ἡμῖν

62 511 312 563 ἐπαγγέλλεται
324 525 334 557 ;

112 813 191 851 Οὔκ
215 809 351 854 ἀκούεις
376 812 436 847 τοῦ
449 806 592 846 Παύλου
613 805 695 858 περὶ
718 803 762 843 τὰ
782 803 897 857 ἀγαθὰ
915 804 1031 842 ἐκεῖνα
1049 802 1083 840 τί

60 888 164 926 φησιν
177 887 188 921 ;
212 871 253 909 Ἃ
268 869 444 923 ὀφθαλμὸς
463 870 526 907 οὗκ
540 861 622 915 εἶδε,
636 866 696 904 καὶ
710 859 767 910 οῧς
784 866 848 904 οὐκ
865 864 1005 911 ἤκουσε,
1023 863 1083 902 καὶ

59 934 116 973 ἐπὶ
135 931 277 985 καρδίαν
297 929 481 994 ἀνθρώπου
500 930 563 967 οὐκ
583 927 690 975 ἀνέὸη
706 943 714 951 ·
737 927 794 966 τὸν
818 926 854 964 δὲ
872 925 1083 978 παράδεισον

59 995 118 1034 καὶ
141 993 317 1047 ὀφθαλμὸς
343 993 411 1030 εἶδε
438 994 498 1029 τοῦ
527 989 661 1042 Ἀδὰμ,
688 989 748 1028 καὶ
768 982 824 1032 οῧς
839 987 992 1036 ἤκουσε,
1024 987 1084 1026 καὶ

57 1055 184 1108 καρδία
210 1051 391 1107 ἀνθρώπου
416 1051 573 1096 ἐδέξατο·
594 1050 675 1103 περ).
698 1049 767 1102 γὰρ
794 1051 898 1088 αὐτοῦ
914 1048 1085 1094 τοσαύτας

57 1117 191 1169 ἡμέρας
219 1114 467 1167 διαλεγόμεθα·
502 1116 577 1156 πῶς
598 1106 656 1151 οὖν
687 1111 844 1150 ἀπέλαὸε
862 1111 905 1149 τὰ
930 1109 1044 1162 ἀγαθὰ
1067 1113 1085 1149 6

57 1177 213 1230 λῃστής,
241 1178 295 1215 Οὐ
318 1175 386 1228 γὰρ
415 1176 462 1218 εἷς
493 1173 705 1226 παράδεισον
733 1171 989 1224 ἐπαγγέλλεται
1007 1174 1084 1210 εἰσ-

58 1243 199 1291 αγαγεῖν
232 1240 327 1289 ἡμᾶς
356 1240 374 1275 6
402 1235 517 1284 Θεὸς,
561 1235 640 1274 ἀλλ’
672 1237 720 1278 εἷς
748 1234 851 1273 αὐτὸν
882 1234 941 1273 τὸν
975 1236 1085 1288 οὖρα-

57 1299 112 1338 νόν
128 1316 136 1324 ·
168 1298 244 1338 οὐδὲ
288 1297 468 1350 βασιλείαν
508 1295 740 1348 παραδείσου,
778 1295 869 1334 ἀλλὰ
905 1295 1086 1347 βασιλείαν

55 1363 209 1413 οὐρανῶν
244 1359 417 1412 ἐκήρυξεν.
468 1357 625 1410 Ἤρξατο
655 1356 736 1408 γὰρ,
770 1356 868 1410 φησὶ,
901 1356 1085 1408 κηρύττειν

56 1422 115 1461 καὶ
146 1422 279 1474 λέγειν·
314 1426 534 1472 μετανοεῖτε*
565 1418 690 1471 ἤγγικε
719 1418 809 1470 γὰρ,
841 1420 944 1471 οὖχὴ
973 1420 1080 1470 βασι-

55 1483 134 1523 λεία
166 1486 226 1522 τοῧ
265 1481 497 1535 παραδείσου,
523 1480 614 1530 ἀλλ’,
649 1483 672 1527 ἡ
699 1478 859 1531 βασιλεία
880 1481 949 1518 τῶν
981 1481 1085 1531 οὐρα-

56 1547 135 1584 νῶν.
169 1543 368 1587 Ἀπώλεσας
388 1542 451 1594 μὲν
471 1541 540 1596 γὰρ
565 1540 800 1595 παράδεισον,
819 1540 928 1579 ἔδωκε
945 1539 983 1579 δέ
998 1556 1053 1580 σοι
1068 1544 1086 1580 6

56 1607 147 1650 Θεὸς
172 1606 231 1644 τὸν
253 1605 394 1658 οὐρανὸν
406 1634 417 1653 ,
440 1606 498 1641 ἵνα
516 1603 575 1642 καὶ
595 1603 657 1650 τὴν
675 1602 804 1641 οἰκείαν
821 1601 1085 1654 φιλανθρωπίαν

57 1666 295 1714 ἐπιδείξηται,
327 1665 388 1703 καὶ
403 1664 463 1702 τὸν
482 1663 643 1702 διάὸολον
663 1662 752 1715 δάκῃ
766 1694 776 1711 ,
797 1663 930 1707 δεικνὺς
947 1662 1000 1701 ὅτι
1021 1663 1086 1702 κᾶν

60 1728 168 1780 μυρία
192 1730 242 1780 τῷ
276 1729 344 1765 τῶν
377 1724 570 1777 ἀνθρώπων
600 1723 832 1773 ἐπιδουλεύσῃ
851 1723 964 1776 γένει,
992 1724 1088 1763 οὐδὲν

59 1790 158 1828 ἔσται
180 1789 284 1828 πλέον
311 1790 425 1841 αὐτῷ,
451 1791 512 1826 τοῦ
529 1788 622 1826 Θεοῦ
647 1786 733 1839 πρὸς
749 1785 890 1838 μείζονα
910 1786 965 1825 ἀεὶ
979 1786 1086 1839 τιμὴν

59 1856 154 1903 ἡμᾶς
181 1850 377 1902 ἀνάγοντος.
410 1848 612 1892 Ἀπώλεσας
638 1847 751 1886 τοίνυν
774 1848 1006 1900 παράδεισον,
1026 1848 1086 1887 καὶ

61 1912 190 1966 ἀνέῳξέ
208 1928 263 1951 σοι
290 1915 308 1950 6
335 1911 423 1955 Θεὸς
442 1911 500 1949 τὸν
527 1910 670 1963 οὐρανόν
684 1926 691 1933 ·
711 1910 972 1958 κατεδικάσθης
991 1910 1086 1965 πόνῳ

59 1973 278 2026 προσκαίρῳ,
302 1973 364 2011 καὶ
387 1971 558 2024 ἐτιμήθης
578 1974 649 2024 ζωῇ
671 1971 813 2025 αἰωνίῳ.
835 1971 1022 2010 Ἐκέλευσε
1041 1974 1086 2024 τῇ

59 2038 105 2088 γῇ
130 2034 280 2079 ἀκάνθας
299 2035 359 2073 καὶ
380 2033 560 2087 τριὸόλους
581 2036 788 2086 ἀνενεγκεῖν,
814 2033 873 2072 καὶ
892 2033 1088 2081 ἐὸλάστησέ

59 2113 116 2136 σοι
137 2097 271 2150 καρπὸν
293 2095 498 2147 Πνεύματος
517 2099 539 2142 ἡ
559 2094 670 2148 ψυχή.
698 2094 808 2148 (Ορᾷς
830 2099 904 2140 πῶς
922 2095 1047 2148 μείζων
1064 2098 1086 2143 ἡ

60 2158 204 2211 εὐπορία
223 2161 284 2205 τ’ἧς
308 2157 459 2209 ζημίας,
481 2158 555 2200 πῶς
573 2156 703 2195 πλείων
719 2159 737 2195 6
758 2159 906 2202 πλοῦτος
917 2174 928 2206 3
949 2152 1035 2197 Οἶόν
1054 2174 1088 2195 τι

57 2220 150 2272 λέγω
161 2235 168 2242 ·
184 2219 332 2258 ἔπλασεν
352 2222 371 2257 6
384 2218 474 2262 Θεὸς
489 2219 545 2258 τὸν
563 2218 745 2272 ἄνθρωπον
761 2219 831 2258 ἀπὸ
846 2222 910 2270 γῆς
927 2219 986 2257 καὶ
1003 2218 1088 2257 ὕδα-

58 2298 128 2329 τος,
152 2281 212 2319 καὶ
236 2281 332 2319 ἔθετο
362 2280 463 2319 αὐτὸν
485 2281 519 2318 ἐν
539 2283 589 2333 τῷ
608 2280 824 2333 παραδείσῳ.
855 2283 932 2320 Οὐκ
953 2281 1088 2333 ἐγένετο

61 2342 235 2395 χρήσιμος
249 2344 267 2380 6
283 2341 460 2387 πλασθεὶς,
479 2340 569 2380 ἀλλὰ
586 2342 791 2395 διεστράφη.
820 2341 952 2381 Οὐκέτι
966 2342 1086 2381 λοιπὸν

63 2403 134 2442 ἀπὸ
151 2406 214 2455 γῆς
232 2403 292 2441 καὶ
306 2402 428 2447 ὕδατος
446 2403 548 2441 αὐτὸν
565 2403 792 2452 ἀναπλάττει,
812 2405 889 2442 ἀλλ’
910 2403 946 2448 ἐξ
964 2402 1088 2448 ὕδατος

63 2465 121 2502 καὶ
141 2463 346 2515 Πνεύματος
360 2480 367 2487 ·
387 2464 447 2502 καὶ
466 2466 527 2503 οὐκ
546 2463 818 2517 ἔτιπαράδεισον
833 2465 1088 2517 ἐπαγγέλλεται

62 2525 148 2578 πρὸς
177 2526 277 2564 αὐτὸν
290 2554 301 2572 ,
336 2525 425 2564 ἀλλὰ
452 2524 632 2577 βασιλείαν
664 2527 830 2577 οὐρανῶν.
874 2526 945 2565 Καὶ
980 2526 1087 2576 ὅπως,

62 2587 178 2625 ἄκουε.
209 2586 412 2637 Νικοδήμου
440 2586 508 2639 γὰρ
539 2591 599 2625 τοῦ
630 2586 796 2639 ἄρχοντος
820 2589 890 2626 τῶν
909 2587 1087 2626 Ἰουδαίων

62 2648 318 2691 καταπεσόντος
332 2679 344 2695 ,
366 2648 426 2686 καὶ
452 2648 515 2695 τὴν
535 2651 684 2687 ἐνταῦθα
702 2648 860 2700 γέννησιν
881 2651 1088 2698 ἐπιζητοῦν-

62 2726 120 2753 τος
138 2709 198 2747 καὶ
216 2709 393 2761 λέγοντος,
417 2709 584 2748 ἀδύνατον
606 2704 694 2748 εἶναι
713 2710 860 2762 γέροντα
881 2714 1089 2760 γεννηθῆναι

64 2771 212 2818 ἄνωθεν,
239 2770 303 2822 ὅρα
321 2774 395 2814 πῶς
409 2774 428 2809 6
445 2771 595 2823 Χριστὸς
612 2770 822 2824 σαφέστερον
840 2774 935 2825 αὐτῷ
952 2775 1085 2812 ἀποκα·

64 2832 187 2870 λύπτει
214 2834 277 2877 τ’ἧς
298 2831 488 2882 γεννήσεως
510 2831 568 2870 τὸν
587 2833 727 2887 τρόπον.
758 2834 846 2873 Ἐὰν
868 2835 918 2885 μή
939 2851 992 2879 τις
1009 2851 1089 2886 γεν-

63 2895 150 2943 νηθῇ
173 2892 208 2936 ἐξ
233 2891 356 2936 ὕδατος
380 2892 439 2930 καὶ
457 2892 679 2943 Πνεύματος,
709 2897 747 2933 οὐ
761 2895 904 2934 δύναται
923 2899 1088 2935 εἰσελθεῖν

62 2956 108 2997 εἷς
126 2954 189 2999 τὴν
210 2952 389 3004 βασιλείαν
411 2955 480 2990 τῶν
504 2955 669 3006 οὐρανῶν.
700 2957 743 2994 Εἰ
768 2957 882 2995 τοίνυν
906 2958 1088 3010 βασιλείαν

61 3017 213 3067 οὐρανῶν
234 3014 479 3066 ἐπηγγείλατο,
497 3017 544 3058 εἷς
562 3016 773 3067 παράδεισον
792 3017 828 3057 δὲ
848 3019 1011 3072 εἰσήγαγε
1031 3021 1088 3058 τὸν

62 3078 130 3127 λῃσ
168 3093 194 3122 ,ν
211 3106 221 3124 ,
260 3077 394 3115 οὐδέπω
423 3076 602 3115 ἀπέδωκεν
630 3079 726 3129 αὐτῷ
755 3078 800 3116 τὰ
829 3081 953 3131 ἀγαθά.
998 3083 1086 3120 Ἀλλ’

63 3136 178 3188 ἕτερόν
198 3153 232 3175 τι
250 3138 334 3189 πρὸς
355 3143 455 3176 τοῦτο
473 3137 623 3190 λέγουσι.
644 3139 716 3177 Τὸν
734 3141 958 3193 παράδεισον,
974 3144 1091 3196 φασὶν,

66 3199 210 3235 ἐνταῦθα
225 3228 235 3245 ,
258 3200 296 3236 οὐ
316 3199 374 3237 τὸν
394 3200 605 3250 παράδεισον
626 3193 719 3238 εἶπεν
734 3231 744 3246 ,
765 3201 855 3240 ἀλλὰ
873 3207 923 3242 τῶ
941 3209 1001 3243 τοῦ
1020 3221 1091 3244 πα-

68 3257 223 3307 ραδείσου
240 3259 384 3309 ὀνόματι
405 3260 468 3307 τὴν
490 3260 671 3312 βασιλείαν
690 3264 759 3299 τῶν
779 3244 930 3314 οὐρανιῗίν
949 3267 1091 3318 ὠνόμα-

17 3326 19 3328 “
69 3333 138 3356 σεν.
180 3320 325 3366 Ἐπειδὴ
346 3321 411 3372 γὰρ
430 3323 515 3375 πρὸς
533 3322 667 3374 λῃστὴν
689 3323 881 3373 διελέγετο,
911 3326 1092 3380 ἄνθρωπον

68 3380 163 3418 οῦδὲν
196 3382 370 3428 ἀκηκοότα
391 3386 459 3422 τῶν
480 3386 622 3435 ὑψηλῶν
643 3385 825 3435 δογμάτων
840 3417 849 3437 ,
870 3388 946 3428 οὐδὲ
979 3391 1090 3429 εἰδότα

2022 158 2114 220 789

1156 257 1509 308 incorruptionem?
1523 252 1720 292 Mortale?
1732 251 1945 304 quodnam?
1960 254 2115 293 animam

1155 330 1200 355 an
1223 317 1377 370 corpus?
1401 315 1507 355 Haud
1525 314 1699 364 dubium,
1721 314 1808 365 quin
1830 327 1958 367 corpus
1975 329 1983 350 :
2003 315 2116 366 siqui-

1155 378 1238 418 dem
1267 379 1387 417 auima
1422 387 1548 416 natura
1578 391 1641 415 sua
1661 386 1714 415 est
1739 376 1970 426 immortalis3
1991 390 2118 428 corpus

1155 450 1275 479 autem
1290 449 1417 478 natura
1437 439 1586 477 mortale
1600 447 1664 476 est.
1680 441 1726 476 At
1741 437 1836 476 enim
1851 437 1963 475 multa
1980 451 2025 475 ex
2042 437 2118 475 istis

1155 501 1210 540 illi
1236 508 1581 540 resecantzattamcn
1601 513 1647 538 ex
1667 498 1739 536 illis
1760 498 1848 551 ipsis
1873 512 1952 549 quae
1971 507 2118 546 restant,

1155 562 1402 615 cognationem
1413 575 1535 599 eorum
1548 574 1625 612 quae
1638 553 1768 598 resecta
1782 568 1864 597 sunt
1876 557 2120 611 deprebende-

1155 638 1249 662 mus.
1275 625 1459 675 Ingressus
1485 631 1537 660 est
1559 622 1650 660 latro
1671 621 1707 659 in
1739 619 1968 673 paradisum,
1991 619 2118 671 iuquit.

1155 685 1255 734 Quid
1270 695 1347 724 tum
1365 693 1485 738 postea
1496 685 1514 722 ἱ)
1527 698 1613 722 num
1631 683 1726 721 enim
1743 682 1819 720 liaec
1836 681 1897 720 illa
1912 691 1993 720 sunt
2008 682 2116 730 bona,

1154 762 1232 800 quae
1254 747 1356 786 nobis
1376 749 1475 786 Deus
1494 745 1714 800 pollicetur?
1825 786 1827 789 ¹

1208 810 1243 848 5.
1265 810 1345 847 Non
1366 807 1470 846 audis
1493 806 1585 859 quid
1606 806 1652 845 de
1673 805 1778 844 bonis
1806 806 1879 844 illis
1909 804 2041 844 Paulus
2059 803 2118 842 di-

1117 905 1124 911 .
1153 870 1238 909 cat?
1260 872 1354 922 Quae
1374 869 1509 908 oculus
1534 882 1613 906 non
1627 869 1744 915 vidit,
1767 876 1804 906 et
1823 870 1930 906 auris
1947 881 2024 904 non
2044 880 2114 904 αιι-
2136 882 2161 903 ι.
2182 874 2250 902 (m.
2268 884 2295 901 α,

1154 933 1264 979 divit,
1302 940 1339 970 et
1367 934 1410 969 in
1443 944 1511 970 cor
1535 931 1705 968 hominis
1732 943 1812 967 non
1831 924 2162 967 ascenderzmt:9·

1108 1012 1131 1042 B
1154 993 1254 1045 atqui
1273 991 1482 1046 paradisum
1496 1001 1530 1030 et
1546 991 1671 1030 oculus
1690 990 1785 1029 vidit
1807 989 1949 1038 Adami,
1969 998 2003 1027 et
2021 989 2119 1027 auris

1155 1055 1310 1105 audivit,
1344 1063 1378 1093 et
1409 1069 1469 1093 cor
1499 1052 1657 1092 hominis
1687 1051 1827 1104 excepit
1844 1050 1993 1089 :multis
2023 1049 2117 1088 enim

1150 1118 1228 1170 jam
1247 1116 1375 1155 dicbus
1395 1115 1440 1154 de
1454 1115 1518 1154 illo
1541 1114 1647 1153 verba
1666 1113 1836 1152 facimus:
1851 1111 2031 1164 quomodo
2051 1110 2120 1161 igi-

1155 1187 1216 1217 tur
1233 1178 1326 1217 bona
1345 1178 1436 1216 latro
1454 1176 1611 1229 recepit?
1631 1177 1712 1215 Non
1740 1174 1835 1212 enim
1855 1187 1891 1211 se
1911 1173 1948 1210 in
1976 1171 2121 1225 paradi-

1157 1253 1237 1277 sum
1256 1252 1320 1276 nos
1345 1235 1634 1275 introducturum
1656 1231 1836 1286 promittit
1861 1232 1972 1279 Deus,
1999 1229 2061 1268 sed
2083 1229 2120 1267 in

1156 1300 1275 1353 ipsum
1294 1299 1421 1338 caelum
1437 1311 1449 1334 t
1467 1310 1579 1347 neque
1597 1308 1749 1347 regnum
1770 1292 1950 1346 paradisi,
1972 1290 2035 1329 sed
2061 1305 2117 1329 re-

1156 1375 1268 1413 gnum
1286 1360 1456 1398 caelorum
1468 1355 1695 1411 praedicavit.
1718 1355 1840 1406 Coepit
1855 1352 1964 1403 enim,
1984 1351 2115 1403 inquit,
2138 1360 2250 1387 arants.
2268 1358 2297 1396 4.

1153 1421 1382 1473 praedicare,
1402 1427 1440 1457 et
1461 1419 1601 1463 dicere,
1616 1416 1896 1454 Poenitentiam
1908 1415 2012 1465 agite
2018 1429 2034 1458 ;
2054 1427 2120 1464 ap-
2137 1410 2184 1440 ¹7·

1153 1482 1433 1534 propinquavit
1453 1480 1570 1526 enim,
1588 1490 1659 1516 non
1676 1489 1827 1529 regnum
1843 1473 2018 1528 paradisi,
2040 1473 2117 1525 sed,

1155 1557 1317 1596 regnum
1343 1542 1540 1581 coelorum.
1574 1539 1669 1578 Nam
1689 1547 1731 1576 tu
1747 1536 1894 1588 quidem
1912 1534 2121 1588 paradisum

1156 1602 1324 1653 amisisti,
1346 1603 1443 1640 Deus
1462 1609 1582 1639 autem
1608 1598 1735 1636 caelum
1757 1596 1823 1634 tibi
1842 1595 1956 1647 dedit,
1979 1604 2018 1633 ut
2047 1610 2120 1633 suae

1111 1681 1135 1712 c
1158 1665 1222 1703 tibi
1240 1663 1419 1718 specimen
1434 1661 1552 1701 ederet
1567 1658 1814 1712 benignitatis,
1836 1671 1877 1696 ac
1896 1656 2040 1695 diabolo
2056 1656 2120 1695 do-

1157 1727 1269 1766 lorem
1287 1726 1455 1773 inureret,
1475 1733 1510 1762 et
1530 1721 1743 1769 ostenderet,
1760 1719 1897 1758 tametsi
1915 1719 2120 1756 innumeras

1157 1789 1217 1828 ille
1235 1788 1272 1827 in
1292 1801 1403 1840 genus
1430 1787 1631 1824 humanum
1656 1781 1804 1821 insidias
1821 1780 2006 1829 moliatur,
2026 1780 2120 1818 nihil

1157 1859 1275 1889 tamen
1296 1849 1365 1887 hoc
1391 1848 1447 1887 illi
1477 1847 1727 1900 profuturum,
1748 1857 1830 1882 cum
1863 1844 1960 1880 Deus
1983 1855 2122 1894 semper

1156 1913 1328 1965 majorem
1346 1909 1393 1948 ad
1412 1910 1583 1948 honorem
1607 1921 1670 1945 nos
1689 1905 1827 1944 evehat.
1848 1903 2009 1942 Amisisti
2038 1917 2122 1955 ergo

1155 1974 1378 2028 paradisum,
1398 1980 1432 2011 et
1451 1971 1580 2009 caelum
1602 1968 1667 2007 tibi
1687 1969 1784 2006 Deus
1811 1965 1983 2005 reseravit
2000 1981 2010 2003 ι
2033 1973 2121 2003 tem-

1155 2035 1297 2090 porario
1316 2035 1438 2073 labore
1462 2031 1652 2070 damnatus
1671 2044 1730 2080 es,
1753 2038 1788 2067 et
1805 2028 1880 2067 vita
1903 2036 2030 2066 aeterna
2059 2025 2122 2065 de-

1155 2106 1310 2136 coratus.
1344 2094 1516 2147 Praecepit
1543 2102 1643 2131 terrae
1671 2100 1712 2129 ut
1739 2089 1860 2142 spinas
1889 2089 2062 2141 proferret
2081 2101 2121 2126 ac
2139 2104 2319 2138 Gen.3.18.

1155 2158 1328 2206 tribulos,
1349 2165 1383 2195 et
1411 2157 1569 2194 fructum
1589 2153 1656 2191 tibi
1673 2151 1830 2204 Spiritus
1850 2149 1968 2187 anima
1987 2148 2120 2201 germi-

1155 2220 1266 2259 navit.
1286 2218 1401 2259 Vides
1422 2226 1462 2255 ut
1480 2217 1632 2269 majores
1659 2213 1731 2252 sint
1761 2211 1876 2265 poenis
1910 2211 2120 2261 facultates,

1157 2291 1195 2320 ut
1216 2280 1408 2333 ampliores
1427 2277 1498 2316 sint
1526 2275 1690 2316 divitiae?
1709 2273 1881 2326 Exempli
1907 2287 2010 2311 causa
2026 2290 2032 2309 ι
2050 2273 2123 2310 for-

1156 2342 1270 2382 mavit
1283 2343 1381 2380 Deus
1407 2339 1591 2378 hominem
1607 2352 1625 2376 e
1637 2347 1731 2376 terra
1750 2345 1784 2375 et
1803 2349 1910 2387 aqua,
1933 2335 2123 2387 ipsumque

1156 2403 1276 2458 posuit
1289 2403 1326 2441 in
1342 2400 1525 2456 paradiso.
1553 2400 1633 2438 Non
1657 2398 1772 2437 evasit
1788 2397 1892 2435 bon-te
1910 2395 2042 2448 frugis,
2059 2396 2122 2447 qui

1155 2466 1328 2505 formatus
1355 2464 1486 2511 fuerat,
1517 2460 1579 2500 scd
1607 2459 1825 2513 depravatus
1853 2465 1904 2495 est
1925 2472 1932 2493 :
1953 2470 2022 2494 non
2045 2457 2122 2508 jam

1156 2542 1175 2566 e
1193 2537 1286 2566 terra
1317 2534 1351 2564 et
1376 2538 1468 2576 aqua
1492 2523 1612 2575 ipsum
1638 2519 1797 2571 refingit,
1819 2517 1881 2556 sed
1909 2531 1954 2555 ex
1979 2531 2069 2567 aqua
2088 2525 2123 2554 et

1156 2588 1404 2642 Spiritutnon
1426 2586 1503 2638 Jam
1535 2584 1588 2622 illi
1618 2580 1841 2635 paradisum,
1877 2578 1937 2616 scd
1971 2592 2122 2630 regnum

1158 2651 1326 2690 caelorum
1345 2647 1548 2701 pollicetur.
1567 2644 1616 2682 Et
1639 2657 1709 2695 quo
1729 2650 1832 2694 paeto
1852 2639 1892 2678 id
1915 2640 1999 2687 liat,
2021 2638 2121 2677 audi.

1158 2713 1251 2751 Cum
1277 2709 1372 2748 enim
1396 2708 1563 2761 princeps
1589 2704 1800 2745 ,Iudaeorum
1828 2700 2046 2740 Nicodemus
2065 2701 2120 2738 la-

1156 2787 1241 2827 psus
1260 2779 1364 2817 esset,
1384 2778 1418 2807 et
1442 2768 1551 2820 hujus
1571 2765 1651 2804 vitae
1679 2763 1810 2802 natalia
1833 2762 2040 2813 inquireret,
2063 2760 2122 2799 di-

1159 2842 1336 2883 ceretque,
1359 2829 1437 2868 fieri
1458 2841 1526 2866 non
1545 2840 1662 2880 posse,
1686 2833 1724 2862 ut
1742 2837 1847 2862 senex
1869 2822 1986 2874 denuo
2002 2834 2123 2859 nasce-

1157 2892 1359 2943 remu-,vide
1370 2905 1441 2942 quo
1458 2898 1560 2942 pacto
1577 2887 1740 2925 Christus
1756 2885 1809 2923 illi
1825 2884 1957 2923 clarius
1974 2881 2121 2921 modum

1156 2956 1297 3006 detegat
1328 2951 1509 2991 natalium.
1541 2951 1630 2988 Nisi
1658 2950 1743 3000 quis
1777 2955 1892 2984 natus
1911 2946 2041 2999 suerit
2074 2942 2271 2998 e1·-l‘’¹¹”·3-
2291 2939 2320 2979 i·

1158 3027 1262 3067 aqua
1290 3021 1325 3050 et
1354 3011 1512 3063 Spiritu,
1548 3022 1626 3046 non
1651 3014 1776 3059 potest
1803 3007 1966 3042 introire
1991 3006 2033 3041 in
2063 2994 2164 3040 re-³‘

1123 3082 1134 3111 ’ἶ
1156 3089 1275 3127 gnum
1295 3073 1489 3111 coelorum.
1507 3070 1545 3108 Si
1563 3069 1673 3121 igitur
1691 3081 1841 3119 regumn
1861 3066 2028 3104 erulorum
2040 3078 2121 3116 pro-

1159 3137 1268 3184 misit,
1292 3135 1324 3173 iu
1347 3133 1553 3186 paradisum
1574 3140 1693 3169 autem
1711 3129 1883 3167 latronem
1906 3125 2120 3171 introduxit,

1160 3197 1317 3236 nondum
1350 3195 1402 3233 illi
1427 3195 1518 3232 hona
1542 3191 1721 3234 retribuit.
1748 3191 1885 3229 Verum
1913 3186 2012 3225 aliud
2034 3200 2120 3238 prae-
2176 3216 2255 3243 oum
2273 3227 2322 3243 no-

1160 3270 1252 3298 terca
1276 3256 1451 3309 quiddam
1480 3253 1667 3307 objiciunt.
1690 3251 1920 3297 Paradisum,
1938 3247 2118 3298 inquiunt,
2135 3242 2212 3284 nmio
2239 3268 2323 3294 pam-

1162 3322 1227 3359 lior
1263 3320 1358 3366 loco,
1387 3332 1456 3356 non
1488 3314 1696 3369 paradisum
1730 3312 1841 3359 dixit,
1871 3309 1932 3347 sed
1964 3307 2119 3361 parudisi
2135 3300 2323 3370 iiiii-¹5:1¹³...

1161 3390 1302 3428 nominc
1318 3399 1467 3439 regnum
1495 3384 1662 3423 caelorum
1695 3378 1906 3432 designavit.
1929 3378 2017 3415 'Nam
2037 3375 2118 3427 quia
2137 3372 2218 3409 duni.
