2516 3791
355 150 445 190 800
827 164 865 193 s.
903 163 1084 193 Jom‘ms
1119 160 1358 191 cuavsosr.

393 186 404 208 l

407 249 442 285 5.
465 245 538 285 Sed
549 247 678 284 horum
699 246 790 283 nihil
808 246 890 284 dico
907 261 914 281 :
935 259 1059 283 verum
1076 243 1169 281 illud
1198 243 1301 281 dixe-

354 307 422 346 rim
445 316 509 345 :ut
536 306 708 344 donemus
741 321 811 344 non
850 315 942 343 recte
964 305 1086 343 fecisse
1118 304 1300 354 mulieres,

355 383 483 419 easque
498 368 607 406 fuisse
632 367 773 405 crimini
806 366 990 413 obnoxias,
1017 375 1050 403 et
1082 365 1303 404 accusatione

351 429 492 481 dignas,
504 428 595 480 quid
607 428 683 465 haec
695 427 741 464 ad
755 426 933 464 Davidem
943 427 961 464 ἱ)
977 427 1100 477 Neque
1115 426 1210 464 enim
1228 426 1303 479 ipse

353 499 602 543 composuerat
620 488 831 536 cantionem,
852 502 965 538 neque
978 487 1051 525 illis
1076 496 1246 536 suaserat,
1264 497 1303 526 ut

353 553 510 591 dicerent
524 565 603 602 quae
623 549 801 597 dicebant,
833 563 947 600 neque
977 549 1168 587 adornarat
1198 549 1302 587 illum

353 613 566 652 laudationis
584 612 745 649 modum.
772 611 928 649 Proinde
949 611 1086 649 etiamsi
1110 610 1302 662 indignan-

353 675 440 713 dum
459 684 545 723 erat,
579 674 790 712 mulieribus
821 673 978 726 oportuit
1011 673 1206 725 indignari,
1233 687 1302 711 non

351 735 397 774 de
405 735 550 774 civitate
561 735 791 784 benemerito,
806 744 839 773 et
857 733 1007 773 infinitis
1021 734 1131 785 digno
1147 734 1298 772 coronis.
1328 757 1350 786 E

354 800 400 834 At
427 796 515 835 Sa'ul
535 796 676 835 omissis
692 795 766 834 illis
785 796 821 834 in
837 795 958 833 David
978 795 1208 834 irascebatur.
1224 797 1303 835 Jam

352 858 379 895 si
396 872 434 895 ea
452 857 558 895 laude
579 858 740 895 sublatus
754 857 815 895 ille
827 857 951 895 beatus
969 857 1157 896 invidisset
1183 871 1303 895 rerum

351 918 515 971 potienti,
535 918 726 969 fuissetque
746 917 815 970 ipsi
834 918 1120 966 contumeliosus,
1140 926 1173 955 et
1186 932 1304 970 asper-

351 989 454 1018 natus
473 980 596 1017 fuisset
608 980 683 1032 ejus
693 979 897 1031 imperium,
914 979 1061 1016 forsitan
1081 979 1201 1029 aliqua
1216 978 1303 1016 fuis-

352 1051 404 1080 set
426 1041 612 1080 invidendi
632 1055 738 1079 causa
762 1056 770 1076 τ
790 1049 827 1078 at
846 1040 876 1078 si
892 1041 1005 1078 factus
1026 1039 1093 1077 suit
1108 1039 1303 1077 humanior

351 1119 391 1142 ac
411 1104 612 1152 modestior,
633 1103 662 1141 si
690 1103 726 1140 in
745 1102 974 1140 subditorum
994 1101 1117 1140 ordine
1138 1116 1174 1139 se
1193 1101 1303 1139 conti-

351 1165 441 1214 nuit,
455 1179 532 1216 quae
548 1164 691 1202 tandem
710 1173 784 1202 erat
795 1164 892 1216 justa
909 1162 1055 1201 dolendi
1083 1162 1211 1200 causa}J
1239 1163 1302 1201 Si-

352 1226 498 1276 quidem
518 1225 645 1263 cumis
681 1224 742 1276 qui
770 1225 905 1262 honore
928 1224 1100 1272 afficitur,
1126 1224 1304 1262 attollitur

350 1288 523 1327 adversus
541 1302 622 1325 eum
639 1302 663 1325 a
679 1301 750 1338 quo
769 1295 958 1340 provectus
987 1295 1054 1336 est,
1078 1300 1141 1324 nec
1171 1285 1304 1324 desinit

351 1349 387 1386 in
404 1348 502 1386 illius
522 1357 736 1386 contemtum
756 1348 889 1386 honore
919 1347 1034 1397 abuti,
1064 1347 1173 1384 habet
1202 1346 1304 1384 dolor

350 1410 561 1448 nonnullam
580 1409 844 1448 excusationem
859 1423 867 1444 ε
883 1417 1048 1446 caeterum
1062 1407 1124 1444 uhi
1148 1407 1305 1460 persistit
1328 1428 1352 1456 Α

350 1471 386 1508 in
402 1472 611 1510 honorando
630 1472 749 1521 illum,
785 1480 846 1508 aut
860 1471 980 1523 potius
1011 1469 1124 1521 magis
1140 1470 1305 1521 obsequi-

350 1541 421 1581 tur,
442 1533 605 1584 ceditque
632 1533 668 1570 in
699 1532 880 1581 omnibus,
909 1545 1015 1581 quem
1043 1540 1162 1582 postea
1187 1540 1304 1582 potest

170 1613 234 1640 Ἀθη
248 1613 338 1640 esses-
350 1593 483 1631 habeie
501 1602 714 1646 praetextum
734 1592 895 1630 invidia?
916 1592 1040 1641 Itaque
1055 1591 1191 1628 etiamsi
1213 1591 1305 1628 nihil

150 1660 197 1680 ω·
244 1655 285 1681 1)
290 1655 336 1682 ud
350 1653 452 1691 aliud
468 1653 638 1720 praeclare
655 1661 791 1704 gestum
813 1651 948 1700 fuisset,
972 1651 1018 1689 ob
1032 1650 1126 1688 hoc
1117 1665 1236 1702 ipsum
1251 1659 1303 1688 ta-

149 1696 336 1765 ἲὲωῐζίεᾟζ
350 1729 430 1752 men
461 1714 575 1765 magis
598 1722 672 1751 eiat
692 1713 911 1765 diligendus,
934 1711 1032 1763 quod
1060 1725 1142 1749 cum
1170 1720 1304 1749 tantam

149 1788 222 1805 wm.
349 1785 471 1814 nactus
491 1785 579 1813 esset
599 1774 818 1812 occasionem
833 1772 1034 1825 occupandi
1046 1772 1163 1824 regni,
1178 1772 1304 1824 persti-

348 1837 430 1875 terit
449 1837 484 1874 in
506 1851 568 1874 sua
601 1835 784 1874 modestia.
817 1835 940 1885 Neque
970 1833 1065 1871 enim
1094 1847 1172 1883 quae
1203 1832 1304 1885 prius

348 1907 443 1949 gesta
461 1907 541 1936 sunt
562 1906 714 1944 tantum,
727 1910 855 1934 verum
870 1909 932 1933 nec
946 1909 984 1933 ea
997 1909 1076 1945 quae
1088 1903 1302 1945 consequuta

350 1968 445 2009 sunt,
461 1958 703 2011 superioribus
722 1957 923 1999 illisfmulto
934 1955 1170 2009 praeclariora,
1186 1965 1302 1994 sustu-

155 2016 1301 2069 2mg,18,leruntillianimosQuaetandemillaPErat‚i11quit‚

154 2087 232 2147 ῃμά
247 2130 271 2145 x
290 2127 299 2146 Ι
310 2117 338 2146 6
352 2082 487 2118 David
496 2082 666 2133 prudens
682 2083 723 2117 in
751 2081 927 2118 omnibns
946 2081 1015 2116 viis
1043 2081 1140 2125 suis,
1170 2087 1207 2116 et
1223 2080 1303 2116 Do-

352 2144 480 2180 minus
493 2145 733 2194 omnipotens
745 2150 828 2179 erat
847 2155 934 2179 cum
948 2154 1006 2191 eO,
1027 2143 1305 2193 universusque
1329 2152 1351 2182 B

351 2204 478 2241 Israel
507 2213 545 2241 et
575 2204 683 2241 Juda
717 2203 903 2254 diligebat
932 2202 1079 2249 David,
1117 2204 1304 2252 quoniam

353 2267 432 2316 ipse
452 2265 742 2316 ingrediebatur
760 2271 797 2300 ec
825 2263 1095 2314 egrediebatur
1108 2271 1200 2300 ante
1216 2276 1304 2300 con-

157 2334 523 2378 ltisl.v.20.spectum
545 2326 692 2377 populi.
718 2326 772 2362 Et
796 2324 972 2361 stlelclzol
993 2324 1093 2376 filia
1125 2323 1234 2371 Saizl,
1272 2333 1305 2361 et

155 2399 234 2427 nid.
247 2398 340 2427 v.30.
354 2386 541 2424 universus
556 2386 665 2424 Israel
685 2386 873 2437 diligebat
896 2385 1022 2422 illum.
1055 2386 1110 2422 Et
1130 2387 1305 2436 sapiebat

354 2461 471 2499 supra
509 2461 640 2485 omnes
674 2460 802 2485 servos
824 2446 941 2490 saith
972 2454 1008 2483 et
1036 2447 1305 2485 honorabatur

156 2534 180 2552 ι,
202 2525 275 2560 mg,
296 2521 341 2552 18,
356 2523 496 2546 nomen
513 2509 621 2546 illius
640 2508 770 2545 valde.
791 2508 842 2545 Et
857 2507 1054 2545 Jonathas
1067 2507 1185 2560 filius
1205 2508 1301 2547 Saia

158 2576 186 2595 ⁵¹¹
354 2572 540 2623 diligebat
571 2569 707 2608 David
739 2570 1001 2606 vehementer.
1046 2570 1302 2608 Verumtamen

354 2647 434 2669 cum
455 2632 662 2670 universum
674 2630 850 2683 populum
869 2644 910 2668 ac
929 2629 1023 2681 regis
1041 2630 1218 2669 familiam
1233 2631 1301 2669 sibi

1402 162 1421 188 Α
1431 159 1604 189 RcfflEP.
1643 160 1994 191 CONSTANTINOP.

1429 242 1531 288 Πλὴν
1564 242 1642 280 ἀλλ’
1665 242 1760 281 οὐδὲν
1797 244 1926 282 τούτων
1957 244 2073 295 λέγω,
2107 246 2183 283 ἀλλ’
2212 246 2319 284 ἐκεῖνο
2357 247 2395 285 ἂν

1376 304 1527 354 εἴποιμι·
1549 302 1638 341 ἔστω
1664 307 1780 347 κακῶς
1799 306 2027 352 πεποιηκέναι
2049 306 2110 349 τὰς
2140 312 2325 356 γυναῖκας,
2340 309 2398 346 καὶ

1377 364 1608 418 ἐγκλημάτων
1627 364 1725 408 ἀξίας
1750 360 1837 403 εἶναι
1869 366 1928 404 καὶ
1960 367 2194 419 κατηγορίας·
2227 367 2261 404 τί
2291 372 2399 406 ταῦτα

1375 426 1460 478 πρὸς
1487 425 1545 464 τὸν
1575 425 1705 474 Δαυίδ,
1723 428 1776 464 Οὐ
1795 424 1862 478 γὰρ
1888 427 1929 474 δὴ
1957 427 2000 466 τὰ
2031 427 2173 480 ᾄσματα
2202 427 2302 471 αὐτὸς
2321 443 2400 466 συν·

1373 486 1507 535 έθηκεν,
1532 487 1608 525 οὐδὲ
1628 486 1763 531 ἐκείνας
1788 488 1901 538 λέγειν
1930 488 2020 541 ἅπερ
2049 489 2165 540 ἔλεγον
2197 488 2296 532 αὐτὸς
2324 488 2400 527 ἀνέ-

1371 564 1502 596 πεισεν,
1519 547 1595 586 οὐδὲ
1623 547 1861 587 κατεσκεύασε
1879 553 1998 588 τοῦτον
2017 550 2074 588 τὸν
2094 550 2222 602 τρόπον
2244 549 2400 601 γενέσθαι

1370 612 1434 656 τῆς
1450 608 1633 662 εὐφημίας.
1648 608 1761 648 εὨστε
1782 611 1812 647 εἷ
1831 609 1891 648 καὶ
1912 613 2120 662 ἀγανακτεῖν
2141 610 2209 649 ἔδει
2225 641 2236 659 ,
2255 610 2401 654 ἐκείναις

1371 673 1477 721 ἐχρῆν
1493 673 1714 721 ἀγανακτεῖν,
1731 672 1768 709 οὐ
1787 672 1835 723 τῷ
1861 674 1966 723 κοινῷ
1984 675 2048 718 τῆς
2065 671 2200 716 πόλεως
2214 671 2376 724 εὐεργέτῃ
2389 701 2398 718 ,

1372 732 1432 770 καὶ
1464 734 1596 785 μυρίων
1624 731 1803 784 στεφάνων
1840 732 1936 785 ἀξίῳ.
1970 732 2015 771 ‘O
2047 732 2083 771 δὲ
2118 732 2251 777 ἐκείνας
2282 733 2398 785 ἀφεὶς,

1371 792 1430 829 ἐπὶ
1451 796 1571 830 τοῦτον
1591 793 1657 845 ᾔει.
1676 793 1751 833 Καὶ
1782 795 1811 831 εἰ
1836 793 1898 844 μὲν
1930 793 2000 832 ἀπὸ
2026 796 2090 840 τῆς
2119 793 2291 846 εὐφημίας
2310 793 2399 831 ἐκεί·

1371 868 1432 900 νης
1450 854 1611 906 ἐπαρθεὶς
1641 857 1658 892 ὃ
1691 854 1863 907 μακάριος
1894 854 2027 907 ἐφθόνει
2057 857 2107 907 τῷ
2135 858 2321 907 κρατοῦντι
2342 855 2401 893 καὶ

1370 913 1506 966 ὕὲριζεν
1540 917 1586 958 εἷς
1602 915 1717 962 αὐτὸν,
1728 915 1789 952 καὶ
1808 914 1991 954 διέπτυσεν
2007 916 2112 954 αὐτοῦ
2127 915 2191 963 τὴν
2207 915 2402 968 βασιλείαν,

1370 975 1464 1027 τάχα
1481 969 1554 1028 εἶχέ
1569 991 1647 1014 τινα
1661 975 1762 1027 λόγον
1779 980 1797 1014 ὁ
1810 977 1931 1029 φθόνος
1943 992 1951 1000 ·
1970 979 1998 1015 εἷ
2016 977 2051 1014 δὲ
2068 977 2320 1029 ἐπιεικέστερος
2332 977 2401 1029 ἐγί-

1371 1053 1446 1075 νετο
1465 1037 1525 1075 καὶ
1553 1036 1763 1090 πραότερος,
1783 1037 1842 1075 καὶ
1873 1037 1937 1085 τὴν
1969 1041 2039 1075 τῶν
2071 1038 2277 1091 ἀρχομένων
2303 1037 2402 1088 ἔμενε

1371 1099 1547 1150 διατηρῶν
1564 1097 1674 1146 τάξιν,
1692 1098 1796 1137 ποίαν
1812 1093 1886 1151 εἶχε
1898 1099 2034 1137 δικαίαν
2054 1099 2228 1152 πρόφασιν
2246 1103 2268 1146 ἡ
2290 1098 2403 1146 λύπη,

1372 1159 1485 1198 υΟταν
1517 1159 1578 1211 μὲν
1606 1159 1673 1212 γὰρ
1709 1163 1727 1198 ὁ
1766 1161 1965 1211 τιμώμενος
1993 1160 2182 1212 ἐπαίρηται
2217 1160 2307 1199 κατὰ
2341 1164 2401 1199 τοῦ

1371 1221 1757 1273 παρευδοκιμουμένου,
1773 1221 1833 1259 καὶ
1850 1223 1993 1274 διατελῇ
2010 1227 2086 1264 ταῖς
2103 1228 2221 1273 τιμαῖς
2240 1223 2288 1265 εἷς
2303 1221 2401 1274 ὕὸριν

1373 1283 1589 1336 κεχρημένος
1608 1282 1759 1331 ἐκείνου,
1779 1283 1952 1334 λαμὸάνει
1977 1283 2056 1322 τινὰ
2083 1282 2244 1336 ἀφορμὴν
2272 1283 2311 1321 τὸ
2333 1283 2401 1322 πά,

1373 1348 1447 1387 θος·
1468 1343 1547 1382 ὅταν
1569 1343 1604 1381 δὲ
1626 1343 1712 1395 με’νῃ
1728 1348 1854 1394 τιμῶν,
1884 1345 2016 1395 μᾶλλον
2035 1344 2071 1383 δὲ
2091 1344 2291 1396 Θεραπεύων
2324 1361 2400 1395 μει-

1374 1405 1494 1453 ζόνως,
1516 1405 1575 1443 καὶ
1595 1405 1696 1443 εἴκων
1711 1407 1746 1444 ἐν
1773 1405 1903 1452 ἅπασι,
1919 1404 2020 1443 ποίαν
2047 1404 2088 1442 ἂν
2116 1404 2191 1457 ἔχοι
2223 1404 2401 1458 πρόφασιν
2443 1408 2446 1410 ’
2466 1406 2468 1411 ’

1373 1469 1393 1511 ἡ
1420 1465 1593 1517 βασκανία
1620 1465 1761 1512 λοιπόν;
1781 1465 1893 1504 ίὨστε
1919 1467 1949 1503 εἰ
1980 1466 2040 1503 καὶ
2061 1465 2169 1517 μηδὲν
2193 1468 2285 1518 αὐτῷ
2311 1471 2400 1504 εικα-

1373 1526 1558 1578 τώρθωται
1579 1526 1707 1579 ἕτερον,
1727 1528 1768 1564 δι’
1793 1527 1878 1564 αὐτὸ
1895 1530 1996 1564 τοῦτο
2012 1526 2177 1577 μειζόνως
2192 1526 2294 1564 αὐτὸν
2316 1529 2401 1578 ἀγα-

1374 1594 1444 1638 πᾷν
1464 1587 1551 1636 ἔδει,
1570 1587 1624 1625 ὅτι
1641 1587 1813 1634 τοσαύτην
1839 1588 1998 1640 ἀφορμὴν
2019 1587 2138 1626 λαὸὼν
2162 1587 2248 1640 πρὸς
2274 1605 2401 1641 τυραν-

1373 1648 1464 1690 νίδος
1481 1648 1648 1696 ἐπίθεσιν,
1670 1648 1770 1699 ἔμενε
1790 1648 1853 1695 τὴν
1873 1650 1968 1700 αὐτῷ
1987 1648 2189 1700 πρέπουσαν
2214 1650 2402 1688 ἐπιείκειαν

1376 1711 1562 1762 διατηρων.
1583 1709 1676 1748 Οὐδὲ
1696 1709 1763 1762 γὰρ
1784 1709 1824 1758 δὴ
1846 1710 1949 1761 μόνον
1975 1710 2018 1748 τὰ
2039 1710 2210 1764 πρότερα,
2231 1713 2308 1749 ἀλλ’
2327 1711 2402 1750 οὐδὲ

1374 1770 1418 1807 τὰ
1434 1771 1526 1822 μετὰ
1544 1774 1655 1809 ταῦτα
1683 1773 1803 1823 πολλῳ
1837 1770 1978 1822 μείζονα
2011 1771 2093 1810 ὄντα
2123 1773 2252 1848 επῆρεν
2283 1773 2399 1810 αὐτόν.

1376 1833 1507 1870 Ποῖα
1488 1832 1529 1879 δὴ
1544 1836 1674 1880 ταῦτα;
1700 1834 1766 1871 Ην
1787 1833 1897 1870 Δαυιδ
1923 1849 2061 1879 συνιων,
2081 1833 2199 1886 φησὶν,
2220 1837 2254 1872 ἐν
2273 1834 2402 1878 πάσαις

1375 1899 1451 1937 ταῖς
1473 1895 1561 1937 ὁδοῖς
1581 1896 1708 1942 αὐτοῦ,
1726 1894 1786 1933 καὶ
1808 1893 1933 1946 Κύριος
1962 1894 2215 1947 παντοκράτωρ
2236 1898 2311 1946 μετ’
2343 1898 2403 1934 αὐ·

1374 1958 1450 2002 τοῦ,
1471 1955 1530 1993 καὶ
1549 1962 1617 1998 πᾶς
1631 1954 1777 2007 Ἰσραὴλ
1798 1955 1858 1993 καὶ
1874 1957 2009 2000 Ἰούδας
2027 1956 2176 2007 ἠγάπων
2198 1957 2256 1994 τὸν
2271 1957 2401 2003 Δαυὶδ,

1375 2016 1426 2054 ὅτι
1442 2016 1543 2060 αὐτὸς
1560 2014 1780 2068 ἐξεπορεύετο
1798 2016 1858 2055 καὶ
1873 2017 2110 2069 εἰσεπορεύετο
2128 2018 2195 2070 πρὸ
2213 2017 2402 2071 προσώπου

1374 2085 1434 2118 τοῦ
1454 2081 1551 2118 λαοῦ.
1581 2079 1654 2118 Καὶ
1677 2079 1843 2132 Μελχὼλ
1861 2083 1883 2126 ἧ
1919 2080 2074 2132 θυγάτηρ
2102 2079 2221 2119 Σαοὺλ
2249 2080 2310 2118 καὶ
2334 2087 2403 2123 πᾶς

1374 2140 1520 2193 Ἰσραὴλ
1536 2140 1658 2192 ἠγάπα
1679 2141 1792 2180 αὐτὸν.
1814 2142 1883 2180 Καὶ
1903 2144 2029 2188 συνῆκε
2048 2143 2131 2194 παρ’
2154 2141 2311 2183 ἅπαντας
2324 2139 2402 2184 τοὺς

1375 2202 1514 2245 δούλους
1531 2201 1667 2240 Σαούλ·
1684 2202 1744 2240 καὶ
1763 2204 1910 2253 ἐτιμήθη
1929 2203 1969 2241 τὸ
1991 2203 2103 2253 ὄνομα
2131 2204 2235 2240 αὐτοῦ
2255 2201 2400 2255 σφόδρα.

1375 2263 1445 2301 Καὶ
1468 2263 1635 2301 ἸωνάΟαν
1652 2264 1722 2307 υἱὸς
1745 2264 1864 2302 Σαοὺλ
1881 2264 2004 2316 ἠγάπα
2026 2264 2083 2301 τὸν
2113 2263 2223 2300 Δαυὶδ
2255 2263 2399 2316 σφόδρα.

1374 2324 1466 2362 Ἀλλ’
1489 2323 1582 2374 ὅμως
1596 2324 1654 2362 τὸν
1673 2326 1782 2375 δῆμον
1803 2325 1942 2362 ἅπαντα
1963 2324 2023 2363 καὶ
2042 2324 2104 2371 τὴν
2125 2323 2236 2362 οἰκίαν
2258 2328 2317 2362 τοῦ
2340 2326 2402 2375 βα-

1376 2385 1496 2429 σιλέως
1520 2386 1789 2437 οἰκειωσάμενος
1803 2416 1814 2434 ,
1837 2385 1896 2423 καὶ
1919 2389 2056 2437 κρατῶν
2085 2388 2119 2424 ἐν
2148 2391 2219 2428 τοῖς
2237 2385 2402 2436 πολέμοις

1375 2452 1576 2500 πανταχοῦ,
1597 2448 1656 2486 καὶ
1677 2449 1828 2498 οὐδαμοῦ
1853 2447 2114 2501 διαμαρτάνων,
2152 2446 2213 2484 καὶ
2239 2446 2400 2490 τοιαύτας

1375 2509 1451 2547 ἀντὶ
1470 2512 1537 2547 τῶν
1558 2511 1761 2561 εὐεργεσιῶν
1781 2508 1920 2547 ἐκείνων
1939 2507 2127 2547 ἀπολαὸὼν
2143 2507 2206 2551 τὰς
2228 2507 2398 2558 ἀμοιὸὰς,

1374 2571 1434 2608 οὐκ
1471 2570 1778 2624 ἐξετραχηλίζετο,
1813 2570 1890 2608 οὐδὲ
1917 2569 2082 2620 ἐπεθύμει
2110 2572 2173 2615 τῆς
2202 2568 2400 2620 βασιλείας,

1375 2631 1450 2670 οὐδὲ
1474 2632 1634 2682 ἠμύνατο
1649 2632 1706 2670 τὸν
1723 2632 1864 2684 ἐχθρὸν,
1881 2633 1959 2669 ἀλλ’
1981 2631 2100 2681 ἔμενεν
2125 2631 2325 2683 εὐεργεπῦν,
2342 2630 2402 2667 καὶ

352 2694 577 2732 conciliatam
592 2693 753 2743 haberet,
785 2707 864 2730 cum
887 2691 1017 2743 ubique
1038 2692 1074 2730 in
1094 2691 1201 2731 bellis
1223 2693 1302 2732 vin·
1327 2700 1350 2730 C
1372 2691 1451 2735 τοὺς
1481 2692 1568 2746 ὑπὲρ
1601 2694 1705 2731 αὐτοῦ
1735 2692 1912 2743 πολέμους
1938 2694 2130 2744 κατορθῶν.
2151 2691 2242 2729 Τίνα
2271 2693 2333 2729 οὐκ
2361 2690 2400 2727 ἂν

352 2764 456 2803 ceret,
475 2769 536 2792 nec
559 2768 727 2804 umquam
750 2753 979 2791 frustraretur
997 2766 1174 2802 successu7
1197 2767 1301 2791 cum-

353 2831 421 2867 que
453 2830 516 2867 pro
534 2815 622 2853 bene
645 2815 752 2866 gestis
784 2813 890 2852 rebus
910 2813 982 2851 illis
1012 2814 1119 2852 talem
1150 2814 1303 2865 gratiam

354 2878 539 2930 reciperet,
562 2892 630 2914 non
657 2877 769 2915 erexit
789 2876 976 2926 cervicem,
1006 2891 1068 2914 nec
1085 2890 1232 2927 regnum
1251 2877 1303 2913 af-

354 2939 508 2987 fectavit,
526 2953 588 2976 nec
601 2939 738 2976 hostem
759 2938 853 2975 ultus
883 2947 949 2988 est,
971 2937 1034 2976 sed
1064 2938 1303 2990 perseveravit

355 3002 390 3039 in
412 3000 676 3049 benefaciendo,
711 3009 744 3037 et
776 3000 810 3037 in
843 2999 948 3037 bellis
973 3014 1036 3051 pro
1057 3013 1138 3049 rege
1153 2999 1303 3037 feliciter

353 3062 531 3113 gerendis.
553 3062 644 3109 Quis
664 3071 715 3099 est
736 3070 806 3099 tam
819 3062 983 3099 efferatus
1001 3071 1033 3099 et
1056 3061 1225 3112 crudelis,
1246 3062 1303 3099 cui

355 3126 418 3161 ista
445 3138 512 3161 uon
534 3122 664 3161 fuerint
679 3136 902 3174 persuasura,
932 3132 970 3160 ut
998 3122 1223 3161 inimicitiam
1242 3123 1302 3160 de-

356 3194 513 3236 poneret,
551 3193 584 3222 et
612 3182 784 3221 invidiam
817 3183 1010 3235 abjiceret?
1048 3186 1092 3221 At
1123 3183 1302 3222 crudelem

358 3247 458 3283 illum
485 3257 517 3284 et
535 3247 767 3284 inhumanum
789 3245 876 3282 nihil
896 3245 1022 3282 horum
1041 3245 1160 3291 ss‹·xit;
1181 3245 1239 3283 sod
1258 3245 1302 3283 :ul

401 3365 412 3379 ⁸
438 3355 514 3396 neg.
537 3361 634 3398 turon:
642 3358 727 3386 Omo-

1374 2753 1490 2792 ἔπεισε
1512 2759 1622 2792 ταῦτα
1643 2753 1935 2805 ἐκτεθηριωμένον
1965 2753 2024 2790 καὶ
2045 2752 2162 2805 ἄγριον
2191 2752 2402 2791 καταθέσθαι

1371 2816 1434 2863 τὴν
1456 2816 1598 2870 ἔχθραν,
1615 2816 1675 2853 καὶ
1693 2817 1942 2867 ἀπαλλαγῆναι
1971 2818 2033 2862 τ’ἧς
2062 2814 2275 2866 βασκανίας,
2296 2813 2400 2852 Ἀλλὰ

1372 2879 1429 2917 τὸν
1444 2878 1540 2927 ὠμὸν
1557 2880 1683 2916 ἐκεῖνον
1700 2877 1758 2915 καὶ
1774 2877 2004 2930 ἀπάνΟρωπον
2031 2877 2128 2914 οὐδὲν
2153 2874 2400 2914 τούτων-ἔπει-

1373 2955 1431 2978 σεν
1443 2955 1450 2962 ·
1473 2938 1561 2976 ἀλλὰ
1582 2938 1666 2990 πρὸς
1684 2938 1823 2976 ἅπαντα
1840 2937 2097 2989 ἀποτυφλωῡεὶς
2111 2967 2120 2985 ,
2134 2938 2193 2975 καὶ
2211 2940 2253 2988 τῇ
2272 2939 2402 2988 βασκα-

1372 3001 1428 3052 νίᾳ
1447 3000 1509 3047 τὴν
1530 2999 1645 3051 ψυχὴν
1666 2999 1822 3046 ἐπιδοὺς,
1845 3003 1903 3038 ἀνε
1928 3005 1975 3037 εῖν
2009 2999 2110 3037 αὐτὸν
2135 3001 2320 3051 ἐπιχειρεῖ·
2342 2996 2399 3035 καὶ

1371 3063 1405 3101 τί
1423 3066 1608 3109 ποιοῦντα,
1625 3065 1747 3109 (τοῦτο
1763 3063 1829 3135 γάρ
1849 3063 1922 3098 ἐστι
1949 3060 1988 3098 τὸ
2022 3062 2138 3110 μεῖζον
2173 3060 2232 3097 καὶ
2264 3062 2400 3109 Θαυμα-

1374 3124 1478 3162 στόν·
1493 3123 1614 3174 Ἲψάλλ
1618 3139 1699 3162 οντα
1719 3122 1778 3161 καὶ
1811 3137 1962 3159 καταστε
1949 3121 2091 3160 ’λλοντα
2113 3123 2215 3158 αὐτοῦ
2240 3119 2303 3166 τὴν
2334 3135 2400 3169 μα-

1374 3186 1461 3224 νίαν.
1484 3185 1593 3222 Δαυιδ
1613 3185 1742 3236 ἔψαΛλε
1769 3188 1810 3235 τῇ
1831 3199 1922 3236 [sipi.
1953 3185 2080 3228 αυτ-ου’,
2108 3198 2224 3234 φησιν,
2254 3184 2299 3224 ὣς
2322 3183 2396 3218 καθ’

1376 3246 1524 3291 ΞΧάΡτὙΙ
1545 3261 1611 3294 [4¹23
1606 3244 1700 3295 ’ραν
1720 3259 1778 3281 ΧΊῑ
1798 3259 1837 3280 '0
1857 3256 1936 3292 stipo
1956 3258 1989 3279 ἓν
2008 3244 2049 3292 τῇ
2067 3257 2108 3292 γε
2094 3257 2158 3291 ῑρῑ
2182 3239 2320 3278 Σαθυλ“
2342 3239 2399 3277 χ’Χὶ
