2516 3791
778 239 818 269 ΙΝ
857 238 959 269 (ἿΑΡ.
1000 239 1062 269 ΧΙ.

175 323 275 375 χάριν
303 322 470 366 πολλάκις
503 322 700 373 γινομένους
720 322 904 370 ἐπαίνους,
937 324 999 368 τῆς
1019 321 1113 374 παρὰ
1133 324 1192 360 τοῦ

172 383 348 421 Δεσπότου
369 382 540 434 εὐφημίας
560 380 702 424 ἑαυτοὺς
722 381 879 426 ἀναξίους
901 382 1192 432 καταστήσωμεν.

173 443 239 481 Καὶ
266 443 334 495 γὰρ
355 443 534 495 ἀμφότερα
554 443 695 496 ὀλέθρια
711 473 719 488 ,
749 443 807 480 καὶ
831 443 923 493 λύμη
943 445 1005 489 τῆς
1020 442 1194 494 ἡμετέρας

170 504 363 556 σωτηρίας,
385 505 445 544 καὶ
476 505 515 543 τὸ
544 505 629 559 πρὸς
649 505 748 550 δόξαν
770 505 989 557 ἀνθρωπίνην
1011 503 1194 557 ἀφορῶντά

170 580 203 601 τι
223 566 497 618 διαπράττεσθαι
513 570 581 604 τῶν
597 568 857 616 πνευματικῶν,
874 565 932 603 καὶ
947 565 987 603 τὸ
1003 564 1093 616 μέγα
1109 578 1192 615 φρο-

168 631 237 663 νεῖν
258 626 311 678 ἐφ’
331 621 380 670 οἶς
402 627 442 665 ἂν
463 630 684 678 κατορθῶσαι
706 627 847 677 δυνηθῇ.
871 625 928 663 Δι’
946 626 964 664 ὃ
983 625 1101 675 νήφειν
1122 623 1190 676 χρὴ

170 685 229 723 καὶ
250 688 488 740 ἐγρηγορέναι,
509 688 567 725 καὶ
585 687 628 725 τὰ
647 688 717 726 ἀπὸ
738 690 799 733 τῆς
822 686 914 729 θείας
937 687 1080 737 Γραφῆς
1098 685 1190 736 φάρ-

171 762 267 796 μακα
291 747 481 786 ἐπιτιθέναι
512 751 664 799 συνεχῶς
694 750 852 793 ἑαυτοῖς,
872 746 962 785 ὥστε
983 745 1032 796 μὴ
1056 747 1190 783 ἁλῶναι

170 812 239 849 τοῖς
267 808 431 860 ὀλεθρίοις
458 808 590 851 τούτοις
619 808 756 846 πάθεσι.
795 806 869 845 Κᾶν
903 807 970 858 γὰρ
1003 805 1110 857 μυρία
1138 822 1189 848 τις

167 868 408 918 κατωρθωκὼς
439 863 484 919 ᾗ,
508 868 566 906 καὶ
596 869 734 906 ἅπασαν
763 867 827 913 τὴν
855 866 979 919 ἀρετὴν
1011 866 1187 911 διανύσας,

168 928 259 979 μέγα
283 929 317 966 δὲ
346 933 452 982 φρονῇ
469 960 478 976 ,
513 929 651 967 πάντων
672 928 897 979 ἐλεεινότερος
916 927 956 966 ἂν
977 927 1187 992 γένοιτοωκαὶ

163 988 386 1041 ἀθλιώτερος.
409 991 478 1028 Καὶ
497 993 598 1028 τοῦτο
617 991 720 1035 δῆλον
735 993 820 1040 ἡμῖν
840 989 1036 1041 γεγένηται,
1055 989 1089 1033 ἐξ
1107 993 1153 1027 ὡν
1170 992 1187 1026 ὁ

164 1050 362 1103 Φαρισαῖος
383 1052 511 1094 ἐκεῖνος
531 1050 692 1101 ὑπέμεινε
707 1081 716 1098 ,
749 1050 885 1102 μεγάλα
905 1050 1078 1102 φρονήσας
1097 1050 1187 1088 κατὰ

163 1115 222 1149 τοῦ
232 1111 393 1159 τελώνου,
409 1111 468 1150 καὶ
487 1112 641 1150 ἐλάττων
654 1115 714 1150 τοῦ
727 1111 876 1150 τελώνου
892 1111 1014 1164 ἀθρόον
1025 1111 1187 1163 γεγονὼς,

164 1170 222 1208 καὶ
241 1170 296 1209 διὰ
315 1174 378 1217 τῆς
397 1172 525 1215 οἰκείας
544 1171 702 1224 γλώττης
718 1171 830 1210 πάντα
848 1173 952 1210 αὐτοῦ
967 1172 1024 1210 τὸν
1039 1173 1186 1210 πλοῦτον

164 1235 226 1278 τῆς
254 1234 380 1285 ἀρετῆς
406 1233 551 1285 ἐκχέας,
582 1233 641 1271 καὶ
670 1234 799 1284 γυμνὸν
827 1233 886 1270 καὶ
908 1232 1037 1286 ἔρημον
1066 1232 1186 1270 ἑαυτὸν

165 1294 399 1341 καταστήσας,
420 1295 478 1332 καὶ
497 1294 587 1338 ξένον
602 1294 660 1332 καὶ
679 1294 796 1332 καινὸν
811 1293 970 1344 ναυάγιον
986 1293 1186 1344 ὑπομείνας.

169 1355 228 1396 tii<
250 1355 351 1392 αὐτὸν
381 1355 449 1407 γὰρ
479 1354 584 1393 ἐλθὼν
609 1355 666 1394 τὸν
685 1355 810 1404 λιμένα
828 1355 967 1392 ἅπαντα
985 1354 1043 1392 τὸν
1062 1353 1186 1406 φόρτον

167 1417 270 1453 αὑτοῦ
301 1416 481 1454 κατέδυσε.
518 1417 551 1453 Τ
553 1416 570 1454 ὸ
598 1415 665 1467 γὰρ
700 1416 762 1454 ἀπ’
781 1417 888 1467 εὐχῆς
905 1417 967 1461 τῆς
985 1417 1023 1453 οὐ
1044 1415 1187 1458 δεόντως

166 1476 398 1527 γεγενημένης
429 1479 532 1514 τοῦτο
558 1481 703 1525 παθεῖν,
731 1477 849 1528 ὅμοιόν
877 1479 950 1515 ἐστι
969 1479 1020 1529 τῷ
1041 1479 1074 1515 ἐν
1096 1479 1188 1529 αὐτῷ

166 1537 262 1589 μέσῳ
289 1540 338 1589 τῷ
368 1536 484 1587 λιμένι
511 1538 672 1589 ναυάγιον
703 1540 900 1589 ὑπομεῖναι.
932 1538 1001 1576 Διά
1021 1553 1074 1576 τοι
1089 1543 1190 1577 τοῦτο

164 1598 223 1635 καὶ
245 1602 263 1636 ὁ
294 1599 443 1649 Χριστὸς
475 1599 728 1651 παραγγέλλων
758 1605 830 1642 τοῖς
861 1603 1034 1650 μαθηταῖς
1060 1598 1188 1651 ἔλεγεν,

163 1659 277 1697 ’Όταν
313 1660 425 1698 πάντα
452 1660 646 1708 ποιήσητε,
676 1660 817 1712 λέγετε,
839 1660 892 1699 ὅτι
918 1662 1052 1713 ἀχρεῖοι
1074 1660 1190 1698 δοῦλοί

165 1723 286 1771 ἐσμεν·
322 1721 596 1773 ἀσφαλιζόμενος
627 1721 770 1769 αὐτοὺς,
801 1722 861 1760 καὶ
895 1724 934 1760 ἐκ
965 1723 1094 1760 πολλοῦ
1129 1725 1188 1760 τοῦ

166 1783 400 1833 διαστήματος
431 1783 637 1834 βουλόμενος
663 1787 723 1820 τοῦ
745 1783 900 1835 ὀλεθρίου
920 1783 1042 1822 τούτου
1058 1783 1189 1826 πάθους

167 1843 262 1886 ἐκτὸς
286 1843 407 1887 αὐτοὺς
426 1842 595 1894 γενέσθαι.
627 1844 762 1890 Εἴδετε,
781 1845 970 1895 ἀγαπητοὶ,
989 1847 1063 1888 πῶς
1077 1845 1155 1883 οὔτε
1170 1847 1188 1883 ὁ

166 1904 250 1955 πρὸς
279 1903 378 1947 δόξαν
401 1905 619 1955 ἀνθρωπίνην
640 1904 810 1956 κεχηνὼς,
830 1905 889 1943 καὶ
911 1905 968 1943 διὰ
993 1905 1123 1953 ταύτην
1143 1906 1187 1945 τὰ

167 1968 227 2011 τῆς
247 1967 372 2016 ἀρετῆς
399 1965 484 2017 ἔργα
514 1963 666 2015 μετιὼν,
691 1965 764 2017 ἔχει
782 1965 858 2004 τινὰ
878 1966 996 2013 ὄνησιν
1010 1996 1019 2013 ,
1050 1966 1109 2004 καὶ
1132 1966 1186 2005 δ’τι

167 2027 225 2063 καὶ
258 2025 346 2076 μετὰ
376 2025 416 2062 τὸ
437 2028 657 2077 κατορθῶσαι
683 2026 799 2064 πάντα
822 2026 866 2065 τὰ
891 2029 953 2073 τῆς
978 2029 1124 2079 ἀρετῆς,
1157 2029 1185 2065 εἷ

167 2086 254 2130 δόξει
277 2087 366 2137 μέγα
385 2093 518 2139 φρονεῖν
537 2087 595 2124 ἐπὶ
617 2086 769 2135 τούτοις,
787 2088 928 2126 πάντων
948 2088 1075 2140 ἔρημος
1095 2088 1187 2141 γίνε-

166 2164 223 2186 ται
241 2147 300 2186 καὶ
318 2147 470 2198 γυμνός,
491 2147 685 2199 Φεύγωμεν
704 2147 830 2196 τοίνυν,
850 2151 1059 2202 παρακαλῶ,
1075 2155 1185 2188 ταῦτα

166 2209 208 2247 τὰ
228 2209 367 2260 ὀλέθρια
382 2208 477 2254 πάθη
491 2236 500 2253 ,
521 2208 581 2245 καὶ
600 2208 686 2259 πρὸς
706 2211 834 2247 ἐκεῖνον
851 2208 954 2259 μόνον
974 2211 1109 2263 ὁρῶμεν
1125 2210 1184 2249 τὸν

165 2270 356 2320 ἀκοίμητον
384 2269 559 2321 ὀφθαλμὸν
573 2300 583 2317 ,
603 2269 662 2307 καὶ
683 2269 790 2320 μηδὲν
812 2270 925 2309 κοινὸν
945 2271 1082 2322 ἔχωμεν
1099 2272 1184 2324 πρὸς

164 2335 240 2377 τοὺς
269 2338 466 2385 ὁμογενεῖς,
493 2332 580 2384 μηδὲ
605 2335 824 2384 ἐπιζητῶμεν
851 2333 909 2372 τὸν
936 2334 1034 2386 παρὰ
1052 2335 1183 2374 τούτων

164 2395 315 2442 ἔπαινον,
336 2395 412 2432 ἀλλ’
436 2393 625 2447 ἀρκώμεθα
640 2396 689 2446 τῷ
706 2393 802 2447 παρὰ
822 2399 881 2434 τοῦ
901 2395 1093 2434 Δεσπότου.
1128 2392 1182 2436 Οῧ

163 2459 181 2493 ὁ
209 2456 346 2499 ἔπαινος
370 2456 459 2507 γὰρ,
495 2455 619 2507 φησὶν,
647 2457 709 2493 οὐκ
733 2455 767 2500 ἐξ
791 2455 1002 2509 ἀνθρώπων,
1035 2458 1115 2496 ἀλλ’
1143 2462 1183 2499 ἐκ

165 2521 269 2555 θεοῦ.
306 2517 376 2554 Καὶ
397 2517 466 2568 ὅσῳ
486 2517 525 2554 ἂν
547 2517 632 2568 πρὸς
654 2516 794 2567 μείζονα
812 2518 1021 2569 ἕπιδιδῶμεν
1041 2521 1182 2572 ἀρετὴν,

165 2577 317 2630 τοσούτῳ
333 2579 464 2628 μᾶλλον
480 2576 622 2620 ἑαυτοὺς
636 2578 831 2629 μετριάζειν
848 2581 1181 2634 παρασκευάζωμεν,

166 2639 224 2677 καὶ
240 2638 477 2677 συνεστάλθαι.
511 2638 586 2676 Κᾶν
605 2638 672 2692 γὰρ
691 2639 777 2693 πρὸς
793 2639 900 2687 αὐτὴν
917 2641 1103 2693 φθάσωμεν
1121 2647 1183 2691 τῆς

166 2703 291 2750 ἀρετῆς
317 2699 380 2746 τὴν
411 2699 582 2752 κορυφὴν,
609 2699 668 2737 ἐὰν
700 2701 893 2751 ἀντιθῶμεν
916 2701 977 2745 τὰς
998 2703 1095 2756 παρὰ
1121 2707 1181 2742 τοῦ

167 2762 342 2800 Δεσπὰτου
381 2760 576 2813 εὐεργεσίας
611 2760 700 2812 μετὰ
741 2763 874 2809 πολλῆς
907 2765 1204 2815 εὖγνωμοσύνηςμ

166 2822 243 2860 τότε
268 2823 383 2866 καλῶς
407 2821 580 2874 ὀψόμεθα,
602 2822 655 2860 ὅτι
684 2822 761 2860 οὐδὲ
793 2823 833 2861 τὸ
859 2824 1050 2864 πολλοστὸν
1080 2827 1182 2880 μέρος

165 2885 233 2920 τῶν
252 2882 348 2935 παρὰ
366 2887 426 2920 τοῦ
441 2885 533 2921 Θεοῦ
555 2885 584 2920 ε’
625 2886 634 2898 ‘
673 2889 694 2898 ‘⁸
731 2887 741 2898 '

167 2960 243 2994 μεν.
265 2944 332 2981 Καὶ
346 2943 413 2995 γὰρ
424 2944 566 2988 ἕκαστος
580 2947 646 2983 τῶν
662 2945 769 2996 ἁγίων
782 2948 935 2985 ἐντεῦθεν
951 2949 1180 3000 ηὐδοκίμησε.

167 3005 235 3044 Καὶ
248 3004 304 3043 ἵνα
323 3005 449 3055 μάθῃς,
465 3005 568 3043 ἄκουε
586 3010 645 3044 τοῦ
660 3009 723 3052 τῆς
739 3007 942 3059 οἰκουμένης
959 3010 1181 3060 διδασκάλου,

163 3068 224 3111 τ”ζς
246 3066 502 3119 οὖρανομήκους
520 3065 653 3112 ἐκείνης
672 3069 799 3119 ψυχῆς,
826 3070 901 3112 πῶς
922 3069 1011 3120 μετὰ
1029 3075 1181 3110 τοσαῦτα

164 3125 430 3178 κατορθώματα,
446 3126 541 3176 μετὰ
557 3126 622 3173 τὴν
640 3128 814 3175 τοσαύτην
836 3129 966 3167 ἄνωθεν
987 3132 1181 3184 μαρτυρίαν

166 3187 305 3234 ςΣκεῖῐος
333 3187 418 3239 γὰρ,
448 3188 574 3239 φησὶν,
606 3190 752 3241 ἐκλογῆς
776 3190 851 3228 ἐστί
878 3205 937 3241 μοι
962 3186 1090 3240 οὗτος),
1120 3195 1183 3231 οὐκ

167 3246 428 3285 ἐπιλανθάνεται
457 3251 524 3286 τῶν
557 3249 691 3288 οἰκείων
725 3252 1067 3303 πλημμελημάτων,
1103 3256 1180 3292 ἀλλ’

167 3311 294 3359 ἀμφοῖν
309 3312 417 3346 ταῦτα
436 3310 669 3363 περιστρέφει,
692 3311 752 3348 καὶ
770 3311 858 3363 ὑπὲρ
878 3306 926 3350 ὧν
943 3313 1097 3364 μάλιστα
1118 3330 1182 3352 πε-

167 3368 431 3420 πληροφορητο,
459 3369 512 3408 ὅτι
543 3371 605 3417 τὴν
636 3370 859 3424 συγχώρησιν
889 3373 1026 3418 ἐδέξατο
1053 3375 1109 3412 διὰ
1126 3379 1184 3414 τοῧ

169 3429 430 3479 βαπτίσματος,
451 3430 526 3469 οὐδὲ
549 3432 678 3471 τούτων
699 3432 986 3472 ἐπιλανθάνεσθαι
1007 3435 1185 3488 ἀνέχεται,

1101 237 1255 269 GENsss.
1296 238 1450 269 HOMIL.
1492 239 1618 271 xxxl.

2123 229 2211 290 357

1266 320 1385 360 dibus.
1402 322 1485 360 Haec
1503 322 1596 360 enim
1613 322 1718 360 ambo
1731 322 1926 375 perniciosa
1947 334 2040 373 sunt,
2055 334 2086 363 et
2110 328 2214 364 saluti

1217 394 1241 423 υ
1267 390 1393 420 nostrae
1413 382 1519 420 noxia
1533 382 1740 435 ;spirituale
1751 382 1891 434 aliquid
1907 385 2085 436 operando
2099 386 2216 424 adhu-

1266 457 1408 481 manam
1423 453 1580 496 spectare
1594 443 1759 495 gloriam,
1770 454 1802 482 et
1813 445 1906 484 bene
1915 445 2053 498 agendo
2063 447 2218 486 sublime

1265 503 1310 541 de
1325 518 1361 542 se
1375 518 1510 557 sapere.
1531 505 1667 543 Idcirco
1685 505 1823 544 sobrios
1839 520 1912 544 esse
1939 520 2002 545 nos
2023 517 2161 560 oportet
2177 522 2217 545 ac

1266 564 1406 615 vigileS,
1421 575 1453 602 et
1473 580 1649 618 apponere
1659 566 1760 604 nobis
1775 566 1982 618 quotidiana
1997 582 2015 606 e
2033 569 2144 606 sacris
2157 569 2217 606 Li-

1265 624 1349 662 teris
1368 625 1573 676 pharmaca,
1599 627 1646 664 ita
1667 637 1705 665 ut
1734 628 1938 680 perniciosis
1971 629 2219 668 affectionibus

1265 683 1341 721 istis
1369 699 1436 722 non
1460 685 1674 726 irretiamur.
1707 690 1798 726 Nam
1821 689 1884 727 etsi
1921 690 2000 741 quis
2032 690 2217 729 innumera

1264 743 1355 781 bona
1372 758 1476 796 opera
1490 746 1623 795 fecerit,
1645 748 1885 800 virtutemque
1903 765 2042 789 omnem
2057 752 2219 791 absolve-

1264 804 1324 853 rit,
1336 805 1364 842 si
1383 814 1502 844 tamen
1514 821 1684 858 magnum
1698 808 1840 858 quidde
1851 825 1888 848 se
1900 812 2041 862 sentiat,
2055 814 2217 852 omnium

1263 865 1486 904 miserrimus
1505 868 1624 906 suerit.
1646 868 1753 914 Quod
1785 870 1888 908 nobis
1916 873 2141 912 manifestum
2167 885 2217 913 est

1263 940 1307 963 cx
1328 926 1371 964 iis
1386 941 1464 977 quae
1485 927 1662 967 Pharisaeo
1677 929 1895 981 acciderunt,
1915 932 1976 982 qui
1993 932 2079 970 dum
2092 949 2216 985 magna
2236 945 2305 971 Lm.
2330 942 2378 975 18.

1262 986 1306 1025 de
1325 1001 1362 1025 se
1381 989 1499 1038 sensit,
1513 998 1546 1027 et
1563 990 1795 1042 publicanum
1810 994 2008 1041 contemsit,
2024 995 2143 1033 subito
2157 996 2218 1035 (le-

1262 1048 1369 1086 tcrior
1397 1050 1511 1088 factus
1531 1059 1582 1088 est
1603 1052 1812 1104 publicano,
1834 1063 1867 1092 et
1899 1068 2020 1093 omnes
2041 1057 2217 1097 virtutum

1260 1107 1408 1147 divitias
1420 1109 1541 1162 lingua
1556 1126 1617 1150 sua
1633 1112 1775 1151 effudit:
1789 1128 1830 1152 ac
1839 1129 1876 1153 se
1894 1115 2030 1155 nudans
2044 1132 2215 1157 vacuum-

1262 1184 1330 1220 que
1348 1171 1588 1222 constitucns,
1611 1174 1825 1226 stupendum
1844 1185 1878 1213 et
1906 1190 2040 1216 novum
2075 1182 2216 1219 naufra-

1264 1231 1362 1283 gium
1376 1234 1532 1285 pertulit.
1552 1236 1642 1274 Cum
1657 1236 1751 1274 enim
1767 1236 1812 1275 ad
1823 1247 1965 1290 portum
1986 1242 2214 1293 pervenisset,

1263 1306 1383 1331 omnes
1409 1308 1541 1333 merces
1562 1310 1643 1335 suas
1662 1297 1864 1338 submersit.
1883 1301 1973 1338 Nam
2002 1301 2030 1339 si
2050 1301 2087 1339 id
2107 1303 2217 1342 infor-

1264 1353 1353 1391 tunii
1370 1365 1513 1408 propter
1529 1358 1802 1410 precesindigne
1816 1360 1960 1400 emissas
1972 1362 2123 1407 accidat,
2141 1380 2218 1417 pei·-

1264 1414 1346 1453 inde
1367 1425 1417 1454 est
1439 1431 1479 1455 ac
1500 1418 1528 1456 si
1551 1419 1632 1470 quis
1659 1420 1693 1458 in
1714 1421 1832 1459 medio
1858 1431 1964 1474 portu
1991 1424 2218 1476 naufragium

1263 1476 1382 1514 faciat.
1402 1478 1591 1530 Propterea
1611 1489 1644 1518 et
1655 1481 1819 1520 Christus
1834 1482 2022 1536 discipulis
2038 1486 2110 1523 suis
2128 1500 2219 1538 prae-

1213 1060 1236 1089 Ε

1264 1536 1411 1589 cipiens‚
1433 1538 1596 1578 dicebat:
1617 1542 1714 1580 Cum
1732 1546 1863 1588 omnia
1875 1545 2059 1595 feceritis,
2069 1547 2184 1585 dt'ct'le
2205 1564 2214 1583 :
2237 1562 2419 1601 Lampo.

1262 1598 1370 1636 Servi
1399 1600 1558 1639 inutiles
1583 1616 1726 1642 sumus.
1761 1605 1844 1652 Quo
1864 1604 1960 1643 dicto
1990 1607 2130 1646 munire
2161 1622 2218 1647 cos

1264 1659 1354 1709 vult,
1372 1669 1405 1698 et
1427 1675 1534 1711 quam
1554 1661 1789 1714 longissimea
1802 1665 1998 1716 pernicioso
2017 1667 2079 1705 illo
2094 1669 2218 1707 morbo

1263 1719 1428 1759 alienare.
1446 1721 1615 1771 Vidistis,
1627 1724 1815 1774 carissimi,
1835 1727 2014 1777 quomodo
2028 1729 2056 1766 is
2072 1731 2134 1779 qui
2150 1730 2216 1768 liu-

1265 1794 1406 1819 manam
1431 1782 1582 1834 gloriam
1612 1784 1736 1834 ambit,
1762 1787 1908 1838 ejusque
1928 1789 2039 1839 gratia
2074 1790 2217 1829 virtutis

1201 1883 1248 1907 3⁰7
1263 1843 1431 1881 exercitia
1447 1843 1537 1895 adit,
1548 1845 1740 1884 utilitatem
1750 1847 1883 1886 nullam
1905 1850 2053 1902 percipit
2069 1867 2075 1887 ε
2091 1860 2123 1890 et
2138 1863 2216 1905 post

1212 1920 1236 1949 Α
1262 1905 1459 1943 exantlatos
1471 1920 1592 1944 omnes
1605 1908 1749 1947 virtutis
1765 1909 1915 1959 labores,
1937 1911 2023 1951 side
2038 1913 2047 1950 i
2054 1913 2081 1950 is
2096 1913 2215 1952 videa-

1262 1973 1321 2002 tur
1347 1966 1461 2004 altum
1498 1981 1639 2019 sapere,
1662 1969 1822 2008 omnium
1858 1986 1992 2011 vacuus
2029 1974 2215 2027 nudusque

1261 2024 1417 2065 evadat?
1437 2028 1630 2080 Fugiamus
1650 2029 1780 2081 igitur,
1809 2032 1966 2084 obsecro,
2000 2036 2214 2087 perniciosas

1261 2086 1342 2125 illas
1357 2088 1570 2140 affectiones,
1584 2099 1617 2128 et
1631 2091 1678 2129 ad
1694 2092 1796 2131 illum
1811 2108 1950 2147 semper
1969 2097 2117 2147 vigilem
2129 2113 2212 2137 ocu-

1259 2146 1335 2185 lum
1365 2158 1562 2201 spectemus
1587 2160 1724 2190 tantum
1741 2169 1749 2190 :
1769 2169 1810 2192 ac
1832 2155 1923 2193 nihil
1945 2171 2132 2197 commune
2150 2160 2212 2198 ha-

1257 2207 1405 2247 beamus
1418 2224 1501 2248 eum
1519 2212 1629 2249 nostri
1649 2213 1786 2264 generis
1804 2215 2023 2267 hominibus,
2041 2233 2152 2271 neque
2167 2221 2213 2258 ab

1258 2267 1308 2306 eis
1322 2268 1462 2307 laudari
1481 2285 1682 2321 quaeramus
1695 2274 1773 2313 :sed
1792 2278 1946 2315 contenti
1966 2278 2077 2318 simus
2095 2280 2212 2319 domi-

1256 2329 1334 2367 nica
1353 2330 1471 2370 laude.
1493 2334 1613 2385 Cujus
1634 2335 1734 2383 laus,
1757 2336 1886 2388 iuquit,
1910 2353 1987 2377 non
2006 2355 2052 2378 ex
2086 2343 2209 2380 Ιιοιηί-
2231 2355 2413 2395 n‹1m.2.29.

1259 2393 1384 2440 nibus,
1403 2394 1473 2430 sed
1485 2408 1532 2432 ex
1552 2395 1650 2433 Deo.
1669 2395 1716 2434 Et
1733 2411 1803 2448 quo
1823 2400 1937 2451 magis
1951 2401 2146 2441 virtutibus
2160 2405 2213 2443 lo-

1257 2452 1479 2504 cupletamur
1497 2464 1531 2493 et
1553 2457 1758 2508 crescimus,
1778 2458 1844 2498 hoc
1864 2462 1977 2513 magis
1994 2464 2141 2505 modesti
2161 2470 2208 2506 si-

1258 2527 1336 2551 mus
1350 2523 1382 2552 et
1400 2514 1649 2555 humiliemur.
1663 2518 1756 2556 Nam
1783 2519 1847 2557 etsi
1864 2520 1910 2558 ad
1938 2537 2118 2564 summum
2135 2528 2208 2566 vir-

1255 2573 1342 2612 tutis
1362 2576 1498 2627 apicem
1511 2577 1815 2628 pertigerimus‚si
1830 2580 1865 2618 id
1882 2585 2108 2632 grato-‘inimo
2126 2602 2206 2626 cum

1208 2655 1230 2686 B
1257 2636 1324 2673 Dei
1342 2636 1525 2675 beneficiis
1535 2651 1794 2690 comparemus,
1808 2641 1910 2679 facilc
1925 2642 2140 2696 videbimus,
2164 2663 2206 2686 nc

1259 2697 1443 2736 minimam
1457 2698 1602 2748 quidem
1618 2708 1753 2750 partem
1771 2715 1833 2739 nos
1849 2716 1985 2753 eorum,
2002 2719 2080 2755 quae
2097 2707 2131 2745 in
2143 2723 2204 2748 nos

1257 2759 1420 2806 contulit,
1454 2759 1669 2810 adaequasse.
1709 2760 1800 2799 Hinc
1831 2763 1922 2801 enim
1946 2778 2066 2805 omnes
2092 2771 2202 2815 sancti

1257 2820 1398 2872 probati
1430 2820 1585 2868 fuerunt,
1604 2829 1637 2857 et
1654 2822 1727 2858 Deo
1749 2825 1897 2875 accepti.
1920 2825 1995 2865 Hoc
2014 2837 2051 2866 ut
2071 2829 2202 2880 discas,

1257 2880 1339 2918 audi
1353 2880 1651 2930 doctoremorbis‚
1662 2882 1816 2920 animam
1829 2883 2013 2937 illamqua*
2035 2888 2069 2927 in
2083 2891 2207 2930 caelum

1256 2957 1367 2993 usque
1380 2942 1560 2995 pertingit,
1569 2943 1745 2994 quomodo
1759 2956 1837 2997 post
1850 2956 1897 2985 tot
1908 2950 2077 3000 praeclara
2087 2966 2206 3004 opera,

1255 3012 1332 3057 post
1351 3013 1488 3042 tantum
1506 3003 1550 3041 de
1565 3003 1650 3042 caelo
1669 3005 1910 3047 testimonium
1924 3012 2018 3058 (l'as
2031 3013 2206 3065 cni1n7in-

1255 3065 1346 3116 quit,
1369 3066 1569 3103 electionis
1587 3074 1642 3103 est
1659 3068 1754 3104 mihi
1769 3069 1831 3106 hic
1850 3074 1873 3116 J,
1895 3085 1961 3109 non
1980 3072 2207 3114 obliviscitur

1256 3141 1400 3165 suorum
1421 3125 1645 3176 delictorum,
1675 3127 1736 3166 sed
1760 3131 1934 3171 ambabus
1969 3136 2147 3187 manibus,
2172 3149 2208 3177 ut

1255 3187 1369 3235 aiunt,
1391 3201 1428 3223 ea
1446 3195 1574 3234 versat,
1593 3196 1625 3225 et
1645 3201 1758 3239 neque
1771 3204 1891 3229 eorum
1913 3196 2119 3234 memoriam
2141 3200 2206 3236 ol)-

1256 3247 1387 3285 literari
1408 3247 1558 3299 patitur,
1575 3247 1620 3286 dc
1640 3249 1771 3299 quibus
1787 3253 2005 3294 certissimus
2027 3268 2112 3307 erat,
2134 3260 2207 3312 ipsa

1209 3330 1233 3359 C
1259 3324 1320 3362 per
1339 3308 1554 3360 baptismum
1575 3310 1680 3348 fuisse
1698 3311 1856 3362 dimissa,
1877 3316 1937 3353 scd
1957 3317 2085 3356 clamat
2103 3329 2134 3357 ct
2153 3321 2208 3358 di-

1259 3369 1305 3407 cit
1319 3385 1326 3405 :
1341 3371 1527 3407 Minimus
1551 3383 1633 3408 sum
1665 3376 1929 3423 apostolurum
1944 3407 1954 3425 ,
1975 3388 2009 3416 et
2034 3394 2108 3418 nou
2125 3397 2204 3420 sum
2226 3406 2249 3425 ι.
2267 3399 2337 3427 cm.
2362 3401 2406 3429 .5.

1261 3438 1399 3488 dignus
1415 3440 1545 3476 vocari
1572 3441 1779 3490 aposlolus.
1805 3442 1847 3480 lit
1880 3454 2014 3497 postca,
2034 3457 2071 3484 ut
2090 3449 2250 3498 ingen—⁹

2220 3019 2256 3046 ,Ιι
2268 3026 2288 3045 l.
2308 3029 2338 3057 9.
2360 3018 2403 3046 15,
