<?xml version="1.0" encoding="UTF-8"?>
<!DOCTYPE html PUBLIC "-//W3C//DTD XHTML 1.0 Transitional//EN"
    "http://www.w3.org/TR/xhtml1/DTD/xhtml1-transitional.dtd">
<html xmlns="http://www.w3.org/1999/xhtml" xml:lang="en" lang="en">
 <head>
  <title>
</title>
<meta http-equiv="Content-Type" content="text/html;charset=utf-8" />
  <meta name='ocr-system' content='tesseract 3.04.00' />
  <meta name='ocr-capabilities' content='ocr_page ocr_carea ocr_par ocr_line ocrx_word'/>
</head>
<body>
  <div class='ocr_page' id='page_1' title='image "./operaomniaquaeex04johnuoft_0494.png"; bbox 0 0 2516 3791; ppageno 0'>
   <div class='ocr_carea' id='block_1_1' title="bbox 303 108 772 166">
    <p class='ocr_par' dir='ltr' id='par_1_1' title="bbox 303 108 772 166">
     <span class='ocr_line' id='line_1_1' title="bbox 303 108 772 166; baseline -0.009 -1"><span class='ocrx_word' id='word_1_1' title='bbox 303 108 396 166; x_wconf 68' lang='lat'>474</span> <span class='ocrx_word' id='word_1_2' title='bbox 733 117 772 147; x_wconf 75' lang='lat' dir='ltr'>S·</span> 
     </span>
    </p>
   </div>
   <div class='ocr_carea' id='block_1_2' title="bbox 809 114 1273 147">
    <p class='ocr_par' dir='ltr' id='par_1_2' title="bbox 809 114 1273 147">
     <span class='ocr_line' id='line_1_2' title="bbox 809 114 1273 147; baseline -0.011 -1"><span class='ocrx_word' id='word_1_3' title='bbox 809 117 994 147; x_wconf 69' lang='lat' dir='ltr'>JoANxts</span> <span class='ocrx_word' id='word_1_4' title='bbox 1030 114 1273 145; x_wconf 72' lang='lat' dir='ltr'><strong>CHRYSOST.</strong></span> 
     </span>
    </p>
   </div>
   <div class='ocr_carea' id='block_1_3' title="bbox 303 194 1253 315">
    <p class='ocr_par' dir='ltr' id='par_1_3' title="bbox 303 194 1253 315">
     <span class='ocr_line' id='line_1_3' title="bbox 303 194 1253 249; baseline -0.012 -8"><span class='ocrx_word' id='word_1_5' title='bbox 303 212 390 242; x_wconf 89' lang='lat' dir='ltr'>rent.</span> <span class='ocrx_word' id='word_1_6' title='bbox 408 203 545 242; x_wconf 86' lang='lat' dir='ltr'>Verum</span> <span class='ocrx_word' id='word_1_7' title='bbox 563 199 743 239; x_wconf 85' lang='lat' dir='ltr'>considera</span> <span class='ocrx_word' id='word_1_8' title='bbox 762 200 829 238; x_wconf 93' lang='lat' dir='ltr'>Dei</span> <span class='ocrx_word' id='word_1_9' title='bbox 841 198 1104 249; x_wconf 85' lang='lat' dir='ltr'><strong>benignitatem,</strong></span> <span class='ocrx_word' id='word_1_10' title='bbox 1118 204 1151 232; x_wconf 88' lang='lat' dir='ltr'>et</span> <span class='ocrx_word' id='word_1_11' title='bbox 1166 194 1253 231; x_wconf 82' lang='lat' dir='ltr'>inef-</span> 
     </span>
     <span class='ocr_line' id='line_1_4' title="bbox 303 253 1252 315; baseline -0.015 -12"><span class='ocrx_word' id='word_1_12' title='bbox 303 264 448 303; x_wconf 85' lang='lat' dir='ltr'>fabilem</span> <span class='ocrx_word' id='word_1_13' title='bbox 473 263 549 315; x_wconf 86' lang='lat' dir='ltr'>ejus</span> <span class='ocrx_word' id='word_1_14' title='bbox 568 275 651 314; x_wconf 86' lang='lat' dir='ltr'>erga</span> <span class='ocrx_word' id='word_1_15' title='bbox 677 275 740 299; x_wconf 89' lang='lat' dir='ltr'>nos</span> <span class='ocrx_word' id='word_1_16' title='bbox 768 258 1047 298; x_wconf 83' lang='lat' dir='ltr'>beneficentiam.</span> <span class='ocrx_word' id='word_1_17' title='bbox 1070 255 1138 294; x_wconf 87' lang='lat' dir='ltr'>Illa</span> <span class='ocrx_word' id='word_1_18' title='bbox 1159 253 1252 291; x_wconf 92' lang='lat' dir='ltr'>enim</span> 
     </span>
    </p>
   </div>
   <div class='ocr_carea' id='block_1_4' title="bbox 106 459 295 620">
    <p class='ocr_par' dir='ltr' id='par_1_4' title="bbox 106 459 295 620">
     <span class='ocr_line' id='line_1_5' title="bbox 163 459 295 486; baseline 0 0"><span class='ocrx_word' id='word_1_19' title='bbox 163 459 295 486; x_wconf 76' lang='lat' dir='ltr'>Circum·</span> 
     </span>
     <span class='ocr_line' id='line_1_6' title="bbox 107 503 294 528; baseline 0 -1"><span class='ocrx_word' id='word_1_20' title='bbox 107 503 179 528; x_wconf 73' lang='lat' dir='ltr'>cisio</span> <span class='ocrx_word' id='word_1_21' title='bbox 216 510 294 527; x_wconf 79' lang='lat' dir='ltr'>mera</span> 
     </span>
     <span class='ocr_line' id='line_1_7' title="bbox 109 543 294 569; baseline 0.005 -1"><span class='ocrx_word' id='word_1_22' title='bbox 109 549 175 569; x_wconf 79' lang='lat' dir='ltr'>notu</span> <span class='ocrx_word' id='word_1_23' title='bbox 199 549 228 569; x_wconf 85' lang='lat' dir='ltr'>et</span> <span class='ocrx_word' id='word_1_24' title='bbox 254 543 294 569; x_wconf 85' lang='lat' dir='ltr'>si-</span> 
     </span>
     <span class='ocr_line' id='line_1_8' title="bbox 106 589 279 620; baseline 0.012 -10"><span class='ocrx_word' id='word_1_25' title='bbox 106 593 194 620; x_wconf 68' lang='lat' dir='ltr'>gnnm</span> <span class='ocrx_word' id='word_1_26' title='bbox 208 589 279 612; x_wconf 82' lang='lat' dir='ltr'>erat.</span> 
     </span>
    </p>
   </div>
   <div class='ocr_carea' id='block_1_5' title="bbox 103 2043 294 2206">
    <p class='ocr_par' dir='ltr' id='par_1_5' title="bbox 103 2043 294 2206">
     <span class='ocr_line' id='line_1_9' title="bbox 103 2043 293 2072; baseline -0.005 0"><span class='ocrx_word' id='word_1_27' title='bbox 103 2043 187 2072; x_wconf 80' lang='lat' dir='ltr'>Licet</span> <span class='ocrx_word' id='word_1_28' title='bbox 206 2044 293 2071; x_wconf 76' lang='lat' dir='ltr'>Chri-</span> 
     </span>
     <span class='ocr_line' id='line_1_10' title="bbox 105 2087 294 2114; baseline 0 -2"><span class='ocrx_word' id='word_1_29' title='bbox 105 2088 205 2114; x_wconf 71' lang='lat' dir='ltr'>stianis</span> <span class='ocrx_word' id='word_1_30' title='bbox 218 2087 294 2113; x_wconf 84' lang='lat' dir='ltr'>inter</span> 
     </span>
     <span class='ocr_line' id='line_1_11' title="bbox 106 2134 294 2163; baseline -0.005 -9"><span class='ocrx_word' id='word_1_31' title='bbox 106 2134 203 2163; x_wconf 82' lang='lat' dir='ltr'><strong>gemes</strong></span> <span class='ocrx_word' id='word_1_32' title='bbox 228 2137 294 2154; x_wconf 83' lang='lat' dir='ltr'>ver-</span> 
     </span>
     <span class='ocr_line' id='line_1_12' title="bbox 106 2170 291 2206; baseline 0.011 -13"><span class='ocrx_word' id='word_1_33' title='bbox 106 2170 291 2206; x_wconf 68' lang='lat' dir='ltr'>ssriquomo-</span> 
     </span>
    </p>
   </div>
   <div class='ocr_carea' id='block_1_6' title="bbox 103 2208 151 2236">
    <p class='ocr_par' dir='ltr' id='par_1_6' title="bbox 103 2208 151 2236">
     <span class='ocr_line' id='line_1_13' title="bbox 103 2208 151 2236; baseline 0.042 -2"><span class='ocrx_word' id='word_1_34' title='bbox 103 2208 151 2236; x_wconf 85' lang='lat' dir='ltr'>do.</span> 
     </span>
    </p>
   </div>
   <div class='ocr_carea' id='block_1_7' title="bbox 303 314 1305 1651">
    <p class='ocr_par' dir='ltr' id='par_1_7' title="bbox 303 314 1305 1651">
     <span class='ocr_line' id='line_1_14' title="bbox 305 314 1303 365; baseline -0.014 -1"><span class='ocrx_word' id='word_1_35' title='bbox 305 323 526 364; x_wconf 85' lang='lat' dir='ltr'>circumcisio</span> <span class='ocrx_word' id='word_1_36' title='bbox 546 323 703 361; x_wconf 87' lang='lat' dir='ltr'>dolorem</span> <span class='ocrx_word' id='word_1_37' title='bbox 730 320 856 358; x_wconf 87' lang='lat' dir='ltr'>habuit</span> <span class='ocrx_word' id='word_1_38' title='bbox 872 328 905 356; x_wconf 91' lang='lat' dir='ltr'>et</span> <span class='ocrx_word' id='word_1_39' title='bbox 918 318 1086 365; x_wconf 85' lang='lat' dir='ltr'>laborem,</span> <span class='ocrx_word' id='word_1_40' title='bbox 1103 324 1137 352; x_wconf 90' lang='lat' dir='ltr'>et</span> <span class='ocrx_word' id='word_1_41' title='bbox 1155 314 1254 352; x_wconf 84' lang='lat' dir='ltr'>nulla</span> <span class='ocrx_word' id='word_1_42' title='bbox 1277 325 1303 356; x_wconf 80' lang='lat'>1)</span> 
     </span>
     <span class='ocr_line' id='line_1_15' title="bbox 305 374 1258 426; baseline -0.015 -1"><span class='ocrx_word' id='word_1_43' title='bbox 305 386 375 424; x_wconf 84' lang='lat' dir='ltr'>alia</span> <span class='ocrx_word' id='word_1_44' title='bbox 395 400 440 424; x_wconf 83' lang='lat' dir='ltr'>ex</span> <span class='ocrx_word' id='word_1_45' title='bbox 465 383 732 422; x_wconf 80' lang='lat' dir='ltr'>circumcisione</span> <span class='ocrx_word' id='word_1_46' title='bbox 762 380 830 416; x_wconf 87' lang='lat' dir='ltr'>suit</span> <span class='ocrx_word' id='word_1_47' title='bbox 861 377 1019 424; x_wconf 86' lang='lat' dir='ltr'>utilitas,</span> <span class='ocrx_word' id='word_1_48' title='bbox 1049 389 1157 426; x_wconf 87' lang='lat' dir='ltr'>quam</span> <span class='ocrx_word' id='word_1_49' title='bbox 1181 374 1258 412; x_wconf 85' lang='lat' dir='ltr'>haec</span> 
     </span>
     <span class='ocr_line' id='line_1_16' title="bbox 307 435 1257 497; baseline -0.015 -11"><span class='ocrx_word' id='word_1_50' title='bbox 307 447 394 495; x_wconf 89' lang='lat' dir='ltr'>sola,</span> <span class='ocrx_word' id='word_1_51' title='bbox 412 445 508 497; x_wconf 87' lang='lat' dir='ltr'>quod</span> <span class='ocrx_word' id='word_1_52' title='bbox 526 459 571 481; x_wconf 72' lang='lat' dir='ltr'>ex</span> <span class='ocrx_word' id='word_1_53' title='bbox 588 443 655 479; x_wconf 88' lang='lat' dir='ltr'>boc</span> <span class='ocrx_word' id='word_1_54' title='bbox 671 441 771 491; x_wconf 85' lang='lat' dir='ltr'>siguo</span> <span class='ocrx_word' id='word_1_55' title='bbox 789 437 950 489; x_wconf 77' lang='lat' dir='ltr'>dignosci</span> <span class='ocrx_word' id='word_1_56' title='bbox 972 445 1134 489; x_wconf 85' lang='lat' dir='ltr'>possent,</span> <span class='ocrx_word' id='word_1_57' title='bbox 1155 444 1188 473; x_wconf 89' lang='lat' dir='ltr'>et</span> <span class='ocrx_word' id='word_1_58' title='bbox 1211 435 1257 472; x_wconf 90' lang='lat' dir='ltr'>ab</span> 
     </span>
     <span class='ocr_line' id='line_1_17' title="bbox 308 504 1257 557; baseline -0.015 -10"><span class='ocrx_word' id='word_1_59' title='bbox 308 508 387 547; x_wconf 85' lang='lat' dir='ltr'>aliis</span> <span class='ocrx_word' id='word_1_60' title='bbox 421 505 584 557; x_wconf 84' lang='lat' dir='ltr'>gentibus</span> <span class='ocrx_word' id='word_1_61' title='bbox 621 507 944 551; x_wconf 80' lang='lat' dir='ltr'>sequestrarentur;</span> <span class='ocrx_word' id='word_1_62' title='bbox 977 506 1096 535; x_wconf 87' lang='lat' dir='ltr'>nostra</span> <span class='ocrx_word' id='word_1_63' title='bbox 1138 504 1257 534; x_wconf 86' lang='lat' dir='ltr'>autem</span> 
     </span>
     <span class='ocr_line' id='line_1_18' title="bbox 308 557 1256 613; baseline -0.013 -7"><span class='ocrx_word' id='word_1_64' title='bbox 308 565 543 612; x_wconf 84' lang='lat' dir='ltr'>circumcisio,</span> <span class='ocrx_word' id='word_1_65' title='bbox 574 562 632 601; x_wconf 83' lang='lat' dir='ltr'>vel</span> <span class='ocrx_word' id='word_1_66' title='bbox 662 559 905 613; x_wconf 86' lang='lat' dir='ltr'>baptismatis,</span> <span class='ocrx_word' id='word_1_67' title='bbox 928 559 1072 610; x_wconf 88' lang='lat' dir='ltr'>inquam</span> <span class='ocrx_word' id='word_1_68' title='bbox 1085 588 1095 607; x_wconf 91' lang='lat'>,</span> <span class='ocrx_word' id='word_1_69' title='bbox 1125 557 1256 609; x_wconf 86' lang='lat' dir='ltr'>gratia,</span> 
     </span>
     <span class='ocr_line' id='line_1_19' title="bbox 307 620 1257 670; baseline -0.011 -4"><span class='ocrx_word' id='word_1_70' title='bbox 307 627 520 666; x_wconf 84' lang='lat' dir='ltr'>medicinam</span> <span class='ocrx_word' id='word_1_71' title='bbox 549 623 656 661; x_wconf 88' lang='lat' dir='ltr'>habet</span> <span class='ocrx_word' id='word_1_72' title='bbox 688 622 775 660; x_wconf 87' lang='lat' dir='ltr'>citra</span> <span class='ocrx_word' id='word_1_73' title='bbox 807 621 983 668; x_wconf 89' lang='lat' dir='ltr'>dolorem,</span> <span class='ocrx_word' id='word_1_74' title='bbox 1003 620 1257 670; x_wconf 83' lang='lat' dir='ltr'>innumeraque</span> 
     </span>
     <span class='ocr_line' id='line_1_20' title="bbox 305 681 1257 737; baseline -0.009 -10"><span class='ocrx_word' id='word_1_75' title='bbox 305 690 398 727; x_wconf 88' lang='lat' dir='ltr'>bona</span> <span class='ocrx_word' id='word_1_76' title='bbox 418 686 520 725; x_wconf 90' lang='lat' dir='ltr'>nobis</span> <span class='ocrx_word' id='word_1_77' title='bbox 535 685 648 734; x_wconf 83' lang='lat' dir='ltr'>affert,</span> <span class='ocrx_word' id='word_1_78' title='bbox 663 683 820 737; x_wconf 83' lang='lat' dir='ltr'>Spiritus</span> <span class='ocrx_word' id='word_1_79' title='bbox 840 682 949 721; x_wconf 86' lang='lat' dir='ltr'>sancti</span> <span class='ocrx_word' id='word_1_80' title='bbox 972 681 1084 734; x_wconf 86' lang='lat' dir='ltr'>gratia</span> <span class='ocrx_word' id='word_1_81' title='bbox 1105 695 1168 719; x_wconf 90' lang='lat' dir='ltr'>nos</span> <span class='ocrx_word' id='word_1_82' title='bbox 1190 681 1257 718; x_wconf 89' lang='lat' dir='ltr'>im-</span> 
     </span>
     <span class='ocr_line' id='line_1_21' title="bbox 304 742 1257 802; baseline -0.009 -14"><span class='ocrx_word' id='word_1_83' title='bbox 304 750 392 802; x_wconf 84' lang='lat' dir='ltr'>plet,</span> <span class='ocrx_word' id='word_1_84' title='bbox 413 758 446 787; x_wconf 89' lang='lat' dir='ltr'>et</span> <span class='ocrx_word' id='word_1_85' title='bbox 472 748 613 786; x_wconf 86' lang='lat' dir='ltr'>nullum</span> <span class='ocrx_word' id='word_1_86' title='bbox 642 745 832 784; x_wconf 83' lang='lat' dir='ltr'>definitum</span> <span class='ocrx_word' id='word_1_87' title='bbox 864 743 968 782; x_wconf 86' lang='lat' dir='ltr'>habet</span> <span class='ocrx_word' id='word_1_88' title='bbox 997 752 1137 795; x_wconf 87' lang='lat' dir='ltr'>tempus</span> <span class='ocrx_word' id='word_1_89' title='bbox 1167 742 1257 780; x_wconf 88' lang='lat' dir='ltr'>sicut</span> 
     </span>
     <span class='ocr_line' id='line_1_22' title="bbox 305 803 1257 859; baseline -0.009 -11"><span class='ocrx_word' id='word_1_90' title='bbox 305 811 379 848; x_wconf 91' lang='lat' dir='ltr'>illic</span> <span class='ocrx_word' id='word_1_91' title='bbox 396 826 403 846; x_wconf 75' lang='lat' dir='ltr'><strong><em>z</em></strong></span> <span class='ocrx_word' id='word_1_92' title='bbox 420 809 481 848; x_wconf 88' lang='lat' dir='ltr'>sed</span> <span class='ocrx_word' id='word_1_93' title='bbox 511 809 594 846; x_wconf 88' lang='lat' dir='ltr'>licet</span> <span class='ocrx_word' id='word_1_94' title='bbox 619 816 652 846; x_wconf 83' lang='lat' dir='ltr'>et</span> <span class='ocrx_word' id='word_1_95' title='bbox 670 807 706 845; x_wconf 88' lang='lat' dir='ltr'>in</span> <span class='ocrx_word' id='word_1_96' title='bbox 727 806 856 859; x_wconf 85' lang='lat' dir='ltr'>prima,</span> <span class='ocrx_word' id='word_1_97' title='bbox 886 813 920 843; x_wconf 90' lang='lat' dir='ltr'>et</span> <span class='ocrx_word' id='word_1_98' title='bbox 939 805 975 842; x_wconf 92' lang='lat' dir='ltr'>in</span> <span class='ocrx_word' id='word_1_99' title='bbox 1008 803 1144 852; x_wconf 88' lang='lat' dir='ltr'>media,</span> <span class='ocrx_word' id='word_1_100' title='bbox 1168 812 1201 841; x_wconf 89' lang='lat' dir='ltr'>et</span> <span class='ocrx_word' id='word_1_101' title='bbox 1221 803 1257 840; x_wconf 92' lang='lat' dir='ltr'>in</span> 
     </span>
     <span class='ocr_line' id='line_1_23' title="bbox 306 861 1256 908; baseline -0.011 0"><span class='ocrx_word' id='word_1_102' title='bbox 306 870 431 908; x_wconf 90' lang='lat' dir='ltr'>ultima</span> <span class='ocrx_word' id='word_1_103' title='bbox 450 877 550 907; x_wconf 83' lang='lat' dir='ltr'>aetate</span> <span class='ocrx_word' id='word_1_104' title='bbox 563 868 655 905; x_wconf 85' lang='lat' dir='ltr'>banc</span> <span class='ocrx_word' id='word_1_105' title='bbox 670 879 738 904; x_wconf 89' lang='lat' dir='ltr'>non</span> <span class='ocrx_word' id='word_1_106' title='bbox 759 864 997 903; x_wconf 79' lang='lat' dir='ltr'>manufactam</span> <span class='ocrx_word' id='word_1_107' title='bbox 1010 861 1256 900; x_wconf 88' lang='lat' dir='ltr'>circumcisio-</span> 
     </span>
     <span class='ocr_line' id='line_1_24' title="bbox 306 922 1258 982; baseline -0.012 -13"><span class='ocrx_word' id='word_1_108' title='bbox 306 945 384 969; x_wconf 87' lang='lat' dir='ltr'>nem</span> <span class='ocrx_word' id='word_1_109' title='bbox 403 929 576 982; x_wconf 89' lang='lat' dir='ltr'>recipere,</span> <span class='ocrx_word' id='word_1_110' title='bbox 595 928 632 965; x_wconf 90' lang='lat' dir='ltr'>in</span> <span class='ocrx_word' id='word_1_111' title='bbox 653 941 723 978; x_wconf 91' lang='lat' dir='ltr'>qua</span> <span class='ocrx_word' id='word_1_112' title='bbox 743 939 814 964; x_wconf 90' lang='lat' dir='ltr'>non</span> <span class='ocrx_word' id='word_1_113' title='bbox 833 924 1024 963; x_wconf 70' lang='lat' dir='ltr'>sustinetur</span> <span class='ocrx_word' id='word_1_114' title='bbox 1052 922 1168 969; x_wconf 88' lang='lat' dir='ltr'>labor,</span> <span class='ocrx_word' id='word_1_115' title='bbox 1194 922 1258 959; x_wconf 87' lang='lat' dir='ltr'>sed</span> 
     </span>
     <span class='ocr_line' id='line_1_25' title="bbox 303 983 1256 1044; baseline -0.009 -14"><span class='ocrx_word' id='word_1_116' title='bbox 303 1000 530 1044; x_wconf 86' lang='lat' dir='ltr'>peccatorum</span> <span class='ocrx_word' id='word_1_117' title='bbox 548 989 773 1041; x_wconf 88' lang='lat' dir='ltr'>deponuntur</span> <span class='ocrx_word' id='word_1_118' title='bbox 788 1000 905 1034; x_wconf 79' lang='lat' dir='ltr'>onera,</span> <span class='ocrx_word' id='word_1_119' title='bbox 925 994 958 1022; x_wconf 91' lang='lat' dir='ltr'>ct</span> <span class='ocrx_word' id='word_1_120' title='bbox 977 983 1139 1022; x_wconf 86' lang='lat' dir='ltr'>remissio</span> <span class='ocrx_word' id='word_1_121' title='bbox 1159 983 1256 1022; x_wconf 84' lang='lat' dir='ltr'>inve-</span> 
     </span>
     <span class='ocr_line' id='line_1_26' title="bbox 304 1044 1305 1102; baseline -0.012 -12"><span class='ocrx_word' id='word_1_122' title='bbox 304 1053 400 1090; x_wconf 84' lang='lat' dir='ltr'>nitur</span> <span class='ocrx_word' id='word_1_123' title='bbox 414 1051 574 1089; x_wconf 87' lang='lat' dir='ltr'>omnium</span> <span class='ocrx_word' id='word_1_124' title='bbox 592 1058 827 1102; x_wconf 86' lang='lat' dir='ltr'>peccatorum,</span> <span class='ocrx_word' id='word_1_125' title='bbox 842 1060 920 1098; x_wconf 82' lang='lat' dir='ltr'>quae</span> <span class='ocrx_word' id='word_1_126' title='bbox 940 1060 1002 1098; x_wconf 91' lang='lat' dir='ltr'>per</span> <span class='ocrx_word' id='word_1_127' title='bbox 1017 1053 1128 1082; x_wconf 89' lang='lat' dir='ltr'>totam</span> <span class='ocrx_word' id='word_1_128' title='bbox 1141 1044 1254 1083; x_wconf 84' lang='lat' dir='ltr'>vitam</span> <span class='ocrx_word' id='word_1_129' title='bbox 1280 1047 1305 1078; x_wconf 83' lang='lat' dir='ltr'><strong>E</strong></span> 
     </span>
     <span class='ocr_line' id='line_1_27' title="bbox 305 1105 1257 1164; baseline -0.009 -14"><span class='ocrx_word' id='word_1_130' title='bbox 305 1121 400 1164; x_wconf 86' lang='lat' dir='ltr'>gesta</span> <span class='ocrx_word' id='word_1_131' title='bbox 415 1121 506 1150; x_wconf 87' lang='lat' dir='ltr'>sunt.</span> <span class='ocrx_word' id='word_1_132' title='bbox 518 1111 660 1162; x_wconf 85' lang='lat' dir='ltr'>Quippe</span> <span class='ocrx_word' id='word_1_133' title='bbox 673 1123 756 1147; x_wconf 90' lang='lat' dir='ltr'>cum</span> <span class='ocrx_word' id='word_1_134' title='bbox 767 1107 943 1159; x_wconf 88' lang='lat' dir='ltr'>benignus</span> <span class='ocrx_word' id='word_1_135' title='bbox 958 1107 1055 1143; x_wconf 90' lang='lat' dir='ltr'>Deus</span> <span class='ocrx_word' id='word_1_136' title='bbox 1070 1105 1160 1143; x_wconf 74' lang='lat' dir='ltr'>vidit</span> <span class='ocrx_word' id='word_1_137' title='bbox 1175 1119 1257 1157; x_wconf 88' lang='lat' dir='ltr'>gra-</span> 
     </span>
     <span class='ocr_line' id='line_1_28' title="bbox 305 1166 1256 1218; baseline -0.009 -6"><span class='ocrx_word' id='word_1_138' title='bbox 305 1187 387 1212; x_wconf 83' lang='lat' dir='ltr'>vem</span> <span class='ocrx_word' id='word_1_139' title='bbox 406 1182 559 1210; x_wconf 86' lang='lat' dir='ltr'>nostram</span> <span class='ocrx_word' id='word_1_140' title='bbox 581 1170 846 1218; x_wconf 85' lang='lat' dir='ltr'>infirmitatem,</span> <span class='ocrx_word' id='word_1_141' title='bbox 868 1182 910 1205; x_wconf 91' lang='lat' dir='ltr'>ac</span> <span class='ocrx_word' id='word_1_142' title='bbox 930 1181 993 1205; x_wconf 90' lang='lat' dir='ltr'>nos</span> <span class='ocrx_word' id='word_1_143' title='bbox 1012 1166 1256 1204; x_wconf 81' lang='lat' dir='ltr'>incurabiliter</span> 
     </span>
     <span class='ocr_line' id='line_1_29' title="bbox 305 1227 1255 1285; baseline -0.008 -13"><span class='ocrx_word' id='word_1_144' title='bbox 305 1242 524 1285; x_wconf 81' lang='lat' dir='ltr'>aegrotantes,</span> <span class='ocrx_word' id='word_1_145' title='bbox 557 1245 694 1270; x_wconf 89' lang='lat' dir='ltr'>summa</span> <span class='ocrx_word' id='word_1_146' title='bbox 735 1229 893 1281; x_wconf 82' lang='lat' dir='ltr'>indigere</span> <span class='ocrx_word' id='word_1_147' title='bbox 925 1227 1114 1275; x_wconf 85' lang='lat' dir='ltr'>medicina,</span> <span class='ocrx_word' id='word_1_148' title='bbox 1150 1236 1255 1279; x_wconf 89' lang='lat' dir='ltr'>atque</span> 
     </span>
     <span class='ocr_line' id='line_1_30' title="bbox 304 1289 1254 1345; baseline -0.008 -12"><span class='ocrx_word' id='word_1_149' title='bbox 304 1295 477 1333; x_wconf 83' lang='lat' dir='ltr'>ineffabili</span> <span class='ocrx_word' id='word_1_150' title='bbox 500 1293 716 1345; x_wconf 75' lang='lat' dir='ltr'>benignitate</span> <span class='ocrx_word' id='word_1_151' title='bbox 738 1308 744 1328; x_wconf 90' lang='lat'><strong>:</strong></span> <span class='ocrx_word' id='word_1_152' title='bbox 765 1301 920 1329; x_wconf 85' lang='lat' dir='ltr'>nostram</span> <span class='ocrx_word' id='word_1_153' title='bbox 940 1303 1066 1327; x_wconf 85' lang='lat' dir='ltr'>curans</span> <span class='ocrx_word' id='word_1_154' title='bbox 1087 1289 1254 1338; x_wconf 84' lang='lat' dir='ltr'>salutem,</span> 
     </span>
     <span class='ocr_line' id='line_1_31' title="bbox 304 1350 1256 1408; baseline -0.008 -13"><span class='ocrx_word' id='word_1_155' title='bbox 304 1357 454 1408; x_wconf 86' lang='lat' dir='ltr'>largitus</span> <span class='ocrx_word' id='word_1_156' title='bbox 481 1365 531 1394; x_wconf 90' lang='lat' dir='ltr'>est</span> <span class='ocrx_word' id='word_1_157' title='bbox 556 1355 659 1393; x_wconf 90' lang='lat' dir='ltr'>nobis</span> <span class='ocrx_word' id='word_1_158' title='bbox 685 1368 746 1406; x_wconf 89' lang='lat' dir='ltr'>per</span> <span class='ocrx_word' id='word_1_159' title='bbox 772 1353 956 1391; x_wconf 79' lang='lat' dir='ltr'>lavacrum</span> <span class='ocrx_word' id='word_1_160' title='bbox 982 1350 1256 1402; x_wconf 82' lang='lat' dir='ltr'>regenerationis</span> 
     </span>
     <span class='ocr_line' id='line_1_32' title="bbox 305 1411 1256 1466; baseline -0.005 -12"><span class='ocrx_word' id='word_1_161' title='bbox 305 1417 644 1456; x_wconf 79' lang='lat' dir='ltr'>innovationem:ut</span> <span class='ocrx_word' id='word_1_162' title='bbox 672 1413 832 1466; x_wconf 87' lang='lat' dir='ltr'>deposito</span> <span class='ocrx_word' id='word_1_163' title='bbox 864 1411 1007 1450; x_wconf 89' lang='lat' dir='ltr'>homine</span> <span class='ocrx_word' id='word_1_164' title='bbox 1035 1420 1168 1460; x_wconf 73' lang='lat' dir='ltr'>vetere,</span> <span class='ocrx_word' id='word_1_165' title='bbox 1188 1411 1256 1449; x_wconf 90' lang='lat' dir='ltr'>hoc</span> 
     </span>
     <span class='ocr_line' id='line_1_33' title="bbox 303 1473 1255 1532; baseline -0.008 -14"><span class='ocrx_word' id='word_1_166' title='bbox 303 1489 367 1529; x_wconf 88' lang='lat' dir='ltr'>est,</span> <span class='ocrx_word' id='word_1_167' title='bbox 382 1479 550 1532; x_wconf 83' lang='lat' dir='ltr'>operibus</span> <span class='ocrx_word' id='word_1_168' title='bbox 568 1478 683 1526; x_wconf 86' lang='lat' dir='ltr'>malis,</span> <span class='ocrx_word' id='word_1_169' title='bbox 703 1486 735 1514; x_wconf 89' lang='lat' dir='ltr'>ct</span> <span class='ocrx_word' id='word_1_170' title='bbox 754 1475 871 1513; x_wconf 89' lang='lat' dir='ltr'>induti</span> <span class='ocrx_word' id='word_1_171' title='bbox 891 1488 1037 1523; x_wconf 83' lang='lat' dir='ltr'>novum,</span> <span class='ocrx_word' id='word_1_172' title='bbox 1053 1473 1090 1511; x_wconf 92' lang='lat' dir='ltr'>in</span> <span class='ocrx_word' id='word_1_173' title='bbox 1104 1474 1162 1511; x_wconf 80' lang='lat' dir='ltr'>via</span> <span class='ocrx_word' id='word_1_174' title='bbox 1181 1473 1255 1511; x_wconf 83' lang='lat' dir='ltr'>vir-</span> 
     </span>
     <span class='ocr_line' id='line_1_34' title="bbox 304 1533 1253 1583; baseline -0.007 -4"><span class='ocrx_word' id='word_1_175' title='bbox 304 1540 388 1578; x_wconf 88' lang='lat' dir='ltr'>tutis</span> <span class='ocrx_word' id='word_1_176' title='bbox 405 1540 620 1578; x_wconf 84' lang='lat' dir='ltr'>incedamus.</span> <span class='ocrx_word' id='word_1_177' title='bbox 641 1539 779 1577; x_wconf 77' lang='lat' dir='ltr'>Verum</span> <span class='ocrx_word' id='word_1_178' title='bbox 799 1536 926 1573; x_wconf 89' lang='lat' dir='ltr'>iterum</span> <span class='ocrx_word' id='word_1_179' title='bbox 945 1549 1018 1583; x_wconf 90' lang='lat' dir='ltr'>oro,</span> <span class='ocrx_word' id='word_1_180' title='bbox 1036 1548 1078 1571; x_wconf 91' lang='lat' dir='ltr'>ne</span> <span class='ocrx_word' id='word_1_181' title='bbox 1097 1533 1253 1572; x_wconf 77' lang='lat' dir='ltr'>deterio-</span> 
     </span>
     <span class='ocr_line' id='line_1_35' title="bbox 303 1594 1254 1651; baseline -0.009 -12"><span class='ocrx_word' id='word_1_182' title='bbox 303 1615 357 1639; x_wconf 88' lang='lat' dir='ltr'>res</span> <span class='ocrx_word' id='word_1_183' title='bbox 376 1601 485 1638; x_wconf 88' lang='lat' dir='ltr'>simus</span> <span class='ocrx_word' id='word_1_184' title='bbox 499 1599 648 1651; x_wconf 89' lang='lat' dir='ltr'>ingratis</span> <span class='ocrx_word' id='word_1_185' title='bbox 661 1607 694 1636; x_wconf 93' lang='lat' dir='ltr'>et</span> <span class='ocrx_word' id='word_1_186' title='bbox 714 1596 897 1634; x_wconf 83' lang='lat' dir='ltr'>insensatis</span> <span class='ocrx_word' id='word_1_187' title='bbox 912 1597 933 1634; x_wconf 90' lang='lat' dir='ltr'><strong>J</strong></span> <span class='ocrx_word' id='word_1_188' title='bbox 938 1594 1056 1632; x_wconf 81' lang='lat' dir='ltr'>udaeis.</span> <span class='ocrx_word' id='word_1_189' title='bbox 1085 1594 1144 1631; x_wconf 92' lang='lat' dir='ltr'>Illi</span> <span class='ocrx_word' id='word_1_190' title='bbox 1160 1594 1254 1632; x_wconf 90' lang='lat' dir='ltr'>enim</span> 
     </span>
    </p>
   </div>
   <div class='ocr_carea' id='block_1_8' title="bbox 1267 1624 1334 1650">
    <p class='ocr_par' dir='ltr' id='par_1_8' title="bbox 1267 1624 1334 1650">
     <span class='ocr_line' id='line_1_36' title="bbox 1267 1624 1334 1650; baseline -0.09 0"><span class='ocrx_word' id='word_1_191' title='bbox 1267 1624 1334 1650; x_wconf 68' lang='lat' dir='ltr'>iilo·</span> 
     </span>
    </p>
   </div>
   <div class='ocr_carea' id='block_1_9' title="bbox 1313 110 1916 141">
    <p class='ocr_par' dir='ltr' id='par_1_9' title="bbox 1313 110 1916 141">
     <span class='ocr_line' id='line_1_37' title="bbox 1313 110 1916 141; baseline -0.002 0"><span class='ocrx_word' id='word_1_192' title='bbox 1313 112 1516 141; x_wconf 70' lang='lat' dir='ltr'>ARCfflEP.</span> <span class='ocrx_word' id='word_1_193' title='bbox 1555 110 1916 140; x_wconf 73' lang='lat' dir='ltr'>CONSTANTINOP-</span> 
     </span>
    </p>
   </div>
   <div class='ocr_carea' id='block_1_10' title="bbox 1325 190 2358 1605">
    <p class='ocr_par' dir='ltr' id='par_1_10' title="bbox 1325 190 2358 1605">
     <span class='ocr_line' id='line_1_38' title="bbox 1325 190 2346 244; baseline 0.001 -16"><span class='ocrx_word' id='word_1_194' title='bbox 1325 192 1385 229; x_wconf 82' lang='grc' dir='ltr'>καὶ</span> <span class='ocrx_word' id='word_1_195' title='bbox 1400 191 1462 238; x_wconf 81' lang='grc' dir='ltr'>τὴν</span> <span class='ocrx_word' id='word_1_196' title='bbox 1479 191 1610 242; x_wconf 71' lang='grc' dir='ltr'>ἄφατον</span> <span class='ocrx_word' id='word_1_197' title='bbox 1623 191 1704 242; x_wconf 84' lang='grc' dir='ltr'>περὶ</span> <span class='ocrx_word' id='word_1_198' title='bbox 1719 195 1813 242; x_wconf 78' lang='grc' dir='ltr'>ἡμᾶς</span> <span class='ocrx_word' id='word_1_199' title='bbox 1827 192 2040 244; x_wconf 75' lang='grc' dir='ltr'>εὐεργεσίαν.</span> <span class='ocrx_word' id='word_1_200' title='bbox 2058 191 2156 230; x_wconf 79' lang='grc' dir='ltr'>Ἐκεῖ</span> <span class='ocrx_word' id='word_1_201' title='bbox 2172 192 2231 230; x_wconf 80' lang='grc' dir='ltr'>καὶ</span> <span class='ocrx_word' id='word_1_202' title='bbox 2242 190 2346 238; x_wconf 69' lang='grc' dir='ltr'>ὀδύνη</span> 
     </span>
     <span class='ocr_line' id='line_1_39' title="bbox 1326 251 2350 304; baseline 0.001 -15"><span class='ocrx_word' id='word_1_203' title='bbox 1326 252 1385 289; x_wconf 83' lang='grc' dir='ltr'>καὶ</span> <span class='ocrx_word' id='word_1_204' title='bbox 1409 251 1511 295; x_wconf 83' lang='grc' dir='ltr'>πόνος</span> <span class='ocrx_word' id='word_1_205' title='bbox 1530 254 1568 290; x_wconf 81' lang='grc' dir='ltr'>ἐκ</span> <span class='ocrx_word' id='word_1_206' title='bbox 1586 256 1647 290; x_wconf 70' lang='grc' dir='ltr'>τοῦ</span> <span class='ocrx_word' id='word_1_207' title='bbox 1672 253 1852 303; x_wconf 82' lang='grc' dir='ltr'>γινομένου</span> <span class='ocrx_word' id='word_1_208' title='bbox 1865 283 1874 301; x_wconf 92' lang='grc'>,</span> <span class='ocrx_word' id='word_1_209' title='bbox 1895 253 1954 290; x_wconf 78' lang='grc' dir='ltr'>καὶ</span> <span class='ocrx_word' id='word_1_210' title='bbox 1980 252 2076 290; x_wconf 74' lang='grc' dir='ltr'>οὐδὲν</span> <span class='ocrx_word' id='word_1_211' title='bbox 2097 252 2213 304; x_wconf 78' lang='grc' dir='ltr'>ἕτερον</span> <span class='ocrx_word' id='word_1_212' title='bbox 2233 255 2273 290; x_wconf 81' lang='grc' dir='ltr'>ἐκ</span> <span class='ocrx_word' id='word_1_213' title='bbox 2288 255 2350 298; x_wconf 66' lang='grc' dir='ltr'>τ”ῆς</span> 
     </span>
     <span class='ocr_line' id='line_1_40' title="bbox 1326 307 2350 364; baseline 0 -14"><span class='ocrx_word' id='word_1_214' title='bbox 1326 314 1520 364; x_wconf 78' lang='grc' dir='ltr'>περιτομῆς</span> <span class='ocrx_word' id='word_1_215' title='bbox 1544 312 1663 364; x_wconf 75' lang='grc' dir='ltr'>ὄφελος</span> <span class='ocrx_word' id='word_1_216' title='bbox 1678 307 1735 360; x_wconf 66' lang='grc' dir='ltr'>ἦν,</span> <span class='ocrx_word' id='word_1_217' title='bbox 1750 313 1773 359; x_wconf 84' lang='grc' dir='ltr'>ἢ</span> <span class='ocrx_word' id='word_1_218' title='bbox 1788 317 1890 350; x_wconf 79' lang='grc' dir='ltr'>τοῦτο</span> <span class='ocrx_word' id='word_1_219' title='bbox 1907 313 2008 363; x_wconf 86' lang='grc' dir='ltr'>μόνον</span> <span class='ocrx_word' id='word_1_220' title='bbox 2020 341 2029 359; x_wconf 93' lang='grc'>,</span> <span class='ocrx_word' id='word_1_221' title='bbox 2059 314 2100 352; x_wconf 80' lang='grc' dir='ltr'>τὸ</span> <span class='ocrx_word' id='word_1_222' title='bbox 2119 313 2176 350; x_wconf 78' lang='grc' dir='ltr'>διὰ</span> <span class='ocrx_word' id='word_1_223' title='bbox 2197 317 2258 350; x_wconf 78' lang='grc' dir='ltr'>τοῦ</span> <span class='ocrx_word' id='word_1_224' title='bbox 2287 329 2350 359; x_wconf 87' lang='grc' dir='ltr'>ση-</span> 
     </span>
     <span class='ocr_line' id='line_1_41' title="bbox 1329 369 2351 425; baseline -0.001 -13"><span class='ocrx_word' id='word_1_225' title='bbox 1329 374 1426 424; x_wconf 80' lang='grc' dir='ltr'>μείου</span> <span class='ocrx_word' id='word_1_226' title='bbox 1441 373 1563 411; x_wconf 83' lang='grc' dir='ltr'>τούτου</span> <span class='ocrx_word' id='word_1_227' title='bbox 1579 373 1773 425; x_wconf 81' lang='grc' dir='ltr'>γνωρίμους</span> <span class='ocrx_word' id='word_1_228' title='bbox 1789 374 1912 417; x_wconf 64' lang='grc' dir='ltr'>αὐτοὺς</span> <span class='ocrx_word' id='word_1_229' title='bbox 1926 369 2013 412; x_wconf 65' lang='grc' dir='ltr'>εἶναι</span> <span class='ocrx_word' id='word_1_230' title='bbox 2025 406 2034 422; x_wconf 92' lang='grc'>,</span> <span class='ocrx_word' id='word_1_231' title='bbox 2057 374 2115 412; x_wconf 69' lang='grc' dir='ltr'>καὶ</span> <span class='ocrx_word' id='word_1_232' title='bbox 2133 376 2202 411; x_wconf 88' lang='grc' dir='ltr'>τῶν</span> <span class='ocrx_word' id='word_1_233' title='bbox 2220 375 2351 412; x_wconf 86' lang='grc' dir='ltr'>λοιπῶν</span> 
     </span>
     <span class='ocr_line' id='line_1_42' title="bbox 1327 433 2350 486; baseline -0.002 -13"><span class='ocrx_word' id='word_1_234' title='bbox 1327 437 1431 473; x_wconf 81' lang='grc' dir='ltr'>ἐθνῶν</span> <span class='ocrx_word' id='word_1_235' title='bbox 1461 434 1686 486; x_wconf 70' lang='grc' dir='ltr'>κεχωρίσθαι.</span> <span class='ocrx_word' id='word_1_236' title='bbox 1705 433 1750 472; x_wconf 86' lang='lat' dir='ltr'>‘H</span> <span class='ocrx_word' id='word_1_237' title='bbox 1779 434 1815 472; x_wconf 77' lang='grc' dir='ltr'>δὲ</span> <span class='ocrx_word' id='word_1_238' title='bbox 1842 434 1996 486; x_wconf 76' lang='grc' dir='ltr'>ἡμετέρα</span> <span class='ocrx_word' id='word_1_239' title='bbox 2020 434 2214 486; x_wconf 75' lang='grc' dir='ltr'>περιτομὴ,</span> <span class='ocrx_word' id='word_1_240' title='bbox 2241 437 2262 480; x_wconf 79' lang='grc' dir='ltr'>ἡ</span> <span class='ocrx_word' id='word_1_241' title='bbox 2290 437 2350 471; x_wconf 79' lang='grc' dir='ltr'>τοῦ</span> 
     </span>
     <span class='ocr_line' id='line_1_43' title="bbox 1329 494 2351 548; baseline -0.001 -15"><span class='ocrx_word' id='word_1_242' title='bbox 1329 495 1571 548; x_wconf 80' lang='grc' dir='ltr'>βαπτίσματος</span> <span class='ocrx_word' id='word_1_243' title='bbox 1584 494 1677 546; x_wconf 78' lang='grc' dir='ltr'>λέγω</span> <span class='ocrx_word' id='word_1_244' title='bbox 1695 494 1808 546; x_wconf 72' lang='grc' dir='ltr'>χάρις,</span> <span class='ocrx_word' id='word_1_245' title='bbox 1830 494 2001 532; x_wconf 73' lang='grc' dir='ltr'>ἀνώδυνον</span> <span class='ocrx_word' id='word_1_246' title='bbox 2015 495 2088 547; x_wconf 68' lang='grc' dir='ltr'>ἔχει</span> <span class='ocrx_word' id='word_1_247' title='bbox 2100 495 2163 541; x_wconf 74' lang='grc' dir='ltr'>τὴν</span> <span class='ocrx_word' id='word_1_248' title='bbox 2184 495 2351 546; x_wconf 76' lang='grc' dir='ltr'>ἰατρείαν,</span> 
     </span>
     <span class='ocr_line' id='line_1_44' title="bbox 1328 554 2354 609; baseline -0.003 -14"><span class='ocrx_word' id='word_1_249' title='bbox 1328 557 1388 595; x_wconf 78' lang='grc' dir='ltr'>καὶ</span> <span class='ocrx_word' id='word_1_250' title='bbox 1416 556 1547 609; x_wconf 87' lang='grc' dir='ltr'>μυρίων</span> <span class='ocrx_word' id='word_1_251' title='bbox 1568 558 1706 606; x_wconf 80' lang='grc' dir='ltr'>ἀγαθῶν</span> <span class='ocrx_word' id='word_1_252' title='bbox 1725 554 1886 606; x_wconf 76' lang='grc' dir='ltr'>πρόξενος</span> <span class='ocrx_word' id='word_1_253' title='bbox 1913 555 2046 606; x_wconf 82' lang='grc' dir='ltr'>γίνεται</span> <span class='ocrx_word' id='word_1_254' title='bbox 2077 559 2175 606; x_wconf 81' lang='grc' dir='ltr'>ἡμῖν,</span> <span class='ocrx_word' id='word_1_255' title='bbox 2206 555 2266 593; x_wconf 86' lang='grc' dir='ltr'>καὶ</span> <span class='ocrx_word' id='word_1_256' title='bbox 2291 558 2354 601; x_wconf 72' lang='grc' dir='ltr'>τῆς</span> 
     </span>
     <span class='ocr_line' id='line_1_45' title="bbox 1328 616 2354 669; baseline -0.002 -13"><span class='ocrx_word' id='word_1_257' title='bbox 1328 621 1388 656; x_wconf 72' lang='grc' dir='ltr'>τοῦ</span> <span class='ocrx_word' id='word_1_258' title='bbox 1418 617 1622 669; x_wconf 80' lang='grc' dir='ltr'>Πνεύματος</span> <span class='ocrx_word' id='word_1_259' title='bbox 1646 619 1739 667; x_wconf 73' lang='grc' dir='ltr'>ἡμᾶς</span> <span class='ocrx_word' id='word_1_260' title='bbox 1764 617 1962 667; x_wconf 71' lang='grc' dir='ltr'>ἐμπίπλησι</span> <span class='ocrx_word' id='word_1_261' title='bbox 1995 617 2156 669; x_wconf 74' lang='grc' dir='ltr'>χάριτος,</span> <span class='ocrx_word' id='word_1_262' title='bbox 2187 616 2245 654; x_wconf 60' lang='grc' dir='ltr'>καὶΙ</span> <span class='ocrx_word' id='word_1_263' title='bbox 2277 616 2354 655; x_wconf 72' lang='grc' dir='ltr'>οὐδὲ</span> 
     </span>
     <span class='ocr_line' id='line_1_46' title="bbox 1329 676 2354 732; baseline -0.003 -15"><span class='ocrx_word' id='word_1_264' title='bbox 1329 679 1520 732; x_wconf 82' lang='grc' dir='ltr'>ὡρισμένον</span> <span class='ocrx_word' id='word_1_265' title='bbox 1540 678 1613 730; x_wconf 65' lang='grc' dir='ltr'>ἔχει</span> <span class='ocrx_word' id='word_1_266' title='bbox 1629 676 1760 729; x_wconf 79' lang='grc' dir='ltr'>καιρὸν,</span> <span class='ocrx_word' id='word_1_267' title='bbox 1780 677 1938 729; x_wconf 77' lang='grc' dir='ltr'>καθάπερ</span> <span class='ocrx_word' id='word_1_268' title='bbox 1955 679 2047 724; x_wconf 78' lang='grc' dir='ltr'>ἐκεῖ,</span> <span class='ocrx_word' id='word_1_269' title='bbox 2069 679 2145 715; x_wconf 86' lang='grc' dir='ltr'>ἀλλ’</span> <span class='ocrx_word' id='word_1_270' title='bbox 2165 677 2275 721; x_wconf 82' lang='grc' dir='ltr'>ἔξεστι</span> <span class='ocrx_word' id='word_1_271' title='bbox 2295 677 2354 715; x_wconf 83' lang='grc' dir='ltr'>καὶ</span> 
     </span>
     <span class='ocr_line' id='line_1_47' title="bbox 1329 738 2355 792; baseline -0.002 -15"><span class='ocrx_word' id='word_1_272' title='bbox 1329 741 1365 777; x_wconf 82' lang='grc' dir='ltr'>ἐν</span> <span class='ocrx_word' id='word_1_273' title='bbox 1380 739 1483 792; x_wconf 82' lang='grc' dir='ltr'>ἀώρῳ</span> <span class='ocrx_word' id='word_1_274' title='bbox 1500 739 1640 792; x_wconf 71' lang='grc' dir='ltr'>ἡλικία,</span> <span class='ocrx_word' id='word_1_275' title='bbox 1661 738 1719 776; x_wconf 78' lang='grc' dir='ltr'>καὶ</span> <span class='ocrx_word' id='word_1_276' title='bbox 1739 740 1772 776; x_wconf 78' lang='grc' dir='ltr'>ἐν</span> <span class='ocrx_word' id='word_1_277' title='bbox 1797 738 1888 789; x_wconf 80' lang='grc' dir='ltr'>μέσῃ</span> <span class='ocrx_word' id='word_1_278' title='bbox 1902 767 1911 784; x_wconf 88' lang='grc'>,</span> <span class='ocrx_word' id='word_1_279' title='bbox 1938 739 1997 776; x_wconf 71' lang='grc' dir='ltr'>καὶ</span> <span class='ocrx_word' id='word_1_280' title='bbox 2017 740 2052 776; x_wconf 77' lang='grc' dir='ltr'>ἐν</span> <span class='ocrx_word' id='word_1_281' title='bbox 2072 741 2167 790; x_wconf 76' lang='grc' dir='ltr'>αὐτῷ</span> <span class='ocrx_word' id='word_1_282' title='bbox 2197 741 2245 791; x_wconf 83' lang='grc' dir='ltr'>τῷ</span> <span class='ocrx_word' id='word_1_283' title='bbox 2262 738 2355 791; x_wconf 76' lang='grc' dir='ltr'>γήρᾳ</span> 
     </span>
     <span class='ocr_line' id='line_1_48' title="bbox 1328 799 2354 851; baseline -0.003 -13"><span class='ocrx_word' id='word_1_284' title='bbox 1328 800 1511 851; x_wconf 88' lang='grc' dir='ltr'>γενόμενόν</span> <span class='ocrx_word' id='word_1_285' title='bbox 1538 817 1613 839; x_wconf 86' lang='grc' dir='ltr'>τινα</span> <span class='ocrx_word' id='word_1_286' title='bbox 1641 800 1773 846; x_wconf 77' lang='grc' dir='ltr'>ταύτην</span> <span class='ocrx_word' id='word_1_287' title='bbox 1800 799 1961 844; x_wconf 74' lang='grc' dir='ltr'>δέξασθαι</span> <span class='ocrx_word' id='word_1_288' title='bbox 1997 799 2058 846; x_wconf 79' lang='grc' dir='ltr'>τὴν</span> <span class='ocrx_word' id='word_1_289' title='bbox 2088 800 2354 851; x_wconf 70' lang='grc' dir='ltr'>ἀχειροποίητον</span> 
     </span>
     <span class='ocr_line' id='line_1_49' title="bbox 1328 857 2356 914; baseline -0.001 -15"><span class='ocrx_word' id='word_1_290' title='bbox 1328 863 1538 914; x_wconf 74' lang='grc' dir='ltr'>περιτομὴν,</span> <span class='ocrx_word' id='word_1_291' title='bbox 1553 865 1588 901; x_wconf 81' lang='grc' dir='ltr'>ἐν</span> <span class='ocrx_word' id='word_1_292' title='bbox 1605 857 1628 910; x_wconf 70' lang='grc' dir='ltr'>ἦ</span> <span class='ocrx_word' id='word_1_293' title='bbox 1648 865 1710 900; x_wconf 82' lang='grc' dir='ltr'>οὐκ</span> <span class='ocrx_word' id='word_1_294' title='bbox 1727 862 1801 900; x_wconf 80' lang='grc' dir='ltr'>ἔστι</span> <span class='ocrx_word' id='word_1_295' title='bbox 1816 861 1920 900; x_wconf 82' lang='grc' dir='ltr'>πόνον</span> <span class='ocrx_word' id='word_1_296' title='bbox 1937 863 2134 912; x_wconf 74' lang='grc' dir='ltr'>ὑπομεῖναι,</span> <span class='ocrx_word' id='word_1_297' title='bbox 2145 863 2222 900; x_wconf 85' lang='grc' dir='ltr'>ἀλλ’</span> <span class='ocrx_word' id='word_1_298' title='bbox 2240 863 2356 913; x_wconf 88' lang='grc' dir='ltr'>ἁμαρ-</span> 
     </span>
     <span class='ocr_line' id='line_1_50' title="bbox 1327 921 2354 976; baseline 0 -16"><span class='ocrx_word' id='word_1_299' title='bbox 1327 923 1493 972; x_wconf 80' lang='grc' dir='ltr'>τημοίτων</span> <span class='ocrx_word' id='word_1_300' title='bbox 1514 924 1636 976; x_wconf 65' lang='grc' dir='ltr'>φορτία</span> <span class='ocrx_word' id='word_1_301' title='bbox 1653 923 1864 970; x_wconf 78' lang='grc' dir='ltr'>ἀποθέσθαι,</span> <span class='ocrx_word' id='word_1_302' title='bbox 1885 923 1944 961; x_wconf 76' lang='grc' dir='ltr'>καὶ</span> <span class='ocrx_word' id='word_1_303' title='bbox 1962 926 2031 960; x_wconf 86' lang='grc' dir='ltr'>τῶν</span> <span class='ocrx_word' id='word_1_304' title='bbox 2061 924 2095 960; x_wconf 81' lang='grc' dir='ltr'>ἐν</span> <span class='ocrx_word' id='word_1_305' title='bbox 2116 923 2221 961; x_wconf 81' lang='grc' dir='ltr'>παντὶ</span> <span class='ocrx_word' id='word_1_306' title='bbox 2239 921 2354 975; x_wconf 73' lang='grc' dir='ltr'>χρόνῳ</span> 
     </span>
     <span class='ocr_line' id='line_1_51' title="bbox 1327 983 2353 1036; baseline 0 -15"><span class='ocrx_word' id='word_1_307' title='bbox 1327 984 1646 1034; x_wconf 72' lang='grc' dir='ltr'>πλημμελημάτων</span> <span class='ocrx_word' id='word_1_308' title='bbox 1674 984 1738 1030; x_wconf 81' lang='grc' dir='ltr'>τὴν</span> <span class='ocrx_word' id='word_1_309' title='bbox 1764 983 1988 1036; x_wconf 73' lang='grc' dir='ltr'>συγχώρησιν</span> <span class='ocrx_word' id='word_1_310' title='bbox 2010 983 2180 1035; x_wconf 71' lang='grc' dir='ltr'>εὑρέσθαι.</span> <span class='ocrx_word' id='word_1_311' title='bbox 2206 983 2353 1029; x_wconf 82' lang='grc' dir='ltr'>Ἐπειδὴ</span> 
     </span>
     <span class='ocr_line' id='line_1_52' title="bbox 1327 1037 2355 1096; baseline 0 -15"><span class='ocrx_word' id='word_1_312' title='bbox 1327 1043 1394 1096; x_wconf 82' lang='grc' dir='ltr'>γὰρ</span> <span class='ocrx_word' id='word_1_313' title='bbox 1422 1038 1510 1082; x_wconf 65' lang='grc' dir='ltr'>εἶδεν</span> <span class='ocrx_word' id='word_1_314' title='bbox 1542 1048 1559 1082; x_wconf 86' lang='grc' dir='ltr'>ὃ</span> <span class='ocrx_word' id='word_1_315' title='bbox 1589 1044 1828 1096; x_wconf 72' lang='grc' dir='ltr'>φιλάνθρωπος</span> <span class='ocrx_word' id='word_1_316' title='bbox 1848 1045 1939 1087; x_wconf 75' lang='grc' dir='ltr'>Θεὸς</span> <span class='ocrx_word' id='word_1_317' title='bbox 1971 1047 2033 1089; x_wconf 71' lang='grc' dir='ltr'>τῆς</span> <span class='ocrx_word' id='word_1_318' title='bbox 2058 1044 2234 1086; x_wconf 72' lang='grc' dir='ltr'>ἀσθενείας</span> <span class='ocrx_word' id='word_1_319' title='bbox 2254 1037 2355 1094; x_wconf 77' lang='grc' dir='ltr'>ἡμῶν</span> 
     </span>
     <span class='ocr_line' id='line_1_53' title="bbox 1327 1104 2358 1157; baseline -0.002 -14"><span class='ocrx_word' id='word_1_320' title='bbox 1327 1105 1390 1152; x_wconf 76' lang='grc' dir='ltr'>τὴν</span> <span class='ocrx_word' id='word_1_321' title='bbox 1425 1105 1639 1157; x_wconf 70' lang='grc' dir='ltr'>ὓπερὸολὴν,</span> <span class='ocrx_word' id='word_1_322' title='bbox 1661 1105 1721 1142; x_wconf 82' lang='grc' dir='ltr'>καὶ</span> <span class='ocrx_word' id='word_1_323' title='bbox 1748 1104 1800 1142; x_wconf 73' lang='grc' dir='ltr'>ὅτι</span> <span class='ocrx_word' id='word_1_324' title='bbox 1832 1104 1957 1142; x_wconf 82' lang='grc' dir='ltr'>ἀνίατα</span> <span class='ocrx_word' id='word_1_325' title='bbox 1994 1107 2171 1147; x_wconf 76' lang='grc' dir='ltr'>νοσοῦντες</span> <span class='ocrx_word' id='word_1_326' title='bbox 2202 1104 2358 1155; x_wconf 81' lang='grc' dir='ltr'>μεγάλης</span> 
     </span>
     <span class='ocr_line' id='line_1_54' title="bbox 1328 1164 2357 1217; baseline -0.004 -12"><span class='ocrx_word' id='word_1_327' title='bbox 1328 1166 1475 1217; x_wconf 78' lang='grc' dir='ltr'>δεόμεθα</span> <span class='ocrx_word' id='word_1_328' title='bbox 1489 1170 1551 1213; x_wconf 74' lang='grc' dir='ltr'>τῆς</span> <span class='ocrx_word' id='word_1_329' title='bbox 1575 1165 1739 1217; x_wconf 82' lang='grc' dir='ltr'>ἰατρείας,</span> <span class='ocrx_word' id='word_1_330' title='bbox 1760 1164 1820 1203; x_wconf 77' lang='grc' dir='ltr'>καὶ</span> <span class='ocrx_word' id='word_1_331' title='bbox 1839 1165 1972 1217; x_wconf 69' lang='grc' dir='ltr'>ἀφάτου</span> <span class='ocrx_word' id='word_1_332' title='bbox 1991 1168 2053 1211; x_wconf 81' lang='grc' dir='ltr'>τῆς</span> <span class='ocrx_word' id='word_1_333' title='bbox 2074 1164 2333 1216; x_wconf 71' lang='grc' dir='ltr'>φιλανθρωπίας</span> <span class='ocrx_word' id='word_1_334' title='bbox 2347 1193 2357 1210; x_wconf 93' lang='grc'>,</span> 
     </span>
     <span class='ocr_line' id='line_1_55' title="bbox 1331 1226 2357 1280; baseline -0.004 -13"><span class='ocrx_word' id='word_1_335' title='bbox 1331 1231 1521 1280; x_wconf 83' lang='grc' dir='ltr'>οἰκονομῶν</span> <span class='ocrx_word' id='word_1_336' title='bbox 1553 1228 1616 1276; x_wconf 80' lang='grc' dir='ltr'>τὴν</span> <span class='ocrx_word' id='word_1_337' title='bbox 1635 1227 1808 1279; x_wconf 73' lang='grc' dir='ltr'>ἡμετέραν</span> <span class='ocrx_word' id='word_1_338' title='bbox 1835 1227 2024 1279; x_wconf 83' lang='grc' dir='ltr'>σωτηρίαν,</span> <span class='ocrx_word' id='word_1_339' title='bbox 2054 1226 2244 1278; x_wconf 75' lang='grc' dir='ltr'>ἐχαρίσατο</span> <span class='ocrx_word' id='word_1_340' title='bbox 2272 1229 2357 1277; x_wconf 81' lang='grc' dir='ltr'>ἡμῖν</span> 
     </span>
     <span class='ocr_line' id='line_1_56' title="bbox 1328 1287 2354 1341; baseline -0.003 -13"><span class='ocrx_word' id='word_1_341' title='bbox 1328 1290 1391 1337; x_wconf 75' lang='grc' dir='ltr'>τὴν</span> <span class='ocrx_word' id='word_1_342' title='bbox 1412 1290 1469 1328; x_wconf 77' lang='grc' dir='ltr'>διὰ</span> <span class='ocrx_word' id='word_1_343' title='bbox 1487 1293 1546 1327; x_wconf 76' lang='grc' dir='ltr'>τοῦ</span> <span class='ocrx_word' id='word_1_344' title='bbox 1565 1291 1709 1341; x_wconf 62' lang='grc' dir='ltr'>λουτροῦ</span> <span class='ocrx_word' id='word_1_345' title='bbox 1739 1291 1801 1334; x_wconf 78' lang='grc' dir='ltr'>τ’ἧς</span> <span class='ocrx_word' id='word_1_346' title='bbox 1832 1288 2098 1339; x_wconf 86' lang='grc' dir='ltr'>παλιγγενεσίας</span> <span class='ocrx_word' id='word_1_347' title='bbox 2121 1287 2354 1333; x_wconf 85' lang='grc' dir='ltr'>ἀνακαίνισιν,</span> 
     </span>
     <span class='ocr_line' id='line_1_57' title="bbox 1327 1348 2357 1402; baseline -0.003 -13"><span class='ocrx_word' id='word_1_348' title='bbox 1327 1351 1383 1390; x_wconf 78' lang='grc' dir='ltr'>ἵνα</span> <span class='ocrx_word' id='word_1_349' title='bbox 1401 1350 1608 1402; x_wconf 75' lang='grc' dir='ltr'>ἀποθέμενοι</span> <span class='ocrx_word' id='word_1_350' title='bbox 1633 1350 1692 1388; x_wconf 85' lang='grc' dir='ltr'>τὸν</span> <span class='ocrx_word' id='word_1_351' title='bbox 1706 1349 1857 1387; x_wconf 77' lang='grc' dir='ltr'>παλαιὸν</span> <span class='ocrx_word' id='word_1_352' title='bbox 1880 1350 2074 1402; x_wconf 78' lang='grc' dir='ltr'>ἄνθρωπον,</span> <span class='ocrx_word' id='word_1_353' title='bbox 2091 1351 2184 1387; x_wconf 76' lang='grc' dir='ltr'>τοῦτ’</span> <span class='ocrx_word' id='word_1_354' title='bbox 2203 1349 2278 1387; x_wconf 84' lang='grc' dir='ltr'>ἔστι</span> <span class='ocrx_word' id='word_1_355' title='bbox 2296 1348 2357 1391; x_wconf 77' lang='grc' dir='ltr'>τὰς</span> 
     </span>
     <span class='ocr_line' id='line_1_58' title="bbox 1328 1410 2357 1464; baseline -0.003 -13"><span class='ocrx_word' id='word_1_356' title='bbox 1328 1412 1468 1464; x_wconf 75' lang='grc' dir='ltr'>πράξεις</span> <span class='ocrx_word' id='word_1_357' title='bbox 1488 1413 1548 1456; x_wconf 72' lang='grc' dir='ltr'>τας</span> <span class='ocrx_word' id='word_1_358' title='bbox 1572 1412 1743 1464; x_wconf 75' lang='grc' dir='ltr'>πονηρὰς,</span> <span class='ocrx_word' id='word_1_359' title='bbox 1766 1413 1824 1450; x_wconf 83' lang='grc' dir='ltr'>καὶ</span> <span class='ocrx_word' id='word_1_360' title='bbox 1842 1412 2066 1462; x_wconf 74' lang='grc' dir='ltr'>ἐνδυσάμενοι</span> <span class='ocrx_word' id='word_1_361' title='bbox 2087 1411 2145 1449; x_wconf 83' lang='grc' dir='ltr'>τὸν</span> <span class='ocrx_word' id='word_1_362' title='bbox 2171 1411 2246 1450; x_wconf 79' lang='grc' dir='ltr'>νέον</span> <span class='ocrx_word' id='word_1_363' title='bbox 2260 1439 2270 1456; x_wconf 86' lang='grc'>,</span> <span class='ocrx_word' id='word_1_364' title='bbox 2299 1410 2357 1449; x_wconf 76' lang='grc' dir='ltr'>ἐπὶ</span> 
     </span>
     <span class='ocr_line' id='line_1_59' title="bbox 1327 1472 2355 1525; baseline -0.001 -15"><span class='ocrx_word' id='word_1_365' title='bbox 1327 1473 1390 1520; x_wconf 71' lang='grc' dir='ltr'>τὴν</span> <span class='ocrx_word' id='word_1_366' title='bbox 1413 1477 1474 1520; x_wconf 70' lang='grc' dir='ltr'>τῆς</span> <span class='ocrx_word' id='word_1_367' title='bbox 1507 1477 1631 1525; x_wconf 63' lang='grc' dir='ltr'>ἀρετῆς</span> <span class='ocrx_word' id='word_1_368' title='bbox 1655 1474 1730 1511; x_wconf 70' lang='grc' dir='ltr'>ὁδον</span> <span class='ocrx_word' id='word_1_369' title='bbox 1755 1473 1961 1524; x_wconf 72' lang='grc' dir='ltr'>βαδίζωμεν.</span> <span class='ocrx_word' id='word_1_370' title='bbox 1984 1472 2110 1520; x_wconf 83' lang='grc' dir='ltr'>Ἀλλὰ,</span> <span class='ocrx_word' id='word_1_371' title='bbox 2139 1473 2355 1523; x_wconf 81' lang='grc' dir='ltr'>παρακαλῶ,</span> 
     </span>
     <span class='ocr_line' id='line_1_60' title="bbox 1328 1532 2355 1585; baseline -0.003 -13"><span class='ocrx_word' id='word_1_372' title='bbox 1328 1534 1376 1584; x_wconf 82' lang='grc' dir='ltr'>μὴ</span> <span class='ocrx_word' id='word_1_373' title='bbox 1399 1536 1468 1572; x_wconf 88' lang='grc' dir='ltr'>τῶν</span> <span class='ocrx_word' id='word_1_374' title='bbox 1485 1534 1709 1585; x_wconf 79' lang='grc' dir='ltr'>ἀγνωμόνων,</span> <span class='ocrx_word' id='word_1_375' title='bbox 1745 1537 1814 1571; x_wconf 86' lang='grc' dir='ltr'>τῶν</span> <span class='ocrx_word' id='word_1_376' title='bbox 1838 1534 2054 1580; x_wconf 76' lang='grc' dir='ltr'>ἀναισθήτων</span> <span class='ocrx_word' id='word_1_377' title='bbox 2083 1533 2220 1585; x_wconf 74' lang='grc' dir='ltr'>χείρους</span> <span class='ocrx_word' id='word_1_378' title='bbox 2247 1532 2355 1583; x_wconf 81' lang='grc' dir='ltr'>γενώ-</span> 
     </span>
     <span class='ocr_line' id='line_1_61' title="bbox 2239 1593 2246 1605; baseline 0 0"><span class='ocrx_word' id='word_1_379' title='bbox 2239 1593 2246 1605; x_wconf 48' lang='grc' dir='ltr'>ι</span> 
     </span>
    </p>
   </div>
   <div class='ocr_carea' id='block_1_11' title="bbox 1813 1593 1830 1614">
    <p class='ocr_par' dir='ltr' id='par_1_11' title="bbox 1813 1593 1830 1614">
     <span class='ocr_line' id='line_1_62' title="bbox 1813 1593 1830 1614; baseline 0 0"><span class='ocrx_word' id='word_1_380' title='bbox 1813 1593 1830 1614; x_wconf 86' lang='lat' dir='ltr'>b</span> 
     </span>
    </p>
   </div>
   <div class='ocr_carea' id='block_1_12' title="bbox 1329 1594 2355 1646">
    <p class='ocr_par' dir='ltr' id='par_1_12' title="bbox 1329 1594 2355 1646">
     <span class='ocr_line' id='line_1_63' title="bbox 1329 1594 2355 1646; baseline -0.001 -14"><span class='ocrx_word' id='word_1_381' title='bbox 1329 1597 1416 1632; x_wconf 76' lang='grc' dir='ltr'>μεθα</span> <span class='ocrx_word' id='word_1_382' title='bbox 1434 1595 1623 1632; x_wconf 63' lang='grc' dir='ltr'>Ἰουδαίων.</span> <span class='ocrx_word' id='word_1_383' title='bbox 1641 1596 1793 1633; x_wconf 75' lang='grc' dir='ltr'>Ἐκεῖνοι</span> <span class='ocrx_word' id='word_1_384' title='bbox 1841 1594 1904 1644; x_wconf 82' lang='grc' dir='ltr'>μὲν</span> <span class='ocrx_word' id='word_1_385' title='bbox 1920 1594 1987 1645; x_wconf 74' lang='grc' dir='ltr'>γὰρ</span> <span class='ocrx_word' id='word_1_386' title='bbox 2015 1595 2196 1646; x_wconf 69' lang='grc' dir='ltr'>δεχόμενοι</span> <span class='ocrx_word' id='word_1_387' title='bbox 2216 1609 2255 1631; x_wconf 88' lang='grc' dir='ltr'>το</span> <span class='ocrx_word' id='word_1_388' title='bbox 2289 1609 2355 1639; x_wconf 86' lang='grc' dir='ltr'>ση-</span> 
     </span>
    </p>
   </div>
   <div class='ocr_carea' id='block_1_13' title="bbox 304 1654 2355 1713">
    <p class='ocr_par' dir='ltr' id='par_1_13' title="bbox 304 1654 2355 1713">
     <span class='ocr_line' id='line_1_64' title="bbox 304 1654 2355 1713; baseline -0.004 -14"><span class='ocrx_word' id='word_1_389' title='bbox 304 1662 530 1713; x_wconf 85' lang='lat' dir='ltr'>suscipientes</span> <span class='ocrx_word' id='word_1_390' title='bbox 569 1657 847 1697; x_wconf 87' lang='lat' dir='ltr'>circumcisionis</span> <span class='ocrx_word' id='word_1_391' title='bbox 883 1655 1128 1707; x_wconf 85' lang='lat' dir='ltr'>signaculum,</span> <span class='ocrx_word' id='word_1_392' title='bbox 1171 1655 1255 1693; x_wconf 88' lang='lat' dir='ltr'>satis</span> <span class='ocrx_word' id='word_1_393' title='bbox 1280 1662 1305 1690; x_wconf 84' lang='grc' dir='ltr'>Α</span> <span class='ocrx_word' id='word_1_394' title='bbox 1329 1662 1424 1705; x_wconf 87' lang='grc' dir='ltr'>μεῖον</span> <span class='ocrx_word' id='word_1_395' title='bbox 1447 1660 1547 1693; x_wconf 65' lang='grc' dir='ltr'>τοῦτο</span> <span class='ocrx_word' id='word_1_396' title='bbox 1576 1657 1638 1700; x_wconf 75' lang='grc' dir='ltr'>τῆς</span> <span class='ocrx_word' id='word_1_397' title='bbox 1666 1657 1876 1707; x_wconf 72' lang='grc' dir='ltr'>περιτομῆς,</span> <span class='ocrx_word' id='word_1_398' title='bbox 1907 1658 1999 1707; x_wconf 74' lang='grc' dir='ltr'>εἰχον</span> <span class='ocrx_word' id='word_1_399' title='bbox 2020 1655 2142 1700; x_wconf 76' lang='grc' dir='ltr'>ἱκανὴν</span> <span class='ocrx_word' id='word_1_400' title='bbox 2165 1654 2355 1706; x_wconf 62' lang='grc' dir='ltr'>ἀσφάλειαν</span> 
     </span>
    </p>
   </div>
   <div class='ocr_carea' id='block_1_14' title="bbox 302 1715 1258 2323">
    <p class='ocr_par' dir='ltr' id='par_1_14' title="bbox 302 1715 1258 2323">
     <span class='ocr_line' id='line_1_65' title="bbox 303 1715 1254 1770; baseline -0.007 -11"><span class='ocrx_word' id='word_1_401' title='bbox 303 1722 372 1760; x_wconf 80' lang='lat' dir='ltr'>sihi</span> <span class='ocrx_word' id='word_1_402' title='bbox 397 1721 568 1761; x_wconf 66' lang='lat' dir='ltr'>cavebant</span> <span class='ocrx_word' id='word_1_403' title='bbox 579 1750 590 1770; x_wconf 87' lang='lat'>,</span> <span class='ocrx_word' id='word_1_404' title='bbox 610 1734 653 1757; x_wconf 92' lang='lat' dir='ltr'>ne</span> <span class='ocrx_word' id='word_1_405' title='bbox 672 1719 763 1756; x_wconf 90' lang='lat' dir='ltr'>ultra</span> <span class='ocrx_word' id='word_1_406' title='bbox 786 1732 867 1755; x_wconf 91' lang='lat' dir='ltr'>cum</span> <span class='ocrx_word' id='word_1_407' title='bbox 887 1716 1050 1768; x_wconf 89' lang='lat' dir='ltr'>gentibus</span> <span class='ocrx_word' id='word_1_408' title='bbox 1069 1729 1105 1753; x_wconf 90' lang='lat' dir='ltr'>se</span> <span class='ocrx_word' id='word_1_409' title='bbox 1124 1715 1254 1753; x_wconf 88' lang='lat' dir='ltr'>misce-</span> 
     </span>
     <span class='ocr_line' id='line_1_66' title="bbox 302 1776 1254 1833; baseline -0.008 -13"><span class='ocrx_word' id='word_1_410' title='bbox 302 1791 390 1830; x_wconf 83' lang='lat' dir='ltr'>rent,</span> <span class='ocrx_word' id='word_1_411' title='bbox 398 1791 571 1833; x_wconf 87' lang='lat' dir='ltr'>quantum</span> <span class='ocrx_word' id='word_1_412' title='bbox 581 1779 627 1818; x_wconf 88' lang='lat' dir='ltr'>ad</span> <span class='ocrx_word' id='word_1_413' title='bbox 639 1777 895 1817; x_wconf 83' lang='lat' dir='ltr'>communionis</span> <span class='ocrx_word' id='word_1_414' title='bbox 906 1777 1077 1814; x_wconf 82' lang='lat' dir='ltr'>rationem</span> <span class='ocrx_word' id='word_1_415' title='bbox 1087 1776 1254 1828; x_wconf 86' lang='lat' dir='ltr'>pertinet:</span> 
     </span>
     <span class='ocr_line' id='line_1_67' title="bbox 303 1837 1256 1893; baseline -0.006 -13"><span class='ocrx_word' id='word_1_416' title='bbox 303 1852 474 1893; x_wconf 89' lang='lat' dir='ltr'>quantum</span> <span class='ocrx_word' id='word_1_417' title='bbox 489 1851 609 1880; x_wconf 84' lang='lat' dir='ltr'>autem</span> <span class='ocrx_word' id='word_1_418' title='bbox 623 1838 669 1879; x_wconf 88' lang='lat' dir='ltr'>ad</span> <span class='ocrx_word' id='word_1_419' title='bbox 683 1840 917 1892; x_wconf 71' lang='lat' dir='ltr'>impietatem,</span> <span class='ocrx_word' id='word_1_420' title='bbox 929 1851 1022 1890; x_wconf 86' lang='lat' dir='ltr'>saepe</span> <span class='ocrx_word' id='word_1_421' title='bbox 1034 1837 1116 1875; x_wconf 88' lang='lat' dir='ltr'>illos</span> <span class='ocrx_word' id='word_1_422' title='bbox 1126 1837 1256 1888; x_wconf 84' lang='lat' dir='ltr'>ingrati</span> 
     </span>
     <span class='ocr_line' id='line_1_68' title="bbox 304 1898 1255 1956; baseline -0.006 -14"><span class='ocrx_word' id='word_1_423' title='bbox 304 1904 527 1956; x_wconf 83' lang='lat' dir='ltr'>superabant.</span> <span class='ocrx_word' id='word_1_424' title='bbox 564 1904 639 1941; x_wconf 88' lang='lat' dir='ltr'>Nos</span> <span class='ocrx_word' id='word_1_425' title='bbox 671 1916 756 1941; x_wconf 75' lang='lat' dir='ltr'>vero</span> <span class='ocrx_word' id='word_1_426' title='bbox 786 1915 869 1939; x_wconf 93' lang='lat' dir='ltr'>cum</span> <span class='ocrx_word' id='word_1_427' title='bbox 897 1899 1004 1938; x_wconf 85' lang='lat' dir='ltr'>semel</span> <span class='ocrx_word' id='word_1_428' title='bbox 1033 1898 1255 1951; x_wconf 86' lang='lat' dir='ltr'>suscepimus</span> 
     </span>
     <span class='ocr_line' id='line_1_69' title="bbox 302 1963 1257 2018; baseline -0.007 -15"><span class='ocrx_word' id='word_1_429' title='bbox 302 1965 473 2018; x_wconf 85' lang='lat' dir='ltr'>baptismi</span> <span class='ocrx_word' id='word_1_430' title='bbox 494 1963 818 2011; x_wconf 87' lang='lat' dir='ltr'>circumcisionem,</span> <span class='ocrx_word' id='word_1_431' title='bbox 839 1969 939 1999; x_wconf 87' lang='lat' dir='ltr'>caute</span> <span class='ocrx_word' id='word_1_432' title='bbox 970 1969 1114 2010; x_wconf 83' lang='lat' dir='ltr'>tuteque</span> <span class='ocrx_word' id='word_1_433' title='bbox 1138 1969 1257 1997; x_wconf 87' lang='lat' dir='ltr'>nostra</span> 
     </span>
     <span class='ocr_line' id='line_1_70' title="bbox 305 2021 1257 2078; baseline -0.006 -14"><span class='ocrx_word' id='word_1_434' title='bbox 305 2026 560 2078; x_wconf 86' lang='lat' dir='ltr'>dispensemus.</span> <span class='ocrx_word' id='word_1_435' title='bbox 581 2026 661 2063; x_wconf 78' lang='lat' dir='ltr'>Non</span> <span class='ocrx_word' id='word_1_436' title='bbox 679 2023 834 2062; x_wconf 69' lang='lat' dir='ltr'>dixerim</span> <span class='ocrx_word' id='word_1_437' title='bbox 854 2036 923 2059; x_wconf 92' lang='lat' dir='ltr'>non</span> <span class='ocrx_word' id='word_1_438' title='bbox 938 2021 1045 2059; x_wconf 84' lang='lat' dir='ltr'>licere</span> <span class='ocrx_word' id='word_1_439' title='bbox 1061 2021 1164 2058; x_wconf 79' lang='lat' dir='ltr'>nobis</span> <span class='ocrx_word' id='word_1_440' title='bbox 1178 2035 1257 2059; x_wconf 69' lang='lat' dir='ltr'>ver-</span> 
     </span>
     <span class='ocr_line' id='line_1_71' title="bbox 307 2081 1258 2138; baseline -0.006 -13"><span class='ocrx_word' id='word_1_441' title='bbox 307 2087 378 2126; x_wconf 89' lang='lat' dir='ltr'>sari</span> <span class='ocrx_word' id='word_1_442' title='bbox 405 2088 495 2125; x_wconf 89' lang='lat' dir='ltr'>inter</span> <span class='ocrx_word' id='word_1_443' title='bbox 525 2096 667 2138; x_wconf 86' lang='lat' dir='ltr'>gentes:</span> <span class='ocrx_word' id='word_1_444' title='bbox 685 2084 745 2124; x_wconf 87' lang='lat' dir='ltr'>scd</span> <span class='ocrx_word' id='word_1_445' title='bbox 772 2084 808 2122; x_wconf 91' lang='lat' dir='ltr'>in</span> <span class='ocrx_word' id='word_1_446' title='bbox 835 2083 978 2136; x_wconf 86' lang='lat' dir='ltr'>propria</span> <span class='ocrx_word' id='word_1_447' title='bbox 1007 2081 1108 2119; x_wconf 83' lang='lat' dir='ltr'>nobis</span> <span class='ocrx_word' id='word_1_448' title='bbox 1125 2081 1258 2120; x_wconf 88' lang='lat' dir='ltr'>virtute</span> 
     </span>
     <span class='ocr_line' id='line_1_72' title="bbox 309 2143 1257 2199; baseline -0.006 -12"><span class='ocrx_word' id='word_1_449' title='bbox 309 2158 509 2199; x_wconf 81' lang='lat' dir='ltr'>manentes,</span> <span class='ocrx_word' id='word_1_450' title='bbox 532 2149 579 2185; x_wconf 89' lang='lat' dir='ltr'>ita</span> <span class='ocrx_word' id='word_1_451' title='bbox 607 2161 688 2185; x_wconf 90' lang='lat' dir='ltr'>cum</span> <span class='ocrx_word' id='word_1_452' title='bbox 720 2145 791 2183; x_wconf 90' lang='lat' dir='ltr'>illis</span> <span class='ocrx_word' id='word_1_453' title='bbox 818 2143 1133 2191; x_wconf 85' lang='lat' dir='ltr'>commisceamur,</span> <span class='ocrx_word' id='word_1_454' title='bbox 1153 2151 1192 2179; x_wconf 93' lang='lat' dir='ltr'>ut</span> <span class='ocrx_word' id='word_1_455' title='bbox 1211 2143 1257 2181; x_wconf 90' lang='lat' dir='ltr'>ad</span> 
     </span>
     <span class='ocr_line' id='line_1_73' title="bbox 307 2203 1256 2262; baseline -0.006 -17"><span class='ocrx_word' id='word_1_456' title='bbox 307 2210 404 2262; x_wconf 86' lang='lat' dir='ltr'>piam</span> <span class='ocrx_word' id='word_1_457' title='bbox 422 2223 480 2247; x_wconf 86' lang='lat' dir='ltr'>eos</span> <span class='ocrx_word' id='word_1_458' title='bbox 498 2208 743 2261; x_wconf 84' lang='lat' dir='ltr'>pertrahamus</span> <span class='ocrx_word' id='word_1_459' title='bbox 771 2205 990 2256; x_wconf 85' lang='lat' dir='ltr'>religionem,</span> <span class='ocrx_word' id='word_1_460' title='bbox 1009 2217 1048 2240; x_wconf 88' lang='lat' dir='ltr'>ac</span> <span class='ocrx_word' id='word_1_461' title='bbox 1068 2217 1130 2255; x_wconf 86' lang='lat' dir='ltr'>per</span> <span class='ocrx_word' id='word_1_462' title='bbox 1146 2203 1256 2241; x_wconf 89' lang='lat' dir='ltr'>bono-</span> 
     </span>
     <span class='ocr_line' id='line_1_74' title="bbox 308 2263 1256 2323; baseline -0.008 -14"><span class='ocrx_word' id='word_1_463' title='bbox 308 2286 387 2309; x_wconf 89' lang='lat' dir='ltr'>rum</span> <span class='ocrx_word' id='word_1_464' title='bbox 416 2284 563 2323; x_wconf 87' lang='lat' dir='ltr'>operum</span> <span class='ocrx_word' id='word_1_465' title='bbox 591 2267 796 2319; x_wconf 75' lang='lat' dir='ltr'>exemplum</span> <span class='ocrx_word' id='word_1_466' title='bbox 820 2265 990 2303; x_wconf 78' lang='lat' dir='ltr'>doctrinae</span> <span class='ocrx_word' id='word_1_467' title='bbox 1021 2263 1070 2301; x_wconf 87' lang='lat' dir='ltr'>eis</span> <span class='ocrx_word' id='word_1_468' title='bbox 1095 2273 1256 2301; x_wconf 88' lang='lat' dir='ltr'>auctores</span> 
     </span>
    </p>
   </div>
   <div class='ocr_carea' id='block_1_15' title="bbox 307 2325 1302 2371">
    <p class='ocr_par' dir='ltr' id='par_1_15' title="bbox 307 2325 1302 2371">
     <span class='ocr_line' id='line_1_75' title="bbox 307 2325 1302 2371; baseline -0.01 0"><span class='ocrx_word' id='word_1_469' title='bbox 307 2334 427 2371; x_wconf 75' lang='lat' dir='ltr'>simus.</span> <span class='ocrx_word' id='word_1_470' title='bbox 458 2332 509 2370; x_wconf 85' lang='lat' dir='ltr'>Ea</span> <span class='ocrx_word' id='word_1_471' title='bbox 544 2330 638 2369; x_wconf 91' lang='lat' dir='ltr'>enim</span> <span class='ocrx_word' id='word_1_472' title='bbox 661 2329 706 2367; x_wconf 88' lang='lat' dir='ltr'>de</span> <span class='ocrx_word' id='word_1_473' title='bbox 737 2342 840 2366; x_wconf 86' lang='lat' dir='ltr'>causa</span> <span class='ocrx_word' id='word_1_474' title='bbox 873 2325 1072 2364; x_wconf 90' lang='lat' dir='ltr'>communis</span> <span class='ocrx_word' id='word_1_475' title='bbox 1095 2325 1254 2363; x_wconf 89' lang='lat' dir='ltr'>omnium</span> <span class='ocrx_word' id='word_1_476' title='bbox 1280 2326 1302 2355; x_wconf 86' lang='grc' dir='ltr'><strong>Β</strong></span> 
     </span>
    </p>
   </div>
   <div class='ocr_carea' id='block_1_16' title="bbox 296 2386 1293 3239">
    <p class='ocr_par' dir='ltr' id='par_1_16' title="bbox 296 2386 1293 3239">
     <span class='ocr_line' id='line_1_76' title="bbox 306 2386 1254 2444; baseline -0.008 -13"><span class='ocrx_word' id='word_1_477' title='bbox 306 2394 481 2432; x_wconf 86' lang='lat' dir='ltr'>Dominus</span> <span class='ocrx_word' id='word_1_478' title='bbox 495 2391 656 2444; x_wconf 86' lang='lat' dir='ltr'>permisit</span> <span class='ocrx_word' id='word_1_479' title='bbox 678 2389 784 2428; x_wconf 90' lang='lat' dir='ltr'>simul</span> <span class='ocrx_word' id='word_1_480' title='bbox 803 2387 938 2427; x_wconf 68' lang='lat' dir='ltr'>versari</span> <span class='ocrx_word' id='word_1_481' title='bbox 953 2387 1064 2424; x_wconf 85' lang='lat' dir='ltr'>bonos</span> <span class='ocrx_word' id='word_1_482' title='bbox 1080 2395 1110 2424; x_wconf 83' lang='lat' dir='ltr'>et</span> <span class='ocrx_word' id='word_1_483' title='bbox 1131 2386 1254 2435; x_wconf 81' lang='lat' dir='ltr'>malos,</span> 
     </span>
     <span class='ocr_line' id='line_1_77' title="bbox 306 2447 1255 2507; baseline -0.006 -16"><span class='ocrx_word' id='word_1_484' title='bbox 306 2455 382 2507; x_wconf 86' lang='lat' dir='ltr'>pios</span> <span class='ocrx_word' id='word_1_485' title='bbox 400 2463 432 2492; x_wconf 92' lang='lat' dir='ltr'>et</span> <span class='ocrx_word' id='word_1_486' title='bbox 465 2453 611 2504; x_wconf 83' lang='lat' dir='ltr'>impios,</span> <span class='ocrx_word' id='word_1_487' title='bbox 639 2460 678 2488; x_wconf 90' lang='lat' dir='ltr'>ut</span> <span class='ocrx_word' id='word_1_488' title='bbox 704 2449 789 2488; x_wconf 89' lang='lat' dir='ltr'>boni</span> <span class='ocrx_word' id='word_1_489' title='bbox 815 2447 1040 2486; x_wconf 86' lang='lat' dir='ltr'>lucrifaciant</span> <span class='ocrx_word' id='word_1_490' title='bbox 1072 2447 1201 2496; x_wconf 87' lang='lat' dir='ltr'>malos,</span> <span class='ocrx_word' id='word_1_491' title='bbox 1222 2456 1255 2486; x_wconf 93' lang='lat' dir='ltr'>et</span> 
     </span>
     <span class='ocr_line' id='line_1_78' title="bbox 305 2506 1255 2566; baseline -0.007 -15"><span class='ocrx_word' id='word_1_492' title='bbox 305 2515 365 2566; x_wconf 86' lang='lat' dir='ltr'>qui</span> <span class='ocrx_word' id='word_1_493' title='bbox 382 2515 416 2552; x_wconf 89' lang='lat' dir='ltr'>in</span> <span class='ocrx_word' id='word_1_494' title='bbox 437 2513 574 2551; x_wconf 87' lang='lat' dir='ltr'>malitia</span> <span class='ocrx_word' id='word_1_495' title='bbox 589 2511 708 2549; x_wconf 89' lang='lat' dir='ltr'>adhue</span> <span class='ocrx_word' id='word_1_496' title='bbox 725 2509 928 2548; x_wconf 87' lang='lat' dir='ltr'>detinentur</span> <span class='ocrx_word' id='word_1_497' title='bbox 941 2539 950 2557; x_wconf 92' lang='lat'>,</span> <span class='ocrx_word' id='word_1_498' title='bbox 971 2506 1255 2546; x_wconf 87' lang='lat' dir='ltr'>manuducantur</span> 
     </span>
     <span class='ocr_line' id='line_1_79' title="bbox 304 2568 1256 2628; baseline -0.006 -16"><span class='ocrx_word' id='word_1_499' title='bbox 304 2575 349 2613; x_wconf 80' lang='lat' dir='ltr'>ad</span> <span class='ocrx_word' id='word_1_500' title='bbox 380 2576 557 2628; x_wconf 85' lang='lat' dir='ltr'>pietatem.</span> <span class='ocrx_word' id='word_1_501' title='bbox 589 2572 689 2611; x_wconf 62' lang='lat' dir='ltr'>Nihil</span> <span class='ocrx_word' id='word_1_502' title='bbox 722 2571 816 2610; x_wconf 89' lang='lat' dir='ltr'>enim</span> <span class='ocrx_word' id='word_1_503' title='bbox 851 2569 938 2608; x_wconf 84' lang='lat' dir='ltr'>adeo</span> <span class='ocrx_word' id='word_1_504' title='bbox 964 2568 1121 2607; x_wconf 88' lang='lat' dir='ltr'>studiose</span> <span class='ocrx_word' id='word_1_505' title='bbox 1157 2579 1256 2607; x_wconf 85' lang='lat' dir='ltr'>curat</span> 
     </span>
     <span class='ocr_line' id='line_1_80' title="bbox 306 2630 1254 2686; baseline -0.008 -10"><span class='ocrx_word' id='word_1_506' title='bbox 306 2640 419 2686; x_wconf 85' lang='lat' dir='ltr'>Deus,</span> <span class='ocrx_word' id='word_1_507' title='bbox 439 2647 478 2675; x_wconf 88' lang='lat' dir='ltr'>ut</span> <span class='ocrx_word' id='word_1_508' title='bbox 499 2637 647 2675; x_wconf 88' lang='lat' dir='ltr'>salutem</span> <span class='ocrx_word' id='word_1_509' title='bbox 677 2635 887 2672; x_wconf 88' lang='lat' dir='ltr'>animarum.</span> <span class='ocrx_word' id='word_1_510' title='bbox 908 2630 1062 2670; x_wconf 91' lang='lat' dir='ltr'>Proinde</span> <span class='ocrx_word' id='word_1_511' title='bbox 1088 2631 1254 2682; x_wconf 81' lang='lat' dir='ltr'>obsecro,</span> 
     </span>
     <span class='ocr_line' id='line_1_81' title="bbox 304 2691 1251 2749; baseline -0.008 -12"><span class='ocrx_word' id='word_1_512' title='bbox 304 2714 346 2737; x_wconf 90' lang='lat' dir='ltr'>ne</span> <span class='ocrx_word' id='word_1_513' title='bbox 365 2713 486 2737; x_wconf 89' lang='lat' dir='ltr'>curam</span> <span class='ocrx_word' id='word_1_514' title='bbox 510 2698 720 2749; x_wconf 83' lang='lat' dir='ltr'>abjiciamus</span> <span class='ocrx_word' id='word_1_515' title='bbox 746 2708 858 2746; x_wconf 88' lang='lat' dir='ltr'>neque</span> <span class='ocrx_word' id='word_1_516' title='bbox 883 2692 1010 2744; x_wconf 86' lang='lat' dir='ltr'>nostri,</span> <span class='ocrx_word' id='word_1_517' title='bbox 1033 2706 1145 2744; x_wconf 91' lang='lat' dir='ltr'>neque</span> <span class='ocrx_word' id='word_1_518' title='bbox 1163 2691 1251 2730; x_wconf 87' lang='lat' dir='ltr'>alio-</span> 
     </span>
     <span class='ocr_line' id='line_1_82' title="bbox 302 2753 1252 2806; baseline -0.007 -9"><span class='ocrx_word' id='word_1_519' title='bbox 302 2775 394 2798; x_wconf 85' lang='lat' dir='ltr'>rum.</span> <span class='ocrx_word' id='word_1_520' title='bbox 427 2760 608 2806; x_wconf 82' lang='lat' dir='ltr'>Quantum</span> <span class='ocrx_word' id='word_1_521' title='bbox 636 2758 681 2796; x_wconf 86' lang='lat' dir='ltr'>ad</span> <span class='ocrx_word' id='word_1_522' title='bbox 711 2771 772 2795; x_wconf 88' lang='lat' dir='ltr'>nos</span> <span class='ocrx_word' id='word_1_523' title='bbox 790 2755 928 2806; x_wconf 83' lang='lat' dir='ltr'>attinet,</span> <span class='ocrx_word' id='word_1_524' title='bbox 948 2754 998 2792; x_wconf 90' lang='lat' dir='ltr'>ita</span> <span class='ocrx_word' id='word_1_525' title='bbox 1026 2753 1252 2792; x_wconf 89' lang='lat' dir='ltr'>instituamus</span> 
     </span>
     <span class='ocr_line' id='line_1_83' title="bbox 302 2819 1250 2871; baseline -0.007 -12"><span class='ocrx_word' id='word_1_526' title='bbox 302 2822 433 2869; x_wconf 80' lang='lat' dir='ltr'>vitam,</span> <span class='ocrx_word' id='word_1_527' title='bbox 464 2830 503 2859; x_wconf 88' lang='lat' dir='ltr'>ut</span> <span class='ocrx_word' id='word_1_528' title='bbox 533 2822 608 2858; x_wconf 87' lang='lat' dir='ltr'>Deo</span> <span class='ocrx_word' id='word_1_529' title='bbox 637 2819 808 2871; x_wconf 88' lang='lat' dir='ltr'>placitum</span> <span class='ocrx_word' id='word_1_530' title='bbox 841 2824 1106 2867; x_wconf 80' lang='lat' dir='ltr'>cstzquantum</span> <span class='ocrx_word' id='word_1_531' title='bbox 1133 2823 1250 2853; x_wconf 87' lang='lat' dir='ltr'>autem</span> 
     </span>
     <span class='ocr_line' id='line_1_84' title="bbox 301 2876 1249 2934; baseline -0.007 -14"><span class='ocrx_word' id='word_1_532' title='bbox 301 2883 347 2920; x_wconf 90' lang='lat' dir='ltr'>ad</span> <span class='ocrx_word' id='word_1_533' title='bbox 363 2882 580 2934; x_wconf 77' lang='lat' dir='ltr'>proximum,</span> <span class='ocrx_word' id='word_1_534' title='bbox 600 2881 649 2919; x_wconf 92' lang='lat' dir='ltr'>sic</span> <span class='ocrx_word' id='word_1_535' title='bbox 668 2881 847 2918; x_wconf 87' lang='lat' dir='ltr'>luceamus</span> <span class='ocrx_word' id='word_1_536' title='bbox 862 2877 1067 2926; x_wconf 87' lang='lat' dir='ltr'>virtutibus,</span> <span class='ocrx_word' id='word_1_537' title='bbox 1086 2885 1126 2914; x_wconf 89' lang='lat' dir='ltr'>ut</span> <span class='ocrx_word' id='word_1_538' title='bbox 1143 2876 1249 2914; x_wconf 90' lang='lat' dir='ltr'>etiam</span> 
     </span>
     <span class='ocr_line' id='line_1_85' title="bbox 300 2936 1247 2991; baseline -0.006 -11"><span class='ocrx_word' id='word_1_539' title='bbox 300 2943 486 2981; x_wconf 85' lang='lat' dir='ltr'>silentibus</span> <span class='ocrx_word' id='word_1_540' title='bbox 504 2941 618 2988; x_wconf 86' lang='lat' dir='ltr'>nobis,</span> <span class='ocrx_word' id='word_1_541' title='bbox 644 2955 764 2979; x_wconf 90' lang='lat' dir='ltr'>omnes</span> <span class='ocrx_word' id='word_1_542' title='bbox 785 2947 957 2991; x_wconf 83' lang='lat' dir='ltr'>quotquot</span> <span class='ocrx_word' id='word_1_543' title='bbox 976 2952 1038 2977; x_wconf 91' lang='lat' dir='ltr'>nos</span> <span class='ocrx_word' id='word_1_544' title='bbox 1053 2936 1175 2976; x_wconf 83' lang='lat' dir='ltr'>vident</span> <span class='ocrx_word' id='word_1_545' title='bbox 1193 2951 1247 2975; x_wconf 85' lang='lat' dir='ltr'>sa-</span> 
     </span>
     <span class='ocr_line' id='line_1_86' title="bbox 300 2997 1245 3051; baseline -0.006 -10"><span class='ocrx_word' id='word_1_546' title='bbox 300 3005 345 3042; x_wconf 90' lang='lat' dir='ltr'>tis</span> <span class='ocrx_word' id='word_1_547' title='bbox 363 3004 565 3041; x_wconf 86' lang='lat' dir='ltr'>doceantur.</span> <span class='ocrx_word' id='word_1_548' title='bbox 596 3003 688 3040; x_wconf 74' lang='lat' dir='ltr'>Nam</span> <span class='ocrx_word' id='word_1_549' title='bbox 716 3002 807 3040; x_wconf 86' lang='lat' dir='ltr'>sicut</span> <span class='ocrx_word' id='word_1_550' title='bbox 833 3001 862 3039; x_wconf 91' lang='lat' dir='ltr'>si</span> <span class='ocrx_word' id='word_1_551' title='bbox 880 3000 1011 3039; x_wconf 80' lang='lat' dir='ltr'>virtute</span> <span class='ocrx_word' id='word_1_552' title='bbox 1042 2997 1179 3051; x_wconf 83' lang='lat' dir='ltr'>praediti</span> <span class='ocrx_word' id='word_1_553' title='bbox 1199 2998 1245 3036; x_wconf 87' lang='lat' dir='ltr'>si-</span> 
     </span>
     <span class='ocr_line' id='line_1_87' title="bbox 298 3058 1246 3115; baseline -0.006 -13"><span class='ocrx_word' id='word_1_554' title='bbox 298 3079 395 3113; x_wconf 84' lang='lat' dir='ltr'>mus,</span> <span class='ocrx_word' id='word_1_555' title='bbox 417 3064 570 3101; x_wconf 71' lang='lat' dir='ltr'>maxima</span> <span class='ocrx_word' id='word_1_556' title='bbox 589 3072 621 3101; x_wconf 89' lang='lat' dir='ltr'>ct</span> <span class='ocrx_word' id='word_1_557' title='bbox 643 3063 708 3115; x_wconf 87' lang='lat' dir='ltr'>ipsi</span> <span class='ocrx_word' id='word_1_558' title='bbox 729 3061 963 3110; x_wconf 87' lang='lat' dir='ltr'>lucrabimur,</span> <span class='ocrx_word' id='word_1_559' title='bbox 988 3069 1022 3098; x_wconf 86' lang='lat' dir='ltr'>ct</span> <span class='ocrx_word' id='word_1_560' title='bbox 1040 3058 1246 3097; x_wconf 82' lang='lat' dir='ltr'>infidelibus</span> 
     </span>
     <span class='ocr_line' id='line_1_88' title="bbox 299 3119 1293 3175; baseline -0.004 -14"><span class='ocrx_word' id='word_1_561' title='bbox 299 3125 376 3163; x_wconf 88' lang='lat' dir='ltr'>usui</span> <span class='ocrx_word' id='word_1_562' title='bbox 396 3125 528 3162; x_wconf 85' lang='lat' dir='ltr'>crimus</span> <span class='ocrx_word' id='word_1_563' title='bbox 546 3141 553 3160; x_wconf 92' lang='lat'>:</span> <span class='ocrx_word' id='word_1_564' title='bbox 571 3124 618 3161; x_wconf 86' lang='lat' dir='ltr'>ita</span> <span class='ocrx_word' id='word_1_565' title='bbox 638 3124 665 3161; x_wconf 91' lang='lat' dir='ltr'>si</span> <span class='ocrx_word' id='word_1_566' title='bbox 683 3123 898 3175; x_wconf 82' lang='lat' dir='ltr'>negligentes</span> <span class='ocrx_word' id='word_1_567' title='bbox 915 3121 1105 3170; x_wconf 80' lang='lat' dir='ltr'>fuerimus,</span> <span class='ocrx_word' id='word_1_568' title='bbox 1125 3129 1158 3158; x_wconf 91' lang='lat' dir='ltr'>et</span> <span class='ocrx_word' id='word_1_569' title='bbox 1176 3119 1244 3172; x_wconf 86' lang='lat' dir='ltr'>ipsi</span> <span class='ocrx_word' id='word_1_570' title='bbox 1270 3126 1293 3157; x_wconf 91' lang='lat' dir='ltr'>C</span> 
     </span>
     <span class='ocr_line' id='line_1_89' title="bbox 296 3181 1245 3239; baseline -0.004 -15"><span class='ocrx_word' id='word_1_571' title='bbox 296 3201 461 3239; x_wconf 80' lang='lat' dir='ltr'>magnam</span> <span class='ocrx_word' id='word_1_572' title='bbox 483 3186 634 3223; x_wconf 82' lang='lat' dir='ltr'>feremus</span> <span class='ocrx_word' id='word_1_573' title='bbox 662 3198 818 3236; x_wconf 82' lang='lat' dir='ltr'>poenam,</span> <span class='ocrx_word' id='word_1_574' title='bbox 847 3192 880 3223; x_wconf 90' lang='lat' dir='ltr'>et</span> <span class='ocrx_word' id='word_1_575' title='bbox 896 3183 976 3222; x_wconf 86' lang='lat' dir='ltr'>aliis</span> <span class='ocrx_word' id='word_1_576' title='bbox 991 3181 1127 3223; x_wconf 80' lang='lat' dir='ltr'>occasio</span> <span class='ocrx_word' id='word_1_577' title='bbox 1145 3195 1245 3221; x_wconf 79' lang='lat' dir='ltr'>scan-</span> 
     </span>
    </p>
   </div>
   <div class='ocr_carea' id='block_1_17' title="bbox 339 3307 780 3352">
    <p class='ocr_par' dir='ltr' id='par_1_17' title="bbox 339 3307 780 3352">
     <span class='ocr_line' id='line_1_90' title="bbox 339 3307 780 3352; baseline -0.014 -8"><span class='ocrx_word' id='word_1_578' title='bbox 339 3313 353 3335; x_wconf 61' lang='grc' dir='ltr'>Ι*</span> <span class='ocrx_word' id='word_1_579' title='bbox 378 3309 535 3352; x_wconf 85' lang='lat' dir='ltr'>[Coislin.</span> <span class='ocrx_word' id='word_1_580' title='bbox 555 3307 680 3341; x_wconf 78' lang='lat' dir='ltr'>omittit</span> <span class='ocrx_word' id='word_1_581' title='bbox 698 3308 780 3349; x_wconf 42' lang='lat' dir='ltr'>saiw]</span> 
     </span>
    </p>
   </div>
   <div class='ocr_carea' id='block_1_18' title="bbox 1319 1714 2357 3229">
    <p class='ocr_par' dir='ltr' id='par_1_18' title="bbox 1319 1714 2357 3229">
     <span class='ocr_line' id='line_1_91' title="bbox 1327 1714 2357 1766; baseline -0.001 -14"><span class='ocrx_word' id='word_1_582' title='bbox 1327 1716 1412 1766; x_wconf 80' lang='grc' dir='ltr'>πρὸς</span> <span class='ocrx_word' id='word_1_583' title='bbox 1427 1716 1466 1754; x_wconf 82' lang='grc' dir='ltr'>τὸ</span> <span class='ocrx_word' id='word_1_584' title='bbox 1483 1715 1610 1766; x_wconf 80' lang='grc' dir='ltr'>μηκέτι</span> <span class='ocrx_word' id='word_1_585' title='bbox 1635 1715 1952 1766; x_wconf 78' lang='grc' dir='ltr'>συναναμίγνυσθαι</span> <span class='ocrx_word' id='word_1_586' title='bbox 1972 1721 2042 1758; x_wconf 89' lang='grc' dir='ltr'>τοῖς</span> <span class='ocrx_word' id='word_1_587' title='bbox 2060 1714 2172 1753; x_wconf 80' lang='grc' dir='ltr'>ἔθνεσι</span> <span class='ocrx_word' id='word_1_588' title='bbox 2187 1714 2279 1752; x_wconf 79' lang='grc' dir='ltr'>κατὰ</span> <span class='ocrx_word' id='word_1_589' title='bbox 2297 1714 2357 1752; x_wconf 77' lang='grc' dir='ltr'>τὸν</span> 
     </span>
     <span class='ocr_line' id='line_1_92' title="bbox 1327 1774 2353 1828; baseline -0.002 -15"><span class='ocrx_word' id='word_1_590' title='bbox 1327 1779 1389 1822; x_wconf 66' lang='grc' dir='ltr'>τῆς</span> <span class='ocrx_word' id='word_1_591' title='bbox 1407 1775 1586 1819; x_wconf 82' lang='grc' dir='ltr'>κοινωνίας</span> <span class='ocrx_word' id='word_1_592' title='bbox 1617 1776 1735 1827; x_wconf 83' lang='grc' dir='ltr'>λόγον·</span> <span class='ocrx_word' id='word_1_593' title='bbox 1754 1776 1845 1814; x_wconf 77' lang='grc' dir='ltr'>κατὰ</span> <span class='ocrx_word' id='word_1_594' title='bbox 1866 1776 1932 1828; x_wconf 72' lang='grc' dir='ltr'>γὰρ</span> <span class='ocrx_word' id='word_1_595' title='bbox 1953 1775 2016 1822; x_wconf 78' lang='grc' dir='ltr'>τὴν</span> <span class='ocrx_word' id='word_1_596' title='bbox 2040 1774 2202 1813; x_wconf 67' lang='grc' dir='ltr'>ἀσέὸειαν</span> <span class='ocrx_word' id='word_1_597' title='bbox 2218 1774 2353 1812; x_wconf 80' lang='grc' dir='ltr'>πολλοί-</span> 
     </span>
     <span class='ocr_line' id='line_1_93' title="bbox 1327 1835 2356 1890; baseline -0.003 -14"><span class='ocrx_word' id='word_1_598' title='bbox 1327 1854 1379 1881; x_wconf 86' lang='grc' dir='ltr'>κις</span> <span class='ocrx_word' id='word_1_599' title='bbox 1405 1838 1528 1882; x_wconf 74' lang='grc' dir='ltr'>αὐτοὺς</span> <span class='ocrx_word' id='word_1_600' title='bbox 1546 1842 1560 1858; x_wconf 76' lang='lat'>³</span> <span class='ocrx_word' id='word_1_601' title='bbox 1578 1838 1637 1876; x_wconf 78' lang='grc' dir='ltr'>καὶ</span> <span class='ocrx_word' id='word_1_602' title='bbox 1661 1838 1938 1890; x_wconf 81' lang='grc' dir='ltr'>ὕπερηκόντισαν</span> <span class='ocrx_word' id='word_1_603' title='bbox 1954 1836 2153 1889; x_wconf 77' lang='grc' dir='ltr'>ἀγνώμονες</span> <span class='ocrx_word' id='word_1_604' title='bbox 2166 1835 2356 1887; x_wconf 81' lang='grc' dir='ltr'>γεγονότες.</span> 
     </span>
     <span class='ocr_line' id='line_1_94' title="bbox 1327 1895 2356 1950; baseline -0.002 -14"><span class='ocrx_word' id='word_1_605' title='bbox 1327 1898 1418 1937; x_wconf 80' lang='grc' dir='ltr'>Ἀλλ’</span> <span class='ocrx_word' id='word_1_606' title='bbox 1435 1902 1537 1949; x_wconf 77' lang='grc' dir='ltr'>ἡμεῖς</span> <span class='ocrx_word' id='word_1_607' title='bbox 1558 1898 1650 1943; x_wconf 81' lang='grc' dir='ltr'>ἅπαξ</span> <span class='ocrx_word' id='word_1_608' title='bbox 1671 1898 1854 1950; x_wconf 76' lang='grc' dir='ltr'>δεχόμενοι</span> <span class='ocrx_word' id='word_1_609' title='bbox 1874 1897 1937 1944; x_wconf 78' lang='grc' dir='ltr'>τὴν</span> <span class='ocrx_word' id='word_1_610' title='bbox 1957 1897 2014 1935; x_wconf 81' lang='grc' dir='ltr'>διὰ</span> <span class='ocrx_word' id='word_1_611' title='bbox 2034 1900 2093 1934; x_wconf 81' lang='grc' dir='ltr'>τοῦ</span> <span class='ocrx_word' id='word_1_612' title='bbox 2114 1895 2356 1947; x_wconf 79' lang='grc' dir='ltr'>βαπτίσματος</span> 
     </span>
     <span class='ocr_line' id='line_1_95' title="bbox 1325 1956 2356 2012; baseline -0.005 -14"><span class='ocrx_word' id='word_1_613' title='bbox 1325 1959 1532 2011; x_wconf 80' lang='grc' dir='ltr'>περιτομὴν,</span> <span class='ocrx_word' id='word_1_614' title='bbox 1561 1959 1649 2010; x_wconf 80' lang='grc' dir='ltr'>μετὰ</span> <span class='ocrx_word' id='word_1_615' title='bbox 1679 1958 1870 2012; x_wconf 64' lang='grc' dir='ltr'>ἀσφαλείας</span> <span class='ocrx_word' id='word_1_616' title='bbox 1893 1959 1937 1997; x_wconf 81' lang='grc' dir='ltr'>τὰ</span> <span class='ocrx_word' id='word_1_617' title='bbox 1962 1961 2038 1997; x_wconf 89' lang='grc' dir='ltr'>καθ’</span> <span class='ocrx_word' id='word_1_618' title='bbox 2056 1956 2197 2000; x_wconf 81' lang='grc' dir='ltr'>ἑαυτοὺς</span> <span class='ocrx_word' id='word_1_619' title='bbox 2223 1958 2356 1994; x_wconf 83' lang='grc' dir='ltr'>οἰκονο-</span> 
     </span>
     <span class='ocr_line' id='line_1_96' title="bbox 1327 2018 2357 2071; baseline -0.003 -13"><span class='ocrx_word' id='word_1_620' title='bbox 1327 2020 1508 2071; x_wconf 81' lang='grc' dir='ltr'>μήσωμεν.</span> <span class='ocrx_word' id='word_1_621' title='bbox 1537 2023 1590 2059; x_wconf 82' lang='grc' dir='ltr'>Οὐ</span> <span class='ocrx_word' id='word_1_622' title='bbox 1617 2020 1710 2071; x_wconf 79' lang='grc' dir='ltr'>λέγω</span> <span class='ocrx_word' id='word_1_623' title='bbox 1728 2021 1785 2057; x_wconf 78' lang='grc' dir='ltr'>ἵνα</span> <span class='ocrx_word' id='word_1_624' title='bbox 1816 2019 1864 2070; x_wconf 82' lang='grc' dir='ltr'>μὴ</span> <span class='ocrx_word' id='word_1_625' title='bbox 1898 2018 2256 2070; x_wconf 83' lang='grc' dir='ltr'>συναναμιγνυώμεθα</span> <span class='ocrx_word' id='word_1_626' title='bbox 2286 2023 2357 2060; x_wconf 90' lang='grc' dir='ltr'>τοῖς</span> 
     </span>
     <span class='ocr_line' id='line_1_97' title="bbox 1326 2078 2356 2131; baseline -0.001 -14"><span class='ocrx_word' id='word_1_627' title='bbox 1326 2080 1468 2129; x_wconf 85' lang='grc' dir='ltr'>ἔθνεσιν,</span> <span class='ocrx_word' id='word_1_628' title='bbox 1486 2083 1562 2119; x_wconf 79' lang='grc' dir='ltr'>ἀλλ’</span> <span class='ocrx_word' id='word_1_629' title='bbox 1585 2081 1640 2118; x_wconf 79' lang='grc' dir='ltr'>ἵνα</span> <span class='ocrx_word' id='word_1_630' title='bbox 1656 2081 1712 2118; x_wconf 81' lang='grc' dir='ltr'>ἐπὶ</span> <span class='ocrx_word' id='word_1_631' title='bbox 1728 2083 1791 2126; x_wconf 72' lang='grc' dir='ltr'>τῆς</span> <span class='ocrx_word' id='word_1_632' title='bbox 1806 2079 1934 2123; x_wconf 85' lang='grc' dir='ltr'>οἰκείας</span> <span class='ocrx_word' id='word_1_633' title='bbox 1951 2082 2078 2131; x_wconf 66' lang='grc' dir='ltr'>ἀρετῆς</span> <span class='ocrx_word' id='word_1_634' title='bbox 2099 2078 2275 2129; x_wconf 79' lang='grc' dir='ltr'>μένοντες,</span> <span class='ocrx_word' id='word_1_635' title='bbox 2297 2079 2356 2117; x_wconf 85' lang='grc' dir='ltr'>καὶ</span> 
     </span>
     <span class='ocr_line' id='line_1_98' title="bbox 1325 2139 2354 2191; baseline -0.001 -14"><span class='ocrx_word' id='word_1_636' title='bbox 1325 2140 1466 2183; x_wconf 79' lang='grc' dir='ltr'>ἐκείνοις</span> <span class='ocrx_word' id='word_1_637' title='bbox 1505 2141 1840 2191; x_wconf 84' lang='grc' dir='ltr'>συναναμιγνύμενοι</span> <span class='ocrx_word' id='word_1_638' title='bbox 1867 2140 2025 2190; x_wconf 81' lang='grc' dir='ltr'>ἕλκωμεν</span> <span class='ocrx_word' id='word_1_639' title='bbox 2053 2139 2176 2182; x_wconf 74' lang='grc' dir='ltr'>αὐτοὺς</span> <span class='ocrx_word' id='word_1_640' title='bbox 2212 2141 2261 2182; x_wconf 89' lang='grc' dir='ltr'>εἷς</span> <span class='ocrx_word' id='word_1_641' title='bbox 2290 2139 2354 2186; x_wconf 80' lang='grc' dir='ltr'>τὴν</span> 
     </span>
     <span class='ocr_line' id='line_1_99' title="bbox 1325 2199 2355 2251; baseline -0.002 -13"><span class='ocrx_word' id='word_1_642' title='bbox 1325 2201 1524 2248; x_wconf 63' lang='grc' dir='ltr'>εὖσέὲειαν,</span> <span class='ocrx_word' id='word_1_643' title='bbox 1560 2201 1618 2239; x_wconf 77' lang='grc' dir='ltr'>καὶ</span> <span class='ocrx_word' id='word_1_644' title='bbox 1651 2201 1709 2238; x_wconf 79' lang='grc' dir='ltr'>διὰ</span> <span class='ocrx_word' id='word_1_645' title='bbox 1742 2203 1805 2246; x_wconf 76' lang='grc' dir='ltr'>τῆς</span> <span class='ocrx_word' id='word_1_646' title='bbox 1834 2204 1903 2238; x_wconf 84' lang='grc' dir='ltr'>τῶν</span> <span class='ocrx_word' id='word_1_647' title='bbox 1939 2203 2074 2251; x_wconf 83' lang='grc' dir='ltr'>ἀγαθῶν</span> <span class='ocrx_word' id='word_1_648' title='bbox 2103 2199 2212 2250; x_wconf 81' lang='grc' dir='ltr'>ἔργων</span> <span class='ocrx_word' id='word_1_649' title='bbox 2252 2200 2355 2236; x_wconf 83' lang='grc' dir='ltr'>πολι-</span> 
     </span>
     <span class='ocr_line' id='line_1_100' title="bbox 1324 2258 2354 2311; baseline -0.003 -13"><span class='ocrx_word' id='word_1_650' title='bbox 1324 2261 1416 2304; x_wconf 85' lang='grc' dir='ltr'>τείας</span> <span class='ocrx_word' id='word_1_651' title='bbox 1432 2261 1656 2304; x_wconf 82' lang='grc' dir='ltr'>διδασκαλίας</span> <span class='ocrx_word' id='word_1_652' title='bbox 1673 2263 1788 2304; x_wconf 81' lang='grc' dir='ltr'>αὐτοῖς</span> <span class='ocrx_word' id='word_1_653' title='bbox 1808 2260 1967 2303; x_wconf 80' lang='grc' dir='ltr'>ὑπόθεσις</span> <span class='ocrx_word' id='word_1_654' title='bbox 1986 2260 2175 2311; x_wconf 84' lang='grc' dir='ltr'>γινώμεθα.</span> <span class='ocrx_word' id='word_1_655' title='bbox 2200 2258 2268 2296; x_wconf 70' lang='grc' dir='ltr'>Δια</span> <span class='ocrx_word' id='word_1_656' title='bbox 2286 2259 2354 2311; x_wconf 83' lang='grc' dir='ltr'>γὰρ</span> 
     </span>
     <span class='ocr_line' id='line_1_101' title="bbox 1324 2319 2351 2372; baseline -0.001 -13"><span class='ocrx_word' id='word_1_657' title='bbox 1324 2326 1425 2360; x_wconf 78' lang='grc' dir='ltr'>τοῦτο</span> <span class='ocrx_word' id='word_1_658' title='bbox 1451 2322 1510 2360; x_wconf 70' lang='grc' dir='ltr'>καὶ</span> <span class='ocrx_word' id='word_1_659' title='bbox 1530 2326 1548 2360; x_wconf 85' lang='grc' dir='ltr'>ὃ</span> <span class='ocrx_word' id='word_1_660' title='bbox 1580 2322 1691 2366; x_wconf 81' lang='grc' dir='ltr'>κοινὸς</span> <span class='ocrx_word' id='word_1_661' title='bbox 1714 2321 1877 2359; x_wconf 72' lang='grc' dir='ltr'>ἁπάντων</span> <span class='ocrx_word' id='word_1_662' title='bbox 1902 2321 2085 2367; x_wconf 73' lang='grc' dir='ltr'>Δεσπότης</span> <span class='ocrx_word' id='word_1_663' title='bbox 2107 2319 2351 2372; x_wconf 74' lang='grc' dir='ltr'>συνεχώρησεν</span> 
     </span>
     <span class='ocr_line' id='line_1_102' title="bbox 1326 2380 2352 2435; baseline -0.002 -14"><span class='ocrx_word' id='word_1_664' title='bbox 1326 2383 1565 2435; x_wconf 74' lang='grc' dir='ltr'>ἀναμεμίχθαι</span> <span class='ocrx_word' id='word_1_665' title='bbox 1589 2383 1647 2421; x_wconf 88' lang='grc' dir='ltr'>καὶ</span> <span class='ocrx_word' id='word_1_666' title='bbox 1684 2382 1763 2426; x_wconf 67' lang='grc' dir='ltr'>τοὺς</span> <span class='ocrx_word' id='word_1_667' title='bbox 1791 2382 1962 2435; x_wconf 72' lang='grc' dir='ltr'>πονηροὺς</span> <span class='ocrx_word' id='word_1_668' title='bbox 1991 2382 2050 2420; x_wconf 79' lang='grc' dir='ltr'>καὶ</span> <span class='ocrx_word' id='word_1_669' title='bbox 2077 2381 2156 2425; x_wconf 80' lang='grc' dir='ltr'>τοὺς</span> <span class='ocrx_word' id='word_1_670' title='bbox 2184 2380 2352 2432; x_wconf 78' lang='grc' dir='ltr'>ἀγαθοὺς,</span> 
     </span>
     <span class='ocr_line' id='line_1_103' title="bbox 1325 2440 2354 2491; baseline -0.002 -9"><span class='ocrx_word' id='word_1_671' title='bbox 1325 2444 1383 2482; x_wconf 80' lang='grc' dir='ltr'>καὶ</span> <span class='ocrx_word' id='word_1_672' title='bbox 1416 2444 1494 2488; x_wconf 80' lang='grc' dir='ltr'>τοὺς</span> <span class='ocrx_word' id='word_1_673' title='bbox 1535 2444 1689 2488; x_wconf 60' lang='grc' dir='ltr'>εὐσεῧεῖς</span> <span class='ocrx_word' id='word_1_674' title='bbox 1723 2444 1782 2482; x_wconf 83' lang='grc' dir='ltr'>καὶ</span> <span class='ocrx_word' id='word_1_675' title='bbox 1814 2442 1892 2487; x_wconf 76' lang='grc' dir='ltr'>τοὺς</span> <span class='ocrx_word' id='word_1_676' title='bbox 1926 2443 2063 2486; x_wconf 66' lang='grc' dir='ltr'>ἀσεὸεῖς</span> <span class='ocrx_word' id='word_1_677' title='bbox 2078 2474 2087 2491; x_wconf 84' lang='grc'>,</span> <span class='ocrx_word' id='word_1_678' title='bbox 2125 2443 2181 2480; x_wconf 79' lang='grc' dir='ltr'>ἵνα</span> <span class='ocrx_word' id='word_1_679' title='bbox 2201 2440 2203 2442; x_wconf 52' lang='grc'><strong>’</strong></span> <span class='ocrx_word' id='word_1_680' title='bbox 2223 2445 2255 2480; x_wconf 83' lang='grc' dir='ltr'>οἱ</span> <span class='ocrx_word' id='word_1_681' title='bbox 2291 2458 2354 2480; x_wconf 90' lang='grc' dir='ltr'>πο-</span> 
     </span>
     <span class='ocr_line' id='line_1_104' title="bbox 1325 2504 2353 2557; baseline -0.002 -14"><span class='ocrx_word' id='word_1_682' title='bbox 1325 2505 1422 2557; x_wconf 80' lang='grc' dir='ltr'>νηροὶ</span> <span class='ocrx_word' id='word_1_683' title='bbox 1450 2505 1676 2557; x_wconf 69' lang='grc' dir='ltr'>κερδαίνωσιν</span> <span class='ocrx_word' id='word_1_684' title='bbox 1710 2505 1779 2544; x_wconf 83' lang='grc' dir='ltr'>ἀπὸ</span> <span class='ocrx_word' id='word_1_685' title='bbox 1802 2508 1871 2543; x_wconf 85' lang='grc' dir='ltr'>τῶν</span> <span class='ocrx_word' id='word_1_686' title='bbox 1892 2507 2050 2556; x_wconf 80' lang='grc' dir='ltr'>ἀγαθῶν,</span> <span class='ocrx_word' id='word_1_687' title='bbox 2071 2504 2130 2542; x_wconf 82' lang='grc' dir='ltr'>καὶ</span> <span class='ocrx_word' id='word_1_688' title='bbox 2150 2506 2180 2542; x_wconf 82' lang='grc' dir='ltr'>οἱ</span> <span class='ocrx_word' id='word_1_689' title='bbox 2201 2505 2236 2541; x_wconf 81' lang='grc' dir='ltr'>ἐν</span> <span class='ocrx_word' id='word_1_690' title='bbox 2269 2508 2353 2542; x_wconf 86' lang='grc' dir='ltr'>ἀσε-</span> 
     </span>
     <span class='ocr_line' id='line_1_105' title="bbox 1326 2565 2353 2620; baseline -0.002 -16"><span class='ocrx_word' id='word_1_691' title='bbox 1326 2567 1402 2619; x_wconf 66' lang='grc' dir='ltr'>ὃεία</span> <span class='ocrx_word' id='word_1_692' title='bbox 1426 2567 1475 2605; x_wconf 87' lang='grc' dir='ltr'>ἔτι</span> <span class='ocrx_word' id='word_1_693' title='bbox 1496 2567 1725 2619; x_wconf 67' lang='grc' dir='ltr'>κατεχόμενοι</span> <span class='ocrx_word' id='word_1_694' title='bbox 1751 2569 2038 2620; x_wconf 74' lang='grc' dir='ltr'>χειραγωγῶνται</span> <span class='ocrx_word' id='word_1_695' title='bbox 2065 2565 2149 2618; x_wconf 81' lang='grc' dir='ltr'>πρὸς</span> <span class='ocrx_word' id='word_1_696' title='bbox 2167 2565 2231 2611; x_wconf 78' lang='grc' dir='ltr'>τὴν</span> <span class='ocrx_word' id='word_1_697' title='bbox 2256 2565 2353 2603; x_wconf 83' lang='grc' dir='ltr'>εὗσέ-</span> 
     </span>
     <span class='ocr_line' id='line_1_106' title="bbox 1325 2625 2353 2680; baseline -0.001 -15"><span class='ocrx_word' id='word_1_698' title='bbox 1325 2628 1432 2666; x_wconf 69' lang='grc' dir='ltr'>ὅειαν.</span> <span class='ocrx_word' id='word_1_699' title='bbox 1454 2627 1565 2666; x_wconf 45' lang='grc' dir='ltr'>Οὐθὲν</span> <span class='ocrx_word' id='word_1_700' title='bbox 1582 2628 1650 2680; x_wconf 80' lang='grc' dir='ltr'>γὰρ</span> <span class='ocrx_word' id='word_1_701' title='bbox 1670 2627 1760 2666; x_wconf 78' lang='grc' dir='ltr'>οὕτω</span> <span class='ocrx_word' id='word_1_702' title='bbox 1787 2630 1836 2679; x_wconf 82' lang='grc' dir='ltr'>τῷ</span> <span class='ocrx_word' id='word_1_703' title='bbox 1867 2629 1950 2679; x_wconf 81' lang='grc' dir='ltr'>Θεῷ</span> <span class='ocrx_word' id='word_1_704' title='bbox 1978 2625 2289 2678; x_wconf 78' lang='grc' dir='ltr'>περισπούδαστον,</span> <span class='ocrx_word' id='word_1_705' title='bbox 2306 2629 2353 2670; x_wconf 79' lang='grc' dir='ltr'>ὡς</span> 
     </span>
     <span class='ocr_line' id='line_1_107' title="bbox 1324 2688 2348 2741; baseline -0.001 -15"><span class='ocrx_word' id='word_1_706' title='bbox 1324 2689 1480 2741; x_wconf 87' lang='grc' dir='ltr'>σωτηρία</span> <span class='ocrx_word' id='word_1_707' title='bbox 1499 2692 1626 2741; x_wconf 69' lang='grc' dir='ltr'>ψυχῆς.</span> <span class='ocrx_word' id='word_1_708' title='bbox 1653 2688 1714 2735; x_wconf 85' lang='grc' dir='ltr'>Μὴ</span> <span class='ocrx_word' id='word_1_709' title='bbox 1752 2688 1865 2726; x_wconf 88' lang='grc' dir='ltr'>τοίνυν</span> <span class='ocrx_word' id='word_1_710' title='bbox 1895 2689 2098 2738; x_wconf 83' lang='grc' dir='ltr'>ἀμελῶμεν,</span> <span class='ocrx_word' id='word_1_711' title='bbox 2128 2688 2348 2739; x_wconf 84' lang='grc' dir='ltr'>παρακαλῶ,</span> 
     </span>
     <span class='ocr_line' id='line_1_108' title="bbox 1325 2747 2350 2800; baseline -0.001 -13"><span class='ocrx_word' id='word_1_712' title='bbox 1325 2749 1414 2799; x_wconf 72' lang='grc' dir='ltr'>μήτε</span> <span class='ocrx_word' id='word_1_713' title='bbox 1439 2752 1582 2796; x_wconf 82' lang='grc' dir='ltr'>ἑαυτῶν,</span> <span class='ocrx_word' id='word_1_714' title='bbox 1602 2749 1690 2800; x_wconf 77' lang='grc' dir='ltr'>μήτε</span> <span class='ocrx_word' id='word_1_715' title='bbox 1705 2751 1774 2786; x_wconf 87' lang='grc' dir='ltr'>τῶν</span> <span class='ocrx_word' id='word_1_716' title='bbox 1793 2748 1942 2794; x_wconf 85' lang='grc' dir='ltr'>πλησίον</span> <span class='ocrx_word' id='word_1_717' title='bbox 1955 2764 1962 2772; x_wconf 87' lang='grc'><em>·</em></span> <span class='ocrx_word' id='word_1_718' title='bbox 1978 2750 2110 2786; x_wconf 80' lang='grc' dir='ltr'>ἑαυτῶν</span> <span class='ocrx_word' id='word_1_719' title='bbox 2129 2747 2203 2798; x_wconf 82' lang='grc' dir='ltr'>μὲν,</span> <span class='ocrx_word' id='word_1_720' title='bbox 2220 2747 2276 2786; x_wconf 83' lang='grc' dir='ltr'>διὰ</span> <span class='ocrx_word' id='word_1_721' title='bbox 2290 2753 2350 2787; x_wconf 81' lang='grc' dir='ltr'>τοῦ</span> 
     </span>
     <span class='ocr_line' id='line_1_109' title="bbox 1323 2810 2349 2861; baseline -0.002 -12"><span class='ocrx_word' id='word_1_722' title='bbox 1323 2811 1365 2848; x_wconf 79' lang='grc' dir='ltr'>τὰ</span> <span class='ocrx_word' id='word_1_723' title='bbox 1381 2814 1457 2849; x_wconf 78' lang='grc' dir='ltr'>καθ’</span> <span class='ocrx_word' id='word_1_724' title='bbox 1474 2810 1615 2854; x_wconf 81' lang='grc' dir='ltr'>ἑαυτοὺς</span> <span class='ocrx_word' id='word_1_725' title='bbox 1641 2810 1749 2853; x_wconf 76' lang='grc' dir='ltr'>οὕτως</span> <span class='ocrx_word' id='word_1_726' title='bbox 1768 2811 1974 2860; x_wconf 83' lang='grc' dir='ltr'>οἰκονομεῖν,</span> <span class='ocrx_word' id='word_1_727' title='bbox 1996 2812 2042 2852; x_wconf 82' lang='grc' dir='ltr'>ὡς</span> <span class='ocrx_word' id='word_1_728' title='bbox 2069 2810 2161 2847; x_wconf 81' lang='grc' dir='ltr'>δοκεῖ</span> <span class='ocrx_word' id='word_1_729' title='bbox 2179 2812 2229 2860; x_wconf 86' lang='grc' dir='ltr'>τῷ</span> <span class='ocrx_word' id='word_1_730' title='bbox 2249 2812 2349 2861; x_wconf 80' lang='grc' dir='ltr'>Θεῷ·</span> 
     </span>
     <span class='ocr_line' id='line_1_110' title="bbox 1321 2869 2349 2922; baseline -0.003 -12"><span class='ocrx_word' id='word_1_731' title='bbox 1321 2874 1389 2910; x_wconf 84' lang='grc' dir='ltr'>τῶν</span> <span class='ocrx_word' id='word_1_732' title='bbox 1409 2873 1442 2910; x_wconf 75' lang='grc' dir='ltr'>δὲ</span> <span class='ocrx_word' id='word_1_733' title='bbox 1461 2871 1622 2918; x_wconf 86' lang='grc' dir='ltr'>πλησίον,</span> <span class='ocrx_word' id='word_1_734' title='bbox 1654 2870 1696 2908; x_wconf 79' lang='grc' dir='ltr'>ἵν’</span> <span class='ocrx_word' id='word_1_735' title='bbox 1717 2870 1807 2908; x_wconf 79' lang='grc' dir='ltr'>οὕτω</span> <span class='ocrx_word' id='word_1_736' title='bbox 1836 2870 2034 2921; x_wconf 79' lang='grc' dir='ltr'>λάμπωμεν</span> <span class='ocrx_word' id='word_1_737' title='bbox 2049 2871 2083 2907; x_wconf 82' lang='grc' dir='ltr'>ἐν</span> <span class='ocrx_word' id='word_1_738' title='bbox 2117 2873 2238 2922; x_wconf 81' lang='grc' dir='ltr'>ἀρετῇ,</span> <span class='ocrx_word' id='word_1_739' title='bbox 2259 2869 2349 2907; x_wconf 82' lang='grc' dir='ltr'>ὥστε</span> 
     </span>
     <span class='ocr_line' id='line_1_111' title="bbox 1321 2929 2348 2985; baseline -0.004 -14"><span class='ocrx_word' id='word_1_740' title='bbox 1321 2934 1379 2971; x_wconf 83' lang='grc' dir='ltr'>καὶ</span> <span class='ocrx_word' id='word_1_741' title='bbox 1399 2933 1573 2985; x_wconf 85' lang='grc' dir='ltr'>σιγώντων</span> <span class='ocrx_word' id='word_1_742' title='bbox 1589 2936 1690 2982; x_wconf 84' lang='grc' dir='ltr'>ἡμῶν</span> <span class='ocrx_word' id='word_1_743' title='bbox 1706 2931 1828 2978; x_wconf 76' lang='grc' dir='ltr'>ἱκανὴν</span> <span class='ocrx_word' id='word_1_744' title='bbox 1843 2931 1935 2984; x_wconf 71' lang='grc' dir='ltr'>ἔχειν</span> <span class='ocrx_word' id='word_1_745' title='bbox 1955 2930 2179 2970; x_wconf 75' lang='grc' dir='ltr'>διδασκαλίαν</span> <span class='ocrx_word' id='word_1_746' title='bbox 2194 2929 2272 2973; x_wconf 77' lang='grc' dir='ltr'>τοὺς</span> <span class='ocrx_word' id='word_1_747' title='bbox 2301 2932 2348 2973; x_wconf 89' lang='grc' dir='ltr'>εἷς</span> 
     </span>
     <span class='ocr_line' id='line_1_112' title="bbox 1319 2987 2347 3046; baseline -0.004 -14"><span class='ocrx_word' id='word_1_748' title='bbox 1319 2998 1411 3045; x_wconf 71' lang='grc' dir='ltr'>ἡμᾶς</span> <span class='ocrx_word' id='word_1_749' title='bbox 1427 2998 1588 3046; x_wconf 77' lang='grc' dir='ltr'>ὁρῶντας.</span> <span class='ocrx_word' id='word_1_750' title='bbox 1605 2994 1743 3045; x_wconf 47' lang='grc' dir='ltr'>(Ὠσπερ</span> <span class='ocrx_word' id='word_1_751' title='bbox 1763 2987 1821 3032; x_wconf 72' lang='grc' dir='ltr'>οῧν</span> <span class='ocrx_word' id='word_1_752' title='bbox 1841 2993 1997 3044; x_wconf 80' lang='grc' dir='ltr'>ἐνάρετοι</span> <span class='ocrx_word' id='word_1_753' title='bbox 2017 2993 2109 3034; x_wconf 80' lang='grc' dir='ltr'>ὄντες</span> <span class='ocrx_word' id='word_1_754' title='bbox 2128 2991 2172 3029; x_wconf 83' lang='grc' dir='ltr'>τὰ</span> <span class='ocrx_word' id='word_1_755' title='bbox 2198 2990 2347 3042; x_wconf 81' lang='grc' dir='ltr'>μέγιστα</span> 
     </span>
     <span class='ocr_line' id='line_1_113' title="bbox 1321 3051 2346 3107; baseline -0.004 -14"><span class='ocrx_word' id='word_1_756' title='bbox 1321 3056 1378 3094; x_wconf 82' lang='grc' dir='ltr'>καὶ</span> <span class='ocrx_word' id='word_1_757' title='bbox 1405 3056 1501 3095; x_wconf 72' lang='grc' dir='ltr'>αὐτοὶ</span> <span class='ocrx_word' id='word_1_758' title='bbox 1535 3056 1787 3107; x_wconf 66' lang='grc' dir='ltr'>κερδανοῦμεν,</span> <span class='ocrx_word' id='word_1_759' title='bbox 1815 3054 1874 3092; x_wconf 78' lang='grc' dir='ltr'>καὶ</span> <span class='ocrx_word' id='word_1_760' title='bbox 1901 3052 1978 3097; x_wconf 74' lang='grc' dir='ltr'>τοὺς</span> <span class='ocrx_word' id='word_1_761' title='bbox 2007 3053 2172 3096; x_wconf 84' lang='grc' dir='ltr'>ἀπίστους</span> <span class='ocrx_word' id='word_1_762' title='bbox 2205 3051 2346 3104; x_wconf 52' lang='grc' dir='ltr'>ὠφελή-</span> 
     </span>
     <span class='ocr_line' id='line_1_114' title="bbox 1320 3112 2346 3170; baseline -0.005 -14"><span class='ocrx_word' id='word_1_763' title='bbox 1320 3134 1441 3169; x_wconf 84' lang='grc' dir='ltr'>σομεν,</span> <span class='ocrx_word' id='word_1_764' title='bbox 1460 3118 1586 3164; x_wconf 75' lang='grc' dir='ltr'>οὕτως,</span> <span class='ocrx_word' id='word_1_765' title='bbox 1611 3120 1640 3156; x_wconf 85' lang='grc' dir='ltr'>εἷ</span> <span class='ocrx_word' id='word_1_766' title='bbox 1671 3116 1954 3170; x_wconf 76' lang='grc' dir='ltr'>ῥαθυμήσαιμεν,</span> <span class='ocrx_word' id='word_1_767' title='bbox 1988 3115 2046 3153; x_wconf 82' lang='grc' dir='ltr'>καὶ</span> <span class='ocrx_word' id='word_1_768' title='bbox 2080 3114 2176 3153; x_wconf 76' lang='grc' dir='ltr'>αὐτοὶ</span> <span class='ocrx_word' id='word_1_769' title='bbox 2213 3112 2346 3160; x_wconf 75' lang='grc' dir='ltr'>πολλὴν</span> 
     </span>
     <span class='ocr_line' id='line_1_115' title="bbox 1319 3174 2344 3229; baseline -0.006 -12"><span class='ocrx_word' id='word_1_770' title='bbox 1319 3179 1587 3229; x_wconf 78' lang='grc' dir='ltr'>ὑποστησόμεθα</span> <span class='ocrx_word' id='word_1_771' title='bbox 1615 3177 1679 3224; x_wconf 80' lang='grc' dir='ltr'>τὴν</span> <span class='ocrx_word' id='word_1_772' title='bbox 1706 3177 1868 3223; x_wconf 84' lang='grc' dir='ltr'>κόλασιν,</span> <span class='ocrx_word' id='word_1_773' title='bbox 1898 3175 1957 3214; x_wconf 73' lang='grc' dir='ltr'>καὶ</span> <span class='ocrx_word' id='word_1_774' title='bbox 1987 3175 2115 3227; x_wconf 76' lang='grc' dir='ltr'>ἑτέροις</span> <span class='ocrx_word' id='word_1_775' title='bbox 2151 3174 2344 3214; x_wconf 81' lang='grc' dir='ltr'>σκανδάλου</span> 
     </span>
    </p>
   </div>
   <div class='ocr_carea' id='block_1_19' title="bbox 1377 3299 1904 3346">
    <p class='ocr_par' dir='ltr' id='par_1_19' title="bbox 1377 3299 1904 3346">
     <span class='ocr_line' id='line_1_116' title="bbox 1377 3299 1904 3346; baseline -0.006 -12"><span class='ocrx_word' id='word_1_776' title='bbox 1377 3313 1389 3326; x_wconf 66' lang='lat'>¹⁸</span> <span class='ocrx_word' id='word_1_777' title='bbox 1415 3301 1540 3344; x_wconf 76' lang='lat' dir='ltr'>[Snvil.</span> <span class='ocrx_word' id='word_1_778' title='bbox 1557 3299 1651 3333; x_wconf 80' lang='lat' dir='ltr'>addit</span> <span class='ocrx_word' id='word_1_779' title='bbox 1668 3300 1904 3346; x_wconf 65' lang='grc' dir='ltr'>ὑπερέέαὶὶον.]</span> 
     </span>
    </p>
   </div>
  </div>
 </body>
</html>
