2433 3775
728 246 768 273 lx
809 246 910 274 (ΣΗ).
952 245 981 274 Ι.

89 329 218 380 ἤμελλε
249 332 307 366 τοῦ
333 328 409 379 μετ’
431 331 468 366 οὐ
487 328 574 366 πολὺ
597 327 781 378 μέλλοντος
811 329 1114 380 δημιουργεῖσθαι;

89 393 202 430 Τοῦτο
222 389 291 442 γὰρ
309 389 396 433 τέως
410 389 513 443 φημί.

138 448 218 488 Ἵνα
241 448 276 487 δὲ
310 448 422 501 μάθῃς
454 451 512 486 τοῦ
535 450 603 485 τῶν
631 448 794 487 ἁπάντων
828 450 1007 488 Δεσπότου
1028 453 1040 469 ¹²
1055 448 1116 496 τὴν

85 509 372 564 ὑπερὸάλλουσαν
399 508 678 561 φιλανθρωπίαν,
705 510 748 557 ἣν
777 511 858 562 περὶ
877 510 916 548 τὸ
949 509 1045 561 γένος
1079 508 1118 546 τὸ

85 570 253 624 ἡμέτερον
281 569 534 617 ἐπιδείκνυται,
555 569 674 617 ἐπειδὴ
695 569 837 614 ἐξέτεινε
870 571 927 609 τὸν
957 571 1115 622 οὐρανὸν,

85 631 230 678 ἥπλωσε
249 631 310 680 τὴν
330 635 412 683 γῆν,
436 631 691 684 ἐδημιούργησε
716 632 755 670 τὸ
776 631 960 685 στερέωμα
973 661 982 679 ,
1005 631 1117 669 καθά-

83 709 152 747 περ
171 709 205 731 τι
234 692 338 742 μέσον
354 691 482 744 τειχίον
502 692 564 739 τὴν
587 692 755 746 διαίρεσιν
777 694 845 730 τῶν
864 691 998 730 ὑδάτων
1019 693 1121 743 ε’ργα-

84 753 248 804 ζόμενον,
281 747 357 792 εἶτα
384 753 448 799 τὴν
477 752 681 804 συναγωγὴν
713 754 782 790 τῶν
804 752 941 790 ὑδάτων
959 752 1120 802 γενέσθαι

84 815 299 868 προστάξας,
318 814 362 852 τὰ
383 813 444 864 μὲν
461 813 637 857 θαλάσσας
656 812 836 864 ὠνόμασε,
863 812 927 860 τὴν
948 812 983 851 δὲ
1014 812 1120 866 ξηρὰν

83 880 172 928 γῆν,
201 870 274 914 εἶτα
306 874 437 920 ταύτην
457 874 678 913 ἐκαλλώπισε
711 879 786 917 ταῖς
818 877 887 912 τῶν
907 873 1120 927 σπερμάτων

86 936 287 984 ἀναδόσεσι,
315 936 375 974 καὶ
394 938 463 974 τῶν
490 937 622 974 λοιπῶν
645 938 812 987 βοτανῶν.
833 937 996 982 Μετῆλθε
1016 935 1122 974 πάλιν

85 998 143 1037 ἐπὶ
161 997 224 1045 τὴν
256 1001 324 1036 τῶν
356 997 414 1035 δύο
446 997 608 1049 μεγάλων
640 996 834 1050 φωστήρων
866 996 1096 1048 δημιουργίαν
1111 1025 1121 1042 ,

85 1058 145 1098 καὶ
163 1061 232 1097 τῶν
261 1058 416 1110 ἀστέρων
435 1058 499 1105 τὴν
526 1057 721 1104 ποικιλίαν,
741 1059 783 1095 δι’
804 1059 919 1096 αὐτῶν
938 1057 978 1095 τὸ
997 1057 1123 1100 κάλλος

86 1124 146 1159 τοῦ
168 1122 314 1171 οὐρανοῦ
340 1118 617 1169 κατακοσμήσας
632 1134 639 1141 ·
662 1113 738 1157 εἶτα
765 1118 809 1157 τὰ
831 1120 871 1157 ἐκ
896 1121 966 1157 τῶν
987 1117 1122 1157 ὑδάτων

85 1185 157 1227 ζῶα
176 1180 319 1233 ἔμψυχα
334 1179 570 1234 παραγαγὼν,
590 1180 649 1218 καὶ
664 1179 709 1218 τὰ
729 1179 872 1219 πετεινὰ
886 1179 931 1218 τὰ
947 1179 1122 1230 πετόμενα

86 1242 144 1280 ἐπὶ
162 1245 224 1289 τῆς
243 1245 307 1294 γῆς
324 1241 414 1280 κατὰ
432 1241 472 1280 τὸ
493 1241 677 1293 στερέωμα
692 1247 752 1281 τοῦ
768 1244 913 1296 οὐρανοῦ
925 1271 935 1289 ,
954 1239 1015 1278 καὶ
1035 1241 1123 1285 πλη-

91 1303 203 1357 ρώσας
228 1306 296 1341 τῶν
316 1303 419 1342 πέντε
447 1305 587 1354 ἡμερῶν
606 1304 663 1341 τὸν
684 1304 850 1356 ἀριθμὸν,
872 1301 993 1348 ἐπειδὴ
1013 1303 1120 1354 ἐχρῆν

86 1366 146 1404 καὶ
178 1367 222 1405 τὰ
240 1366 310 1404 ἀπὸ
329 1369 392 1412 τῆς
411 1369 474 1417 γῆς
493 1367 564 1410 ζῶα
585 1366 902 1419 δημιουργηθῆναι,
926 1364 1121 1416 προστάξας

87 1428 146 1466 καὶ
166 1430 278 1465 ταῦτα
296 1427 528 1474 ἀναδοθῆναι,
547 1425 592 1464 τά
610 1442 648 1464 τε
666 1427 750 1479 πρὸς
770 1426 900 1478 τροφὴν
919 1426 1120 1473 ἐπιτήδεια,

86 1488 132 1527 τά
147 1504 185 1526 τε
200 1488 286 1540 πρὸς
305 1487 368 1534 τὴν
388 1486 582 1541 ὑπηρεσίαν
600 1487 762 1540 χρήσιμα
776 1518 785 1535 ,
806 1487 865 1526 καὶ
881 1487 925 1526 τὰ
941 1486 1046 1540 θηρία
1062 1486 1122 1524 καὶ

87 1549 132 1588 τὰ
156 1548 285 1603 ἑρπετὰ
299 1578 309 1596 ,
330 1548 408 1587 τότε
430 1548 551 1587 λοιπὸν
572 1548 692 1597 ἐπειδὴ
720 1549 836 1589 πάντα
855 1548 1120 1600 κατεκόσμησε,

87 1610 146 1649 καὶ
180 1609 244 1658 τὴν
264 1609 510 1662 προσήκουσαν
531 1609 699 1658 ἐπέθηκεν
721 1610 879 1655 εὐταξίαν
913 1609 972 1648 καὶ
1002 1609 1122 1648 διακό-
1143 1624 1167 1654 C

86 1686 217 1723 σμησιν
236 1677 308 1716 τοῖς
337 1671 546 1724 ὁρωμένοις,
571 1671 630 1710 καὶ
657 1671 721 1719 τὴν
739 1671 916 1724 τράπεζαν
943 1673 1119 1717 πολυτελῆ

86 1730 328 1784 παρεσκεύασε
341 1731 508 1770 ποικίλων
521 1732 581 1770 καὶ
596 1733 828 1772 παντοδαπῶν
840 1731 1122 1786 πεπληρωμένην

85 1794 154 1829 τῶν
183 1793 403 1843 ἐδεσμάτων,
431 1792 491 1830 καὶ
514 1793 646 1839 πολλὴν
678 1793 741 1844 τὴν
777 1793 941 1846 ἀφθονίαν
971 1793 1031 1832 καὶ
1064 1794 1121 1831 τὸν

88 1851 236 1889 πλοῦτον
255 1851 404 1903 ἔχουσαν
417 1883 426 1899 ,
445 1851 503 1889 καὶ
522 1852 567 1890 τὰ
585 1852 745 1902 βασίλεια
759 1883 768 1900 ,
785 1855 831 1896 ὡς
856 1852 897 1890 ἂν
928 1854 1021 1891 εἴποι
1048 1868 1101 1895 τις
1113 1883 1122 1900 ,

88 1911 306 1964 πανταχόθεν
325 1912 476 1964 λαμπρὰ
496 1912 686 1965 εἰργάσατο
704 1913 748 1951 τὰ
765 1913 854 1959 ἄνω,
875 1912 920 1951 τὰ
935 1912 1031 1950 κάτω
1045 1928 1123 1951 ποι-

88 1970 194 2013 κίλως
227 1969 433 2023 φαιδρύνας,
468 1970 546 2008 τότε
571 1971 694 2010 λοιπὸν
720 1970 778 2009 τὸν
805 1970 938 2008 τούτων
958 1971 1122 2009 ἁπάντων

91 2029 278 2068 ἀπολαύειν
312 2030 484 2080 μέλλοντα
517 2031 738 2084 δημιουργεῖ,
767 2031 831 2078 τὴν
867 2031 1022 2075 ἐξουσίαν
1055 2033 1122 2068 τῶν

88 2090 274 2142 ὁρωμένων
309 2090 472 2129 ἁπάντων
505 2092 598 2143 αὐτῷ
630 2091 864 2144 παραδιδοὺς,
898 2091 958 2129 καὶ
992 2090 1124 2135 δεικνὺς

87 2150 159 2202 ὅσῳ
190 2153 258 2188 τῶν
295 2151 617 2203 δημιουργηθέντων
652 2150 815 2190 ἁπάντων
844 2151 1052 2205 τιμιώτερον
1089 2151 1124 2189 τὸ

90 2210 216 2260 μέλλον
249 2210 523 2249 διαπλάττεσθαι
545 2213 630 2256 ζῶον
642 2242 652 2260 ,
672 2213 743 2264 εἴγε
760 2212 876 2251 πάντα
893 2212 938 2251 τὰ
955 2211 1124 2264 γενόμενα

88 2271 155 2310 ὑπὸ
173 2271 237 2318 τὴν
255 2271 376 2310 τούτου
395 2271 570 2319 ἐξουσίαν,
588 2273 649 2311 καὶ
677 2275 870 2327 ἐπιτροπὴν
884 2274 1044 2326 γενέσθαι
1063 2291 1123 2313 κε-
1144 2286 1168 2315 D

86 2331 192 2370 λεύει.
214 2332 307 2371 Ἀλλ’
322 2331 380 2370 ἵνα
395 2331 470 2384 ι’μὴ
491 2335 539 2377 εἷς
563 2333 652 2372 πολὺ
671 2337 782 2386 μῆκος
802 2336 861 2375 τὸν
887 2335 988 2388 λόγον
1009 2336 1124 2375 ἐκτεί-

86 2408 224 2443 νωμεν,
257 2393 480 2445 ἀρκεσθέντες
510 2401 582 2439 τοῖς
620 2396 837 2447 εἰρημένοις,
869 2400 918 2441 εἷς
951 2386 1123 2445 τὴν-ἑξῆς

86 2452 359 2504 ταμιευσώμεθα
377 2453 421 2492 τὰ
436 2455 528 2493 κατὰ
549 2455 612 2503 τὴν
633 2456 821 2497 διάπλασιν
838 2463 898 2498 τοῦ
917 2463 1121 2510 θαυμαστοῦ

88 2513 208 2552 τούτου
224 2514 312 2558 ζώου
331 2518 392 2554 τοῦ
412 2517 554 2567 λογικοῦ
573 2517 632 2555 καὶ
650 2518 830 2572 ἐμψύχου,
851 2525 911 2560 τοῦ
936 2519 1121 2573 ἀνθρώπου

87 2574 201 2626 λέγω,
228 2574 292 2622 τὴν
320 2577 451 2624 συνήθη
480 2577 704 2631 παράκλησιν
731 2583 812 2632 ὑμῖν
841 2581 902 2620 καὶ
927 2586 984 2620 νῦν
1007 2597 1121 2635 προσ-

88 2634 250 2687 άγοντες,
273 2635 366 2675 ὥστε
384 2638 443 2675 καὶ
462 2641 531 2677 τῶν
548 2640 739 2692 εἰρημένων
761 2640 825 2688 τὴν
845 2646 859 2662 ‘³
877 2641 1020 2693 μνήμην
1044 2643 1122 2680 δια-

89 2695 298 2748 φυλάττειν,
334 2697 394 2735 >eat
429 2697 486 2736 διὰ
515 2699 657 2738 πάντων
677 2703 746 2739 τῶν
764 2701 950 2754 ὁρωμένων
976 2704 1023 2746 εἷς
1059 2702 1122 2749 τὴν

88 2760 147 2795 τοῦ
169 2757 348 2796 Δεσπότου
369 2757 564 2810 δοξολογίαν
589 2760 730 2805 ἑαυτοὺς
761 2763 953 2816 διεγείρειν.
988 2762 1059 2801 Καὶ
1083 2762 1122 2801 τὸ

91 2816 140 2868 μὴ
169 2820 400 2870 ἐφικνεῖσθαι,
418 2819 507 2870 μηδὲ
527 2819 695 2860 δύνασθαι
715 2823 856 2862 πάντων
873 2827 941 2862 τῶν
957 2824 1123 2876 δημιουρ·

89 2878 264 2930 γηθέντων
296 2879 355 2918 τὸν
393 2879 494 2931 λόγον
524 2882 753 2930 καταλαὸεῖν,
777 2883 826 2934 μὴ
855 2883 1006 2936 γενέσθω
1039 2887 1122 2935 ἡμῖν

90 2939 255 2983 ἀπιστίας
274 2941 454 2987 ὑπόθεσις,
479 2942 571 2981 ἀλλὰ
604 2943 802 2996 δοξολογίας
831 2946 985 2999 ἀφορμή.
1007 2945 1124 2984 ςὈταν

90 2998 159 3052 γὰρ
178 3000 330 3051 ἀτονήσῃ
350 3004 368 3039 ὁ
385 3003 572 3053 λογισμὸς,
596 3004 655 3042 καὶ
683 3004 732 3055 μὴ
752 3006 900 3058 χωρήσῃ
920 3009 942 3053 ἡ
971 3005 1124 3053 διάνοια,

91 3060 198 3099 ἐννόει
217 3064 276 3100 τοῦ
299 3062 479 3101 Δεσπότου
512 3079 573 3102 σου
606 3065 647 3103 τὸ
680 3065 844 3117 μέγεθος,
863 3067 923 3105 καὶ
952 3066 987 3111 ἐξ
1020 3068 1125 3105 αὐτοῦ

91 3121 238 3171 τούτου,
261 3121 314 3161 ὅτι
342 3123 495 3170 τοσαύτη
525 3126 628 3163 αὐτοῦ
646 3129 668 3172 ἡ
700 3126 844 3177 δύναμις
872 3129 920 3172 ὡς
955 3127 1045 3179 μηδὲ
1068 3127 1126 3165 τὸν

1021 243 1182 272 Gumis.

1224 242 1379 271 nomn..
1423 242 1497 271 vu.

2078 232 2136 293 (37

1189 324 1317 374 minis,
1353 338 1420 363 non
1452 325 1564 362 multo
1594 334 1669 376 post
1703 325 1878 363 formandi
1894 327 1910 362 :⁵
1946 327 2019 364 Hoc
2050 330 2140 367 euim

1189 401 1282 424 nunc
1303 386 1396 424 dico.

1240 449 1277 486 6.
1308 448 1357 486 Ut
1383 456 1501 485 autem
1526 447 1642 485 discas
1667 447 1828 485 omnium
1855 447 1999 485 Domini
2022 463 2142 500 super-

1188 508 1397 547 eminentem
1426 508 1709 553 beneficentiam,
1742 522 1850 560 quam
1873 521 1955 559 erga
1983 517 2102 546 nostru
2110 523 2141 546 m

1189 585 1298 621 genus
1314 570 1490 617 declarat,
1513 580 1699 623 postquam
1719 568 1893 622 expandit
1910 569 2033 606 caelum
2046 599 2056 617 ,
2079 583 2146 606 ex-

1189 631 1301 669 tendit
1321 641 1470 677 terrain,
1493 631 1653 669 condidit
1674 632 1937 669 firmamentum
1955 660 1965 679 ,
1989 639 2027 667 ut
2048 631 2147 681 quasi

1189 702 1329 744 septum
1346 692 1493 742 aliquod
1513 693 1730 731 divisionem
1749 692 1840 729 inter
1859 706 1969 741 aquas
1988 699 2021 729 et
2040 706 2149 741 aquas

1188 753 1316 790 faceret
1334 769 1342 789 :
1364 753 1494 791 deinde
1518 763 1556 790 ut
1575 753 1689 804 ,jussit
1712 767 1884 803 aquarum
1906 752 1981 789 swri
2004 767 2148 803 congre—

1189 814 1370 864 gationes,
1391 829 1450 852 eas
1470 815 1581 852 maria
1611 814 1834 866 appellavit,
1863 813 2002 851 aridam
2031 823 2148 851 autem

1145 882 1167 910 Β
1190 884 1332 925 terram,
1345 889 1452 926 quam
1466 884 1584 927 postca
1601 875 1775 912 seminum
1792 874 2056 924 herbarumque
2071 889 2151 926 pro-

1189 945 1298 976 ventu
1315 937 1471 975 ornavit.
1493 936 1650 987 Indeque
1673 934 1815 973 transiit
1830 935 1875 972 ad
1894 934 2047 972 duorum
2074 949 2151 972 ma-

1190 997 1584 1049 gnorumluminarium
1593 997 1852 1044 formationem,
1865 1004 1900 1033 et
1912 994 1957 1032 ad
1969 996 2152 1033 stellarum

1191 1059 1399 1098 varietatem
1413 1090 1422 1102 ,
1437 1059 1570 1111 quihus
1587 1057 1895 1111 pulchritudinem
1913 1057 2153 1095 caeli01·nati0-

1191 1135 1265 1158 rem
1296 1119 1455 1158 reddidit
1463 1136 1474 1172 5
1504 1129 1626 1173 postea
1646 1128 1765 1157 autem
1783 1131 1864 1156 cum
1884 1132 1929 1155 ex
1946 1118 2048 1168 aquis
2070 1133 2152 1170 pro-

1190 1181 1354 1219 duxisset
1367 1181 1537 1232 aquatilia
1552 1180 1747 1218 animantia
1761 1188 1796 1217 et
1807 1178 1982 1226 volatilia,
1997 1193 2074 1229 qum
2090 1193 2153 1216 vo-

1188 1243 1302 1280 larent
1317 1257 1424 1294 super
1435 1251 1565 1280 terram
1577 1239 1772 1278 secundum
1784 1239 2051 1277 firmamentum
2063 1241 2152 1285 eceli,

1189 1302 1336 1355 impleto
1350 1302 1508 1354 quinque
1524 1302 1666 1340 dierum
1687 1314 1847 1350 numero,
1863 1299 2032 1351 quoniam
2050 1314 2153 1352 opor-

1191 1364 1286 1402 tebat
1309 1373 1345 1402 et
1366 1363 1545 1407 terrestria
1564 1363 1735 1401 animalia
1760 1360 1906 1400 formari
1931 1377 1938 1397 :
1966 1360 2155 1413 imperavit

1191 1435 1231 1463 ut
1245 1434 1279 1464 et
1293 1425 1371 1479 ipsa
1389 1425 1593 1475 ederentur,
1611 1439 1693 1463 cum
1706 1438 1747 1462 ea
1761 1437 1840 1476 quae
1855 1421 1902 1460 ad
1919 1422 2060 1472 cibum,
2080 1431 2156 1460 tum

1189 1500 1228 1525 ea
1238 1501 1316 1537 quae
1331 1486 1378 1524 ad
1389 1486 1629 1525 ministerium
1645 1483 1900 1532 conducibilia,
1915 1497 1978 1521 nec
1993 1497 2060 1521 non
2076 1484 2156 1520 ferae

1190 1557 1223 1585 et
1240 1548 1410 1600 reptilia,
1431 1547 1587 1599 deniqne
1605 1547 1668 1585 ubi
1689 1545 1808 1585 omnia
1827 1559 1890 1583 suo
1909 1553 2035 1582 ornatu
2053 1558 2156 1582 exco-

1189 1607 1270 1658 luit,
1287 1617 1321 1647 et
1340 1607 1565 1647 convenienti
1585 1606 1712 1646 ordine
1733 1605 1894 1645 visibilia
1914 1604 2110 1657 disposuit,
2125 1614 2158 1643 et

1191 1684 1350 1708 mensam
1362 1670 1502 1722 largam
1518 1669 1703 1717 instruxit,
1720 1668 1830 1707 variis
1846 1676 1880 1705 et
1893 1666 2090 1718 omnigenis
2103 1681 2158 1704 re-

1190 1732 1317 1770 fertam
1334 1732 1486 1778 eduliis,
1510 1731 1723 1784 copiamque
1738 1739 1771 1768 et
1792 1743 1876 1782 opes
1894 1728 2104 1777 habentem,
2125 1738 2158 1766 et

1191 1790 1290 1840 quasi
1313 1791 1394 1840 quis
1410 1789 1509 1827 dicat
1525 1789 1682 1840 regiam,
1701 1787 1860 1838 undique
1879 1800 2030 1838 superne
2048 1795 2082 1823 et
2099 1786 2155 1823 in-

1191 1852 1286 1889 ferne
1296 1851 1406 1889 variis
1420 1850 1538 1888 modis
1549 1849 1787 1902 splendidam,
1797 1858 1881 1886 tunc
1892 1847 2036 1885 tandem
2051 1847 2156 1884 illum

1190 1912 1319 1949 format
1335 1911 1397 1962 qui
1413 1910 1470 1948 his
1489 1910 1656 1948 omnihus
1674 1909 1850 1947 fruiturus
1870 1916 1979 1955 esset,
1996 1906 2052 1944 cui
2069 1907 2156 1944 visi-

1190 1972 1319 2010 bilium
1346 1971 1506 2010 omnium
1537 1979 1745 2023 potestatem
1768 1968 1909 2016 tradat,
1938 1976 1971 2005 et
1999 1966 2154 2005 ostendit

1189 2042 1321 2084 quanto
1339 2031 1487 2083 dignius
1509 2031 1643 2069 caeteris
1664 2030 1832 2068 omnibus
1851 2028 1983 2066 animal
2005 2028 2151 2076 formet,

1191 2089 1481 2140 quandoquidem
1507 2088 1688 2141 praecipit,
1708 2087 1826 2125 omnia
1847 2101 1925 2137 quae
1945 2087 2035 2124 facta
2054 2095 2154 2124 crant

1190 2150 1258 2187 sub
1285 2150 1383 2187 illius
1413 2163 1488 2187 esse
1512 2148 1662 2201 imperio
1681 2157 1715 2186 et
1740 2156 1924 2200 potestate.
1951 2149 2089 2186 verum
2109 2162 2152 2186 ne
2163 2149 2290 2219 ἓὲοτιέῑιῑὶ
2306 2162 2356 2178 0¹·

2205 2203 2218 2219 Γ
2263 2203 2270 2218 l
2294 2212 2301 2219 α

1190 2211 1332 2263 longius
1344 2219 1514 2249 excurrat
1524 2210 1655 2261 oratio,
1668 2210 1726 2248 his
1740 2209 1894 2248 contenti
1908 2209 2029 2258 dictis,
2047 2210 2081 2247 in
2099 2224 2151 2248 se-

1189 2280 1357 2322 quentem
1385 2271 1480 2309 diem
1502 2284 1716 2323 reponamus
1740 2284 1780 2307 ea
1807 2284 1886 2320 quae
1908 2269 2085 2322 pertinent
2106 2271 2151 2308 ad

1188 2331 1434 2370 formationem
1451 2330 1679 2369 admirabilis
1694 2331 1803 2383 hujus
1818 2330 1983 2369 animalis
1997 2331 2151 2369 rationa-

1187 2394 1235 2432 lis
1247 2402 1280 2432 et
1295 2393 1462 2442 animati,
1479 2392 1635 2431 hominis
1651 2392 1818 2443 inquam,
1832 2406 1927 2430 nunc
1943 2402 2149 2431 consuetam

1188 2453 1469 2493 admonitionem
1496 2453 1727 2501 adhibentes,
1757 2451 1806 2490 ita
1837 2461 1876 2490 ut
1908 2467 1952 2490 ne
1969 2452 2148 2491 dictorum

1190 2515 1359 2554 memoria
1378 2515 1541 2553 elabatur
1561 2529 1568 2550 ε
1596 2513 1658 2552 sed
1683 2527 1729 2551 ex
1749 2513 1916 2551 omnibus
1944 2513 2148 2552 visibilibus·

1190 2577 1238 2615 ad
1263 2575 1516 2615 celebrandum
1536 2574 1732 2612 Dominum
1750 2588 1814 2611 nos
1836 2574 1930 2625 ipsos
1950 2573 2142 2625 erigamus.

1190 2638 1298 2685 Quod
1331 2646 1449 2675 autem
1471 2635 1632 2686 assequi,
1656 2644 1690 2673 et
1717 2643 1959 2672 creaturarum
1986 2635 2147 2673 omnium

1188 2699 1362 2738 rationem
1392 2695 1691 2749 comprehendere
1724 2709 1795 2733 non
1827 2695 2022 2746 possimus,
2042 2695 2081 2734 id
2105 2710 2148 2734 ne

1189 2761 1235 2799 sit
1263 2758 1366 2797 nobis
1394 2756 1652 2795 incredulitatis
1682 2754 1844 2802 occasio,
1867 2754 1928 2792 sed
1957 2754 2076 2806 potius
2101 2756 2171 2809 ad-

1190 2819 1414 2860 referendam.
1428 2820 1503 2856 Deo
1523 2816 1677 2869 gloriam
1696 2815 1976 2853 incitamentum.
1994 2816 2148 2862 Quando

1192 2882 1287 2921 enim
1308 2880 1429 2918 deficit
1456 2878 1569 2928 ratio,
1601 2886 1634 2914 et
1654 2890 1751 2914 mens
1767 2889 1834 2914 non
1855 2885 1906 2914 est
1926 2891 2060 2929 capax,
2082 2892 2145 2916 co-

1193 2944 1266 2996 gita
1300 2955 1409 2993 quam
1437 2951 1587 2990 magnus
1618 2945 1668 2974 est
1705 2935 1881 2974 Dominus
1911 2945 2012 2983 tuus,
2038 2947 2071 2975 et
2103 2952 2148 2976 ex

1149 3013 1171 3043 E
1194 3005 1261 3042 hoc
1282 3003 1384 3055 ipso,
1406 2998 1502 3051 quod
1532 3005 1626 3035 tanta
1646 2996 1691 3034 sit
1713 2997 1788 3048 ejus
1811 2996 1949 3047 virtus,
1981 3006 2020 3034 ut
2039 3011 2150 3049 neque

1195 3064 1368 3103 rationem
1398 3072 1520 3098 eorum
1549 3071 1626 3107 qnae
1659 3056 1705 3094 ab
1733 3056 1796 3094 illo
1823 3057 1915 3095 facta
1948 3067 2029 3096 sunt
2061 3059 2152 3096 scire

1195 3135 1380 3176 queamus.
1412 3119 1486 3157 Hoc
1512 3116 1621 3154 suerit
1648 3115 1739 3167 grati
1764 3116 1902 3166 animi,
1932 3117 2000 3156 hoe
2026 3119 2151 3157 sobriae

140 3275 152 3288 ³¹
169 3263 307 3299 Coislin.
323 3271 376 3305 τὴν
394 3269 559 3313 ὑπερὲολὴν
575 3278 628 3308 τῆς
644 3274 1107 3316 φιλανθρωπίας.»..ἐπεδείξατο,
1145 3279 1248 3313 μῆκθςο

96 3319 196 3354 ἐπειδὴ
214 3321 273 3361 γὰρ
291 3321 370 3356 ἐξέτ.

1189 3321 1343 3352 eOmnes
1378 3324 1459 3358 lenc
1487 3314 1564 3345 Mss.
1597 3311 1760 3345 etsavil.
1790 3321 1912 3355 μνήμην
1939 3316 2157 3357 διαφυλάττειν.

143 3368 158 3391 ¹³
173 3366 275 3398 Savil.
291 3375 324 3400 et
342 3369 437 3402 multi
452 3370 527 3404 Mzs.
558 3377 594 3410 εἰς
610 3376 685 3406 πολὺ
705 3381 811 3415 ,ra-5105.
831 3373 947 3409 Morel.
968 3379 1014 3409 ἐπὶ
1037 3378 1112 3408 πολὺ
1146 3370 1262 3405 Morel.
1279 3377 1401 3413 μνήμην
1415 3373 1459 3409 μὴ
1478 3369 1636 3410 &tufo-1212-

1925 3426 1962 3462 6.
