2516 3791
304 132 395 189 482
712 145 749 174 s.
787 145 966 175 sommis
1003 143 1241 173 ciim'sos‘r.

303 232 469 268 accurrit
482 231 524 267 in
540 241 739 267 occursum
755 230 807 266 eis
822 229 869 264 ab
885 229 981 264 ostio
998 224 1252 262 tabernaculi.

1282 144 1487 173 ARCIHEP.
1525 144 1876 176 CONSTANTINOP.

1326 225 1432 276 φησὶ,
1452 226 1694 278 προσέδραμεν
1729 230 1776 270 εἷς
1805 228 2013 274 συνάντησιν
2045 232 2160 272 αὐτοῖς
2192 230 2261 269 ἀπὸ
2283 235 2346 278 τῆς

303 291 398 337 Bene
418 298 452 327 et
465 290 534 327 hoc
552 289 714 338 verbum,
736 289 932 335 Accurrit,
960 284 1120 336 quadrat,
1138 293 1177 320 ut
1197 283 1253 320 di·
1278 295 1302 325 D
1326 284 1430 336 θύρας
1442 288 1505 331 τῆς
1525 289 1667 332 σκηνῆς.
1690 288 1816 330 Καλῶς
1835 287 1894 325 καὶ
1919 287 1959 325 τὸ
1983 289 2214 341 Προσέδραμε
2231 291 2346 343 πρόσ-

304 364 380 388 scas
393 364 450 388 eos
461 349 561 400 quasi
572 349 709 400 ignotos
715 347 934 399 praeteriisse,
945 354 977 382 et
990 358 1057 381 non
1070 358 1132 382 sua
1148 358 1253 396 spon-

304 421 338 450 te
350 411 395 449 ad
407 410 674 449 tabernaculum
687 408 835 446 venisse.
852 407 1050 457 Propterea,
1063 419 1105 442 ne
1117 405 1253 442 subter-

304 473 441 523 fugeret
460 484 541 509 eum
562 468 745 520 spirituale
766 467 832 504 hoe
849 467 1010 515 lucrum,
1031 466 1094 518 qui
1122 480 1252 504 senue-

304 543 378 582 rat,
393 533 614 578 incanuerat,
631 538 663 567 et
690 528 909 567 centenarius
926 537 1020 577 erat,
1036 528 1202 577 accurrit,
1220 537 1253 566 et

305 607 409 630 eursu
425 590 644 629 alacritatem
661 588 826 627 declarat.
846 591 883 627 E
886 598 900 627 t
920 591 1161 641 conspicatus
1177 603 1252 635 eos,

304 653 438 703 inquit,
460 651 651 688 adorabat
681 663 793 702 saper
821 658 976 698 terram,
1005 653 1041 688 5.
1071 659 1107 688 et
1127 650 1225 687 dixit
1241 666 1251 686 .-

305 713 482 759 Domine,
493 714 526 750 si
540 713 671 749 inveni
685 713 851 763 gratiam
865 725 996 749 coram
1009 719 1057 761 te,
1069 726 1116 749 ne
1132 720 1255 749 trans-

304 789 370 813 eas
391 787 541 812 servum
570 782 690 811 tuum.
725 775 765 810 4.
796 773 981 811 Sumatur
1009 786 1103 810 sane
1133 786 1256 824 aqua,

305 845 341 874 et
359 837 491 874 lavent
517 837 632 887 pedes
650 843 815 883 veserS,
833 843 868 872 et
889 835 1172 887 refriget-amini
1187 837 1256 872 sub

305 899 456 942 arbore,
488 898 523 935 5.
541 904 578 932 et
599 898 787 946 accipiam
806 909 960 946 panem,
983 905 1018 932 ec
1040 895 1256 942 comedetis,

306 967 340 994 el
355 958 519 1008 posthac
535 958 794 1008 praeteribitis‚
817 957 926 1007 cujus
943 958 1070 1007 gracia
1087 955 1260 992 declina-

305 1021 374 1057 stis
389 1019 442 1056 ad
459 1032 608 1056 servum
637 1025 821 1055 vestrum.
846 1016 968 1055 Verba
983 1015 1073 1068 justi
1092 1015 1260 1054 sublimia

306 1079 411 1118 valde
430 1088 523 1117 sunt.
543 1080 665 1130 Neque
682 1087 820 1116 tantum
839 1077 1070 1127 miraculum,
1091 1076 1188 1128 quod
1203 1090 1261 1114 eos

308 1140 511 1193 susceperit,
530 1149 704 1191 quantum
726 1139 822 1190 quod
844 1153 926 1177 cum
945 1148 1039 1176 tanta
1061 1138 1260 1188 alacritate,

307 1211 341 1239 et
359 1200 488 1249 studio,
508 1210 541 1238 et
557 1215 627 1238 non
646 1210 778 1238 attenta
797 1209 859 1238 aut
878 1214 956 1248 sua,
971 1209 1032 1238 aut
1048 1213 1182 1249 eorum,
1200 1199 1262 1250 qui

307 1261 533 1311 advenerant,
547 1271 648 1299 aetate
663 1277 670 1298 :
686 1276 768 1299 nam
785 1262 943 1300 fortassis
960 1261 1176 1300 videbantur
1192 1261 1261 1313 ipsi

302 1323 472 1374 juvenes5
492 1336 605 1373 neque
637 1322 855 1361 existimavit
886 1322 1047 1361 sufficere
1077 1331 1119 1360 ut
1143 1322 1261 1361 verbis

305 1383 493 1421 dumtaxat
503 1383 763 1432 adhortaretur,
774 1385 814 1422 A
817 1385 995 1430 dorabat,
1010 1384 1139 1435 inquit,
1149 1398 1263 1434 super

308 1453 447 1482 terram
465 1445 588 1495 :quasi
611 1444 826 1496 supplicans,
843 1454 876 1482 et
895 1445 1074 1483 efficacem
1093 1445 1260 1483 exhorta-

1271 1477 1319 1504 417

1325 361 1456 392 κειται,
1473 346 1530 384 ἵνα
1558 347 1671 399 μάθῃς
1689 347 1742 385 ὅτι
1760 350 1807 391 ὡς
1821 350 1973 399 ἀγνῶτες
1990 349 2183 401 παρῄεσαν,
2200 351 2259 389 καὶ
2286 355 2349 390 οὐκ

1325 408 1365 445 ἂν
1384 407 1574 458 αὐτόματοι
1601 403 1704 456 ἦλθον
1723 409 1780 447 ἐπὶ
1804 409 1868 456 τὴν
1895 410 2039 457 σκηνήν.
2057 412 2125 449 Διὰ
2153 416 2272 459 τοῦτο,
2291 412 2349 451 ἰ’να

1326 468 1374 521 μὴ
1405 469 1552 522 διαφύγῃ
1583 470 1683 508 αὐτὸν
1711 470 1751 508 τὸ
1785 471 2020 521 πνευματικὸν
2040 475 2143 510 τοῦτο
2169 474 2288 525 κέρδος
2304 503 2313 520 ,
2332 476 2350 511 6

1323 529 1527 583 γεγηρακὼς
1543 561 1552 577 ,
1565 533 1582 568 6
1595 530 1858 582 πεπολιωμένος
1867 561 1877 578 ,
1890 534 1908 570 ὁ
1921 532 2170 580 ἑκατονταέτης
2183 535 2352 586 προστρέ-

1325 607 1402 644 χει,
1423 593 1486 630 καὶ·
1503 592 1558 630 διὰ
1571 597 1631 630 τοῦ
1651 592 1779 644 δρόμου
1802 592 1866 639 τὴν
1882 593 2081 646 προθυμίαν
2101 594 2351 634 ἐπιδείκνυται.

1327 652 1396 690 Καὶ
1417 652 1627 703 θεασάμενος
1645 652 1901 705 προσεκύνησεν
1922 653 1980 690 ἐπὶ
1994 653 2057 701 τὴν
2075 658 2154 706 γῆν,
2173 656 2232 694 καὶ
2252 650 2328 694 εἷπε
2340 672 2348 679 ·

1327 711 1445 764 κύριε,
1466 716 1496 751 εἶ
1517 714 1585 765 ἄρα
1605 707 1703 765 εὗρον
1721 713 1826 765 χάριν
1855 711 2008 751 ἐναντίον
2036 730 2121 762 σου,
2145 715 2193 766 μὴ
2216 715 2354 767 παρέλ-

1327 776 1387 824 θῃς
1402 774 1460 812 τὸν
1479 774 1589 811 παῖδά
1605 789 1679 811 σου.
1696 773 1875 825 Ληφθήτω
1892 775 1932 820 δὴ
1949 773 2042 826 ὕδωρ
2053 806 2062 822 ,
2080 776 2138 813 καὶ
2154 775 2355 828 νιψάτωσαν

1328 833 1407 878 τοὺς
1426 835 1533 878 πόδας
1552 837 1662 886 ὑμῶν,
1695 836 1753 873 καὶ
1783 835 2007 887 καταψύξατε
2043 836 2109 874 ὑπὸ
2135 837 2175 875 τὸ
2206 837 2355 889 δένδρον,

1330 895 1389 932 καὶ
1421 895 1581 947 λήψομαι
1615 896 1730 947 ἄρτον,
1757 895 1817 934 καὶ
1851 896 2022 948 φάγεσθε,
2057 897 2116 935 καὶ
2140 897 2227 949 μετὰ
2255 901 2356 936 τοῦτο

1330 954 1607 1007 παρελεύσεσθε,
1624 950 1661 993 οὗ
1688 956 1814 993 εἵνεκεν
1842 956 2035 1000 ἓξεκλίνατε
2057 958 2142 1009 πρὸς
2171 959 2228 996 τὸν
2249 959 2357 996 παῖδα

1332 1019 1442 1066 ὑμῶν.
1463 1016 1587 1062 Πολλὴ
1609 1019 1678 1054 τῶν
1697 1020 1757 1053 τοῦ
1788 1017 1920 1055 δικαίου
1942 1019 2107 1069 ῥημάτων
2125 1023 2148 1065 ἡ
2169 1019 2357 1071 ὑπερὸολή.

1331 1079 1384 1115 Οὐ
1405 1077 1491 1129 γὰρ,
1507 1076 1561 1115 ὅτι
1580 1075 1788 1124 ὑπεδέξατο,
1811 1081 1927 1128 θαῦμα
1951 1082 2113 1117 τοσοῦτον
2142 1082 2205 1125 τῆς
2227 1082 2358 1130 προθυ-

1333 1138 1430 1189 μίας,
1453 1139 1530 1176 ἀλλ’
1546 1137 1600 1176 ὅτι
1618 1137 1706 1189 μετὰ
1725 1137 1897 1185 τοσαύτης
1911 1140 2063 1185 σπουδῆς
2076 1168 2086 1186 ,
2106 1138 2166 1177 καὶ
2182 1139 2259 1177 οὔτε
2274 1138 2360 1190 πρὸς

1331 1198 1394 1247 τὴν
1430 1202 1552 1237 ἑαυτοῦ
1584 1198 1724 1245 ἡλικίαν
1752 1198 1898 1247 ἀπιδὼν,
1917 1199 1995 1238 οὔτε
2015 1200 2101 1251 πρὸς
2120 1199 2198 1243 τοὺς
2216 1200 2360 1252 παριόν-

1332 1259 1516 1308 τας(ἴσως
1540 1259 1607 1310 γὰρ
1633 1259 1703 1297 νέοι
1732 1259 1820 1303 τινὲς
1846 1262 1941 1312 αὐτῷ
1967 1260 2263 1313 κατεφαίνοντο),
2281 1259 2360 1298 οὐδὲ

1332 1320 1476 1371 νομίσας
1493 1322 1610 1372 ἀρκεῖν
1629 1323 1692 1368 τὴν
1710 1320 1766 1358 διὰ
1787 1324 1854 1359 τῶν
1873 1321 1986 1372 λόγων
2013 1321 2115 1373 μόνον
2140 1321 2357 1374 προτροπὴν,

1331 1382 1602 1433 Προσεκύνησε,
1620 1382 1738 1433 φησὶν,
1760 1382 1817 1419 ἐπὶ
1849 1381 1912 1429 τὴν
1944 1384 2022 1432 γῆν,
2051 1382 2234 1435 μονονουχὶ
2265 1386 2362 1421 καθι-

1334 1443 1494 1491 κετεύων,
1516 1444 1573 1482 καὶ
1595 1443 1746 1495 σφοδρὰν
1765 1443 1829 1490 τὴν
1849 1443 2071 1496 παράκλησιν
2088 1444 2288 1496 προσάγων,
2304 1443 2361 1482 ἵνα

307 1506 438 1544 tionem
457 1506 617 1554 afferens,
633 1515 671 1543 ut
688 1519 730 1543 ne
747 1515 933 1558 putaretur
946 1507 1184 1558 perfunctorie
1198 1507 1261 1544 ad-
1287 1515 1310 1542 A
1335 1505 1383 1556 μὴ
1417 1508 1564 1556 νομισθῇ
1600 1506 1718 1548 ἁπλῶς
1745 1503 1963 1556 ίιοἷιροσιώσει
1995 1505 2268 1557 προτρέπεσθαι.
2291 1504 2360 1543 Διὰ

307 1566 454 1604 hortari.
477 1566 523 1603 Et
542 1565 674 1603 ideireo
703 1565 827 1604 divina
853 1566 1036 1618 Scriptura
1063 1577 1261 1606 monstrans

308 1627 410 1664 nobis
433 1626 522 1678 justi
544 1626 713 1664 virtutem
734 1626 971 1675 ineffabilem,
987 1627 1126 1678 inquit:
1144 1628 1260 1665 Ado-

308 1689 422 1724 rabat
440 1700 554 1737 super
573 1696 729 1734 terram,
746 1695 779 1724 et
796 1687 952 1738 gestibus
965 1717 974 1733 ‚
994 1696 1027 1724 et
1053 1688 1173 1741 verbis
1187 1703 1262 1726 ma-

308 1762 416 1799 gnum
437 1747 626 1797 servorem,
649 1747 828 1798 egregiam
863 1747 974 1784 animi
1004 1747 1262 1798 humilitatem,

308 1822 483 1845 summam
501 1807 780 1859 hospitalitatem
799 1816 832 1844 et
854 1807 1063 1846 immensam
1088 1809 1263 1847 sollicitu-

308 1868 426 1905 dinem
459 1868 673 1906 declarabat.
704 1869 759 1905 Et
794 1882 875 1905 eum
907 1868 1106 1919 adorasset,
1129 1870 1262 1921 inquit,

310 1931 407 1966 ‹lii-ii
420 1946 430 1965 :
444 1930 624 1979 Domine,
638 1933 670 1966 si
683 1932 815 1967 inveni
829 1933 994 1982 gratiam
1009 1944 1138 1968 coram
1153 1940 1200 1979 te,
1216 1947 1264 1970 ne

308 1998 509 2039 prcetereas
540 2004 690 2028 servum
720 1998 840 2027 luam.
875 1990 965 2036 Quis
996 2006 1062 2043 pro
1093 1991 1266 2043 dignitate

311 2049 658 2101 laudaveritjustum
677 2051 799 2088 hunc?
812 2052 868 2088 vel
884 2066 955 2101 quo
968 2061 1073 2103 pac-to
1090 2067 1171 2090 eum
1184 2054 1266 2104 qvis

313 2111 509 2148 innumeris
527 2111 631 2148 eiiam
660 2112 764 2149 labiis
792 2112 985 2164 praedicet?
1010 2113 1137 2151 Dicere
1158 2115 1264 2163 enim,

316 2172 497 2219 Domine,
517 2186 585 2209 non
606 2172 739 2209 insoliti
759 2181 809 2210 est
826 2187 929 2221 usus,
945 2172 1062 2211 dicere
1077 2184 1206 2223 auten),
1225 2176 1266 2213 Sl

315 2235 354 2269 in
363 2236 449 2270 veni
465 2235 632 2284 gratiam
648 2235 688 2269 ιή
707 2234 830 2270 oculis
852 2236 940 2279 tais,
956 2234 1024 2271 hoc
1041 2244 1090 2272 est
1105 2235 1264 2274 admira-

315 2293 400 2330 bile.
415 2293 653 2342 Beneficium,
674 2293 810 2343 inquit,
827 2293 907 2339 das,
928 2309 995 2332 non
1013 2296 1154 2348 accipis.
1174 2299 1268 2336 Vere

165 2382 303 2418 ‘}1.›„pna-
318 2353 411 2391 enim
426 2353 633 2405 hujusmodi
654 2369 708 2391 rcs
737 2354 959 2406 hospitalitas
978 2365 1043 2405 est,
1066 2371 1136 2407 qua
1155 2358 1268 2409 magis

119 2423 305 2450 ludit-mlum
319 2415 448 2468 aceipit
477 2430 582 2466 quam
606 2415 688 2464 dat,
708 2416 767 2467 qui
790 2416 887 2453 illam
904 2427 1040 2469 promte
1059 2427 1091 2455 et
1108 2419 1270 2458 alacriter

119 2466 176 2491 dat.

319 2487 468 2516 exercet.
487 2480 527 2515 At
548 2478 679 2528 nequis
693 2478 996 2530 auditorumjusti
1019 2480 1186 2518 virtutem
1202 2482 1270 2519 mi-

320 2554 430 2577 nuens
440 2569 450 2588 ,
467 2539 646 2576 existimet
660 2553 741 2576 cum
757 2553 905 2590 gnarum
919 2540 1040 2590 quales
1055 2541 1107 2578 illi
1120 2542 1249 2579 fuerint
1259 2573 1270 2592 ,

320 2600 395 2637 haec
414 2600 604 2651 loquutum
623 2613 696 2637 csse
712 2614 845 2650 :neque
863 2600 972 2644 enim,
998 2610 1035 2638 ut
1055 2616 1146 2653 saepe
1164 2603 1271 2641 etiam

321 2660 457 2698 dictum
489 2670 560 2709 est,
583 2674 751 2711 magnum
779 2661 952 2712 quiddam
981 2662 1052 2700 tale
1080 2663 1223 2713 fuisset,
1243 2665 1271 2702 si

324 2722 435 2759 sciens
453 2721 620 2770 dixisset5
635 2721 695 2759 sed
708 2721 920 2760 admirabile
933 2731 966 2760 et
983 2723 1197 2775 stupendum
1211 2734 1273 2774 est,

323 2797 402 2819 eum
422 2782 523 2832 quasi
542 2782 704 2820 homines
722 2782 977 2833 alloquentem,
996 2784 1079 2821 talia
1098 2784 1207 2822 verba
1223 2784 1275 2822 lo-

323 2843 396 2893 qui.
418 2844 470 2879 Ne
491 2842 676 2880 admireris
697 2852 834 2891 autem,
854 2844 949 2894 quod
978 2858 1060 2883 cum
1082 2854 1150 2883 tres
1168 2859 1274 2883 exce-

1334 1566 1375 1613 δὴ
1394 1571 1496 1603 τοῦτο
1516 1565 1574 1603 καὶ
1593 1569 1615 1611 ἡ
1651 1565 1725 1603 θεία
1746 1565 1869 1617 Γραφὴ
1903 1566 2106 1604 δεικνύουσα
2137 1569 2198 1604 τοῦ
2227 1565 2359 1604 δικαίου

1333 1625 1398 1672 τὴν
1416 1625 1550 1672 πολλὴν
1570 1626 1629 1663 καὶ
1649 1625 1779 1677 ἄφατον
1803 1625 1943 1676 ἀρετὴν,
1969 1625 2073 1678 φησί·
2093 1626 2361 1678 Προσεκύνησεν

1335 1686 1392 1723 ἐπὶ
1408 1686 1470 1732 τὴν
1489 1688 1568 1736 γῆν,
1587 1685 1646 1724 καὶ
1661 1685 1718 1723 διὰ
1743 1689 1802 1723 τοῦ
1823 1685 2026 1738 σχήματος,
2045 1686 2104 1724 καὶ
2130 1687 2186 1724 διὰ
2209 1690 2277 1724 τῶν
2298 1689 2360 1738 ῥη-

1337 1747 1457 1797 μάτων
1476 1746 1610 1794 πολλὴν
1624 1746 1687 1794 τὴν
1703 1746 1900 1799 θερμότητα
1915 1747 2212 1797 ἐπιδεικνύμενος,
2229 1747 2362 1795 πολλὴν

1336 1808 1399 1856 τὴν
1416 1807 1748 1860 ταπεινοφροσύνην,
1770 1808 1937 1858 μεγίστην
1963 1807 2027 1855 τὴν
2046 1808 2250 1860 φιλοξενίαν,
2271 1807 2363 1859 ἄφα-

1336 1886 1394 1908 τον
1414 1870 1475 1918 τὴν
1505 1870 1728 1920 κηδεμονίαν.
1749 1869 1821 1907 Καὶ
1845 1870 2111 1922 προσκυνήσας,
2127 1870 2244 1922 φησιν,
2266 1864 2341 1907 εἷπε
2354 1885 2361 1892 ·

1338 1932 1434 1984 κύριε
1447 1962 1455 1978 ,
1477 1935 1507 1970 εἰ
1527 1932 1594 1984 ἄρα
1610 1926 1708 1983 εῧρον
1724 1930 1827 1984 χάριν
1849 1931 2001 1970 ἐναντίον
2022 1948 2082 1970 σου
2094 1961 2104 1978 ,
2120 1931 2168 1982 μὴ
2188 1930 2364 1983 παρέλθῃς

1337 1992 1396 2030 τὸν
1416 1992 1525 2030 παῖδά
1548 2008 1620 2031 σου.
1636 1992 1683 2030 Τί
1702 1991 1742 2030 ἄν
1760 2008 1813 2035 τις
1829 1993 1906 2030 κατ’
1924 1992 2022 2036 ἀξίαν
2042 1992 2132 2030 εἴποι
2150 1996 2210 2030 τοῦ
2231 1991 2364 2030 δικαίου

1337 2053 1480 2100 τούτου;
1501 2053 1522 2100 ἢ
1542 2056 1617 2096 πῶς
1636 2054 1677 2091 ἄν
1697 2069 1748 2097 τις
1774 2053 1875 2091 αὐτὸν
1904 2053 2039 2105 μυρίοις
2067 2053 2236 2104 στόμασιν
2257 2056 2365 2104 ἐγκω-

1340 2113 1495 2164 μιάσειε;
1516 2114 1568 2151 Τὸ
1598 2113 1659 2163 μὲν
1687 2113 1754 2164 γὰρ
1779 2115 1902 2158 εἰπεῖν,
1921 2113 2046 2164 Κύριε,
2072 2117 2141 2151 τῶν
2171 2113 2366 2165 ἐγχωρούν-

1340 2190 1407 2211 των
1426 2174 1518 2212 ἐστί·
1535 2175 1574 2212 τὸ
1606 2174 1642 2211 δὲ
1666 2174 1792 2225 λέγειν,
1812 2176 1857 2212 Εἰ
1877 2175 1944 2226 ἄρα
1964 2169 2061 2226 εὗρον
2080 2174 2183 2226 χάριν
2211 2174 2364 2212 ἐναντίον

1341 2251 1420 2281 σου,
1441 2234 1543 2272 τοῦτό
1561 2235 1688 2272 ἔστιτὸ
1701 2234 1906 2286 παράδοξον.
1924 2234 2049 2287 Χάριν,
2067 2236 2170 2288 φησὶ,
2188 2236 2286 2278 δίδως
2298 2264 2307 2280 ,
2328 2237 2366 2273 οὗ

1340 2295 1542 2345 λαμὲάνεις.
1558 2297 1724 2333 Τοιοῧτον
1740 2296 1807 2346 γὰρ
1823 2298 1960 2342 ἀληθῶς
1974 2299 1996 2341 ἦ
2022 2296 2196 2348 φιλοξενία
2210 2313 2216 2319 ·
2233 2298 2365 2347 μᾶλλον

1340 2357 1532 2407 λαμὸάνει,
1561 2356 1582 2401 ἢ
1611 2356 1749 2394 δίδωσιν
1781 2359 1798 2394 6
1829 2356 1916 2406 μετὰ
1946 2358 2140 2408 προθυμίας
2166 2357 2272 2404 αὐτὴν
2293 2359 2367 2396 ἐπι-

1343 2417 1575 2467 δεικνύμενος.
1594 2417 1698 2455 ’Ama
1721 2417 1841 2468 μηδεὶς
1855 2419 1923 2455 τῶν
1941 2422 2051 2457 ταῦτα
2075 2419 2267 2460 ἀκουόντων
2288 2423 2367 2458 ὓπο-

1342 2479 1519 2529 τεμνέσθω
1534 2482 1593 2517 τοῦ
1619 2478 1754 2516 δικαίου
1774 2479 1836 2526 τὴν
1862 2479 2001 2531 ἀρετὴν,
2017 2480 2077 2518 καὶ
2107 2481 2275 2531 νομιζέτω
2287 2509 2296 2526 ,
2313 2481 2366 2519 ὅτι

1343 2539 1440 2583 εἰδὼς
1459 2540 1546 2583 τίνες
1565 2542 1596 2578 οἱ
1615 2539 1908 2591 παραγεγονότες,
1927 2544 2038 2578 ταῦτα
2056 2541 2253 2592 ἐφθέγγετο.
2273 2541 2366 2580 Οὐδὲ

1343 2600 1410 2652 γὰρ
1431 2600 1483 2648 ἂν,
1507 2600 1620 2644 καθὼς
1645 2601 1704 2639 καὶ
1723 2600 1892 2644 πολλάκις
1912 2601 2065 2653 εἴρηται,
2087 2601 2178 2653 μέγα
2206 2618 2240 2640 τι
2264 2605 2366 2640 τοῦτο

1344 2657 1399 2709 ἦν,
1427 2665 1455 2700 εἰ
1476 2662 1572 2705 εἰδὼς
1603 2667 1714 2701 ταῦτα
1733 2663 1850 2714 ἔλεγεν
1866 2679 1873 2686 ·
1895 2662 1985 2700 ἀλλὰ
2019 2664 2058 2702 τὸ
2083 2665 2282 2714 θαυμαστὸν
2306 2665 2365 2703 καὶ

1345 2723 1537 2774 παράδοξον
1562 2723 1666 2761 τοῦτό
1689 2726 1795 2769 ἐστιν,
1821 2723 1875 2762 ὅτι
1894 2727 1942 2767 ὡς
1965 2724 2158 2776 ἀνθρώποις
2175 2725 2366 2778 προσφερό-

1347 2799 1463 2833 μενος,
1484 2788 1627 2823 τοιαῦτα
1654 2785 1837 2836 ἐφθέγγετο
1869 2785 2023 2837 ῥήματα.
2051 2785 2112 2831 Μὴ
2133 2786 2314 2838 θαυμάσῃς
2333 2785 2369 2824 δὲ

1346 2846 1374 2882 εἰ
1407 2847 1510 2896 τριῶν
1530 2846 1637 2883 ὄντων
1660 2849 1728 2883 τῶν
1748 2846 2013 2898 ὑποδεχομένων
2033 2849 2079 2890 ὡς
2098 2846 2183 2899 πρὸς
2211 2848 2269 2885 ἕνα
2287 2864 2372 2901 προ-

324 2904 429 2956 perit,
451 2904 496 2941 ad
524 2919 634 2942 unum
664 2920 699 2943 sc
728 2906 938 2943 converterit
962 2906 1102 2957 justus,
1132 2906 1275 2956 dicens,
1301 2916 1324 2946 C
1346 2906 1540 2956 τεινόμενος
1571 2910 1589 2945 6
1612 2907 1741 2950 δίκαιος
1762 2906 1876 2958 λέγει,
1898 2907 2014 2960 Κύριε.
2036 2907 2139 2952 Ἴσως
2159 2907 2228 2961 γὰρ
2255 2909 2369 2946 ἐπιδο-

326 2967 506 3003 Domine.
532 2966 704 3004 fortassis
722 2966 816 3003 enim
845 2981 935 3004 unus
955 2966 1128 3004 illustrior
1147 2967 1278 3006 caetcris

325 3026 533 3079 apparebat,
546 3026 591 3063 ad
604 3041 708 3077 quem
722 3026 1003 3065 exhortationem
1017 3041 1118 3065 suam
1133 3042 1279 3066 convcr-

1350 2968 1482 3020 ξότερός
1502 2985 1554 3012 τις
1573 2971 1641 3006 τῶν
1658 2969 1824 3007 ἐλθόντων
1844 2969 1968 3021 ἐφάνη,
1987 2970 2072 3021 πρὸς
2084 2969 2121 3007 ὃν
2141 2976 2289 3008 ποιεῖται
2311 2969 2370 3008 καὶ

1351 3029 1412 3075 τὴν
1433 3029 1667 3082 παράκλησιν.
1688 3024 1777 3069 Εἶτα
1804 3030 1935 3082 προϊὼν
1964 3037 2151 3069 κοινοποιεὶ
2179 3031 2236 3069 τὸν
2255 3031 2370 3083 λόγον,

369 3161 381 3174 a
409 3148 564 3193 Ᾱῗοςμρςει
602 3150 835 3192 Ῐιιτ(·βιιιειοκ·ῐε.
852 3151 922 3182 Hac
941 3162 1020 3183 voce
1036 3149 1152 3183 codem
1167 3151 1263 3184 sens'u
1279 3153 1330 3184 in-
1369 3164 1442 3185 usus
1465 3154 1771 3196 interpretationem
1788 3152 1887 3186 affert
1909 3165 1915 3184 ε
1941 3157 2164 3200 ἀφοσιούμενοι,
2180 3160 2208 3189 ἐν
2225 3158 2372 3198 ὑποκρίσει

326 3203 374 3234 fra
399 3204 501 3234 utitur
518 3201 775 3245 Chrysoslouius
791 3220 795 3235 ;
817 3214 923 3245 neque
940 3203 1127 3245 infrequens
1147 3203 1241 3246 liujus
1259 3216 1333 3236 usus
1367 3209 1544 3244 θωπεύοντες
1556 3230 1565 3246 ,
1589 3216 1731 3248 resuta-‚reg
1745 3217 1751 3236 :
1764 3218 1824 3249 per
1835 3207 2076 3240 simulationem
2096 3215 2127 3240 et
2143 3207 2372 3241 adulationem

327 3254 413 3297 apud
432 3254 603 3287 doctorem
622 3270 627 3287 2
647 3255 702 3296 qui
717 3256 814 3286 etiam
830 3260 1016 3299 ἀφοσιοῦσθαι
1031 3264 1166 3298 usurpat
1179 3255 1331 3299 quando-
1366 3257 1507 3290 colentes
1519 3285 1526 3299 ‚
1545 3257 1752 3290 honorantes.

327 3321 388 3351 qm·
416 3319 474 3350 pro
498 3306 720 3350 perfunctorie
746 3318 855 3350 agere.
888 3307 1070 3351 Hesychius
1093 3307 1188 3351 longe
1211 3307 1331 3342 diversi
