2516 3791
335 160 428 223 898
761 174 782 205 s
791 194 801 205 .

334 258 525 296 utilitatem
541 257 704 307 afferant,
725 266 760 296 et
778 257 839 295 alii
859 255 1025 309 martyrii
1043 268 1209 293 coronam
1225 269 1289 294 no-

333 319 390 358 bis
403 319 575 372 plectant,
590 328 629 357 ut
645 318 875 365 ostendimus,
889 317 951 354 alii
964 329 1089 354 rursus
1107 315 1196 353 dum
1210 329 1290 368 pec-

335 389 413 418 cata
423 381 526 419 nobis
542 380 772 433 exprobrant,
785 393 848 416 nos
860 379 974 430 justos
989 376 1150 424 reddant,
1167 390 1291 427 quem—

334 442 533 480 admodum
557 441 687 479 accidit
713 441 748 478 in
771 439 973 492 publicano,
996 451 1061 475 cur
1081 437 1118 475 in
1137 437 1218 475 illos
1237 437 1289 475 ef-

335 503 484 542 ferimur
496 513 529 541 et
542 501 858 541 excandescimus?
875 501 927 537 Ne
939 498 1139 537 dixerimus
1152 498 1290 549 itaque:
1314 517 1337 546 p,

335 565 402 603 Ille
428 579 484 602 me
502 564 666 602 atrociter
689 562 861 611 irritavit,
881 561 943 599 ille
965 575 1023 599 me
1050 559 1231 613 perpulit,
1254 568 1292 597 ut

337 626 493 664 dicerem
522 627 705 664 inhonesta
736 625 846 663 verba
877 640 885 661 ε
912 638 976 662 nos
1003 622 1138 673 ubique
1164 621 1291 660 talium

151 704 196 733 Ne
215 705 326 733 ammo„
341 702 443 726 causa
465 702 600 727 sumus.
622 688 714 725 Nam
733 686 762 724 si
777 685 930 724 velimus
959 683 1227 737 philosophari,
1249 697 1293 721 ne

135 747 256 784 quidem
276 749 478 788 ¹¹⁰³daemon
503 743 648 800 quidem
670 748 799 801 poterit
826 761 889 785 nos
906 746 954 784 ad
972 745 1062 783 iram
1083 744 1258 784 concitare
1280 761 1288 781 τ

136 788 173 815 ad
254 789 327 817 iram

136 831 281 858 concitare

136 876 242 908 potest.

142 1868 259 1938 xiffiReg.
274 1867 323 1904 24.

143 1919 152 1939 ι
184 1931 190 1938 .

140 1986 257 2013 iham.
278 1993 322 2021 ¹7-

340 811 447 862 idque
465 811 577 862 liquet
600 819 677 848 tum
699 823 744 847 ex
761 809 841 846 aliis
867 807 1128 860 compluribus,
1150 815 1227 844 tum
1247 820 1293 844 ex

338 873 404 910 hae
426 873 502 925 ipsa
528 886 606 923 quae
634 885 728 909 nunc
748 871 785 908 in
807 869 973 908 manibus
998 878 1049 907 est
1074 867 1222 905 historia
1247 867 1292 905 de

337 934 488 983 Davide‚
506 946 615 984 quam
634 946 747 985 operae
774 932 930 984 pretium
951 929 1059 968 fuerit
1079 938 1113 967 et
1130 928 1237 966 hodie
1255 928 1292 967 in

336 997 495 1035 medium
514 996 654 1042 afferre,
678 994 707 1031 si
726 993 826 1046 prius
845 993 1030 1030 caritatem
1055 999 1210 1030 vestram
1230 990 1292 1029 ad-

337 1059 600 1107 monuerimus,
638 1057 787 1095 ubinam
822 1068 937 1107 nuper
977 1053 1291 1091 terminaverimus

337 1121 551 1160 concionem.
574 1120 648 1158 Ubi
679 1119 790 1171 igitur
817 1131 894 1155 eam
922 1114 1222 1153 terminavimus?
1249 1115 1291 1152 In

337 1183 565 1221 excusatione
595 1180 762 1219 Davidis.
800 1177 956 1218 Proinde
987 1191 1124 1219 necesse
1154 1185 1219 1225 est,
1252 1185 1291 1214 ut
1315 1190 1339 1220 c

337 1245 443 1283 hodie
459 1245 562 1282 vobis
579 1243 698 1282 Saulis
720 1242 830 1281 verba
850 1241 1057 1289 referamus,
1076 1252 1146 1290 quo
1165 1237 1292 1276 videa-

337 1321 417 1344 mus
439 1306 528 1357 quid
551 1305 612 1343 hic
635 1303 681 1342 ad
700 1302 936 1356 justissimam
963 1301 1063 1339 illius
1092 1301 1292 1339 excusatio-

336 1382 418 1406 nem
439 1367 671 1420 responderit.
701 1367 826 1415 Neque
856 1365 950 1403 enim
969 1378 988 1401 e
1005 1362 1124 1401 verbis
1153 1371 1293 1400 tantum

336 1445 415 1481 quae
435 1429 556 1467 David
583 1429 754 1479 loquutus
786 1436 851 1477 est,
878 1425 1114 1464 verumetiam
1136 1438 1154 1462 e
1172 1423 1292 1462 Saulis

336 1491 508 1537 oratione,
523 1489 674 1527 Davidis
689 1488 859 1526 virtutem
873 1486 1126 1539 perspiciemus
1141 1501 1149 1521 :
1168 1499 1249 1522 nam
1263 1484 1292 1522 si

337 1551 424 1589 Saul
454 1549 591 1601 aliquid
613 1548 754 1602 placide
782 1556 1031 1597 mansueteque
1053 1546 1290 1598 responderit,

337 1611 446 1663 hujus
458 1606 746 1647 causamDavidi
763 1606 1033 1659 imputabimus,
1053 1605 1115 1655 qui
1127 1605 1293 1642 immuta-

338 1670 385 1708 rit
407 1669 587 1707 hominem
595 1699 605 1717 ,
630 1667 762 1719 quique
789 1665 978 1714 erudierit,
997 1673 1031 1702 et
1048 1665 1094 1702 ad
1119 1663 1292 1702 sobrieta-

340 1741 411 1770 tem
425 1730 662 1783 composuerit
686 1729 786 1768 illius
811 1727 985 1766 animum.
1004 1726 1101 1773 Quid
1122 1726 1233 1778 igitur
1245 1724 1296 1763 ait

339 1793 456 1832 Saul?
479 1795 713 1843 Posteaquam
737 1789 899 1828 audierat
923 1788 1294 1841 Davidiuloquentem,

341 1857 443 1893 Ecce
471 1856 619 1893 lacinia
653 1853 877 1901 chlamydis
897 1860 971 1889 tuoe
990 1853 1032 1888 in
1050 1864 1170 1888 manu
1192 1863 1292 1897 mea,

339 1917 480 1968 aliaque
502 1925 629 1954 cuncta
655 1929 734 1966 quae
769 1913 805 1951 in
839 1912 1104 1951 excusationem
1137 1911 1257 1950 attulit
1286 1926 1294 1947 :
1320 1916 1345 1946 D

342 1981 381 2017 V
376 1994 439 2026 ox,
463 1977 591 2030 inquit,
608 1979 685 2016 ista
705 1984 786 2026 tua,
814 1975 876 2025 fili
895 1974 1055 2011 David?
1077 1974 1219 2020 Quanta
1235 1988 1296 2011 su-

340 2041 415 2079 bito
432 2041 523 2078 facta
546 2048 599 2077 est
617 2036 787 2076 mutatio!
807 2035 879 2083 Qui
902 2034 1297 2087 numquamsfsustinue-

340 2112 395 2140 rat
425 2102 529 2139 illum
562 2101 620 2139 vel
650 2098 807 2151 simplici
834 2111 962 2137 vocare
994 2097 1155 2146 nomine,
1181 2096 1297 2149 ipsam

340 2164 449 2201 etiam
470 2161 748 2215 appellationem
767 2159 904 2197 habens
927 2172 1085 2208 exosam,
1100 2172 1196 2197 nunc
1212 2158 1297 2197 ado-

340 2232 417 2275 ptat
433 2237 514 2260 eum
533 2223 567 2259 in
581 2220 841 2272 cognationem,
858 2218 1043 2270 appellans
1069 2232 1150 2256 eum
1168 2217 1297 2255 filium.

341 2284 441 2331 Quid
469 2283 579 2335 igitur
603 2281 744 2320 Davide
770 2279 930 2328 felicius,
959 2279 1021 2329 qui
1047 2294 1092 2317 ex
1118 2278 1298 2316 homicida

340 2347 426 2385 fecit
453 2354 611 2397 patrem,
641 2357 660 2380 c
683 2343 768 2394 lupo
797 2355 918 2389 ovem,
939 2341 1000 2391 qui
1021 2340 1199 2382 fornacem
1224 2341 1298 2378 ira-

342 2408 480 2447 eundize
505 2406 616 2444 multo
643 2403 807 2456 implevit
829 2417 927 2451 rore,
965 2403 1026 2454 qui
1054 2412 1299 2455 tempestatem

341 2470 447 2508 vertit
499 2468 535 2505 in
587 2465 900 2517 tranquillitatem,
945 2464 1078 2515 quique
1122 2473 1299 2502 tumorem
1322 2478 1347 2507 Ε

343 2544 484 2568 omnem
511 2529 562 2566 ira
584 2526 809 2566 exaestuantis
829 2525 938 2563 animi
963 2525 1154 2563 restinxit?
1179 2526 1300 2565 Verba

342 2592 475 2644 quippe
499 2589 650 2628 Davidis
675 2589 830 2639 ingressa
846 2588 881 2625 in
901 2587 1062 2625 animum
1088 2587 1188 2624 istius
1217 2588 1300 2624 effe-

343 2654 542 2700 1·ati‚totam
555 2653 647 2689 lianc
660 2651 882 2703 perfecerunt
896 2649 1191 2697 immutationem,
1205 2648 1300 2700 quod

345 2731 363 2753 e
387 2716 504 2753 Saulis
528 2714 648 2753 verbis
676 2711 920 2765 deprehendas
940 2711 1035 2749 licet.
1061 2712 1184 2762 Neque
1206 2712 1299 2749 enim

344 2778 453 2827 dixit,
480 2778 665 2814 Sermones
693 2775 743 2813 tui
772 2774 845 2824 isti,
865 2774 918 2811 fili
938 2773 1088 2811 David?
1110 2772 1194 2822 sed,
1217 2774 1300 2811 Vox

346 2848 413 2877 tua
431 2843 520 2886 ista,
537 2839 602 2889 fili
624 2838 780 2875 David?
799 2835 888 2874 adeo
916 2849 1002 2873 mox
1032 2834 1077 2873 ad
1104 2835 1219 2887 ipsam
1237 2849 1301 2874 vo-

345 2915 422 2939 cem
447 2900 606 2937 incaluit.
625 2898 670 2936 Et
695 2897 1000 2950 quemadmodum
1023 2905 1123 2949 pater
1136 2911 1181 2935 ex
1195 2897 1300 2948 longo

347 2962 534 2999 intervallo
564 2960 686 2997 audita
713 2961 778 2997 lilii
807 2958 1016 2997 revertentis
1035 2972 1141 3005 voce,
1166 2973 1234 2996 non
1255 2958 1302 2997 ad

347 3032 573 3075 conspectum
594 3022 699 3059 modo
723 3022 837 3069 illius,
858 3020 1091 3059 verumetiam
1120 3020 1165 3059 ad
1186 3021 1300 3073 ipsam

347 3100 469 3123 vocem
493 3084 667 3121 excitatur
691 3099 698 3119 :
720 3083 770 3120 sic
802 3092 836 3120 et
861 3083 961 3130 Saul,
990 3082 1097 3120 simul
1128 3091 1165 3120 ut
1193 3083 1298 3120 verba
1312 3112 1359 3136 777

348 3146 500 3184 Davidis
514 3146 550 3183 in
566 3145 724 3182 animum
751 3144 906 3195 ingressa
926 3152 1020 3191 sunt,
1035 3143 1163 3195 abjecit
1183 3143 1300 3181 inimi-
1328 3149 1347 3177 Α

349 3208 638 3259 citiam,jamque
659 3215 820 3243 sanctum
839 3204 997 3256 agnovit,
1012 3205 1198 3257 positoque
1214 3205 1300 3243 affe-

349 3281 420 3320 ctu,
435 3269 567 3322 reecpit
590 3269 767 3308 affectum.
781 3268 966 3320 Siquidem
993 3268 1104 3321 posita
1125 3268 1190 3317 ira,
1206 3281 1299 3306 recc-

394 3389 407 3402 υ
432 3379 512 3420 Reg.
533 3387 614 3410 unus
631 3381 655 3411 οἱ
672 3379 749 3417 λόγοι
768 3390 816 3409 σου
832 3375 921 3409 οὗτοι.

838 173 1019 205 JOANMS
1054 172 1294 203 CHRYSOST.
1339 174 1544 205 ARCHIEP.
1582 175 1934 206 CONSTANTINOP-

1363 255 1487 306 ξαμεν,
1512 259 1543 296 οἱ
1572 256 1608 296 δὲ
1633 257 1676 299 τὰ
1695 257 1937 311 ἁμαρτήματα
1955 261 2056 310 ἡμῶν
2072 259 2300 312 ὑποσύρωσι,
2325 263 2384 301 καὶ

1362 318 1515 362 δικαίους
1543 321 1637 369 ἡμᾶς
1666 320 1905 372 ἐργάζωνται,
1937 319 2058 373 ὥσπερ
2074 321 2133 359 ἐπὶ
2151 325 2211 359 τοῦ
2231 322 2382 362 τελώνου

1361 378 1481 430 γέγονε
1494 409 1503 426 ,
1524 379 1615 423 τίνος
1636 380 1750 418 ἕνεκεν
1770 380 2023 432 ἕκθηριούμεθα
2042 382 2128 433 πρὸς
2147 383 2287 430 αὐτούς;
2322 383 2384 431 Μὴ

1361 440 1474 478 τοίνυν
1501 440 1678 492 λέγωμεν·
1706 443 1724 479 ὁ
1750 441 1844 480 δεῖνά
1868 457 1910 492 με
1933 442 2131 493 παρώξυνε,
2164 444 2223 481 καὶ
2252 447 2270 482 ὃ
2293 445 2387 483 δεῖνά

1364 517 1408 552 με
1438 501 1637 555 προήγαγεν
1663 504 1772 541 εἰπεῖν
1804 503 1945 555 ῥήματα
1976 503 2124 557 αἰσχροί·
2153 508 2256 555 ἡμεῖς
2283 505 2387 544 αἴτιοι

1363 568 1544 616 πανταχοῦ
1564 563 1711 602 τούτων.
1733 564 1795 603 Ἂν
1810 565 1877 618 γὰρ
1898 565 2052 616 θέλωμεν
2069 567 2286 618 φιλοσοφεῖν,
2308 566 2386 606 οὐδὲ
2434 576 2438 577 ’

1365 624 1497 675 δαίμων
1510 628 1603 675 ἡμᾶς
1618 625 1803 671 δυνήσεται
1819 627 2056 678 κινῆσαιπρὸς
2071 627 2178 680 ὀργήν
2191 641 2198 650 ·
2214 627 2274 666 καὶ
2287 631 2388 668 τοῦτο

1365 686 1470 732 δῆλον
1495 687 1553 725 καὶ
1581 686 1614 731 ἐξ
1637 687 1751 724 ἄλλων
1781 686 1844 738 μὲν
1869 689 2029 734 πολλῶν,
2059 688 2118 726 καὶ
2142 687 2205 726 ἀπ’
2230 691 2335 735 αὐτῆς
2351 688 2387 728 δὲ

1364 750 1427 793 τῆς
1444 747 1676 799 προκειμένης
1702 753 1787 799 ἡμῖν
1820 748 1973 800 ἱστορίας
2000 752 2062 795 τῆς
2086 748 2166 801 περὶ
2187 752 2246 787 τοῦ
2266 748 2388 798 Δαυὶδ,

1365 808 1408 854 ἢν
1425 807 1518 852 ἄξιον
1537 809 1596 847 καὶ
1617 809 1706 860 στ’,με
1714 825 1768 861 ρον
1788 815 2002 860 παραγαγεῖν
2021 811 2068 852 εἷς
2084 809 2201 860 μέσον,
2220 809 2388 862 πρότερον

1366 869 1629 920 ἀναμνήσαντες
1645 873 1740 921 ὑμῶν
1758 870 1820 917 τὴν
1838 871 1997 921 ἀγάπην,
2012 875 2078 909 ποῦ
2095 870 2153 909 τὸν
2166 870 2268 922 λόγον
2287 887 2389 909 κατε-

1364 930 1518 981 λύσαμεν
1539 931 1673 984 πρῴην.
1703 934 1779 970 Ποῦ
1798 932 1910 970 τοίνυν
1928 933 2030 970 αὐτὸν
2050 932 2311 983 κατελύσαμεν,
2327 934 2390 977 Εἷς

1364 991 1428 1040 τὴν
1448 993 1638 1044 ἀπολογίαν
1656 993 1718 1040 τὴν
1738 997 1797 1031 τοῦ
1818 994 1939 1032 Δαυίδ.
1969 995 2104 1032 Οὐκοῦν
2126 994 2261 1046 ἀνάγκη
2281 993 2391 1045 στ’,με-

1367 1069 1423 1107 ρον
1454 1054 1498 1092 τὰ
1530 1059 1590 1093 τοῦ
1619 1054 1736 1093 Σαοὺλ
1762 1054 1904 1107 ῥήματα
1925 1057 2051 1103 εἰπεῖν,
2079 1054 2140 1094 καὶ
2159 1057 2242 1094 ἰδεῖν
2257 1054 2292 1093 τί
2305 1055 2391 1109 πρὸς

1364 1114 1428 1162 τὴν
1455 1114 1690 1166 δικαιολογίαν
1713 1116 1843 1154 ἐκείνου
1870 1115 2082 1168 ἀπεκρίνατο
2106 1111 2214 1160 οὗτος.
2244 1117 2297 1154 Οὐ
2322 1116 2390 1169 γὰρ

1366 1178 1407 1224 δὴ
1436 1177 1538 1227 μόνον
1559 1177 1618 1229 ἀφ’
1638 1171 1686 1215 ῶν
1707 1180 1724 1215 ὁ
1741 1177 1851 1215 Δαυὶδ
1870 1176 2058 1229 ἐφθέγξατο
2081 1176 2247 1230 ῥημάτων
2260 1207 2270 1225 ,
2300 1177 2391 1216 ἀλλὰ

1365 1238 1426 1277 καὶ
1447 1241 1505 1291 ἀφ’
1530 1232 1577 1276 ῶν
1600 1240 1618 1276 ὁ
1645 1238 1764 1276 Σαοὺλ
1784 1239 1901 1290 λέγει,
1921 1238 1985 1285 τὴν
2010 1238 2136 1291 ἀρετὴν
2153 1238 2320 1290 εἰσόμεθα
2331 1243 2392 1278 τοῦ

1366 1300 1499 1338 Δαυίδ·
1545 1300 1584 1337 ἂν
1617 1298 1686 1352 γὰρ
1718 1303 1808 1352 φανῇ
1836 1316 1871 1338 τι
1901 1307 2012 1353 πρᾶον
2041 1299 2101 1338 καὶ
2129 1300 2260 1352 ἥμερον
2295 1294 2392 1344 οὗτος

1366 1361 1620 1414 φθεγγόμενος,
1651 1360 1713 1407 τὴν
1750 1361 1863 1399 αἰτίαν
1892 1361 2021 1400 τούτων
2042 1361 2162 1414 ἐκείνῳ
2183 1361 2392 1413 λογιούμεθα

1365 1425 1416 1475 τῷ
1454 1422 1688 1473 μεταὲαλόντι
1731 1423 1789 1461 τὸν
1830 1423 2010 1474 ἄνθρωπον
2024 1454 2034 1471 ,
2073 1425 2124 1475 τῷ
2165 1423 2393 1461 παιδεύσαντι

1366 1484 1425 1522 καὶ
1460 1484 1666 1535 ῥυθμίσαντι
1699 1483 1762 1531 τὴν
1790 1483 1905 1536 ψυχὴν
1934 1486 2048 1522 αὐτοῦ.
2093 1482 2142 1522 Τί
2172 1478 2230 1522 οὖν
2253 1487 2394 1537 φησινὸ

1367 1545 1506 1589 Σαούλ;
1525 1545 1692 1590 Ἀκούσας
1710 1550 1770 1584 τοῦ
1789 1545 1900 1583 Δαυὶδ
1914 1544 2089 1592 εἰπόντος,
2109 1544 2201 1582 Ἰδοὺ
2216 1545 2256 1582 τὸ
2269 1544 2395 1596 πτερύ-

1365 1622 1440 1658 γιον
1462 1609 1524 1653 τῆς
1541 1605 1716 1650 διπλοΐδος
1742 1608 1776 1644 ἐν
1798 1608 1843 1657 τῇ
1863 1605 1956 1657 χειρί
1977 1621 2064 1655 μου,
2084 1605 2144 1643 καὶ
2158 1605 2271 1644 τᾶλλα
2289 1605 2394 1645 πάνθ’

1367 1667 1390 1706 ἃ
1423 1668 1511 1719 μετὰ
1538 1668 1668 1707 τούτων
1700 1667 1969 1719 ἀπελογήσατο,
2000 1667 2046 1705 ‘H
2079 1667 2176 1720 φωνή
2206 1683 2266 1707 σου
2291 1667 2393 1716 αὕτη,

1367 1730 1486 1770 τέκνον
1506 1730 1640 1778 Δαυίδ,
1667 1729 1718 1768 Ὢ
1745 1730 1836 1775 πόση
1857 1728 1996 1781 γέγονεν
2013 1728 2134 1781 ἀθρόον
2155 1731 2178 1776 ἡ
2197 1729 2395 1780 μεταδολή,

1368 1791 1414 1831 ‘O
1456 1791 1524 1845 γὰρ
1556 1791 1640 1842 μηδ’
1669 1790 1738 1829 ἀπὸ
1767 1792 1869 1844 ψιλοῦ
1897 1795 1956 1829 τοῦ
1989 1791 2156 1842 ὀνόματος
2188 1790 2396 1843 ἀνεχόμενος

1371 1854 1471 1892 αὐτὸν
1503 1852 1650 1892 καλέσαι
1678 1851 1776 1900 ποτὲ,
1809 1850 1900 1890 ἀλλὰ
1926 1851 1985 1890 καὶ
2012 1851 2120 1898 αὐτὴν
2153 1853 2256 1890 αὐτοῦ
2284 1853 2395 1901 μισῶν

1368 1914 1432 1962 τὴν
1460 1913 1717 1967 προσηγορίαν,
1753 1913 1813 1951 καὶ
1843 1915 1890 1956 εἷς
1915 1912 2114 1965 συγγένειαν
2143 1911 2244 1950 αὐτὸν
2272 1911 2395 1964 ἤγαγε,

1370 1976 1490 2015 τέκνον
1505 1976 1608 2014 αὐτὸν
1625 1974 1839 2028 προσειπών.
1856 1974 1904 2013 Τί
1918 1978 1979 2012 τοῦ
1995 1974 2106 2013 Δαυὶδ
2119 1972 2395 2027 μακαριώτερον,

1371 2038 1407 2084 ὃς
1431 2038 1488 2077 τὸν
1521 2037 1727 2092 ἀνδροφόνον
1755 2036 1893 2089 πατέρα
1921 2036 2087 2084 ἐποίησε,
2122 2035 2182 2074 καὶ
2207 2035 2265 2075 τὸν
2290 2035 2395 2074 λύκον

1371 2100 1565 2153 πρόὸατον,
1585 2099 1645 2138 καὶ
1664 2098 1727 2146 τὴν
1751 2098 1896 2149 κάμινον
1921 2102 1983 2145 τῆς
1998 2101 2102 2152 ὄργῆς
2123 2098 2245 2151 δρόσου
2264 2098 2396 2145 πολλ’ῆς

1372 2161 1542 2208 ἐνέπλησε
1553 2191 1562 2206 ,
1591 2160 1651 2199 καὶ
1668 2160 1712 2198 τὰ
1727 2159 1868 2211 κύματα
1885 2161 1931 2203 εἰς
1947 2159 2101 2211 γαλήνην
2119 2158 2291 2210 μετέὸαλε
2302 2189 2312 2207 ,
2337 2158 2396 2197 καὶ

1371 2222 1435 2270 τὴν
1465 2221 1661 2275 φλεγμονὴν
1689 2224 1748 2260 τοῦ
1782 2225 1890 2272 θυμοῦ
1920 2220 2129 2258 κατέσὸεσεν
2148 2220 2308 2267 ἅπασαν;
2338 2219 2396 2259 Τὰ

1372 2282 1440 2334 γὰρ
1470 2283 1610 2334 ῥήματα
1632 2284 1746 2320 ε’κεῖνα
1762 2285 1821 2320 τοῦ
1841 2282 1950 2320 Δαυὶδ
1970 2283 2018 2325 εἷς
2033 2281 2095 2329 τὴν
2114 2280 2265 2319 διάνοιαν
2282 2283 2396 2319 εἴσελ-

1373 2345 1476 2383 θόντα
1493 2347 1554 2381 τοῦ
1572 2342 1827 2394 τεθηριωμένου
1846 2342 1981 2390 τούτου,
2002 2348 2118 2380 πᾶσαν
2134 2341 2263 2389 ταύτην
2280 2340 2396 2394 εἰργά-

1374 2421 1459 2443 σατο
1487 2404 1551 2450 τὴν
1581 2404 1791 2455 μεταὲολὴν,
1818 2404 1860 2450 ἣν
1882 2404 1950 2442 ἀπὸ
1977 2407 2046 2442 τῶν
2075 2403 2240 2457 ῥημάτων
2266 2403 2396 2442 τούτων

1374 2466 1468 2505 ἐστὶν
1493 2467 1588 2504 ἰδεῖν.
1619 2465 1713 2503 Οὔτε
1733 2465 1802 2520 γὰρ
1819 2460 1930 2514 εἶπεν,
1950 2469 2003 2504 ’Ἰοὶ
2023 2465 2120 2518 λόγοι
2139 2481 2191 2504 σοι
2207 2461 2333 2513 οὗτος·
2347 2465 2396 2503 τέ·

1374 2543 1453 2566 κνον
1482 2527 1608 2574 Δαυίδ,
1643 2526 1734 2564 ἀλλὰ
1763 2527 1821 2574 τί,
1846 2527 1892 2565 ‘H
1925 2528 2020 2579 φωνή
2050 2543 2111 2565 σου
2139 2526 2250 2574 αὕτη,
2276 2525 2395 2565 τέκνον

1374 2590 1505 2637 Δαυίδ,
1522 2589 1580 2627 καὶ
1597 2588 1681 2641 πρὸς
1702 2589 1802 2626 αὐτὸν
1819 2588 1885 2639 γὰρ
1902 2589 1958 2626 τὸν
1979 2588 2125 2640 φθόγγον
2140 2588 2396 2639 διεθερμαίνετο

1372 2651 1506 2690 λοιπόν.
1538 2651 1607 2689 Καὶ
1630 2650 1789 2702 καθάπερ
1812 2649 1930 2702 πατὴρ
1950 2650 2093 2701 χρονίας
2113 2649 2262 2692 ἀκούσας
2280 2652 2396 2701 φωνῆς

1373 2711 1496 2755 παιδος
1513 2710 1758 2753 ἐπανελθόντος
1773 2709 1889 2755 ποθὲν,
1906 2709 1985 2761 οὐχὶ
2001 2710 2086 2761 πρὸς
2102 2708 2164 2755 τὴν
2181 2710 2258 2761 ὄψιν
2275 2709 2394 2760 μόνην,

1375 2773 1464 2811 ἀλλὰ
1492 2772 1550 2811 καὶ
1582 2771 1665 2823 πρὸς
1690 2771 1753 2818 τὴν
1782 2771 1898 2823 φωνὴν
1928 2771 2034 2817 αὐτὴν
2062 2770 2287 2822 διεγείρει-αι·
2305 2770 2394 2808 οὕτω

1374 2835 1434 2873 καὶ
1449 2837 1466 2872 ὃ
1482 2833 1617 2880 Σαοὺλ,
1641 2832 1759 2879 ἐπειδὴ
1776 2831 1819 2868 τὰ
1840 2832 1980 2885 ῥήματα
1995 2835 2054 2869 τοῦ
2072 2832 2182 2870 Δαυὶδ
2197 2831 2394 2870 εἰσελθόντα

1373 2895 1437 2942 τὴν
1466 2895 1591 2947 ἔχθραν
1615 2893 1775 2937 ἐξέὸαλεν
1790 2923 1798 2939 ,
1822 2892 1955 2945 ἐπέγνω
1973 2893 2094 2931 λοιπὸν
2113 2893 2172 2931 τὸν
2189 2893 2285 2943 ἅγιον
2298 2922 2308 2940 ,
2336 2892 2395 2931 καὶ

1374 2957 1480 3000 πάθος
1514 2955 1723 3005 ἀποθέμενος
1737 2984 1745 3000 ,
1781 2955 1889 2997 πάθος
1917 2953 2068 2998 ἐδέξατο.
2112 2953 2296 2992 Ἐκὸαλὼν
2327 2953 2394 3006 γὰρ

1374 3020 1493 3070 θυμὸν,
1528 3018 1667 3062 ἐδέξατο
1699 3017 1864 3068 εὐθυμίαν
1895 3033 1931 3055 τε
1966 3018 2025 3056 καὶ
2054 3017 2283 3068 συμπάθειαν.
2324 3016 2394 3056 Καὶ

1374 3081 1530 3132 καθάπερ
1550 3080 1669 3122 νυκτὸς
1689 3079 1750 3130 μὲν
1768 3079 1944 3131 παρούσης
1964 3079 2038 3116 οὐῗὲ
2055 3078 2210 3130 παρόντα
2225 3078 2395 3121 πολλάκις

1373 3141 1646 3194 ἐπιγινώσκομεν
1671 3141 1768 3193 φίλον
1785 3168 1794 3185 ‚
1814 3139 1948 3191 ἡμέρας
1964 3139 1998 3178 Ρὲ
2014 3139 2214 3191 γενομένης,
2237 3139 2296 3177 καὶ
2309 3138 2394 3191 πόῤ-

1375 3207 1481 3258 ρωθεν
1511 3206 1657 3256 ὁρῶντες
1689 3201 1791 3239 αὐτὸν
1814 3200 2043 3252 γνωρίζομεν·
2072 3200 2161 3238 οὕτω
2182 3200 2242 3238 καὶ
2257 3200 2313 3239 ἐπὶ
2333 3202 2395 3246 τῆς

1373 3267 1498 3319 ἔχθρας
1525 3263 1729 3315 συμὸαίνειν
1750 3262 1881 3301 εἴωθεν.
1912 3261 2009 3305 Ἕως
2031 3260 2093 3313 μὲν
2113 3261 2153 3299 ἂν
2169 3254 2264 3311 ῶμεν
2280 3261 2394 3307 ἀηδῶς
