2516 3791
169 571 349 601 11'el21·.13.1.

176 1479 238 1505 (ica
257 1486 356 1516 1027.

173 2089 261 2116 Jmm.
274 2088 286 2124 -i
297 2113 301 2117 ,
313 2090 358 2126 ¹4·

372 155 464 202 516
769 173 805 201 s.

368 253 608 306 excipiamus,
629 254 691 304 qui
715 253 878 292 videntur
899 251 1044 303 quidem
1070 250 1154 299 viri,
1176 249 1316 300 angelo·
1345 254 1370 282 D

368 329 448 352 rum
467 324 585 352 autem
611 315 761 353 virtutes
786 322 994 366 operantur:
1023 319 1159 348 tantum
1183 324 1227 347 ne
1256 324 1317 347 cu·

367 375 451 413 riosi
483 375 723 427 exploratores
745 384 778 412 et
809 372 1035 424 inquisitores
1053 371 1176 420 simus,
1206 379 1246 408 ut
1276 384 1319 407 ne

367 436 574 473 thesaurum
592 435 794 486 perdamus.
816 432 1116 484 Quandoquidem
1137 441 1171 470 et
1193 432 1318 472 beatus

367 497 499 534 Paulus
518 497 580 533 hos
590 496 705 547 justos
718 493 935 545 subindicat,
956 503 989 532 et
1016 494 1119 532 docet
1145 508 1207 532 nos
1231 509 1318 545 quo-

367 557 472 594 modo
487 556 573 594 tales
598 555 755 608 hospites
773 555 984 608 exceperint.
1019 557 1317 608 Hospitalitatis‚

367 616 496 667 iuquit,
522 631 569 655 ne
588 618 873 655 obliviscamini
890 633 901 653 .·
920 625 1076 668 propter
1092 619 1194 656 hanc
1215 620 1318 656 enim

369 681 577 716 nescientes
593 679 752 730 quidam
772 679 936 730 hospitio
951 688 1180 729 exceperunt
1203 693 1319 730 ange-

369 738 437 775 los.
462 737 540 774 Hoc
557 737 651 774 enim
670 751 727 775 eos
742 736 966 789 potissimum
979 738 1061 775 fecit
1073 737 1318 787 admirabiles,

368 797 464 848 quod
485 811 557 848 eos,
580 811 669 849 quos
687 812 756 835 non
774 807 956 845 noverant,
972 797 1168 835 ministerio
1182 812 1246 835 suo
1256 798 1320 835 ho—

369 859 582 897 noraverint.
616 859 663 897 Et
690 873 753 897 nos
779 859 890 910 igitur
914 873 995 897 cum
1025 858 1096 896 fide
1126 872 1167 895 ac
1192 858 1320 910 pietate

369 935 443 958 rem
460 920 641 969 obeamus,
662 929 699 957 ut
719 920 769 958 sic
793 919 1001 958 thesaurum
1038 919 1175 969 assequi
1204 918 1315 970 possi-

369 995 448 1019 mus
470 997 477 1017 :
497 980 595 1032 quod
614 981 717 1018 nobis
732 981 898 1018 omnibus
917 979 1140 1027 concedatur,
1163 979 1277 1031 gratia
1288 988 1320 1017 et

369 1042 585 1093 benignitate
605 1041 751 1079 Domini
769 1041 879 1079 nostri
897 1043 981 1081 Jesu
1003 1040 1149 1089 Christi,
1168 1040 1321 1077 cuicum

372 1104 474 1141 Patre
492 1112 524 1141 et
534 1112 652 1141 sancto
663 1103 799 1155 Spiritu
813 1102 857 1140 sit
871 1102 998 1154 gloria,
1015 1115 1108 1140 nunc
1121 1110 1152 1140 et
1171 1115 1320 1153 semper,

372 1175 404 1203 et
423 1165 456 1202 in
478 1165 604 1203 saccula
624 1165 848 1203 saeculorum.
871 1165 993 1202 Amen.

843 170 1034 201 JOANNtS
1071 169 1321 198 CHRYSOST.

1337 1335 1384 1360 ψη

663 1357 874 1395 HOMILIA
893 1355 1027 1397 XLIV.

375 1476 544 1514 Diluculo
563 1484 681 1513 autem
708 1476 804 1514 venit
838 1475 1018 1513 Abraham
1049 1476 1094 1513 ad
1118 1475 1236 1513 locum
1261 1475 1323 1513 ubi

621 1546 762 1575 steterat
779 1551 898 1574 coram
919 1537 1084 1575 Domino.

430 1657 464 1691 1.
483 1655 567 1692 Heri
587 1668 649 1692 nos
669 1663 919 1706 argumentum
937 1654 982 1692 de
1003 1655 1151 1693 muliere
1169 1656 1326 1694 Samari-

374 1725 455 1753 tana
472 1715 555 1753 satis
570 1714 693 1753 docuit
712 1715 933 1752 ineffabilem
947 1715 1095 1753 Domini
1114 1716 1325 1767 longanimi-

374 1785 502 1825 tatem,
520 1785 553 1813 et
574 1775 803 1813 excellentem
823 1790 903 1827 erga
930 1776 1030 1813 illam
1049 1777 1325 1828 providentiam,

374 1846 478 1887 :itque
495 1836 594 1873 illius
611 1845 752 1887 gratum
771 1837 946 1875 animum.
969 1837 1124 1877 Vidistis
1137 1839 1326 1889 quomodo,

374 1903 411 1932 ut
428 1909 556 1945 aquam
575 1894 958 1946 sensibilemhauriret,
973 1896 1128 1946 advenit,
1144 1907 1234 1936 etex
1253 1899 1326 1951 spi-

374 1955 493 1992 rituali
512 1956 607 1993 fontc
632 1955 756 1994 diviua
778 1957 926 1995 flumina
953 1957 1087 2008 hausit,
1116 1972 1157 1996 ac
1177 1958 1325 1998 domum

375 2015 494 2066 rediit,
529 2016 678 2068 implens
712 2017 809 2068 quod
837 2017 973 2055 dictum
1005 2028 1056 2057 est
1084 2033 1104 2056 a
1136 2020 1289 2059 Domino
1317 2037 1324 2058 :

376 2077 514 2126 Aqua,
533 2091 649 2128 quam
667 2091 733 2130 ego
757 2080 875 2126 dabo,
896 2083 967 2117 erit
987 2081 1027 2116 in
1044 2080 1197 2132 cosons
1215 2095 1327 2133 aquae

376 2134 551 2171 salientis
567 2139 607 2171 in
621 2138 745 2173 vitam
763 2144 959 2175 oelernam.
978 2139 1126 2190 Impleta
1143 2139 1237 2176 enim
1251 2140 1327 2192 ipsa

374 2193 498 2231 divino
517 2194 579 2232 illo
595 2205 627 2232 et
642 2195 820 2247 spirituali
839 2197 944 2245 fonte,
972 2212 1040 2235 non
1059 2198 1212 2237 detinuit
1234 2201 1327 2239 intra

375 2270 410 2293 se
435 2255 582 2294 flumina
607 2273 614 2294 :
641 2257 701 2294 sed
723 2259 1036 2309 superscaturiens,
1060 2269 1098 2297 ut
1115 2260 1163 2297 ita
1196 2260 1326 2310 dicam,

374 2316 500 2355 effudit
519 2326 551 2354 et
580 2318 616 2355 in
644 2318 859 2356 habitatores
890 2320 1046 2359 civitatis
1078 2322 1231 2359 concessi
1260 2323 1328 2361 sibi

373 2378 457 2415 doni
479 2378 641 2429 gratiam,
663 2388 697 2417 et
718 2380 891 2432 praeconis
911 2381 1073 2419 officium
1104 2382 1175 2434 egit
1201 2384 1329 2422 mulier

374 2438 597 2476 Samaritana
634 2449 667 2477 et
703 2440 909 2491 alienigena.
958 2442 1112 2481 Vidistis
1156 2454 1327 2494 quantum

373 2499 506 2536 bonum
528 2501 572 2538 sit
599 2500 709 2537 animi
739 2510 860 2552 gratus
890 2503 1057 2554 affectus;
1090 2504 1231 2543 vidistis
1257 2508 1327 2544 Do-

374 2564 462 2601 mini
500 2565 775 2617 benignitatem,
814 2567 995 2618 quomodo
1037 2569 1178 2607 nullum
1214 2582 1329 2609 conte-

377 2635 484 2676 mnat,
515 2628 574 2665 scd
595 2627 701 2677 ctiam
731 2628 765 2665 in
788 2630 948 2681 muliere,
978 2631 1084 2669 etiam
1114 2632 1148 2669 in
1176 2647 1327 2686 pauper-

374 2697 456 2737 tate,
484 2698 516 2725 et
544 2689 762 2740 ubicumque
793 2691 965 2730 invenerit
994 2693 1150 2731 animam
1181 2694 1329 2746 vigilem

374 2764 414 2786 ae
447 2750 642 2799 fervidam,
680 2752 800 2789 statim
839 2754 989 2804 gratiam
1033 2769 1134 2793 suam
1171 2755 1225 2793 illi
1261 2756 1330 2794 lar-
1357 2769 1380 2800 C

376 2811 502 2857 giatur.
532 2812 717 2850 imitemur
751 2814 875 2865 igitur,
904 2815 1060 2864 obscero,
1091 2826 1124 2854 et
1155 2831 1217 2855 nos
1236 2818 1328 2856 hanc

376 2872 572 2921 mulierem,
619 2889 770 2926 cumque
803 2890 930 2927 magna
959 2878 1150 2916 attentione
1179 2879 1329 2931 accipia-

376 2947 454 2970 mus
484 2934 679 2972 doctrinam
713 2950 732 2973 a
778 2937 915 2989 Spiritu
960 2939 1164 2991 profectam.
1204 2940 1328 2991 Neque

376 2993 468 3030 euim
486 3003 602 3031 nostra
622 3006 702 3034 sunt
724 3012 802 3047 qua:
822 2998 1004 3048 dicuntur,
1033 3014 1143 3052 neque
1171 3014 1216 3039 ex
1243 3016 1324 3053 pro-

376 3054 450 3105 pria
484 3055 605 3105 lingua
645 3057 827 3108 loquimur
853 3075 1087 3112 quaecumque
1112 3061 1325 3111 dixerimus,

375 3114 434 3152 sed
464 3117 608 3154 Domini
636 3118 854 3169 benignitate
886 3121 1062 3173 dirigente
1096 3132 1238 3175 propter
1270 3137 1327 3162 vc-

375 3185 482 3214 stram
498 3178 645 3215 salutem
667 3189 698 3216 et
720 3181 989 3221 aedificationem
1007 3183 1173 3222 Ecclesiae
1188 3184 1265 3222 Dei.
1278 3186 1329 3222 Nc

420 3310 431 3324 ¹
447 3303 545 3334 Ηιῖετε
566 3313 624 3340 π’ῖις
655 3306 732 3348 ὕδωρ
760 3306 899 3344 αἰσθητὸν
922 3309 1113 3348 ιἰἶρεύσασθνι
1138 3314 1375 3352 παραγενομένη.

379 3351 422 3383 Dr
449 3364 510 3395 qua
527 3352 576 3385 hic
602 3355 742 3387 nomilia
763 3369 945 3391 sermonem
975 3359 1112 3401 haltrat,
1133 3359 1280 3395 noudum
1307 3363 1386 3394 satis

1360 169 1478 197 ARCH
1489 169 1573 198 11:1³.
1613 169 1982 200 CONSTANTINOP-

1394 249 1681 301 ταξιωθησόμεθα
1700 252 1759 289 καὶ
1775 255 1876 303 ἡμεῖς
1891 253 2065 296 τοιούτους
2083 253 2336 307 ὑποδέχεσθαι,
2356 255 2417 293 ἄν·

1395 312 1478 363 δρας
1511 310 1573 362 μὲν
1603 313 1866 364 νομιζομένους,
1886 316 1956 352 τῶν
1976 315 2132 366 ἀγγέλων
2153 314 2266 362 δὲτὴν
2288 315 2415 367 ἀρετὴν

1396 371 1594 422 μετιόντας
1622 373 1724 423 μόνον
1753 374 1801 425 μὴ
1826 375 2132 427 περιεργαζώμεθα
2149 405 2159 424 ,
2192 375 2280 426 μηδὲ
2304 377 2415 413 πολυ-

1395 436 1666 484 πραγμονῶμεν,
1697 434 1754 471 ἵνα
1784 434 1832 485 μὴ
1861 435 2108 487 διαμάρτωμεν
2136 440 2195 475 τοῦ
2226 439 2413 488 θησαυροῦ.

1396 493 1499 532 Ἐπεὶ
1531 497 1622 532 καὶὸ
1639 494 1810 546 μακάριος
1832 496 1973 538 Παῦλος
1998 497 2139 539 τούτους
2158 496 2235 540 τοὺς
2264 497 2417 539 δικαίους

1761 555 1834 569 05!

1397 556 1632 607 αἰνιττόμενος
1645 586 1655 604 ,
1677 556 1736 594 καὶ
1759 570 1929 594 οιοασκων
1948 560 2042 607 ἡμᾶς
2061 560 2136 601 πῶς
2155 557 2324 610 ἐπέτυχον
2342 573 2416 596 τοι-
2468 569 2471 576 “

1397 618 1502 665 αύτης
1518 619 1705 669 ὑποδοχῆς,
1727 617 1825 669 φησί·
1844 619 1920 664 Τῆς
1945 617 2137 670 φιλοξενίας
2156 618 2205 669 μὴ
2228 619 2416 656 ἐπιλανθά-

1396 683 1493 718 νεσθε
1507 695 1514 702 ·
1536 679 1591 718 ’διὰ
1608 678 1738 726 ταύτης
1759 679 1826 730 γὰρ
1846 677 2072 722 ἔλαθόντινες
2099 678 2289 723 ξενίσαντες
2308 679 2416 730 ἀγγέ-

1396 742 1486 784 λους.
1508 742 1624 778 Τοῦτο
1643 739 1710 792 γὰρ
1730 740 1854 784 αὐτοὺς
1870 740 2024 790 μάλιστα
2039 739 2259 792 θαυμαστοὺς
2278 740 2337 778 καὶ
2357 756 2417 791 με-

1396 803 1523 853 γάλους
1539 802 1728 849 ἀπέδειξεν,
1757 801 1809 839 ὅτι
1833 803 1895 839 οὐκ
1914 802 2041 845 εἰδότες
2061 801 2198 847 αὐτοὺς,
2232 801 2295 848 τὴν
2315 804 2416 853 θερα-

1397 864 1498 901 πείαν
1513 864 1761 902 ἐπεδείκνυντο.
1776 863 1847 901 Καὶ
1866 866 1966 913 ἡμεῖς
1982 863 2096 901 τοίνυν
2111 863 2228 901 πίστει
2245 862 2304 901 καὶ
2319 864 2418 900 εὐλα-

1399 925 1476 976 Ceio<
1491 925 1530 963 τὸ
1545 931 1693 976 πρᾶγμα
1713 924 1899 975 μετίωμεν,
1916 924 1974 962 ἵνα
1991 925 2050 962 καὶ
2064 929 2124 962 τοῦ
2148 926 2320 975 θησαυροῦ
2340 924 2419 960 ἐπι-

1397 991 1517 1038 τυχεῖν
1553 987 1754 1035 δυνηθῶμεν
1766 1001 1773 1008 ·
1800 980 1839 1023 οῧ
1871 985 2004 1036 γένοιτο
2032 986 2166 1027 πάντας
2196 988 2290 1035 ἡμᾶς
2327 987 2419 1022 ἀπο-

1397 1048 1549 1093 λαῦσαι,
1568 1046 1689 1098 χάριτι
1721 1045 1778 1083 καὶ
1811 1045 2052 1097 φιλανθρωπία
2076 1049 2136 1082 τοῦ
2156 1045 2286 1096 Κυρίου
2319 1046 2420 1093 ἡμῶν

1398 1110 1513 1154 Ἰησοῦ
1540 1109 1693 1160 Χριστοῦ
1711 1137 1720 1155 ,
1744 1108 1819 1157 μεθ’
1840 1101 1879 1144 οῧ
1897 1109 1947 1159 τῷ
1971 1107 2089 1158 Πατρὶ
2107 1109 2128 1152 ἡ
2150 1105 2248 1153 δόξα,
2279 1106 2353 1156 ἅμα
2371 1107 2421 1157 τῷ

1397 1170 1486 1222 ἁγίῳ
1503 1169 1700 1220 Πνεύματι,
1722 1172 1780 1207 νῦν
1800 1168 1858 1206 καὶ
1881 1167 1946 1217 ἀεὶ,
1963 1168 2022 1207 καὶ
2044 1171 2092 1212 εἰς
2106 1167 2184 1211 τοὺς
2208 1170 2335 1211 αἰῶνας
2352 1170 2421 1205 τῶν

1398 1229 1545 1267 αἰώνων.
1564 1228 1685 1278 Ἀμην.

1770 1353 1947 1390 οΜΙΛΙΑ
1977 1350 2044 1401 με’.

1398 1473 1565 1525 ’Ώ-ρθρισε
1583 1473 1617 1512 δὲ
1634 1473 1794 1525 Ἀδραὰμ
1809 1476 1859 1526 τῷ
1876 1473 1968 1525 πρωῒ
1983 1477 2030 1518 εἷς
2045 1474 2101 1512 τὸν
2117 1474 2235 1518 τόπον,
2255 1467 2293 1511 05
2309 1471 2423 1518 εἱστή-

1705 1551 1758 1573 κει
1775 1534 1926 1572 ἐναντίον
1944 1538 2003 1573 τοῦ
2019 1537 2124 1574 Θεοῦ.

1457 1657 1501 1695 Ἥ
1532 1657 1622 1695 κατὰ
1651 1656 1715 1703 τὴν
1745 1659 1960 1708 Σαμαρεῖτιν
1992 1656 2152 1699 ὑπόθεσις
2180 1657 2306 1699 ἱκανῶς
2330 1659 2425 1706 ἡμᾶς

1455 1718 1462 1733 l

1403 1722 1484 1771 χθες

1404 1779 1499 1830 μίαν,
1513 1779 1572 1817 καὶ
1587 1779 1650 1826 τὴν
1670 1779 1957 1831 ὑπερὸάλλουσαν
1977 1778 2057 1829 περὶ
2077 1777 2185 1824 αὐτὴν
2202 1777 2425 1828 κηδεμονίαν,

1505 1718 1572 1733 δ’,κΙκ
1598 1718 1612 1732 ’-

1501 1729 1631 1762 εοιοαςε
1650 1718 1709 1756 καὶ
1726 1722 1786 1755 τοῦ
1806 1718 1986 1756 Δεσπότου
2011 1717 2074 1764 τὴν
2095 1718 2226 1769 ἄφατον
2249 1721 2425 1769 μακροθυ-

1403 1840 1462 1878 καὶ
1495 1839 1628 1887 ἐκείνης
1653 1839 1716 1887 τὴν
1749 1839 2026 1891 εὐγνωμοσύνην.
2053 1839 2196 1877 ’ἾΞῖδετε
2228 1841 2303 1882 πῶς
2333 1837 2424 1889 ὕδωρ

1405 1901 1566 1948 αἰσθητὸν
1590 1900 1821 1953 ὑδρεύσασθαι
1840 1900 2104 1953 παραγενομένη
2120 1930 2129 1947 ,
2151 1902 2190 1938 ἐκ
2215 1901 2278 1945 τῆς
2300 1901 2425 1946 νοητῆς

1403 1966 1520 2014 πηγῆς
1534 1963 1578 2001 τὰ
1594 1967 1667 2001 oeta
1683 1963 1824 2013 νάματα
1841 1963 2042 2014 ἀρυσαμένη
2059 1993 2067 2010 ,
2086 1961 2194 2006 οὕτως
2208 1961 2325 2000 οἴκαδε
2341 1962 2425 1998 ἐπα-

1402 2026 1506 2071 νῆλθε
1520 2054 1530 2073 ,
1552 2025 1736 2076 πληροῦσα
1761 2023 1801 2062 τὸ
1819 2023 1916 2076 παρὰ
1934 2027 1994 2061 τοῦ
2022 2025 2121 2061 Δεσπ
2133 2023 2201 2061 ’του
2222 2021 2403 2075 εἰρημένον
2416 2038 2423 2044 ·

1404 2085 1457 2123 Τὸ
1471 2085 1575 2137 ὕδωρ,
1596 2086 1613 2124 ὃ
1632 2085 1701 2137 ἐγὼ
1722 2084 1833 2133 δώσω,
1853 2085 2037 2136 γενήσεται
2057 2087 2092 2122 ἐν
2112 2087 2207 2137 αὐτῷ
2225 2083 2322 2135 πηγὴ
2342 2083 2425 2122 ὕδα-

1403 2161 1460 2188 τος
1480 2146 1672 2196 ἁλλομένου
1699 2149 1748 2189 εἷς
1777 2146 1867 2192 ζωὴν
1893 2145 2043 2184 αἰώνιον.
2069 2145 2333 2198 Ἐμφορηθεῖσα
2358 2144 2426 2197 γὰρ

1405 2206 1492 2253 αὕτη
1516 2209 1577 2252 τῆς
1606 2206 1697 2250 Οείας
1722 2206 1854 2253 ἐκείνης
1873 2207 1932 2244 καὶ
1950 2209 2188 2257 πνευματικῆς
2217 2209 2334 2257 πηγῆς
2349 2235 2358 2253 ,
2387 2208 2425 2244 οὔ

1404 2268 1574 2320 κατέσχεν
1601 2268 1683 2306 εἴσω
1713 2268 1755 2306 τὰ
1783 2269 1942 2319 νάματα,
1966 2270 2042 2306 ἀλλ’
2067 2267 2354 2321 ὑπερὲλύζουσα,
2379 2270 2426 2311 ὡς

1405 2332 1526 2376 εἰπεῖν,
1553 2330 1667 2382 ἐκχέει
1687 2330 1746 2368 καὶ
1772 2332 1818 2373 εἰς
1844 2329 1921 2373 τοὺς
1943 2330 2006 2376 τὴν
2033 2329 2133 2367 πόλιν
2162 2331 2340 2372 οἰκοῦντας
2364 2331 2426 2376 τῆς

1404 2391 1686 2444 παρασχεθείσης
1705 2393 1792 2442 αὐτῇ
1814 2391 1944 2442 δωρεᾶς
1969 2391 2008 2428 τὸ
2026 2391 2210 2442 χάρισμα,
2240 2390 2299 2428 καὶ
2319 2389 2426 2442 κήρυξ

1406 2452 1540 2502 ἐγένετο
1568 2452 1688 2504 ἀθρόον
1709 2455 1730 2498 ἡ
1749 2451 1833 2503 γονὴ
1846 2481 1855 2498 ,
1882 2455 1904 2498 ἡ
1925 2453 2163 2504 Σαμαρεῖτις,
2183 2455 2204 2498 ἡ
2222 2451 2424 2504 ἀλλόφυλος.

1404 2512 1526 2551 Εἴδετε
1546 2513 1624 2550 ὅσον
1643 2513 1717 2550 ἐστὶ
1734 2514 1850 2565 ψυχῆς
1869 2513 2115 2565 εὐγνωμοσύνη
2129 2543 2138 2560 ,
2161 2513 2267 2551 εἴδετε
2287 2512 2426 2550 Δεσπό-

1405 2589 1465 2611 του
1484 2573 1758 2626 φιλανθρωπίαν,
1779 2573 1872 2618 ὅπως
1891 2575 2026 2618 οὐδενὸς
2046 2577 2199 2626 ὑπερορᾷ
2212 2604 2222 2621 ,
2250 2572 2340 2611 ἀλλὰ
2361 2573 2425 2612 κᾶν

1405 2635 1439 2671 ἐν
1457 2634 1606 2685 γυναικὶ,
1625 2635 1689 2672 κᾶν
1713 2637 1747 2672 ἐν
1770 2635 1884 2689 πενίᾳ,
1910 2635 1974 2674 κᾶν
1995 2636 2079 2674 ὅπου
2099 2635 2228 2681 δήποτε
2248 2634 2330 2686 εὕρῃ
2351 2635 2424 2672 διε-

1406 2695 1624 2747 γηγερμένην
1643 2696 1759 2749 ψυχὴν
1776 2697 1834 2735 καὶ
1851 2696 2004 2745 ζέουσαν,
2024 2699 2245 2749 παραχρῆμα
2263 2696 2326 2742 τὴν
2342 2699 2424 2747 παρ’

1407 2760 1528 2795 ἑαυτοῦ
1554 2757 1657 2810 χάριν
1685 2758 1869 2810 ἐπαφίησι.
1899 2759 2150 2809 Μιμησώμεθα
2169 2757 2294 2805 τοίνυν,
2310 2773 2426 2809 παρα·

1407 2820 1524 2865 καλῶ,
1547 2819 1605 2856 καὶ
1624 2822 1726 2870 ἡμεῖς
1745 2819 1809 2866 τὴν
1829 2825 1978 2870 γυναῖκα
1996 2819 2141 2866 ταύτην,
2161 2819 2219 2857 καὶ
2241 2818 2331 2870 μετὰ
2340 2820 2425 2857 πολ-

1404 2880 1468 2924 λῆς
1487 2883 1663 2931 προσοχῆς
1680 2880 1862 2932 δεχώμεθα
1888 2880 1932 2918 τὰ
1964 2880 2060 2933 παρὰ
2072 2884 2131 2919 τοῦ
2151 2880 2355 2931 Πνεύματος
2377 2881 2428 2918 δι·

1406 2940 1580 2990 δείγματα.
1601 2941 1692 2979 Οὐῗὲ
1717 2942 1785 2994 γὰρ
1801 2942 1956 2993 ἡμέτερά
1975 2944 2049 2980 ἐστι
2066 2941 2110 2981 τὰ
2134 2941 2325 2993 λεγόμενα,
2349 2941 2426 2980 οὐδὲ

1402 3002 1438 3045 ἐξ
1469 3002 1597 3045 οἰκείας
1626 3001 1784 3053 γλώττης
1815 3003 2050 3055 φθεγγόμεθα,
2079 3002 2168 3054 ἅπερ
2196 3001 2235 3039 ἂν
2261 3002 2427 3053 εἴπωμεν,

1404 3064 1481 3100 ἀλλ’
1501 3065 1540 3101 ἐκ
1567 3067 1630 3110 τῆς
1648 3067 1706 3101 τοῦ
1727 3063 1905 3102 Δεσπότου
1931 3063 2216 3116 ὓφιλανθρωπίας
2233 3064 2423 3115 ὁδηγούμε-

1404 3139 1454 3162 νοι
1471 3124 1526 3162 διὰ
1544 3124 1607 3171 τὴν
1622 3125 1791 3176 ὠφέλειαν
1810 3125 1874 3171 τὴν
1893 3124 2064 3177 ὑμετέραν
2081 3125 2140 3164 καὶ
2159 3125 2223 3172 τὴν
2241 3124 2425 3176 οἰκοδομὴν

1403 3188 1465 3231 τ’ἧς
1492 3190 1550 3224 τοῦ
1570 3188 1663 3225 Θεοῦ
1680 3187 1908 3233 Ἰζκκλησίας.
1938 3187 1999 3233 Μὴ
2020 3187 2133 3225 τοίνυν
2164 3189 2248 3240 πρὸς
2277 3188 2339 3239 ἐμὲ
2367 3186 2426 3225 τὸν

1434 3318 1641 3352 perspectum
1669 3310 1764 3343 nobis
1784 3319 1843 3343 est.

1465 3363 1479 3387 ¹¹
1504 3363 1584 3395 TFCS
1604 3363 1677 3395 Mss-
1700 3367 1916 3408 gdzv‘tpmrzfrf
1934 3367 2129 3406 ἕνϊχοὶμε·,οι.
