2516 3791
621 192 626 194 ’
670 206 709 235 m·
749 206 852 235 cai).
893 205 988 236 vui.

93 293 181 330 ίεται
213 289 256 328 τὰ
289 289 351 340 ὑφι
372 289 472 339 ἡμῶν
500 287 677 339 γινόμενα,
703 287 725 333 ἢ
760 287 1026 339 ἀποστρέφεται.
1049 285 1122 325 Κᾶν

91 368 128 390 τε
175 345 233 389 οῦν
279 349 484 402 εὐχώμεθα,
522 349 585 387 κᾶν
630 364 668 386 τε
704 348 926 399 νηστεύωμεν
939 378 948 395 ,
979 349 1044 387 κᾶν
1085 363 1123 386 τε

92 410 330 463 ἐλεημοσύνην
377 408 602 462 ἐργαζώμεθα
636 403 764 456 (αἷται
796 409 865 463 γὰρ
899 411 1000 460 ἡμῶν
1033 411 1122 448 εἰσιν

93 477 128 512 αἱ
165 471 404 523 πνευματικαὶ
438 470 593 518 θυσίαι),
630 470 693 508 κᾶν
732 486 770 508 τε
807 470 924 523 ἕτερόν
951 476 1002 509 τι“
1018 487 1125 509 πνευ-

93 534 239 586 ματικὸν
259 532 358 585 ἔργον
379 534 608 583 ἐπιτελῶμεν,
631 531 700 570 ἀπὸ
719 531 862 583 γνώμης
876 535 990 583 ὑγιοῦς
1005 530 1124 583 ὁρμώ-

92 612 189 647 μενοι
208 599 311 634 τοῦτο
341 594 638 647 διαπραττώμεθα
654 625 663 642 ,
689 593 746 632 ἵνα
767 593 827 632 καὶ
854 596 922 631 τῶν
952 593 1121 643 καμάτων

92 656 186 701 ἄξιον
201 656 260 695 τὸν
276 656 444 708 στέφανον
465 654 708 706 κομισώμεθα.
728 654 798 692 Καὶ
817 654 884 706 γὰρ
908 652 948 691 ἂν
977 652 1030 700 εἴη
1052 656 1121 691 τῶν

91 718 328 756 ἀτοπωτάτων
355 717 413 755 τὸν
444 716 507 766 μὲν
536 716 639 754 πόνον
660 718 754 766 ἡμᾶς
779 714 977 765 ὑπομένειν,
997 717 1060 760 τῆς
1086 714 1121 752 δὲ

91 778 242 829 ἀμοιὸἢς
262 780 551 829 ἀποστερεῖσθαι,
570 778 652 814 ὅταν
683 776 733 827 μὴ
762 775 853 813 κατὰ
873 774 951 818 τοὺς
971 777 1030 812 ὑπ’
1061 777 1122 813 αὐ-

90 844 149 878 τοῦ
186 839 345 882 δοθέντας
376 837 501 888 νόμους
537 837 599 884 τὴν
633 835 760 888 ἀρετὴν
799 835 985 887 μετίωμεν.
1018 835 1123 874 Ἔστι

90 901 169 953 γὰρ,
189 900 263 939 ἔστι
278 899 334 938 διὰ
353 898 416 945 τὴν
435 899 567 951 ἄφατον
587 901 647 936 τοῦ
668 900 760 936 Θεοῦ
781 896 1042 950 φιλανθρωπίαν
1062 898 1122 936 καὶ

89 961 129 1000 τὸ
150 961 248 1014 ἔργον
273 960 322 1012 μὴ
351 959 637 1006 ἐπιτελέσαντας,
663 959 733 997 ἀπὸ
762 961 825 1005 τῆς
855 957 998 1009 γνώμης
1018 957 1120 1009 μόνον

89 1023 148 1062 τὸν
165 1022 334 1074 στέφανον
353 1021 584 1072 κομίσασθαι·
606 1019 666 1058 καὶ
684 1019 740 1057 ἵνα
761 1019 896 1071 μάθῃς,
918 1018 1042 1058 σκόπει
1062 1036 1121 1071 μοι

90 1088 190 1122 τοῦτο
215 1082 272 1122 ἐπὶ
297 1085 360 1128 τῆς
387 1081 643 1132 ἐλεημοσύνης·
672 1081 754 1120 ὅταν
780 1080 847 1132 γὰρ
873 1081 949 1133 ἴδῃς
978 1081 1036 1119 τὸν
1063 1081 1120 1120 ἐπὶ

90 1147 152 1190 τ’ἥς
173 1146 298 1196 ἀγορᾶς
318 1142 525 1196 ἐῤῥιμμένον
556 1143 616 1181 καὶ
643 1143 776 1195 ἐσχάτῃ
795 1142 898 1195 πενίᾳ
926 1142 1121 1194 κατεχόμε·

91 1221 160 1252 νον,
181 1205 241 1243 καὶ
260 1205 452 1256 συναλγῇς,
468 1203 581 1247 τείνας
597 1220 635 1242 τε
653 1203 717 1250 τὴν
738 1202 892 1241 διάνοιαν
913 1205 961 1247 εἷς
981 1204 1038 1242 τὸν
1056 1205 1118 1241 οὖ-

93 1267 193 1320 ρανὸν
211 1266 466 1319 εὖχαριστῆσῃς
486 1267 536 1318 τῷ
555 1265 718 1317 Δεσπότῃ
745 1263 804 1302 καὶ
830 1263 917 1316 ὑπὲρ
936 1267 1005 1302 τῶν
1026 1264 1118 1302 κατὰ

91 1328 229 1376 σαυτὸν,
246 1327 305 1366 καὶ
323 1326 409 1379 ὑπὲρ
428 1330 490 1374 τῆς
505 1329 684 1378 ὑπομονῆς
706 1330 766 1364 τοῦ
791 1325 938 1373 πένητος
950 1355 959 1373 ,
979 1325 1045 1364 κᾶν
1066 1326 1116 1376 μὴ

90 1388 207 1427 δύναιο
226 1387 419 1442 ἐπαρκέσαι
438 1387 497 1426 καὶ
515 1390 620 1426 λῦσαι
644 1388 703 1426 τὸν
722 1387 839 1439 λιμὸν,
859 1388 930 1426 ἀπὸ
948 1391 1012 1435 τῆς
1028 1388 1120 1440 γνώ-

91 1467 160 1501 μης
180 1449 437 1502 ἀπηρτισμένον
457 1448 580 1494 ἔλαὸες
600 1449 659 1488 τὸν
680 1448 815 1501 μισθόν.
837 1449 906 1488 Διὰ
927 1449 995 1502 γὰρ
1018 1453 1119 1488 τοῦτο

91 1511 150 1548 καὶ
175 1513 193 1548 6
218 1509 400 1557 Δεσπότης
430 1510 567 1562 ἔλεγεν·
600 1509 670 1554 “Oq
704 1510 764 1548 ἐὰν
796 1510 923 1563 ποτίσῃ
950 1510 1118 1563 ποτήριον

90 1574 225 1624 ψυχροῦ
257 1570 358 1622 μόνον
379 1573 426 1614 εἷς
449 1572 556 1622 ὄνομα
581 1575 736 1623 μαθητοῦ
753 1603 762 1620 ,
785 1571 880 1624 ἀμὴν
907 1572 998 1623 λέγω
1023 1574 1118 1623 ὑμῖν,

90 1636 128 1672 οὐ
150 1633 199 1684 μὴ
216 1631 372 1682 ἀπολέσῃ
393 1633 450 1671 τὸν
471 1633 594 1684 μισθὸν
615 1636 730 1672 αὐτοῦ.
754 1634 815 1681 Μή
837 1651 871 1672 τι
892 1636 1027 1686 ψυχροῦ
1057 1651 1120 1673 πο-

90 1694 211 1747 τηρίου
229 1694 488 1746 εὐτελέστερον,
509 1694 602 1732 Ἀλλ’
621 1697 642 1741 ἧ
658 1695 781 1747 γνώμη
804 1695 862 1733 τὸν
883 1696 1005 1746 μισθὸν
1025 1697 1120 1747 αὐτῷ

90 1753 313 1806 προεξένησε.
332 1755 386 1793 Τὸ
401 1755 484 1793 αὐτὸ
501 1755 560 1793 καὶ
584 1755 642 1794 ἐπὶ
665 1761 725 1794 τοῦ
744 1756 896 1795 ἐναντίου
915 1756 1119 1809 εὑρήσομεν.

91 1813 184 1852 Ἀλλ’
202 1816 392 1866 ἀναγκαῖον
409 1821 490 1867 γοῦν
514 1821 626 1854 ταῦτα
649 1823 755 1855 κινεῖν
778 1818 836 1856 ἐπὶ
865 1821 929 1864 τῆς
952 1818 1121 1870 ὑμετέρας

90 1875 248 1927 ἀγάπης,
277 1875 333 1914 ἵνα
362 1877 491 1915 τούτων
522 1877 585 1925 τὴν
614 1878 796 1932 ἀκρίὸειαν
829 1879 956 1922 εἰδότες
986 1879 1120 1926 πολλὴν

90 1940 152 1983 τῆς
169 1937 433 1987 εὐγνωμοσύνης
452 1942 598 1985 ποιῆσθε
614 1939 677 1986 τὴν
695 1940 898 1991 ἀσφάλειαν.
915 1939 1037 1978 Ἄκουε
1054 1940 1121 1993 γὰρ

90 1999 124 2034 τί
154 2013 260 2050 φησιν
280 2001 298 2035 6
315 1999 464 2050 Χριστός
481 2015 488 2022 ·
510 1999 555 2038 ‘O
583 2000 762 2053 ἐμὸλέψας
788 2007 937 2052 γυναῖκα
966 2002 1052 2054 πρὸς
1082 2002 1122 2040 τὸ

91 2061 308 2109 ἐπιθυμῆσαι
324 2062 452 2109 αὐτῆς,
471 2061 538 2108 ἤδη
561 2061 764 2114 ἐμοίχευσεν
791 2062 900 2110 αὐτὴν
920 2066 954 2102 ἐν
974 2066 1018 2115 τῇ
1039 2079 1122 2115 καρ-

1028 202 1189 233 GENES.
1230 204 1369 234 notuit.
1379 223 1388 233 .

1431 204 1578 235 xxvii.
2063 206 2147 236 303

1197 299 1276 324 mus
1294 315 1305 335 ,
1335 286 1410 325 sive
1436 286 1699 339 eleemosynam
1724 286 1897 325 faciamus
1919 291 1930 335 (
1952 288 2037 339 ipsae
2059 289 2151 327 enim

1195 356 1278 384 sunt
1297 347 1499 400 spirituales
1515 356 1642 385 nostrae
1662 347 1822 397 hostiae),
1838 348 1914 386 sive
1927 349 2026 387 aliud
2041 350 2150 401 spiri-

1196 408 1291 445 tuale
1321 408 1505 459 quoddam
1535 423 1625 461 opus
1656 409 1851 459 faciamus,
1886 409 1953 447 boc
1982 410 2153 448 faciamus

1195 470 1287 508 bona
1315 479 1431 508 mente
1461 470 1598 508 incitati
1627 486 1634 507 :
1666 479 1706 508 ut
1733 479 1766 509 et
1797 470 1982 509 laboribus
2005 471 2151 523 dignam

1194 532 1390 570 referamus
1413 546 1591 570 coronam.
1613 531 1715 570 Esset
1739 532 1834 571 enim
1854 532 2114 585 perabsurdum
2140 564 2149 579 ‚

1194 592 1351 630 laborem
1370 608 1433 631 uos
1448 593 1622 632 sustinere
1638 624 1648 642 ‚
1674 603 1707 632 ct
1728 594 1891 632 mercede
1916 595 2072 632 fraudari
2098 627 2104 641 ,
2123 595 2150 632 si

1195 653 1341 703 quidem
1359 668 1428 692 non
1451 655 1645 693 secuudum
1668 656 1762 707 leges
1781 656 1827 694 ab
1843 656 1906 694 illo
1927 656 2030 694 nobis
2051 656 2151 694 datas

1194 714 1364 752 virtutem
1388 729 1607 755 exercemus.
1630 717 1721 755 Fieri
1743 727 1860 755 autem
1880 726 1993 770 potest
2012 717 2058 756 ob
2079 732 2152 755 ma-

1148 782 1172 811 1)
1195 787 1301 826 gnam
1326 775 1391 813 Dei
1411 776 1681 827 benignitatem,
1703 788 1740 815 ut
1756 793 1862 830 opere
1881 779 2038 816 nondum
2055 792 2151 816 com-

1195 836 1290 888 pleto
1310 866 1320 885 ,
1343 850 1508 874 coronam
1533 838 1614 888 quis
1633 838 1786 890 accipiat
1804 854 1823 876 a
1844 840 1916 877 sola
1939 840 1995 891 pia
2023 850 2149 878 mente.

1196 896 1243 934 Et
1258 906 1296 934 ut
1310 897 1377 935 hoc
1391 898 1508 935 discas
1523 928 1533 948 ,
1554 898 1714 947 adverte,
1734 900 1895 947 obsecro,
1911 900 1977 938 hoc
2000 901 2035 938 in
2055 902 2149 939 elee-

1195 971 1358 1010 mosyna.
1382 960 1474 997 Nam
1487 959 1515 997 si
1531 959 1674 1011 quando
1690 960 1791 999 vides
1803 962 1978 1014 jacentem
1994 962 2029 999 in
2049 963 2125 1000 soro
2138 994 2148 1012 ,

1193 1028 1227 1056 et
1250 1029 1408 1058 extrema
1437 1020 1556 1073 inopia
1583 1020 1799 1072 detentum,
1834 1032 1867 1060 et
1893 1023 2084 1072 condoles,
2111 1038 2151 1061 ac

1193 1089 1310 1118 mente
1330 1080 1365 1118 iu
1388 1080 1513 1119 caelum
1536 1082 1676 1120 sublata
1705 1083 1838 1134 gratias
1863 1084 1940 1135 agis
1964 1084 2120 1122 Domino
2140 1115 2150 1133 ,

1193 1150 1269 1179 tum
1287 1152 1432 1195 propter
1450 1157 1488 1181 ea
1504 1158 1583 1195 qum
1601 1144 1666 1182 tibi
1683 1159 1846 1183 concessa
1863 1155 1960 1196 sunt,
1975 1155 2052 1184 tum
2068 1161 2150 1199 pro-

1191 1212 1270 1256 pter
1289 1204 1406 1257 inopis
1433 1205 1642 1258 patientiam
1665 1222 1672 1243 :
1692 1207 1832 1246 etiamsi
1859 1222 1927 1246 non
1950 1208 2064 1260 possis
2087 1222 2150 1247 cx-

1191 1264 1289 1317 plere
1317 1274 1350 1303 et
1373 1265 1497 1305 sedare
1527 1266 1626 1305 illius
1648 1268 1777 1306 samem
1796 1298 1806 1317 ,
1842 1278 1987 1322 propter
2013 1268 2150 1306 bonum

1191 1325 1415 1377 propositum
1448 1337 1730 1365 consummatam
1759 1328 1907 1381 recipies
1938 1328 2147 1367 mercedem.

1193 1383 1238 1421 Et
1263 1398 1301 1422 ea
1335 1384 1380 1422 de
1407 1399 1513 1423 causa
1539 1387 1717 1425 Dominus
1743 1402 1885 1439 quoque
1912 1388 2052 1427 dicebat
2076 1405 2084 1425 ε
2111 1390 2151 1428 Si

1191 1449 1277 1498 quis
1300 1455 1433 1498 potum
1471 1448 1619 1486 dederit
1651 1450 1814 1488 calicem
1851 1465 1965 1503 aquae
1984 1453 2150 1504 frigida&>

1144 1518 1167 1548 E
1193 1516 1346 1546 tantum
1368 1511 1411 1546 in
1431 1512 1587 1548 nomine
1601 1511 1806 1563 discipuli,
1835 1527 1951 1550 amen
1975 1514 2061 1551 dico
2082 1527 2151 1552 vo-

1193 1576 1250 1612 bis
1267 1605 1278 1621 ,
1303 1588 1381 1613 non
1406 1577 1540 1628 perdet
1562 1579 1774 1616 mercedem
1797 1593 1920 1618 suam.
1942 1581 2037 1618 Num
2063 1579 2152 1632 quid

1191 1644 1320 1695 poculo
1339 1658 1439 1695 aquae
1458 1644 1599 1696 frigidae
1619 1646 1760 1684 tenuius
1780 1646 1798 1684 ἶ)
1823 1646 1894 1685 Sed
1913 1647 2053 1686 animus
2069 1647 2151 1700 pius

1192 1708 1391 1748 mercedem
1409 1709 1492 1748 inde
1506 1711 1576 1749 sibi
1595 1712 1772 1751 conciliat.
1787 1712 1864 1750 Hoc
1881 1722 1914 1750 et
1931 1713 1966 1751 in
1987 1713 2150 1766 opposito

1192 1773 1428 1813 inveniemus.
1451 1777 1578 1829 Operae
1598 1778 1755 1830 pretium
1776 1779 1870 1816 enim
1896 1789 1946 1818 est
1960 1811 1970 1828 ,
1988 1789 2025 1817 ut
2044 1779 2088 1818 de
2107 1780 2151 1818 iis

1191 1841 1383 1892 loquamur
1397 1843 1537 1881 caritati
1559 1853 1684 1882 vestrae
1699 1874 1710 1894 ,
1737 1859 1806 1895 quo
1822 1845 1926 1883 vobis
1945 1846 2020 1883 haee
2041 1860 2147 1884 accu-

1192 1918 1267 1947 rate
1292 1909 1487 1949 scientibus
1521 1911 1710 1963 probitatis
1738 1921 1895 1951 tutamen
1925 1913 2146 1966 comparetis.

1192 1976 1286 2015 Audi
1313 1978 1408 2016 enim
1427 1978 1515 2030 quid
1539 1978 1637 2017 dicat
1668 1979 1833 2019 Christus
1856 1997 1863 2017 :
1891 1982 1966 2032 Qui
1994 1984 2148 2033 respicit

1192 2047 1392 2084 mulierem
1407 2048 1461 2084 ad
1474 2050 1820 2100 concupiscendum
1840 2063 1941 2097 eam,
1956 2053 2043 2102 jam
2059 2065 2149 2088 mae·

92 2119 147 2158 δία
163 2121 276 2159 αὐτοῦ.
294 2120 402 2174 Ὁρᾶς
424 2122 483 2160 καὶ
505 2125 653 2161 ἐνταῦθα
677 2124 782 2161 πάλιν
805 2124 874 2162 ἀπὸ
897 2127 960 2170 τῆς
979 2129 1119 2177 μογοη,
1133 2114 1330 2174 26)ε]ιαειις
1350 2122 1406 2151 est
1425 2128 1511 2152 eam
1525 2117 1567 2152 in
1587 2117 1702 2153 corde
1721 2130 1804 2154 suo,
1827 2116 1940 2155 Vides
1959 2127 1992 2155 et
2012 2117 2071 2156 hic
2086 2118 2150 2156 ite-

92 2188 152 2232 ρᾶς
178 2181 321 2233 γνώμης
346 2184 405 2220 καὶ
434 2182 498 2229 τὴν
520 2183 726 2237 κατάκρισιν
758 2185 945 2236 ἑπομένην,
975 2186 1035 2223 καὶ
1063 2185 1121 2224 διὰ

91 2244 154 2292 τὴν
179 2245 434 2298 ἀπερίσκεπτον
468 2248 559 2300 ὄψιν,
587 2249 635 2291 ὡς
667 2250 714 2292 εἷς
744 2249 842 2303 ἔργον
870 2253 933 2297 τῆς
959 2250 1120 2302 μοιχείας

89 2311 288 2359 ἐξελθούσης
308 2314 403 2365 αὐτῷ
416 2343 426 2360 ,
452 2313 516 2361 τὴν
536 2313 680 2353 κόλασιν
707 2316 976 2369 ἐπηρτημένην;
996 2319 1121 2356 Ταῦτα

90 2378 202 2416 τοίνυν
222 2381 425 2427 ἐννοοῦντες,
441 2389 624 2435 πανταχοῦ
642 2383 705 2431 τὴν
724 2384 868 2435 γνώμην
885 2388 987 2435 ἡμῶν
1007 2388 1120 2438 ἀσφα-

90 2446 290 2497 λισώμεθα,
319 2447 377 2486 ἵνα
404 2448 490 2497 αὕτη
511 2451 555 2490 τὰ
577 2451 662 2503 παρ’
690 2454 791 2503 ἡμῶν
820 2452 985 2505 γινόμενοι
1002 2470 1116 2508 παρα-

90 2514 248 2567 σκευάσῃ
274 2515 510 2568 εὐπρόσδεκτα
529 2517 697 2570 γίνεσθαι.
729 2521 774 2558 Εἰ
805 2519 872 2572 γὰρ
898 2520 956 2558 τὸν
988 2521 1120 2560 καπνὸν

91 2582 150 2620 καὶ
171 2582 234 2629 τὴν
254 2582 396 2622 κνίσσαν
426 2584 538 2636 ὀσμὴν
564 2585 708 2630 εὐωδίας
728 2586 892 2635 ἐποίησε,
922 2587 956 2625 τί
984 2590 1047 2626 οὐκ
1079 2587 1120 2626 ἂν

92 2648 281 2700 ἐργάσηται
311 2649 374 2694 τὰς
401 2653 640 2703 πνευματικὰς
669 2656 771 2704 ἡμῶν
792 2653 920 2698 ταύτας
938 2655 1120 2708 λατρείας,

92 2716 152 2754 καὶ
170 2715 282 2764 πόσης
300 2721 394 2769 ἡμᾶς
410 2721 447 2757 οὐ
463 2722 717 2774 παρασκευάσῃ
740 2725 938 2761 ἀπολαῦσαι
951 2726 1014 2770 τῆς
1029 2723 1122 2762 ἄνω-

94 2787 149 2820 θεν
177 2784 328 2833 εὐνοίας;
361 2786 430 2824 Καὶ
461 2787 668 2840 ὧσφράνθη,
697 2789 805 2842 φησὶ,
831 2789 959 2842 Κύριος
988 2794 1005 2829 6
1033 2791 1123 2837 Θεὸς

93 2849 205 2900 ὀσμὴν
229 2852 383 2896 εὐωδίας.
407 2848 506 2898 Εἶδες
538 2856 582 2894 τὰ
611 2857 709 2911 παρὰ
728 2861 788 2896 τοῦ
811 2858 947 2897 δικαίου
975 2876 1122 2912 γεγενη-

96 2916 184 2966 μένα
198 2947 208 2965 ,
242 2920 335 2966 πῶς,
361 2918 439 2958 ὅσον
465 2921 528 2972 μὲν
547 2922 632 2974 πρὸς
648 2923 710 2971 τὴν
731 2924 810 2976 ὄψιν
830 2928 899 2963 τῶν
916 2927 1122 2978 γεγονότων,

95 2987 214 3031 εὐτελῆ
243 2986 430 3038 τυγχιοίνει,
463 2989 532 3028 ἀπὸ
558 2989 593 3028 δὲ
620 2993 681 3038 τῆς
703 2994 819 3043 ὑγιοῦς
852 2995 957 3031 αὐτοῦ
977 2994 1123 3046 γνώμης

95 3052 153 3089 καὶ
183 3052 273 3091 πάνυ
301 3054 438 3105 μεγάλα
457 3056 652 3104 δείκνυται;
681 3059 816 3098 Σκόπει
844 3076 904 3111 μοι
923 3061 1044 3100 λοιπὸν
1066 3067 1126 3101 τοῦ

96 3119 342 3172 φιλανθρώπου
363 3121 543 3161 Δεσπότου
563 3124 626 3170 τὴν
651 3124 793 3178 ἄπειρον
817 3127 1031 3178 ἀγαθότητα.
1055 3129 1126 3167 Καὶ

97 3177 171 3223 εἶπε
190 3185 316 3238 Κύριος
333 3189 350 3224 6
366 3188 456 3231 Θεὸς
472 3190 664 3238 διανοηθείς
681 3207 688 3215 ·
707 3193 745 3230 οὐ
766 3193 959 3245 προσθήσω
990 3194 1041 3233 ἔτι
1067 3201 1128 3235 τοῦ

98 3251 366 3303 καταράσασθαι
396 3254 460 3302 τὴν
487 3260 552 3306 γῆν
573 3257 630 3295 διὰ
649 3258 694 3297 τὰ
725 3258 809 3310 ἔργα
832 3263 902 3298 τῶν
923 3261 1128 3315 ἀνθρώπιον,

99 3321 151 3355 ὅτι
167 3317 319 3368 ἔγκειται
341 3324 362 3367 ἡ
380 3321 512 3361 διάνοια
537 3329 596 3362 τοῦ
614 3325 797 3377 ἀνθρώπου
816 3328 990 3378 ἐπιμελῶς
1006 3328 1063 3368 ἐπὶ
1084 3329 1127 3367 τὰ

101 3386 236 3438 πονηρὰ
261 3387 299 3425 ἐκ
329 3389 499 3436 νεότητος.
531 3395 583 3430 Οὐ
605 3394 792 3445 προσθήσω
811 3389 866 3432 οῦν
889 3397 1039 3441 πατάξαι
1060 3404 1127 3436 πᾶ-

1145 2188 1170 2215 Α
1191 2194 1272 2218 rum
1293 2181 1426 2218 malam
1445 2191 1599 2220 mentem
1617 2183 1715 2234 sequi
1737 2183 2064 2224 condemnationem
2084 2216 2094 2232 ‚
2117 2196 2152 2225 et

1190 2246 1237 2285 ob
1258 2246 1561 2286 inconsideratum
1581 2249 1753 2288 intuitum
1773 2281 1785 2301 ,
1808 2252 1909 2302 quasi
1933 2254 2150 2307 completum

1190 2322 1278 2352 esset
1292 2313 1461 2352 adulterii
1475 2329 1580 2368 opus,
1597 2330 1739 2369 poenam
1759 2318 1882 2357 inferri
1897 2320 1914 2358 ‚0
1931 2321 2055 2372 Itaque
2067 2336 2149 2360 cum

1191 2381 1266 2419 liaec
1291 2381 1446 2421 sciamus
1466 2413 1476 2430 ‚
1508 2384 1668 2436 undique
1695 2396 1851 2426 mentem
1878 2397 2036 2427 nostram
2060 2390 2149 2428 bene

1193 2449 1398 2487 muniamus
1414 2480 1426 2500 ‚
1448 2460 1490 2488 ut
1510 2466 1572 2504 per
1592 2467 1666 2491 eam
1691 2454 1780 2492 fiant
1798 2466 1940 2509 accepta
1963 2471 2041 2508 quae
2061 2459 2148 2497 faci-

1191 2530 1285 2555 mus.
1308 2517 1400 2554 Nam
1422 2517 1453 2556 si
1477 2518 1618 2557 fumum
1638 2530 1670 2558 et
1697 2521 1858 2561 nidorem
1878 2525 1986 2563 vertit
2006 2526 2041 2563 in
2062 2526 2147 2564 odo-

1195 2598 1269 2622 rem
1286 2585 1506 2636 fragrantiae⁷
1526 2586 1615 2637 quid
1630 2602 1698 2626 non
1720 2604 1737 2627 e
1752 2591 1931 2642 spirituali
1947 2602 2066 2631 nostro
2091 2594 2145 2632 fa-

1195 2661 1287 2690 ceret
1312 2652 1438 2702 cultu,
1467 2662 1500 2690 et
1527 2663 1697 2704 quantam
1727 2670 1796 2694 non
1829 2658 1982 2708 gratiam
2012 2659 2148 2698 caelitus

1196 2718 1299 2757 nobis
1312 2729 1519 2772 procuraret
1533 2720 1550 2758 Ξ)
1566 2722 1620 2759 Et
1635 2722 1820 2761 odoratus
1833 2733 1902 2772 est,
1923 2724 2055 2775 inquit,
2066 2727 2148 2764 Do-

1196 2788 1325 2824 minus
1342 2787 1449 2825 Deus
1472 2787 1628 2825 odorem
1639 2834 1645 2840 ι
1648 2789 1896 2840 fragrantiae.
1913 2791 2048 2830 Vidisti
2070 2807 2149 2844 quae

1194 2853 1316 2890 fecerit
1334 2854 1452 2906 justus
1467 2885 1476 2903 ,
1492 2855 1672 2905 quomodo
1685 2886 1694 2903 ‚
1714 2866 1886 2907 quantum
1905 2857 1952 2896 ad
1964 2854 2158 2897 externum'

1195 2922 1438 2974 spectaculum
1466 2923 1642 2975 pertinet,
1672 2936 1744 2960 rem
1767 2937 1942 2975 parvam5
1977 2934 2151 2976 quantum

1148 3001 1170 3030 Β
1196 2999 1315 3028 autem
1330 2989 1374 3027 ad
1394 2990 1568 3036 animum,
1589 2991 1849 3043 permagnam?
1866 2992 2019 3031 Attende
2031 3002 2151 3031 autem

1197 3056 1364 3109 deinceps
1387 3056 1596 3094 immensam
1625 3057 1807 3096 clementis
1839 3058 1985 3097 Domini
2013 3060 2152 3098 bonita-

1199 3133 1279 3161 tem.
1300 3125 1353 3161 Et
1378 3124 1477 3160 dixit
1498 3124 1692 3163 Dominus
1715 3126 1822 3164 Deus
1844 3128 1885 3164 in
1902 3137 2027 3165 mente
2045 3142 2116 3166 sua
2139 3145 2149 3164 :

1198 3194 1290 3231 Nm
1327 3194 1514 3245 adjiciam
1555 3194 1660 3232 ultra
1695 3203 1736 3233 ut
1774 3196 2008 3234 maledicam
2040 3206 2150 3235 terrae

1197 3270 1353 3313 propter
1368 3275 1482 3312 opera
1503 3262 1715 3309 hominum,
1734 3266 1826 3316 quia
1839 3266 2026 3302 incumbit
2045 3279 2150 3304 mens

1201 3330 1368 3366 hominis
1388 3331 1535 3367 intente
1555 3331 1597 3366 in
1627 3331 1734 3369 mala
1756 3345 1872 3383 opera
1893 3346 1918 3370 a
1936 3335 2149 3385 juventute.

1203 3399 1290 3436 Non
1315 3400 1432 3449 igitur
1452 3398 1637 3450 adjiciam
1657 3429 1668 3446 ,
1700 3408 1739 3436 ut
1765 3402 1980 3450 percutiam
1999 3414 2148 3438 omnem

2164 1392 2262 1420 Alnus,
2273 1414 2278 1419 .

2166 1985 2277 2013 Jlall'.

2308 1403 2354 1421 ΙΟ-

2308 1998 2340 2014 ‚J-
