2516 3791
821 143 1005 174 JOANNJS
1040 144 1280 174 CHRYSOST.

295 128 390 186 438
746 142 784 172 s.

292 238 479 277 poenarum
496 225 567 263 sint
588 233 759 274 auctores,
775 225 911 263 nullam
930 225 1076 277 posthac
1094 237 1242 262 excusa-

293 286 425 325 tionem
441 285 609 325 habeant.

344 471 382 507 4.
402 468 557 508 Vidistis
579 465 757 518 quomodo
775 463 988 517 patriarchae
1016 465 1136 503 omnia
1160 465 1243 504 dili-
1268 482 1291 513 ς,

293 540 412 582 genter
425 528 608 576 indicavit,
626 536 665 564 ut
679 541 723 564 ex
739 525 835 564 omni
850 535 950 578 parte
966 526 1042 579 ejus
1059 526 1242 567 roboraret

292 591 414 639 fidem,
441 598 474 627 et
501 597 539 626 ut
565 587 674 626 exiis
703 601 780 638 quae
807 587 851 624 ad
880 602 962 626 eum
984 587 1079 627 dicta
1100 589 1241 628 fuerant

292 650 466 689 confidere
476 658 607 702 posset,
624 648 732 687 etiam
742 648 940 702 posteritati
953 650 982 702 ej
988 665 1030 688 us
1041 650 1116 689 haec
1127 652 1241 690 omni-

289 725 333 749 no
355 719 523 749 eventura
543 724 620 748 esse
640 726 647 746 :
670 719 779 760 utque
798 709 903 748 etiam
923 725 967 748 ex
985 711 1167 763 praedictis
1182 713 1240 752 vi-

289 771 407 809 cissim
431 771 573 810 firmam
597 771 744 809 haberet
767 770 890 820 fidem,
911 785 1050 810 necesse
1073 786 1146 811 esse
1162 774 1239 825 jam

288 834 365 872 fieri
383 833 481 885 quod
493 833 537 871 de
551 848 590 871 eo
609 832 746 871 dietum
759 833 886 870 fuerat.
903 833 1042 882 Postea,
1061 834 1124 871 ubi
1141 848 1239 873 com-

285 894 397 946 plevit
421 894 701 946 praedictionem,
725 893 860 944 aceepit
884 893 991 932 etiam
1012 894 1073 931 ille
1094 894 1238 946 signum

285 955 452 993 idoneum
471 970 593 994 eorum
610 970 687 1006 quae
704 957 771 1008 ipsi
789 955 1022 1008 contigerunt.
1040 957 1101 995 17.
1116 958 1233 995 Post-

286 1019 498 1070 quamsuit
521 1018 581 1056 sol
600 1019 654 1055 ad
675 1031 867 1064 oceasum,
897 1016 1026 1068 inquit,
1041 1018 1156 1069 saeta
1179 1027 1237 1057 est

265 1124 270 1129 ι
277 1078 457 1127 flamma,
480 1087 517 1116 et
536 1092 621 1117 ecce
639 1078 818 1117 clibanus
831 1079 1048 1131 fumigans,
1071 1087 1105 1115 el
1129 1079 1232 1117 lam—-

280 1139 399 1188 pudes
414 1141 526 1190 ignis,
550 1153 636 1190 quae
655 1142 890 1177 transierunt
907 1141 1008 1177 inter
1023 1140 1232 1179 divisiones
1255 1150 1281 1181 D

282 1200 385 1238 illas.
408 1199 455 1237 Et
476 1200 620 1238 flamma>
638 1209 670 1238 et
695 1200 857 1239 clibanus
881 1209 916 1239 et
939 1199 1120 1253 lampades
1146 1215 1230 1241 con-

281 1260 537 1312 spiciebantur,
563 1271 600 1299 ut
620 1262 762 1313 signum
785 1262 930 1300 haberet
949 1262 1070 1313 justus
1094 1262 1231 1302 firmio-

280 1336 360 1359 rum
381 1322 568 1372 foederum,
590 1332 624 1361 et
647 1322 822 1361 adventus
845 1322 977 1362 divinae
997 1324 1226 1375 operationis.

281 1383 458 1434 Denique,
486 1392 673 1436 postquam
698 1384 870 1436 completa
899 1393 933 1422 et
965 1385 1117 1436 perfecta
1147 1395 1230 1424 sunt

280 1441 412 1490 onmia,
439 1451 626 1494 postquam
649 1442 742 1494 ignis
766 1442 947 1496 proposita
973 1454 1226 1495 consumserat,

281 1501 343 1539 18.
373 1503 590 1554 Disposuit,
625 1503 753 1555 inquit,
783 1505 974 1547 Dominus
1002 1507 1044 1542 in
1071 1506 1133 1543 die
1158 1506 1228 1543 illo

276 1563 320 1600 A
323 1565 399 1601 hroe
415 1572 684 1603 testamentum
704 1566 835 1604 dicens
852 1581 866 1601 t
882 1566 1029 1604 Semini
1043 1575 1108 1604 tuo
1125 1567 1227 1605 dabo

278 1633 420 1661 terram
440 1626 557 1671 hanc,
580 1639 606 1663 a
617 1625 743 1679 fluvio
757 1626 919 1677 AEgypci
938 1640 1060 1678 usque
1075 1627 1130 1664 ad
1149 1628 1227 1673 slu-

279 1686 380 1721 vium
405 1699 588 1737 magnum
614 1687 870 1738 Euphratem,
900 1687 962 1725 19.
993 1688 1157 1731 Oinoe-os,
1190 1698 1227 1727 et

277 1746 490 1794 cenezaeos,
503 1756 539 1784 et
561 1747 823 1794 cedmonaeos,
835 1748 900 1785 5³20.
912 1756 949 1785 et
967 1748 997 1786 C
1000 1749 1171 1796 hettaeos‚
1189 1757 1227 1788 et

273 1807 515 1854 Pherezoeos,
540 1816 576 1845 et
599 1809 806 1859 Raphaim,
832 1817 868 1846 et
891 1808 1160 1857 Amorrhaeos,
1189 1819 1227 1850 et

276 1869 535 1915 Clzananoeos‚
559 1878 595 1907 et
613 1870 650 1907 E
655 1883 766 1916 vaeos,
792 1879 828 1908 et
847 1870 1082 1922 Gergesaeos,
1105 1879 1143 1910 et
1158 1872 1226 1910 Je-
1248 1882 1274 1912 E

275 1930 433 1967 busoeos.
465 1928 562 1968 Vide
587 1929 766 1980 quomodo
792 1929 911 1969 adhuc
940 1941 1156 1983 perseverat,
1186 1942 1226 1972 ut

274 1989 458 2027 confirmet
475 2004 576 2028 suam
596 1991 631 2028 in
652 1991 759 2028 illum
777 1991 1059 2044 promissionem.
1080 1995 1225 2046 Dispo-

273 2054 350 2088 suit
372 2051 479 2098 enim,
507 2051 635 2102 inquit,
660 2061 931 2091 testamentum
959 2055 1090 2092 dicens
1119 2070 1130 2090 .·
1156 2055 1222 2094 Se-

274 2114 371 2148 mini
399 2120 464 2148 tuo
493 2112 594 2149 daho
625 2121 767 2150 terram
793 2114 909 2151 hanc.
942 2114 1081 2153 Deinde
1111 2124 1150 2153 ut
1179 2130 1224 2156 ex

272 2170 461 2209 latitudine
498 2180 618 2222 terrae,
654 2181 688 2210 et
719 2173 955 2225 amplitudine
991 2175 1224 2214 terminorum

275 2232 363 2271 scire
394 2232 505 2285 possit
534 2234 653 2285 justus
690 2244 864 2284 quantum
902 2235 1112 2274 extendetur
1148 2238 1224 2289 ejus

273 2307 406 2343 semen,
429 2294 546 2344 inquit
569 2309 577 2330 :
601 2294 642 2331 A
650 2295 823 2349 flumine
848 2297 1010 2348 AEgypti
1028 2311 1148 2349 usque
1172 2300 1227 2337 ad

273 2354 418 2406 flumen
442 2356 686 2406 Euphratem
713 2364 851 2393 tantum
876 2356 943 2394 erit
965 2371 1081 2395 semen
1109 2368 1223 2399 tuum.

263 2406 456 2468 'Perpende
476 2415 654 2467 quomodo
684 2416 862 2468 ingentem
891 2431 1028 2470 semper
1056 2420 1223 2458 multitu—

272 2477 392 2514 dinem
412 2477 466 2514 illi
485 2475 664 2515 declarare
685 2477 782 2516 velit.
803 2478 975 2530 Superius
997 2479 1090 2517 enim
1112 2480 1223 2531 dixit,

273 2551 309 2575 se
331 2537 422 2575 sicut
446 2537 740 2576 innumerabilem
763 2538 946 2577 stellarum
976 2553 1163 2579 numerum
1180 2543 1224 2580 il-

1320 144 1508 174 Ancum?
1517 164 1527 174 .
1567 145 1927 177 CONSTANTINOP.

1317 227 1378 263 οὐκ
1407 225 1531 277 ἐπάγει
1558 226 1619 270 τὰς
1646 228 1836 280 τιμωρίας,
1867 226 1958 267 ἀλλὰ
1987 227 2048 268 καὶ
2081 230 2213 283 σφόδρα
2245 231 2342 270 ἐλάτ-

1315 301 1407 328 τους.
1425 286 1494 325 Διὰ
1508 290 1610 326 τοῦτο
1629 289 1689 327 καὶ
1703 290 1783 342 περὶ
1797 289 1938 334 τούτους
1957 290 2089 338 πολλὴν
2109 292 2342 331 ἐπιδείκνυται

1315 345 1379 392 τὴν
1391 348 1644 399 μακροθυμίαν,
1661 349 1719 387 ἵνα
1735 349 1814 388 καθ’
1829 353 1960 389 ἑαυτῶν
1980 352 2258 403 ἐπισπασάμενοι
2276 353 2340 401 τὴν

1317 408 1502 462 τιμωρίαν,
1520 409 1695 461 μηδεμίαν
1714 411 1822 463 ἔχωσι
1837 412 1956 450 λοιπὸν
1977 412 2180 464 ἀπολογίαν.

1370 470 1493 509 Εἶδετε
1521 472 1597 513 πῶς
1622 470 1760 509 ἅπαντα
1780 471 1870 521 μετὰ
1887 471 2066 524 ἀκριὸείας
2094 473 2259 526 ἐγνώρισε
2287 476 2338 527 τῷ

1315 530 1517 584 πατριάρχῃ
1529 562 1540 578 ,
1563 530 1621 569 ἵνα
1645 531 1862 584 πανταχόθεν
1887 534 1991 571 αὐτοῦ
2012 533 2169 586 νευρώσῃ
2196 534 2260 582 τὴν
2278 535 2337 573 πί-

1314 609 1402 641 στιν,
1425 593 1484 631 καὶ
1510 595 1548 631 ἐκ
1573 596 1644 631 τῶν
1658 593 1753 645 πρὸς·
1769 593 1870 632 αὐτὸν
1888 594 2077 646 εἰρημένων
2098 595 2162 647 ἔχῃ
2186 598 2339 648 θαῤῥεῖν,

1312 653 1368 692 ὅτι
1387 653 1448 692 καὶ
1467 653 1512 692 τὰ
1530 657 1577 698 εἰς
1601 653 1678 698 τοὺς
1698 654 1858 707 ἐκγόνους
1881 655 2022 699 πάντως
2043 655 2250 702 ἐκδήσεται·
2276 659 2338 696 καὶ

1313 716 1353 754 ἐκ
1381 717 1450 753 τῶν
1475 715 1739 768 προειρημένων
1770 716 1876 755 πάλιν
1906 716 2050 768 βεὸαίαν
2081 717 2255 764 κτήσηται
2272 718 2338 766 τὴν

1312 777 1443 823 πίστιν,
1463 776 1553 815 ὥστε
1573 776 1698 815 καὶ-τὰ
1719 780 1798 815 κατ’
1821 778 1925 817 αὐτὸν
1949 778 2017 825 ἤδη
2039 780 2086 822 εἰς
2106 778 2204 830 ἔργον
2223 780 2335 817 ἐλθεῖν

1314 836 1460 888 ἀνάγκη.
1481 832 1588 886 Εἶτα,
1609 837 1729 884 ἐπειδὴ
1749 839 1931 891 ἐπλήρωσε
1954 839 2019 886 τὴν
2046 839 2249 891 πρόρρησιν,
2275 839 2337 877 καὶ

1311 896 1450 941 ἐδέξατο
1469 905 1612 948 σημεῖον
1632 899 1750 938 ἱκανὸν
1768 902 1837 938 τῶν
1859 900 1946 952 πρὸς
1963 900 2065 939 αὐτὸν
2080 899 2335 951 γεγενημένων.

1310 956 1458 1005 Ἐπειδὴ
1487 959 1622 1009 ἐγένετο
1646 963 1665 998 ὃ
1687 961 1784 1006 ἥλιος
1811 961 1896 1014 πρὸς
1925 961 2079 1012 δυσμὰς,
2107 960 2213 1013 φησὶ,
2250 961 2335 1013 φλὸξ

1309 1017 1444 1069 ἐγένετο
1455 1048 1466 1070 ,
1484 1019 1633 1064 καὶίδοὺ
1649 1021 1812 1064 κλίὸανος
1830 1022 2098 1072 καπνιζόμενος,
2114 1021 2174 1058 καὶ
2187 1022 2333 1071 λαμπά-

1310 1081 1364 1123 δες
1382 1081 1505 1134 πυρὸς,
1523 1081 1557 1119 αἳ
1573 1082 1711 1128 διῆλθον
1731 1083 1796 1121 ἀνὰ
1814 1084 1917 1134 μέσον
1938 1087 2006 1122 τῶν
2026 1082 2333 1135 διχοτομημοίτων.

1306 1140 1377 1179 Καὶ
1398 1144 1416 1187 ἡ
1437 1141 1520 1194 φλὸξ
1545 1142 1606 1180 καὶ
1624 1146 1642 1182 ὁ
1662 1143 1826 1187 κλίὸανος
1847 1143 1908 1181 καὶ
1924 1146 1960 1182 αἱ
1975 1143 2158 1194 λαμπάδες
2178 1143 2332 1194 ἐγίνοντο

1304 1202 1390 1254 πρὸς
1411 1202 1451 1240 τὸ
1476 1203 1647 1255 γνωρίσαι
1674 1206 1724 1256 τῷ
1745 1205 1870 1257 δικαίῳ
1892 1207 1961 1243 τῶν
1987 1207 2165 1252 συνθηκῶν
2195 1205 2235 1243 τὸ
2268 1204 2329 1256 βέ-

1305 1264 1416 1310 emmo,
1444 1264 1504 1302 καὶ
1529 1267 1592 1311 τῆς
1622 1268 1682 1304 τοῦ
1714 1268 1808 1305 Θεοῦ
1832 1265 2004 1319 ἐνεργείας
2031 1265 2094 1312 τὴν
2121 1265 2331 1319 παρουσίαν.

1305 1318 1394 1363 Εἶτα
1407 1354 1416 1371 ,
1439 1325 1558 1373 ἐπειδὴ
1584 1326 1769 1378 ἐπληρώθη
1791 1327 1931 1365 ἅπαντα
1949 1328 2010 1364 καὶ
2028 1326 2226 1380 ἀπηρτίσθη
2239 1357 2250 1375 ,
2268 1330 2330 1366 τοῦ

1302 1385 1410 1438 πυρὸς
1442 1386 1685 1431 ἀναλώσαντος
1701 1387 1747 1426 τὰ
1767 1387 2002 1440 προκείμενα,
2030 1387 2191 1436 Διέθετο,
2219 1388 2327 1440 φησὶ,

1302 1446 1430 1499 Κύριος
1455 1450 1490 1486 ἐν
1517 1451 1562 1500 τῇ
1583 1449 1700 1502 ἡμέρα
1721 1449 1837 1501 ἐκείνη
1855 1452 1905 1501 τῷ
1924 1448 2065 1502 Ἀδραμ
2084 1449 2251 1496 διαθήκην
2270 1448 2328 1488 λέ-

1300 1523 1390 1558 γων·
1410 1511 1459 1561 τῷ
1487 1509 1664 1562 σπέρματί
1698 1526 1759 1549 σου
1779 1511 1884 1548 δώσω
1904 1508 1968 1557 τὴν
1998 1512 2064 1560 γῆν
2092 1509 2224 1557 ταύτην
2258 1510 2329 1549 ἀπὸ

1300 1572 1360 1606 τοῦ
1379 1574 1538 1621 ποταμοῦ
1551 1570 1729 1622 Αἰγύπτου
1751 1570 1816 1614 ἕως
1830 1574 1890 1608 τοῦ
1909 1574 2068 1621 ποταμοῦ
2091 1573 2150 1609 τοῦ
2172 1571 2327 1623 μεγάλου

1296 1630 1482 1683 Εὐφράτου
1499 1661 1509 1678 ,
1526 1630 1623 1675 ’τοὺς
1644 1631 1824 1679 Κιναίους,
1848 1631 1909 1669 καὶ
1927 1631 2006 1675 τοὺς
2022 1631 2226 1676 Κενεζαίους
2239 1663 2249 1680 ,
2264 1633 2325 1670 καὶ

1296 1690 1373 1735 τοὺς
1395 1691 1642 1743 Κεδμωναίους
1654 1723 1664 1741 ,
1679 1693 1738 1730 καὶ
1756 1691 1834 1737 τοὺς
1852 1693 2042 1736 Χετταίους
2054 1723 2064 1740 ,
2083 1692 2143 1730 καὶ
2162 1692 2237 1737 τοὺς
2253 1695 2325 1732 Φε-

1298 1751 1469 1803 ρεζαίους,
1501 1753 1562 1791 καὶ
1579 1751 1661 1796 τοὺς
1673 1752 1851 1806 Ῥαεραεὶμ
1865 1783 1874 1800 ,
1896 1752 1956 1791 καὶ
1973 1752 2051 1796 τοὺς
2071 1752 2298 1805 Ἀμορραίους
2312 1781 2324 1799 ,

1295 1810 1355 1849 καὶ
1384 1811 1463 1856 τοὺς
1491 1813 1734 1861 Χαναναίους,
1757 1813 1817 1851 καὶ
1848 1813 1927 1857 τοὺς
1956 1812 2125 1861 Εὔαίους,
2157 1813 2218 1851 καὶ
2245 1812 2323 1858 τοὺς

1297 1873 1526 1924 Γεργεσαίους
1537 1904 1548 1922 ,
1564 1874 1624 1912 καὶ
1645 1873 1724 1918 τοὺς
1742 1874 1987 1918 Ἰεὸουσαίους.
2005 1873 2102 1928 εὈρα
2121 1877 2195 1917 πῶς
2216 1874 2323 1913 πάλιν

1295 1936 1338 1984 τῇ
1360 1934 1521 1987 συνεχείᾳ
1544 1935 1680 1987 βεὸαιοῖ
1694 1935 1758 1982 τὴν
1788 1937 1836 1980 εἷς
1863 1936 1965 1974 αὐτὸν
1996 1934 2221 1986 ἐπαγγελίαν.
2243 1935 2324 1974 Διέ-

1295 1998 1372 2032 θετο
1391 1995 1457 2048 γὰρ
1470 2026 1479 2043 ,
1505 1996 1612 2048 φησὶ,
1634 1997 1804 2044 διαθήκην
1821 1996 1933 2049 λέγων
1946 2012 1954 2020 ·
1973 1999 2023 2050 τῷ
2052 1995 2231 2048 σπέρματί
2261 2012 2323 2036 σου

1295 2056 1397 2095 δώσω
1420 2057 1483 2104 τὴν
1503 2061 1567 2108 γῆν
1591 2057 1733 2104 ταύτην.
1760 2052 1850 2096 Εἶτα
1868 2058 1925 2096 ἵνα
1945 2060 1984 2097 ἐκ
2001 2063 2062 2097 τοῦ
2081 2058 2234 2101 πλάτους
2258 2061 2323 2105 τῆς

1293 2121 1378 2170 γῆς,
1408 2119 1469 2158 καὶ
1500 2121 1540 2156 ἐκ
1567 2124 1626 2158 τοῦ
1659 2119 1822 2170 μεγέθους
1840 2122 1908 2157 τῶν
1929 2119 2031 2172 ὁρίων
2052 2119 2178 2157 εἰδέναι
2205 2119 2269 2172 ἔχῃ
2302 2122 2322 2158 ὁ

1295 2179 1445 2225 δίκαιος,
1473 2178 1552 2217 ὅσον
1576 2180 1812 2227 ε’κταΟήσεται
1827 2183 1931 2219 αὐτοῦ
1951 2181 1991 2219 τὸ
2006 2179 2166 2232 σπέρμα,
2192 2180 2294 2232 φησίν
2310 2197 2319 2205 ·

1294 2241 1379 2279 Ἀπὸ
1408 2244 1467 2278 τοῦ
1498 2245 1657 2292 ποταμοῦ
1679 2241 1858 2293 Αἰγύπτου
1884 2242 1948 2286 ἕως
1977 2245 2036 2280 τοῦ
2065 2246 2226 2293 ποταμοῦ
2246 2244 2319 2281 Εὖ-

1294 2302 1424 2355 φροίτου
1443 2307 1603 2342 τοσοῦτον
1622 2303 1740 2351 ἔσται,
1760 2303 1863 2355 φησὶ,
1882 2304 1923 2342 τὸ
1938 2303 2078 2357 σπέρμα
2097 2319 2171 2342 σου.
2186 2303 2322 2342 Σκόπει

1294 2368 1368 2409 πῶς
1396 2365 1453 2404 διὰ
1480 2365 1620 2403 πάντων
1648 2369 1708 2403 τοῦ
1732 2364 1886 2411 πλήθους
1909 2367 2002 2417 αὐτῷ
2025 2363 2088 2412 τὴν
2122 2364 2319 2417 ὓπερὸολὴν

1294 2427 1446 2478 ἐμφᾶναι
1462 2425 1634 2477 βούλεται.
1650 2425 1827 2479 Ἀνωτέρω
1846 2424 1912 2477 γὰρ
1932 2424 2056 2470 εἰπὼν,
2076 2426 2167 2464 κατὰ
2191 2427 2230 2466 τὸ
2248 2428 2318 2465 τῶν

1294 2488 1430 2539 ἄστρων
1472 2488 1602 2533 πλῆθος
1630 2486 1736 2531 οὕτως
1765 2486 2001 2538 ἀναρίθμητον
2032 2486 2116 2524 αὐτὸ
2144 2487 2317 2537 ποιήσειν,

1295 2550 1441 2587 ἐνταῦθα
1460 2548 1519 2586 καὶ
1536 2548 1575 2586 τὸ
1592 2551 1701 2599 μῆκος
1720 2550 1788 2586 τῶν
1811 2547 1914 2600 ὁρίων
1945 2548 2048 2594 δῆλον
2066 2548 2238 2597 ἐποίησεν,
2259 2549 2316 2587 ἵνα

271 2599 344 2636 lam
370 2599 548 2636 facturum
579 2612 654 2637 esse
683 2614 690 2635 :
721 2598 780 2637 hie
811 2608 846 2636 et
872 2599 1063 2639 latitudine
1095 2601 1222 2642 finium
1234 2610 1353 2661 3ΠΜιὶ
1379 2612 1530 2648 ἐντεῦοεν
1566 2609 1659 2662 μάθῃ
1694 2613 1753 2648 τοῦ
1785 2609 1969 2660 μέλλοντος
1997 2609 2136 2648 ἔσεσθαι
2163 2609 2316 2656 πλήθους

271 2659 432 2712 idipsum
455 2658 622 2708 declarat,
648 2668 689 2696 ut
723 2668 757 2697 et
791 2659 877 2697 hinc
901 2659 1027 2710 discat,
1052 2676 1159 2713 quam
1187 2679 1223 2703 se
1247 2672 1271 2701 Α
1292 2669 1356 2716 τὴν
1381 2669 1531 2709 ἔκτασιν.
1554 2671 1624 2709 Καὶ
1650 2672 1687 2708 οὐ
1707 2674 1810 2709 τοῦτο
1829 2670 1944 2718 μόνον,
1971 2669 2061 2709 ἀλλὰ
2081 2670 2139 2709 καὶ
2165 2673 2243 2709 κατ’
2268 2666 2317 2710 εἶ-

268 2719 460 2758 dilatatum
474 2721 519 2758 sit
532 2720 725 2759 multitudo
739 2721 996 2773 futura.Neque
1007 2723 1074 2761 hoe
1087 2725 1218 2774 solum,

271 2780 331 2818 sed
351 2790 384 2818 et
402 2781 600 2833 specialiter
619 2781 776 2833 gentium
796 2782 1009 2821 mentionem
1024 2784 1120 2834 facit,
1137 2800 1222 2837 qua-

272 2856 350 2879 rum
372 2841 623 2893 possessionem
640 2842 765 2881 semini
785 2843 861 2896 ejus
878 2843 922 2882 sit
939 2843 1100 2894 daturus,
1122 2856 1160 2884 ut
1177 2861 1222 2886 ex

273 2902 328 2940 his
341 2902 505 2941 omnibus
520 2903 566 2941 de
578 2917 697 2941 rerum
710 2913 839 2942 eventu
855 2919 999 2944 securus
1013 2907 1220 2948 redderetur

268 2965 398 3014 justus.
429 2963 475 3001 Et
504 2977 585 3001 cum
611 2973 714 3003 tantae
738 2966 989 3017 promissiones
1018 2978 1130 3007 essent
1167 2971 1220 3008 fa-

271 3034 347 3075 rne,
367 3024 485 3062 adhuc
505 3025 633 3063 mansit
654 3027 740 3064 Sara
760 3027 903 3078 sterilis,
925 3038 959 3067 et
980 3039 1139 3069 senectus
1159 3045 1216 3070 co-

269 3100 347 3123 rum
365 3087 585 3137 augebatur,
609 3096 646 3124 ut
667 3102 747 3126 cum
763 3089 960 3128 maximum
980 3090 1061 3129 fidei
1076 3107 1149 3131 suae
1168 3094 1215 3131 si-

267 3161 377 3198 gnum
393 3146 598 3198 edidissent,
619 3156 700 3186 tunc
713 3149 839 3187 scirent
854 3159 887 3188 et
901 3150 1064 3191 humanae
1080 3163 1213 3193 naun-:c

268 3208 525 3257 infirmitatem,
544 3218 575 3245 et
598 3208 729 3247 divinat
747 3210 892 3249 virtutis
912 3213 1207 3263 magnitudinem.

312 3326 320 3338 =
347 3316 384 3346 In
405 3314 514 3347 Bcbluis
534 3326 589 3349 rw
606 3325 638 3347 (ι.
660 3317 812 3349 scribitur
832 3322 895 3356 vs),-
915 3326 1057 3358 Maian:

1292 2732 1347 2774 ὃος
1364 2733 1432 2768 τῶν
1459 2733 1562 2770 ἐθνῶν
1584 2731 1813 2782 μνημονεύει,
1832 2724 1880 2770 ῶν
1902 2730 2026 2782 ἔμελλε
2051 2731 2114 2779 τὴν
2140 2731 2314 2785 κατάσχε-

1291 2807 1345 2829 σιν
1373 2791 1533 2843 παρέξειν
1564 2794 1668 2831 αὐτοῦ
1698 2795 1748 2844 τῷ
1779 2792 1976 2845 σπέρματι,
2004 2791 2062 2829 ἵνα
2092 2792 2225 2840 πολλὴν
2258 2793 2315 2831 διὰ

1290 2851 1428 2890 πάντων
1459 2853 1695 2906 πληροφορίαν
1712 2854 1880 2906 παράσχῃ
1908 2856 1959 2906 τῷ
1978 2853 2115 2906 δικαίῳ.
2147 2854 2218 2892 Καὶ
2250 2870 2313 2892 το-

1291 2912 1420 2951 σούτων
1435 2915 1651 2965 ἐπαγγελιῶν
1669 2915 1923 2966 γεγενημένων,
1948 2914 2000 2952 ἔτι
2020 2913 2140 2965 ἔμενεν
2157 2915 2276 2967 ἄγονος
2291 2919 2313 2962 ἡ

1292 2974 1414 3027 Σάρα,
1435 2974 1494 3012 καὶ
1521 2975 1560 3013 τὸ
1578 2978 1687 3027 γῆρας
1709 2977 1824 3018 αὐτοῖς
1850 2974 2041 3013 ἐπετείνετο
2056 3005 2066 3022 ,
2086 2974 2142 3012 ἵνα
2167 2979 2229 3022 τῆς
2250 2976 2314 3014 πί-

1290 3051 1395 3079 στεως
1413 3037 1524 3074 αὐτῶν
1545 3035 1707 3087 μέγιστον
1733 3035 1920 3088 τεκμήριον
1950 3035 2203 3086 ἐξενέγκαντες,
2233 3037 2309 3076 τότε

1288 3096 1346 3134 καὶ
1366 3099 1427 3142 τ’ἧς
1446 3096 1662 3149 ἀνθρωπίνης
1682 3096 1816 3149 φύσεως
1836 3096 1934 3134 ἴδωσι
1954 3095 2017 3142 τὴν
2037 3096 2230 3145 ἀσθένειαν,
2250 3097 2310 3135 καὶ

1287 3161 1416 3204 τῆςτοῦ
1433 3160 1524 3196 Θεοῦ
1543 3158 1721 3209 δυνάμεως
1741 3158 1779 3196 τὸ
1794 3157 1946 3210 μέγεθος.
1972 3157 2062 3195 Ἀλλ’
2088 3157 2145 3197 ἵνα
2166 3158 2214 3208 μὴ
2234 3158 2307 3197 ποί-

1286 3219 1337 3254 λιν
1359 3219 1404 3261 εἰς
1422 3216 1507 3255 πολὺ
1526 3219 1633 3267 μῆκος
1649 3217 1711 3265 τὴν
1728 3217 1955 3257 διδασκαλίαν
1967 3218 2187 3269 ἐκτείνιι)μεν,
2203 3218 2310 3271 μέχρι
