2516 3791
340 113 428 165 [102
746 126 783 155 S.
821 126 1004 156 murus
1041 124 1278 154 cuursosT.

143 224 251 252 Mateh.
276 222 326 254 25.
344 212 478 249 Venite
497 210 687 247 benedicti
700 210 833 246 Patris
852 211 938 253 mei,
959 207 1171 244 hereditate
1183 206 1284 241 acci-

138 266 190 302 34.

122 1864 152 1882 2.
174 1855 245 1883 Cor.
259 1854 285 1883 5.

128 2212 203 2238 llud.
220 2221 246 2237 v.
264 2209 309 2239 15.

121 3006 225 3037 Galat.
246 3023 272 3044 2·

338 274 418 323 pite
432 285 589 322 regnum
606 278 787 321 paratum
806 270 916 305 vobis
930 275 1020 304 ante
1041 266 1284 303 constitutio-

341 347 428 370 nem
455 332 604 369 mundi.
639 329 774 369 Vidisti
806 327 974 365 bonitatis
1010 323 1256 362 excellentiam
1269 352 1281 373 ,

337 401 467 444 quanta
487 406 568 443 erga
588 400 747 428 nostrum
765 402 874 440 genus
890 386 1109 436 benignitate
1129 399 1212 423 usus
1223 384 1283 431 sit,

337 462 378 491 ut
393 463 427 491 et
445 461 523 490 ante
546 453 640 501 jacta
665 448 894 486 fundamenta
912 446 1039 484 mundi
1061 446 1164 483 nobis
1182 445 1284 496 regni

337 512 503 549 caelorum
519 509 721 546 fruitionem
737 519 938 559 praeparare
957 505 1124 556 dignatus
1141 505 1205 543 sit?
1216 504 1283 556 lgi-

338 581 394 608 tur
413 584 452 607 ne
475 569 585 606 simus
609 567 761 619 ingrati,
790 566 949 616 obsecro,
982 580 1094 617 neque
1115 565 1282 617 indignos

337 629 468 667 talibus
482 643 545 666 nos
566 627 670 666 donis
688 627 945 665 constituamus
960 643 967 663 :
992 627 1050 664 sed
1068 626 1281 678 diligamus,

343 699 379 727 ut
395 690 509 739 decet,
531 689 726 727 Dominum
740 697 914 737 nostrum,
933 687 1097 739 nihilque
1111 688 1284 726 faciamus

338 749 434 800 quod
447 751 521 801 ejus
532 764 614 800 erga
627 763 690 787 nos
703 748 982 786 benevolentiam
998 748 1179 801 impediat.
1189 749 1284 786 Num

338 811 433 848 enim
451 825 513 849 nos
533 810 667 863 priores
687 824 761 847 rem
781 809 878 846 illam
898 809 1094 861 coepimus?
1113 810 1190 846 Imo
1208 809 1283 861 ipse

337 871 436 922 prior
457 885 622 923 magnam
644 880 677 908 et
705 870 976 908 inenairabilem
996 870 1178 908 caritatem
1197 884 1279 921 eiga

1320 123 1342 151 A
1352 123 1506 152 RCHIEP
1516 142 1524 151 .
1564 123 1646 152 CON
1655 124 1900 154 STANTINOP
1911 144 1919 153 .

1358 205 1388 241 οἱ
1411 205 1635 254 εὐλογημένοι
1659 209 1718 243 τοῦ
1742 207 1907 259 Πατρός
1901 222 1987 252 μου,
2006 207 2293 258 κληρονομησατε
2313 225 2375 254 την

1357 265 1619 314 ἡτοιμασμένην
1631 268 1711 316 ὑμῖν
1726 267 1931 318 βασιλείοινῑΙ
1941 265 2009 339 πρὸ
2020 268 2217 342 καταξολης
2232 269 2378 318 κόσμου.

1358 317 1460 366 Εἶδες
1479 325 1692 375 ἀγαθότητος
1708 327 1917 379 υπερὸολὴν,
1938 328 2029 378 πόσῃ
2049 328 2129 380 περὶ
2148 329 2187 366 τὸ
2210 329 2377 381 ἡμέτερον

1310 389 1333 418 Ε
1358 384 1452 436 γένος
1468 385 1638 437 κέχρηται
1659 389 1701 438 τῇ
1719 388 1981 439 φιλανθρωπίᾳ,
2001 391 2046 431 ὡς
2068 389 2128 426 καὶ
2143 389 2212 442 πρὸ
2228 393 2290 436 τ’ἧς
2319 395 2379 429 τοῦ

1357 446 1489 496 κόσμου
1506 447 1706 495 καταδολῆς
1729 452 1815 499 ἡμῖν
1831 453 1893 496 τῆς
1912 449 2090 501 βασιλείας
2107 451 2379 501 προευτρεπίσαι

1356 507 1419 553 τὴν
1450 507 1668 554 ἀπόλαυσιν,
1692 509 1755 554 Μὴ
1793 508 1905 548 τοίνυν
1945 509 2143 560 ἀγνώμονες
2174 511 2354 562 γενώμεθα
2367 541 2376 557 ,

1356 571 1564 622 παρακαλῶ,
1582 569 1670 620 μηδὲ
1684 570 1839 615 ἀναξίους
1857 571 1997 614 ἑαυτοὺς
2011 573 2288 623 καταστήσωμεν
2308 577 2377 611 τῶν

1354 631 1525 669 τοσούτων
1555 633 1707 683 δωρεῶν,
1740 631 1829 669 ἀλλὰ
1861 631 2112 683 ἀγαπήσωμεν,
2143 635 2189 676 ὡς
2221 634 2290 680 δεῖ,
2319 634 2378 672 τὸν

1354 692 1523 745 ἡμέτερον
1550 692 1744 738 Δεσπότην,
1773 692 1832 730 καὶ
1860 692 1968 742 μηδὲν
1988 694 2279 745 διαπραττιῖ)μεθα
2310 696 2377 732 τῶν

1354 754 1608 792 διακοπτόντων
1629 753 1690 800 τὴν
1717 753 1802 806 πρὸς
1823 755 1918 803 ἡμᾶς
1939 755 2042 791 αὐτοῦ
2061 752 2206 791 εὔνοιαν.
2227 754 2288 800 Μὴ
2310 754 2379 807 γὰρ

1354 815 1450 852 αὐτοὶ
1469 815 1762 867 προκατάρχομεν
1783 819 1842 852 τοῦ
1861 813 2090 865 πράγματος;
2112 814 2223 857 Αὐτὸς
2241 817 2379 866 προλα-

1353 874 1424 913 &dm
1443 876 1548 914 πολλ
1526 892 1576 922 ην
1595 877 1654 913 καὶ
1674 875 1805 926 ἄφατον
1830 874 1894 921 τὴν
1916 874 1997 926 περὶ
2027 878 2120 925 ημᾶς
2139 874 2277 926 ἀγάπην
2299 877 2378 914 ἐπε-

335 945 399 969 nos
415 902 621 970 declaravit.
652 930 840 997 Quomodo
860 930 970 981 igitur
990 944 1059 968 non
1083 930 1280 968 absurdum
1292 964 1340 991 347
1354 935 1500 979 δείξατο.
1520 937 1603 979 Πως
1626 951 1682 973 ουν
1704 937 1766 973 οὐκ
1786 936 1914 974 ἄτοπον
1935 951 1992 974 τον
2018 934 2126 979 οὕτως
2146 936 2378 986 ἀγαπήσαντα

336 992 456 1042 suerit,
479 992 506 1030 si
522 1006 602 1029 eum
621 991 684 1042 qui
705 1004 768 1028 nos
786 990 835 1028 sic
854 990 982 1028 dilexit
1001 1004 1071 1028 non
1086 990 1280 1042 diligamus

334 1054 416 1091 totis
447 1054 586 1092 vi1ibus
614 1052 768 1091 nostris?
793 1053 872 1105 Ipse
899 1061 1046 1104 proptel
1076 1066 1176 1090 suam
1197 1067 1280 1105 erga

333 1127 396 1151 nos
412 1114 593 1152 caritatem
610 1113 728 1151 omnia
743 1127 824 1150 cum
843 1112 1025 1164 voluptate
1041 1112 1208 1151 sustinuit
1223 1129 1230 1150 :
1247 1124 1280 1152 et

332 1187 376 1212 ex
396 1174 472 1226 ipso
490 1183 635 1226 paterno
647 1173 726 1211 sinu
740 1173 921 1224 exsiliens,
942 1173 1039 1211 utita
1056 1172 1190 1223 dicam,
1207 1188 1278 1212 ser-

330 1233 366 1271 vi
387 1233 537 1270 sormam
557 1246 733 1270 assumere
753 1231 880 1280 voluit,
902 1246 965 1284 per
985 1232 1140 1270 humana
1159 1234 1278 1271 omnia

329 1294 492 1343 transire,
510 1303 543 1332 et
562 1294 650 1331 serre
665 1307 684 1330 a
698 1295 718 1332 J
723 1291 832 1330 udaeis
852 1293 1083 1332 contumelias
1099 1303 1132 1332 et
1148 1309 1278 1347 oppro-

331 1358 421 1405 bria,
437 1358 591 1408 donique
609 1367 642 1395 et
663 1372 816 1405 crucem,
832 1371 872 1395 ac
890 1359 1276 1410 mortemignominio-

327 1419 519 1468 sissimam7
537 1428 577 1456 ut
593 1433 655 1457 nos
669 1418 731 1470 qui
747 1418 848 1457 humi
876 1419 1116 1468 trahebamur,
1134 1429 1166 1458 et
1188 1421 1276 1458 infi-

327 1480 411 1517 nitis
433 1489 662 1532 peccatorum
681 1478 829 1517 sarcinis
858 1481 1017 1532 oppressi
1039 1495 1193 1530 eramus,
1214 1496 1274 1520 no-

329 1549 400 1578 stra
420 1540 456 1577 in
475 1555 511 1578 se
533 1539 605 1577 fide
622 1540 753 1577 liberos
776 1539 913 1579 faceret.
935 1541 1019 1578 Haec
1039 1542 1132 1578 enim
1156 1544 1274 1581 omnia

328 1610 443 1638 mente
456 1600 654 1651 recogitans
663 1601 790 1638 beatus
804 1600 952 1649 Paulus,
966 1601 1125 1639 fervidus
1140 1603 1274 1641 Christi

325 1669 472 1709 amator,
492 1669 525 1698 et
543 1660 645 1711 quasi
658 1660 772 1697 alatus
793 1659 1001 1698 universum
1025 1662 1148 1699 orbem
1175 1677 1275 1715 pera-

324 1735 444 1772 grans,
468 1722 527 1772 qui
540 1721 575 1758 in
588 1735 734 1773 corpore
743 1734 820 1771 quae
833 1720 1119 1773 incorporearum
1131 1733 1273 1762 natura-

325 1797 404 1819 rum
424 1782 570 1834 propria
586 1790 668 1820 sunt
687 1782 802 1819 facere
819 1781 998 1832 studebat,
1022 1783 1198 1822 clamabat
1214 1784 1272 1822 di-

324 1857 403 1881 cens
421 1859 428 1879 :
448 1844 603 1881 Caritas
624 1845 727 1880 enim
751 1843 896 1881 Christi
910 1844 1055 1882 detinet
1074 1859 1154 1883 nos.
1175 1846 1272 1885 Vide

324 1905 548 1956 probitatem,
563 1903 649 1942 vide
664 1903 810 1942 virtutis
827 1904 1087 1954 excellentiam,
1104 1906 1188 1944 vide
1200 1907 1270 1945 fer-

323 1973 463 2002 ventem
483 1978 651 2002 amorem.
669 1965 822 2002 Caritas
845 1965 990 2002 Christi
1010 1967 1154 2005 detinet
1175 1981 1241 2006 nos
1258 1984 1268 2004 :

322 2025 390 2063 hoc
403 2034 468 2075 est,
487 2024 681 2077 compellit,
704 2025 812 2075 cogit,
845 2025 1010 2064 concitat.
1042 2028 1181 2066 Deinde
1200 2043 1269 2067 vo—

324 2086 399 2124 lens
419 2085 640 2138 interpretari
656 2085 754 2136 quod
767 2099 788 2122 a
803 2100 839 2123 se
857 2086 996 2124 dietum
1018 2097 1105 2135 erat,
1125 2089 1241 2140 inquit
1258 2106 1266 2126 t

324 2149 556 2185 Judicantes
577 2148 662 2192 hoc,
687 2149 872 2198 quoniam
887 2149 920 2184 si
940 2161 1039 2186 unus
1060 2163 1131 2200 pro
1147 2154 1269 2187 omni-

327 2210 393 2246 bus
412 2216 584 2245 mortuus
604 2215 672 2254 est,
692 2220 777 2258 ergo
793 2220 924 2245 omnes
943 2212 1087 2246 mortui
1099 2219 1200 2249 sunt.
1216 2213 1271 2250 Et

324 2283 392 2320 pro
411 2270 584 2305 omnibus
601 2276 771 2305 mortuus
786 2275 854 2317 est,
870 2276 912 2305 ut
924 2277 962 2306 et
977 2272 1153 2308 viventes
1166 2281 1270 2323 post-

325 2332 399 2368 hac
416 2344 493 2367 non
516 2331 589 2367 sibi
608 2331 699 2381 ipsis
715 2331 868 2377 vivant,
879 2330 949 2367 sed
965 2331 1027 2367 illi
1047 2334 1114 2382 qui
1127 2346 1197 2383 pro
1217 2336 1270 2371 eis

324 2400 496 2429 mortuus
521 2398 577 2428 est
608 2398 645 2427 et
672 2391 890 2427 resurrexit.
923 2390 1060 2429 Vidisti
1091 2394 1270 2442 quomodo

320 2454 402 2504 jure
432 2452 540 2501 dixit,
570 2452 730 2488 Detinet
764 2463 833 2488 nos
864 2453 1009 2490 caritas
1031 2453 1205 2492 Christi?
1231 2456 1269 2494 Si

324 2515 416 2553 enim
444 2527 510 2566 pro
533 2511 649 2561 nohis,
672 2510 802 2562 inquit,
823 2512 988 2550 omnibus
1021 2523 1183 2553 mortuus
1205 2526 1269 2564 est,

323 2584 464 2627 propter
477 2574 544 2612 hoc
560 2581 721 2610 mortuus
733 2580 797 2619 est,
818 2580 857 2609 ut
872 2585 934 2610 nos
951 2573 1110 2613 viventes
1124 2577 1270 2627 posthac

323 2651 391 2674 non
412 2635 512 2673 nobis
532 2633 618 2686 ipsis
637 2633 815 2682 vivamus,
847 2633 908 2671 sed
938 2633 968 2671 ei
988 2635 1049 2685 qui
1079 2650 1145 2688 pro
1166 2639 1268 2677 nohis

324 2706 484 2734 mortuus
511 2704 560 2733 est
594 2703 627 2732 et
660 2693 868 2732 resurrexit.
899 2694 1125 2747 Accipiamus
1158 2697 1268 2750 igitur

323 2756 549 2808 apostolicam
583 2753 873 2801 admonitionem,
907 2763 942 2792 et
969 2769 1038 2793 non
1058 2757 1161 2795 nobis
1183 2758 1268 2811 ipsis

323 2818 499 2863 vivamus,
519 2814 578 2853 sed
608 2815 638 2852 ei
670 2815 731 2866 qui
762 2829 827 2866 pro
847 2815 949 2853 nobis
978 2826 1139 2856 mortuus
1166 2829 1268 2859 estet

322 2876 526 2915 resurrexit.
549 2876 594 2912 Et
611 2875 803 2925 quomodo,
819 2874 912 2913 dicet
927 2876 1116 2929 quispiam,
1139 2882 1269 2931 poteri-

324 2952 403 2976 mus
424 2951 490 2974 non
519 2936 620 2973 nohis
648 2936 734 2987 ipsis
753 2935 904 2973 vivere?
937 2937 1027 2974 Audi
1049 2938 1193 2978 beatum
1213 2943 1269 2979 vi-

323 3013 403 3037 rum
435 2998 562 3034 iterum
593 2997 765 3034 dicentem
783 3012 790 3032 :
809 2998 902 3034 Vivo
928 3006 1058 3035 autem
1081 3014 1159 3038 non
1181 3004 1267 3053 jam

322 3074 390 3112 ego
405 3075 414 3094 .·
430 3060 527 3095 vivit
539 3066 667 3094 autem
687 3060 725 3093 in
740 3071 798 3094 me
814 3058 1107 3098 Christus.Vide
1117 3076 1266 3112 quomo-

322 3121 369 3159 do
399 3133 502 3171 super
523 3127 651 3156 terram
673 3118 859 3155 ambulans
881 3127 914 3156 et
933 3133 1037 3158 earne
1063 3122 1265 3163 circumda-

321 3192 389 3229 tus,
406 3179 506 3231 quasi
523 3179 647 3216 caelum
665 3178 866 3216 inhabitans
885 3189 917 3217 et
934 3179 1025 3219 inter
1039 3182 1264 3236 incorporeas

360 3305 370 3320 a
397 3292 549 3335 Quinque
567 3292 641 3324 use.
662 3297 720 3326 ἀπὸ
743 3296 918 3332 καταέοὶῆς.

1304 1001 1330 1030 Α
1354 995 1401 1046 μὴ
1423 1011 1481 1034 και
1502 1000 1608 1046 ἡμας,
1627 996 1706 1034 οσον
1724 996 1849 1047 ἔχομεν
1867 996 2066 1045 δυνάμεως,
2087 999 2249 1048 ἀγαπαν,
2268 997 2377 1039 Αυτὸς

1350 1055 1418 1108 γὰρ
1438 1056 1494 1094 διὰ
1517 1055 1580 1103 τὴν
1605 1056 1685 1108 περὶ
1711 1060 1805 1106 ἡμᾶς
1833 1056 1975 1106 ἀγάπην
2002 1057 2118 1094 πάντα
2146 1056 2223 1107 μεθ’
2251 1058 2377 1103 ἡδονῆς

1350 1117 1533 1168 ὑπέμεινε,
1559 1116 1618 1156 καὶ
1648 1117 1681 1162 ἐξ
1711 1118 1823 1155 αὐτῶν
1852 1119 1919 1153 τῶν
1945 1116 2084 1154 κόλπων
2105 1121 2174 1155 τῶν
2194 1119 2375 1168 πατρικῶν

1349 1178 1549 1228 ἁλλόμενος,
1571 1181 1616 1222 ὡς
1633 1181 1754 1226 εἰπεῖν,
1774 1177 1896 1216 δούλου
1916 1177 2052 1230 μορφὴν
2068 1179 2257 1216 ἀναλαὸεῖν
2276 1195 2378 1217 κατε-

1349 1238 1468 1283 δέξατο
1481 1269 1490 1285 ,
1513 1240 1572 1277 καὶ
1591 1240 1648 1277 διὰ
1669 1239 1808 1277 πάντων
1834 1242 1903 1276 τῶν
1929 1238 2154 1291 ἀνθρωπίνων
2173 1241 2297 1287 ἐλθεῖν,
2315 1240 2376 1278 καὶ

1347 1299 1409 1343 τὰς
1424 1300 1522 1351 παρὰ
1535 1300 1714 1338 Ἰουδαίων
1733 1300 1848 1354 ὕὲρεις
1866 1299 1926 1337 καὶ
1941 1299 2083 1349 ἀτιμίας
2101 1303 2298 1350 ὑπομεῖναι,
2315 1301 2375 1339 καὶ

1347 1360 1386 1398 τὸ
1404 1363 1600 1399 τελευταῖον
1626 1361 1774 1413 σταυρὸν
1801 1360 2032 1408 κατεδέξατο,
2053 1362 2112 1399 καὶ
2141 1362 2285 1401 θάνατον
2315 1363 2373 1401 τὸν

1347 1422 1593 1469 ἐπονείδιστον,
1621 1421 1677 1459 ἵνα
1696 1425 1790 1472 ἡμᾶς
1810 1421 1888 1465 τοὺς
1914 1422 2029 1473 χαμαὶ
2062 1422 2290 1475 συρομένους,
2314 1424 2374 1462 καὶ

1347 1483 1481 1535 μυρίοις
1500 1483 1651 1535 φορτίοις
1674 1483 1941 1535 ἁμαρτημάτων
1961 1484 2195 1536 βαρουμένους
2208 1514 2218 1531 ,
2240 1484 2296 1522 διὰ
2311 1489 2374 1532 τῆς

1346 1546 1393 1587 εἷς
1421 1543 1523 1581 αὐτὸν
1552 1544 1702 1588 πίστεως
1723 1543 1952 1595 ἐλευθερώσῃ.
1982 1546 2104 1582 Ταῦτα
2135 1545 2202 1596 γὰρ
2235 1545 2373 1584 ἅπαντα

1345 1606 1468 1642 ἐννοῶν
1495 1608 1512 1642 ὁ
1538 1605 1709 1656 μακάριος
1741 1606 1901 1651 Παῦλος,
1931 1607 1949 1641 ὁ
1978 1604 2104 1658 Οερμὲς
2133 1604 2281 1656 ἐραστὴς
2312 1609 2372 1643 τοῦ

1297 1669 1321 1698 Β
1346 1666 1509 1716 Χριστοῦ,
1533 1669 1551 1704 ὃ
1570 1666 1727 1716 καθάπερ
1747 1665 1938 1717 ὑπόπτερος
1959 1665 2022 1712 τὴν
2043 1665 2249 1716 οἰκουμένην
2271 1683 2372 1719 περι-

1344 1726 1478 1778 τρέχων
1499 1727 1655 1773 ἅπασαν,
1674 1730 1692 1764 ὁ
1711 1728 1744 1763 ἐν
1766 1725 1906 1776 σώματι
1924 1726 1969 1764 τὰ
1990 1729 2058 1764 τῶν
2076 1726 2274 1776 ἀσωμάτων
2295 1729 2370 1765 ἐπι-

1344 1787 1541 1826 δείκνυσθαι
1567 1787 1782 1833 σπουδάζων,
1817 1787 1900 1826 ἐὸόα
1925 1787 2058 1839 λέγων·
2082 1787 2126 1825 Ἡ
2152 1788 2219 1840 γὰρ
2249 1789 2370 1840 ἀγάπη

1342 1851 1401 1884 τοῦ
1418 1848 1572 1899 Χριστοῦ
1592 1847 1731 1900 συνέχει
1758 1851 1864 1898 ἡμᾶς.
1885 1848 1982 1900 εὈρα
2008 1848 2284 1899 εὐγνωμοσύνην,
2306 1849 2372 1903 ὅρα

1343 1909 1466 1959 ἀρετῆς
1495 1907 1706 1960 ὑπερὸολτν,
1741 1925 1805 1961 ορα
1837 1907 1940 1946 πόθον
1975 1907 2108 1952 ζέοντα.
2143 1907 2189 1946 ‘H
2225 1909 2345 1960 ἀγάπη
2360 1941 2369 1957 ,

1342 1984 1449 2020 φησι,
1470 1985 1528 2006 του
1553 1971 1706 2022 Χριστου
1724 1970 1862 2022 συνέχει
1882 1973 1996 2020 ἡμᾶς·
2018 1971 2110 2008 τοῦτ’
2137 1969 2245 2021 ἔστιν,
2267 1973 2368 2016 ὠθεῖ,

1341 2030 1619 2104 καταναγκάζει,
1648 2031 1859 2082 κατεπείγει.
1887 2025 2016 2069 Εἶτα
2003 2047 2214 2083 ερμηνευσαι
2245 2032 2370 2083 βουλό-

1343 2106 1443 2140 μενος
1461 2107 1500 2129 το
1518 2091 1602 2142 παρ’
1618 2094 1740 2130 ἑαυτοῦ
1763 2091 1878 2144 ῥηθεν,
1897 2091 2002 2143 φησί·
2022 2091 2217 2144 Κρίναντας
2243 2108 2368 2141 τουτο,

1342 2153 1395 2189 ὅτι
1428 2155 1457 2190 εἷ
1482 2147 1529 2196 εἷς
1556 2151 1642 2204 ὑπὲρ
1674 2153 1836 2191 ἁπάντων
1865 2153 2049 2200 ἀπέθανεν,
2081 2153 2149 2204 ἄρα
2176 2156 2208 2192 οἱ
2239 2154 2368 2198 πάντες

1343 2212 1525 2251 ἀπέθανον.
1550 2213 1619 2250 Καὶ
1637 2213 1722 2264 ὑπὲρ
1742 2214 1882 2252 πάντων
1904 2213 2088 2260 ἀπέθανεν,
2116 2213 2172 2250 ἵνα
2192 2217 2223 2252 οἱ
2243 2217 2368 2259 ζῶντες

1343 2273 1469 2323 μηκέτι
1494 2276 1627 2316 ἑαυτοῖς
1652 2277 1768 2322 ζῶσιν,
1798 2274 1888 2312 ἀλλὰ
1916 2278 1966 2327 τῷ
1987 2273 2072 2326 ὑπὲρ
2093 2276 2203 2313 αὐτῶν
2230 2278 2368 2314 ἀποθα-

1341 2334 1433 2371 νόντι
1459 2335 1517 2372 καὶ
1544 2335 1728 2388 ἐγερθέντι.
1754 2329 1854 2379 Εἶδες
1880 2337 1956 2379 πῶς
1981 2335 2121 2379 εἰκότως
2153 2335 2281 2388 ἔλεγεν,
2312 2337 2366 2376 δ’τι

1294 2404 1316 2434 C
1342 2393 1487 2446 Συνέχει
1513 2398 1606 2445 ἡμᾶς
1626 2399 1646 2442 ἡ
1670 2396 1789 2447 ἀγάπη
1819 2399 1879 2434 τοῦ
1912 2397 2084 2447 Χριστοῦ,
2116 2398 2161 2435 Εἰ
2191 2397 2259 2450 γὰρ
2278 2397 2365 2450 ὑπὲρ

1340 2458 1454 2504 ἡμῶν,
1476 2455 1577 2507 φησὶ,
1606 2456 1745 2494 πάντων
1776 2457 1946 2504 ἀπέθανε,
1969 2456 2026 2494 διὰ
2051 2462 2151 2496 τοῦτο
2181 2458 2363 2503 ἀπέθανεν,

1341 2515 1396 2553 ἵνα
1431 2520 1532 2566 ἡμεῖς
1563 2519 1594 2555 οἱ
1628 2519 1751 2561 ζῶντες
1788 2517 1916 2568 μηκέτι
1951 2520 2083 2561 ἑαυτοῖς
2118 2520 2244 2569 ζῶμεν,
2284 2522 2362 2558 ἀλλ’

1341 2577 1460 2630 ἐκείνῳ
1482 2581 1531 2629 τῷ
1558 2578 1644 2630 ὑπὲρ
1659 2581 1760 2629 ’ἡμῶν
1782 2578 1990 2616 ἀποθανόντι
2005 2579 2063 2616 καὶ
2084 2579 2266 2631 ἐγερθέντι.
2295 2583 2363 2619 Δε·

1339 2638 1483 2689 χώμεθα
1503 2638 1614 2676 τοίνυν
1640 2639 1701 2686 τὴν
1721 2639 1924 2691 παραίνεσιν
1946 2640 2007 2685 τὴν
2031 2640 2281 2688 ἀποστολικὴν,
2300 2642 2360 2680 καὶ

1341 2698 1390 2749 μὴ
1412 2701 1543 2742 ἑαυτοῖς
1576 2702 1701 2749 ζῶμεν,
1728 2699 1819 2738 ἀλλὰ
1844 2703 1894 2752 τῷ
1919 2699 2005 2751 ὑπὲρ
2025 2703 2126 2750 ἡμῶν
2155 2702 2363 2740 ἀποθανόντι

1340 2760 1399 2798 καὶ
1415 2760 1599 2812 ἐγερθέντι.
1617 2761 1685 2799 Καὶ
1706 2765 1791 2808 πῶς,
1812 2761 1909 2813 φησὶ,
1926 2761 2143 2812 δυνησόμεθα
2164 2761 2212 2812 μὴ
2229 2765 2363 2807 ἑαυτοῖς

1359 2824 1421 2872 ῇν;
1435 2820 1558 2859 Ἄκουε
1577 2826 1635 2858 τοῦ
1653 2823 1824 2873 μακαρίου
1841 2821 1961 2860 τούτου
1982 2822 2086 2860 πάλιν
2105 2822 2262 2873 λέγοντος
2275 2839 2282 2846 ·
2303 2826 2363 2862 Ζῶ

1340 2881 1376 2919 δὲ
1389 2884 1450 2919 οὐκ
1471 2881 1522 2919 ἔτι
1539 2882 1626 2934 ἐγὼ,
1646 2884 1684 2933 ζῇ
1708 2882 1741 2921 δὲ
1762 2884 1796 2919 ἐν
1813 2882 1890 2932 ἐμοὶ
1906 2882 2068 2934 Χριστός.
2093 2882 2187 2934 “Ope
2213 2887 2287 2928 πῶς
2306 2885 2362 2923 ἐπὶ

1339 2946 1402 2994 γῆς
1424 2944 1571 2994 βαδίζων
1593 2943 1652 2981 καὶ
1672 2943 1775 2996 σαρκὶ
1794 2942 2115 2994 συμπεπλεγμένος,
2132 2944 2288 2995 καθάπερ
2306 2946 2362 2983 τὸν

1339 3006 1479 3055 οὐρανὸν
1501 3006 1616 3051 οἰκῶν,
1637 3004 1696 3041 καὶ
1717 3009 1792 3046 ταῖς
1818 3003 2018 3053 ἀσωμάτοις
2038 3005 2362 3058 συναναστρεφόμε-

1290 3075 1315 3104 D
1338 3082 1392 3109 νος
1421 3066 1620 3116 δυνάμεσιν,
1652 3064 1742 3104 οὕτω
1780 3065 1936 3103 διέκειτο.
1971 3064 2037 3102 Διὰ
2071 3068 2171 3102 τοῦτο
2207 3067 2363 3118 ἀλλαχοῦ

1339 3127 1443 3165 πάλιν
1472 3126 1604 3177 ἔλεγεν·
1622 3129 1668 3164 Οἱ
1690 3125 1723 3163 δὲ
1746 3128 1804 3163 τοῦ
1824 3126 1996 3177 Χριστοῦ,
2016 3124 2078 3171 τὴν
2107 3125 2220 3178 σάρκα
2240 3127 2362 3165 ἐσταύ-

1340 3203 1453 3238 ρωσαν
1471 3186 1530 3225 σὺν
1550 3194 1617 3231 τοῖς
1637 3186 1821 3237 παθήμασι
1842 3186 1900 3224 καὶ
1925 3193 2000 3229 ταῖς
2019 3187 2228 3238 ἐπιθυμίαις.
2246 3189 2361 3226 Τοῦτο
