2516 3791
378 217 399 228 β’

341 213 433 261 (332

340 315 453 351 Dixit
469 319 599 349 autem
613 310 762 347 Rachel
775 324 785 344 :
801 310 890 346 Non
904 309 959 344 sie
970 321 980 340 :
991 305 1156 341 dormiat
1171 309 1294 337 tecum

341 382 451 411 nocte
465 375 539 410 hac
551 385 620 423 pro
635 370 904 419 mandragoris
906 366 993 418 filii
1005 365 1073 400 tui.
1084 363 1138 399 Da
1149 359 1241 397 mihi
1251 358 1295 395 de

341 432 603 483 mandragoris,
620 440 653 468 et
667 429 786 480 accipe
803 426 910 464 hodie
926 434 1043 462 tecum
1057 422 1187 459 virum.
1199 418 1296 458 Vide

341 494 521 546 quomodo
537 492 725 530 exhibetur
739 487 882 525 affectui
896 484 1063 523 Bachelis
1075 482 1220 521 omnino
1235 480 1296 519 de-

340 556 448 593 ditus.
462 555 553 591 Nam
566 552 595 589 si
612 559 710 587 tanto
727 549 835 586 choro
852 547 1012 584 filiorum
1028 545 1102 582 Liae
1118 552 1214 593 nato,
1229 541 1298 579 fuit

339 616 457 654 adhuc
473 626 591 651 amore
612 610 725 661 magis
750 623 948 661 propensus
964 608 1001 645 in
1021 605 1214 645 Rachelem
1235 620 1243 641 t
1265 603 1295 641 si

341 676 406 713 hoe
423 688 493 712 non
513 673 634 710 fuisset
652 672 786 709 sactum
798 700 807 717 ‚
822 668 1002 721 quomodo
1024 668 1114 705 ferre
1126 665 1300 719 potuisset

340 737 403 775 Lia
419 735 548 773 sororis
573 731 874 772 contubernium?
890 732 940 769 Ut
958 729 1052 768 enim
1073 742 1213 766 omnem
1231 725 1300 763 viri

339 805 547 849 potestatem
562 794 713 841 habens,
736 793 785 830 ita
806 791 980 844 permittit
996 790 1028 828 ei
1042 804 1108 842 pro
1129 788 1300 826 mandra—

339 857 435 909 goris
452 857 585 904 virum,
599 864 631 893 ct
644 854 732 892 dicit
748 870 755 890 ε
775 855 955 891 Dormiat
966 852 1080 889 hodie
1096 859 1221 888 tecum
1229 861 1300 900 pro

341 919 623 970 mandragoris.
651 916 822 960 satisfac,
845 914 979 964 inquit,
995 926 1073 950 meo
1102 910 1301 958 desiderio,

339 990 371 1018 et
383 980 502 1031 accipe
522 979 653 1017 virum.
673 979 738 1015 16.
757 976 1158 1019 Advenienteautem,
1174 971 1302 1022 inquit,

337 1042 476 1087 Jacob,
501 1053 652 1091 egressa
672 1041 714 1075 in.
734 1050 933 1075 occursum
961 1037 1044 1087 ejus
1066 1034 1139 1070 Lia
1159 1033 1261 1069 dixit
1285 1047 1296 1066 .·

339 1102 410 1139 Ad
425 1116 484 1138 me
501 1100 726 1152 ingredieris
745 1099 874 1142 hodie,·
893 1096 1064 1133 mercede
1087 1096 1190 1131 enim
1207 1106 1300 1130 con-

344 1165 440 1201 duxi
454 1172 489 1200 te
500 1163 595 1199 mihi
602 1176 672 1214 pro
686 1160 956 1211 mandragoris
959 1157 1046 1210 filii
1058 1158 1131 1193 mei
1144 1171 1152 1191 :
1170 1163 1206 1192 et
1219 1156 1304 1191 dor-

346 1227 455 1261 mivit
464 1237 551 1261 cum
563 1237 609 1260 ea
622 1221 826 1259 nocteilla.
846 1220 909 1255 47.
921 1220 976 1256 Et
985 1217 1185 1254 exaudivit
1197 1216 1305 1253 Deus

345 1287 472 1330 Limn,
491 1293 527 1321 et
547 1285 720 1334 concepit
736 1290 770 1319 et
791 1282 937 1332 peperit
954 1279 1104 1317 Jacobo
1126 1279 1305 1328 quintum

334 1346 471 1398 filium
481 1375 488 1382 .
503 1344 565 1383 18.
583 1346 636 1382 Et
645 1345 745 1381 dixit
753 1344 825 1380 Lia
836 1357 846 1376 :
860 1340 979 1378 Dedit
988 1340 1084 1376 mihi
1097 1339 1306 1376 Deusmer-

344 1408 475 1444 cedem
499 1420 637 1451 meam,
661 1419 704 1442 eo
722 1404 826 1456 quod
852 1403 942 1440 dedi
961 1398 1151 1438 ancillam
1180 1413 1305 1437 meam

347 1471 436 1506 ‘z‘iro
465 1482 561 1505 meo.
592 1469 645 1504 Et
669 1468 827 1504 vocavit
854 1477 994 1501 nomen
1021 1464 1101 1514 ejus
1125 1461 1301 1506 Isaclzar,

347 1530 453 1581 quod
460 1538 515 1567 est
527 1541 682 1565 merces.
691 1523 1167 1574 Exaudivit,inquit,Deus
1176 1524 1302 1559 liam.

347 1590 442 1637 Quia
456 1589 602 1627 videbat
618 1603 694 1626 eam
711 1588 900 1634 dolentem,
917 1599 1031 1635 neque
1050 1584 1158 1623 valde
1175 1583 1304 1621 marito

346 1659 538 1701 acceptam,
555 1648 742 1693 exaudivit
761 1661 851 1695 eam,
872 1645 1000 1696 inquit,
1016 1647 1126 1690 Deus,
1147 1653 1182 1682 et
1204 1658 1307 1695 pepe-

348 1712 408 1761 rit,
428 1725 467 1748 ac
489 1711 585 1748 dixit
605 1726 612 1745 :
637 1709 723 1746 Tuli
744 1707 957 1755 mercedem,
973 1720 1012 1745 eo
1029 1704 1125 1756 quod
1143 1704 1224 1742 dedi
1244 1718 1307 1741 an-

348 1773 469 1810 cillam
491 1786 616 1810 meam.
633 1771 824 1822 Propterea
841 1768 984 1806 vocavit
1000 1780 1129 1805 nomen
1144 1767 1219 1818 ejus
1234 1766 1307 1803 Isa-

348 1834 445 1871 char.
475 1834 538 1871 19.
564 1835 618 1870 Et
642 1833 815 1883 concepit
840 1831 970 1868 adhuc
995 1830 1082 1877 Lia,
1109 1836 1145 1864 et
1163 1829 1310 1879 peperit

344 1895 476 1945 filium
485 1903 649 1932 sextum.
666 1894 729 1930 20.
742 1893 795 1929 Et
805 1892 904 1928 dixit
916 1891 989 1927 Lia
1003 1905 1013 1925 .·
1024 1890 1201 1927 Donavit
1215 1889 1310 1925 mihi

350 1959 458 1995 Deus
473 1958 618 1994 donum
633 1958 786 1993 bonum.
800 1955 916 1991 Nunc
935 1954 1114 2004 temporis
1129 1965 1188 1988 me
1196 1951 1309 2002 eliget

350 2021 548 2062 virrneus;
562 2019 691 2069 peperi
705 2018 808 2053 enim
821 2017 856 2052 ei
862 2014 969 2066 filios
978 2027 1059 2051 sev.
1076 2014 1131 2051 Et
1147 2014 1310 2049 vocavit

352 2094 489 2117 nomen
503 2081 586 2131 ejus
602 2078 797 2116 Zabulon.
819 2075 981 2123 Posthac,
997 2074 1127 2125 inquit,
1143 2073 1308 2111 amabilis

350 2156 409 2178 ero
426 2150 457 2177 et
472 2154 549 2191 ego,
565 2139 648 2190 qnia
659 2138 778 2191 peperi
794 2151 856 2175 sex
867 2136 973 2174 filios.
989 2135 1074 2173 Ideo
1088 2134 1235 2173 vocavit
1249 2148 1310 2171 no-

353 2215 432 2238 men
450 2202 528 2252 ejus
543 2199 715 2237 Zabulon.
731 2200 772 2236 21
787 2199 959 2248 .Peperit
975 2204 1104 2233 autem
1119 2205 1156 2232 et
1155 2195 1307 2247 filiam,

354 2271 390 2299 et
408 2263 567 2298 vocavit
589 2274 727 2297 nomen
743 2261 826 2310 ejus
844 2259 964 2294 Dina.
983 2259 1047 2293 5⁵22.
1070 2256 1312 2293 Recordatus

352 2331 409 2360 est
425 2330 555 2359 autem
588 2322 695 2358 Deus
722 2318 918 2360 Rachelis,
939 2325 973 2354 et
994 2316 1193 2354 exaudivit
1209 2329 1309 2360 eam,

354 2391 391 2420 et
415 2385 538 2434 aperit
566 2384 646 2433 ejus
679 2380 856 2417 vulvam.
886 2379 948 2415 325.
980 2379 1034 2414 Et
1062 2379 1248 2427 concepit,
1277 2385 1314 2413 et

354 2446 503 2495 peperit
516 2443 653 2495 filium
673 2442 832 2478 Jacobo.
854 2440 968 2477 Dixit
984 2445 1115 2474 autem
1132 2437 1280 2474 Rachel
1301 2452 1311 2472 .-

355 2505 537 2542 Abstulit
553 2519 577 2541 a
592 2518 651 2540 me
659 2503 765 2540 Deus
782 2502 1026 2552 opprobrium
1042 2512 1178 2535 meum.
1192 2498 1314 2536 24.Et

356 2569 516 2605 vocavit
536 2579 675 2603 nomen
689 2566 770 2616 ejus
780 2563 938 2613 Joseph,
956 2562 1089 2598 dicens
1100 2576 1110 2596 .-
1121 2559 1315 2612 Apposuit

356 2630 452 2666 milii
467 2625 855 2679 Deus-filiumalium.
871 2622 1051 2661 Abstulit
1062 2635 1087 2659 a
1104 2621 1312 2672 me,inquit‚

752 226 789 256 S.

829 222 1013 256 somnis
1050 217 1302 251 CHRYSOST.
1346 213 1554 243 Anenmt‘.
1595 211 1952 242 consummor.

1367 296 1507 348 (Ραχήλ
1529 312 1534 318 ·

1366 356 1474 395 νύκτα
1502 356 1632 403 ταύτην
1664 357 1740 395 ἀντὶ
1769 359 1837 394 τῶν
1867 356 2116 408 μανδραγορῶν
2134 357 2194 391 τοῦ
2213 357 2284 392 υἱοῦ
2316 369 2387 393 σου.

1569 297 1634 347 οὐχ
1665 294 1778 333 οὕτω·
1810 294 2014 346 κοιμηΟήτω
2041 293 2082 339 δὴ
2115 294 2203 343 μετὰ
2233 297 2292 331 σοῦ
2327 293 2387 340 τὴν

1367 415 1460 460 ι’Δός
1480 433 1538 468 μοι
1556 420 1624 455 τῶν
1644 418 1913 469 μανδραγορῶν,
1939 416 1997 453 καὶ
2024 415 2111 453 λοίδε
2132 414 2284 468 σήμερον
2302 414 2391 466 μετὰ

1368 481 1428 516 σοῦ
1448 477 1505 516 τὸν
1525 479 1644 530 ἄνδρα.
1675 478 1784 531 <Ορᾷς
1809 480 1884 521 πῶς
1908 476 2082 515 δείκνυται
2098 475 2188 519 ὅλως
2205 479 2248 527 τῇ
2280 475 2393 527 εὐνοία

1368 542 1431 586 τῆς
1446 539 1586 592 Ῥαχὴλ
1603 541 1871 593 προσκείμενος,
1891 542 1935 578 Εἰ
1954 539 2022 591 γὰρ
2043 539 2102 577 καὶ
2121 537 2293 577 τοσούτων
2311 537 2392 575 παί-

1370 601 1437 663 {mv
1459 601 1561 653 χορὸν
1579 600 1765 648 τικτούσης
1783 604 1846 647 τῆς
1862 600 1968 644 Λείας
1982 631 1991 649 ,
2012 600 2063 638 ἔτι
2077 599 2162 651 πρὸς
2179 598 2242 645 τὴν
2257 597 2395 650 Ῥαχὴλ

1370 665 1411 709 ἠν
1445 661 1694 714 προσκείμενος
1721 666 1763 714 τῇ
1799 662 1934 715 εὐνοία,
1969 664 1997 699 εἷ
2027 661 2075 712 μὴ
2104 663 2206 699 τοῦτο
2234 660 2395 711 ἐγεγόνει,

1372 726 1446 766 πῶς
1463 723 1503 760 ἂν
1523 724 1672 775 ἐνεγκεῖν
1695 727 1716 770 ἡ
1740 723 1827 762 Λεία
1842 724 1994 770 ἠδυνήθη
2016 722 2078 769 τὴν
2109 721 2198 773 μετὰ
2217 724 2278 767 ’.ἧς
2295 723 2397 760 ἀδελ-

1373 787 1438 835 φῆς
1474 784 1695 832 συνοίκησιν,
1727 784 1788 829 Ὡς
1818 784 1885 838 γὰρ
1919 783 2075 828 ἐξουσίαν
2103 784 2240 822 ἅπασαν
2269 782 2398 835 ἔχουσα

1373 848 1432 883 τοῦ
1464 845 1598 896 ἀνδρὸς,
1630 845 1718 884 οὕτω
1747 845 1905 899 προίεται
1936 848 2005 883 τῶν
2039 845 2285 896 μανδραγορῶν
2319 844 2398 882 οτὸν

1375 905 1505 958 ἄνδρα,
1523 907 1583 944 καί
1600 922 1687 960 φησι
1703 923 1710 930 ·
1732 907 1947 958 Κοιμηθήτω
1965 907 2116 959 σήμερον
2140 905 2229 956 μετὰ
2248 909 2308 944 σοῦ
2324 906 2401 944 ἀντὶ

1374 969 1443 1004 τῶν
1476 967 1736 1019 μανδραγορῶν.
1767 968 1961 1019 Πλήρωσόν
1994 984 2076 1018 μου,
2112 968 2215 1020 φησί,
2242 968 2303 1015 τὴν
2331 969 2402 1005 ἔπι-

1375 1027 1500 1078 Θυμίαν
1527 1028 1590 1075 τὴν
1620 1029 1678 1066 ἐπὶ
1707 1036 1777 1073 τοῖς
1813 1029 2088 1082 μανδραγόραις,
2121 1029 2179 1067 καὶ
2213 1028 2315 1082 δέχου
2346 1029 2401 1067 τὸν

1376 1089 1496 1142 ἄνδρα.
1518 1090 1809 1142 Παραγενομένου
1833 1091 1869 1129 δὲ
1899 1095 1958 1129 τοῦ
1987 1089 2134 1137 Ἰακὼῧ,
2156 1090 2339 1135 ἐξελθοῦσα
2358 1091 2403 1133 εἷς

1377 1149 1582 1198 συνάντησιν
1604 1156 1626 1198 ἦ
1657 1151 1746 1190 Λεία
1765 1145 1840 1189 εἷπε
1857 1167 1865 1175 ·
1883 1152 1969 1203 πρὸς
1998 1151 2060 1203 ἐμὲ
2084 1151 2262 1203 εἰσελεύσῃ
2290 1152 2401 1203 σήμε-

1379 1228 1435 1264 ρον
1449 1229 1457 1236 ·
1479 1213 1704 1264 μεμίσθωμαι
1725 1212 1792 1264 γάρ
1812 1228 1850 1250 σε
1879 1212 2030 1264 σήμερον
2060 1213 2136 1251 ἀντὶ
2158 1217 2226 1252 τῶν
2249 1215 2401 1265 μανδρα-

1377 1277 1488 1327 γορῶν
1509 1279 1569 1313 τοῦ
1595 1277 1668 1313 υἱοῦ
1691 1291 1767 1324 μου.
1789 1274 1858 1313 Καὶ
1884 1276 2073 1325 ἐκοιμήθη,
2094 1276 2195 1327 φησὶ,
2227 1275 2315 1326 μετὰ
2342 1276 2401 1313 αὖ·

1376 1337 1438 1381 τῆς
1457 1335 1519 1382 τὴν
1535 1335 1643 1373 νύκτα
1668 1334 1815 1381 ε’κείνην.
1838 1335 1908 1374 Καὶ
1928 1336 2120 1382 ἐπήκουσεν
2140 1340 2158 1374 ὁ
2178 1337 2266 1379 Θεὸς
2286 1334 2401 1382 Λείας,

1377 1396 1436 1434 καὶ
1467 1397 1689 1436 συλλανῗοῦσα
1719 1397 1814 1435 ἔτεκε
1845 1398 1901 1436 τὸν
1933 1398 2092 1448 πέμπτον
2121 1399 2204 1436 υἱόν.
2227 1397 2299 1437 Καὶ
2328 1391 2400 1436 εἶπε

1377 1458 1466 1496 Λεία
1483 1474 1490 1481 ·
1512 1457 1620 1496 ἔδωκέ
1640 1473 1699 1509 μοι
1730 1462 1748 1497 ὅ
1778 1459 1866 1502 Θεὸς
1890 1459 1947 1496 τὸν
1981 1460 2104 1510 μισθόν
2141 1477 2229 1510 μου,
2264 1461 2336 1498 ἀνθ’
2364 1452 2401 1498 οἷ

1377 1519 1491 1557 ἔδωκα
1507 1519 1569 1566 τὴν
1589 1519 1777 1566 παιδίσκην
1799 1536 1863 1570 μου
1883 1522 1932 1572 τῷ
1951 1521 2050 1572 ἀνδρί
2069 1537 2144 1572 μου.
2169 1522 2239 1559 Καὶ
2259 1521 2404 1560 ἐκάλεσε

1377 1580 1416 1618 τὸ
1435 1580 1544 1631 ὄνομα
1566 1582 1669 1618 αὐτοῦ
1691 1580 1859 1633 ’[σαχὰρ,
1883 1580 1904 1619 ὅ
1924 1583 1996 1618 ἐστι
2029 1581 2158 1631 μισθός.
2191 1581 2404 1627 Ἔπήκουσε,

1378 1640 1496 1693 φησὶν,
1516 1643 1532 1678 ὅ
1552 1641 1641 1684 Θεὸς
1669 1644 1730 1687 τῆς
1760 1641 1877 1685 Λείας.
1910 1641 2056 1688 Ἐπειδὴ
2090 1641 2182 1693 ἑώρα
2210 1640 2405 1679 κατώδυνον

1381 1701 1488 1746 αὐτὴν
1504 1696 1608 1740 οῦσαν
1631 1702 1691 1740 καὶ
1710 1702 2100 1755 παρευδοκιμουμένην,
2126 1702 2318 1748 ἐπήκουσεν
2347 1703 2407 1739 αὖ·

1380 1763 1441 1806 τῆς
1465 1765 1482 1799 ὃ
1501 1761 1604 1806 Θεὸς,
1628 1762 1688 1800 καὶ
1708 1762 1803 1800 ἔτεκε
1829 1763 1887 1800 καὶ
1907 1757 2000 1801 εἶπεν
2017 1778 2024 1785 ·
2045 1762 2264 1813 ἐκομισάμην
2287 1762 2406 1813 μισθὸν

2007 1840 2084 1874 μου.
2105 1823 2173 1862 Διὰ
2202 1827 2302 1862 τοῦτο
2329 1823 2408 1861 ἑκά·

1380 1886 1479 1922 λεσεν
1500 1885 1601 1923 αὐτὸν
1621 1885 1783 1937 Ἰσαχοίρ.
1810 1885 1881 1924 Καὶ
1910 1885 2096 1924 συνέλαὸεν
2120 1885 2189 1933 ἔτι,
2216 1885 2275 1922 καὶ
2293 1884 2406 1922 ἔτεκεν

1382 1944 1454 1982 υἱὸν
1481 1943 1594 1982 ἕκτον.
1623 1945 1694 1983 Καὶ
1727 1939 1801 1984 εἷπε
1829 1944 1939 1983 Λεία·
1961 1944 2154 1997 δεδώρηταί
2186 1960 2245 1995 μοι
2273 1947 2291 1982 ὁ
2319 1944 2408 1987 Θεὸς

1380 1822 1468 1875 ὑπὲρ
1487 1827 1534 1860 ὡν
1566 1822 1680 1862 ἔδωκα
1709 1823 1772 1870 τὴν
1797 1823 1986 1871 παιδίσκην

1382 2008 1490 2060 δῶρον
1520 2005 1638 2045 καλόν.
1669 2006 1731 2045 Ἐν
1758 2010 1807 2059 τῷ
1835 2013 1893 2046 νῦν
1920 2009 2031 2060 καιρῷ
2052 2010 2194 2059 αἱρετιεῖ
2222 2022 2265 2056 με
2286 2010 2304 2045 ὁ
2323 2006 2408 2058 ἀνήρ

1384 2085 1449 2119 μου
1464 2068 1610 2106 ’τέτοκα
1629 2068 1697 2121 γὰρ
1715 2071 1808 2121 αὐτῷ
1824 2068 1916 2107 υἱοὺς
1935 2069 1980 2114 ἕξ.
1997 2068 2067 2108 Καὶ
2086 2068 2229 2106 ἐκάλεσε
2248 2068 2287 2106 τὸ
2303 2068 2408 2118 ὄνομα

1385 2132 1489 2169 αὐτοῦ
1517 2130 1719 2169 Ζαὸουλών.
1748 2131 1898 2178 Λοιπὸν,
1924 2130 2050 2182 φησὶν,
2068 2130 2257 2182 ἐπέραστος
2285 2129 2409 2179 ἔσομαι

1384 2190 1482 2242 κάγὼ
1503 2190 1601 2242 ἀνδρί
1622 2207 1687 2241 μου
1704 2207 1710 2214 ·
1732 2191 1847 2230 ἔτεκον
1870 2191 1938 2243 γὰρ
1955 2190 1988 2235 ἓξ
2003 2191 2106 2234 υἱούς.
2128 2191 2196 2228 Διὰ
2215 2194 2316 2227 τοῦτο
2330 2188 2409 2227 ἐκοί-

1383 2253 1462 2290 λεσε
1473 2252 1512 2289 τὸ
1533 2252 1643 2302 ὄνομα
1668 2254 1770 2289 αὑτοῦ
1791 2251 1994 2289 Ζαῧουλών.
2021 2250 2149 2289 Ἔτεκε
2169 2249 2280 2289 δὲκαὶ
2300 2254 2409 2301 θυγα-

1385 2312 1483 2365 τέρα,
1503 2312 1562 2350 καὶ
1585 2312 1729 2351 ἐκάλεσε
1748 2313 1787 2352 τὸ
1808 2313 1918 2363 ὄνομα
1946 2315 2051 2359 <xor-Ze
2080 2316 2196 2352 Δεῖνα.
2227 2312 2408 2363 Ἐμνήσθη

1387 2373 1422 2411 δὲ
1442 2377 1459 2411 ὃ
1480 2374 1587 2420 Θεὸς,
1607 2374 1707 2425 φησὶ,
1728 2377 1789 2421 τῆς
1809 2373 1965 2426 Ῥαχὴλ,
1985 2374 2044 2412 καὶ
2075 2374 2265 2420 ἐπήκουσεν
2286 2376 2409 2421 αὐτῆς,

1386 2435 1446 2472 καὶ
1473 2434 1603 2481 ἤνοιξεν
1632 2437 1737 2480 αὐτῆς
1763 2434 1826 2481 τὴν
1853 2435 2001 2488 μήτραν.
2032 2436 2101 2473 Καὶ
2134 2435 2318 2483 συνέλαὸε,
2353 2433 2411 2472 καὶ

1387 2494 1482 2533 ἔτεκε
1502 2498 1550 2547 τῷ
1571 2494 1700 2533 ’laxe-,6
1721 2496 1806 2534 υἱόν.
1837 2489 1928 2534 Eine
1949 2494 1984 2534 δὲ
2004 2495 2162 2548 Ῥαχήλ·
2192 2496 2312 2548 ἀφεῖλέ
2345 2510 2409 2546 μου

1387 2560 1404 2595 ὃ
1435 2557 1524 2598 Θεὸς
1554 2556 1592 2594 τὸ
1625 2556 1762 2599 ὄνειδος.
1797 2556 1867 2595 Καὶ
1897 2557 2042 2595 ἐκάλεσε
2082 2557 2122 2595 τὸ
2163 2556 2272 2607 ὄνομα
2309 2559 2410 2595 αὐτοῦ

1388 2617 1536 2670 Ἰωσὴφ,
1556 2618 1703 2669 λέγουσα
1719 2633 1726 2641 ·
1744 2618 1930 2671 προσέθετό
1952 2633 2010 2669 μοι
2035 2621 2052 2656 ὁ
2077 2619 2166 2662 Θεὸς
2185 2619 2256 2657 υἱὸν
2282 2618 2409 2670 ἕτερον.

354 2692 462 2727 Deus
479 2689 743 2740 opprobrium;
760 2683 866 2722 solvit
880 2681 1315 2734 sterilitatemzpropitius
1328 2679 1522 2732 5Δ-ΙΆςρεῖλέ
1550 2695 1632 2730 μου,
1662 2679 1787 2731 φησὶν,
1819 2683 1837 2717 ὃ
1868 2680 1956 2722 Θεὸς
1981 2679 2020 2717 τὸ
2053 2679 2180 2723 ὄνειδος
2195 2696 2202 2703 ·
2224 2680 2324 2718 ἔλυσε
2348 2678 2409 2726 τὴν

354 2752 467 2788 factus
481 2759 532 2787 est
544 2748 646 2795 mihi,
663 2756 696 2785 et
711 2746 874 2784 idoneam
889 2744 970 2782 fecit
989 2743 1036 2781 ad
1055 2742 1316 2796 procreandum
1341 2743 1365 2772 Α

356 2811 450 2848 filios
467 2809 625 2855 vulvam,
644 2807 865 2856 liberamque
885 2818 940 2842 me
959 2803 1043 2841 fecit
1064 2803 1109 2839 ab
1123 2801 1316 2854 opprobrio

358 2886 449 2908 meo.
471 2871 522 2906 Et
540 2871 700 2906 vocavit
719 2880 858 2904 nomen
872 2867 954 2916 ejus
971 2864 1130 2915 Joseph,
1154 2864 1285 2900 dicens
1304 2878 1314 2898 .-

359 2932 553 2982 Apposuit
569 2930 664 2966 mihi
679 2927 936 2979 Deussilium
951 2925 1091 2963 alium.
1103 2923 1218 2963 Vides
1231 2938 1318 2974 quo-

363 2991 468 3029 modo
483 2989 656 3042 paulatim
675 2987 925 3040 promissiones
942 2985 1007 3024 Dei
1023 2986 1057 3023 in
1072 2999 1159 3037 opus
1172 2997 1318 3035 egressae

359 3052 468 3090 sunt?
490 3051 580 3087 Eece
599 3049 691 3087 enim
710 3057 882 3099 quantum
897 3056 1037 3098 repente
1049 3046 1198 3084 chorum
1219 3045 1313 3083 filio-

361 3127 440 3151 rum
457 3112 547 3149 circa
571 3126 606 3148 se
624 3110 750 3147 habuit
772 3109 902 3161 justus,
922 3117 1067 3160 propter
1095 3106 1319 3145 manifestam

362 3174 427 3212 Dei
438 3187 517 3225 erga
526 3188 560 3209 se
572 3170 793 3224 providentia
800 3184 848 3207 m.
861 3168 1040 3216 Quoniam
1047 3168 1140 3207 enim
1151 3182 1315 3221 magnam

409 3308 423 3330 ¹²
442 3311 492 3342 Δὸς
511 3318 631 3346 poi-..n
660 3307 741 3343 μετα
764 3309 813 3335 σοῦ
835 3306 885 3335 τὸν
915 3303 1021 3344 ἀνδρα.
1045 3299 1259 3332 Existimavit
1283 3306 1375 3332 vetus

364 3361 532 3400 Inter-pres
548 3354 617 3387 haec
634 3352 733 3387 verba
750 3363 790 3384 ex
810 3360 901 3384 textu
925 3350 1049 3384 biblico
1069 3363 1148 3385 esse.
1167 3351 1233 3386 Sed
1263 3359 1340 3386 sunt
1357 3363 1374 3384 a

364 3411 609 3456 Clirysostomo
626 3405 755 3449 adjecta
773 3404 1004 3447 explicationis
1022 3416 1131 3437 causa.

1389 2741 1587 2792 στείρωσιν,
1609 2740 1833 2792 κατηλλάγη,
1854 2740 1913 2778 καὶ
1944 2740 2096 2793 διήγειρέ
2123 2757 2188 2792 μου
2209 2742 2293 2794 πρὸς
2325 2757 2411 2780 παι-

1390 2801 1544 2841 ΓΒοττοιίαν
1574 2801 1637 2848 τὴν
1663 2801 1812 2853 μήτραν,
1842 2801 1901 2840 καὶ
1931 2802 2149 2855 ἠλευθέρωσέ
2171 2819 2215 2853 με
2243 2807 2302 2841 τοῦ
2330 2805 2413 2841 ὀνει-

1391 2865 1525 2913 δισμοῦ,
1561 2863 1629 2901 Καὶ
1659 2863 1802 2901 ἐκάλεσε
1832 2863 1870 2901 τὸ
1902 2864 2010 2914 ὄνομα
2045 2866 2148 2902 αὐτοῦ
2179 2863 2322 2917 Ἰωσὴφ,
2357 2864 2413 2904 λέ-

1391 2940 1499 2976 γουσα
1514 2940 1521 2947 ·
1542 2923 1730 2976 προσέθετό
1751 2940 1808 2974 μοι
1827 2927 1845 2962 ὁ
1866 2925 1954 2968 Θεὸς
1973 2925 2045 2962 υἱὸν
2067 2925 2193 2979 ἕτερον.
2215 2925 2323 2978 εΟρίξίς
2342 2928 2414 2969 πῶς

1393 2989 1426 3023 αἱ
1453 2989 1511 3023 τοῦ
1534 2988 1625 3024 Θεοῦ
1646 2985 1851 3037 ὑποσχέσεις
1871 2985 1962 3024 κατὰ
1983 2986 2104 3039 μικρὸν
2135 2989 2182 3030 εἷς
2210 2989 2309 3039 ἔργον
2336 2986 2414 3039 ἐξῄ-

1392 3063 1492 3094 εσαν,
1509 3045 1597 3084 Ἰδοὺ
1613 3046 1678 3098 γὰρ
1700 3047 1822 3099 ἀθρόον
1841 3047 1958 3085 πόσων
1978 3047 2111 3085 παίδων
2128 3048 2230 3099 χορὸν
2249 3052 2266 3086 ὁ
2286 3049 2415 3092 δίκαιος

1392 3107 1474 3159 ἔσχε
1495 3107 1551 3145 διὰ
1571 3107 1633 3154 τὴν
1655 3111 1714 3146 τοῦ
1735 3110 1827 3147 Θεοῦ
1841 3107 1921 3159 περὶ
1943 3109 2045 3146 αὐτὸν
2067 3108 2244 3159 πρόνοιαν.
2268 3108 2412 3155 Ἐπειδὴ

1393 3168 1460 3220 γὰρ
1479 3167 1612 3214 πολλὴν
1632 3168 1694 3215 τὴν
1715 3168 1890 3219 ὑπομονὴν
1912 3168 2108 3214 ἐπεδείξατο
2129 3171 2162 3208 ἐν
2184 3170 2414 3223 δεκατέσσαρ-

1451 3306 1462 3319 ⁰
1479 3298 1678 3341 [Deleximus
1706 3306 1788 3342 μετὰ
1815 3307 1891 3332 ante
1916 3306 1967 3334 τὸν
1997 3303 2089 3346 ἀνδρα

1409 3351 1523 3384 Morel.
1543 3359 1575 3384 et
1590 3351 1690 3385 Savil.
1707 3351 1808 3386 Cois-l.
1823 3356 1933 3399 μανδρ.
1948 3354 2064 3395 adrem]

2116 3315 2121 3332 :
2151 3301 2243 3336 deest
2268 3303 2356 3336 enim
2382 3303 2415 3336 in
