2483 3791
142 870 168 888 2.
191 861 258 889 (bs.
280 869 324 889 11.

144 1480 185 1505 HJ.
209 1488 232 1505 ι’.
255 1486 306 1506 22.

145 1727 188 1754 lb.
212 1725 305 1756 v.23.

355 148 440 194 106

341 246 475 299 lingua,
487 246 549 285 sed
557 246 602 285 ab
613 247 622 284 i
627 261 689 300 pso
696 257 872 300 oporteret
883 248 1007 288 audire
1013 249 1162 288 dicente.
1173 249 1297 296 Quan-

342 307 388 347 do
405 308 501 346 enim
517 307 553 346 in
572 322 649 347 eam
665 308 807 347 devenit
824 309 1082 359 necessitatem,
1097 318 1136 346 ut
1153 317 1298 361 propter

341 369 720 422 pseudoapostolorum
747 370 927 407 fallaciam
955 384 1011 407 res
1027 383 1109 407 suas
1136 383 1298 406 enarrare

341 439 525 482 cogeretur
546 446 554 467 ε
582 439 656 468 tam
676 444 785 481 gravo
811 430 906 467 enim
934 429 1032 467 istud
1052 438 1085 467 et
1109 429 1294 467 molestum

342 491 410 543 ipsi
439 500 528 541 erat,
547 500 586 528 ut
614 491 862 539 reluctaretur,
878 499 912 527 et
939 504 1135 541 numquam
1160 489 1198 528 in
1219 502 1294 527 me-

342 552 442 590 dium
462 567 500 590 ea
515 553 641 589 afferre
657 551 762 589 vellet
777 580 787 599 ‚
807 551 880 589 imo
899 551 1056 604 seipsum
1070 551 1217 590 auderet
1231 565 1295 591 vo—
1318 558 1345 590 D

342 627 420 650 care
440 612 689 664 blasphemum
700 641 712 661 ,
735 620 769 649 et
787 621 1075 663 persequutorem
1095 628 1103 649 :
1124 612 1295 664 quoniam

341 682 459 711 autem
472 672 772 725 pernecessarium
787 687 861 711 esse
873 672 1022 723 videret,
1053 682 1093 712 ut
1125 673 1295 726 imposto-

341 748 422 772 rum
449 748 510 772 ora
533 733 742 783 obstrueret,
762 743 796 772 et
819 734 1009 787 discipulis
1026 749 1177 788 parvam
1195 735 1295 774 daret

341 794 634 833 consolationem:
653 794 704 833 sic
734 795 807 833 sere
837 796 944 847 coepit
973 805 1053 849 post
1083 796 1197 834 multa
1223 797 1293 835 alia

340 855 459 894 dicere
479 873 486 893 :
510 859 560 894 In
582 870 659 909 quo
681 859 767 908 quis
787 858 917 904 audet,
935 872 1005 909 per
1028 860 1296 910 insipientiam

343 917 494 969 loquor,
517 918 641 955 audeo
657 926 692 954 et
709 931 789 969 ego,
807 917 1000 956 Considera
1012 918 1109 970 piam
1122 918 1293 967 animam,

343 991 410 1016 non
431 979 547 1017 solum
575 978 775 1027 audaciam,
799 978 862 1016 scd
892 988 925 1016 et
948 979 1192 1031 insipientiam
1219 993 1295 1017 rem

340 1053 418 1078 cam
433 1048 536 1078 vocat
546 1053 559 1076 ἐ
574 1038 702 1077 docens
721 1053 784 1076 nos
798 1053 842 1076 ne
856 1053 1025 1090 umquam
1042 1040 1129 1077 citra
1146 1040 1295 1078 necessi—

341 1109 463 1151 tatem,
482 1109 516 1138 et
530 1100 629 1138 nullo
648 1109 809 1151 urgente,
829 1115 907 1151 quae
926 1115 945 1137 a
965 1100 1069 1138 nohis
1086 1101 1177 1138 facta
1200 1110 1294 1150 sunt,

342 1171 573 1213 ostentemus,
591 1162 620 1199 si
641 1161 784 1212 quidem
800 1161 912 1213 aliqui
932 1175 978 1199 ex
995 1161 1098 1200 nobis
1112 1162 1295 1201 invenian-

342 1233 401 1262 tur
423 1224 485 1275 qui
509 1224 646 1262 bonum
677 1222 823 1273 aliquod
856 1232 938 1261 sunt
967 1223 1115 1275 operati.
1143 1226 1193 1261 In
1221 1238 1297 1276 quo

342 1289 441 1337 quis,
464 1285 595 1336 inquit,
619 1284 748 1332 audet,
769 1299 839 1337 per
858 1287 1122 1336 insipientiam
1142 1285 1293 1337 loquor,

342 1348 467 1386 audeo
498 1356 533 1385 et
564 1360 632 1399 ego
651 1362 660 1383 ε
680 1346 749 1384 hoc
774 1354 837 1394 est,
859 1346 1028 1397 quoniam
1054 1360 1119 1397 ego
1146 1347 1298 1385 multam

341 1408 447 1447 video
474 1408 726 1456 necessitatem,
746 1406 877 1446 audere
903 1407 999 1456 volo,
1021 1416 1054 1445 et
1086 1407 1296 1460 insipientia}

342 1483 431 1521 opus
450 1469 632 1507 exhibere.
654 1470 811 1506 Hebroei
824 1476 929 1514 sunt,
950 1476 988 1506 et
1009 1482 1093 1520 eg0;
1107 1469 1298 1507 Israelitoe

342 1539 455 1577 sunt,
482 1539 520 1569 et
546 1544 635 1582 ego:
661 1543 789 1568 semen
820 1527 998 1566 Abrah‘oe
1023 1538 1126 1577 sunt,
1151 1538 1187 1567 et
1216 1544 1298 1582 ego,

343 1593 396 1627 De
420 1592 509 1640 hoc,
534 1591 668 1642 inquit,
688 1590 842 1628 sublime
857 1590 1000 1642 sapiunt
1024 1600 1057 1629 et
1077 1591 1296 1643 gloriantur5

343 1665 386 1689 ne
404 1660 529 1703 putent
550 1666 588 1689 ea
609 1651 709 1689 nobis
728 1651 866 1701 deesse,
882 1651 988 1689 ctiam
1008 1666 1070 1690 nos
1090 1652 1298 1690 corumdem

343 1712 534 1765 participes
569 1727 703 1750 sumus.
737 1712 876 1751 Deinde
912 1712 1063 1764 subjecit
1089 1728 1097 1749 ε
1122 1715 1300 1752 stIinistri

344 1774 491 1812 Christi
508 1782 612 1819 sunt,
631 1783 672 1811 ut
693 1777 820 1812 minus
834 1776 989 1825 sapiens
1002 1775 1099 1823 dim,
1112 1775 1200 1825 plus
1217 1787 1297 1826 ego,

395 1837 432 1874 (j.
462 1834 556 1875 Vide
574 1834 644 1883 hic,
662 1834 804 1884 dilecte,
825 1835 936 1872 beatae
951 1835 1060 1887 hujus
1076 1835 1204 1872 animae
1221 1835 1297 1874 vir-

341 1904 467 1934 tutem.
483 1897 576 1933 Nam
589 1904 777 1948 postquam
789 1909 863 1933 rem
878 1909 898 1932 a
908 1909 944 1933 se
955 1895 1099 1945 factam,
1110 1895 1299 1934 audaciam

343 1966 375 1996 ct
397 1957 640 2009 insipientiam
664 1955 823 2005 vocavit,
847 1956 1014 2007 quamvis
1035 1956 1072 1994 in
1090 1965 1187 1994 tanta
1212 1965 1301 1994 esset

342 2018 548 2056 necessitate
574 2018 800 2064 constitutus,
828 2031 940 2068 neque
967 2017 1020 2056 sic
1046 2026 1165 2056 tamen
1194 2017 1300 2056 dictis

344 2088 529 2117 contentus
548 2079 617 2117 fuit
638 2095 646 2115 :
667 2078 728 2116 sed
741 2093 824 2116 cum
841 2077 1148 2117 demonstraturus
1158 2087 1247 2116 esset
1265 2092 1301 2116 se

343 2141 425 2179 illos
454 2155 584 2192 magno
611 2139 812 2193 praecedere
841 2139 1054 2188 intervallo,
1080 2148 1120 2176 ut
1148 2153 1193 2177 ne
1216 2139 1297 2190 quis

344 2217 425 2241 eum
443 2211 541 2254 putet
559 2215 621 2254 per
641 2201 911 2239 ostentationem
929 2201 1006 2238 haec
1021 2199 1151 2247 dicere,
1170 2199 1299 2237 iterum

343 2263 586 2315 insipientiam
602 2271 705 2300 vocat
718 2261 814 2312 quod
825 2276 844 2298 a
856 2275 892 2299 se
910 2260 1111 2308 dicebatur,
1127 2261 1227 2312 quasi
1243 2260 1299 2299 di-

344 2333 436 2362 ceret
452 2339 459 2360 :
476 2323 555 2360 Non
567 2337 645 2360 suin
656 2322 794 2359 nescius
813 2336 869 2359 me
883 2335 959 2360 rem
973 2322 1087 2359 facere
1102 2336 1180 2372 quae
1201 2322 1298 2360 mul-

344 2393 398 2423 tos
419 2383 590 2430 offendat,
611 2392 645 2420 et
674 2397 752 2433 quae
776 2396 890 2433 neque
911 2397 967 2420 me
995 2381 1140 2420 deceat:
1157 2381 1219 2420 scd
1244 2397 1301 2421 me

344 2445 525 2497 compellit
544 2458 672 2496 magna
692 2443 897 2493 necessitas;
919 2443 999 2481 ideo
1019 2443 1191 2495 ignoscite
1209 2444 1299 2483 mihi

344 2506 556 2559 insipientioe
583 2506 692 2544 verba
714 2505 883 2556 loquenti.
908 2505 1026 2557 Hujus
1049 2504 1108 2543 vel
1133 2505 1300 2543 umbram

346 2567 528 2606 imitemur
553 2581 630 2616 nos,
651 2566 714 2617 qui
736 2566 843 2604 tantis
862 2566 1061 2619 premimur
1082 2566 1247 2618 peccatis,
1268 2576 1302 2604 et

345 2644 437 2681 saepe
455 2629 485 2666 si
515 2643 668 2681 parvum
691 2627 865 2678 quiddam
885 2636 978 2665 recte
1002 2627 1169 2676 facimus,
1189 2641 1302 2678 neque

346 2691 467 2742 ipsum
496 2689 530 2727 in
560 2689 781 2742 promtuario
807 2689 935 2727 mentis
962 2697 1089 2727 nostrae
1107 2688 1302 2740 repositum

348 2766 488 2789 manere
514 2752 684 2803 patimur,
706 2751 767 2788 sed
796 2760 835 2788 ut
862 2750 1049 2801 gloriolam
1077 2749 1233 2801 aliquam
1257 2750 1303 2787 ab

347 2811 556 2849 bominibus
579 2825 765 2859 venemur,
782 2810 1027 2862 divulgamus,
1044 2820 1077 2849 et
1104 2811 1150 2849 ob
1169 2811 1302 2849 intem-

348 2872 522 2924 pestivam
551 2872 791 2923 nugacitatem
815 2871 939 2910 divina
968 2871 1200 2910 retributione
1224 2885 1303 2910 nos-

349 2933 517 2985 metipsos
542 2932 762 2971 fraudamus.
790 2935 836 2970 At
856 2933 947 2970 nihil
973 2932 1042 2970 tale
1066 2933 1169 2971 beato
1192 2933 1304 2970 Paulo

347 2994 538 3031 accidebat.
555 2994 626 3032 Sed
640 2994 755 3045 quid?
773 2996 947 3031 stlinistri
963 2995 1108 3032 Christi
1135 3002 1238 3039 sunt,
1263 3002 1306 3031 nt

350 3057 478 3092 minus
497 3057 651 3106 sapiens
671 3057 771 3101 dico,
792 3055 880 3106 plus
902 3068 986 3106 ego;
1005 3054 1087 3092 dein
1104 3054 1252 3092 adducit
1269 3054 1304 3092 in
1330 3064 1353 3095 G

350 3115 507 3153 medium
524 3130 561 3152 ea
577 3130 654 3166 quse
675 3115 961 3168 pseudoapostoli
983 3130 1050 3154 non
1072 3115 1303 3154 exhibebant.

775 165 813 194 S.
851 165 1034 197 JOANNIS
1069 165 1310 198 CHRYSOST.

1326 2386 1349 2416 1:

391 3224 406 3247 b
424 3221 483 3254 Alii
500 3226 555 3257 ὑπὸ
570 3228 630 3256 τοῦ.
649 3221 750 3254 Paulo
768 3231 843 3264 post
858 3222 1064 3266 ΜοτιῑΙ.μ-;τὰ
1081 3228 1120 3258 τὰ
1135 3226 1235 3258 πολλὰ
1251 3227 1352 3268 ἕτερα-

390 3285 401 3297 0
421 3273 534 3306 Mon-l.
549 3278 813 3319 μεγαλοερονοῦσι.
831 3274 891 3306 Alii
908 3282 1136 3320 ,αεγαρρωᾱῦτι-

391 3336 402 3349 n
420 3325 554 3358 coislin.
576 3329 737 3371 §buzis-ura
757 3330 838 3359 >4221
864 3335 908 3360 τί.
924 3326 1029 3369 ΑΙιιΙιιί
1052 3330 1281 3372 πιραφγιοςζνηυ
1299 3327 1356 3357 lh't-

348 3378 435 3410 boin.
467 3379 504 3410 ln
529 3390 643 3410 votvm
670 3389 745 3409 mox
772 3386 979 3419 s1·¹1·‘·‹·utt·1n.
1012 3384 1262 3424 τροῑστᾶμενιιν.
1287 3377 1354 3410 Ῑι-ιἰ“

1351 167 1557 197 ARCHIEP.
1596 167 1952 200 CONSTANTINOP-

1374 248 1548 300 ρύγματος
1567 249 1645 288 καθ’
1665 250 1816 299 ἑκάστην
1837 252 2066 304 ἐπεδείκνυτο,
2085 255 2272 307 ἀναγκαῖον
2291 256 2393 294 αὐτοῦ
2425 275 2427 293 ι

1371 311 1520 347 ἀκοῦσαι
1552 310 1721 360 λέγοντος.
1756 311 1884 351 (Ηνίκα
1911 312 1980 366 γὰρ
2002 315 2048 356 εἷς
2068 313 2220 365 ἀνάγκην
2240 315 2392 361 κατέστη
2428 352 2431 359 ,

1370 370 1429 407 διὰ
1447 369 1511 417 τὴν
1531 373 1601 409 τῶν
1628 373 1919 423 ψευδαποστόλων
1941 374 2080 420 ἀπάτην
2109 374 2153 412 τὰ
2177 378 2298 413 ἑαυτοῦ
2319 377 2393 423 διη-
2431 403 2433 408 -

1370 434 1523 482 γεῖσθαι·
1546 431 1637 470 οὕτω
1659 432 1728 483 γὰρ
1747 427 1790 480 ἦν
1808 435 1903 486 αὐτῷ
1921 438 2021 473 τοῦτο
2042 435 2129 486 βαρὺ
2150 435 2208 473 καὶ
2228 436 2390 488 ἐπαχθὲς,
2432 435 2434 438 ’

1369 493 1415 534 ὡς
1446 491 1506 529 καὶ
1537 491 1766 541 ἀναδύεσθαι,
1795 494 1855 532 καὶ
1877 495 2051 546 μηδέποτε
2077 495 2262 546 βούλεσθαι
2280 500 2391 535 ταῦτα
2436 519 2439 535 ι

1369 553 1417 596 εἷς
1433 552 1537 604 μέσον
1557 554 1666 605 ἄγειν,
1686 554 1776 592 ἀλλὰ
1795 557 1855 594 καὶ
1873 558 2006 608 τολμᾷν
2025 557 2143 595 ἑαυτὸν
2162 559 2280 596 καλεῖν
2303 558 2390 610 βλά-
2438 566 2440 570 ’

1369 629 1528 666 σφημον,
1560 614 1620 654 καὶ
1649 615 1819 663 διώκτην·
1853 615 1973 663 ἐπειδὴ
2001 617 2038 655 δὲ
2068 617 2200 665 πολλὴν
2232 613 2301 657 εἶδε
2326 619 2390 667 τὴν
2441 645 2443 664 ⁴,

1369 674 1524 726 ἀνάγκην
1537 705 1548 725 ,
1579 675 1596 697 ¹³
1609 676 1696 728 ὑπὲρ
1728 681 1786 715 τοῦ
1819 677 2022 729 ἀποῤῥάψαι
2052 677 2096 716 τὰ
2130 679 2288 729 στόματα
2320 682 2389 718 τῶν

1369 735 1581 775 ἀπατεώνων
1595 769 1606 785 ,
1629 738 1688 776 καὶ
1714 738 1841 791 μικρὰν
1865 740 1982 777 δοῦναι
2003 738 2065 787 τὴν
2086 739 2300 793 παραψυχὴν
2319 745 2390 784 τοῖς

1370 798 1685 852 μαθητευόμενοις,
1719 799 1810 838 οὕτω
1840 816 1915 843 πως
1940 799 2070 851 ἤρξατο
2099 800 2187 851 μετὰ
2218 802 2256 839 τὸ
2275 801 2390 840 πολλὰ

1369 858 1471 910 ἕτερα
1498 862 1606 898 εἰπεῖν
1621 876 1628 884 ·
1653 860 1714 899 Ἐν
1747 855 1775 913 ᾧ
1808 861 1838 898 δ’
1865 861 1905 898 ἄν
1929 877 1980 904 τις
1999 864 2112 913 τολμᾷ
2127 892 2137 909 ,
2157 863 2193 899 ἐν
2214 862 2389 915 ἀφροσύνῃ

1368 920 1479 971 λέγω,
1499 923 1618 977 τολμῶ
1639 922 1748 973 κάγώ.
1783 922 1916 961 Σκόπει
1936 923 2051 975 ψυχὴν
2074 922 2250 973 φιλόθεον,
2269 925 2307 961 οὗ
2329 923 2391 974 μό-

1369 995 1424 1018 νον
1450 981 1602 1029 τόλμαν,
1634 982 1724 1021 ἀλλὰ
1744 982 1803 1021 καὶ
1824 984 2020 1034 ἀφροσύνην
2052 984 2092 1021 τὸ
2111 989 2260 1035 πρᾶγμα
2279 985 2391 1032 καλεῖ,

1369 1041 1547 1079 παιδεύων
1574 1046 1667 1094 ἡμᾶς
1701 1043 1839 1093 μήποτε
1870 1044 1990 1086 ἁπλῶς
2019 1043 2100 1082 ἄνευ
2133 1043 2304 1095 ἀνάγκης,
2333 1045 2392 1082 καὶ

1372 1102 1518 1152 μηδενὸς
1539 1104 1860 1155 καταναγκάζοντος
1874 1134 1884 1151 ,
1908 1103 1951 1142 τὰ
1977 1104 2033 1156 ὑφ’
2060 1107 2159 1155 ἡμῶν
2177 1106 2391 1156 γεγενημένα

1371 1163 1622 1214 ἐκπομπεύειν,
1644 1165 1676 1202 εἴ
1692 1165 1732 1215 γε’
1749 1181 1838 1208 τινες
1857 1164 1890 1208 ἐξ
1907 1167 2008 1215 ἡμῶν
2029 1168 2194 1216 εὑρεθεῖεν
2215 1167 2341 1217 ἀγαθόν
2359 1183 2393 1204 τι

1371 1225 1617 1277 ἐργασάμενοι.
1653 1228 1716 1265 Ἐν
1737 1220 1765 1279 ᾧ
1788 1226 1818 1264 δ’
1833 1226 1874 1264 ἄν
1890 1243 1942 1270 τις
1957 1228 2083 1279 τολμᾷ,
2100 1227 2217 1279 φησὶν,
2234 1230 2268 1266 ἐν
2284 1230 2392 1280 ἀφρο-

1372 1285 1455 1339 σύνῃ
1471 1286 1575 1338 λέγω,
1594 1289 1714 1339 τολμῶ
1735 1287 1834 1339 κάγώ
1847 1303 1855 1311 ·
1873 1287 1967 1326 τοῦτ’
1987 1287 2079 1326 ἔστιν
2092 1318 2102 1336 ,
2121 1288 2240 1334 ἐπειδὴ
2259 1288 2393 1336 πολλὴν

1372 1349 1441 1399 ὁρῶ
1456 1348 1520 1395 τὴν
1535 1348 1703 1399 ἀνάγκην,
1719 1351 1896 1400 τολμῆσαι
1918 1347 2101 1400 βούλομαι,
2123 1349 2181 1386 καὶ
2200 1350 2394 1403 ἀφροσύνης

1371 1408 1470 1462 ἔργον
1484 1409 1733 1454 ἐπιδείξασθαι.
1762 1409 1922 1462 εΕθῗραῖοί
1942 1412 2020 1456 εἶσι,
2037 1410 2135 1462 κάγώ
2149 1425 2157 1433 ·
2174 1412 2394 1464 Ἰσραηλῖταί

1373 1472 1454 1518 εἶσι,
1474 1469 1593 1522 κάγώ·
1616 1471 1757 1525 σπέρμα
1774 1471 1935 1524 Ἆὸραάμ
1962 1473 2029 1509 εἶσι
2042 1500 2052 1518 ,
2073 1471 2184 1522 κάγώ.
2216 1472 2300 1510 Ἐπὶ
2315 1472 2393 1511 τού-

1372 1548 1465 1581 τοις,
1483 1531 1590 1584 φησὶ,
1611 1537 1625 1552 ⁶
1640 1531 1730 1585 μέγα
1749 1537 1929 1585 φρονοῦσι·
1954 1532 2003 1582 μὴ
2024 1531 2258 1582 νομιζέτωσαν
2277 1533 2394 1572 λείπε-

1372 1596 1452 1630 σθαι
1473 1596 1587 1643 ἡμᾶς·
1608 1592 1667 1632 καὶ
1688 1593 1755 1646 γὰρ
1772 1593 1831 1631 καὶ
1848 1597 1948 1644 ἡμεῖς
1965 1596 2032 1631 τῶν
2055 1594 2167 1631 αὐτῶν
2187 1594 2394 1647 μετέχομεν.

1373 1649 1463 1693 Εἶτα
1490 1654 1646 1707 ἐπήγαγε
1661 1684 1670 1701 ,
1703 1654 1866 1694 Διάκονοι
1885 1656 2036 1707 Χριστοῦ
2052 1657 2139 1703 εἰσι,
2163 1658 2394 1709 παραφρονῶν

1372 1717 1483 1765 λαλῶ,
1506 1715 1592 1770 ὑπὲρ
1609 1715 1690 1768 ἐγώ.

1426 1838 1503 1877 Θέα
1523 1854 1585 1890 μοι
1611 1841 1756 1877 ἐνταῦθα
1770 1869 1779 1886 ,
1801 1837 1984 1890 ἀγαπητὲ,
2004 1841 2064 1877 τοῦ
2085 1839 2256 1891 μακαρίου
2275 1839 2396 1878 τούτου

1373 1902 1436 1946 τῆς
1453 1901 1568 1952 ψυχῆς
1590 1899 1652 1946 τὴν
1683 1899 1821 1952 ἀρετήν.
1852 1899 2000 1947 Ἐπειδὴ
2021 1899 2088 1951 γὰρ
2109 1900 2169 1938 καὶ
2187 1900 2319 1951 τόλμαν
2339 1901 2398 1938 καὶ

1375 1960 1571 2014 ἀφροσύνην
1586 1961 1731 1999 ἐκάλεσε
1749 1960 1788 1998 τὸ
1803 1960 2032 2011 γεγενημένον
2053 1962 2111 1998 ὑπ’
2135 1962 2238 1998 αὐτοῦ
2254 1990 2263 2008 ,
2283 1960 2398 1999 καίτοι

1376 2023 1424 2065 εἷς
1443 2021 1616 2067 τοσαύτην
1639 2020 1794 2072 ἀνάγκην
1815 2020 2004 2067 καταστὰς,
2023 2020 2098 2059 οὐδὲ
2114 2020 2222 2064 οὕτως
2242 2022 2396 2072 ἠρκέσθη

1373 2087 1446 2124 τοῖς
1473 2082 1666 2135 εἰρημένοις
1681 2097 1689 2105 ·
1730 2081 1809 2119 ἀλλ’
1839 2081 1897 2118 ὅτε
1918 2081 2060 2131 ἔμελλεν
2080 2081 2202 2118 ἑαυτὸν
2224 2081 2398 2120 δεικνύναι

1373 2142 1493 2193 πολλῷ
1509 2145 1559 2194 τῷ
1576 2141 1692 2193 μέτρῳ
1707 2140 1855 2184 ἐκείνους
1871 2141 2195 2193 ὑπερακοντίζοντα,
2210 2141 2266 2180 ἵνα
2282 2142 2330 2192 μή
2347 2158 2399 2185 τις

1374 2200 1499 2253 νομίσῃ
1521 2202 1589 2240 ἀπὸ
1611 2200 1794 2254 φιλαυτίας
1813 2201 1914 2239 αὐτὸν
1928 2206 2037 2240 ταῦτα
2054 2201 2275 2254 φθέγγεσθαι,
2291 2202 2397 2240 πάλιν

1373 2261 1592 2314 ῧάφροσύνην
1612 2263 1713 2300 καλεῖ
1728 2262 1766 2299 τὸ
1781 2261 1866 2314 παρ’
1884 2264 1986 2300 αὐτοῦ
2001 2262 2199 2314 λεγόμενον,
2215 2263 2398 2315 μονονουχὶ

1373 2323 1483 2374 λέγων
1501 2339 1509 2347 ·
1531 2323 1580 2374 μὴ
1599 2324 1666 2376 γὰρ
1685 2325 1746 2361 οὐκ
1763 2317 1853 2368 οἶδα,
1874 2322 1928 2361 ὅτι
1947 2330 2095 2374 πρᾶγμα
2115 2326 2204 2361 ποιῶ
2222 2329 2292 2367 τοῖς
2305 2325 2396 2362 πολ-

1373 2384 1446 2426 λοῖς
1473 2382 1774 2436 προσιστάμενον,
1804 2382 1864 2419 καὶ
1896 2382 1958 2420 οὐκ
1987 2381 2065 2432 ἐμοὶ
2093 2381 2247 2434 πρέπον;
2280 2381 2358 2420 ἀλλ’
2375 2386 2397 2429 ἡ

1374 2444 1490 2491 πολλή
1520 2459 1563 2494 με
1595 2443 1728 2494 ἀνάγκη
1749 2445 1796 2485 εἷς
1815 2446 1916 2480 τοῦτο
1932 2441 2164 2488 συνωθήσασα
2188 2441 2398 2486 ἐκὸιάζεται·

1376 2506 1428 2544 διὸ
1447 2504 1621 2557 σύγγνωτε
1642 2520 1712 2555 μοι,
1734 2503 1831 2556 φησὶ,
1853 2503 2121 2556 παραφροσύνης
2138 2503 2280 2555 ῥήματα
2296 2507 2397 2555 φθεγ-

1376 2566 1522 2619 γομένῳ.
1556 2565 1689 2605 Τούτου
1705 2565 1769 2604 κᾶν
1791 2565 1853 2612 τὴν
1873 2565 1973 2604 σκιὰν
1995 2565 2231 2616 μιμησώμεθα
2246 2569 2348 2616 ἡμεῖς
2367 2568 2398 2603 οἱ

1375 2632 1528 2667 τοσαῦτα
1554 2627 1680 2681 φορτία
1717 2627 1982 2680 ἁμαρτημάτων
2017 2627 2153 2678 ἔχοντες
2182 2627 2398 2678 ἐπικείμενα,

1376 2690 1436 2729 καὶ
1467 2690 1635 2732 πολλάκις
1665 2688 1699 2727 ἕν
1725 2705 1760 2727 τι
1789 2687 1901 2742 βραχὺ
1932 2691 2202 2740 κατορθοῦντες,
2231 2687 2291 2726 καὶ
2321 2687 2397 2726 οὐδὲ

1376 2756 1476 2789 τοῦτο
1492 2753 1539 2794 εἷς
1557 2750 1598 2788 τὰ
1617 2756 1760 2801 ταμιεῖα
1776 2752 1839 2795 τ’ῆς
1860 2748 2008 2792 διανοίας
2028 2748 2213 2800 φυλάττειν
2231 2748 2399 2800 ἀνεχόμε-

1376 2827 1429 2850 νοι
1446 2842 1454 2859 ,
1477 2811 1566 2849 ἀλλὰ
1593 2811 1649 2850 διὰ
1677 2811 1717 2849 τὸ
1735 2810 1798 2858 τὴν
1818 2809 1915 2862 παρὰ
1934 2812 2003 2847 τῶν
2020 2808 2209 2861 ἀνθρώπων
2230 2812 2400 2861 θηρᾶσθαι

1378 2872 1478 2916 δόξαν
1498 2871 1778 2922 ἐκπομπεύοντες
1793 2902 1802 2920 ,
1820 2871 1879 2909 καὶ
1899 2872 1947 2914 εἷς
1963 2870 2066 2920 μέσον
2085 2868 2324 2922 προτιθέντες,
2341 2869 2400 2908 καὶ

1379 2932 1436 2970 διὰ
1462 2936 1524 2979 τῆς
1545 2932 1690 2984 ἀκαίρου
1708 2931 1837 2978 ταύτης
1856 2930 2025 2983 φλυαρίας
2042 2933 2104 2976 τῆς
2122 2930 2217 2982 παρὰ
2232 2935 2292 2968 τοῦ
2307 2932 2399 2970 Θεοῦ

1380 2995 1530 3044 ἀμοιὸἢς
1559 2993 1700 3036 ἑαυτοὺς
1728 2994 2008 3044 ἀποστεροῦντες.
2050 2991 2143 3029 Ἀλλ’
2169 2993 2233 3043 οὐχ
2251 2995 2269 3029 ὃ
2287 2991 2400 3041 μακά-

1382 3071 1450 3107 ριος
1474 3050 1569 3098 οὗτος
1593 3053 1747 3093 τοιοῦτόν
1773 3070 1808 3091 τι
1824 3053 2004 3091 πέπονθεν.
2036 3051 2140 3090 Ἀλλὰ
2158 3051 2215 3099 τί,
2236 3051 2399 3089 Διάκονοι

1379 3114 1555 3168 ι’Χριστοῦ
1578 3118 1644 3155 εἰσι
1659 3145 1668 3162 ,
1690 3114 1800 3168 φησὶ,
1827 3115 2056 3166 παραφρονῶν
2078 3111 2188 3162 λέγω,
2213 3111 2299 3164 ὑπὲρ
2319 3112 2398 3163 ἐγώ·

1389 3231 1529 3255 annotat
1547 3221 1708 3255 Savilins:
1731 3234 1747 3251 ι(
1760 3222 1815 3254 Sic
1833 3219 1910 3252 alibi
1929 3220 1990 3252 boc
2007 3219 2106 3252 verbo
2126 3221 2230 3251 utitur
2247 3219 2397 3264 Chryso-

1390 3283 1516 3307 stomus
1531 3287 1590 3317 pro
1604 3274 1793 3318 ‹metult-113·
1808 3285 1882 3306 nam
1898 3278 2112 3317 προϊστάμενον
2127 3271 2320 3304 mendosum
2336 3280 2394 3307 on,

1392 3327 1467 3360 lit-et
1484 3340 1554 3359 eant
1574 3327 1748 3359 lectionem
1768 3326 1875 3368 pluresv
1894 3325 2067 3368 prsrferaut
2085 3324 2259 3360 Codices.»

1435 3381 1447 3402 ¹*
1468 3379 1578 3412 §lon-l.
1600 3383 1641 3413 δὲ

1618 3395 1721 3413 :mss
1742 3386 1795 3421 γ-ΣῘ,
1819 3384 1880 3411 5³:¹-
