2516 3791
625 238 688 274 aa
729 245 830 274 unu
872 244 966 273 xnx

89 330 268 374 Χαλδαίοις
294 327 529 368 ἐπανελθόντι.
551 326 727 374 1’Ἐπειδὴ
753 327 822 379 γὰρ
841 326 951 378 πέραν
968 330 1027 364 τοῦ
1045 326 1112 363 Εὗ-

88 393 216 447 φράτου
238 391 302 438 τὴν
333 390 535 437 κατοίκησιν
561 383 633 442 εἶχε
646 420 655 436 ,
684 388 740 426 διὰ
760 394 859 428 τοῦτο
880 389 939 426 καὶ
959 386 1114 439 περάτης

87 455 235 506 ἐλέγετο.
255 452 326 492 Καὶ
345 451 475 490 ἄνωθεν
495 451 554 489 καὶ
575 450 608 495 ἐξ
626 452 738 503 ἀρχῆς
757 453 788 489 οἱ
807 456 917 501 γονεῖς
939 450 979 488 τὸ
1005 449 1114 499 ὄνομα

89 517 181 568 αὐτῷ
201 514 380 561 ἐπέθεσαν,
394 512 652 565 προμηνύοντες
668 514 762 564 αὐτῷ
778 511 841 559 τὴν
858 513 987 549 ἐκεῖθεν
1009 511 1113 548 αὐτοῦ

90 575 363 628 μετανάστασιν.
377 573 526 620 Ἐπειδὴ
541 573 610 626 γὰρ
628 579 739 625 περᾷν
758 571 882 624 ἔμελλε
897 572 955 611 τὸν
976 569 1116 623 Εὐφρά-

91 654 164 684 την,
190 637 249 675 καὶΙ
275 636 333 674 ἐπὶ
354 635 417 682 τὴν
438 635 680 682 Παλαιστίνην
710 634 893 687 ἔρχεσθαι,
924 632 979 670 διὰ
1013 635 1116 669 τοῦτο

92 697 152 736 καὶ
168 697 309 750 ’Δὸραμ
324 698 497 734 ἐκαλεῖτο.

144 759 277 798 Σκόπει
292 761 367 802 πῶς
377 758 437 795 καὶ
457 757 600 796 ἄπιστοι
620 757 716 800 ὄντες
730 758 761 794 οἱ
777 761 888 807 γονεῖς
900 757 962 793 οὐκ
976 754 1114 800 εἰδότες,

90 821 167 858 ἀλλ’
189 820 257 858 ὑπὸ
275 821 338 864 τῆς
355 821 414 856 τοῦ
446 816 646 868 εὐμηχάνου
665 818 758 855 Θεοῦ
781 815 902 868 σοφίας
926 814 1115 866 ὁδηγούμε-

89 895 157 926 νοι,
176 879 216 918 τὸ
235 880 343 929 ὄνομα
365 877 532 916 ἐπέθεσαν
552 879 602 928 τῷ
617 877 737 924 παιδὶ,
757 876 915 929 καθάπερ
931 876 990 914 καὶ
1006 879 1023 914 6
1043 874 1116 913 Λά-

89 957 159 992 μεχ
175 942 224 992 τῷ
246 941 339 978 Νῶε.
361 940 430 978 Καὶ
444 942 545 977 τοῦτο
559 938 627 992 γὰρ
646 941 709 984 τῆς
725 941 784 976 τοῦ
805 940 898 977 Θεοῦ
922 938 1114 990 φιλανθρω-

89 1002 192 1050 πίας,
218 1002 259 1040 τὸ
279 1001 339 1038 καὶ
361 1000 419 1038 διὰ
449 998 607 1038 ἀπίστων
634 999 805 1043 πολλάκις
834 998 1045 1052 προμηνύειν
1071 998 1116 1037 τὰ

90 1063 177 1114 μετὰ
199 1062 307 1101 πολὺν
328 1062 476 1112 ἐσόμενα
506 1061 643 1114 χρόνον.
659 1061 886 1113 Ἀπῆγγειλεν
915 1055 971 1100 οῧν
994 1060 1116 1108 ἐλθὼν,

91 1124 175 1177 φησὶ
190 1155 199 1171 ,
218 1124 270 1167 τὶς
289 1126 338 1175 τῷ
360 1124 495 1176 περάτῃ
515 1123 560 1161 τὰ
575 1123 741 1175 γεγονότα
754 1153 763 1169 ,
777 1127 836 1161 τοῦ
852 1123 1034 1175 ἀδελφιδοῦ
1053 1122 1115 1170 τὴν

92 1185 350 1237 αἰχμαλωσίαν,
373 1184 432 1223 καὶ
453 1186 522 1221 τῶν
542 1183 716 1235 βασιλέων
737 1184 876 1222 ἐκείνων
891 1184 954 1231 τὴν
981 1183 1115 1231 πολλὴν

91 1246 309 1294 δυναστείαν,
328 1246 388 1285 καὶ
409 1246 472 1294 τὴν
499 1249 533 1285 ἐν
559 1245 731 1297 Σοδόμοις
760 1245 942 1298 πόρθησιν,
963 1246 1022 1284 καὶ
1051 1245 1115 1293 τὴν

93 1312 168 1359 μετ’
190 1308 355 1360 αἰσχύνης
374 1307 496 1359 φυγήν.
516 1307 626 1350 Αὐτὸς
642 1305 678 1344 δὲ
693 1307 845 1360 κατῴκει
863 1306 958 1358 παρὰ
974 1309 1018 1358 τῇ
1040 1305 1117 1359 δρυῒ

92 1373 134 1422 τῇ
173 1369 333 1421 Μαμέρῆ
362 1369 517 1420 Ὀμοροῧ
529 1399 538 1416 ,
574 1372 635 1406 τοῦ
675 1369 823 1420 ἀδελφοῦ
860 1367 1024 1419 Ἐσχὼλ,
1055 1368 1114 1406 καὶ

93 1433 220 1479 Αὖνᾶν,
241 1430 273 1468 οἳ
299 1424 389 1477 ἦσαν
424 1429 624 1480 συνωμόται
659 1431 708 1481 τῷ
742 1427 892 1480 Ἄδραμ.
919 1428 1013 1466 Ἀλλ’
1032 1428 1114 1473 ἴσως

90 1494 237 1530 ἐνταῦθα
264 1492 304 1529 ἄν
328 1507 380 1534 τις
404 1490 566 1537 ζητήσειε
582 1506 590 1514 ·
617 1489 708 1534 τίνος
731 1488 846 1528 ἕνεκεν
866 1489 966 1540 μόνος
991 1492 1060 1528 τῶν
1078 1493 1112 1529 ἐν

91 1554 260 1605 Σοδόμοις
278 1552 499 1605 πεφευγότων
515 1556 533 1591 6
553 1551 684 1595 δίκαιος
702 1550 787 1590 Λὼτ
806 1554 855 1595 εἷς
883 1551 945 1599 τὴν
973 1554 1110 1604 αἰχμα-

88 1614 220 1653 λωσίαν
240 1614 431 1666 ἀπάγεται;
453 1616 534 1666 Οὐχ
550 1614 670 1656 ἁπλῶς
692 1612 767 1652 οὐδὲ
783 1618 903 1661 τοῦτο,
919 1613 997 1652 οὐδὲ
1015 1616 1112 1666 εἰκῇ,

89 1677 167 1715 ἀλλ’
189 1676 246 1715 ἵνα
263 1676 356 1728 μάθῃ
374 1675 420 1714 δι’
436 1677 548 1714 αὐτῶν
566 1676 635 1712 τῶν
656 1674 876 1726 πραγμάτιον
901 1676 918 1712 6
943 1673 1027 1713 Λὼτ
1052 1675 1112 1713 καὶ

88 1741 148 1776 τοῦ
166 1737 387 1789 πατριάρχου
406 1736 469 1784 τὴν
490 1735 629 1787 ἀρετὴν,
648 1734 709 1772 καὶ
729 1736 773 1773 δι’
797 1736 901 1773 αὐτοῦ
926 1735 986 1774 καὶ
1001 1736 1112 1790 ἕτεροι

89 1799 303 1845 διασωθῶσι,
323 1799 383 1837 καὶ
399 1798 456 1836 ἵνα
473 1799 644 1849 παιδευθῇ
666 1796 714 1847 μὴ
732 1799 802 1835 τῶν
823 1796 1004 1849 πρωτείων
1021 1798 1112 1851 ἐφίε-

89 1862 192 1906 σθαι,
210 1858 300 1896 ἀλλὰ
316 1864 541 1912 παραχωρεῖν
557 1862 625 1896 τῶν
641 1858 819 1909 μειζόνων.
837 1856 1058 1908 Ἀκούσωμεν
1077 1857 1113 1897 δὲ

89 1919 209 1957 λοιπὸν
229 1923 296 1958 τῶν
329 1921 426 1967 ἑξῆς,
441 1919 499 1957 ἵνα
528 1920 694 1971 μάθωμεν
725 1918 784 1957 καὶ
817 1922 877 1957 τοῦ
897 1918 1030 1957 δικαίου
1049 1918 1112 1966 τὴν

89 1981 230 2034 ἀρετὴν,
257 1982 317 2020 καὶ
343 1986 403 2020 τοῦ
425 1984 517 2021 Θεοῦ
531 1981 592 2028 τὴν
611 1981 742 2034 ἄφατον
764 1979 984 2033 συμμαχίαν.
1008 1980 1113 2019 Ἀλλὰ

88 2043 279 2096 προσέχετε
301 2043 390 2095 μετὰ
407 2043 588 2096 ἀκριὸείας
615 2049 687 2086 τοῖς
711 2042 930 2095 λεγομένοις,
949 2043 1009 2081 καὶ
1030 2060 1113 2082 συν-

88 2104 223 2144 τείνατε
251 2109 350 2157 ὑμῶν
378 2106 441 2153 τὴν
475 2106 639 2144 διάνοιαν.
663 2105 786 2144 Πολλὰ
813 2105 879 2158 γάρ
915 2107 990 2144 ε’στι
1022 2105 1114 2144 κατὰ

88 2167 211 2205 ταύτὸν
233 2170 386 2206 ἐντεῦθεν
405 2168 588 2220 κερδᾶναι,
609 2166 668 2205 καὶ
689 2168 727 2204 ἐκ
749 2168 818 2204 τῶν
838 2168 888 2218 τῷ
922 2166 1004 2204 Λὼτ
1022 2182 1113 2218 συμ-

88 2228 224 2266 δάντων
273 2231 401 2268 ἐκεῖθεν
438 2229 666 2275 παιδευθῆναι
704 2227 880 2278 μηδέποτε
919 2222 1111 2280 διαπορεῖν,

87 2290 203 2329 εἴποτε
223 2291 351 2330 δίκαιοι
373 2290 434 2343 μὲν
452 2295 661 2343 πειρασμοῖς
679 2289 914 2342 περιπέσοιεν,
931 2291 1054 2342 φαῦλοι
1076 2289 1112 2328 δὲ

87 2352 146 2390 καὶ
165 2352 309 2405 πονηροὶ
328 2352 539 2404 διαφύγοιεν,
556 2351 646 2402 μήτε
677 2353 716 2390 ἐκ
749 2351 879 2395 παντὸς
911 2350 1039 2403 τρόπου
1068 2351 1112 2390 τὰ

86 2420 241 2464 πρωτεῖα
261 2416 448 2461 ἐπιζητεῖν,
473 2413 561 2464 μήτε
579 2416 642 2459 τῆς
665 2412 754 2464 μετὰ
775 2415 844 2451 τῶν
864 2412 1007 2450 δικαίων
1025 2429 1111 2451 συν-

86 2474 205 2518 ουσίας
225 2473 340 2527 ἔτερόν
368 2491 402 2512 τι
432 2473 683 2526 προτιμότερον
716 2476 898 2526 ἡγεῖσθαι,
924 2473 1015 2513 ἀλλὰ
1046 2474 1111 2513 κᾶν

87 2535 258 2573 δουλεύειν
279 2535 370 2583 δέοι,
389 2542 538 2574 συνεῖναι
570 2534 606 2573 δὲ
627 2534 800 2588 ἓναρέτοις
815 2534 983 2588 ἀνδράσι,
1000 2540 1060 2575 τοῦ
1077 2537 1111 2574 ἓν

87 2597 262 2649 ἐλευθερίᾳ
289 2591 376 2635 εἶναι
410 2600 510 2636 τοῦτο
537 2596 820 2650 λυσιτελέστερον
841 2590 928 2635 εἶναι
947 2596 1112 2648 νομίζειν.

87 2657 156 2695 Καὶ
177 2657 265 2708 μετὰ
282 2657 412 2696 τούτων
433 2657 469 2696 δὲ
498 2658 556 2696 καὶ
587 2663 647 2697 τοῦ
676 2657 896 2710 πατριάρχου
916 2662 1038 2708 μαθεῖν
1059 2661 1112 2697 ἐν-

85 2718 203 2757 τεῦθέν
221 2721 295 2757 ἐστι
315 2718 379 2766 τὴν
398 2718 533 2765 πολλὴν
550 2718 785 2765 ἀνεξικακίαν,
797 2721 859 2764 τῆς
871 2719 1114 2773 φιλοστοργίας

84 2777 147 2825 τὴν
167 2779 376 2831 ὑπερὸολὴν,
388 2782 451 2825 τῆς
467 2779 626 2831 ἀνδρείας
641 2780 681 2818 τὸ
698 2778 860 2830 μέγεθος,
880 2781 950 2817 τῶν
966 2781 1114 2832 χρημά-

84 2855 154 2877 των
173 2839 237 2886 τὴν
251 2840 456 2893 ὑπεροψίαν,
477 2843 539 2887 τῆς
553 2841 633 2892 περὶ
654 2840 755 2879 αὐτὸν
771 2845 832 2879 τοῦ
842 2842 934 2880 Θεοῦ
952 2841 1115 2892 βοηθείας

83 2899 146 2947 τὴν
167 2901 298 2952 ἄρα-,ον
326 2900 484 2951 δύναμιν.
499 2900 666 2944 Ἀκούσας
683 2900 739 2949 δὲ,
760 2901 876 2954 φησὶν,
899 2900 1041 2955 'impetu
1059 2901 1114 2941 ὅτι

84 2960 359 3012 ᾐχμαλώτευται
382 2960 464 2999 Λὼτ
480 2962 683 3014 ἀδελφιδοῦς
704 2964 825 3010 αὐτοῦ,
842 2962 1017 3015 ἠρίθμησε
1036 2962 1115 3005 τοὺς

84 3020 187 3065 ἰδίους
204 3023 387 3072 οἰκογενεῖς
405 3022 624 3075 τριακοσίους
652 3022 737 3060 δέκα
754 3023 812 3061 καὶ
837 3021 949 3070 ὀκτὼ,
971 3023 1033 3061 καὶ
1050 3040 1113 3062 κα·

82 3081 241 3126 τεδίωξεν
267 3082 380 3121 ὀπίσω
401 3085 514 3121 αὐτῶν
548 3083 613 3126 ἕως
648 3083 734 3131 Δὰν,
765 3083 825 3122 καὶ
859 3084 1031 3122 ἐπέπεσεν
1055 3085 1111 3122 ἐπ’

85 3142 206 3186 αὐτοὺς
234 3142 298 3190 τὴν
320 3143 426 3182 νύκτα
458 3143 576 3190 αὐτὸς,
608 3144 668 3182 καὶ
696 3147 727 3182 οἱ
757 3145 880 3188 παῖδες
907 3147 1030 3192 αὐτοῦ,
1054 3143 1113 3182 καὶ

129 3249 144 3272 ¹*
168 3246 277 3287 ἐπειδὴ
302 3254 361 3293 γὰρ
388 3252 482 3294 πέραν
505 3256 555 3283 τοῦ
579 3254 735 3294 Εὐφράτου
760 3256 825 3281 etc.
840 3249 913 3281 Vox
929 3248 1092 3281 llebraica

85 3309 132 3332 est
150 3305 249 3345 §⁸1:31
269 3313 275 3330 ε
295 3312 394 3344 quam
413 3300 466 3333 atii
485 3308 630 3347 περάτην,
643 3302 850 3332 transitorem
868 3300 916 3333 vel
935 3303 1095 3344 transflu-

88 3356 224 3390 vialem,
242 3356 514 3396 interpretantur,
531 3360 615 3399 “1337
634 3356 720 3386 enim
739 3362 831 3386 trans
845 3354 1022 3397 significat.
1035 3353 1096 3386 Alii

88 3411 261 3442 Hebraeum
278 3409 329 3441 liic
351 3421 381 3451 ³1
396 3408 518 3452 pellant
539 3409 777 3449 Abraluunum,
798 3417 829 3440 vt
848 3417 966 3451 piuant
980 3420 1100 3441 numen

90 3462 216 3494 ‹lesuini
234 3461 275 3493 ab
295 3460 412 3500 lle-ber,
428 3469 519 3503 patra:
540 3460 727 3501 1¹tmt--c,‹·.x
747 3472 812 3503 quo
828 3462 984 3501 origine-m
1004 3459 1104 3491 ‹lucc-

1005 241 1165 271 minus.

1206 241 1361 272 nomn„
1403 242 1546 273 xxxv.
2048 235 2133 289 4¹¹

1186 325 1278 362 Nam
1288 325 1371 376 quia
1382 334 1478 364 trans
1486 325 1707 379 Euphratem
1717 326 1943 365 domicilium
1954 327 2141 376 habuerat,

1184 385 1302 424 dictus
1322 396 1370 424 est
1388 387 1658 436 transfluvialis,
1687 388 1744 427 vel
1773 388 1952 428 transitor.
1977 389 2021 427 Et
2038 400 2139 429 antea

1186 448 1293 486 ctiam
1307 449 1353 486 ab
1367 448 1469 487 initio
1482 458 1644 502 parentes
1658 450 1688 488 ei
1705 449 1771 488 hoc
1782 464 1908 488 nomen
1924 451 2139 502 indiderant,

1182 509 1258 560 jam
1280 519 1380 548 antea
1409 511 1649 561 significantes
1668 526 1750 550 cum
1778 512 1860 550 inde
1884 512 2136 564 migraturum.

1140 577 1164 607 E
1188 571 1347 608 Vocatus
1366 571 1461 608 enim
1482 581 1533 609 est
1551 572 1698 619 Abram,
1716 573 1800 623 quia
1827 573 2048 625 migraturus
2067 583 2142 612 erat

1188 638 1282 666 trans
1296 630 1533 682 Euphratem,
1553 640 1585 669 et
1601 632 1637 670 in
1654 633 1880 671 Palaestinam
1901 643 2085 673 venturus.

1240 752 1276 789 4.
1305 751 1456 789 attende
1483 752 1664 802 quomodo
1697 762 1729 791 et
1759 765 1922 806 parentes
1956 758 2030 809 ejus
2060 758 2141 796 licet

1187 811 1348 849 infideles
1381 821 1508 862 essent,
1539 812 1647 850 ductu
1678 815 1930 865 potentissimae
1959 818 2140 869 sapienti-'e

1187 872 1254 909 Dei
1272 887 1397 910 nomen
1416 888 1526 926 puero
1547 873 1809 926 imposuerunt,
1825 875 1914 913 sicut
1934 886 1966 914 et
1987 878 2140 917 Lamech

1187 947 1251 972 suo
1270 936 1357 973 Noe.
1381 934 1446 972 Est
1464 935 1559 972 enim
1585 944 1619 973 et
1638 936 1704 974 hoc
1730 936 1863 976 divinae
1889 937 2141 989 benignitatis,

1129 1029 1176 1054 ³55
1187 1004 1266 1046 post
1282 995 1436 1033 multum
1455 1004 1596 1048 tempus
1615 1006 1783 1035 eventura
1797 1012 1861 1049 per
1876 997 2037 1037 infideles
2054 1015 2142 1052 prce-

1142 1067 1167 1096 Α
1188 1056 1569 1097 nuntiare.Adveniens
1587 1059 1705 1108 itaque
1720 1058 1882 1110 quidam,
1903 1059 2033 1111 inquit,
2052 1076 2143 1100 nun-

1187 1117 1291 1156 tiavit
1306 1119 1487 1157 transitori
1504 1134 1582 1171 quae
1598 1119 1814 1169 acciderant,
1827 1121 2070 1173 captivitatem
2087 1123 2142 1160 vi-

1185 1177 1313 1217 delicet
1329 1180 1396 1217 filii
1415 1180 1554 1231 fratris,
1581 1190 1615 1219 et
1642 1195 1767 1233 regum
1797 1181 1943 1219 illorum
1975 1197 2142 1235 magnam

1185 1240 1396 1292 potentiam,
1414 1241 1724 1293 Sodomorumque
1737 1242 2019 1294 populationem,
2034 1254 2067 1282 et
2082 1246 2144 1283 soe-

1184 1300 1271 1338 dam
1283 1302 1417 1353 sugam.
1427 1305 1514 1354 Ipse
1525 1313 1667 1353 autem,
1677 1303 1805 1354 inquit,
1815 1305 2144 1358 habitabatju.z·ta

1187 1376 1369 1414 quercum
1396 1365 1577 1402 ,Mambre
1597 1365 1900 1416 Omori‚srat1·i5
1926 1367 2088 1414 Esclzol,
2107 1377 2143 1405 et

1185 1423 1353 1471 Aunan,
1387 1427 1455 1476 qui
1484 1434 1595 1463 erant
1626 1426 1883 1479 consoederati
1903 1427 2038 1465 Ahroe.
2062 1430 2143 1467 Jam

1184 1485 1276 1522 forte
1306 1485 1366 1523 hic
1397 1486 1529 1537 aliquis
1555 1486 1828 1538 interrogaverit
1848 1487 1994 1533 :Quare
2021 1502 2143 1527 corum

1185 1545 1247 1597 qui
1264 1545 1299 1584 in
1317 1546 1484 1586 Sodomis
1498 1556 1612 1597 erant,
1629 1547 1724 1585 solus
1749 1548 1870 1599 justus
1892 1548 1960 1586 Lot
1976 1549 2011 1586 in
2027 1549 2145 1602 capti-

1185 1607 1335 1645 vitatem
1353 1607 1578 1646 abducitur?
1598 1609 1677 1646 Non
1697 1608 1772 1646 sine
1800 1623 1904 1647 causa
1932 1609 2013 1658 hoc,
2031 1624 2146 1661 neque

1185 1669 1319 1707 frustra
1336 1685 1344 1706 :
1361 1669 1423 1708 sed
1438 1679 1477 1707 ut
1491 1669 1605 1707 diseat
1623 1669 1681 1707 his
1697 1669 1884 1708 eventibus
1904 1670 1971 1708 Lot
1989 1672 2145 1723 patriar-

1187 1729 1262 1768 chae
1281 1730 1466 1780 virtutem,
1484 1739 1518 1768 et
1539 1739 1578 1768 ut
1593 1739 1739 1783 propter
1759 1730 1879 1782 ipsum
1906 1741 2092 1770 serventur
2111 1742 2145 1771 et

1186 1790 1262 1839 alii,
1277 1799 1387 1841 utque
1396 1790 1566 1829 doceatur
1582 1791 1777 1843 primatum
1794 1804 1862 1829 non
1885 1801 2064 1843 appetere,
2081 1793 2144 1832 scd

1188 1851 1384 1904 majoribus
1407 1851 1542 1889 cedere.
1563 1850 1762 1889 Audiamus
1782 1860 1900 1889 autem
1922 1851 2088 1906 deinceps
2103 1868 2144 1892 ea

1186 1926 1264 1964 quae
1286 1922 1495 1964 sequuntur,
1515 1921 1556 1950 ut
1583 1911 1764 1950 discamus
1789 1921 1823 1950 et
1839 1913 1927 1964 justi
1953 1913 2140 1963 virtutem,

1187 1983 1220 2012 et
1235 1974 1448 2012 immensum
1470 1973 1537 2011 Dei
1563 1973 1923 2012 s11bsidiu1n.Ve1·um
1951 1974 2143 2027 diligenter

1186 2035 1292 2075 dictis
1320 2035 1533 2082 auscultate,
1560 2044 1785 2086 mentemque
1813 2036 2021 2088 recolligite.
2038 2038 2141 2075 Mul—

1186 2106 1263 2135 tum
1282 2097 1376 2135 enim
1402 2096 1495 2134 lucri
1521 2095 1637 2134 facere
1659 2095 1719 2134 hic
1742 2096 1954 2148 poterimus,
1974 2107 2007 2135 et
2029 2112 2073 2135 ex
2100 2098 2144 2136 iis

1186 2172 1264 2209 quae
1283 2159 1352 2196 Lot
1367 2166 1561 2197 evenerunt
1580 2156 1727 2205 discere,
1758 2170 1955 2208 numquam
1983 2171 2076 2209 aegre
2092 2159 2145 2197 fc-

1185 2218 1351 2267 rendum,
1367 2219 1397 2257 si
1411 2217 1555 2269 quando
1567 2218 1656 2270 justi
1683 2217 1845 2256 incidant
1867 2218 1901 2256 in
1917 2219 2140 2270 tentationes,

1185 2280 1341 2333 improbi
1356 2293 1440 2319 vero
1457 2288 1490 2318 et
1509 2279 1594 2317 mali
1615 2278 1767 2317 evadant
1786 2295 1794 2315 τ
1814 2293 1929 2330 neque
1942 2280 2018 2318 ullo
2034 2281 2143 2320 modo

1184 2341 1300 2394 prima
1316 2341 1508 2392 quaerenda
1523 2354 1608 2388 esse,
1622 2354 1735 2391 neque
1747 2340 1886 2391 aliquid
1898 2341 2078 2393 justorum
2093 2342 2141 2380 sa—

1185 2401 1386 2440 miliaritati
1414 2411 1448 2440 et
1477 2401 1657 2440 convictui
1686 2400 1943 2453 praeferendum
1953 2417 1964 2451 3
1991 2402 2050 2440 sed
2078 2403 2143 2441 etsi

1186 2464 1417 2503 serviendum
1432 2463 1478 2502 sit
1490 2462 1688 2500 habitando
1702 2476 1784 2499 cum
1800 2462 1888 2500 viris
1904 2462 2036 2500 virtute
2051 2477 2143 2516 prae·

1185 2526 1294 2576 ditis,
1311 2525 1350 2563 id
1376 2525 1452 2578 ipsa
1478 2524 1643 2563 libertate
1672 2523 1798 2561 utilius
1826 2538 1910 2562 esse.
1932 2524 1977 2561 Et
1998 2524 2143 2577 insuper

1186 2588 1366 2627 discamus
1380 2586 1592 2639 patriarchae
1613 2585 1788 2637 insignem
1804 2584 2042 2632 tolerantiam,
2060 2599 2142 2637 pro-

1186 2663 1336 2702 pensum
1352 2648 1387 2685 in
1410 2648 1477 2685 Lot
1498 2660 1653 2684 amorem
1673 2654 1706 2683 et
1721 2645 2017 2693 benevolentiam,
2036 2646 2141 2683 forti-

1183 2710 1319 2748 tudinis
1334 2707 1632 2761 magnitudinem,
1647 2720 1757 2758 opum
1773 2715 2003 2755 contemtum,
2018 2706 2142 2745 ineffa-

1183 2772 1293 2810 bilem
1308 2770 1424 2808 divini
1447 2783 1527 2820 erga
1546 2767 1649 2805 illum
1676 2766 1846 2818 adjutorii
1875 2766 2059 2806 virtutem.
2078 2768 2140 2806 14.

1190 2835 1240 2872 Ut
1253 2841 1383 2870 autem
1397 2827 1704 2879 audivit‚inq11it,
1720 2827 1875 2865 Abram
1890 2828 1996 2879 quod
2007 2837 2142 2880 captus

1184 2903 1280 2934 esset
1294 2895 1373 2945 Lot·
1376 2893 1516 2944 fratris
1530 2889 1723 2942 suifilius,
1739 2890 1954 2926 numeravit
1966 2891 2142 2940 proprios

1183 2955 1417 2995 vernaculos
1433 2966 1522 2992 suos
1543 2959 1730 2989 trecentos
1750 2951 1880 2987 decem
1907 2958 1945 2987 et
1973 2958 2072 2995 0080,
2106 2958 2140 2987 et

1180 3025 1434 3070 persequutus·
1449 3023 1504 3052 est
1519 3013 1609 3050 illos
1625 3025 1746 3063 usque
1764 3011 1872 3059 Dan,
1890 3012 1951 3050 15.
1970 3019 2006 3048 et
2029 3013 2142 3048 irruit

1183 3093 1297 3131 super
1316 3091 1379 3116 eos
1396 3083 1506 3114 nocte
1521 3077 1602 3125 ipse
1621 3081 1657 3110 et
1669 3074 1780 3124 pueri
1793 3073 1888 3124 ejus,
1899 3080 1936 3109 et
1952 3075 2140 3124 percussit

1137 3153 1160 3182 D
1183 3155 1260 3187 eos,
1275 3149 1311 3178 et
1323 3144 1577 3192 persequutus
1591 3142 1647 3172 est
1662 3147 1724 3172 eos
1741 3147 1861 3186 usque
1875 3134 2040 3180 chobal,
2057 3147 2141 3185 qua>

1129 3248 1188 3279 bat.
1221 3243 1400 3278 Abraham.
1427 3243 1523 3274 Circa
1552 3240 1768 3274 Ilcbrzeorum
1796 3238 2053 3281 appellationem
2084 3251 2142 3281 par

1129 3300 1366 3332 sententiarum
1393 3293 1571 3327 discrimen
1595 3293 1792 3326 observatur
1817 3308 1822 3325 :
1850 3289 1922 3323 aliis
1949 3289 1991 3322 ab
2019 3291 2141 3330 ΙΙι-Ιιιϊ,

1133 3350 1329 3394 et·‹1tzs,quia
1346 3344 1587 3380 transfluviales
1601 3345 1726 3389 origine
1743 3342 1936 3384 erant,aliis
1952 3341 1994 3374 ab
2011 3342 2143 3375 llclwro

1138 3402 1316 3435 Alvraluuni
1334 3409 1432 3432 atam
1450 3410 1569 3430 nomen
1588 3395 1826 3429 ‹terit-«imitans.
