2516 3791
637 202 679 232 ΙΝ
716 202 817 233 CAP.
858 202 921 232 vt.

74 290 141 335 νὸν,
161 288 219 328 καὶ
240 288 344 336 ξένον,
376 290 434 327 καὶ
462 287 537 326 οὐδὲ
567 290 777 339 συγγνώμην
803 288 893 339 ἔχον,
915 286 968 326 ὅτι
987 287 1022 324 ἐν
1041 285 1091 324 ἑνὶ

73 352 168 403 τόπῳ
188 350 288 393 αὐτὸς
307 349 519 400 καθήμενος,
539 348 597 387 καὶ
616 349 783 392 πολλάκις
798 348 872 387 οὐδὲ
893 348 999 386 θέλων
1019 347 1091 386 ἑτέ·

73 415 153 464 ρωθι
172 411 334 458 διαὸἧναι
355 411 562 461 δυνάμενος,
582 410 604 457 ἢ
626 411 669 448 δι’
688 410 808 462 ἑτέραν
825 409 903 447 τινὰ
922 409 1090 462 πραγμά-

71 488 138 510 των
163 472 379 524 περίστασιν,
402 472 424 519 ἢ
446 472 505 509 καὶ
526 472 592 510 ὑπὸ
610 474 672 518 τῆς
693 476 752 510 τοῦ
780 471 941 521 σώματος
970 472 1090 522 ἀῤῥω-

70 532 168 576 στίας
201 535 459 584 πεπεδημένος,
490 537 670 586 πανταχοῦ
700 533 758 572 καὶ
789 535 823 571 ἐν
852 532 1003 577 πάσαις,
1043 532 1090 575 ὡς

961 201 1123 232 GENES.

1163 199 1320 230 noant..
1360 201 1473 230 xxii.
2026 189 2115 251 239

1163 282 1349 334 minusque
1369 283 1471 323 venia
1483 283 1650 336 dignum,
1667 283 1763 335 quod
1780 297 1872 321 unus
1893 297 1964 321 uno
1973 284 2115 322 eodem-

1162 359 1231 395 que
1248 344 1501 383 locohabitans
1519 354 1552 383 et
1569 345 1710 395 sedens,
1740 358 1832 397 saepe
1849 344 1920 382 alio
1948 344 2113 395 transire,

1162 419 1274 456 neque
1292 406 1322 444 si
1337 406 1444 446 vellet
1459 436 1469 455 ,
1487 406 1626 457 valens,
1647 406 1704 444 vel
1721 405 1768 444 ob
1783 405 1903 444 varias
1913 404 2116 456 occupatio-

1162 481 1236 516 nes,
1257 467 1313 506 vel
1335 467 1494 520 corporis
1514 467 1720 506 valetudine
1754 466 1950 518 alligatus;
1986 464 2118 515 ubique

1115 535 1138 564 t:
1160 537 1276 566 tamen
1294 538 1327 566 et
1342 529 1377 567 in
1397 529 1563 567 omuibus
1582 529 1691 567 ferme
1710 529 1876 578 urbibus,
1898 527 2117 566 monimenta

1159 587 1318 625 avaritia:
1351 602 1423 625 sua:
1453 587 1646 640 possidere,
1671 596 1706 625 et
1734 586 1951 625 immortales
1972 585 2115 624 malitia:
2129 596 2235 624 Contra
2266 609 2319 627 cu-

1158 662 1230 685 suae
1251 648 1432 686 columnas
1457 658 1611 687 statuere
1638 649 1787 700 satagit:
1806 658 1840 687 et
1869 658 2010 701 peccata
2029 647 2114 700 qui-
2131 640 2318 710 ffid'mffifg‘rij

1156 707 1250 755 deni,
1261 709 1446 761 exquibus
1458 709 1534 747 haec
1552 710 1671 747 omnia
1690 710 1834 748 collecta
1855 719 1950 757 sunt,
1971 725 2034 747 suo
2048 710 2113 747 im-
2131 723 2212 754 iiam,
2230 729 2257 750 ci
2272 734 2320 750 va-

1156 769 1241 821 poni
1260 770 1383 822 capiti,
1401 771 1585 821 ferensque
1603 785 1746 822 gravem
1767 786 1808 809 ac
1833 785 2017 809 onerosam
2039 786 2115 808 ino·
2132 774 2197 811 ''5¹¹'‘
2256 765 2320 801 3¹0-

69 594 191 642 εἰπεῖν,
208 601 283 637 ταῖς
303 595 425 633 πόλεσι
445 594 606 646 βούλεται
622 596 859 646 ὑπομνήματα
883 595 944 638 τῆς
961 591 1089 635 οἰκείας

67 655 263 701 πλεονεξίας
295 661 485 703 κεκτῆσθαι
499 687 508 705 ,
543 656 601 695 καὶ
639 657 769 704 στήλας
800 654 990 696 ἀθανάτους
1026 654 1089 697 τῆς

67 715 193 759 οἰκείας
213 718 336 762 κακίας
354 718 450 770 παρὰ
469 725 575 756 πᾶσιν
600 718 705 770 ἔχειν,
734 716 791 755 καὶ
821 715 865 753 τὰ
885 714 947 765 μὲν
969 715 1079 764 ἁμαρ-

2132 816 2215 833 flam.

65 776 225 826 τήματα,
251 778 286 823 ἐξ
315 773 362 816 ὧν
394 779 533 817 ἅπαντα
552 782 663 816 ταῦτα
683 776 872 827 συνελέγη,
903 777 947 821 τῇ
977 772 1087 824 οἰκείᾳ

63 837 237 884 ἐπιτίθησι
256 841 412 891 κεφαλῇ’,
440 839 498 877 καὶ
529 838 666 891 φορτίον
688 837 775 889 βαρὺ
800 837 860 875 καὶ
887 834 1086 873 δυσὸάστα-

64 912 143 936 κτον
163 901 408 953 ἐπιφερόμενος
425 901 486 938 οὐκ
505 900 705 938 αἰσθάνεται
720 915 727 922 ·
755 898 820 945 τὴν
840 896 876 936 δὲ
897 899 935 934 ἐκ
954 895 1085 934 τούτων

63 959 254 997 ἀπόλαυσιν
274 961 402 1014 ἑτέροις
416 967 644 1014 παραχωρεῖ,
661 963 699 998 οὐ
720 959 808 1011 μετὰ
826 958 889 1005 τὴν
911 960 975 1003 ’τῆς
997 960 1087 1004 ζωῆς

62 1020 273 1069 μετάστασιν
292 1022 407 1072 μόνον,
428 1023 518 1061 ἀλλὰ
537 1023 595 1061 καὶ
612 1022 681 1074 πρὸ
705 1025 767 1069 τῆς
783 1023 937 1060 ἐντεῦθεν
958 1018 1085 1063 ἐξόδου.

63 1081 137 1118 Κᾶν
153 1082 219 1134 γὰρ
246 1083 294 1133 μὴ
321 1084 415 1122 ἄκων
433 1086 546 1122 αὐτῶν
565 1087 729 1136 γυμνωθῇ
747 1113 757 1130 ,
779 1083 847 1120 ὑπὸ
865 1085 933 1120 τῶν
955 1083 1087 1134 ᾠκειω-

63 1143 174 1192 μένων
207 1145 415 1192 διασπᾶται,
453 1148 500 1188 ὡς
531 1146 639 1183 εἰπεῖν
652 1176 661 1193 ,
696 1145 756 1183 καὶ
788 1144 1085 1195 διασπαράττεται

63 1203 200 1242 ἅπαντα
218 1209 347 1251 ταῦτα,
367 1207 426 1245 καὶ
442 1206 517 1246 οὐδὲ
534 1211 593 1245 τοῦ
612 1208 805 1245 πολλοστοῦ
824 1209 938 1244 αὐτῶν
960 1204 1084 1258 μέρους

61 1266 95 1302 ἐν
113 1266 304 1306 ἀπολαύσει
321 1267 464 1318 γίνεται.
489 1268 537 1306 Τί
552 1268 587 1306 δὲ
609 1268 700 1319 λέγω
724 1269 760 1305 ἐν
789 1268 1002 1307 ἀπολαύσει;
1022 1263 1082 1303 Ἂν

61 1326 128 1377 γὰρ
149 1330 323 1379 βουληθῇ,
350 1332 423 1372 πῶς
450 1329 589 1382 ἀρκέσει
613 1330 696 1380 μίαν
717 1330 806 1381 ἔχων
825 1328 978 1381 γαστέρα
997 1327 1084 1380 πρὸς

58 1392 201 1427 τοσοῦτο
215 1391 345 1436 πλῆθος
363 1391 574 1443 χρημάτων;

111 1449 215 1488 Ἀλλὰ
241 1453 309 1488 τῶν
338 1454 456 1489 κακῶν
476 1453 640 1490 ἁπάντων
660 1451 700 1490 τὸ
719 1451 827 1490 αἴτιον
843 1455 865 1498 ἡ
882 1451 1056 1496 κενοδοξία
1071 1479 1081 1498 ,

58 1510 117 1548 καὶ
146 1512 186 1549 τὸ
215 1512 401 1564 βούλεσθαι
433 1513 496 1561 τὴν
527 1513 762 1567 προσηγορίαν
791 1515 988 1552 ἐπικεῖσθαι
1015 1513 1079 1561 τὴν

57 1574 160 1610 αὐτοῦ
178 1579 248 1617 τοὶς
268 1577 405 1626 ἀγροῖς,
426 1581 498 1618 τοῖς
525 1575 740 1627 βαλανείοις,
758 1581 835 1620 ταῖς
865 1575 1000 1620 οἰκίαις.
1032 1575 1080 1615 Τί

56 1649 109 1672 σοι
123 1634 163 1672 τὸ
181 1635 317 1687 ὄφελος,
339 1636 516 1690 ἄνθρωπε,
539 1637 621 1675 ὅταν
645 1640 720 1688 μετ’
742 1640 779 1676 οὐ
799 1636 908 1685 πολὺ,
931 1641 1080 1689 πυρετοῦ

56 1695 312 1740 καταλαῧόντος
323 1727 333 1745 ,
365 1697 486 1749 ἀθρόον
512 1699 735 1751 ἀφιπταμένη
750 1702 772 1745 ἡ
792 1698 887 1751 ψυχὴ
905 1701 1080 1751 καταλιμ-

55 1757 146 1808 πάνῃ
164 1773 202 1795 σε
221 1757 350 1809 ἔρημον
370 1760 429 1797 καὶ
441 1760 582 1812 γυμνὸν,
598 1763 728 1811 μᾶλλον
750 1760 786 1800 δὲ
804 1763 929 1814 ἀρετῆς
950 1760 1011 1811 μὲν
1027 1776 1082 1812 γε-

54 1819 294 1869 γυμνωμένον,
331 1820 629 1871 περιὸεὲλημένον
664 1822 699 1859 δὲ
731 1821 794 1865 τὰς
824 1821 981 1867 ἀδικίας,
1017 1821 1080 1864 τὰς

55 1878 233 1929 ἁρπαγὰς,
250 1880 311 1924 τὰς
326 1882 525 1926 πλεονεξίας
538 1913 547 1929 ,
565 1882 643 1925 τοὺς
656 1881 871 1933 στεναγμοὺς
883 1912 892 1930 ,
907 1882 965 1920 τὸν
980 1883 1038 1919 ὀδυ
1045 1898 1079 1936 ρ-

55 1939 132 1989 μὸν,
164 1940 208 1978 τὰ
236 1941 369 1993 δάκρυα
399 1945 468 1980 τῶν
502 1945 672 1995 ὀρφανῶν,
693 1942 756 1987 τὰς
776 1943 980 1991 ἐπιδουλὰς,
1002 1943 1081 1987 τοὺς

54 2000 188 2048 δόλους,
210 2003 293 2046 Πῶς
312 2003 440 2055 δυνήσῃ
471 2004 515 2042 τὰ
547 2005 683 2056 μεγάλα
714 2008 825 2042 ταῦτα
858 2004 982 2058 φορτία
1010 2007 1079 2042 τῶν

53 2063 316 2115 ἁμαρτημάτων
344 2065 434 2118 ἔχων
463 2066 690 2116 ἐπικείμενα,
715 2065 780 2113 τὴν
806 2066 931 2113 στενὴν
964 2067 1080 2113 πύλην

51 2124 186 2171 ἐκείνην
218 2125 406 2174 διαὸἧναι,
439 2126 503 2174 τὴν
535 2129 572 2165 οὐ
604 2128 797 2178 δυναμένην
828 2128 989 2173 δέξασθαι
1017 2128 1076 2167 τὸν

51 2186 151 2236 ὄγκον
184 2190 244 2224 τοῦ
280 2187 444 2226 τοσούτου
472 2188 652 2241 μεγέθους;
684 2189 833 2240 Ἀνάγκη
864 2188 976 2227 τοίνυν
1010 2189 1076 2234 ἔξω

52 2246 216 2297 μένοντα,
234 2248 296 2286 καὶ
318 2249 385 2289 ὑπὸ
411 2252 479 2288 τῶν
513 2249 660 2303 φορτίων
695 2249 826 2288 τούτων
861 2250 1074 2303 βαρούμενον

48 2307 201 2354 ἀνήνυτα
216 2311 501 2362 μεταγινώσκειν,
513 2311 580 2358 ἤδη
595 2311 664 2364 πρὸ
673 2314 741 2350 τῶν
754 2313 942 2365 ὀφθαλμῶν
957 2312 1000 2350 τὰ
1015 2329 1073 2352 κο-

47 2370 218 2422 λαστήρια
235 2374 370 2423 ὁρῶντα
384 2373 646 2426 ηὐτρεπισμένα
658 2404 667 2421 ,
687 2373 747 2411 καὶ
768 2374 808 2412 τὸ
821 2377 892 2426 πῦρ
905 2377 1016 2413 ἐκεῖνο
1032 2375 1072 2413 τὸ

49 2431 194 2483 φοὸερὸν
209 2433 268 2470 καὶ
285 2434 459 2485 μηδέποτε
482 2434 724 2486 σὸεννύμενον,
748 2436 808 2474 καὶ
824 2436 881 2474 τὸν
903 2435 1072 2483 σκώληκα

49 2492 106 2530 τὸν
119 2495 359 2542 ἀτελεύτητον.
376 2495 468 2534 Ἀλλ’
485 2496 582 2541 εἴτις
600 2500 685 2547 ἡμῖν
697 2497 797 2550 λόγος
813 2500 877 2544 τῆς
896 2499 1072 2552 σωτηρίας

49 2555 109 2599 τῆς
123 2555 312 2608 ἡμετέρας,
338 2559 384 2600 ὡς
405 2557 455 2595 ἔτι
483 2557 601 2610 καιρὸν
623 2557 760 2610 ἔχομεν,
777 2560 986 2611 ἀποστῶμεν
1008 2563 1072 2607 τῆς

50 2614 194 2663 κακίας,
221 2617 281 2654 καὶ
305 2617 368 2664 τὴν
391 2617 517 2671 ἀρετὴν
547 2618 829 2672 μεταδιώξωμεν,
849 2623 913 2668 τῆς
931 2623 1069 2662 κενοδο-

1155 830 1226 868 lem
1255 844 1324 869 non
1354 831 1580 869 sentit:aliis
1600 841 1720 869 autem
1740 845 1864 880 usum,
1885 832 1948 883 qui
1982 847 2027 869 ex
2059 831 2115 870 his

1156 890 1280 929 haberi
1296 900 1424 944 potest,
1443 891 1620 943 concedit,
1637 906 1705 930 non
1722 892 1837 930 solum
1853 901 1933 944 post
1957 893 2113 943 emigra-

1156 951 1290 990 tionem
1321 967 1367 991 ex
1387 953 1454 992 hac
1474 952 1563 1003 vita,
1591 953 1652 992 sed
1671 954 1778 992 etiam
1814 962 2004 1004 antequam
2032 954 2116 993 hinc

1156 1013 1372 1064 egrediatur.
1393 1016 1486 1053 Nam
1512 1015 1653 1054 etiamsi
1678 1029 1747 1054 non
1773 1015 1908 1053 invitus
1933 1015 1982 1053 cis
2003 1015 2114 1054 nude-

1157 1083 1231 1125 tur,
1259 1075 1500 1115 familiaribus
1527 1077 1603 1116 haec
1625 1077 1745 1116 omnia
1759 1076 1995 1128 dissipantur,
2016 1087 2049 1116 et
2076 1087 2115 1116 ut

1155 1134 1205 1173 ita
1222 1135 1356 1186 dicam,
1376 1136 1617 1176 dilacerantur
1635 1154 1643 1174 ε
1662 1152 1776 1189 neque
1794 1137 1868 1190 ipse
1886 1138 1943 1175 vel
1968 1139 2115 1177 millesi-

1108 1207 1133 1238 D
1155 1210 1212 1234 ma
1225 1210 1348 1235 eorum
1368 1206 1468 1254 parte
1482 1198 1629 1237 fruitur.
1656 1198 1703 1237 Et
1731 1199 1819 1250 quid
1849 1199 1929 1237 dico
1950 1200 2082 1238 fruitur
2098 1201 2116 1237 ἶ)

1154 1257 1358 1309 Quomodo,
1383 1273 1466 1297 cum
1490 1259 1630 1298 nonnisi
1651 1269 1811 1299 ventrem
1835 1274 1948 1298 unum
1976 1261 2114 1311 habeat,

1153 1320 1265 1371 possit
1277 1329 1328 1359 tot
1345 1334 1456 1374 opum
1470 1321 1740 1359 multitudinem
1757 1321 1946 1360 absumere
1964 1322 1981 1360 ἶ)

1208 1452 1246 1490 7.
1274 1452 1324 1489 At
1345 1452 1522 1491 malorum
1543 1451 1706 1491 omnium
1724 1466 1830 1490 eausa
1856 1461 1908 1490 est
1926 1466 2019 1491 vana
2035 1453 2112 1505 glo-

1153 1513 1204 1551 ria
1223 1529 1230 1550 :
1247 1513 1344 1565 quod
1357 1529 1484 1567 nempe
1499 1515 1583 1554 velit
1596 1528 1722 1552 nomen
1732 1515 1983 1567 suumimponi
1999 1515 2110 1567 agris,

1157 1574 1310 1626 balneis,
1325 1584 1358 1613 et
1373 1575 1525 1614 aedibus.
1536 1576 1625 1623 Quae
1646 1576 1712 1613 tibi
1726 1576 1810 1615 hinc
1827 1577 1979 1627 utilitas,
1990 1577 2110 1627 homo,

1158 1648 1243 1672 cum
1255 1648 1325 1672 non
1341 1635 1456 1674 multo
1474 1644 1568 1688 post,
1582 1634 1672 1674 febri
1685 1634 1856 1687 quapiam
1873 1644 1904 1672 te
1918 1635 2114 1687 corripien—

1151 1703 1196 1744 te,
1226 1695 1417 1747 animaque
1449 1697 1569 1735 subito
1594 1696 1768 1745 evolante,
1789 1695 1906 1734 nudus
1927 1705 1960 1733 et
1978 1710 2114 1735 vacuus

1151 1755 1408 1807 relinquendus
1427 1758 1497 1796 sis:
1518 1757 1591 1796 imo
1610 1756 1745 1796 virtute
1763 1756 1908 1808 quidem
1938 1756 2109 1807 nudatus,

1150 1817 1301 1855 vestitus
1318 1827 1437 1857 autem
1449 1819 1638 1872 injustitia,
1648 1818 1799 1871 rapinis,
1813 1818 1979 1867 avaritia,
1996 1818 2111 1870 gemi-

1105 1886 1128 1915 E
1149 1878 1260 1927 tibus,
1279 1879 1664 1933 ejulatibus,lacrymis
1677 1879 1931 1932 orphanorum,
1950 1879 2108 1931 insidiis,

1149 1938 1269 1977 dolis?
1291 1940 1480 1987 Quomodo
1504 1941 1636 1994 poteris
1666 1941 1817 1993 grandes
1844 1950 2109 1992 prementesque

1150 2000 1230 2039 illas
1247 2001 1402 2040 sarcinas
1428 2012 1655 2055 peecatorum
1671 2003 1800 2053 ferens,
1824 2016 1889 2054 per
1920 2012 2109 2054 angustam

1146 2061 1249 2099 illam
1269 2072 1412 2115 portam
1431 2064 1567 2102 intrare
1581 2094 1591 2113 ,
1607 2078 1685 2115 quae
1697 2077 1823 2116 capere
1836 2063 1958 2114 nequit
1977 2063 2109 2103 molem

1148 2132 1253 2161 tantae
1275 2125 1570 2177 magnitudinis?
1596 2125 1844 2163 Necessarium
1877 2125 1996 2176 itaque
2020 2124 2108 2163 foris

1146 2197 1300 2235 manere,
1315 2194 1350 2223 et
1368 2186 1536 2224 oneribus
1552 2186 1624 2224 illis
1637 2195 1826 2238 gravatum
1840 2186 1969 2224 frustra
1990 2186 2104 2238 poeni-

1145 2253 1232 2295 tere,
1250 2259 1334 2284 eum
1336 2247 1413 2299 jam
1425 2257 1506 2286 ante
1526 2248 1648 2286 oculos
1657 2256 1783 2300 parata
1802 2247 1943 2286 videbis
1957 2257 2110 2286 tormen-

1144 2315 1178 2344 ta
1182 2315 1234 2356 ,et
1244 2307 1363 2359 ignem
1374 2308 1479 2346 illum
1496 2309 1694 2347 terribilem
1703 2323 1745 2347 ac
1758 2323 1955 2360 numquam
1970 2309 2108 2348 exstin-

1144 2367 1328 2419 guendum
1372 2383 1604 2422 vermemque
1648 2383 1846 2422 numquam
1877 2370 2106 2409 moriturum.

1145 2429 1320 2468 Caeterum
1334 2431 1488 2482 siquam
1516 2440 1645 2470 nostrae
1667 2432 1793 2470 salutis
1808 2431 1982 2470 habemus
1997 2433 2106 2471 ratio-

1144 2505 1240 2543 nem,
1265 2492 1355 2531 dum
1367 2493 1486 2532 adhuc
1501 2503 1640 2547 tempus
1658 2494 1845 2543 habemus,
1861 2493 2072 2532 desistamus
2085 2510 2105 2533 a

1145 2553 1317 2605 nequitia,
1337 2564 1512 2593 sectemur
1528 2555 1713 2604 virtutem,
1731 2569 1861 2593 vanam
1876 2554 2027 2606 gloriam
2041 2555 2104 2594 de-

1119 2665 1126 2678 !
1147 2616 1352 2668 spiciamus.
1370 2618 1462 2655 Nam
1484 2615 1618 2654 idcirco
1633 2630 1726 2653 vana
1744 2614 1896 2661 dicitur,
1918 2616 2002 2666 quia
2028 2617 2102 2655 ina-

50 2674 121 2720 ξίας
143 2677 372 2730 ὑπερίδωμεν.
393 2678 461 2718 Διὰ
479 2685 580 2719 τοῦτο
604 2681 671 2733 γὰρ
704 2682 764 2720 καὶ
792 2682 874 2730 κενὴ
905 2683 1068 2734 λέγεται,
1083 2664 1131 2731 ²2⁴
1143 2678 1197 2716 nis
1212 2688 1277 2730 est,
1302 2688 1335 2717 et
1354 2678 1444 2716 nihil
1460 2677 1570 2715 habet
1588 2677 1714 2715 stabile
1729 2691 1842 2727 neque
1861 2676 2025 2715 firmum:
2039 2678 2102 2717 sed

47 2737 165 2785 ἐπειδὴ
187 2739 341 2784 διάκενός
359 2741 434 2779 ἐστι
460 2741 519 2779 καὶ
546 2741 643 2780 οὐδὲν
658 2742 787 2795 ἔχουσα
816 2743 968 2793 βέὸαιον,
990 2746 1068 2786 οὐδὲ

0 2792 2 2814 ²
48 2798 206 2849 μόνιμον,
221 2802 298 2839 ἀλλ’
313 2801 431 2850 ἀπάτη
453 2802 554 2854 μόνον
573 2805 760 2856 ὀφθαλμῶν
776 2805 941 2858 τυγχάνει
957 2836 968 2854 ,
985 2809 1066 2860 πρὶν

46 2858 69 2904 ἢ
87 2862 235 2911 φανῆναι
251 2863 488 2914 ἀφιπταμένη.
506 2863 583 2902 *¹11
601 2867 666 2917 οὐχ
681 2868 817 2920 ὁρῶμεν
832 2866 890 2905 τὸν
913 2867 1066 2922 σήμερον

46 2919 113 2958 ὑπὸ
137 2924 205 2959 τῶν
237 2922 438 2975 ραὅδούχων
471 2928 776 2978 προπεμπόμενον,
805 2927 865 2967 καὶ
897 2929 964 2968 ὑπὸ
996 2933 1066 2968 τῶν

47 2980 241 3035 δορυφόρων
273 2985 516 3035 κυκλούμενον,
539 2987 655 3040 αὔριον
682 2990 853 3034 πολλάκις
884 2993 1066 3043 δεσμωτή-

49 3057 119 3094 ριον
151 3045 327 3092 οἰκοῦντα,
355 3046 414 3084 καὶ
441 3047 530 3097 μετὰ
552 3051 621 3087 τῶν
641 3049 844 3104 κακούργων
871 3053 1067 3105 στρεφόμε-

47 3118 125 3152 νον;
143 3105 191 3143 Τί
207 3106 336 3154 ταύτης
359 3110 422 3154 τῆς
441 3110 542 3154 κενῆς
558 3109 618 3148 καὶ
638 3112 789 3162 ματαίας
808 3112 907 3160 δόξης
926 3116 1068 3163 ἀπατη-

45 3163 201 3216 λότερον;
215 3168 260 3205 Εἰ
274 3168 309 3206 δὲ
324 3168 383 3206 καὶ
398 3169 447 3220 μὴ
460 3172 495 3208 ἐν
510 3173 560 3224 τῷ
574 3173 721 3225 παρόντι
735 3173 778 3211 τὰ
793 3176 855 3220 τῆς
871 3175 1068 3224 μεταὸολῆς

48 3225 148 3263 αὐτὸν
172 3227 372 3278 ἐκδέξηται,
387 3232 406 3268 ὁ
424 3231 568 3277 θάνατος
593 3233 731 3277 πάντως
750 3234 904 3274 ἐπελθὼν
931 3236 1066 3290 διέκοψε

1141 2740 1258 2778 solum
1274 2749 1325 2778 est
1343 2739 1531 2778 oculorum
1552 2737 1726 2790 deceptio,
1746 2747 1780 2776 et
1799 2738 2009 2790 priusquam
2030 2754 2099 2792 ap—

1141 2811 1280 2854 pareat,
1302 2801 1434 2840 avolat.
1460 2803 1587 2838 Annon
1614 2809 1648 2838 et
1675 2801 1842 2839 videmus
1861 2813 1964 2853 saepe,
2003 2816 2100 2850 eum,

1140 2877 1247 2914 quem
1262 2862 1368 2900 hodie
1381 2861 1599 2915 praecedumt
1621 2862 1778 2912 lictores,
1795 2871 1830 2900 et
1845 2862 1979 2915 stipant
1997 2863 2101 2902 satel-

1140 2924 1234 2974 lites,
1255 2924 1379 2962 crasin
1398 2937 1574 2961 carcerem
1591 2923 1733 2976 conjici,
1752 2932 1882 2962 etcum
1896 2925 2100 2963 malefacto-

1139 2986 1240 3024 ribus
1253 2985 1415 3024 versari?
1432 2984 1530 3031 Quid
1549 2984 1616 3022 hac
1632 2999 1723 3022 vana
1741 2993 1775 3023 et
1794 2985 1890 3024 inani
1911 2986 2024 3038 gloria
2035 2987 2100 3025 sal-

1137 3047 1280 3085 lacius?
1299 3045 1406 3093 Quod
1419 3046 1449 3084 si
1464 3046 1498 3083 in
1520 3045 1587 3083 hac
1621 3045 1696 3083 vita
1709 3046 1995 3086 vicissitudinem
2006 3048 2100 3087 hanc

1139 3107 1280 3158 evadat,
1290 3108 1434 3145 omnino
1442 3121 1537 3144 mors
1548 3106 1693 3144 veniens
1700 3107 1905 3146 felicitatem
1915 3108 2099 3148 abscindet

1138 3179 1171 3207 et
1188 3183 1295 3220 quem
1308 3168 1417 3207 hodie
1427 3168 1461 3205 in
1473 3168 1549 3205 soro
1560 3181 1688 3220 magna
1698 3182 1828 3221 pompa
1841 3169 2094 3219 comitabatur,

1139 3238 1200 3288 qui
1211 3237 1245 3275 in
1258 3250 1433 3275 carcerem
1445 3235 1667 3288 conjiciebat,
1675 3245 1707 3274 et
1719 3235 1755 3274 in
1771 3236 1860 3275 solio
1871 3236 2029 3284 sedebat,
2043 3238 2095 3276 in·

90 3329 107 3347 “
123 3330 236 3364 :Etate
255 3331 484 3367 Chrveostomi
507 3347 572 3369 non
596 3349 673 3370 raro
695 3338 837 3379 accidit,
854 3348 890 3373 ut
907 3341 1054 3384 praefecti
1085 3341 1324 3385 dejicerentur,
1347 3349 1381 3374 et
1409 3342 1442 3373 in
1467 3352 1634 3374 carcerem
1662 3342 1760 3382 trusi,
1785 3341 1967 3386 aliquando
1994 3342 2093 3375 etiam

44 3389 76 3414 et
102 3381 155 3414 alii
180 3385 357 3426 optimates
382 3397 420 3418 ex
448 3388 665 3431 Imperatoris
693 3389 920 3436 indignatione
945 3393 1051 3437 gradu
1085 3394 1194 3437 capito
1210 3394 1531 3437 plecterentur.11aec
1547 3393 1697 3436 pluribus
1713 3396 1747 3429 in
1761 3396 1836 3430 Vita
1848 3395 2090 3440 Clu-ysostomi.
