<?xml version="1.0" encoding="UTF-8"?>
<!DOCTYPE html PUBLIC "-//W3C//DTD XHTML 1.0 Transitional//EN"
    "http://www.w3.org/TR/xhtml1/DTD/xhtml1-transitional.dtd">
<html xmlns="http://www.w3.org/1999/xhtml" xml:lang="en" lang="en">
 <head>
  <title>
</title>
<meta http-equiv="Content-Type" content="text/html;charset=utf-8" />
  <meta name='ocr-system' content='tesseract 3.04.00' />
  <meta name='ocr-capabilities' content='ocr_page ocr_carea ocr_par ocr_line ocrx_word'/>
</head>
<body>
  <div class='ocr_page' id='page_1' title='image "./operaomniaquaeex04johnuoft/operaomniaquaeex04johnuoft_0207.png"; bbox 0 0 2566 3791; ppageno 0'>
   <div class='ocr_carea' id='block_1_1' title="bbox 723 192 1010 226">
    <p class='ocr_par' dir='ltr' id='par_1_1' title="bbox 723 192 1010 226">
     <span class='ocr_line' id='line_1_1' title="bbox 723 192 1010 226; baseline 0 -1"><span class='ocrx_word' id='word_1_1' title='bbox 723 192 766 225; x_wconf 76' lang='grc' dir='ltr'><strong>ΙΝ</strong></span> <span class='ocrx_word' id='word_1_2' title='bbox 804 195 905 226; x_wconf 70' lang='lat' dir='ltr'><strong>GAP.</strong></span> <span class='ocrx_word' id='word_1_3' title='bbox 946 195 1010 225; x_wconf 86' lang='lat' dir='ltr'><strong>lV.</strong></span> 
     </span>
    </p>
   </div>
   <div class='ocr_carea' id='block_1_2' title="bbox 91 275 1134 3196">
    <p class='ocr_par' dir='ltr' id='par_1_2' title="bbox 91 275 1134 3196">
     <span class='ocr_line' id='line_1_2' title="bbox 111 275 1132 334; baseline -0.001 -16"><span class='ocrx_word' id='word_1_4' title='bbox 111 279 214 332; x_wconf 70' lang='grc' dir='ltr'>φησὶν</span> <span class='ocrx_word' id='word_1_5' title='bbox 226 308 235 326; x_wconf 92' lang='grc'><strong>,</strong></span> <span class='ocrx_word' id='word_1_6' title='bbox 253 280 271 317; x_wconf 91' lang='lat'>6</span> <span class='ocrx_word' id='word_1_7' title='bbox 287 276 378 321; x_wconf 83' lang='grc' dir='ltr'>Θεὸς</span> <span class='ocrx_word' id='word_1_8' title='bbox 398 276 456 316; x_wconf 77' lang='grc' dir='ltr'>ἐπὶ</span> <span class='ocrx_word' id='word_1_9' title='bbox 474 275 599 334; x_wconf 26' lang='grc' dir='ltr'>ἰἈὅελ,</span> <span class='ocrx_word' id='word_1_10' title='bbox 624 278 684 316; x_wconf 82' lang='grc' dir='ltr'><strong>καὶ</strong></span> <span class='ocrx_word' id='word_1_11' title='bbox 706 278 764 316; x_wconf 74' lang='grc' dir='ltr'>ἐπὶ</span> <span class='ocrx_word' id='word_1_12' title='bbox 785 284 854 321; x_wconf 84' lang='grc' dir='ltr'>τοῖς</span> <span class='ocrx_word' id='word_1_13' title='bbox 874 277 996 330; x_wconf 85' lang='grc' dir='ltr'>δώροις</span> <span class='ocrx_word' id='word_1_14' title='bbox 1014 279 1132 317; x_wconf 77' lang='grc' dir='ltr'>αὐτοῦ·</span> 
     </span>
     <span class='ocr_line' id='line_1_3' title="bbox 112 338 1132 392; baseline -0.003 -12"><span class='ocrx_word' id='word_1_15' title='bbox 112 342 171 380; x_wconf 78' lang='grc' dir='ltr'><strong>ἐπὶ</strong></span> <span class='ocrx_word' id='word_1_16' title='bbox 187 340 223 378; x_wconf 78' lang='grc' dir='ltr'><strong>δὲ</strong></span> <span class='ocrx_word' id='word_1_17' title='bbox 243 339 345 386; x_wconf 72' lang='grc' dir='ltr'>Κάϊν,</span> <span class='ocrx_word' id='word_1_18' title='bbox 362 338 492 391; x_wconf 51' lang='grc' dir='ltr'>καὶζέπὶ</span> <span class='ocrx_word' id='word_1_19' title='bbox 507 345 582 382; x_wconf 87' lang='grc' dir='ltr'>ταῖς</span> <span class='ocrx_word' id='word_1_20' title='bbox 599 339 731 383; x_wconf 71' lang='grc' dir='ltr'>θυσίαις</span> <span class='ocrx_word' id='word_1_21' title='bbox 748 341 853 378; x_wconf 80' lang='grc' dir='ltr'>αὐτοῦ</span> <span class='ocrx_word' id='word_1_22' title='bbox 868 342 906 378; x_wconf 76' lang='grc' dir='ltr'><strong>οὐ</strong></span> <span class='ocrx_word' id='word_1_23' title='bbox 924 340 1132 392; x_wconf 67' lang='grc' dir='ltr'>προσέσχενι</span> 
     </span>
     <span class='ocr_line' id='line_1_4' title="bbox 111 400 1134 454; baseline 0 -14"><span class='ocrx_word' id='word_1_24' title='bbox 111 400 254 448; x_wconf 68' lang='grc' dir='ltr'>Ἐπειδὴ</span> <span class='ocrx_word' id='word_1_25' title='bbox 274 403 357 453; x_wconf 81' lang='grc' dir='ltr'>ὀρθῇ</span> <span class='ocrx_word' id='word_1_26' title='bbox 377 400 500 452; x_wconf 76' lang='grc' dir='ltr'>γνώμη</span> <span class='ocrx_word' id='word_1_27' title='bbox 520 401 578 439; x_wconf 78' lang='grc' dir='ltr'><strong>καὶ</strong></span> <span class='ocrx_word' id='word_1_28' title='bbox 594 403 770 452; x_wconf 81' lang='grc' dir='ltr'>εἰλικρινεῖ</span> <span class='ocrx_word' id='word_1_29' title='bbox 791 402 923 453; x_wconf 76' lang='grc' dir='ltr'>διανοίᾳ</span> <span class='ocrx_word' id='word_1_30' title='bbox 941 402 1134 454; x_wconf 84' lang='grc' dir='ltr'>προσήνεγ-</span> 
     </span>
     <span class='ocr_line' id='line_1_5' title="bbox 110 461 1131 514; baseline 0 -13"><span class='ocrx_word' id='word_1_31' title='bbox 110 478 168 502; x_wconf 87' lang='grc' dir='ltr'><strong>κεν</strong></span> <span class='ocrx_word' id='word_1_32' title='bbox 193 465 211 500; x_wconf 93' lang='lat'>6</span> <span class='ocrx_word' id='word_1_33' title='bbox 236 461 362 510; x_wconf 62' lang='grc' dir='ltr'>Ἀδελ,</span> <span class='ocrx_word' id='word_1_34' title='bbox 399 463 558 510; x_wconf 84' lang='grc' dir='ltr'>Ἐπεῖδε,</span> <span class='ocrx_word' id='word_1_35' title='bbox 588 462 691 514; x_wconf 81' lang='grc' dir='ltr'>φησὶν</span> <span class='ocrx_word' id='word_1_36' title='bbox 707 492 717 506; x_wconf 84' lang='grc'><strong>.</strong></span> <span class='ocrx_word' id='word_1_37' title='bbox 746 465 764 500; x_wconf 98' lang='lat'>6</span> <span class='ocrx_word' id='word_1_38' title='bbox 791 463 902 510; x_wconf 84' lang='grc' dir='ltr'>Θεὸς,</span> <span class='ocrx_word' id='word_1_39' title='bbox 939 463 1131 512; x_wconf 84' lang='grc' dir='ltr'>τουτέστιν,</span> 
     </span>
     <span class='ocr_line' id='line_1_6' title="bbox 111 522 1134 577; baseline -0.002 -14"><span class='ocrx_word' id='word_1_40' title='bbox 111 523 249 568; x_wconf 81' lang='grc' dir='ltr'>ἐδέξατο</span> <span class='ocrx_word' id='word_1_41' title='bbox 261 553 271 570; x_wconf 92' lang='grc'><strong>,</strong></span> <span class='ocrx_word' id='word_1_42' title='bbox 287 522 432 575; x_wconf 84' lang='grc' dir='ltr'>ἠρέσθη,</span> <span class='ocrx_word' id='word_1_43' title='bbox 448 523 594 575; x_wconf 74' lang='grc' dir='ltr'>ἐπῄνεσε</span> <span class='ocrx_word' id='word_1_44' title='bbox 607 538 614 545; x_wconf 94' lang='grc'>·</span> <span class='ocrx_word' id='word_1_45' title='bbox 637 524 732 575; x_wconf 85' lang='grc' dir='ltr'>δῶρα</span> <span class='ocrx_word' id='word_1_46' title='bbox 749 522 785 560; x_wconf 81' lang='grc' dir='ltr'><strong>δὲ</strong></span> <span class='ocrx_word' id='word_1_47' title='bbox 806 524 951 561; x_wconf 83' lang='grc' dir='ltr'>ἐκάλεσε</span> <span class='ocrx_word' id='word_1_48' title='bbox 965 523 1008 561; x_wconf 81' lang='grc' dir='ltr'><strong>τὰ</strong></span> <span class='ocrx_word' id='word_1_49' title='bbox 1023 539 1134 577; x_wconf 88' lang='grc' dir='ltr'>προσ-</span> 
     </span>
     <span class='ocr_line' id='line_1_7' title="bbox 110 584 1127 638; baseline 0.001 -15"><span class='ocrx_word' id='word_1_50' title='bbox 110 585 292 638; x_wconf 85' lang='grc' dir='ltr'>ενεχθέντα</span> <span class='ocrx_word' id='word_1_51' title='bbox 304 616 313 633; x_wconf 94' lang='grc'><strong>,</strong></span> <span class='ocrx_word' id='word_1_52' title='bbox 329 588 440 636; x_wconf 85' lang='grc' dir='ltr'>τιμῶν</span> <span class='ocrx_word' id='word_1_53' title='bbox 459 585 518 623; x_wconf 82' lang='grc' dir='ltr'><strong>καὶ</strong></span> <span class='ocrx_word' id='word_1_54' title='bbox 537 584 595 623; x_wconf 80' lang='grc' dir='ltr'><strong>διὰ</strong></span> <span class='ocrx_word' id='word_1_55' title='bbox 616 585 737 624; x_wconf 87' lang='grc' dir='ltr'>τούτου</span> <span class='ocrx_word' id='word_1_56' title='bbox 756 589 816 623; x_wconf 87' lang='grc' dir='ltr'><strong>τοῦ</strong></span> <span class='ocrx_word' id='word_1_57' title='bbox 834 585 1127 637; x_wconf 75' lang='grc' dir='ltr'>προσενέγκαντος</span> 
     </span>
     <span class='ocr_line' id='line_1_8' title="bbox 110 646 1130 699; baseline 0 -15"><span class='ocrx_word' id='word_1_58' title='bbox 110 647 174 694; x_wconf 81' lang='grc' dir='ltr'><strong>τὴν</strong></span> <span class='ocrx_word' id='word_1_59' title='bbox 189 647 343 699; x_wconf 81' lang='grc' dir='ltr'>γνώμην.</span> <span class='ocrx_word' id='word_1_60' title='bbox 366 647 450 685; x_wconf 73' lang='grc' dir='ltr'><strong>Ἐπὶ</strong></span> <span class='ocrx_word' id='word_1_61' title='bbox 468 646 503 685; x_wconf 81' lang='grc' dir='ltr'><strong>δὲ</strong></span> <span class='ocrx_word' id='word_1_62' title='bbox 523 647 610 685; x_wconf 81' lang='grc' dir='ltr'>Κοίῖν</span> <span class='ocrx_word' id='word_1_63' title='bbox 633 647 693 685; x_wconf 78' lang='grc' dir='ltr'><strong>καὶ</strong></span> <span class='ocrx_word' id='word_1_64' title='bbox 709 647 766 686; x_wconf 79' lang='grc' dir='ltr'><strong>ἐπὶ</strong></span> <span class='ocrx_word' id='word_1_65' title='bbox 779 653 854 690; x_wconf 89' lang='grc' dir='ltr'>ταῖς</span> <span class='ocrx_word' id='word_1_66' title='bbox 873 646 1005 690; x_wconf 81' lang='grc' dir='ltr'>θυσίαις</span> <span class='ocrx_word' id='word_1_67' title='bbox 1026 649 1130 684; x_wconf 87' lang='grc' dir='ltr'>αὐτοῦ</span> 
     </span>
     <span class='ocr_line' id='line_1_9' title="bbox 111 706 1129 760; baseline -0.003 -13"><span class='ocrx_word' id='word_1_68' title='bbox 111 711 149 748; x_wconf 87' lang='grc' dir='ltr'><strong>οὐ</strong></span> <span class='ocrx_word' id='word_1_69' title='bbox 164 708 350 760; x_wconf 84' lang='grc' dir='ltr'>προσέσχε.</span> <span class='ocrx_word' id='word_1_70' title='bbox 371 707 502 746; x_wconf 77' lang='grc' dir='ltr'>Σκόπει</span> <span class='ocrx_word' id='word_1_71' title='bbox 517 710 578 753; x_wconf 73' lang='grc' dir='ltr'><strong>τῆς</strong></span> <span class='ocrx_word' id='word_1_72' title='bbox 590 709 731 759; x_wconf 80' lang='grc' dir='ltr'>Γραφῆς</span> <span class='ocrx_word' id='word_1_73' title='bbox 749 706 766 728; x_wconf 78' lang='lat'><strong>¹&#39;</strong></span> <span class='ocrx_word' id='word_1_74' title='bbox 778 707 840 755; x_wconf 76' lang='grc' dir='ltr'><strong>τὴν</strong></span> <span class='ocrx_word' id='word_1_75' title='bbox 855 706 1049 758; x_wconf 71' lang='grc' dir='ltr'>ιἰκρίὸειαν.</span> <span class='ocrx_word' id='word_1_76' title='bbox 1066 708 1129 758; x_wconf 85' lang='grc' dir='ltr'><strong>Τῷ</strong></span> 
     </span>
     <span class='ocr_line' id='line_1_10' title="bbox 111 768 1131 821; baseline -0.002 -14"><span class='ocrx_word' id='word_1_77' title='bbox 111 772 232 815; x_wconf 79' lang='grc' dir='ltr'>εἰπεῖν,</span> <span class='ocrx_word' id='word_1_78' title='bbox 254 771 307 808; x_wconf 82' lang='grc' dir='ltr'><strong>Οὐ</strong></span> <span class='ocrx_word' id='word_1_79' title='bbox 315 769 520 821; x_wconf 80' lang='grc' dir='ltr'>προσέσχεν,</span> <span class='ocrx_word' id='word_1_80' title='bbox 539 768 642 813; x_wconf 78' lang='grc' dir='ltr'>ἔδειξε</span> <span class='ocrx_word' id='word_1_81' title='bbox 657 768 721 815; x_wconf 81' lang='grc' dir='ltr'><strong>τὴν</strong></span> <span class='ocrx_word' id='word_1_82' title='bbox 741 768 919 814; x_wconf 76' lang='grc' dir='ltr'>ἀποὸολὴν</span> <span class='ocrx_word' id='word_1_83' title='bbox 937 771 1006 805; x_wconf 89' lang='grc' dir='ltr'><strong>τῶν</strong></span> <span class='ocrx_word' id='word_1_84' title='bbox 1016 783 1131 820; x_wconf 89' lang='grc' dir='ltr'>προσ-</span> 
     </span>
     <span class='ocr_line' id='line_1_11' title="bbox 110 828 1131 882; baseline -0.001 -15"><span class='ocrx_word' id='word_1_85' title='bbox 110 830 315 882; x_wconf 78' lang='grc' dir='ltr'>ενεχθέντων</span> <span class='ocrx_word' id='word_1_86' title='bbox 328 860 338 876; x_wconf 87' lang='grc'><strong>,</strong></span> <span class='ocrx_word' id='word_1_87' title='bbox 364 830 424 869; x_wconf 80' lang='grc' dir='ltr'><strong>καὶ</strong></span> <span class='ocrx_word' id='word_1_88' title='bbox 454 833 504 882; x_wconf 82' lang='grc' dir='ltr'><strong>τῷ</strong></span> <span class='ocrx_word' id='word_1_89' title='bbox 529 829 648 872; x_wconf 86' lang='grc' dir='ltr'>θυσίας</span> <span class='ocrx_word' id='word_1_90' title='bbox 667 829 813 867; x_wconf 86' lang='grc' dir='ltr'>καλέσαι</span> <span class='ocrx_word' id='word_1_91' title='bbox 830 828 876 866; x_wconf 78' lang='grc' dir='ltr'><strong>τὰ</strong></span> <span class='ocrx_word' id='word_1_92' title='bbox 898 829 968 868; x_wconf 84' lang='grc' dir='ltr'><strong>ἀπὸ</strong></span> <span class='ocrx_word' id='word_1_93' title='bbox 986 830 1048 875; x_wconf 80' lang='grc' dir='ltr'><strong>τῆς</strong></span> <span class='ocrx_word' id='word_1_94' title='bbox 1067 832 1131 880; x_wconf 74' lang='grc' dir='ltr'><strong>γῆς</strong></span> 
     </span>
     <span class='ocr_line' id='line_1_12' title="bbox 108 888 1130 943; baseline 0.001 -16"><span class='ocrx_word' id='word_1_95' title='bbox 108 889 393 942; x_wconf 80' lang='grc' dir='ltr'>προσενεχθέντα,</span> <span class='ocrx_word' id='word_1_96' title='bbox 413 889 517 928; x_wconf 81' lang='grc' dir='ltr'>πάλιν</span> <span class='ocrx_word' id='word_1_97' title='bbox 538 889 654 942; x_wconf 80' lang='grc' dir='ltr'>ἕτερον</span> <span class='ocrx_word' id='word_1_98' title='bbox 672 893 768 940; x_wconf 82' lang='grc' dir='ltr'>ἡμᾶς</span> <span class='ocrx_word' id='word_1_99' title='bbox 782 905 816 927; x_wconf 92' lang='grc' dir='ltr'><strong>τι</strong></span> <span class='ocrx_word' id='word_1_100' title='bbox 836 889 1004 928; x_wconf 81' lang='grc' dir='ltr'>διδάσκει.</span> <span class='ocrx_word' id='word_1_101' title='bbox 1031 888 1130 943; x_wconf 63' lang='grc' dir='ltr'>“Ορα</span> 
     </span>
     <span class='ocr_line' id='line_1_13' title="bbox 108 949 1130 1002; baseline 0.002 -14"><span class='ocrx_word' id='word_1_102' title='bbox 108 949 177 1002; x_wconf 80' lang='grc' dir='ltr'><strong>γὰρ</strong></span> <span class='ocrx_word' id='word_1_103' title='bbox 192 953 267 994; x_wconf 90' lang='grc' dir='ltr'><strong>πῶς</strong></span> <span class='ocrx_word' id='word_1_104' title='bbox 282 950 436 988; x_wconf 87' lang='grc' dir='ltr'>δείκνυσι</span> <span class='ocrx_word' id='word_1_105' title='bbox 451 950 496 987; x_wconf 79' lang='grc' dir='ltr'><strong>δι’</strong></span> <span class='ocrx_word' id='word_1_106' title='bbox 512 952 626 988; x_wconf 81' lang='grc' dir='ltr'>αὐτῶν</span> <span class='ocrx_word' id='word_1_107' title='bbox 642 952 711 988; x_wconf 83' lang='grc' dir='ltr'><strong>τῶν</strong></span> <span class='ocrx_word' id='word_1_108' title='bbox 731 949 972 1001; x_wconf 80' lang='grc' dir='ltr'>γεγενημένων</span> <span class='ocrx_word' id='word_1_109' title='bbox 990 951 1049 989; x_wconf 75' lang='grc' dir='ltr'><strong>καὶ</strong></span> <span class='ocrx_word' id='word_1_110' title='bbox 1072 951 1130 990; x_wconf 85' lang='grc' dir='ltr'><strong>διὰ</strong></span> 
     </span>
     <span class='ocr_line' id='line_1_14' title="bbox 106 1010 1128 1065; baseline 0.003 -18"><span class='ocrx_word' id='word_1_111' title='bbox 106 1012 174 1048; x_wconf 91' lang='grc' dir='ltr'><strong>τῶν</strong></span> <span class='ocrx_word' id='word_1_112' title='bbox 195 1011 375 1063; x_wconf 81' lang='grc' dir='ltr'>ῥημάτων,</span> <span class='ocrx_word' id='word_1_113' title='bbox 394 1010 448 1049; x_wconf 81' lang='grc' dir='ltr'><strong>ὅτι</strong></span> <span class='ocrx_word' id='word_1_114' title='bbox 466 1014 577 1048; x_wconf 87' lang='grc' dir='ltr'>ταῦτα</span> <span class='ocrx_word' id='word_1_115' title='bbox 594 1010 733 1049; x_wconf 84' lang='grc' dir='ltr'>ἅπαντα</span> <span class='ocrx_word' id='word_1_116' title='bbox 754 1010 914 1062; x_wconf 88' lang='grc' dir='ltr'>βούλεται</span> <span class='ocrx_word' id='word_1_117' title='bbox 929 1014 1013 1065; x_wconf 88' lang='grc' dir='ltr'>παρ’</span> <span class='ocrx_word' id='word_1_118' title='bbox 1027 1015 1128 1063; x_wconf 87' lang='grc' dir='ltr'>ἡμῶν</span> 
     </span>
     <span class='ocr_line' id='line_1_15' title="bbox 106 1071 1129 1124; baseline 0.002 -14"><span class='ocrx_word' id='word_1_119' title='bbox 106 1076 125 1110; x_wconf 91' lang='lat'>6</span> <span class='ocrx_word' id='word_1_120' title='bbox 149 1071 329 1119; x_wconf 76' lang='grc' dir='ltr'>Δεσπότης</span> <span class='ocrx_word' id='word_1_121' title='bbox 355 1072 528 1123; x_wconf 89' lang='grc' dir='ltr'>γίνεσθαι,</span> <span class='ocrx_word' id='word_1_122' title='bbox 552 1071 608 1109; x_wconf 80' lang='grc' dir='ltr'><strong>ἵνα</strong></span> <span class='ocrx_word' id='word_1_123' title='bbox 631 1071 674 1110; x_wconf 86' lang='grc' dir='ltr'><strong>τὰ</strong></span> <span class='ocrx_word' id='word_1_124' title='bbox 697 1074 760 1118; x_wconf 78' lang='grc' dir='ltr'><strong>τῆς</strong></span> <span class='ocrx_word' id='word_1_125' title='bbox 780 1072 922 1124; x_wconf 79' lang='grc' dir='ltr'>γνώμης</span> <span class='ocrx_word' id='word_1_126' title='bbox 948 1075 1049 1124; x_wconf 90' lang='grc' dir='ltr'>ἡμῶν</span> <span class='ocrx_word' id='word_1_127' title='bbox 1072 1073 1129 1112; x_wconf 84' lang='grc' dir='ltr'><strong>διὰ</strong></span> 
     </span>
     <span class='ocr_line' id='line_1_16' title="bbox 105 1132 1128 1186; baseline 0.003 -16"><span class='ocrx_word' id='word_1_128' title='bbox 105 1134 174 1170; x_wconf 88' lang='grc' dir='ltr'><strong>τῶν</strong></span> <span class='ocrx_word' id='word_1_129' title='bbox 193 1136 248 1186; x_wconf 81' lang='grc' dir='ltr'><strong>ὑφ’</strong></span> <span class='ocrx_word' id='word_1_130' title='bbox 269 1135 371 1183; x_wconf 78' lang='grc' dir='ltr'>ἡμῶν</span> <span class='ocrx_word' id='word_1_131' title='bbox 389 1132 639 1186; x_wconf 81' lang='grc' dir='ltr'>πραττομένων</span> <span class='ocrx_word' id='word_1_132' title='bbox 655 1133 744 1179; x_wconf 75' lang='grc' dir='ltr'>δῆλα</span> <span class='ocrx_word' id='word_1_133' title='bbox 760 1135 982 1182; x_wconf 70' lang='grc' dir='ltr'>καθιστᾶται,</span> <span class='ocrx_word' id='word_1_134' title='bbox 998 1135 1058 1173; x_wconf 79' lang='grc' dir='ltr'><strong>καὶ</strong></span> <span class='ocrx_word' id='word_1_135' title='bbox 1072 1132 1128 1173; x_wconf 79' lang='grc' dir='ltr'><strong>ἵνα</strong></span> 
     </span>
     <span class='ocr_line' id='line_1_17' title="bbox 106 1193 1128 1248; baseline 0.002 -17"><span class='ocrx_word' id='word_1_136' title='bbox 106 1193 232 1232; x_wconf 80' lang='grc' dir='ltr'>εἰδέναι</span> <span class='ocrx_word' id='word_1_137' title='bbox 246 1193 395 1245; x_wconf 81' lang='grc' dir='ltr'>ἔχωμεν,</span> <span class='ocrx_word' id='word_1_138' title='bbox 414 1193 468 1231; x_wconf 79' lang='grc' dir='ltr'><strong>ὅτι</strong></span> <span class='ocrx_word' id='word_1_139' title='bbox 481 1194 549 1232; x_wconf 79' lang='grc' dir='ltr'><strong>ὑπὸ</strong></span> <span class='ocrx_word' id='word_1_140' title='bbox 564 1193 746 1241; x_wconf 82' lang='grc' dir='ltr'>Δεσπότην</span> <span class='ocrx_word' id='word_1_141' title='bbox 764 1193 870 1245; x_wconf 83' lang='grc' dir='ltr'>ἐσμὲν</span> <span class='ocrx_word' id='word_1_142' title='bbox 886 1194 946 1232; x_wconf 73' lang='grc' dir='ltr'><strong>καὶ</strong></span> <span class='ocrx_word' id='word_1_143' title='bbox 960 1195 1128 1248; x_wconf 88' lang='grc' dir='ltr'>δημιουρ-</span> 
     </span>
     <span class='ocr_line' id='line_1_18' title="bbox 104 1249 1128 1310; baseline 0.003 -18"><span class='ocrx_word' id='word_1_144' title='bbox 104 1254 165 1304; x_wconf 83' lang='grc' dir='ltr'><strong>γὸν</strong></span> <span class='ocrx_word' id='word_1_145' title='bbox 185 1254 243 1292; x_wconf 78' lang='grc' dir='ltr'><strong>τὸν</strong></span> <span class='ocrx_word' id='word_1_146' title='bbox 267 1254 336 1293; x_wconf 85' lang='grc' dir='ltr'><strong>ἀπὸ</strong></span> <span class='ocrx_word' id='word_1_147' title='bbox 362 1259 422 1292; x_wconf 71' lang='grc' dir='ltr'><strong>τοῦ</strong></span> <span class='ocrx_word' id='word_1_148' title='bbox 442 1253 490 1305; x_wconf 82' lang='grc' dir='ltr'>μὴ</span> <span class='ocrx_word' id='word_1_149' title='bbox 511 1254 606 1298; x_wconf 83' lang='grc' dir='ltr'>ὄντος</span> <span class='ocrx_word' id='word_1_150' title='bbox 625 1256 673 1298; x_wconf 87' lang='grc' dir='ltr'><strong>εἰς</strong></span> <span class='ocrx_word' id='word_1_151' title='bbox 690 1254 730 1292; x_wconf 87' lang='grc' dir='ltr'><strong>’τὸ</strong></span> <span class='ocrx_word' id='word_1_152' title='bbox 749 1249 838 1293; x_wconf 68' lang='grc' dir='ltr'>εἶναι</span> <span class='ocrx_word' id='word_1_153' title='bbox 859 1259 953 1306; x_wconf 80' lang='grc' dir='ltr'>ἡμᾶς</span> <span class='ocrx_word' id='word_1_154' title='bbox 968 1272 1128 1310; x_wconf 89' lang='grc' dir='ltr'>παραγα-</span> 
     </span>
     <span class='ocr_line' id='line_1_19' title="bbox 104 1314 1126 1367; baseline 0.004 -15"><span class='ocrx_word' id='word_1_155' title='bbox 104 1314 224 1365; x_wconf 86' lang='grc' dir='ltr'>γόντα.</span> <span class='ocrx_word' id='word_1_156' title='bbox 266 1316 323 1354; x_wconf 75' lang='grc' dir='ltr'><strong>Τὰ</strong></span> <span class='ocrx_word' id='word_1_157' title='bbox 357 1315 425 1367; x_wconf 81' lang='grc' dir='ltr'><strong>γὰρ</strong></span> <span class='ocrx_word' id='word_1_158' title='bbox 456 1315 617 1367; x_wconf 71' lang='grc' dir='ltr'>πρόὸατα</span> <span class='ocrx_word' id='word_1_159' title='bbox 646 1316 740 1367; x_wconf 86' lang='grc' dir='ltr'>δῶρα</span> <span class='ocrx_word' id='word_1_160' title='bbox 765 1317 970 1366; x_wconf 79' lang='grc' dir='ltr'>ὀνομάσασα</span> <span class='ocrx_word' id='word_1_161' title='bbox 998 1320 1019 1364; x_wconf 88' lang='grc' dir='ltr'>ἡ</span> <span class='ocrx_word' id='word_1_162' title='bbox 1051 1317 1126 1356; x_wconf 87' lang='grc' dir='ltr'>θεία</span> 
     </span>
     <span class='ocr_line' id='line_1_20' title="bbox 106 1376 1124 1430; baseline 0.003 -16"><span class='ocrx_word' id='word_1_163' title='bbox 106 1376 242 1429; x_wconf 78' lang='grc' dir='ltr'>Γραφὴ,</span> <span class='ocrx_word' id='word_1_164' title='bbox 273 1376 333 1415; x_wconf 80' lang='grc' dir='ltr'><strong>καὶ</strong></span> <span class='ocrx_word' id='word_1_165' title='bbox 361 1376 406 1414; x_wconf 86' lang='grc' dir='ltr'><strong>τὰ</strong></span> <span class='ocrx_word' id='word_1_166' title='bbox 433 1377 502 1415; x_wconf 82' lang='grc' dir='ltr'><strong>ἀπὸ</strong></span> <span class='ocrx_word' id='word_1_167' title='bbox 534 1379 596 1423; x_wconf 72' lang='grc' dir='ltr'><strong>τῆς</strong></span> <span class='ocrx_word' id='word_1_168' title='bbox 627 1379 692 1428; x_wconf 77' lang='grc' dir='ltr'><strong>γῆς</strong></span> <span class='ocrx_word' id='word_1_169' title='bbox 723 1377 844 1422; x_wconf 86' lang='grc' dir='ltr'>θυσίας</span> <span class='ocrx_word' id='word_1_170' title='bbox 873 1382 1124 1430; x_wconf 77' lang='grc' dir='ltr'>προσειποῦσα,</span> 
     </span>
     <span class='ocr_line' id='line_1_21' title="bbox 104 1437 1124 1491; baseline 0.004 -17"><span class='ocrx_word' id='word_1_171' title='bbox 104 1437 262 1475; x_wconf 81' lang='grc' dir='ltr'>παιδεύει</span> <span class='ocrx_word' id='word_1_172' title='bbox 283 1440 394 1489; x_wconf 74' lang='grc' dir='ltr'>ἡμᾶς,</span> <span class='ocrx_word' id='word_1_173' title='bbox 424 1437 478 1477; x_wconf 81' lang='grc' dir='ltr'><strong>ὅτι</strong></span> <span class='ocrx_word' id='word_1_174' title='bbox 502 1437 579 1476; x_wconf 83' lang='grc' dir='ltr'>οὔτε</span> <span class='ocrx_word' id='word_1_175' title='bbox 598 1442 620 1485; x_wconf 86' lang='grc' dir='ltr'>ἡ</span> <span class='ocrx_word' id='word_1_176' title='bbox 641 1440 710 1476; x_wconf 90' lang='grc' dir='ltr'><strong>τῶν</strong></span> <span class='ocrx_word' id='word_1_177' title='bbox 738 1438 874 1491; x_wconf 84' lang='grc' dir='ltr'>ἀλόγων</span> <span class='ocrx_word' id='word_1_178' title='bbox 889 1440 1124 1491; x_wconf 83' lang='grc' dir='ltr'>προσκομιδὴ,</span> 
     </span>
     <span class='ocr_line' id='line_1_22' title="bbox 105 1497 1125 1552; baseline 0.005 -17"><span class='ocrx_word' id='word_1_179' title='bbox 105 1497 183 1536; x_wconf 78' lang='grc' dir='ltr'>οὔτε</span> <span class='ocrx_word' id='word_1_180' title='bbox 202 1502 224 1545; x_wconf 85' lang='grc' dir='ltr'>ἡ</span> <span class='ocrx_word' id='word_1_181' title='bbox 243 1501 311 1536; x_wconf 87' lang='grc' dir='ltr'><strong>τῶν</strong></span> <span class='ocrx_word' id='word_1_182' title='bbox 329 1499 399 1538; x_wconf 85' lang='grc' dir='ltr'><strong>ἀπὸ</strong></span> <span class='ocrx_word' id='word_1_183' title='bbox 416 1501 477 1545; x_wconf 74' lang='grc' dir='ltr'><strong>τῆς</strong></span> <span class='ocrx_word' id='word_1_184' title='bbox 495 1501 560 1550; x_wconf 77' lang='grc' dir='ltr'><strong>γῆς</strong></span> <span class='ocrx_word' id='word_1_185' title='bbox 573 1502 719 1552; x_wconf 81' lang='grc' dir='ltr'>καρπῶν</span> <span class='ocrx_word' id='word_1_186' title='bbox 738 1499 951 1552; x_wconf 78' lang='grc' dir='ltr'>προσαγωγὴ</span> <span class='ocrx_word' id='word_1_187' title='bbox 971 1503 1125 1547; x_wconf 87' lang='grc' dir='ltr'>ζητεῖται</span> 
     </span>
     <span class='ocr_line' id='line_1_23' title="bbox 103 1555 1125 1611; baseline 0.006 -18"><span class='ocrx_word' id='word_1_188' title='bbox 103 1555 200 1608; x_wconf 83' lang='grc' dir='ltr'>παρὰ</span> <span class='ocrx_word' id='word_1_189' title='bbox 215 1559 264 1608; x_wconf 80' lang='grc' dir='ltr'><strong>τῷ</strong></span> <span class='ocrx_word' id='word_1_190' title='bbox 278 1556 455 1608; x_wconf 85' lang='grc' dir='ltr'>Δεσπότῃ,</span> <span class='ocrx_word' id='word_1_191' title='bbox 477 1559 553 1596; x_wconf 82' lang='grc' dir='ltr'>ἀλλ’</span> <span class='ocrx_word' id='word_1_192' title='bbox 572 1561 594 1604; x_wconf 89' lang='grc' dir='ltr'>ἡ</span> <span class='ocrx_word' id='word_1_193' title='bbox 608 1561 670 1604; x_wconf 75' lang='grc' dir='ltr'><strong>τῆς</strong></span> <span class='ocrx_word' id='word_1_194' title='bbox 680 1556 823 1609; x_wconf 86' lang='grc' dir='ltr'>γνώμης</span> <span class='ocrx_word' id='word_1_195' title='bbox 840 1559 992 1604; x_wconf 78' lang='grc' dir='ltr'>διάθεσις</span> <span class='ocrx_word' id='word_1_196' title='bbox 1009 1559 1125 1611; x_wconf 83' lang='grc' dir='ltr'>μόνον.</span> 
     </span>
     <span class='ocr_line' id='line_1_24' title="bbox 102 1615 1125 1672; baseline 0.006 -18"><span class='ocrx_word' id='word_1_197' title='bbox 102 1615 211 1655; x_wconf 72' lang='lat' dir='ltr'><strong>‘&#39;Oeev</strong></span> <span class='ocrx_word' id='word_1_198' title='bbox 227 1617 286 1655; x_wconf 86' lang='grc' dir='ltr'><strong>καὶ</strong></span> <span class='ocrx_word' id='word_1_199' title='bbox 302 1622 360 1656; x_wconf 88' lang='grc' dir='ltr'><strong>νῦν</strong></span> <span class='ocrx_word' id='word_1_200' title='bbox 374 1621 392 1656; x_wconf 92' lang='lat'>6</span> <span class='ocrx_word' id='word_1_201' title='bbox 409 1617 472 1669; x_wconf 79' lang='grc' dir='ltr'><strong>μὲν</strong></span> <span class='ocrx_word' id='word_1_202' title='bbox 492 1619 553 1657; x_wconf 85' lang='grc' dir='ltr'><strong>ἀπ’</strong></span> <span class='ocrx_word' id='word_1_203' title='bbox 570 1621 676 1666; x_wconf 75' lang='grc' dir='ltr'>αὐτῆς</span> <span class='ocrx_word' id='word_1_204' title='bbox 691 1619 881 1664; x_wconf 87' lang='grc' dir='ltr'>ἀπόδεκτος</span> <span class='ocrx_word' id='word_1_205' title='bbox 897 1620 1016 1672; x_wconf 86' lang='grc' dir='ltr'>γέγονε</span> <span class='ocrx_word' id='word_1_206' title='bbox 1035 1621 1125 1672; x_wconf 87' lang='grc' dir='ltr'>μετὰ</span> 
     </span>
     <span class='ocr_line' id='line_1_25' title="bbox 102 1678 1124 1732; baseline 0.006 -17"><span class='ocrx_word' id='word_1_207' title='bbox 102 1681 162 1716; x_wconf 88' lang='grc' dir='ltr'><strong>τοῦ</strong></span> <span class='ocrx_word' id='word_1_208' title='bbox 180 1678 289 1731; x_wconf 86' lang='grc' dir='ltr'>δώρου</span> <span class='ocrx_word' id='word_1_209' title='bbox 305 1695 312 1702; x_wconf 93' lang='grc'>·</span> <span class='ocrx_word' id='word_1_210' title='bbox 332 1681 350 1717; x_wconf 84' lang='lat'>6</span> <span class='ocrx_word' id='word_1_211' title='bbox 366 1679 402 1718; x_wconf 86' lang='grc' dir='ltr'><strong>δὲ</strong></span> <span class='ocrx_word' id='word_1_212' title='bbox 417 1679 522 1717; x_wconf 81' lang='grc' dir='ltr'>πάλιν</span> <span class='ocrx_word' id='word_1_213' title='bbox 541 1679 598 1718; x_wconf 82' lang='grc' dir='ltr'><strong>διὰ</strong></span> <span class='ocrx_word' id='word_1_214' title='bbox 612 1680 742 1727; x_wconf 85' lang='grc' dir='ltr'>ταύτην</span> <span class='ocrx_word' id='word_1_215' title='bbox 758 1681 942 1728; x_wconf 66' lang='grc' dir='ltr'>ἀπεὸλήθη</span> <span class='ocrx_word' id='word_1_216' title='bbox 959 1682 1048 1732; x_wconf 84' lang='grc' dir='ltr'>μετὰ</span> <span class='ocrx_word' id='word_1_217' title='bbox 1062 1685 1124 1729; x_wconf 68' lang='grc' dir='ltr'><strong>τῆς</strong></span> 
     </span>
     <span class='ocr_line' id='line_1_26' title="bbox 103 1739 1124 1789; baseline 0.005 -12"><span class='ocrx_word' id='word_1_218' title='bbox 103 1739 235 1783; x_wconf 79' lang='grc' dir='ltr'>θυσίας.</span> <span class='ocrx_word' id='word_1_219' title='bbox 271 1741 323 1779; x_wconf 86' lang='grc' dir='ltr'><strong>Τὸ</strong></span> <span class='ocrx_word' id='word_1_220' title='bbox 343 1741 399 1789; x_wconf 84' lang='grc' dir='ltr'><strong>δὲ,</strong></span> <span class='ocrx_word' id='word_1_221' title='bbox 420 1740 580 1779; x_wconf 84' lang='grc' dir='ltr'>Ἐπεῖδεν</span> <span class='ocrx_word' id='word_1_222' title='bbox 599 1741 658 1779; x_wconf 77' lang='grc' dir='ltr'><strong>ἐπὶ</strong></span> <span class='ocrx_word' id='word_1_223' title='bbox 676 1740 794 1788; x_wconf 70' lang='grc' dir='ltr'>Ἀδελ,</span> <span class='ocrx_word' id='word_1_224' title='bbox 813 1742 873 1781; x_wconf 74' lang='grc' dir='ltr'><strong>καὶ</strong></span> <span class='ocrx_word' id='word_1_225' title='bbox 895 1742 952 1781; x_wconf 72' lang='grc' dir='ltr'><strong>ἐπὶ</strong></span> <span class='ocrx_word' id='word_1_226' title='bbox 970 1749 1041 1787; x_wconf 90' lang='grc' dir='ltr'>τοῖς</span> <span class='ocrx_word' id='word_1_227' title='bbox 1057 1743 1124 1782; x_wconf 87' lang='grc' dir='ltr'><strong>δώ-</strong></span> 
     </span>
     <span class='ocr_line' id='line_1_27' title="bbox 105 1800 1124 1851; baseline 0.005 -14"><span class='ocrx_word' id='word_1_228' title='bbox 105 1815 176 1851; x_wconf 90' lang='grc' dir='ltr'>ροις</span> <span class='ocrx_word' id='word_1_229' title='bbox 201 1803 304 1839; x_wconf 76' lang='grc' dir='ltr'>αὐτοῦ</span> <span class='ocrx_word' id='word_1_230' title='bbox 318 1829 328 1846; x_wconf 89' lang='grc'><strong>,</strong></span> <span class='ocrx_word' id='word_1_231' title='bbox 356 1801 412 1840; x_wconf 80' lang='grc' dir='ltr'><strong>ἐπὶ</strong></span> <span class='ocrx_word' id='word_1_232' title='bbox 433 1800 469 1840; x_wconf 84' lang='grc' dir='ltr'><strong>δὲ</strong></span> <span class='ocrx_word' id='word_1_233' title='bbox 493 1802 582 1840; x_wconf 84' lang='grc' dir='ltr'>Κάϊν</span> <span class='ocrx_word' id='word_1_234' title='bbox 595 1831 605 1849; x_wconf 93' lang='grc'><strong>,</strong></span> <span class='ocrx_word' id='word_1_235' title='bbox 631 1800 690 1839; x_wconf 75' lang='grc' dir='ltr'><strong>καὶ</strong></span> <span class='ocrx_word' id='word_1_236' title='bbox 708 1802 765 1840; x_wconf 75' lang='grc' dir='ltr'><strong>ἐπὶ</strong></span> <span class='ocrx_word' id='word_1_237' title='bbox 780 1808 855 1845; x_wconf 83' lang='grc' dir='ltr'>ταῖς</span> <span class='ocrx_word' id='word_1_238' title='bbox 871 1803 1004 1847; x_wconf 87' lang='grc' dir='ltr'>θυσίαις</span> <span class='ocrx_word' id='word_1_239' title='bbox 1021 1806 1124 1842; x_wconf 81' lang='grc' dir='ltr'>αὐτοῦ</span> 
     </span>
     <span class='ocr_line' id='line_1_28' title="bbox 102 1862 1124 1915; baseline 0.003 -16"><span class='ocrx_word' id='word_1_240' title='bbox 102 1863 142 1899; x_wconf 77' lang='grc' dir='ltr'><strong>οὗ</strong></span> <span class='ocrx_word' id='word_1_241' title='bbox 159 1862 344 1914; x_wconf 82' lang='grc' dir='ltr'>προσέσχε,</span> <span class='ocrx_word' id='word_1_242' title='bbox 361 1864 559 1914; x_wconf 83' lang='grc' dir='ltr'>θεοπρεπῶς</span> <span class='ocrx_word' id='word_1_243' title='bbox 573 1863 719 1912; x_wconf 89' lang='grc' dir='ltr'>νοῶμεν.</span> <span class='ocrx_word' id='word_1_244' title='bbox 737 1862 905 1901; x_wconf 83' lang='grc' dir='ltr'>Βούλεται</span> <span class='ocrx_word' id='word_1_245' title='bbox 918 1863 986 1915; x_wconf 80' lang='grc' dir='ltr'><strong>γὰρ</strong></span> <span class='ocrx_word' id='word_1_246' title='bbox 1003 1866 1124 1912; x_wconf 86' lang='grc' dir='ltr'>εἰπεῖν,</span> 
     </span>
     <span class='ocr_line' id='line_1_29' title="bbox 102 1921 1123 1976; baseline 0.006 -17"><span class='ocrx_word' id='word_1_247' title='bbox 102 1921 156 1959; x_wconf 77' lang='grc' dir='ltr'><strong>ὅτι</strong></span> <span class='ocrx_word' id='word_1_248' title='bbox 184 1922 345 1970; x_wconf 82' lang='grc' dir='ltr'>τοιαύτην</span> <span class='ocrx_word' id='word_1_249' title='bbox 376 1926 488 1967; x_wconf 80' lang='grc' dir='ltr'>αὐτοῖς</span> <span class='ocrx_word' id='word_1_250' title='bbox 511 1926 637 1975; x_wconf 89' lang='grc' dir='ltr'>γνῶσιν</span> <span class='ocrx_word' id='word_1_251' title='bbox 672 1924 830 1970; x_wconf 80' lang='grc' dir='ltr'>ἐνέθηκεν</span> <span class='ocrx_word' id='word_1_252' title='bbox 842 1953 852 1971; x_wconf 94' lang='grc'><strong>,</strong></span> <span class='ocrx_word' id='word_1_253' title='bbox 884 1923 937 1963; x_wconf 74' lang='grc' dir='ltr'><strong>ὅτι</strong></span> <span class='ocrx_word' id='word_1_254' title='bbox 967 1930 1028 1964; x_wconf 90' lang='grc' dir='ltr'><strong>τοῦ</strong></span> <span class='ocrx_word' id='word_1_255' title='bbox 1058 1926 1123 1976; x_wconf 82' lang='grc' dir='ltr'><strong>μὲν</strong></span> 
     </span>
     <span class='ocr_line' id='line_1_30' title="bbox 103 1983 1121 2038; baseline 0.005 -18"><span class='ocrx_word' id='word_1_256' title='bbox 103 1983 233 2034; x_wconf 79' lang='grc' dir='ltr'>ἠρέσθη</span> <span class='ocrx_word' id='word_1_257' title='bbox 252 1989 266 2005; x_wconf 72' lang='lat'><strong>⁶</strong></span> <span class='ocrx_word' id='word_1_258' title='bbox 277 1986 320 2034; x_wconf 76' lang='grc' dir='ltr'><strong>τῇ</strong></span> <span class='ocrx_word' id='word_1_259' title='bbox 341 1984 555 2037; x_wconf 83' lang='grc' dir='ltr'>προαιρέσει,</span> <span class='ocrx_word' id='word_1_260' title='bbox 573 1989 634 2023; x_wconf 82' lang='grc' dir='ltr'><strong>τοῦ</strong></span> <span class='ocrx_word' id='word_1_261' title='bbox 653 1985 689 2023; x_wconf 89' lang='grc' dir='ltr'><strong>δὲ</strong></span> <span class='ocrx_word' id='word_1_262' title='bbox 705 1984 916 2023; x_wconf 83' lang='grc' dir='ltr'>ἀπεσείσατο</span> <span class='ocrx_word' id='word_1_263' title='bbox 927 1986 989 2033; x_wconf 77' lang='grc' dir='ltr'><strong>τὴν</strong></span> <span class='ocrx_word' id='word_1_264' title='bbox 1004 1989 1121 2038; x_wconf 86' lang='grc' dir='ltr'>ἀγνω-</span> 
     </span>
     <span class='ocr_line' id='line_1_31' title="bbox 104 2043 1121 2097; baseline 0.005 -16"><span class='ocrx_word' id='word_1_265' title='bbox 104 2043 270 2093; x_wconf 86' lang='grc' dir='ltr'>μοσύνην.</span> <span class='ocrx_word' id='word_1_266' title='bbox 305 2044 409 2083; x_wconf 78' lang='grc' dir='ltr'>Ἀλλὰ</span> <span class='ocrx_word' id='word_1_267' title='bbox 423 2045 467 2084; x_wconf 81' lang='grc' dir='ltr'><strong>τὰ</strong></span> <span class='ocrx_word' id='word_1_268' title='bbox 481 2045 543 2096; x_wconf 85' lang='grc' dir='ltr'><strong>μὲν</strong></span> <span class='ocrx_word' id='word_1_269' title='bbox 558 2045 656 2097; x_wconf 84' lang='grc' dir='ltr'>παρὰ</span> <span class='ocrx_word' id='word_1_270' title='bbox 668 2049 727 2084; x_wconf 88' lang='grc' dir='ltr'><strong>τοῦ</strong></span> <span class='ocrx_word' id='word_1_271' title='bbox 743 2047 835 2084; x_wconf 88' lang='grc' dir='ltr'>Θεοῦ</span> <span class='ocrx_word' id='word_1_272' title='bbox 850 2051 995 2085; x_wconf 89' lang='grc' dir='ltr'>τοιαῦτα</span> <span class='ocrx_word' id='word_1_273' title='bbox 1006 2063 1014 2072; x_wconf 90' lang='lat'><strong>·</strong></span> <span class='ocrx_word' id='word_1_274' title='bbox 1036 2048 1121 2086; x_wconf 78' lang='grc' dir='ltr'>ἴδω-</span> 
     </span>
     <span class='ocr_line' id='line_1_32' title="bbox 103 2103 1120 2159; baseline 0.005 -17"><span class='ocrx_word' id='word_1_275' title='bbox 103 2120 166 2153; x_wconf 84' lang='grc' dir='ltr'><strong>μεν</strong></span> <span class='ocrx_word' id='word_1_276' title='bbox 193 2105 228 2144; x_wconf 79' lang='grc' dir='ltr'><strong>δὲ</strong></span> <span class='ocrx_word' id='word_1_277' title='bbox 254 2105 374 2144; x_wconf 85' lang='grc' dir='ltr'>λοιπὸν</span> <span class='ocrx_word' id='word_1_278' title='bbox 406 2105 450 2144; x_wconf 82' lang='grc' dir='ltr'><strong>τὰ</strong></span> <span class='ocrx_word' id='word_1_279' title='bbox 479 2105 568 2152; x_wconf 81' lang='grc' dir='ltr'>ἑξῆς.</span> <span class='ocrx_word' id='word_1_280' title='bbox 599 2103 615 2125; x_wconf 42' lang='grc' dir='ltr'>ἦ</span> <span class='ocrx_word' id='word_1_281' title='bbox 632 2105 703 2144; x_wconf 76' lang='grc' dir='ltr'><strong>Καὶ</strong></span> <span class='ocrx_word' id='word_1_282' title='bbox 731 2106 904 2154; x_wconf 81' lang='grc' dir='ltr'>ἐλύπησε,</span> <span class='ocrx_word' id='word_1_283' title='bbox 931 2108 1037 2159; x_wconf 77' lang='grc' dir='ltr'>φησὶ,</span> <span class='ocrx_word' id='word_1_284' title='bbox 1062 2108 1120 2147; x_wconf 86' lang='grc' dir='ltr'><strong>τὸν</strong></span> 
     </span>
     <span class='ocr_line' id='line_1_33' title="bbox 101 2165 1119 2220; baseline 0.004 -17"><span class='ocrx_word' id='word_1_285' title='bbox 101 2165 190 2203; x_wconf 78' lang='grc' dir='ltr'><strong>Κάῖν</strong></span> <span class='ocrx_word' id='word_1_286' title='bbox 208 2165 300 2213; x_wconf 87' lang='grc' dir='ltr'>λίαν,</span> <span class='ocrx_word' id='word_1_287' title='bbox 316 2167 374 2205; x_wconf 84' lang='grc' dir='ltr'><strong>καὶ</strong></span> <span class='ocrx_word' id='word_1_288' title='bbox 393 2166 561 2205; x_wconf 88' lang='grc' dir='ltr'>συνέπεσε</span> <span class='ocrx_word' id='word_1_289' title='bbox 579 2167 619 2205; x_wconf 84' lang='grc' dir='ltr'><strong>τὸ</strong></span> <span class='ocrx_word' id='word_1_290' title='bbox 634 2167 821 2220; x_wconf 88' lang='grc' dir='ltr'>πρόσωπον</span> <span class='ocrx_word' id='word_1_291' title='bbox 841 2170 955 2207; x_wconf 82' lang='grc' dir='ltr'>αὐτοῦ.</span> <span class='ocrx_word' id='word_1_292' title='bbox 971 2167 1019 2207; x_wconf 87' lang='grc' dir='ltr'>Τί</span> <span class='ocrx_word' id='word_1_293' title='bbox 1033 2171 1119 2218; x_wconf 81' lang='grc' dir='ltr'>ἐστι,</span> 
     </span>
     <span class='ocr_line' id='line_1_34' title="bbox 103 2226 1120 2276; baseline 0.003 -12"><span class='ocrx_word' id='word_1_294' title='bbox 103 2226 174 2264; x_wconf 78' lang='grc' dir='ltr'><strong>Καὶ</strong></span> <span class='ocrx_word' id='word_1_295' title='bbox 206 2226 356 2273; x_wconf 82' lang='grc' dir='ltr'>ἐλύπησε</span> <span class='ocrx_word' id='word_1_296' title='bbox 381 2228 440 2266; x_wconf 84' lang='grc' dir='ltr'><strong>τὸν</strong></span> <span class='ocrx_word' id='word_1_297' title='bbox 464 2227 554 2267; x_wconf 78' lang='grc' dir='ltr'>Κάϊν</span> <span class='ocrx_word' id='word_1_298' title='bbox 578 2227 674 2275; x_wconf 86' lang='grc' dir='ltr'>λίαν;</span> <span class='ocrx_word' id='word_1_299' title='bbox 704 2229 823 2274; x_wconf 80' lang='grc' dir='ltr'>Διπλῆ</span> <span class='ocrx_word' id='word_1_300' title='bbox 851 2228 897 2266; x_wconf 86' lang='grc' dir='ltr'><strong>τὰ</strong></span> <span class='ocrx_word' id='word_1_301' title='bbox 925 2231 988 2275; x_wconf 78' lang='grc' dir='ltr'><strong>τῆς</strong></span> <span class='ocrx_word' id='word_1_302' title='bbox 1006 2228 1120 2276; x_wconf 83' lang='grc' dir='ltr'>λύπης</span> 
     </span>
     <span class='ocr_line' id='line_1_35' title="bbox 101 2288 1118 2343; baseline 0.005 -19"><span class='ocrx_word' id='word_1_303' title='bbox 101 2288 196 2339; x_wconf 81' lang='grc' dir='ltr'>αὐτῷ</span> <span class='ocrx_word' id='word_1_304' title='bbox 209 2289 359 2339; x_wconf 89' lang='grc' dir='ltr'>γέγονεν,</span> <span class='ocrx_word' id='word_1_305' title='bbox 381 2291 445 2341; x_wconf 77' lang='grc' dir='ltr'><strong>οὐχ</strong></span> <span class='ocrx_word' id='word_1_306' title='bbox 463 2288 517 2326; x_wconf 80' lang='grc' dir='ltr'><strong>ὅτι</strong></span> <span class='ocrx_word' id='word_1_307' title='bbox 535 2288 636 2332; x_wconf 81' lang='grc' dir='ltr'>αὐτὸς</span> <span class='ocrx_word' id='word_1_308' title='bbox 655 2288 757 2339; x_wconf 88' lang='grc' dir='ltr'>μόνος</span> <span class='ocrx_word' id='word_1_309' title='bbox 774 2288 998 2336; x_wconf 58' lang='grc' dir='ltr'>ᾱᾶπόὸλητος</span> <span class='ocrx_word' id='word_1_310' title='bbox 1013 2290 1118 2343; x_wconf 85' lang='grc' dir='ltr'>γέγο-</span> 
     </span>
     <span class='ocr_line' id='line_1_36' title="bbox 100 2342 1117 2404; baseline 0.006 -19"><span class='ocrx_word' id='word_1_311' title='bbox 100 2363 168 2394; x_wconf 83' lang='grc' dir='ltr'>νεν,</span> <span class='ocrx_word' id='word_1_312' title='bbox 195 2348 273 2386; x_wconf 86' lang='grc' dir='ltr'>ἀλλ’</span> <span class='ocrx_word' id='word_1_313' title='bbox 299 2349 354 2387; x_wconf 78' lang='grc' dir='ltr'><strong>ὅτι</strong></span> <span class='ocrx_word' id='word_1_314' title='bbox 377 2349 437 2388; x_wconf 80' lang='grc' dir='ltr'><strong>καὶ</strong></span> <span class='ocrx_word' id='word_1_315' title='bbox 454 2342 494 2388; x_wconf 66' lang='grc' dir='ltr'>τὸ</span> <span class='ocrx_word' id='word_1_316' title='bbox 513 2354 574 2388; x_wconf 84' lang='grc' dir='ltr'><strong>τοῦ</strong></span> <span class='ocrx_word' id='word_1_317' title='bbox 593 2351 741 2402; x_wconf 84' lang='grc' dir='ltr'>ἀδελφοῦ</span> <span class='ocrx_word' id='word_1_318' title='bbox 761 2351 871 2404; x_wconf 82' lang='grc' dir='ltr'>δῶρον</span> <span class='ocrx_word' id='word_1_319' title='bbox 887 2352 1117 2404; x_wconf 78' lang='grc' dir='ltr'>προσεδέχθη.</span> 
     </span>
     <span class='ocr_line' id='line_1_37' title="bbox 100 2409 1119 2463; baseline 0.006 -17"><span class='ocrx_word' id='word_1_320' title='bbox 100 2409 171 2447; x_wconf 83' lang='grc' dir='ltr'><strong>Καὶ</strong></span> <span class='ocrx_word' id='word_1_321' title='bbox 189 2410 354 2456; x_wconf 85' lang='grc' dir='ltr'>ἐλύπησε,</span> <span class='ocrx_word' id='word_1_322' title='bbox 372 2411 471 2463; x_wconf 81' lang='grc' dir='ltr'>φησὶ,</span> <span class='ocrx_word' id='word_1_323' title='bbox 494 2412 553 2450; x_wconf 86' lang='grc' dir='ltr'><strong>τὸν</strong></span> <span class='ocrx_word' id='word_1_324' title='bbox 579 2411 669 2450; x_wconf 84' lang='grc' dir='ltr'>Κάϊν</span> <span class='ocrx_word' id='word_1_325' title='bbox 695 2411 789 2460; x_wconf 74' lang='grc' dir='ltr'>λίαν,</span> <span class='ocrx_word' id='word_1_326' title='bbox 812 2412 873 2450; x_wconf 75' lang='grc' dir='ltr'><strong>καὶ</strong></span> <span class='ocrx_word' id='word_1_327' title='bbox 892 2413 1059 2452; x_wconf 83' lang='grc' dir='ltr'>συνέπεσε</span> <span class='ocrx_word' id='word_1_328' title='bbox 1079 2413 1119 2452; x_wconf 84' lang='grc' dir='ltr'><strong>τὸ</strong></span> 
     </span>
     <span class='ocr_line' id='line_1_38' title="bbox 99 2470 1117 2527; baseline 0.005 -20"><span class='ocrx_word' id='word_1_329' title='bbox 99 2470 285 2521; x_wconf 78' lang='grc' dir='ltr'>πρόσωπον</span> <span class='ocrx_word' id='word_1_330' title='bbox 300 2473 418 2509; x_wconf 82' lang='grc' dir='ltr'>αὐτοῦ.</span> <span class='ocrx_word' id='word_1_331' title='bbox 448 2471 496 2510; x_wconf 89' lang='grc' dir='ltr'>Τί</span> <span class='ocrx_word' id='word_1_332' title='bbox 513 2470 681 2519; x_wconf 75' lang='grc' dir='ltr'>ἐλύπησεν</span> <span class='ocrx_word' id='word_1_333' title='bbox 698 2472 799 2511; x_wconf 72' lang='grc' dir='ltr'>αὐτόν</span> <span class='ocrx_word' id='word_1_334' title='bbox 815 2489 825 2520; x_wconf 90' lang='lat'>;</span> <span class='ocrx_word' id='word_1_335' title='bbox 843 2472 1039 2527; x_wconf 81' lang='grc' dir='ltr'>Ἀμφότερα</span> <span class='ocrx_word' id='word_1_336' title='bbox 1053 2476 1117 2512; x_wconf 87' lang='grc' dir='ltr'><strong>αὖ-</strong></span> 
     </span>
     <span class='ocr_line' id='line_1_39' title="bbox 99 2529 1118 2586; baseline 0.005 -19"><span class='ocrx_word' id='word_1_337' title='bbox 99 2529 157 2568; x_wconf 83' lang='grc' dir='ltr'><strong>τὸν</strong></span> <span class='ocrx_word' id='word_1_338' title='bbox 173 2530 336 2578; x_wconf 86' lang='grc' dir='ltr'>ἐλύπησε,</span> <span class='ocrx_word' id='word_1_339' title='bbox 359 2532 418 2569; x_wconf 80' lang='grc' dir='ltr'><strong>καὶ</strong></span> <span class='ocrx_word' id='word_1_340' title='bbox 435 2532 474 2570; x_wconf 83' lang='grc' dir='ltr'><strong>τὸ</strong></span> <span class='ocrx_word' id='word_1_341' title='bbox 494 2531 543 2582; x_wconf 84' lang='grc' dir='ltr'>μὴ</span> <span class='ocrx_word' id='word_1_342' title='bbox 564 2538 728 2585; x_wconf 76' lang='grc' dir='ltr'>προσχεῖν</span> <span class='ocrx_word' id='word_1_343' title='bbox 746 2536 790 2585; x_wconf 80' lang='grc' dir='ltr'><strong>τῇ</strong></span> <span class='ocrx_word' id='word_1_344' title='bbox 810 2533 911 2586; x_wconf 81' lang='grc' dir='ltr'>θυσίᾳ</span> <span class='ocrx_word' id='word_1_345' title='bbox 930 2535 1036 2572; x_wconf 78' lang='grc' dir='ltr'>αὐτοῦ</span> <span class='ocrx_word' id='word_1_346' title='bbox 1058 2534 1118 2573; x_wconf 87' lang='grc' dir='ltr'><strong>τὸν</strong></span> 
     </span>
     <span class='ocr_line' id='line_1_40' title="bbox 98 2590 1117 2645; baseline 0.006 -18"><span class='ocrx_word' id='word_1_347' title='bbox 98 2590 294 2637; x_wconf 87' lang='grc' dir='ltr'>Δεσπότην,</span> <span class='ocrx_word' id='word_1_348' title='bbox 310 2592 370 2630; x_wconf 78' lang='grc' dir='ltr'><strong>καὶ</strong></span> <span class='ocrx_word' id='word_1_349' title='bbox 388 2592 428 2630; x_wconf 86' lang='grc' dir='ltr'><strong>τὸ</strong></span> <span class='ocrx_word' id='word_1_350' title='bbox 448 2592 699 2645; x_wconf 68' lang='grc' dir='ltr'>εὖπρόσδεκτον</span> <span class='ocrx_word' id='word_1_351' title='bbox 719 2594 878 2645; x_wconf 87' lang='grc' dir='ltr'>γενέσθαι</span> <span class='ocrx_word' id='word_1_352' title='bbox 891 2594 931 2632; x_wconf 86' lang='grc' dir='ltr'><strong>τὸ</strong></span> <span class='ocrx_word' id='word_1_353' title='bbox 941 2598 1001 2633; x_wconf 87' lang='grc' dir='ltr'><strong>τοῦ</strong></span> <span class='ocrx_word' id='word_1_354' title='bbox 1016 2595 1117 2634; x_wconf 76' lang='grc' dir='ltr'>ἀδελ-</span> 
     </span>
     <span class='ocr_line' id='line_1_41' title="bbox 97 2647 1116 2705; baseline 0.006 -16"><span class='ocrx_word' id='word_1_355' title='bbox 97 2655 160 2702; x_wconf 83' lang='grc' dir='ltr'><strong>φοῦ</strong></span> <span class='ocrx_word' id='word_1_356' title='bbox 188 2652 308 2705; x_wconf 82' lang='grc' dir='ltr'>δῶρον.</span> <span class='ocrx_word' id='word_1_357' title='bbox 340 2652 425 2692; x_wconf 89' lang='grc' dir='ltr'>Δέον</span> <span class='ocrx_word' id='word_1_358' title='bbox 452 2647 509 2691; x_wconf 66' lang='grc' dir='ltr'><strong>οὖν</strong></span> <span class='ocrx_word' id='word_1_359' title='bbox 529 2653 592 2701; x_wconf 82' lang='grc' dir='ltr'><strong>τὴν</strong></span> <span class='ocrx_word' id='word_1_360' title='bbox 617 2653 730 2692; x_wconf 84' lang='grc' dir='ltr'>αἰτίαν</span> <span class='ocrx_word' id='word_1_361' title='bbox 750 2655 930 2694; x_wconf 87' lang='grc' dir='ltr'>συνειδότα</span> <span class='ocrx_word' id='word_1_362' title='bbox 949 2655 983 2701; x_wconf 84' lang='grc' dir='ltr'><strong>ἐξ</strong></span> <span class='ocrx_word' id='word_1_363' title='bbox 1004 2658 1116 2695; x_wconf 82' lang='grc' dir='ltr'>αὐτῶν</span> 
     </span>
     <span class='ocr_line' id='line_1_42' title="bbox 95 2712 1116 2770; baseline 0.007 -22"><span class='ocrx_word' id='word_1_364' title='bbox 95 2714 164 2749; x_wconf 89' lang='grc' dir='ltr'><strong>τῶν</strong></span> <span class='ocrx_word' id='word_1_365' title='bbox 183 2712 421 2764; x_wconf 82' lang='grc' dir='ltr'>γεγενημένων</span> <span class='ocrx_word' id='word_1_366' title='bbox 440 2713 692 2766; x_wconf 85' lang='grc' dir='ltr'>διορθώσασθαι</span> <span class='ocrx_word' id='word_1_367' title='bbox 706 2715 746 2754; x_wconf 82' lang='grc' dir='ltr'><strong>τὸ</strong></span> <span class='ocrx_word' id='word_1_368' title='bbox 765 2716 1038 2766; x_wconf 83' lang='grc' dir='ltr'>πλημμεληθέν·</span> <span class='ocrx_word' id='word_1_369' title='bbox 1059 2733 1116 2770; x_wconf 82' lang='grc' dir='ltr'><strong>φι-</strong></span> 
     </span>
     <span class='ocr_line' id='line_1_43' title="bbox 94 2770 1115 2830; baseline 0.009 -22"><span class='ocrx_word' id='word_1_370' title='bbox 94 2770 294 2823; x_wconf 80' lang='grc' dir='ltr'>λάνθρωπος</span> <span class='ocrx_word' id='word_1_371' title='bbox 323 2774 390 2826; x_wconf 78' lang='grc' dir='ltr'><strong>γὰρ</strong></span> <span class='ocrx_word' id='word_1_372' title='bbox 418 2774 466 2813; x_wconf 80' lang='grc' dir='ltr'><strong>ὢν</strong></span> <span class='ocrx_word' id='word_1_373' title='bbox 496 2779 514 2814; x_wconf 96' lang='lat'>6</span> <span class='ocrx_word' id='word_1_374' title='bbox 533 2776 715 2823; x_wconf 80' lang='grc' dir='ltr'>Δεσπότης</span> <span class='ocrx_word' id='word_1_375' title='bbox 737 2781 756 2816; x_wconf 97' lang='lat'>6</span> <span class='ocrx_word' id='word_1_376' title='bbox 774 2776 955 2830; x_wconf 78' lang='grc' dir='ltr'>ἡμέτερος,</span> <span class='ocrx_word' id='word_1_377' title='bbox 976 2778 1115 2817; x_wconf 80' lang='grc' dir='ltr'>ἐπειδάν</span> 
     </span>
     <span class='ocr_line' id='line_1_44' title="bbox 94 2835 1116 2892; baseline 0.009 -23"><span class='ocrx_word' id='word_1_378' title='bbox 94 2847 129 2869; x_wconf 91' lang='grc' dir='ltr'><strong>τι</strong></span> <span class='ocrx_word' id='word_1_379' title='bbox 159 2835 493 2887; x_wconf 80' lang='grc' dir='ltr'>πλημμελήσωμεν,</span> <span class='ocrx_word' id='word_1_380' title='bbox 523 2838 587 2890; x_wconf 65' lang='grc' dir='ltr'>οὐχ</span> <span class='ocrx_word' id='word_1_381' title='bbox 617 2838 724 2884; x_wconf 79' lang='grc' dir='ltr'>οὕτως</span> <span class='ocrx_word' id='word_1_382' title='bbox 744 2843 839 2890; x_wconf 79' lang='grc' dir='ltr'>ἡμᾶς</span> <span class='ocrx_word' id='word_1_383' title='bbox 858 2840 1116 2892; x_wconf 74' lang='grc' dir='ltr'>ἀποστρέφεται</span> 
     </span>
     <span class='ocr_line' id='line_1_45' title="bbox 94 2892 1114 2954; baseline 0.012 -25"><span class='ocrx_word' id='word_1_384' title='bbox 94 2892 152 2931; x_wconf 79' lang='grc' dir='ltr'><strong>διὰ</strong></span> <span class='ocrx_word' id='word_1_385' title='bbox 183 2894 223 2932; x_wconf 89' lang='grc' dir='ltr'><strong>τὸ</strong></span> <span class='ocrx_word' id='word_1_386' title='bbox 250 2897 514 2947; x_wconf 80' lang='grc' dir='ltr'>πλημμεληθὲν,</span> <span class='ocrx_word' id='word_1_387' title='bbox 544 2901 592 2942; x_wconf 83' lang='grc' dir='ltr'><strong>ὡς</strong></span> <span class='ocrx_word' id='word_1_388' title='bbox 623 2900 764 2939; x_wconf 83' lang='grc' dir='ltr'>ἐπειδὰν</span> <span class='ocrx_word' id='word_1_389' title='bbox 793 2900 1027 2952; x_wconf 81' lang='grc' dir='ltr'>ἐπιμείνωμεν</span> <span class='ocrx_word' id='word_1_390' title='bbox 1063 2903 1114 2954; x_wconf 75' lang='grc' dir='ltr'><strong>τῷ</strong></span> 
     </span>
     <span class='ocr_line' id='line_1_46' title="bbox 92 2955 1059 3010; baseline 0.01 -20"><span class='ocrx_word' id='word_1_391' title='bbox 92 2955 385 3007; x_wconf 82' lang='grc' dir='ltr'>πλημμελήματι·</span> <span class='ocrx_word' id='word_1_392' title='bbox 406 2959 425 2995; x_wconf 81' lang='lat'>6</span> <span class='ocrx_word' id='word_1_393' title='bbox 443 2957 479 2996; x_wconf 82' lang='grc' dir='ltr'><strong>δὲ</strong></span> <span class='ocrx_word' id='word_1_394' title='bbox 494 2957 594 3010; x_wconf 86' lang='grc' dir='ltr'>λόγον</span> <span class='ocrx_word' id='word_1_395' title='bbox 616 2960 738 2999; x_wconf 78' lang='grc' dir='ltr'>οὐδένα</span> <span class='ocrx_word' id='word_1_396' title='bbox 756 2961 876 3000; x_wconf 90' lang='grc' dir='ltr'>τούτου</span> <span class='ocrx_word' id='word_1_397' title='bbox 895 2968 1059 3000; x_wconf 87' lang='grc' dir='ltr'>ποιεῖται.</span> 
     </span>
     <span class='ocr_line' id='line_1_47' title="bbox 144 3015 1112 3075; baseline 0.007 -22"><span class='ocrx_word' id='word_1_398' title='bbox 144 3015 215 3054; x_wconf 82' lang='grc' dir='ltr'><strong>Καὶ</strong></span> <span class='ocrx_word' id='word_1_399' title='bbox 241 3015 300 3054; x_wconf 73' lang='grc' dir='ltr'><strong>ἵνα</strong></span> <span class='ocrx_word' id='word_1_400' title='bbox 321 3019 423 3056; x_wconf 83' lang='grc' dir='ltr'>τοῦτο</span> <span class='ocrx_word' id='word_1_401' title='bbox 449 3018 563 3071; x_wconf 81' lang='grc' dir='ltr'>μάθῃς</span> <span class='ocrx_word' id='word_1_402' title='bbox 589 3016 761 3072; x_wconf 66' lang='grc' dir='ltr'>ἀκριὸῶς,</span> <span class='ocrx_word' id='word_1_403' title='bbox 788 3022 849 3060; x_wconf 76' lang='grc' dir='ltr'><strong>καὶ</strong></span> <span class='ocrx_word' id='word_1_404' title='bbox 878 3021 954 3074; x_wconf 84' lang='grc' dir='ltr'>ἴδῃς</span> <span class='ocrx_word' id='word_1_405' title='bbox 980 3023 1112 3075; x_wconf 78' lang='grc' dir='ltr'>ἄφατον</span> 
     </span>
     <span class='ocr_line' id='line_1_48' title="bbox 93 3074 1108 3134; baseline 0.008 -21"><span class='ocrx_word' id='word_1_406' title='bbox 93 3074 233 3126; x_wconf 75' lang='grc' dir='ltr'>μέγεθος</span> <span class='ocrx_word' id='word_1_407' title='bbox 251 3078 531 3130; x_wconf 84' lang='grc' dir='ltr'>φιλανθρωπίας,</span> <span class='ocrx_word' id='word_1_408' title='bbox 553 3080 675 3120; x_wconf 85' lang='grc' dir='ltr'>σκόπει</span> <span class='ocrx_word' id='word_1_409' title='bbox 695 3085 735 3121; x_wconf 85' lang='grc' dir='ltr'><strong>ἐκ</strong></span> <span class='ocrx_word' id='word_1_410' title='bbox 755 3085 824 3121; x_wconf 89' lang='grc' dir='ltr'><strong>τῶν</strong></span> <span class='ocrx_word' id='word_1_411' title='bbox 841 3088 898 3121; x_wconf 89' lang='grc' dir='ltr'><strong>νῦν</strong></span> <span class='ocrx_word' id='word_1_412' title='bbox 918 3082 1108 3134; x_wconf 85' lang='grc' dir='ltr'>γινομένων</span> 
     </span>
     <span class='ocr_line' id='line_1_49' title="bbox 91 3137 1106 3196; baseline 0.009 -23"><span class='ocrx_word' id='word_1_413' title='bbox 91 3137 152 3181; x_wconf 79' lang='grc' dir='ltr'><strong>τῆς</strong></span> <span class='ocrx_word' id='word_1_414' title='bbox 169 3137 378 3188; x_wconf 80' lang='grc' dir='ltr'>ἄγαθότητος</span> <span class='ocrx_word' id='word_1_415' title='bbox 399 3141 501 3179; x_wconf 80' lang='grc' dir='ltr'>αὐτοῦ</span> <span class='ocrx_word' id='word_1_416' title='bbox 515 3140 579 3188; x_wconf 79' lang='grc' dir='ltr'><strong>τὴν</strong></span> <span class='ocrx_word' id='word_1_417' title='bbox 597 3142 794 3196; x_wconf 72' lang='grc' dir='ltr'>ὑπερὸολὴν</span> <span class='ocrx_word' id='word_1_418' title='bbox 805 3171 816 3190; x_wconf 87' lang='grc'><strong>,</strong></span> <span class='ocrx_word' id='word_1_419' title='bbox 834 3143 893 3181; x_wconf 80' lang='grc' dir='ltr'><strong>καὶ</strong></span> <span class='ocrx_word' id='word_1_420' title='bbox 911 3145 974 3189; x_wconf 75' lang='grc' dir='ltr'><strong>τῆς</strong></span> <span class='ocrx_word' id='word_1_421' title='bbox 990 3142 1106 3188; x_wconf 81' lang='grc' dir='ltr'>ἀνεξι-</span> 
     </span>
    </p>
   </div>
   <div class='ocr_carea' id='block_1_3' title="bbox 90 3257 1091 3412">
    <p class='ocr_par' dir='ltr' id='par_1_3' title="bbox 90 3257 1091 3412">
     <span class='ocr_line' id='line_1_50' title="bbox 135 3257 1091 3309; baseline 0.01 -21"><span class='ocrx_word' id='word_1_422' title='bbox 135 3257 152 3281; x_wconf 74' lang='lat' dir='ltr'><strong>b</strong></span> <span class='ocrx_word' id='word_1_423' title='bbox 169 3257 305 3293; x_wconf 87' lang='lat' dir='ltr'><strong>Coislin.</strong></span> <span class='ocrx_word' id='word_1_424' title='bbox 322 3267 376 3300; x_wconf 79' lang='grc' dir='ltr'><strong>τὴν</strong></span> <span class='ocrx_word' id='word_1_425' title='bbox 387 3265 539 3302; x_wconf 68' lang='grc' dir='ltr'>ἀλήθειαν.</span> <span class='ocrx_word' id='word_1_426' title='bbox 554 3264 688 3298; x_wconf 83' lang='lat' dir='ltr'>Ibidem</span> <span class='ocrx_word' id='word_1_427' title='bbox 703 3265 805 3299; x_wconf 84' lang='lat' dir='ltr'><strong>Savil.</strong></span> <span class='ocrx_word' id='word_1_428' title='bbox 825 3273 859 3298; x_wconf 88' lang='lat' dir='ltr'><strong>et</strong></span> <span class='ocrx_word' id='word_1_429' title='bbox 874 3265 1000 3309; x_wconf 79' lang='lat' dir='ltr'>aliquot</span> <span class='ocrx_word' id='word_1_430' title='bbox 1016 3267 1091 3300; x_wconf 80' lang='lat' dir='ltr'><strong>Mss.</strong></span> 
     </span>
     <span class='ocr_line' id='line_1_51' title="bbox 90 3313 988 3358; baseline 0.011 -16"><span class='ocrx_word' id='word_1_431' title='bbox 90 3314 124 3342; x_wconf 82' lang='grc' dir='ltr'><strong>τὸ</strong></span> <span class='ocrx_word' id='word_1_432' title='bbox 140 3313 195 3351; x_wconf 72' lang='grc' dir='ltr'><strong>μὲν</strong></span> <span class='ocrx_word' id='word_1_433' title='bbox 216 3317 274 3357; x_wconf 76' lang='grc' dir='ltr'><strong>γὰρ</strong></span> <span class='ocrx_word' id='word_1_434' title='bbox 289 3317 387 3347; x_wconf 71' lang='grc' dir='ltr'>εἰπεῖν.</span> <span class='ocrx_word' id='word_1_435' title='bbox 406 3315 496 3347; x_wconf 79' lang='lat' dir='ltr'><strong>Infra</strong></span> <span class='ocrx_word' id='word_1_436' title='bbox 514 3315 613 3350; x_wconf 78' lang='lat' dir='ltr'><strong>iidem</strong></span> <span class='ocrx_word' id='word_1_437' title='bbox 636 3325 670 3354; x_wconf 82' lang='grc' dir='ltr'>τὸ</span> <span class='ocrx_word' id='word_1_438' title='bbox 686 3321 717 3353; x_wconf 74' lang='lat' dir='ltr'><strong>6¹ae</strong></span> <span class='ocrx_word' id='word_1_439' title='bbox 739 3323 838 3358; x_wconf 72' lang='grc' dir='ltr'>θυσίας</span> <span class='ocrx_word' id='word_1_440' title='bbox 854 3323 988 3354; x_wconf 72' lang='grc' dir='ltr'>καλέσαι.</span> 
     </span>
     <span class='ocr_line' id='line_1_52' title="bbox 134 3361 490 3412; baseline 0.017 -19"><span class='ocrx_word' id='word_1_441' title='bbox 134 3372 146 3386; x_wconf 67' lang='lat'>⁶</span> <span class='ocrx_word' id='word_1_442' title='bbox 165 3361 224 3395; x_wconf 75' lang='lat' dir='ltr'><strong>Alii</strong></span> <span class='ocrx_word' id='word_1_443' title='bbox 240 3371 293 3403; x_wconf 63' lang='grc' dir='ltr'><strong>τὴν</strong></span> <span class='ocrx_word' id='word_1_444' title='bbox 311 3371 490 3412; x_wconf 71' lang='grc' dir='ltr'>προαίρεσιν.</span> 
     </span>
    </p>
   </div>
   <div class='ocr_carea' id='block_1_4' title="bbox 1048 193 1406 226">
    <p class='ocr_par' dir='ltr' id='par_1_4' title="bbox 1048 193 1406 226">
     <span class='ocr_line' id='line_1_53' title="bbox 1048 193 1406 226; baseline 0 -2"><span class='ocrx_word' id='word_1_445' title='bbox 1048 193 1211 226; x_wconf 81' lang='lat' dir='ltr'>GENES.</span> <span class='ocrx_word' id='word_1_446' title='bbox 1249 195 1406 226; x_wconf 70' lang='lat' dir='ltr'><strong>nomn„</strong></span> 
     </span>
    </p>
   </div>
   <div class='ocr_carea' id='block_1_5' title="bbox 1449 186 2164 246">
    <p class='ocr_par' dir='ltr' id='par_1_5' title="bbox 1449 186 2164 246">
     <span class='ocr_line' id='line_1_54' title="bbox 1449 186 2164 246; baseline 0.003 -18"><span class='ocrx_word' id='word_1_447' title='bbox 1449 197 1584 228; x_wconf 79' lang='lat' dir='ltr'><strong>xvm.</strong></span> <span class='ocrx_word' id='word_1_448' title='bbox 2083 186 2164 246; x_wconf 81' lang='lat'><strong>187</strong></span> 
     </span>
    </p>
   </div>
   <div class='ocr_carea' id='block_1_6' title="bbox 1127 280 2172 2948">
    <p class='ocr_par' dir='ltr' id='par_1_6' title="bbox 1127 280 2172 2948">
     <span class='ocr_line' id='line_1_55' title="bbox 1204 280 2158 333; baseline 0.004 -16"><span class='ocrx_word' id='word_1_449' title='bbox 1204 280 1258 317; x_wconf 87' lang='lat' dir='ltr'><strong>ad</strong></span> <span class='ocrx_word' id='word_1_450' title='bbox 1272 280 1469 333; x_wconf 83' lang='lat' dir='ltr'><strong>sacrificia</strong></span> <span class='ocrx_word' id='word_1_451' title='bbox 1497 283 1616 332; x_wconf 81' lang='lat' dir='ltr'><strong>ipsius</strong></span> <span class='ocrx_word' id='word_1_452' title='bbox 1652 294 1729 318; x_wconf 86' lang='lat' dir='ltr'><strong>non</strong></span> <span class='ocrx_word' id='word_1_453' title='bbox 1750 281 1929 318; x_wconf 81' lang='lat' dir='ltr'><strong>attendit.</strong></span> <span class='ocrx_word' id='word_1_454' title='bbox 1949 282 2042 327; x_wconf 79' lang='lat' dir='ltr'><strong>Quia</strong></span> <span class='ocrx_word' id='word_1_455' title='bbox 2066 293 2158 321; x_wconf 66' lang='lat' dir='ltr'><strong>rocta</strong></span> 
     </span>
     <span class='ocr_line' id='line_1_56' title="bbox 1203 341 2160 394; baseline 0.001 -15"><span class='ocrx_word' id='word_1_456' title='bbox 1203 341 1407 389; x_wconf 87' lang='lat' dir='ltr'><strong>intentione,</strong></span> <span class='ocrx_word' id='word_1_457' title='bbox 1417 351 1450 380; x_wconf 88' lang='lat' dir='ltr'><strong>et</strong></span> <span class='ocrx_word' id='word_1_458' title='bbox 1464 342 1599 380; x_wconf 86' lang='lat' dir='ltr'><strong>sincera</strong></span> <span class='ocrx_word' id='word_1_459' title='bbox 1612 351 1727 380; x_wconf 90' lang='lat' dir='ltr'><strong>mente</strong></span> <span class='ocrx_word' id='word_1_460' title='bbox 1736 342 1914 380; x_wconf 87' lang='lat' dir='ltr'><strong>obtulerat</strong></span> <span class='ocrx_word' id='word_1_461' title='bbox 1928 342 2160 394; x_wconf 77' lang='lat' dir='ltr'><strong>Abel‚Aspe-</strong></span> 
     </span>
     <span class='ocr_line' id='line_1_57' title="bbox 1203 403 2161 456; baseline 0.001 -16"><span class='ocrx_word' id='word_1_462' title='bbox 1203 405 1275 449; x_wconf 64' lang='lat' dir='ltr'><strong>xit,</strong></span> <span class='ocrx_word' id='word_1_463' title='bbox 1297 403 1424 454; x_wconf 76' lang='lat' dir='ltr'><strong>inquit,</strong></span> <span class='ocrx_word' id='word_1_464' title='bbox 1444 405 1563 451; x_wconf 85' lang='lat' dir='ltr'><strong>Deus,</strong></span> <span class='ocrx_word' id='word_1_465' title='bbox 1588 404 1654 442; x_wconf 88' lang='lat' dir='ltr'><strong>hoc</strong></span> <span class='ocrx_word' id='word_1_466' title='bbox 1679 413 1742 452; x_wconf 86' lang='lat' dir='ltr'><strong>est,</strong></span> <span class='ocrx_word' id='word_1_467' title='bbox 1763 403 1913 456; x_wconf 86' lang='lat' dir='ltr'><strong>accepit,</strong></span> <span class='ocrx_word' id='word_1_468' title='bbox 1936 412 2077 454; x_wconf 81' lang='lat' dir='ltr'><strong>gratum</strong></span> <span class='ocrx_word' id='word_1_469' title='bbox 2096 405 2161 441; x_wconf 75' lang='lat' dir='ltr'><strong>lna-</strong></span> 
     </span>
     <span class='ocr_line' id='line_1_58' title="bbox 1202 463 2159 513; baseline 0.001 -13"><span class='ocrx_word' id='word_1_470' title='bbox 1202 463 1295 507; x_wconf 77' lang='lat' dir='ltr'><strong>huit,</strong></span> <span class='ocrx_word' id='word_1_471' title='bbox 1315 463 1499 513; x_wconf 84' lang='lat' dir='ltr'><strong>laudavit3</strong></span> <span class='ocrx_word' id='word_1_472' title='bbox 1517 473 1684 502; x_wconf 81' lang='lat' dir='ltr'><strong>caeterum</strong></span> <span class='ocrx_word' id='word_1_473' title='bbox 1701 464 1820 502; x_wconf 82' lang='lat' dir='ltr'><strong>oblata</strong></span> <span class='ocrx_word' id='word_1_474' title='bbox 1838 464 1980 502; x_wconf 83' lang='lat' dir='ltr'><strong>vocavit</strong></span> <span class='ocrx_word' id='word_1_475' title='bbox 1993 463 2101 513; x_wconf 84' lang='lat' dir='ltr'><strong>dona,</strong></span> <span class='ocrx_word' id='word_1_476' title='bbox 2121 474 2159 502; x_wconf 90' lang='lat' dir='ltr'><strong>ut</strong></span> 
     </span>
     <span class='ocr_line' id='line_1_59' title="bbox 1202 525 2160 578; baseline 0.001 -16"><span class='ocrx_word' id='word_1_477' title='bbox 1202 537 1264 576; x_wconf 85' lang='lat' dir='ltr'><strong>per</strong></span> <span class='ocrx_word' id='word_1_478' title='bbox 1280 525 1346 563; x_wconf 84' lang='lat' dir='ltr'><strong>hoc</strong></span> <span class='ocrx_word' id='word_1_479' title='bbox 1362 526 1543 564; x_wconf 77' lang='lat' dir='ltr'><strong>offerentis</strong></span> <span class='ocrx_word' id='word_1_480' title='bbox 1562 526 1682 564; x_wconf 84' lang='lat' dir='ltr'><strong>animo</strong></span> <span class='ocrx_word' id='word_1_481' title='bbox 1699 526 1871 578; x_wconf 87' lang='lat' dir='ltr'><strong>majorem</strong></span> <span class='ocrx_word' id='word_1_482' title='bbox 1885 525 2054 564; x_wconf 88' lang='lat' dir='ltr'><strong>honorem</strong></span> <span class='ocrx_word' id='word_1_483' title='bbox 2069 540 2160 578; x_wconf 68' lang='lat' dir='ltr'><strong>prze-</strong></span> 
     </span>
     <span class='ocr_line' id='line_1_60' title="bbox 1201 585 2161 640; baseline 0.002 -17"><span class='ocrx_word' id='word_1_484' title='bbox 1201 585 1313 623; x_wconf 90' lang='lat' dir='ltr'><strong>beret.</strong></span> <span class='ocrx_word' id='word_1_485' title='bbox 1338 588 1409 625; x_wconf 77' lang='lat' dir='ltr'><strong>Ad</strong></span> <span class='ocrx_word' id='word_1_486' title='bbox 1438 589 1539 625; x_wconf 84' lang='lat' dir='ltr'><strong>Cain</strong></span> <span class='ocrx_word' id='word_1_487' title='bbox 1570 597 1715 633; x_wconf 83' lang='lat' dir='ltr'><strong>autem,</strong></span> <span class='ocrx_word' id='word_1_488' title='bbox 1746 597 1781 625; x_wconf 85' lang='lat' dir='ltr'><strong>et</strong></span> <span class='ocrx_word' id='word_1_489' title='bbox 1807 589 1862 625; x_wconf 82' lang='lat' dir='ltr'><strong>ad</strong></span> <span class='ocrx_word' id='word_1_490' title='bbox 1886 588 2084 640; x_wconf 73' lang='lat' dir='ltr'><strong>sacrificia</strong></span> <span class='ocrx_word' id='word_1_491' title='bbox 2113 589 2161 625; x_wconf 88' lang='lat' dir='ltr'><strong>il-</strong></span> 
     </span>
     <span class='ocr_line' id='line_1_61' title="bbox 1203 646 2159 700; baseline 0.004 -18"><span class='ocrx_word' id='word_1_492' title='bbox 1203 646 1278 683; x_wconf 82' lang='lat' dir='ltr'><strong>lius</strong></span> <span class='ocrx_word' id='word_1_493' title='bbox 1299 661 1376 684; x_wconf 89' lang='lat' dir='ltr'><strong>non</strong></span> <span class='ocrx_word' id='word_1_494' title='bbox 1396 650 1575 685; x_wconf 81' lang='lat' dir='ltr'><strong>attendit.</strong></span> <span class='ocrx_word' id='word_1_495' title='bbox 1596 648 1852 686; x_wconf 81' lang='lat' dir='ltr'><strong>Animadverte</strong></span> <span class='ocrx_word' id='word_1_496' title='bbox 1865 648 2060 700; x_wconf 63' lang='lat' dir='ltr'><strong>Scriptura!</strong></span> <span class='ocrx_word' id='word_1_497' title='bbox 2073 648 2159 686; x_wconf 89' lang='lat' dir='ltr'><strong>dili-</strong></span> 
     </span>
     <span class='ocr_line' id='line_1_62' title="bbox 1201 707 2159 757; baseline 0.004 -14"><span class='ocrx_word' id='word_1_498' title='bbox 1201 707 1370 757; x_wconf 77' lang='lat' dir='ltr'>gentiam.</span> <span class='ocrx_word' id='word_1_499' title='bbox 1389 708 1481 744; x_wconf 86' lang='lat' dir='ltr'><strong>Gum</strong></span> <span class='ocrx_word' id='word_1_500' title='bbox 1497 707 1607 755; x_wconf 85' lang='lat' dir='ltr'>dixit,</span> <span class='ocrx_word' id='word_1_501' title='bbox 1628 710 1718 745; x_wconf 85' lang='lat' dir='ltr'><strong>Non</strong></span> <span class='ocrx_word' id='word_1_502' title='bbox 1740 710 1921 756; x_wconf 84' lang='lat' dir='ltr'><strong>attendit,</strong></span> <span class='ocrx_word' id='word_1_503' title='bbox 1944 710 2159 747; x_wconf 76' lang='lat' dir='ltr'><strong>monstravit</strong></span> 
     </span>
     <span class='ocr_line' id='line_1_63' title="bbox 1200 767 2160 818; baseline 0.006 -15"><span class='ocrx_word' id='word_1_504' title='bbox 1200 767 1487 818; x_wconf 82' lang='lat' dir='ltr'><strong>reprobationem</strong></span> <span class='ocrx_word' id='word_1_505' title='bbox 1524 768 1726 806; x_wconf 86' lang='lat' dir='ltr'><strong>oblatorum</strong></span> <span class='ocrx_word' id='word_1_506' title='bbox 1749 785 1757 805; x_wconf 92' lang='lat'>:</span> <span class='ocrx_word' id='word_1_507' title='bbox 1784 778 1818 806; x_wconf 94' lang='lat' dir='ltr'><strong>et</strong></span> <span class='ocrx_word' id='word_1_508' title='bbox 1852 784 1933 807; x_wconf 87' lang='lat' dir='ltr'><strong>cum</strong></span> <span class='ocrx_word' id='word_1_509' title='bbox 1963 771 2160 809; x_wconf 81' lang='lat' dir='ltr'><strong>oblationes</strong></span> 
     </span>
     <span class='ocr_line' id='line_1_64' title="bbox 1198 827 2157 875; baseline 0.006 -12"><span class='ocrx_word' id='word_1_510' title='bbox 1198 827 1380 865; x_wconf 87' lang='lat' dir='ltr'><strong>fructuum</strong></span> <span class='ocrx_word' id='word_1_511' title='bbox 1397 837 1498 866; x_wconf 82' lang='lat' dir='ltr'><strong>terrae</strong></span> <span class='ocrx_word' id='word_1_512' title='bbox 1518 828 1691 866; x_wconf 85' lang='lat' dir='ltr'><strong>sacrificia</strong></span> <span class='ocrx_word' id='word_1_513' title='bbox 1706 838 1824 875; x_wconf 86' lang='lat' dir='ltr'><strong>vocat,</strong></span> <span class='ocrx_word' id='word_1_514' title='bbox 1845 829 1942 867; x_wconf 86' lang='lat' dir='ltr'><strong>aliud</strong></span> <span class='ocrx_word' id='word_1_515' title='bbox 1960 845 2024 868; x_wconf 86' lang='lat' dir='ltr'><strong>nos</strong></span> <span class='ocrx_word' id='word_1_516' title='bbox 2043 831 2157 870; x_wconf 80' lang='lat' dir='ltr'><strong>docet.</strong></span> 
     </span>
     <span class='ocr_line' id='line_1_65' title="bbox 1199 887 2160 941; baseline 0.001 -14"><span class='ocrx_word' id='word_1_517' title='bbox 1199 887 1483 939; x_wconf 84' lang='lat' dir='ltr'><strong>Videquomodo</strong></span> <span class='ocrx_word' id='word_1_518' title='bbox 1495 903 1558 941; x_wconf 90' lang='lat' dir='ltr'><strong>per</strong></span> <span class='ocrx_word' id='word_1_519' title='bbox 1571 889 1663 927; x_wconf 79' lang='lat' dir='ltr'><strong>facta</strong></span> <span class='ocrx_word' id='word_1_520' title='bbox 1677 898 1711 927; x_wconf 90' lang='lat' dir='ltr'><strong>et</strong></span> <span class='ocrx_word' id='word_1_521' title='bbox 1724 889 1832 927; x_wconf 76' lang='lat' dir='ltr'><strong>verba</strong></span> <span class='ocrx_word' id='word_1_522' title='bbox 1849 890 1925 941; x_wconf 90' lang='lat' dir='ltr'><strong>ipsa</strong></span> <span class='ocrx_word' id='word_1_523' title='bbox 1944 890 2069 928; x_wconf 80' lang='lat' dir='ltr'><strong>doceat</strong></span> <span class='ocrx_word' id='word_1_524' title='bbox 2087 893 2160 929; x_wconf 87' lang='lat' dir='ltr'><strong>Do-</strong></span> 
     </span>
     <span class='ocr_line' id='line_1_66' title="bbox 1198 947 2158 1002; baseline 0.003 -16"><span class='ocrx_word' id='word_1_525' title='bbox 1198 947 1331 995; x_wconf 81' lang='lat' dir='ltr'><strong>minus,</strong></span> <span class='ocrx_word' id='word_1_526' title='bbox 1351 963 1387 987; x_wconf 91' lang='lat' dir='ltr'><strong>se</strong></span> <span class='ocrx_word' id='word_1_527' title='bbox 1409 949 1486 988; x_wconf 82' lang='lat' dir='ltr'><strong>haec</strong></span> <span class='ocrx_word' id='word_1_528' title='bbox 1504 950 1623 988; x_wconf 82' lang='lat' dir='ltr'><strong>omnia</strong></span> <span class='ocrx_word' id='word_1_529' title='bbox 1642 964 1662 987; x_wconf 87' lang='lat' dir='ltr'><strong>a</strong></span> <span class='ocrx_word' id='word_1_530' title='bbox 1682 950 1785 988; x_wconf 85' lang='lat' dir='ltr'><strong>nobis</strong></span> <span class='ocrx_word' id='word_1_531' title='bbox 1804 950 1899 988; x_wconf 86' lang='lat' dir='ltr'><strong>velle</strong></span> <span class='ocrx_word' id='word_1_532' title='bbox 1924 952 2097 1002; x_wconf 75' lang='lat' dir='ltr'><strong>przestari,</strong></span> <span class='ocrx_word' id='word_1_533' title='bbox 2120 962 2158 990; x_wconf 89' lang='lat' dir='ltr'><strong>ut</strong></span> 
     </span>
     <span class='ocr_line' id='line_1_67' title="bbox 1197 1007 2160 1060; baseline 0.005 -16"><span class='ocrx_word' id='word_1_534' title='bbox 1197 1007 1308 1045; x_wconf 86' lang='lat' dir='ltr'><strong>animi</strong></span> <span class='ocrx_word' id='word_1_535' title='bbox 1329 1008 1440 1046; x_wconf 85' lang='lat' dir='ltr'>nostri</span> <span class='ocrx_word' id='word_1_536' title='bbox 1460 1022 1524 1060; x_wconf 90' lang='lat' dir='ltr'><strong>per</strong></span> <span class='ocrx_word' id='word_1_537' title='bbox 1543 1022 1580 1046; x_wconf 88' lang='lat' dir='ltr'><strong>ea</strong></span> <span class='ocrx_word' id='word_1_538' title='bbox 1601 1022 1681 1059; x_wconf 82' lang='lat' dir='ltr'><strong>quae</strong></span> <span class='ocrx_word' id='word_1_539' title='bbox 1697 1023 1716 1046; x_wconf 91' lang='lat' dir='ltr'><strong>a</strong></span> <span class='ocrx_word' id='word_1_540' title='bbox 1739 1009 1843 1047; x_wconf 88' lang='lat' dir='ltr'><strong>nobis</strong></span> <span class='ocrx_word' id='word_1_541' title='bbox 1856 1009 1961 1058; x_wconf 85' lang='lat' dir='ltr'><strong>fiunt,</strong></span> <span class='ocrx_word' id='word_1_542' title='bbox 1982 1010 2160 1049; x_wconf 82' lang='lat' dir='ltr'>manifesti</span> 
     </span>
     <span class='ocr_line' id='line_1_68' title="bbox 1197 1068 2160 1118; baseline 0.004 -13"><span class='ocrx_word' id='word_1_543' title='bbox 1197 1068 1407 1118; x_wconf 81' lang='lat' dir='ltr'><strong>reddantur,</strong></span> <span class='ocrx_word' id='word_1_544' title='bbox 1428 1078 1462 1107; x_wconf 86' lang='lat' dir='ltr'><strong>et</strong></span> <span class='ocrx_word' id='word_1_545' title='bbox 1482 1078 1521 1106; x_wconf 93' lang='lat' dir='ltr'><strong>ut</strong></span> <span class='ocrx_word' id='word_1_546' title='bbox 1539 1069 1692 1108; x_wconf 84' lang='lat' dir='ltr'><strong>sciamus</strong></span> <span class='ocrx_word' id='word_1_547' title='bbox 1718 1083 1782 1108; x_wconf 91' lang='lat' dir='ltr'><strong>nos</strong></span> <span class='ocrx_word' id='word_1_548' title='bbox 1802 1070 1999 1108; x_wconf 91' lang='lat' dir='ltr'><strong>Dominum</strong></span> <span class='ocrx_word' id='word_1_549' title='bbox 2029 1071 2160 1110; x_wconf 87' lang='lat' dir='ltr'><strong>habere</strong></span> 
     </span>
     <span class='ocr_line' id='line_1_69' title="bbox 1196 1129 2160 1181; baseline 0.002 -13"><span class='ocrx_word' id='word_1_550' title='bbox 1196 1138 1230 1168; x_wconf 88' lang='lat' dir='ltr'><strong>et</strong></span> <span class='ocrx_word' id='word_1_551' title='bbox 1252 1129 1482 1169; x_wconf 84' lang='lat' dir='ltr'><strong>Conditorem</strong></span> <span class='ocrx_word' id='word_1_552' title='bbox 1497 1144 1577 1168; x_wconf 91' lang='lat' dir='ltr'><strong>eum</strong></span> <span class='ocrx_word' id='word_1_553' title='bbox 1592 1131 1654 1181; x_wconf 88' lang='lat' dir='ltr'><strong>qui</strong></span> <span class='ocrx_word' id='word_1_554' title='bbox 1669 1145 1715 1168; x_wconf 81' lang='lat' dir='ltr'><strong>ex</strong></span> <span class='ocrx_word' id='word_1_555' title='bbox 1728 1130 1844 1169; x_wconf 90' lang='lat' dir='ltr'><strong>nihilo</strong></span> <span class='ocrx_word' id='word_1_556' title='bbox 1859 1145 1923 1169; x_wconf 89' lang='lat' dir='ltr'><strong>nos</strong></span> <span class='ocrx_word' id='word_1_557' title='bbox 1950 1140 1990 1169; x_wconf 89' lang='lat' dir='ltr'><strong>ut</strong></span> <span class='ocrx_word' id='word_1_558' title='bbox 2005 1146 2160 1171; x_wconf 84' lang='lat' dir='ltr'><strong>essemus</strong></span> 
     </span>
     <span class='ocr_line' id='line_1_70' title="bbox 1196 1191 2159 1243; baseline 0.004 -15"><span class='ocrx_word' id='word_1_559' title='bbox 1196 1191 1380 1243; x_wconf 84' lang='lat' dir='ltr'><strong>produxit.</strong></span> <span class='ocrx_word' id='word_1_560' title='bbox 1401 1194 1497 1232; x_wconf 89' lang='lat' dir='ltr'><strong>Oves</strong></span> <span class='ocrx_word' id='word_1_561' title='bbox 1512 1191 1606 1230; x_wconf 91' lang='lat' dir='ltr'><strong>enim</strong></span> <span class='ocrx_word' id='word_1_562' title='bbox 1626 1205 1772 1230; x_wconf 88' lang='lat' dir='ltr'><strong>munera</strong></span> <span class='ocrx_word' id='word_1_563' title='bbox 1793 1192 2012 1231; x_wconf 88' lang='lat' dir='ltr'><strong>nominando</strong></span> <span class='ocrx_word' id='word_1_564' title='bbox 2033 1192 2159 1232; x_wconf 89' lang='lat' dir='ltr'><strong>divina</strong></span> 
     </span>
     <span class='ocr_line' id='line_1_71' title="bbox 1195 1252 2159 1307; baseline 0.002 -16"><span class='ocrx_word' id='word_1_565' title='bbox 1195 1252 1398 1305; x_wconf 73' lang='lat' dir='ltr'><strong>Scriptura,</strong></span> <span class='ocrx_word' id='word_1_566' title='bbox 1420 1262 1522 1291; x_wconf 81' lang='lat' dir='ltr'><strong>terrae</strong></span> <span class='ocrx_word' id='word_1_567' title='bbox 1544 1262 1664 1291; x_wconf 86' lang='lat' dir='ltr'><strong>autem</strong></span> <span class='ocrx_word' id='word_1_568' title='bbox 1682 1254 1820 1292; x_wconf 86' lang='lat' dir='ltr'><strong>fructus</strong></span> <span class='ocrx_word' id='word_1_569' title='bbox 1847 1253 2021 1292; x_wconf 86' lang='lat' dir='ltr'><strong>sacrificia</strong></span> <span class='ocrx_word' id='word_1_570' title='bbox 2036 1256 2159 1307; x_wconf 84' lang='lat' dir='ltr'><strong>appel-</strong></span> 
     </span>
     <span class='ocr_line' id='line_1_72' title="bbox 1192 1312 2160 1365; baseline 0.002 -14"><span class='ocrx_word' id='word_1_571' title='bbox 1192 1312 1315 1362; x_wconf 87' lang='lat' dir='ltr'><strong>lando,</strong></span> <span class='ocrx_word' id='word_1_572' title='bbox 1333 1313 1434 1352; x_wconf 88' lang='lat' dir='ltr'><strong>docet</strong></span> <span class='ocrx_word' id='word_1_573' title='bbox 1448 1328 1512 1352; x_wconf 92' lang='lat' dir='ltr'><strong>nos</strong></span> <span class='ocrx_word' id='word_1_574' title='bbox 1528 1314 1726 1352; x_wconf 82' lang='lat' dir='ltr'><strong>Dominum</strong></span> <span class='ocrx_word' id='word_1_575' title='bbox 1740 1328 1852 1365; x_wconf 87' lang='lat' dir='ltr'><strong>neque</strong></span> <span class='ocrx_word' id='word_1_576' title='bbox 1869 1324 1908 1352; x_wconf 91' lang='lat' dir='ltr'><strong>ut</strong></span> <span class='ocrx_word' id='word_1_577' title='bbox 1923 1315 2028 1352; x_wconf 88' lang='lat' dir='ltr'><strong>bruta</strong></span> <span class='ocrx_word' id='word_1_578' title='bbox 2045 1316 2160 1353; x_wconf 84' lang='lat' dir='ltr'><strong>addu-</strong></span> 
     </span>
     <span class='ocr_line' id='line_1_73' title="bbox 1193 1376 2158 1426; baseline 0.001 -13"><span class='ocrx_word' id='word_1_579' title='bbox 1193 1383 1334 1424; x_wconf 81' lang='lat' dir='ltr'><strong>cantur,</strong></span> <span class='ocrx_word' id='word_1_580' title='bbox 1368 1388 1481 1426; x_wconf 87' lang='lat' dir='ltr'><strong>neque</strong></span> <span class='ocrx_word' id='word_1_581' title='bbox 1504 1383 1544 1413; x_wconf 88' lang='lat' dir='ltr'><strong>ut</strong></span> <span class='ocrx_word' id='word_1_582' title='bbox 1575 1383 1679 1413; x_wconf 87' lang='lat' dir='ltr'><strong>terrae</strong></span> <span class='ocrx_word' id='word_1_583' title='bbox 1701 1376 1841 1413; x_wconf 84' lang='lat' dir='ltr'><strong>fructus</strong></span> <span class='ocrx_word' id='word_1_584' title='bbox 1861 1376 2075 1424; x_wconf 82' lang='lat' dir='ltr'><strong>offerantur,</strong></span> <span class='ocrx_word' id='word_1_585' title='bbox 2098 1377 2158 1414; x_wconf 88' lang='lat' dir='ltr'><strong>sed</strong></span> 
     </span>
     <span class='ocr_line' id='line_1_74' title="bbox 1193 1436 2160 1486; baseline 0.002 -13"><span class='ocrx_word' id='word_1_586' title='bbox 1193 1443 1333 1474; x_wconf 88' lang='lat' dir='ltr'><strong>tantum</strong></span> <span class='ocrx_word' id='word_1_587' title='bbox 1365 1436 1496 1474; x_wconf 90' lang='lat' dir='ltr'><strong>mentis</strong></span> <span class='ocrx_word' id='word_1_588' title='bbox 1528 1436 1756 1474; x_wconf 82' lang='lat' dir='ltr'><strong>affectionem</strong></span> <span class='ocrx_word' id='word_1_589' title='bbox 1787 1450 1956 1486; x_wconf 83' lang='lat' dir='ltr'><strong>quaerere.</strong></span> <span class='ocrx_word' id='word_1_590' title='bbox 1987 1437 2094 1475; x_wconf 75' lang='lat' dir='ltr'><strong>Unde</strong></span> <span class='ocrx_word' id='word_1_591' title='bbox 2126 1447 2160 1475; x_wconf 87' lang='lat' dir='ltr'><strong>et</strong></span> 
     </span>
     <span class='ocr_line' id='line_1_75' title="bbox 1192 1497 2158 1550; baseline 0.002 -16"><span class='ocrx_word' id='word_1_592' title='bbox 1192 1510 1287 1535; x_wconf 91' lang='lat' dir='ltr'><strong>nunc</strong></span> <span class='ocrx_word' id='word_1_593' title='bbox 1303 1506 1449 1550; x_wconf 81' lang='lat' dir='ltr'><strong>propter</strong></span> <span class='ocrx_word' id='word_1_594' title='bbox 1459 1497 1588 1535; x_wconf 90' lang='lat' dir='ltr'><strong>mentis</strong></span> <span class='ocrx_word' id='word_1_595' title='bbox 1599 1497 1825 1536; x_wconf 85' lang='lat' dir='ltr'><strong>affectionem</strong></span> <span class='ocrx_word' id='word_1_596' title='bbox 1842 1497 1903 1535; x_wconf 90' lang='lat' dir='ltr'><strong>ille</strong></span> <span class='ocrx_word' id='word_1_597' title='bbox 1915 1497 2061 1548; x_wconf 86' lang='lat' dir='ltr'><strong>quidem</strong></span> <span class='ocrx_word' id='word_1_598' title='bbox 2077 1512 2158 1536; x_wconf 90' lang='lat' dir='ltr'><strong>cum</strong></span> 
     </span>
     <span class='ocr_line' id='line_1_76' title="bbox 1192 1557 2158 1611; baseline 0.002 -15"><span class='ocrx_word' id='word_1_599' title='bbox 1192 1557 1296 1596; x_wconf 88' lang='lat' dir='ltr'><strong>donis</strong></span> <span class='ocrx_word' id='word_1_600' title='bbox 1322 1559 1544 1611; x_wconf 86' lang='lat' dir='ltr'><strong>approbatus</strong></span> <span class='ocrx_word' id='word_1_601' title='bbox 1577 1567 1645 1609; x_wconf 86' lang='lat' dir='ltr'><strong>est,</strong></span> <span class='ocrx_word' id='word_1_602' title='bbox 1666 1567 1699 1596; x_wconf 92' lang='lat' dir='ltr'><strong>et</strong></span> <span class='ocrx_word' id='word_1_603' title='bbox 1727 1568 1850 1610; x_wconf 88' lang='lat' dir='ltr'><strong>gratus</strong></span> <span class='ocrx_word' id='word_1_604' title='bbox 1879 1559 2049 1597; x_wconf 87' lang='lat' dir='ltr'><strong>fuit:iste</strong></span> <span class='ocrx_word' id='word_1_605' title='bbox 2074 1574 2158 1598; x_wconf 85' lang='lat' dir='ltr'><strong>vero</strong></span> 
     </span>
     <span class='ocr_line' id='line_1_77' title="bbox 1146 1619 2155 1672; baseline 0 -14"><span class='ocrx_word' id='word_1_606' title='bbox 1146 1629 1172 1658; x_wconf 91' lang='lat' dir='ltr'>D</span> <span class='ocrx_word' id='word_1_607' title='bbox 1191 1632 1271 1657; x_wconf 91' lang='lat' dir='ltr'><strong>cum</strong></span> <span class='ocrx_word' id='word_1_608' title='bbox 1304 1619 1484 1657; x_wconf 83' lang='lat' dir='ltr'><strong>sacrificio</strong></span> <span class='ocrx_word' id='word_1_609' title='bbox 1513 1634 1577 1658; x_wconf 91' lang='lat' dir='ltr'><strong>suo</strong></span> <span class='ocrx_word' id='word_1_610' title='bbox 1605 1620 1756 1672; x_wconf 86' lang='lat' dir='ltr'><strong>rejectus</strong></span> <span class='ocrx_word' id='word_1_611' title='bbox 1786 1629 1849 1658; x_wconf 91' lang='lat' dir='ltr'><strong>est.</strong></span> <span class='ocrx_word' id='word_1_612' title='bbox 1892 1619 1990 1658; x_wconf 90' lang='lat' dir='ltr'><strong>Illud</strong></span> <span class='ocrx_word' id='word_1_613' title='bbox 2021 1629 2155 1669; x_wconf 83' lang='lat' dir='ltr'><strong>antem,</strong></span> 
     </span>
     <span class='ocr_line' id='line_1_78' title="bbox 1190 1680 2152 1733; baseline 0.003 -16"><span class='ocrx_word' id='word_1_614' title='bbox 1190 1680 1361 1731; x_wconf 81' lang='lat' dir='ltr'><strong>Aspexit</strong></span> <span class='ocrx_word' id='word_1_615' title='bbox 1397 1681 1452 1718; x_wconf 86' lang='lat' dir='ltr'><strong>ad</strong></span> <span class='ocrx_word' id='word_1_616' title='bbox 1489 1680 1622 1728; x_wconf 82' lang='lat' dir='ltr'><strong>Abel,</strong></span> <span class='ocrx_word' id='word_1_617' title='bbox 1659 1689 1696 1718; x_wconf 89' lang='lat' dir='ltr'><strong>et</strong></span> <span class='ocrx_word' id='word_1_618' title='bbox 1730 1682 1785 1719; x_wconf 88' lang='lat' dir='ltr'><strong>ad</strong></span> <span class='ocrx_word' id='word_1_619' title='bbox 1820 1695 1982 1719; x_wconf 83' lang='lat' dir='ltr'><strong>munera</strong></span> <span class='ocrx_word' id='word_1_620' title='bbox 2020 1684 2152 1733; x_wconf 83' lang='lat' dir='ltr'><strong>ipsius,</strong></span> 
     </span>
     <span class='ocr_line' id='line_1_79' title="bbox 1190 1742 2153 1794; baseline 0.002 -16"><span class='ocrx_word' id='word_1_621' title='bbox 1190 1742 1245 1778; x_wconf 85' lang='lat' dir='ltr'><strong>ad</strong></span> <span class='ocrx_word' id='word_1_622' title='bbox 1293 1742 1395 1780; x_wconf 83' lang='lat' dir='ltr'><strong>Cain</strong></span> <span class='ocrx_word' id='word_1_623' title='bbox 1431 1749 1562 1779; x_wconf 85' lang='lat' dir='ltr'><strong>autem</strong></span> <span class='ocrx_word' id='word_1_624' title='bbox 1578 1770 1588 1789; x_wconf 90' lang='lat'>‚</span> <span class='ocrx_word' id='word_1_625' title='bbox 1627 1750 1665 1779; x_wconf 86' lang='lat' dir='ltr'><strong>et</strong></span> <span class='ocrx_word' id='word_1_626' title='bbox 1704 1742 1759 1778; x_wconf 87' lang='lat' dir='ltr'><strong>ad</strong></span> <span class='ocrx_word' id='word_1_627' title='bbox 1800 1743 1999 1794; x_wconf 84' lang='lat' dir='ltr'><strong>sacrificia</strong></span> <span class='ocrx_word' id='word_1_628' title='bbox 2043 1743 2153 1781; x_wconf 80' lang='lat' dir='ltr'><strong>illius</strong></span> 
     </span>
     <span class='ocr_line' id='line_1_80' title="bbox 1192 1801 2154 1853; baseline 0.003 -15"><span class='ocrx_word' id='word_1_629' title='bbox 1192 1815 1270 1838; x_wconf 85' lang='lat' dir='ltr'><strong>non</strong></span> <span class='ocrx_word' id='word_1_630' title='bbox 1290 1803 1476 1848; x_wconf 85' lang='lat' dir='ltr'><strong>attendit,</strong></span> <span class='ocrx_word' id='word_1_631' title='bbox 1496 1801 1545 1839; x_wconf 87' lang='lat' dir='ltr'><strong>ita</strong></span> <span class='ocrx_word' id='word_1_632' title='bbox 1571 1801 1816 1853; x_wconf 81' lang='lat' dir='ltr'><strong>intelligamus</strong></span> <span class='ocrx_word' id='word_1_633' title='bbox 1833 1811 1872 1840; x_wconf 90' lang='lat' dir='ltr'><strong>ut</strong></span> <span class='ocrx_word' id='word_1_634' title='bbox 1901 1803 2019 1840; x_wconf 85' lang='lat' dir='ltr'><strong>Deum</strong></span> <span class='ocrx_word' id='word_1_635' title='bbox 2038 1803 2154 1842; x_wconf 91' lang='lat' dir='ltr'><strong>decet.</strong></span> 
     </span>
     <span class='ocr_line' id='line_1_81' title="bbox 1191 1861 2156 1911; baseline 0.002 -11"><span class='ocrx_word' id='word_1_636' title='bbox 1191 1861 1286 1900; x_wconf 88' lang='lat' dir='ltr'><strong>Vult</strong></span> <span class='ocrx_word' id='word_1_637' title='bbox 1305 1861 1399 1899; x_wconf 89' lang='lat' dir='ltr'><strong>enim</strong></span> <span class='ocrx_word' id='word_1_638' title='bbox 1419 1861 1552 1910; x_wconf 82' lang='lat' dir='ltr'><strong>dicere,</strong></span> <span class='ocrx_word' id='word_1_639' title='bbox 1573 1863 1691 1900; x_wconf 89' lang='lat' dir='ltr'><strong>Deum</strong></span> <span class='ocrx_word' id='word_1_640' title='bbox 1720 1862 1793 1900; x_wconf 90' lang='lat' dir='ltr'><strong>illis</strong></span> <span class='ocrx_word' id='word_1_641' title='bbox 1814 1872 1939 1900; x_wconf 87' lang='lat' dir='ltr'><strong>notum</strong></span> <span class='ocrx_word' id='word_1_642' title='bbox 1957 1863 2092 1911; x_wconf 87' lang='lat' dir='ltr'><strong>secisse,</strong></span> <span class='ocrx_word' id='word_1_643' title='bbox 2120 1878 2156 1902; x_wconf 90' lang='lat' dir='ltr'><strong>se</strong></span> 
     </span>
     <span class='ocr_line' id='line_1_82' title="bbox 1192 1921 2154 1977; baseline 0.003 -18"><span class='ocrx_word' id='word_1_644' title='bbox 1192 1921 1292 1960; x_wconf 87' lang='lat' dir='ltr'><strong>illius</strong></span> <span class='ocrx_word' id='word_1_645' title='bbox 1311 1923 1510 1975; x_wconf 84' lang='lat' dir='ltr'><strong>approbare</strong></span> <span class='ocrx_word' id='word_1_646' title='bbox 1528 1922 1763 1972; x_wconf 74' lang='lat' dir='ltr'><strong>voluntatem,</strong></span> <span class='ocrx_word' id='word_1_647' title='bbox 1782 1923 1890 1976; x_wconf 88' lang='lat' dir='ltr'><strong>hujus</strong></span> <span class='ocrx_word' id='word_1_648' title='bbox 1906 1933 2026 1962; x_wconf 82' lang='lat' dir='ltr'><strong>autem</strong></span> <span class='ocrx_word' id='word_1_649' title='bbox 2041 1924 2154 1977; x_wconf 86' lang='lat' dir='ltr'><strong>repel-</strong></span> 
     </span>
     <span class='ocr_line' id='line_1_83' title="bbox 1189 1982 2153 2036; baseline 0.001 -15"><span class='ocrx_word' id='word_1_650' title='bbox 1189 1983 1264 2021; x_wconf 90' lang='lat' dir='ltr'><strong>lere</strong></span> <span class='ocrx_word' id='word_1_651' title='bbox 1284 1982 1464 2035; x_wconf 83' lang='lat' dir='ltr'><strong>ingratum</strong></span> <span class='ocrx_word' id='word_1_652' title='bbox 1491 1983 1663 2021; x_wconf 89' lang='lat' dir='ltr'><strong>animum.</strong></span> <span class='ocrx_word' id='word_1_653' title='bbox 1685 1984 1901 2036; x_wconf 86' lang='lat' dir='ltr'><strong>Hujusmodi</strong></span> <span class='ocrx_word' id='word_1_654' title='bbox 1918 1994 2000 2022; x_wconf 82' lang='lat' dir='ltr'><strong>sunt</strong></span> <span class='ocrx_word' id='word_1_655' title='bbox 2017 1999 2056 2023; x_wconf 87' lang='lat' dir='ltr'><strong>ea</strong></span> <span class='ocrx_word' id='word_1_656' title='bbox 2072 1999 2153 2036; x_wconf 80' lang='lat' dir='ltr'><strong>quae</strong></span> 
     </span>
     <span class='ocr_line' id='line_1_84' title="bbox 1190 2044 2154 2096; baseline 0.003 -16"><span class='ocrx_word' id='word_1_657' title='bbox 1190 2056 1210 2080; x_wconf 90' lang='lat' dir='ltr'><strong>a</strong></span> <span class='ocrx_word' id='word_1_658' title='bbox 1221 2044 1297 2081; x_wconf 90' lang='lat' dir='ltr'><strong>Deo</strong></span> <span class='ocrx_word' id='word_1_659' title='bbox 1316 2053 1392 2081; x_wconf 88' lang='lat' dir='ltr'><strong>acta</strong></span> <span class='ocrx_word' id='word_1_660' title='bbox 1407 2044 1504 2081; x_wconf 83' lang='lat' dir='ltr'><strong>fuere</strong></span> <span class='ocrx_word' id='word_1_661' title='bbox 1518 2059 1526 2080; x_wconf 94' lang='lat'><strong>:</strong></span> <span class='ocrx_word' id='word_1_662' title='bbox 1542 2044 1733 2082; x_wconf 78' lang='lat' dir='ltr'><strong>videamus</strong></span> <span class='ocrx_word' id='word_1_663' title='bbox 1752 2052 1871 2082; x_wconf 86' lang='lat' dir='ltr'><strong>autem</strong></span> <span class='ocrx_word' id='word_1_664' title='bbox 1886 2045 2081 2096; x_wconf 85' lang='lat' dir='ltr'><strong>sequentia.</strong></span> <span class='ocrx_word' id='word_1_665' title='bbox 2097 2048 2154 2083; x_wconf 86' lang='lat' dir='ltr'><strong>Et</strong></span> 
     </span>
     <span class='ocr_line' id='line_1_85' title="bbox 1191 2104 2148 2157; baseline 0.002 -16"><span class='ocrx_word' id='word_1_666' title='bbox 1191 2106 1348 2142; x_wconf 76' lang='lat' dir='ltr'><strong>tristitia</strong></span> <span class='ocrx_word' id='word_1_667' title='bbox 1368 2105 1509 2157; x_wconf 58' lang='lat' dir='ltr'><strong>offecit</strong></span> <span class='ocrx_word' id='word_1_668' title='bbox 1531 2105 1633 2142; x_wconf 82' lang='lat' dir='ltr'><strong>Cain</strong></span> <span class='ocrx_word' id='word_1_669' title='bbox 1655 2104 1789 2151; x_wconf 78' lang='lat' dir='ltr'><strong>valde,</strong></span> <span class='ocrx_word' id='word_1_670' title='bbox 1811 2114 1848 2143; x_wconf 85' lang='lat' dir='ltr'><strong>et</strong></span> <span class='ocrx_word' id='word_1_671' title='bbox 1867 2107 2035 2143; x_wconf 84' lang='lat' dir='ltr'><strong>concidit</strong></span> <span class='ocrx_word' id='word_1_672' title='bbox 2057 2107 2148 2143; x_wconf 84' lang='lat' dir='ltr'><strong>vul-</strong></span> 
     </span>
     <span class='ocr_line' id='line_1_86' title="bbox 1190 2164 2154 2219; baseline 0.004 -18"><span class='ocrx_word' id='word_1_673' title='bbox 1190 2172 1251 2202; x_wconf 82' lang='lat' dir='ltr'><strong>tus</strong></span> <span class='ocrx_word' id='word_1_674' title='bbox 1280 2167 1374 2217; x_wconf 82' lang='lat' dir='ltr'><strong>ejus.</strong></span> <span class='ocrx_word' id='word_1_675' title='bbox 1402 2164 1504 2212; x_wconf 86' lang='lat' dir='ltr'><strong>Quid</strong></span> <span class='ocrx_word' id='word_1_676' title='bbox 1527 2174 1593 2215; x_wconf 84' lang='lat' dir='ltr'><strong>est,</strong></span> <span class='ocrx_word' id='word_1_677' title='bbox 1616 2167 1668 2203; x_wconf 83' lang='lat' dir='ltr'><strong>Et</strong></span> <span class='ocrx_word' id='word_1_678' title='bbox 1690 2168 1852 2203; x_wconf 78' lang='lat' dir='ltr'><strong>tristitia</strong></span> <span class='ocrx_word' id='word_1_679' title='bbox 1883 2168 2024 2219; x_wconf 75' lang='lat' dir='ltr'><strong>affecit</strong></span> <span class='ocrx_word' id='word_1_680' title='bbox 2051 2168 2154 2205; x_wconf 86' lang='lat' dir='ltr'><strong>Cain</strong></span> 
     </span>
     <span class='ocr_line' id='line_1_87' title="bbox 1187 2225 2151 2277; baseline 0.003 -15"><span class='ocrx_word' id='word_1_681' title='bbox 1187 2225 1309 2263; x_wconf 84' lang='lat' dir='ltr'><strong>valde</strong></span> <span class='ocrx_word' id='word_1_682' title='bbox 1323 2229 1340 2262; x_wconf 70' lang='grc' dir='ltr'><em>Ρ</em></span> <span class='ocrx_word' id='word_1_683' title='bbox 1356 2225 1502 2277; x_wconf 82' lang='lat' dir='ltr'><strong>Duplex</strong></span> <span class='ocrx_word' id='word_1_684' title='bbox 1526 2225 1581 2263; x_wconf 89' lang='lat' dir='ltr'><strong>illi</strong></span> <span class='ocrx_word' id='word_1_685' title='bbox 1596 2225 1742 2263; x_wconf 86' lang='lat' dir='ltr'><strong>tristitia</strong></span> <span class='ocrx_word' id='word_1_686' title='bbox 1758 2225 1900 2274; x_wconf 87' lang='lat' dir='ltr'><strong>accidit,</strong></span> <span class='ocrx_word' id='word_1_687' title='bbox 1922 2240 1990 2264; x_wconf 92' lang='lat' dir='ltr'><strong>non</strong></span> <span class='ocrx_word' id='word_1_688' title='bbox 2011 2236 2151 2266; x_wconf 86' lang='lat' dir='ltr'><strong>tantum</strong></span> 
     </span>
     <span class='ocr_line' id='line_1_88' title="bbox 1139 2286 2152 2339; baseline 0.004 -15"><span class='ocrx_word' id='word_1_689' title='bbox 1139 2300 1164 2330; x_wconf 86' lang='lat' dir='ltr'>E</span> <span class='ocrx_word' id='word_1_690' title='bbox 1191 2286 1290 2337; x_wconf 92' lang='lat' dir='ltr'><strong>quod</strong></span> <span class='ocrx_word' id='word_1_691' title='bbox 1311 2287 1408 2325; x_wconf 91' lang='lat' dir='ltr'><strong>solus</strong></span> <span class='ocrx_word' id='word_1_692' title='bbox 1426 2287 1503 2339; x_wconf 87' lang='lat' dir='ltr'><strong>ipse</strong></span> <span class='ocrx_word' id='word_1_693' title='bbox 1520 2287 1743 2339; x_wconf 84' lang='lat' dir='ltr'><strong>repudiatus,</strong></span> <span class='ocrx_word' id='word_1_694' title='bbox 1767 2287 1828 2326; x_wconf 89' lang='lat' dir='ltr'><strong>sed</strong></span> <span class='ocrx_word' id='word_1_695' title='bbox 1844 2288 1940 2339; x_wconf 90' lang='lat' dir='ltr'><strong>quod</strong></span> <span class='ocrx_word' id='word_1_696' title='bbox 1956 2289 2076 2327; x_wconf 82' lang='lat' dir='ltr'><strong>fratris</strong></span> <span class='ocrx_word' id='word_1_697' title='bbox 2088 2290 2152 2328; x_wconf 90' lang='lat' dir='ltr'><strong>do-</strong></span> 
     </span>
     <span class='ocr_line' id='line_1_89' title="bbox 1191 2348 2152 2403; baseline 0.002 -17"><span class='ocrx_word' id='word_1_698' title='bbox 1191 2362 1279 2387; x_wconf 89' lang='lat' dir='ltr'><strong>num</strong></span> <span class='ocrx_word' id='word_1_699' title='bbox 1298 2357 1485 2401; x_wconf 90' lang='lat' dir='ltr'><strong>acceptum</strong></span> <span class='ocrx_word' id='word_1_700' title='bbox 1504 2348 1623 2387; x_wconf 59' lang='lat' dir='ltr'><strong>fuerin</strong></span> <span class='ocrx_word' id='word_1_701' title='bbox 1641 2351 1695 2387; x_wconf 90' lang='lat' dir='ltr'><strong>Et</strong></span> <span class='ocrx_word' id='word_1_702' title='bbox 1711 2352 1872 2387; x_wconf 78' lang='lat' dir='ltr'><strong>tristitia</strong></span> <span class='ocrx_word' id='word_1_703' title='bbox 1891 2351 2029 2403; x_wconf 71' lang='lat' dir='ltr'><strong>affecit</strong></span> <span class='ocrx_word' id='word_1_704' title='bbox 2050 2352 2152 2389; x_wconf 82' lang='lat' dir='ltr'><strong>Cain</strong></span> 
     </span>
     <span class='ocr_line' id='line_1_90' title="bbox 1186 2411 2152 2459; baseline 0.002 -11"><span class='ocrx_word' id='word_1_705' title='bbox 1186 2411 1319 2459; x_wconf 79' lang='lat' dir='ltr'><strong>valde,</strong></span> <span class='ocrx_word' id='word_1_706' title='bbox 1340 2418 1378 2448; x_wconf 87' lang='lat' dir='ltr'><strong>et</strong></span> <span class='ocrx_word' id='word_1_707' title='bbox 1403 2411 1572 2448; x_wconf 87' lang='lat' dir='ltr'><strong>concidit</strong></span> <span class='ocrx_word' id='word_1_708' title='bbox 1593 2411 1732 2449; x_wconf 82' lang='lat' dir='ltr'><strong>vultus</strong></span> <span class='ocrx_word' id='word_1_709' title='bbox 1751 2411 1873 2449; x_wconf 83' lang='lat' dir='ltr'><strong>illius.</strong></span> <span class='ocrx_word' id='word_1_710' title='bbox 1903 2411 2004 2458; x_wconf 86' lang='lat' dir='ltr'><strong>Quid</strong></span> <span class='ocrx_word' id='word_1_711' title='bbox 2032 2412 2152 2450; x_wconf 84' lang='lat' dir='ltr'><strong>affecit</strong></span> 
     </span>
     <span class='ocr_line' id='line_1_91' title="bbox 1186 2470 2151 2522; baseline 0.003 -14"><span class='ocrx_word' id='word_1_712' title='bbox 1186 2470 1291 2509; x_wconf 90' lang='lat' dir='ltr'><strong>illum</strong></span> <span class='ocrx_word' id='word_1_713' title='bbox 1310 2471 1482 2509; x_wconf 75' lang='lat' dir='ltr'><strong>tristitia?</strong></span> <span class='ocrx_word' id='word_1_714' title='bbox 1508 2471 1673 2522; x_wconf 86' lang='lat' dir='ltr'><strong>Utraque</strong></span> <span class='ocrx_word' id='word_1_715' title='bbox 1688 2471 1766 2509; x_wconf 81' lang='lat' dir='ltr'><strong>haec</strong></span> <span class='ocrx_word' id='word_1_716' title='bbox 1781 2471 1887 2511; x_wconf 84' lang='lat' dir='ltr'><strong>valde</strong></span> <span class='ocrx_word' id='word_1_717' title='bbox 1905 2472 2049 2510; x_wconf 82' lang='lat' dir='ltr'><strong>tristitia</strong></span> <span class='ocrx_word' id='word_1_718' title='bbox 2065 2474 2151 2511; x_wconf 75' lang='lat' dir='ltr'><strong>affe-</strong></span> 
     </span>
     <span class='ocr_line' id='line_1_92' title="bbox 1186 2531 2150 2582; baseline 0.002 -13"><span class='ocrx_word' id='word_1_719' title='bbox 1186 2540 1322 2579; x_wconf 88' lang='lat' dir='ltr'><strong>cerunt,</strong></span> <span class='ocrx_word' id='word_1_720' title='bbox 1344 2540 1378 2569; x_wconf 87' lang='lat' dir='ltr'><strong>et</strong></span> <span class='ocrx_word' id='word_1_721' title='bbox 1395 2531 1494 2582; x_wconf 88' lang='lat' dir='ltr'><strong>quod</strong></span> <span class='ocrx_word' id='word_1_722' title='bbox 1511 2532 1690 2569; x_wconf 89' lang='lat' dir='ltr'><strong>Dominus</strong></span> <span class='ocrx_word' id='word_1_723' title='bbox 1708 2546 1779 2570; x_wconf 91' lang='lat' dir='ltr'><strong>non</strong></span> <span class='ocrx_word' id='word_1_724' title='bbox 1797 2533 1989 2571; x_wconf 86' lang='lat' dir='ltr'><strong>attenderit</strong></span> <span class='ocrx_word' id='word_1_725' title='bbox 2008 2535 2150 2571; x_wconf 84' lang='lat' dir='ltr'><strong>sacrifi-</strong></span> 
     </span>
     <span class='ocr_line' id='line_1_93' title="bbox 1186 2592 2149 2645; baseline 0.001 -15"><span class='ocrx_word' id='word_1_726' title='bbox 1186 2592 1282 2630; x_wconf 89' lang='lat' dir='ltr'><strong>cium</strong></span> <span class='ocrx_word' id='word_1_727' title='bbox 1302 2593 1430 2645; x_wconf 88' lang='lat' dir='ltr'><strong>ipsius‚</strong></span> <span class='ocrx_word' id='word_1_728' title='bbox 1450 2601 1483 2630; x_wconf 86' lang='lat' dir='ltr'><strong>et</strong></span> <span class='ocrx_word' id='word_1_729' title='bbox 1499 2592 1597 2643; x_wconf 87' lang='lat' dir='ltr'><strong>quod</strong></span> <span class='ocrx_word' id='word_1_730' title='bbox 1616 2592 1751 2630; x_wconf 89' lang='lat' dir='ltr'><strong>donum</strong></span> <span class='ocrx_word' id='word_1_731' title='bbox 1772 2594 1891 2631; x_wconf 83' lang='lat' dir='ltr'><strong>fratris</strong></span> <span class='ocrx_word' id='word_1_732' title='bbox 1910 2603 2096 2645; x_wconf 87' lang='lat' dir='ltr'><strong>acceptum</strong></span> <span class='ocrx_word' id='word_1_733' title='bbox 2117 2595 2149 2632; x_wconf 89' lang='lat' dir='ltr'><strong>ei</strong></span> 
     </span>
     <span class='ocr_line' id='line_1_94' title="bbox 1187 2654 2172 2705; baseline 0.001 -14"><span class='ocrx_word' id='word_1_734' title='bbox 1187 2654 1308 2692; x_wconf 87' lang='lat' dir='ltr'><strong>fuerit.</strong></span> <span class='ocrx_word' id='word_1_735' title='bbox 1326 2655 1419 2692; x_wconf 90' lang='lat' dir='ltr'><strong>Cum</strong></span> <span class='ocrx_word' id='word_1_736' title='bbox 1435 2654 1547 2705; x_wconf 78' lang='lat' dir='ltr'><strong>igitur</strong></span> <span class='ocrx_word' id='word_1_737' title='bbox 1566 2667 1655 2705; x_wconf 86' lang='lat' dir='ltr'><strong>opus</strong></span> <span class='ocrx_word' id='word_1_738' title='bbox 1675 2663 1764 2691; x_wconf 86' lang='lat' dir='ltr'><strong>essct</strong></span> <span class='ocrx_word' id='word_1_739' title='bbox 1778 2663 1816 2691; x_wconf 90' lang='lat' dir='ltr'><strong>ut</strong></span> <span class='ocrx_word' id='word_1_740' title='bbox 1834 2654 1877 2703; x_wconf 86' lang='lat' dir='ltr'><strong>is,</strong></span> <span class='ocrx_word' id='word_1_741' title='bbox 1897 2654 1956 2704; x_wconf 90' lang='lat' dir='ltr'><strong>qui</strong></span> <span class='ocrx_word' id='word_1_742' title='bbox 1975 2654 2150 2693; x_wconf 91' lang='lat' dir='ltr'><strong>delictum</strong></span> <span class='ocrx_word' id='word_1_743' title='bbox 2163 2673 2172 2678; x_wconf 77' lang='grc'><strong>-</strong></span> 
     </span>
     <span class='ocr_line' id='line_1_95' title="bbox 1127 2713 2149 2777; baseline 0 -24"><span class='ocrx_word' id='word_1_744' title='bbox 1127 2753 1174 2777; x_wconf 61' lang='lat'><strong>¹59</strong></span> <span class='ocrx_word' id='word_1_745' title='bbox 1186 2714 1392 2765; x_wconf 72' lang='lat' dir='ltr'><strong>admiserat,</strong></span> <span class='ocrx_word' id='word_1_746' title='bbox 1416 2713 1508 2751; x_wconf 89' lang='lat' dir='ltr'><strong>illud</strong></span> <span class='ocrx_word' id='word_1_747' title='bbox 1528 2713 1742 2764; x_wconf 82' lang='lat' dir='ltr'><strong>corrigeret:</strong></span> <span class='ocrx_word' id='word_1_748' title='bbox 1759 2714 1936 2751; x_wconf 88' lang='lat' dir='ltr'><strong>Dominus</strong></span> <span class='ocrx_word' id='word_1_749' title='bbox 1958 2714 2054 2752; x_wconf 87' lang='lat' dir='ltr'><strong>enim</strong></span> <span class='ocrx_word' id='word_1_750' title='bbox 2079 2715 2149 2753; x_wconf 89' lang='lat' dir='ltr'><strong>cle-</strong></span> 
     </span>
     <span class='ocr_line' id='line_1_96' title="bbox 1139 2774 2147 2828; baseline -0.001 -14"><span class='ocrx_word' id='word_1_751' title='bbox 1139 2800 1166 2828; x_wconf 75' lang='lat' dir='ltr'>A</span> <span class='ocrx_word' id='word_1_752' title='bbox 1187 2790 1285 2814; x_wconf 88' lang='lat' dir='ltr'><strong>mens</strong></span> <span class='ocrx_word' id='word_1_753' title='bbox 1300 2790 1382 2813; x_wconf 88' lang='lat' dir='ltr'><strong>cum</strong></span> <span class='ocrx_word' id='word_1_754' title='bbox 1395 2775 1453 2822; x_wconf 89' lang='lat' dir='ltr'><strong>sit,</strong></span> <span class='ocrx_word' id='word_1_755' title='bbox 1470 2788 1539 2812; x_wconf 88' lang='lat' dir='ltr'><strong>non</strong></span> <span class='ocrx_word' id='word_1_756' title='bbox 1554 2783 1625 2812; x_wconf 81' lang='lat' dir='ltr'><strong>tam</strong></span> <span class='ocrx_word' id='word_1_757' title='bbox 1639 2788 1703 2812; x_wconf 90' lang='lat' dir='ltr'><strong>nos</strong></span> <span class='ocrx_word' id='word_1_758' title='bbox 1719 2784 1903 2812; x_wconf 80' lang='lat' dir='ltr'><strong>aversatur</strong></span> <span class='ocrx_word' id='word_1_759' title='bbox 1915 2774 1944 2812; x_wconf 92' lang='lat' dir='ltr'><strong>si</strong></span> <span class='ocrx_word' id='word_1_760' title='bbox 1958 2774 2147 2826; x_wconf 84' lang='lat' dir='ltr'><strong>delinqua-</strong></span> 
     </span>
     <span class='ocr_line' id='line_1_97' title="bbox 1187 2834 2145 2887; baseline 0 -12"><span class='ocrx_word' id='word_1_761' title='bbox 1187 2851 1280 2886; x_wconf 77' lang='lat' dir='ltr'><strong>mus,</strong></span> <span class='ocrx_word' id='word_1_762' title='bbox 1297 2851 1404 2887; x_wconf 84' lang='lat' dir='ltr'><strong>quam</strong></span> <span class='ocrx_word' id='word_1_763' title='bbox 1422 2836 1451 2874; x_wconf 87' lang='lat' dir='ltr'><strong>si</strong></span> <span class='ocrx_word' id='word_1_764' title='bbox 1469 2836 1503 2873; x_wconf 91' lang='lat' dir='ltr'><strong>in</strong></span> <span class='ocrx_word' id='word_1_765' title='bbox 1523 2834 1653 2873; x_wconf 83' lang='lat' dir='ltr'><strong>delicto</strong></span> <span class='ocrx_word' id='word_1_766' title='bbox 1676 2849 1968 2887; x_wconf 79' lang='lat' dir='ltr'><strong>permaneamus:</strong></span> <span class='ocrx_word' id='word_1_767' title='bbox 1983 2835 2044 2875; x_wconf 85' lang='lat' dir='ltr'><strong>ille</strong></span> <span class='ocrx_word' id='word_1_768' title='bbox 2061 2851 2145 2875; x_wconf 93' lang='lat' dir='ltr'><strong>con-</strong></span> 
     </span>
     <span class='ocr_line' id='line_1_98' title="bbox 1185 2895 1832 2948; baseline -0.008 -11"><span class='ocrx_word' id='word_1_769' title='bbox 1185 2908 1237 2937; x_wconf 87' lang='lat' dir='ltr'><strong>tra</strong></span> <span class='ocrx_word' id='word_1_770' title='bbox 1257 2897 1393 2936; x_wconf 88' lang='lat' dir='ltr'><strong>nullam</strong></span> <span class='ocrx_word' id='word_1_771' title='bbox 1412 2897 1488 2948; x_wconf 87' lang='lat' dir='ltr'><strong>ejus</strong></span> <span class='ocrx_word' id='word_1_772' title='bbox 1507 2895 1680 2933; x_wconf 88' lang='lat' dir='ltr'><strong>rationem</strong></span> <span class='ocrx_word' id='word_1_773' title='bbox 1695 2895 1832 2933; x_wconf 85' lang='lat' dir='ltr'><strong>habuit.</strong></span> 
     </span>
    </p>
   </div>
   <div class='ocr_carea' id='block_1_7' title="bbox 1182 3017 2143 3193">
    <p class='ocr_par' dir='ltr' id='par_1_7' title="bbox 1182 3017 2143 3193">
     <span class='ocr_line' id='line_1_99' title="bbox 1235 3017 2143 3071; baseline 0 -12"><span class='ocrx_word' id='word_1_774' title='bbox 1235 3023 1274 3060; x_wconf 81' lang='lat'><strong>6.</strong></span> <span class='ocrx_word' id='word_1_775' title='bbox 1296 3020 1343 3058; x_wconf 88' lang='lat' dir='ltr'><strong>Et</strong></span> <span class='ocrx_word' id='word_1_776' title='bbox 1363 3029 1401 3058; x_wconf 90' lang='lat' dir='ltr'><strong>ut</strong></span> <span class='ocrx_word' id='word_1_777' title='bbox 1429 3019 1497 3057; x_wconf 87' lang='lat' dir='ltr'><strong>hoc</strong></span> <span class='ocrx_word' id='word_1_778' title='bbox 1518 3017 1702 3056; x_wconf 83' lang='lat' dir='ltr'><strong>evidenter</strong></span> <span class='ocrx_word' id='word_1_779' title='bbox 1722 3019 1828 3067; x_wconf 86' lang='lat' dir='ltr'><strong>scias,</strong></span> <span class='ocrx_word' id='word_1_780' title='bbox 1857 3028 1891 3057; x_wconf 88' lang='lat' dir='ltr'><strong>et</strong></span> <span class='ocrx_word' id='word_1_781' title='bbox 1909 3019 2143 3071; x_wconf 81' lang='lat' dir='ltr'><strong>benignitatis</strong></span> 
     </span>
     <span class='ocr_line' id='line_1_100' title="bbox 1183 3079 2141 3135; baseline -0.001 -15"><span class='ocrx_word' id='word_1_782' title='bbox 1183 3082 1295 3135; x_wconf 84' lang='lat' dir='ltr'><strong>ipsius</strong></span> <span class='ocrx_word' id='word_1_783' title='bbox 1316 3080 1598 3132; x_wconf 74' lang='lat' dir='ltr'><strong>magnitudinem</strong></span> <span class='ocrx_word' id='word_1_784' title='bbox 1613 3079 1830 3118; x_wconf 82' lang='lat' dir='ltr'><strong>ineffabilem</strong></span> <span class='ocrx_word' id='word_1_785' title='bbox 1848 3080 1984 3129; x_wconf 81' lang='lat' dir='ltr'><strong>videas,</strong></span> <span class='ocrx_word' id='word_1_786' title='bbox 2001 3081 2084 3119; x_wconf 73' lang='lat' dir='ltr'><strong>vide</strong></span> <span class='ocrx_word' id='word_1_787' title='bbox 2096 3097 2141 3120; x_wconf 73' lang='lat' dir='ltr'><strong>ex</strong></span> 
     </span>
     <span class='ocr_line' id='line_1_101' title="bbox 1182 3139 2140 3193; baseline -0.002 -12"><span class='ocrx_word' id='word_1_788' title='bbox 1182 3143 1239 3181; x_wconf 89' lang='lat' dir='ltr'><strong>his</strong></span> <span class='ocrx_word' id='word_1_789' title='bbox 1259 3157 1337 3193; x_wconf 81' lang='lat' dir='ltr'><strong>quae</strong></span> <span class='ocrx_word' id='word_1_790' title='bbox 1353 3155 1447 3179; x_wconf 89' lang='lat' dir='ltr'><strong>nunc</strong></span> <span class='ocrx_word' id='word_1_791' title='bbox 1462 3141 1554 3178; x_wconf 86' lang='lat' dir='ltr'><strong>fiunt</strong></span> <span class='ocrx_word' id='word_1_792' title='bbox 1566 3139 1736 3178; x_wconf 83' lang='lat' dir='ltr'><strong>bonitatis</strong></span> <span class='ocrx_word' id='word_1_793' title='bbox 1751 3140 1851 3179; x_wconf 90' lang='lat' dir='ltr'><strong>illius</strong></span> <span class='ocrx_word' id='word_1_794' title='bbox 1876 3142 2140 3192; x_wconf 83' lang='lat' dir='ltr'><strong>excellentiam⁷</strong></span> 
     </span>
    </p>
   </div>
   <div class='ocr_carea' id='block_1_8' title="bbox 1178 3261 1762 3306">
    <p class='ocr_par' dir='ltr' id='par_1_8' title="bbox 1178 3261 1762 3306">
     <span class='ocr_line' id='line_1_102' title="bbox 1178 3261 1762 3306; baseline -0.007 -9"><span class='ocrx_word' id='word_1_795' title='bbox 1178 3267 1192 3282; x_wconf 68' lang='grc'><em>’</em></span> <span class='ocrx_word' id='word_1_796' title='bbox 1210 3265 1256 3297; x_wconf 91' lang='lat' dir='ltr'><strong>V.</strong></span> <span class='ocrx_word' id='word_1_797' title='bbox 1277 3266 1407 3297; x_wconf 71' lang='lat' dir='ltr'><strong>Praelat.</strong></span> <span class='ocrx_word' id='word_1_798' title='bbox 1423 3263 1521 3295; x_wconf 88' lang='lat' dir='ltr'><strong>Tomi</strong></span> <span class='ocrx_word' id='word_1_799' title='bbox 1540 3262 1653 3305; x_wconf 75' lang='lat' dir='ltr'><strong>liujus,</strong></span> <span class='ocrx_word' id='word_1_800' title='bbox 1672 3261 1762 3306; x_wconf 77' lang='lat' dir='ltr'><strong>§IV.</strong></span> 
     </span>
    </p>
   </div>
   <div class='ocr_carea' id='block_1_9' title="bbox 1178 3313 1840 3359">
    <p class='ocr_par' dir='ltr' id='par_1_9' title="bbox 1178 3313 1840 3359">
     <span class='ocr_line' id='line_1_103' title="bbox 1178 3313 1840 3359; baseline 0.002 -12"><span class='ocrx_word' id='word_1_801' title='bbox 1178 3319 1192 3342; x_wconf 73' lang='lat'><strong>‘¹</strong></span> <span class='ocrx_word' id='word_1_802' title='bbox 1210 3319 1274 3351; x_wconf 57' lang='lat' dir='ltr'><strong>Sex</strong></span> <span class='ocrx_word' id='word_1_803' title='bbox 1294 3318 1366 3349; x_wconf 72' lang='lat' dir='ltr'>MSS.</span> <span class='ocrx_word' id='word_1_804' title='bbox 1383 3323 1417 3349; x_wconf 71' lang='lat' dir='ltr'><strong>et</strong></span> <span class='ocrx_word' id='word_1_805' title='bbox 1433 3313 1535 3348; x_wconf 62' lang='lat' dir='ltr'><strong>Sav&#39;ll.</strong></span> <span class='ocrx_word' id='word_1_806' title='bbox 1555 3318 1722 3353; x_wconf 68' lang='grc' dir='ltr'>ἀπὸὅλητος</span> <span class='ocrx_word' id='word_1_807' title='bbox 1737 3319 1840 3359; x_wconf 53' lang='grc' dir='ltr'>ἐφάνη.</span> 
     </span>
    </p>
   </div>
  </div>
 </body>
</html>
