2516 3791
107 1112 276 1140 ManusDo-

88 1156 160 1181 mini
177 1160 275 1182 custo-

88 1196 130 1223 ‹lit
154 1195 274 1234 Joscpli.

296 207 388 253 (382

295 307 370 343 lum
389 304 448 355 qui
469 316 537 341 non
567 302 716 354 quiescit
735 317 741 337 :
757 314 869 351 neque
887 306 1066 336 reveretur
1082 303 1246 333 naturam

296 368 421 419 ipsam,
440 378 551 416 neque
571 363 719 401 attendit
735 359 871 412 aliquid
884 357 982 409 quod
999 357 1047 394 ad
1061 356 1246 394 commise-

295 426 465 464 rationem
497 439 532 462 se
563 423 676 477 possit
712 421 901 470 inducere,
923 417 961 456 id
989 417 1089 468 quod
1113 425 1147 455 et
1174 416 1247 455 illis

293 487 421 525 evenit.
443 486 524 523 Non
543 484 638 523 enim
664 481 866 534 cogitabant
893 478 989 530 quod
1007 479 1116 516 frater
1135 486 1245 527 esset,

294 562 404 598 neque
427 545 525 597 quod
546 544 748 583 adolescens
763 572 774 592 ,
791 555 906 592 neque
925 539 1021 592 quod
1047 549 1121 578 tam
1148 553 1246 578 ama-

293 609 375 645 bilis
400 606 491 659 patri
507 634 518 655 ,
556 618 666 655 neque
703 603 798 654 quod
840 615 1036 653 numquam
1075 601 1111 639 in
1154 610 1247 639 terra
1271 614 1296 643 Α

292 669 405 706 aliena
425 666 590 717 vixisset,
609 674 642 704 et
660 664 756 718 apud
775 673 938 702 externos
953 677 1149 714 numquam
1168 671 1249 700 ante

292 737 537 777 conversatus,
563 740 658 765 nunc
695 741 730 764 111
763 735 856 764 terra
888 734 962 763 tam
994 733 1125 763 semota
1157 733 1249 762 mter

290 790 459 827 barbaros
490 788 716 825 habitaturus
751 796 839 825 essct
857 802 865 823 :
883 785 945 824 scd
975 785 1071 823 omni
1103 786 1248 824 honesta

290 849 501 901 rogitatione
525 849 661 901 abjecta
692 862 805 886 unum
834 847 1023 885 dumtaxat
1055 847 1248 896 curabant,

288 910 463 962 quomodo
482 910 657 950 invidiam
676 923 792 960 suam,
805 917 844 946 ut
858 909 1045 962 putabant,
1060 923 1169 961 opere
1185 923 1244 948 ex·

288 973 432 1024 plcrent.
456 972 504 1010 Et
523 972 577 1010 illi
602 972 748 1023 quidem
767 980 884 1009 mente
902 970 1095 1008 fratricidae
1122 979 1239 1008 erant:

289 1035 349 1085 qui
387 1043 505 1073 autem
539 1034 585 1072 ab
620 1033 670 1071 eis
702 1047 826 1085 passus
855 1040 921 1082 est,
953 1031 1071 1070 omnia
1108 1031 1247 1069 fortiter

291 1095 385 1133 tulit.
405 1094 635 1133 Custodiebat
656 1094 751 1132 enim
772 1107 852 1131 eum
881 1106 1007 1130 manus
1029 1105 1194 1144 superna,
1214 1099 1248 1129 et

292 1157 409 1195 omnia
429 1155 594 1194 difficilia
608 1155 759 1193 faciebat
774 1154 807 1192 ei
825 1154 942 1192 facilia
955 1163 988 1191 et
1004 1153 1108 1191 levia.
1125 1153 1246 1200 Quan—

291 1219 337 1256 do
364 1218 458 1256 enim
489 1231 638 1270 superna
670 1215 916 1254 benevolentia
946 1214 1120 1263 fruimur,
1143 1214 1249 1252 etiam
1271 1220 1294 1250 B

291 1281 381 1317 inter
420 1278 554 1317 medios
592 1278 784 1327 barbaros,
819 1285 852 1315 et
884 1276 920 1314 in
953 1276 1067 1313 aliena
1106 1275 1249 1327 regione

290 1341 417 1378 melius
436 1349 469 1378 et
491 1339 713 1378 commodius
740 1337 874 1377 versari
905 1351 1109 1389 possumus,
1139 1350 1249 1387 quam

288 1401 313 1438 ii
333 1401 394 1452 qui
410 1400 509 1439 domi
524 1400 701 1449 habitant,
719 1407 753 1437 et
771 1399 900 1450 quibus
917 1411 1058 1436 summa
1077 1411 1162 1435 cura
1179 1396 1246 1434 mi-

288 1463 480 1500 nistratur:
511 1461 602 1499 sieut
618 1461 683 1499 etsi
698 1459 732 1498 in
749 1459 854 1498 domo
873 1473 1067 1508 versemur,
1082 1467 1115 1496 et
1131 1458 1246 1496 omni-

287 1523 354 1561 bus
366 1522 504 1560 deliciis
520 1522 590 1559 frui
610 1521 812 1569 videamur,
826 1520 986 1558 destituti
999 1528 1118 1558 autem
1135 1519 1248 1557 simus

287 1597 441 1635 superno
455 1581 802 1635 pl‘aesidio,01]1nibus
814 1595 937 1618 sumus
947 1580 1159 1618 miseriores.
1172 1582 1212 1618 M
1215 1595 1249 1617 a-

288 1658 397 1696 gnum
413 1643 505 1681 enim
521 1652 572 1681 est
586 1642 731 1682 virtutis
749 1642 869 1692 robur,
887 1650 921 1679 et
936 1641 1081 1679 malitiae
1097 1641 1249 1678 infirmi-

290 1717 342 1744 tas
353 1722 360 1742 :
373 1715 406 1743 et
420 1705 489 1743 hoc
502 1705 659 1742 maxime
673 1703 826 1742 ostendit
841 1703 944 1740 nobis
958 1702 1121 1751 historia,
1140 1716 1248 1752 quam

291 1768 325 1805 in
347 1766 510 1805 manibus
527 1766 714 1803 habemus.
736 1765 805 1802 Dic
827 1763 922 1802 enim
944 1777 1032 1814 quos
1051 1763 1198 1802 miseros
1215 1771 1249 1801 et

291 1827 485 1866 innumeris
514 1826 684 1879 lacrymis
716 1825 843 1878 dignos
875 1839 948 1863 esse
967 1834 1097 1877 putas,
1122 1825 1249 1862 illosne
1271 1842 1294 1872 C

291 1889 353 1940 qui
377 1898 472 1927 tanta
491 1889 585 1926 mala
607 1889 783 1937 fecerunt,
813 1901 856 1925 an
877 1887 1024 1924 fratrem
1043 1887 1105 1938 qui
1125 1886 1162 1924 in
1182 1900 1248 1939 po-

292 1958 451 1988 testatem
469 1949 705 1987 barbarorum
721 1947 886 1987 venerat?
905 1947 1137 1986 Manifestum
1153 1946 1251 1999 quod

291 2012 381 2049 illos.
414 2010 538 2063 Cogita
572 2011 681 2061 enim,
718 2011 878 2060 obsecro,
908 2009 967 2047 hic
997 2008 1250 2047 admirabilem

292 2072 415 2120 illum,
440 2071 501 2122 qui
522 2080 618 2109 tanta
638 2071 883 2109 ministrorum
903 2084 988 2108 cura
1006 2069 1197 2121 educatus,
1218 2079 1251 2108 et

292 2131 327 2168 in
343 2131 437 2168 ulnis
458 2131 612 2182 paternis
632 2145 770 2182 semper
799 2130 946 2167 babitus
963 2129 1046 2179 fuit,
1069 2130 1248 2181 quomodo

292 2200 433 2243 repente
464 2200 603 2228 coactus
640 2200 691 2228 est
732 2191 822 2228 serre
855 2205 1001 2241 gravem
1041 2191 1250 2230 servitutem

293 2251 388 2303 apud
406 2251 503 2290 viros
522 2251 705 2298 barbaros,
734 2265 801 2288 non
823 2251 985 2289 meliores
1003 2251 1090 2303 ipsis
1108 2251 1244 2290 bestiis.

293 2314 363 2352 Sed
383 2313 545 2352 omnium
563 2313 738 2351 Dominus
759 2322 852 2361 erat,
874 2312 936 2364 qui
955 2322 988 2350 et
1007 2312 1089 2351 illos
1118 2313 1248 2351 huma-

293 2389 356 2413 nos
375 2374 556 2425 reddebat,
582 2384 615 2412 et
639 2375 698 2412 isti
718 2375 752 2411 in
780 2374 945 2411 omnibus
963 2373 1171 2426 patientiam
1194 2375 1248 2413 in-

293 2436 412 2474 debat.
437 2436 483 2473 Et
503 2450 583 2473 cum
603 2433 846 2474 vendidissent
866 2434 1025 2483 fratrem,
1047 2433 1148 2485 quasi
1167 2450 1248 2487 per-

295 2498 456 2535 fecissent
493 2497 714 2549 propositum
755 2510 858 2533 suum
893 2495 1009 2533 affecti
1041 2496 1152 2546 suere,
1185 2496 1248 2535 illo

293 2558 411 2596 ablato
429 2557 595 2595 videlicet
607 2572 625 2595 e
640 2556 770 2604 medio,
782 2557 839 2594 cui
859 2555 1078 2595 inridebant.
1090 2558 1155 2594 29.
1171 2559 1245 2595 Re-
1269 2575 1294 2604 Ι)

295 2634 422 2657 versus
441 2628 494 2657 est
513 2628 655 2665 autem,
673 2618 802 2668 inquit,
821 2619 958 2655 Ruben
971 2618 1025 2655 ad
1039 2620 1246 2657 cisternam

293 2690 327 2717 el
350 2695 426 2718 non
448 2681 549 2717 vidit
570 2680 714 2730 Joseph
728 2695 742 2723 ‚·
764 2687 799 2716 et
829 2680 993 2730 disrupit
1012 2681 1247 2718 vestimenta

293 2756 376 2785 sua,
400 2743 463 2779 50.
493 2750 527 2778 et
549 2742 663 2778 rediit
691 2741 744 2777 ad
758 2741 911 2792 fratres
931 2753 1034 2785 suos,
1059 2748 1095 2777 et
1115 2741 1242 2778 diaeit:

292 2806 397 2840 Puer
416 2817 492 2839 non
513 2811 580 2847 est,
605 2816 671 2853 ego
693 2816 785 2839 vero
808 2815 883 2853 quo
903 2803 966 2839 ibo
990 2801 1095 2839 ultra
1110 2806 1126 2838 Ρ
1145 2802 1244 2848 Quo-

294 2863 389 2901 niam
408 2864 502 2900 enim
524 2877 628 2914 supra
649 2862 768 2900 docuit
787 2862 911 2901 divina
939 2862 1139 2915 Scriptura,
1164 2877 1245 2901 eum

292 2932 478 2975 propterea
505 2922 723 2959 consuluisse
752 2936 832 2960 eum
858 2921 892 2959 in
919 2922 1107 2960 cisternam
1126 2923 1243 2975 conji-

292 2985 474 3031 ciendum,
507 2994 545 3022 ut
580 2998 625 3022 ex
661 2983 897 3036 sanguinariis
937 2983 1102 3022 manibus
1140 2984 1244 3022 illum

291 3046 439 3098 eriperet
468 3055 499 3083 et
532 3045 692 3083 redderet
725 3045 814 3097 patri
835 3061 841 3081 τ
862 3058 979 3093 nunc,
1011 3044 1151 3096 inquit,
1181 3045 1243 3083 ubi

290 3107 383 3145 vidit
409 3122 444 3145 se
473 3107 545 3144 voti
576 3116 771 3158 compotem
798 3121 865 3144 non
890 3120 976 3156 esse,
1001 3105 1148 3144 discidit
1176 3120 1241 3145 vc-

290 3175 451 3213 stimenta
492 3189 568 3224 sua,
598 3185 631 3212 et
675 3174 767 3211 dixit
788 3191 796 3210 .-
819 3177 922 3225 Puer
955 3189 1032 3212 non
1069 3183 1138 3222 est,
1174 3188 1242 3226 ego

288 3251 413 3279 aulem
445 3256 519 3293 quo
550 3242 728 3278 vadam?
750 3241 901 3287 Qualem
935 3242 1144 3280 habebimus
1174 3241 1238 3280 (le-

332 3370 345 3391 51
363 3366 505 3408 lssoisius
520 3365 712 3399 addi-ndum
731 3374 841 3398 censet
858 3372 1022 3409 ἐνενόησκν,
1042 3366 1092 3402 Vel
1108 3371 1289 3410 ἐλογίσαντο,

287 3421 335 3453 wl
351 3427 387 3459 εἰς
401 3426 514 3455 ι”νυοιαν
531 3424 647 3459 ἕλκεο-κ,
668 3419 718 3450 wt
735 3418 798 3450 talc
817 3418 925 3461 wuith]

1259 577 1305 602 589

720 220 757 249 S.
796 217 972 249 JOANNIS
1007 213 1238 245 CHRYSOST.
1287 212 1492 241 ARCHIEP.
1532 211 1881 242 CONSTANTINOP-

1319 295 1402 345 μὀν,
1432 295 1470 332 οὐ
1501 293 1564 340 τὴν
1596 293 1697 345 φύσιν
1735 294 1841 342 αὐτὴν
1881 296 2046 341 αἰδεῖται,
2081 298 2145 348 οὐχ
2170 296 2284 348 ἕτερόν
2311 313 2344 334 τι

1316 359 1385 394 τῶν
1410 354 1609 406 δυναμένων
1629 355 1730 393 αὐτὸν
1765 358 1813 400 εἰς
1835 356 2053 407 συμπάθειαν
2073 360 2228 409 ἀγαγεῖν,
2260 359 2346 408 ὅπερ

1317 416 1375 454 καὶ
1396 411 1490 454 οὗτοι
1516 415 1745 454 πεπόνθασιν·
1763 419 1827 468 οὐχ
1848 417 1902 455 ὅτι
1926 418 2070 470 ἀδελφὸς
2095 413 2185 467 ἦν’),
2204 421 2270 471 οὐχ
2294 420 2346 458 ὅτι

1318 477 1410 524 νέος,
1432 479 1497 529 οὐχ
1512 477 1566 515 ὅτι
1593 476 1824 528 περιπόθητος
1841 481 1890 530 τῷ
1909 478 2034 531 πατρὶ,
2051 481 2118 531 οὐχ
2131 480 2186 518 ὅτι
2203 480 2346 533 ἄπειρος

1319 540 1365 578 ὢν
1386 541 1448 585 τῆς
1463 540 1495 577 ἐν
1512 538 1589 591 ξένῃ
1610 539 1801 591 διαγωγῆς,
1817 539 1876 577 καὶ
1895 543 1956 586 τ’ῆς
1977 541 2010 578 ἐν
2032 540 2198 592 ἀλλοτρία
2215 541 2347 593 διατρι-

1319 601 1400 649 ἕῆς,
1419 600 1593 648 τοσαύτην
1619 600 1740 650 μέλλει
1766 600 1885 653 χώραν
1907 600 2112 650 διαὸαίνειν,
2126 601 2186 639 καὶ
2209 602 2347 654 βαρὲά-

1320 678 1390 715 ροις
1413 668 1600 701 συνοικεῖν·
1624 661 1714 699 ἀλλὰ
1739 661 1855 700 πάντα
1888 661 2049 714 σώφρονα
2065 663 2232 715 λογισμὸν
2252 665 2347 701 ἀπω-

1318 725 1480 775 σάμενοι,
1499 725 1571 768 ἑνὸς
1591 724 1694 775 μόνου
1704 723 1880 776 ἐγίνοντο,
1906 729 1966 763 τοῦ
1985 724 2042 762 τὸν
2065 727 2189 763 οἰκεῖον
2209 725 2346 777 φθόνον,

1318 789 1364 830 ὡς
1384 787 1551 837 ἐνόμιζον,
1569 786 1654 829 τέως
1677 789 1724 830 εἷς
1752 786 1850 840 ἔργον
1870 788 2027 838 ἀγαγεῖν.
2050 786 2120 825 Καὶ
2141 787 2264 825 ἐκεῖνοι
2284 786 2347 836 μὲν

1316 852 1360 896 τῆ
1381 848 1503 901 γνώμῃ
1522 849 1765 901 ἀδελφοκτόνοι
1783 850 1962 901 γεγόνασιν
1974 865 1982 872 ·
2007 852 2024 887 ὁ
2042 848 2077 887 δὲ
2097 853 2208 888 ταῦτα
2225 849 2346 888 παθὼν

1319 913 1376 948 ὑπ’
1404 912 1515 948 αὐτῶν
1537 910 1674 948 ἅπαντα
1691 911 1855 962 γενναίως
1885 910 2065 962 ὑπέμενεν.
2089 910 2134 948 ‘H
2161 910 2228 962 γὰρ
2261 911 2348 949 ἄνω-

1316 975 1369 1009 θεν
1386 972 1464 1024 χεὶρ
1484 966 1526 1018 ἦν
1546 971 1648 1011 αὐτὸν
1676 975 1698 1019 ἡ
1723 975 1936 1024 φρουροῦσα,
1968 972 2027 1010 καὶ
2060 971 2176 1011 πάντα
2196 971 2239 1010 τὰ
2263 973 2346 1010 δυσ-

1314 1035 1402 1085 χερῆ
1425 1033 1526 1085 ῥᾴδια
1546 1032 1606 1071 καὶ
1635 1032 1761 1071 εὔκολα
1793 1033 2021 1085 ἐργαζομένη.
2044 1033 2162 1072 (Ὀταν
2187 1033 2255 1084 γὰρ
2284 1036 2347 1079 τῆς

1316 1095 1446 1132 ἄνωθεν
1472 1094 1602 1138 εὐνοίας
1622 1094 1865 1145 ἀπολαύωμεν,
1885 1094 1949 1133 κᾶν
1971 1097 2004 1132 ἐν
2027 1094 2123 1146 μέσῳ
2159 1094 2345 1145 βαρὸάρων

1316 1148 1424 1206 ὦμεν,
1440 1155 1504 1194 κᾶν
1523 1158 1576 1195 ἐπ’
1597 1155 1803 1208 ἀλλοτρίας,
1829 1159 1897 1194 τῶν
1917 1156 2004 1194 οἴκοι
2021 1156 2267 1209 διατριὸόντων
2287 1156 2347 1196 καὶ

1316 1216 1432 1264 πάσης
1449 1217 1692 1255 ἀπολαυόντων
1714 1216 1898 1269 θεραπείας
1918 1217 2057 1269 ἄμεινον
2080 1217 2210 1268 διάγειν
2240 1218 2342 1256 δυνά-

1318 1281 1425 1328 μεθα·
1452 1277 1571 1331 ὥσπερ
1599 1278 1662 1317 κᾶν
1692 1279 1750 1317 ἐπὶ
1770 1282 1832 1324 τῆς
1852 1279 1963 1324 οἰκίας
1997 1279 2247 1332 διατρίὸωμεν,
2282 1280 2346 1318 κᾶν

1316 1339 1431 1386 πάσης
1452 1339 1600 1383 ἀνέσεως
1630 1340 1817 1379 ἀπολαύειν
1839 1342 2010 1391 δοκῶμεν,
2032 1341 2156 1393 ἔρημοι
2187 1341 2223 1380 δὲ
2251 1334 2345 1392 ὦμεν

1316 1404 1377 1448 τῆς
1409 1401 1538 1440 ἄνωθεν
1572 1401 1732 1453 βοηθείας
1750 1431 1759 1448 ,
1798 1401 1937 1440 πάντων
1972 1403 2076 1454 ἐσμὲν
2111 1403 2344 1455 ἐλεεινότεροι.

1317 1462 1439 1509 Πολλὴ
1458 1463 1526 1515 γὰρ
1545 1463 1603 1500 καὶ
1622 1465 1684 1509 τῆς
1705 1464 1830 1516 ἀρετῆς
1848 1467 1869 1509 ἡ
1891 1462 2011 1516 ἰσχὺς,
2029 1463 2088 1501 καὶ
2111 1466 2172 1509 τῆς
2186 1463 2343 1511 κακίαςὴ

1317 1524 1474 1563 ἀσθένεια
1485 1539 1492 1546 ·
1508 1524 1566 1562 καὶ
1580 1529 1680 1563 τοῦτο
1697 1524 1851 1575 μάλιστα
1866 1524 2036 1562 δείκνυσιν
2056 1527 2140 1574 ἡμῖν
2164 1524 2251 1572 αὕτη
2273 1529 2294 1572 ἡ
2311 1527 2346 1563 ἐν

1316 1585 1435 1638 χερσὶν
1451 1585 1598 1637 ἱστορία.
1612 1585 1720 1629 Τίνας
1736 1585 1820 1637 γὰρ,
1838 1585 1914 1623 εἶπέ
1930 1601 2010 1635 μοι,
2027 1585 2191 1629 ἐλεεινοὺς
2206 1585 2265 1623 καὶ
2282 1602 2345 1636 μυ-

1319 1647 1399 1697 ρίων
1418 1646 1574 1698 δακρύων
1590 1646 1702 1690 ἀξίους
1716 1646 1855 1698 κρίνεις,
1872 1646 1950 1690 τοὺς
1966 1650 2120 1684 τοσαῦτα
2135 1647 2227 1685 κακὰ
2245 1650 2345 1699 ἔργα·

1317 1706 1487 1757 σαμένους
1506 1707 1563 1745 τὸν
1583 1707 1780 1760 &Balaam-2,
1797 1707 1855 1744 τὸν
1869 1708 1935 1746 ὑπὸ
1950 1710 1992 1758 τῇ
2010 1706 2148 1760 δουλείᾳ
2165 1710 2234 1746 τῶν
2257 1710 2347 1760 βαρ-

1317 1767 1433 1820 ὅάρων
1463 1767 1710 1820 γεγενημένον,
1746 1767 1917 1814 Δηλονότι
1951 1767 2104 1811 τούτους.
2125 1768 2257 1807 Ἐννόει
2279 1769 2346 1821 γάρ

1319 1845 1377 1880 μοι
1395 1829 1516 1868 λοιπὸν
1542 1829 1600 1867 τὸν
1617 1829 1808 1880 θαυμάσιον
1826 1831 1971 1877 ἐκεῖνον,
1992 1829 2048 1867 τὸν
2070 1829 2160 1880 μετὰ
2178 1830 2347 1877 τοσαύτης

1317 1891 1521 1945 δορυφορίας
1537 1891 1794 1944 ἀνατραφέντα,
1811 1891 1871 1930 καὶ
1892 1891 1960 1929 ὑπὸ
1978 1897 2054 1934 ταῖς
2081 1890 2250 1942 ἀγκάλαις
2272 1899 2348 1936 ταῖς

1316 1960 1502 2006 πατρικαῖς
1536 1955 1702 2000 διηνεκῶς
1731 1952 1977 2005 γεγενημένον,
2004 1953 2126 2004 ἀθρόον
2152 1953 2348 2004 ἀναγκαζό-

1318 2031 1418 2066 μενον
1452 2015 1606 2055 δουλείαν
1640 2014 1799 2067 γαλεπὴν
1833 2014 2065 2067 ὑφίστασθαι,
2093 2014 2152 2053 καὶ
2190 2014 2346 2053 δουλείαν

1316 2077 1413 2130 παρὰ
1435 2077 1624 2130 βαρὸάροις
1658 2076 1803 2128 ἀνδράσι
1818 2076 1909 2123 ,“καὶ
1931 2076 2059 2128 Θηρίων
2084 2075 2179 2114 οὐδὲν
2206 2075 2346 2127 ἄμεινον

1317 2138 1559 2189 διακειμένοις.
1586 2137 1679 2176 Ἀλλ’
1706 2140 1723 2175 ὁ
1751 2140 1819 2176 τῶν
1856 2137 2019 2176 ἁπάντων
2053 2136 2234 2185 Δεσπότης
2261 2132 2303 2185 ἦν
2329 2141 2348 2176 ὃ

1316 2199 1374 2237 καὶ
1405 2199 1552 2243 ἐκείνους
1577 2198 1728 2251 ἡμέρους
1758 2198 2001 2251 ἐργαζόμενος,
2032 2197 2183 2250 κάκείνῳ
2213 2199 2347 2246 πολλὴν

1317 2259 1428 2304 διδοὺς
1452 2260 1513 2307 τὴν
1549 2260 1741 2310 ὑπομονήν.
1773 2261 1842 2298 Καὶ
1877 2259 2084 2310 ἀποδόμενοι
2108 2260 2166 2298 τὸν
2188 2260 2345 2312 ἀδελφὸν,

1315 2325 1361 2365 ὡς
1390 2323 1438 2365 εἷς
1454 2321 1551 2364 τέλος
1567 2321 1754 2373 ἀγαγόντες
1774 2320 1832 2359 τὸν
1855 2323 1979 2360 οἰκεῖον
2001 2322 2145 2366 σκοπὸν,
2162 2321 2252 2359 οὕτω
2271 2323 2347 2360 λοι-

1315 2384 1378 2422 πὸν
1399 2382 1584 2430 διέκειντο,
1617 2383 1772 2421 ἐκποδὼν
1795 2383 2027 2434 ποιησάμενοι
2052 2384 2110 2422 τὸν
2141 2386 2199 2422 ὑπ’
2233 2384 2346 2421 αὐτῶν

1316 2445 1556 2497 φθονούμενον.
1578 2445 1780 2499 Ἀνέν-τρεψε
1801 2445 1857 2492 δὲ,
1879 2445 1963 2498 φησὶ
1977 2476 1986 2493 ,
2007 2444 2185 2492 ἰιῬουὸἢν
2207 2445 2263 2484 ἐπὶ
2288 2446 2346 2485 τὸν

1315 2507 1459 2555 λάκκον,
1489 2506 1548 2545 καὶ
1580 2507 1646 2559 οὐχ
1674 2510 1739 2559 ὁρᾷ
1769 2507 1826 2545 τὸν
1847 2506 2002 2560 'lom-rip·
2034 2507 2093 2545 καὶ
2113 2507 2269 2561 διέῤῥηξε
2301 2507 2346 2545 τὰ

1315 2567 1439 2619 ἱμάτια
1466 2570 1570 2606 αὐτοῦ
1583 2598 1592 2615 ,
1616 2568 1674 2606 καὶ
1692 2568 1879 2620 ἀνέστρεψε
1901 2568 1986 2620 πρὸς
2005 2567 2082 2612 τοὺς
2097 2567 2263 2620 ἀδελφοὺς
2278 2569 2344 2606 αὔ-

1314 2633 1393 2677 τοῧ,
1414 2629 1473 2668 καὶ
1501 2623 1595 2668 εἶπε·
1616 2630 1656 2668 τὸ
1686 2629 1869 2681 παιδάριον
1896 2631 1958 2668 οὐκ
1991 2628 2099 2674 ἔστιν,
2123 2628 2193 2679 ἐγὼ
2213 2629 2247 2668 δὲ
2278 2632 2345 2667 ποῦ

1312 2691 1528 2743 πορεύσομαι
1545 2690 1615 2738 ἔτι;
1632 2691 1778 2737 Ἐπειδὴ
1793 2690 1860 2742 γὰρ
1880 2689 2030 2734 ἐδίδαξεν
2050 2690 2213 2743 ἀνωτέρω
2226 2693 2248 2736 ἡ
2270 2691 2344 2730 θεία

1314 2753 1455 2805 Γραφὴ,
1477 2752 1529 2790 ὅτι
1563 2752 1620 2790 διὰ
1641 2757 1740 2791 τοῦτο
1775 2751 2021 2791 συνεδούλευσε
2046 2751 2196 2799 Ῥου6ὴν
2217 2755 2265 2797 εἷς
2285 2753 2342 2792 τὸν

1312 2813 1442 2852 λάκκον
1462 2813 1518 2852 τὸν
1540 2814 1642 2851 αὐτοῦ’
1664 2814 1808 2866 ἀδελφὸν
1824 2812 2044 2863 ἐμὸληθῆναι
2057 2844 2065 2860 ,
2087 2813 2178 2852 ὥστε
2198 2813 2258 2851 καὶ
2274 2817 2343 2852 τῶν

1312 2878 1439 2927 χειρῶν
1467 2875 1568 2914 αὐτὸν
1596 2874 1769 2918 ἐξελέσθαι
1797 2877 1865 2912 τῶν
1895 2876 2056 2926 φονικῶν,
2076 2874 2135 2912 καὶ
2155 2874 2343 2913 ἀποδοῦναι

1312 2939 1362 2989 τῷ
1382 2936 1490 2988 πατρί
1503 2952 1510 2960 ·
1524 2939 1601 2982 νῦν,
1620 2936 1738 2988 φησιν,
1752 2935 1846 2982 ἰδὼν,
1865 2935 1917 2975 ὅτι
1935 2935 2106 2988 διήμαρτε
2124 2939 2183 2974 τοῦ
2199 2939 2341 2982 σκοποῦ,

1314 2997 1469 3051 διέρρηξε
1503 2997 1547 3035 τὰ
1579 2996 1703 3047 ἱμάτια
1724 2999 1849 3045 αὐτοῦ,
1879 2997 1936 3034 καὶ
1966 2991 2060 3035 εἶπε·
2081 2997 2134 3035 Τὸ
2158 2997 2342 3049 παιδάριον

1312 3062 1376 3097 οὐκ
1391 3059 1496 3105 ἔστιν,
1514 3057 1583 3109 ἐγὼ
1604 3058 1638 3096 δὲ
1660 3062 1726 3096 ποῦ
1744 3058 1960 3110 πορεύσομαι
1979 3058 2048 3104 ἔτι;
2076 3056 2202 3105 Ποίαν,
2224 3058 2341 3109 φησὶν,

1312 3119 1431 3170 ἕξομεν
1454 3119 1657 3169 ἀπολογίαν,
1677 3119 1735 3156 καὶ
1770 3119 1923 3169 μάλιστα
1943 3121 1960 3156 ὁ
1986 3119 2094 3156 δοκῶν
2114 3120 2211 3167 ὑμῶν
2243 3133 2343 3171 πρω-

1310 3181 1421 3218 τεύειν
1456 3180 1549 3231 ἐγώς
1583 3180 1743 3231 Ἐνόμιζε
1771 3181 1837 3232 γὰρ
1874 3179 1974 3218 αὐτὸν
2014 3181 2217 3230 ἀνηρῆσθκι.
2250 3178 2342 3217 Ἀλλ’

1310 3241 1430 3288 ἐπειδὴ
1469 3242 1507 3279 τὸ
1540 3241 1819 3292 σπουδαζόμενον
1854 3243 1969 3284 αὐτοῖς
1998 3240 2165 3292 ἐγεγόνει,
2195 3239 2253 3278 καὶ
2284 3239 2340 3278 τὸν

1371 3376 1383 3391 ³
1401 3364 1503 3400 Saul.
1529 3364 1648 3408 ubique
1665 3366 1777 3399 scribit
1797 3363 1933 3408 ῥουὸεῑμ.
