2516 3791
180 2142 239 2169 Cur
254 2142 290 2169 ob

102 2187 189 2214 unius
224 2194 290 2220 pcc-

299 151 388 197 770
753 150 790 180 S.
828 149 1006 181 JoAuNJs
1041 147 1281 179 cunrsosr.

647 294 817 334 SERMO
846 295 892 332 V.

300 419 413 472 Quod
452 432 529 456 non
565 424 721 469 propter
741 414 944 453 Adamam
973 416 1170 465 punimur,
1211 422 1248 451 et

348 483 501 533 majora
531 492 600 530 per
635 490 720 514 eum
756 477 858 512 bona
882 489 1001 527 quam
1030 475 1139 512 mala
1158 482 1248 512 sunt

350 545 576 593 importata,
611 539 644 575 si
666 537 774 574 nobis
803 539 894 588 ipsis
905 537 1106 574 attendere
1123 536 1250 573 volue-
1270 551 1294 581 C

351 605 470 639 rimus
501 616 512 636 .-
544 607 581 637 et
621 598 806 637 adversus
851 611 914 635 eos
948 599 1016 649 qui
1062 610 1250 649 pauperes

346 669 589 714 praetereunt.

348 787 383 822 1.
401 785 478 823 Vos
494 781 642 834 quidem
658 781 804 819 fortasse
823 794 886 818 nos
900 794 1040 818 omnem
1061 781 1195 833 putatis
1210 780 1255 819 de

295 846 479 884 dominatu
502 842 697 882 absolvisse
721 855 942 880 sermonem:
963 851 998 879 at
1018 855 1082 893 ego
1098 840 1254 880 multum

295 907 415 944 adhue
446 905 482 943 in
512 919 552 943 eo
582 903 687 943 video
712 904 867 941 fructum
895 917 1076 955 apparere.
1107 903 1179 942 Sed
1211 917 1255 941 ne

294 965 558 1018 defatigcmini,
597 979 715 1016 quaeso
730 995 740 1013 ,
771 977 954 1015 quousque
988 972 1103 1001 totum
1135 964 1254 1015 ipsum

295 1027 590 1080 decerpserimus.
615 1026 708 1063 Nam
728 1034 760 1063 et
779 1024 968 1075 diligentes
987 1024 1152 1075 agricolae
1173 1039 1255 1062 cum

294 1089 406 1128 vitem
422 1088 516 1126 soliis
534 1096 732 1125 comantem
754 1085 933 1132 viderint,
955 1094 989 1123 et
1006 1085 1121 1123 multo
1136 1085 1255 1123 fructu

297 1159 491 1194 oneratam,
506 1163 575 1186 non
591 1157 753 1186 externos
770 1156 908 1185 tantum
923 1145 1138 1184 abscindunt
1163 1161 1255 1184 raee-

296 1226 372 1249 mos
386 1241 395 1259 ‚
415 1210 478 1249 sed
499 1220 532 1248 et
558 1209 707 1246 ulterius
723 1207 899 1261 progressi
920 1207 1083 1260 palmites
1103 1208 1257 1246 eonfrin—

297 1281 402 1324 gunt,
433 1280 467 1309 et
489 1271 573 1308 folia
601 1279 780 1317 coercent,
811 1269 859 1307 ita
885 1278 925 1306 ut
952 1282 995 1306 ne
1017 1268 1157 1306 minimi
1177 1269 1256 1320 qui-

299 1334 381 1371 dem
401 1332 493 1371 acini
514 1345 737 1370 racemorum
752 1330 942 1368 frondibus
959 1329 1087 1367 obtecti
1108 1330 1251 1368 lateant.

298 1394 418 1433 Nolite
438 1393 548 1445 igitur
574 1391 850 1444 negligentiores
878 1390 950 1428 illis
976 1390 1092 1428 videri
1108 1422 1117 1439 ,
1146 1406 1257 1442 neque

299 1456 510 1508 priusquam
524 1463 638 1492 totum
657 1468 677 1490 a
696 1453 799 1490 vobis
819 1452 864 1490 sit
879 1461 1064 1504 acceptum
1079 1453 1232 1491 recedite
1248 1470 1255 1490 :

299 1515 497 1568 praesertim
508 1529 588 1551 eum
601 1514 704 1551 labor
715 1513 863 1563 quidem
869 1527 980 1561 meus,
992 1514 1129 1551 fruetus
1140 1524 1258 1552 autem

299 1577 345 1615 sit
360 1586 488 1615 vester.
512 1575 684 1613 Hesterno
702 1574 761 1611 die
791 1573 958 1611 mulieres
991 1575 1257 1626 accusavimus,

300 1639 358 1677 vel
380 1637 500 1689 potius
521 1650 591 1674 non
622 1635 807 1683 mulieres,
835 1634 899 1673 sed
925 1635 1042 1673 Evam
1073 1636 1166 1686 quod
1196 1651 1259 1688 per

299 1707 484 1752 peceatum
516 1696 726 1736 servitutem
759 1695 908 1735 invexit.
940 1696 1103 1735 Fortasse
1139 1696 1259 1735 dicent

299 1760 404 1798 nobis
423 1759 589 1798 mulieres
605 1775 612 1794 :
634 1759 772 1807 Quare,
797 1773 878 1796 cum
897 1757 960 1795 illa
979 1769 1176 1811 peccasset,
1196 1774 1258 1798 nos

300 1821 476 1859 damnatae
493 1820 645 1869 fuimus,
665 1828 698 1857 et
718 1819 824 1857 unius
848 1834 1006 1871 personae
1025 1820 1146 1873 lapsus
1164 1821 1234 1860 suit
1246 1851 1256 1872 ,

300 1883 434 1920 crimen
464 1891 583 1919 autem
610 1895 716 1919 sexus
747 1881 880 1919 totius?
905 1882 981 1920 Hoc
1009 1884 1115 1921 etiam
1144 1883 1260 1923 dicere
1281 1888 1306 1918 E

300 1944 395 1982 servi
408 1953 549 1996 possent
563 1960 569 1979 :
586 1942 685 1990 Quid
699 1957 811 1981 causae
822 1953 873 1981 est
886 1958 964 1994 eur,
979 1959 1060 1982 eum
1074 1946 1109 1983 in
1123 1956 1259 1998 patrem

303 2006 580 2044 contumeliosus
596 2005 721 2043 fuisset
742 2005 930 2055 Chanaan,
951 2006 997 2044 ad
1014 2015 1127 2044 totum
1152 2022 1260 2059 genus

303 2081 406 2119 poena
422 2066 612 2105 transivit?
627 2066 675 2104 Et
689 2066 748 2116 qui
765 2067 994 2118 magistratus
1009 2067 1260 2119 reformidant,

304 2137 445 2180 possent
465 2128 618 2179 objicere
643 2143 650 2163 :
678 2128 751 2165 Cur
773 2128 916 2165 tandem
941 2129 1074 2167 caeteris
1096 2130 1262 2169 scelerate

306 2188 510 2228 viventibus
524 2188 685 2240 ipsijngo
697 2187 879 2226 servitutis
894 2189 1030 2227 addicti
1045 2191 1150 2228 sunt?
1164 2191 1262 2238 Quid

102 2233 199 2254 catum
242 2225 316 2256 alii,
349 2251 354 2256 ,

103 2269 271 2306 puniantur.

307 2259 417 2302 igitur
444 2249 500 2287 his
530 2249 696 2287 omnibus
727 2248 1043 2300 respondebimus?
1076 2250 1262 2301 Siquidem

306 2325 375 2349 una
401 2310 575 2348 solutione
590 2308 844 2359 quaestionibus
871 2309 948 2347 istis
973 2311 1138 2349 omnibus
1160 2313 1262 2351 satis—

306 2374 388 2411 fiet:
410 2371 545 2424 priores
572 2371 719 2422 quidem
735 2371 816 2408 illos
830 2385 1008 2423 peccasse,
1025 2387 1065 2410 ac
1088 2387 1150 2411 sua
1175 2389 1264 2426 prce-

305 2433 519 2471 varieatione
529 2432 736 2470 servitutem
749 2431 1009 2482 introduxisse,
1021 2448 1145 2472 verum
1158 2434 1264 2473 intro·
1274 2476 1319 2500 555

304 2493 449 2532 ductam
478 2493 577 2531 illam
606 2493 815 2546 posteriores
840 2494 995 2545 peccatis
1023 2495 1096 2533 suis
1128 2498 1262 2534 conlir—
1285 2514 1310 2542 A

305 2571 430 2594 masse.
453 2557 548 2594 Nam
579 2555 609 2593 si
639 2555 782 2606 quidem
815 2565 986 2608 perpetuo
1015 2571 1051 2594 se
1077 2567 1218 2609 possent
1243 2573 1263 2596 a

305 2621 457 2673 peccatis
486 2621 661 2659 immunes
687 2620 887 2671 ostendere,
916 2622 998 2674 jure
1018 2622 1164 2660 sortasse
1182 2637 1263 2675 pos-

306 2691 381 2719 sent
397 2682 640 2720 contradicere
659 2697 667 2717 :
689 2681 743 2719 sin
761 2690 878 2719 autem
894 2682 1018 2720 multis
1036 2682 1103 2735 ipsi
1125 2698 1264 2735 quoqne

307 2743 419 2794 poenis
438 2753 520 2780 sunt
545 2742 719 2792 obnoxii,
748 2743 881 2781 frustra
900 2743 966 2781 hac
986 2745 1212 2783 excusatione
1228 2760 1263 2784 se

307 2812 462 2841 tuentur.
497 2804 572 2855 Ego
604 2804 698 2841 enim
729 2817 796 2841 non
831 2804 934 2854 dixi,
970 2815 1155 2857 peceatum
1187 2806 1264 2858 jam

309 2864 514 2901 servitutem
533 2879 600 2902 non
619 2864 860 2915 introducere,
880 2865 941 2903 sed
955 2880 1057 2904 omne
1080 2876 1262 2918 peccatum

310 2939 390 2961 cum
421 2926 591 2963 servitute
622 2940 694 2963 esse
722 2926 969 2978 conjunctum,
997 2937 1030 2965 et
1060 2928 1095 2965 in
1129 2928 1264 2980 peceati

310 2995 493 3032 naturam,
514 3001 581 3024 non
602 2987 635 3025 in
654 2987 765 3025 solani
782 2988 912 3039 pecc-'iti
930 2987 1167 3027 differentiam
1183 3004 1263 3028 cau-

309 3060 384 3083 sam
403 3047 522 3099 rejeci.
543 3050 591 3085 [Yt
612 3048 720 3098 igitur
740 3062 860 3086 omnes
884 3048 1029 3099 quidem
1049 3049 1262 3089 incurabiles

310 3108 425 3145 morbi
465 3117 613 3146 mortem
653 3109 825 3158 inserunt,
867 3125 934 3147 non
973 3124 1093 3150 omnes
1144 3120 1260 3149 tamen

482 3215 491 3226 O

354 3243 366 3256 π
392 3233 431 3263 In
461 3231 578 3263 codiee
594 3233 695 3275 Regio
722 3235 805 3264 22512
834 3234 903 3266 lioec
931 3234 1075 3266 Ile-milia
1106 3236 1224 3267 nonin
1241 3235 1320 3268 serie

311 3283 447 3314 aliarum
465 3282 611 3325 ponitur,
628 3291 659 3315 et
680 3285 816 3315 omnino
831 3287 1108 3327 prretermittitur.

357 3336 371 3358 ¹·
397 3335 458 3365 llic·
479 3343 560 3376 puto
588 3333 743 3368 mendose
767 3337 844 3378 poni
870 3336 1028 3369 Clianaan
1049 3350 1107 3380 pro
1125 3337 1254 3379 Cliain,
1286 3346 1319 3370 ut

1322 148 1507 179 ARCHIEP
1516 170 1525 179 .
1563 149 1917 182 CONSTANTlNOP.

1591 284 1617 302 0-

1701 300 1715 316 ³
1729 296 1895 336 ΛΟΓΟΣ
1924 295 1961 336 ε’.

1318 416 1404 454 σΟτι
1423 415 1461 452 οὐ
1491 414 1548 452 διὰ
1566 415 1623 453 τὸν
1648 416 1756 468 Ἀδὰμ
1781 418 2017 469 κολαζόμεθα,
2044 420 2102 458 καὶ
2129 420 2182 458 ὅτι
2207 422 2347 471 μείζονα

1372 480 1441 515 τῶν
1462 477 1505 513 δι’
1523 476 1652 515 ἐκείνου
1672 479 1931 531 εἰσενεχθέντων
1949 482 2114 532 λυπηρῶν
2128 481 2172 519 τὰ
2187 484 2326 535 χρηστὰ
2337 514 2347 532 ,

1374 538 1432 576 ἐὰν
1453 539 1587 581 ἑαυτοῖς
1617 539 1847 591 προσέχωμεν
1861 555 1868 564 ·
1886 540 1945 578 καὶ
1963 541 2053 580 κατὰ
2073 543 2142 580 τῶν
2169 559 2348 596 παρατρε-

1373 599 1506 652 χόντων
1522 598 1600 643 τοὺς
1618 599 1784 646 πένητας.

1376 783 1499 834 εΥμεῖς
1516 784 1577 834 μὲν
1609 784 1691 828 ἴσως
1717 784 1873 835 νομίζετε
1893 786 1951 824 τὸν
1971 787 2051 838 περὶ
2071 790 2133 834 τῆς
2151 788 2351 832 δεσποτείας

1323 849 1408 897 ἡμῖν
1437 845 1575 884 ἅπαντα
1607 847 1821 899 ἀπηρτίσθαι
1851 847 1974 899 λόγον·
2003 848 2072 899 ἐγὼ
2110 848 2145 888 δὲ
2175 849 2226 888 ἔτι
2244 850 2351 888 πολὺν

1324 910 1392 959 ὁρῶ
1408 907 1466 946 τὸν
1491 909 1624 960 καρπὸν
1642 909 1676 945 ἐν
1697 911 1791 961 αὐτῷ
1811 910 2026 962 φαινόμενον.
2055 911 2159 950 Ἀλλὰ
2189 911 2236 962 μὴ
2260 915 2351 951 ἀπο-

1324 968 1482 1020 κάμητε,
1506 971 1725 1020 παρακαλῶ,
1744 969 1807 1014 ἕως
1834 971 1936 1009 αὐτὸν
1963 972 2101 1009 ἅπαντα
2129 973 2354 1024 ἐκτρυγήσω-

1326 1045 1399 1079 μεν.
1423 1029 1494 1067 Καὶ
1513 1029 1581 1081 γὰρ
1608 1032 1638 1067 οἱ
1657 1030 1836 1080 φιλόπονοι
1857 1032 1926 1067 τῶν
1947 1035 2110 1084 γεωργῶν
2136 1031 2218 1070 ὅταν
2236 1033 2354 1071 ἴδωσιν

1326 1090 1481 1140 ἄμπελον
1511 1091 1652 1132 πολλοῖς
1682 1089 1743 1140 μὲν
1777 1095 1848 1134 τοῖς
1871 1091 2009 1143 φύλλοις
2035 1096 2213 1142 κομῶσαν,
2235 1095 2354 1145 πολλῷ

1327 1151 1362 1188 δὲ
1383 1154 1432 1202 τῷ
1455 1153 1580 1203 καρπῷ
1605 1151 1824 1203 βριθομένην,
1851 1152 1929 1204 οὐχὶ
1961 1151 2038 1195 τοὺς
2069 1152 2191 1197 ἔξωθεν
2210 1152 2356 1206 βότρυας

1326 1212 1530 1262 ἐκτέμνουσι
1549 1212 1664 1263 μόνον,
1682 1213 1772 1251 ἀλλὰ
1789 1213 1848 1250 καὶ
1863 1213 2029 1267 ἐνδοτέρω
2039 1219 2193 1267 χωροῦσι
2216 1215 2259 1253 τὰ
2272 1216 2359 1262 κλή·

1326 1290 1422 1326 ματα
1443 1276 1661 1318 ἀνακλῶντες
1672 1305 1681 1323 ,
1707 1274 1768 1312 καὶ
1783 1273 1827 1312 τὰ
1844 1274 1955 1327 φύλλα
1972 1276 2252 1324 ἀναστέλλοντες,
2266 1275 2356 1316 ὥστε

1327 1335 1416 1387 μηδὲ
1438 1336 1565 1387 μικρὰς
1581 1337 1756 1389 σταφυλῆς
1777 1339 1883 1388 ῥᾶγας
1907 1337 1973 1375 ὑπὸ
1994 1343 2064 1381 τοῖς
2092 1339 2255 1382 πετάλοις
2275 1354 2356 1390 κρυ·

1326 1397 1499 1448 πτομένας
1513 1399 1640 1435 λαθεῖν.
1659 1396 1720 1444 Μὴ
1737 1397 1848 1436 τοίνυν
1863 1398 2001 1436 ἐκείνων
2018 1402 2148 1451 φανῆτε
2165 1398 2356 1451 ῥᾳθυμότε-

1329 1474 1400 1512 ροι,
1431 1458 1520 1509 μηδὲ
1547 1460 1741 1506 ἀποστῆτε,
1757 1457 1820 1502 ἕως
1844 1459 1884 1496 ἂν
1898 1459 1937 1497 τὸ
1951 1465 2020 1497 πᾶν
2043 1459 2194 1507 >tote-ms·
2212 1460 2271 1498 καὶ
2292 1460 2359 1511 μοί-

1327 1522 1450 1568 λιστα,
1473 1519 1525 1557 ὅτι
1544 1522 1562 1558 ὃ
1583 1519 1644 1570 μὲν
1667 1519 1770 1563 πόνος
1801 1521 1902 1571 ἐμὸς,
1931 1522 1947 1557 ὁ
1979 1519 2014 1558 δὲ
2036 1520 2166 1573 καρπὸς
2182 1521 2358 1574 ὑμέτερος.

1329 1581 1631 1632 Κατηγορήσαμεν
1653 1579 1737 1631 χθὲς
1759 1583 1828 1618 τῶν
1852 1583 2038 1632 γυναικῶν,
2062 1583 2192 1631 μᾶλλον
2213 1581 2248 1620 δὲ
2279 1583 2358 1634 οὐχὶ

1329 1645 1397 1679 τῶν
1417 1644 1604 1692 γυναικῶν,
1620 1641 1709 1679 ἀλλὰ
1728 1644 1790 1688 τ’ἦς
1808 1641 1920 1688 Εὔας,
1947 1640 2000 1679 ὅτι
2027 1641 2084 1680 διὰ
2105 1646 2166 1688 τῆς
2187 1642 2360 1696 ἁμαρτίας

1329 1704 1393 1749 τὴν
1408 1703 1563 1741 δουλείαν
1594 1703 1788 1755 εἰσήγαγεν.
1802 1703 1946 1741 Εἴποιεν
1970 1702 2010 1741 ἂν
2031 1705 2066 1742 αἱ
2080 1709 2238 1756 γυναῖκες
2254 1708 2338 1755 ἡμῖν
2353 1721 2359 1727 ·

1330 1764 1420 1808 τίνος
1440 1759 1496 1803 οῧν
1517 1763 1649 1812 ἕνεκεν,
1670 1763 1801 1811 ἐκείνης
1817 1763 2089 1817 ἁμαρτησάσης,
2107 1769 2209 1815 ἡμεῖς
2227 1767 2361 1803 κατεδι-

1331 1826 1525 1878 κάσθημεν,
1551 1825 1611 1864 καὶ
1629 1825 1668 1863 τὸ
1686 1825 1747 1876 μὲν
1767 1825 1996 1878 παράπτωμα
2012 1825 2148 1878 γέγονεν
2167 1826 2239 1870 ἑνὸς
2258 1842 2363 1878 προσ-

1332 1888 1450 1936 ώπου,
1478 1888 1518 1926 τὸ
1545 1886 1581 1925 δὲ
1606 1887 1766 1938 ἔγκλημα
1799 1886 1912 1925 κοινὸν
1936 1890 1999 1933 τῆς
2033 1886 2166 1939 φύσεως
2202 1888 2364 1935 ἇπάσης;

2256 1947 2273 1968 ¹³
2286 1951 2364 1988 Χα-

1333 2011 1418 2049 ναὰν
1453 2013 1500 2054 εἰς
1531 2011 1589 2049 τὸν
1619 2009 1756 2063 πατέρα
1787 2009 2007 2062 ὑὸρίσαντος,
2037 2009 2082 2048 τὰ
2113 2013 2175 2056 τῆς
2194 2010 2366 2064 τιμωρίας

1961 1946 2030 1961 ΙἈΙ

1334 1951 1447 1988 Τοῦτο
1475 1949 1534 1988 καὶ
1558 1950 1669 1987 δοῦλοι
1703 1948 1828 1987 εἴποιεν
1851 1948 1890 1986 ἄν
1906 1963 1913 1971 ·
1935 1964 1969 1985 τι
1989 1962 2118 1995 οηποτε
2132 1979 2142 1996 ,
2171 1953 2231 1987 τοῦ

1335 2075 1381 2116 εἷς
1410 2072 1502 2110 ἅπαν
1523 2072 1620 2119 &te-r,
1643 2072 1809 2123 τὸγένος,
1828 2071 1898 2109 Καὶ
1919 2072 1950 2109 οἱ
1971 2070 2049 2114 τοὺς
2070 2071 2240 2124 ἄρχοντας
2259 2070 2294 2109 δὲ
2308 2087 2366 2123 φο-

1335 2134 1496 2185 Εούμενοι
1522 2139 1623 2173 τοῦτο
1642 2133 1681 2172 ἂν
1708 2134 1942 2172 αἰτιάσαιντο·
1962 2131 1996 2170 τί
2017 2133 2163 2180 δήποτε,
2184 2132 2310 2185 ἑτέρων
2331 2134 2365 2170 ἐν

1334 2195 1484 2247 πονηρίᾳ
1501 2195 1693 2242 ζησάντων,
1714 2194 1809 2232 αὐτοὶ
1832 2197 1883 2245 τῷ
1915 2196 2007 2245 ζυγῷ
2035 2197 2098 2239 τῆς
2119 2196 2229 2246 ἀρχῆς
2250 2208 2363 2246 παρε-

1335 2256 1505 2303 δόθησαν,
1526 2255 1573 2293 Τί
1602 2250 1658 2294 οὖν
1705 2255 1744 2292 ἂν
1781 2254 1936 2305 εἴποιμεν
1973 2257 2075 2304 ἡμεῖς
2108 2254 2195 2307 πρὸς
2226 2253 2367 2297 τούτους

1335 2317 1509 2364 ἅπαντας,
1529 2316 1606 2355 Μία
1626 2316 1694 2369 γὰρ
1710 2316 1807 2354 ἔσται
1831 2316 1970 2354 πάντων
1985 2316 2196 2366 ζητημάτων
2213 2319 2234 2361 ἡ
2251 2314 2364 2358 λύσις·

1335 2378 1387 2416 ὅτι
1412 2379 1569 2430 ἥμαρτον
1588 2378 1648 2430 μὲν
1665 2381 1695 2417 οἱ
1714 2378 1897 2431 πρότεροι,
1920 2377 1978 2415 καὶ
1998 2377 2054 2415 διὰ
2069 2379 2131 2423 τῆς
2150 2377 2276 2420 οἰκείας
2295 2393 2367 2415 πα-

1338 2443 1464 2491 ρακοῆς
1496 2439 1559 2487 τὴν
1598 2438 1752 2478 δουλείαν
1783 2439 1987 2490 εἰσήγαγον·
2019 2440 2238 2490 εἷσαχθεῖσαν
2268 2436 2303 2475 δὲ
2336 2439 2368 2475 οἱ

1338 2501 1424 2551 μετὰ
1444 2505 1554 2539 ταῦτα
1573 2506 1649 2544 ταῖς
1670 2502 1753 2552 παρ’
1773 2502 1903 2538 ἑαυτῶν
1916 2499 2093 2552 ἐκύρωσαν
2104 2498 2304 2552 ἁμαρτίαις.
2323 2499 2367 2536 Ei

1337 2562 1397 2614 μὲν
1418 2563 1485 2616 γὰρ
1502 2562 1610 2614 ἔχοιεν
1633 2560 1774 2605 ἑαυτοὺς
1794 2561 1899 2606 δεῖξαι
1926 2561 2112 2604 διαπαντὸς
2148 2559 2366 2611 ἁμαρτημά-

1335 2639 1402 2661 των
1426 2623 1524 2667 ὄντας
1538 2622 1727 2676 καθαροὺς,
1747 2621 1829 2664 ἴσως
1852 2622 1891 2659 ἂν
1914 2621 1964 2668 εἴη
1990 2623 2104 2664 αὐτοῖς
2125 2623 2241 2663 καλῶς
2256 2621 2367 2658 δοκεῖν

1336 2684 1545 2735 ἀντιλέγειν·
1578 2686 1607 2721 εἰ
1639 2684 1675 2721 δὲ
1704 2683 1764 2721 καὶ
1792 2682 1889 2720 αὐτοὶ
1917 2683 2058 2725 πολλοῖς
2078 2684 2162 2720 εἰσιν
2182 2680 2369 2732 ἐπιτιμίοις

1335 2745 1535 2790 ὑπεύθυνοι,
1556 2743 1702 2797 περιττὰ
1728 2743 1771 2782 τὰ
1800 2746 1861 2789 τῆς
1895 2743 2085 2794 ἀπολογίας
2105 2742 2234 2789 ταύτης
2263 2741 2368 2781 ἐστίν.

1336 2805 1429 2856 Ἐγὼ
1449 2805 1517 2858 γὰρ
1529 2807 1589 2843 οὐκ
1614 2799 1705 2842 εἷπον
1718 2835 1728 2852 ,
1750 2803 1802 2842 ὅτι
1823 2804 1889 2851 ἤδη
1915 2804 1976 2855 μὲν
1999 2809 2020 2851 ἡ
2041 2803 2199 2857 ἁμαρτία
2214 2803 2368 2842 δουλείαν

1335 2869 1395 2906 οὐκ
1411 2866 1560 2918 εἰσάγει,
1581 2868 1656 2904 ἀλλ’
1673 2865 1726 2903 ὅτι
1758 2873 1855 2904 πᾶσα
1887 2865 2045 2920 ἁμαρτία
2074 2865 2214 2917 δουλείᾳ
2247 2880 2368 2916 συγκε-

1336 2928 1535 2981 κλήρωται,
1556 2927 1615 2966 καὶ
1638 2926 1736 2979 φύσιν
1770 2927 1961 2981 ἁμαρτίας,
1993 2928 2030 2965 οὗ
2067 2925 2234 2979 διαφορὰν
2255 2927 2369 2978 ἁμαρ-

1335 2989 1410 3033 τίας
1439 2989 1641 3040 ᾐτιασάμην
1672 2989 1789 3039 μόνον.
1821 2988 1962 3041 (Ὠσπερ
1991 2983 2048 3027 οὖν
2071 2988 2208 3025 ἅπαντα
2246 2986 2306 3037 μὲν
2327 2986 2371 3024 τὰ

1336 3051 1459 3090 ἀνίατα
1484 3050 1668 3101 νοσήματα
1703 3053 1749 3094 εἷς
1781 3050 1925 3088 θάνατον
1954 3049 2050 3100 ἄγει,
2076 3051 2142 3099 οὐχ
2170 3048 2308 3085 ἅπαντα
2334 3046 2369 3085 δὲ

1334 3113 1396 3157 τῆς
1417 3113 1522 3156 αὐτῆς
1555 3113 1626 3148 ἐστι
1662 3110 1812 3162 φύσεως·
1848 3109 1938 3147 οὕτω
1967 3107 2094 3147 καὶτὰ
2129 3107 2369 3161 ἁμαρτήματα

1355 3235 1454 3267 etiam
1475 3235 1506 3266 in
1524 3234 1666 3266 Homilia
1683 3233 1879 3276 praeeedenti
1896 3233 1987 3266 Edit.
2007 3233 2137 3273 MoreL,
2155 3232 2213 3265 sed
2228 3230 2272 3264 ibi
2290 3232 2365 3264 Mss.

1355 3287 1554 3318 anctoritate
1570 3293 1640 3329 Χάμ
1668 3288 1834 3329 posuimus
1849 3299 1853 3316 z
1870 3285 1922 3318 hic
1937 3298 2003 3320 non
2011 3284 2168 3318 audemus
2179 3309 2188 3327 ,
2199 3285 2275 3328 quia
2289 3285 2366 3317 Mss.

1355 3339 1454 3369 otiam
1475 3344 1594 3373 Χαναὰν
1610 3337 1744 3371 liabent.
