2516 3791
692 157 736 187 ΙΝ
773 157 874 187 ΟΑΡ.
914 156 1049 188 ΧΧΧΙΙ.

152 244 309 298 ἐφαίνετο
319 272 330 292 ,
349 241 506 292 καθάπερ
520 239 579 278 καὶ
594 239 696 284 αὐτὸς
711 239 768 279 διὰ
781 244 842 278 τοῦ
856 240 1034 294 προφήτου
1048 240 1152 292 φησίν
1165 255 1172 263 ·

152 303 247 355 Ἐγὼ
282 302 420 356 ὁράσεις
455 301 652 348 ἐπλήθυνα,
686 300 747 339 καὶ
784 303 818 339 ἐν
851 301 954 354 χερσὶ
987 302 1175 353 προφητῶν

149 362 351 410 ὡμοιώθηψ
377 361 434 400 ὅτε
453 361 487 400 δὲ
506 361 702 408 κατηξίωσε
722 360 786 408 τὴν
806 365 865 399 τοῦ
894 362 1015 401 δούλου
1038 360 1176 413 μορφὴν

151 423 351 472 ἀναλαὸεῖν,
370 423 431 461 καὶ
454 422 519 469 τὴν
543 422 707 476 ἀπαρχὴν
726 422 790 470 τὴν
812 423 986 477 ἡμετέραν
1008 422 1177 466 ἀναδέξα-

151 489 256 531 σθαι,
277 487 315 522 οὗ
336 483 528 536 φαντασίᾳ,
547 484 624 522 οὐδὲ
656 483 795 530 δοκήσει
826 484 890 530 την
911 484 1025 537 σάρκα
1052 483 1179 529 ὑπέδυ,

151 547 228 585 ἀλλ’
249 545 407 599 ἀληθεία.
434 545 502 583 Καὶ
522 544 578 583 διὰ
600 548 702 583 τοῦτο
725 544 781 583 διὰ
807 545 947 583 πάντων
966 547 1035 582 τῶν
1051 543 1181 594 ἡμετέ-

1094 155 1256 187 GENBS.

1297 155 1452 185 nonu„
1493 154 1616 184 Lvui.
2099 140 2192 187 (355

1246 246 1374 298 cuique
1399 245 1545 284 illorum
1573 242 1782 297 apparebat,
1801 243 1892 281 sieut
1911 243 1986 297 ipse
2009 258 2070 296 per
2089 246 2199 283 alium

1246 307 1457 360 prophetam
1470 306 1557 344 dicit
1573 321 1581 342 :
1599 306 1684 357 Ego
1696 306 1868 342 visiones
1880 304 2135 355 multiplicavi
2142 336 2149 348 ‚
2167 314 2200 343 et
2219 316 2294 344 Osee
2361 317 2406 336 1²-

1248 371 1289 405 in
1318 369 1497 405 manibus
1516 366 1793 418 prophetarum
1821 364 2063 402 assimilatus
2085 377 2169 400 sum
2193 381 2199 401 ε
2223 365 2269 383 ¹⁰·

1247 428 1392 478 quando
1417 437 1536 465 autem
1555 426 1724 478 dignatus
1749 434 1801 463 est
1821 425 1996 463 Dominus
2015 424 2208 461 humanam

1251 490 1401 526 sormam
1422 488 1614 540 suscipere,
1635 495 1668 524 et
1688 486 1865 539 primitias
1885 495 2021 523 nostras
2040 485 2208 537 recipere,

1253 564 1322 587 non
1355 550 1391 587 in
1421 549 1535 600 figura
1571 563 1682 600 neque
1711 557 1938 600 apparentem
1966 557 2105 585 tantum
2135 562 2212 585 car-

154 622 220 659 ρυΝ
242 608 350 645 ἐλθεῖν
382 604 607 652 κατεδέξατο,
639 606 699 644 καὶ
730 607 769 644 ἐκ
805 605 967 656 γυναῑκὸς
993 607 1181 657 «celuim,
1195 628 1242 653 565
1257 625 1351 653 nem,
1371 609 1431 647 sed
1449 624 1569 647 veram
1593 608 1720 646 induit.
1745 610 1788 647 Et
1809 619 1995 662 eapropter
2016 609 2129 647 voluit
2152 624 2215 662 per

153 669 213 706 καὶ
234 668 357 720 βρέφος
378 667 557 717 γενέσθαι,
573 666 632 704 καὶ
651 668 947 719 σπαργανωθῆναῑ
962 696 972 713 ,
997 665 1056 703 καὶ
1074 667 1184 717 γαλα-
1208 669 1232 697 Λ
1256 671 1376 709 omnia
1403 679 1520 708 nostra
1550 670 1712 717 transire,
1731 684 1777 708 ex
1796 671 1944 708 muliere
1970 670 2078 715 nasci,
2101 670 2214 708 infans

154 730 455 782 κτοτροφηθῆναι,
474 728 533 766 καὶ
559 727 675 766 πάντα
702 727 744 765 τὰ
772 726 862 765 ἅλλα
891 728 1108 774 ὑποστῆναι,
1130 725 1186 763 ἵνα

155 788 377 835 πιστώσηται
398 791 460 835 τῆς
478 787 676 838 οἰκονομίας
694 788 758 834 τὴν
788 787 967 834 ἀλήθειαν,
989 787 1049 825 καὶ
1070 788 1184 838 ἀποῤ-

157 851 252 903 ῥάψῃ
269 853 337 888 τῶν
354 851 537 901 αἱρετικῶν
556 848 600 886 τὰ
627 848 800 899 στόματα.
822 847 891 886 Διὰ
916 852 1020 886 τοῦτο
1045 847 1105 886 καὶ
1125 863 1187 886 κα-

157 911 267 950 θεύδει
282 911 340 948 ἐπὶ
363 913 423 948 τοῦ
443 910 586 957 πλοίου,
607 909 667 948 καὶ
686 910 879 963 ὁδοιπορεῖ,
909 909 968 948 καὶ
983 916 1111 962 κοπιᾷ,
1129 910 1188 948 καὶ

156 971 271 1012 πάντα
285 971 328 1010 τὰ
347 970 548 1024 ἀνθρώπινα
568 970 756 1022 ὑπομένει,
777 970 834 1009 ἵνα
854 970 910 1009 διὰ
929 972 998 1008 τῶν
1017 970 1189 1024 πραγμά-

159 1050 226 1072 των
245 1033 378 1077 πάντας
414 1035 683 1086 πληροφορῆσαι
717 1033 859 1085 δυνηθῇ.
893 1032 961 1071 Διὰ
996 1035 1098 1070 τοῦτο
1129 1032 1188 1070 καὶ

159 1095 374 1149 δικαστηρίῳ
398 1094 633 1148 παρίσταται,
653 1094 713 1133 καὶ
733 1099 966 1149 σταυροῦται,
1001 1094 1060 1133 καὶ
1086 1093 1190 1132 θάνα-

157 1171 216 1195 τον
237 1155 403 1207 ὑπομένει
423 1156 482 1194 τὸν
503 1156 749 1203 ἐπονείδιστον,
770 1156 830 1194 καὶ
859 1157 894 1193 ἐν
918 1155 1078 1207 μνημείῳ
1102 1154 1191 1193 τίθε-

158 1234 237 1266 ται,
254 1218 312 1256 ἵνα
328 1218 372 1256 τὰ
388 1221 450 1265 τῆς
469 1218 667 1269 οἰκονομίας
693 1217 750 1256 διὰ
774 1217 913 1255 πάντων
933 1217 1116 1264 κατάδηλα
1137 1215 1192 1267 γε’-

160 1295 274 1326 νηται.
309 1280 354 1317 Εἰ
381 1278 449 1330 γὰρ
483 1278 532 1329 μὴ
561 1278 652 1316 κατὰ
685 1278 850 1325 ἀλήθειαν
881 1276 945 1324 τὴν
983 1277 1099 1329 σάρκα
1128 1277 1191 1323 τὴν

162 1339 336 1393 ἡμετέραν
357 1339 538 1387 ἀνέλαὸεν,
561 1338 637 1378 οὐδὲ
663 1337 886 1390 ἐσταυρώθη,
906 1338 984 1377 οὐδὲ
1005 1338 1191 1385 ἀπέθανεν,

161 1402 238 1441 οὐδὲ
257 1400 386 1452 ἐτάφη,
415 1399 492 1439 οὐδὲ
527 1399 666 1447 ἀνέστη.
687 1401 732 1439 Εἰ
761 1399 797 1438 δὲ
830 1399 878 1450 μὴ
905 1399 1053 1448 ἀνέστη,
1085 1405 1155 1444 πᾶς
1174 1402 1192 1438 ὁ

160 1466 223 1510 τῆς
252 1461 448 1513 οἰκονομίας
467 1461 567 1513 λόγος
600 1461 873 1514 ἀνατέτραπται.
894 1460 1004 1514 Ὁρᾷς
1032 1463 1079 1505 εἷς
1107 1460 1191 1508 ὅσην

163 1524 310 1564 ἀτοπίαν
330 1523 554 1562 ἐκπίπτουσιν
575 1525 606 1561 οἱ
626 1522 675 1573 μὴ
709 1522 913 1575 βουλόμενοι
941 1525 992 1574 τῷ
1019 1525 1082 1569 τῆς
1101 1523 1194 1567 θείας

162 1588 306 1639 Γραφῆς
325 1587 592 1624 κατακολουθεῖν
612 1584 755 1632 κανόνι,
777 1583 868 1623 ἀλλὰ
888 1590 959 1628 τοῖς
978 1584 1118 1628 οἰκείοις
1133 1587 1194 1623 λο-

163 1654 302 1700 γισμοῖς
336 1647 476 1685 ἅπαντα
507 1645 772 1700 ἐπιτρέποντες;
793 1646 883 1685 Ἀλλ’
904 1646 1024 1700 ὥσπερ
1047 1648 1197 1684 ἐνταῦθα

164 1708 312 1756 ἀλήθειά
330 1709 405 1746 ἐστι
420 1706 618 1760 προφανὴς,
638 1706 746 1752 οὕτως
763 1708 819 1746 ἐπὶ
837 1711 896 1746 τοῦ
914 1708 1048 1746 δικαίου
1076 1707 1198 1745 τούτου

165 1769 340 1823 φαντασία
368 1785 420 1812 τις
452 1763 507 1816 ἦν,
533 1769 577 1806 δι’
598 1763 640 1814 ἧς
677 1770 783 1821 ἐχρῆν
803 1769 1115 1821 πληροφορηθῆναι
1141 1766 1199 1804 τὸν

166 1831 311 1878 δίκαιον,
332 1829 416 1876 ὅσης
434 1828 603 1868 ἀπολαύει
620 1831 682 1875 τῆς
704 1830 787 1882 παρ’
805 1830 909 1867 αὐτοῦ
939 1828 1125 1880 προνοίας,
1141 1831 1201 1869 καὶ

169 1892 222 1931 ὅτι
243 1891 433 1944 ἀχείρωτος
448 1890 545 1929 ἔσται
560 1897 647 1929 π’ἅσι
666 1896 737 1934 τοῖς
757 1889 994 1929 ἐπιδουλεύειν
1011 1893 1203 1943 ἐπιχειροῦ-

167 1971 232 1993 σιν.
256 1946 345 1991 Εἶτα
365 1951 422 1990 ἵνα
440 1950 572 2002 μηδένα
587 1954 656 1989 τῶν
677 1954 723 1995 εἷς
742 1950 783 1988 τὸ
802 1950 880 1997 ἑξῆς
899 1952 988 2003 λάθῃ
1009 1955 1031 1998 ἡ
1052 1966 1201 2003 γεγενη-

167 2015 254 2066 μένη
289 2015 384 2066 αὐτῷ
423 2012 596 2058 ὀπτασία,
628 2012 848 2061 Ἐπέσκαζε,
878 2013 981 2065 φησὶ,
1012 2015 1062 2065 τῷ
1099 2015 1202 2065 μηρῷ

162 2077 282 2114 αὐτοῦ.
307 2074 439 2113 Ἕνεκα
454 2073 573 2112 τούτου
589 2075 626 2112 οὐ
652 2073 700 2124 μὴ
725 2073 882 2126 φάγωσιν
901 2074 967 2112 υἱοὶ
983 2073 1131 2126 Ἰσραὴλ
1162 2073 1202 2111 τὸ

165 2142 296 2190 νεῦρον,
329 2136 348 2174 ὃ
378 2135 587 2187 ἐνάρκησεν,
616 2135 635 2173 ὅ
656 2137 750 2173 ἐστιν
777 2135 835 2172 ἐπὶ
862 2137 923 2172 τοῦ
956 2134 1110 2178 πλάτους
1140 2138 1200 2173 τοῦ

167 2202 299 2251 μηροῦ,
327 2197 391 2240 ἕως
411 2199 474 2242 τῆς
492 2195 627 2249 ἡμέρας
645 2195 794 2244 ταύτης,
809 2195 863 2234 ὅτι
889 2193 1006 2247 ἥψατο
1027 2200 1086 2234 τοῦ
1105 2196 1202 2234 πλά-

165 2275 241 2304 τους
261 2263 321 2297 τοῦ
356 2261 468 2310 μηροῦ
499 2256 650 2305 'lant-5,
683 2256 702 2295 ὃ
737 2256 798 2295 καὶ
828 2257 1031 2310 ἐνάρκησεν.
1052 2257 1200 2305 Ἐπειδὴ

164 2321 232 2373 γὰρ
248 2324 266 2360 ὃ
285 2319 347 2372 μὲν
367 2319 498 2362 δίκαιος
532 2317 657 2368 ἔμελλε
687 2317 880 2371 πληρώσας
902 2322 966 2366 τῆς
984 2321 1074 2365 ζωῆς
1094 2320 1200 2358 αὐτοῦ

165 2380 244 2424 τοὺς
270 2380 414 2432 χρόνους
453 2378 684 2429 μεθίστασθαι
717 2384 778 2418 τοῦ
811 2378 910 2431 βίου,
940 2381 1048 2433 ἐχρῆν
1072 2379 1108 2418 δὲ
1135 2379 1198 2427 τὴν

166 2441 263 2492 παρὰ
294 2446 354 2480 τοῦ
379 2442 472 2479 Θεοῦ
506 2440 740 2491 γεγενημένην
761 2443 808 2485 εἷς
839 2441 942 2479 αὐτὸν
968 2441 1198 2492 κηδεμονίαν,

163 2502 224 2540 καὶ
241 2502 304 2549 τὴν
318 2501 488 2548 τοσαύτην
510 2501 772 2552 συγκατάὸασιν
791 2501 897 2540 παντὶ
926 2504 978 2554 τῷ
1008 2502 1101 2555 γένει
1129 2506 1199 2541 τῶν

167 2562 358 2615 ἀνθρώπων
386 2562 560 2615 γνώριμον
579 2563 755 2614 γενέσθαι,
789 2563 847 2602 διὰ
865 2563 966 2602 τοῦτό
997 2579 1119 2616 φησιν·
1141 2566 1195 2603 Οὔ

169 2623 217 2676 μὴ
238 2624 392 2676 φάγωσιν
411 2624 479 2662 υἱοὶ
499 2623 644 2676 Ἰσραὴλ
669 2623 709 2662 τὸ
725 2628 843 2678 νεῦρον
869 2627 929 2664 τοῦ
957 2624 1111 2670 πλάτους
1138 2631 1199 2665 τοῦ

170 2688 282 2738 μηροῦ
295 2715 304 2733 ,
332 2685 351 2723 ὃ
368 2684 571 2737 ἐνάρκησεν.
591 2683 704 2729 Εἰδὼς
724 2687 838 2724 αὐτῶν
858 2684 922 2732 τὴν
937 2685 1070 2734 πολλὴν
1087 2689 1199 2739 ἀγνω-

170 2745 341 2796 μοσύνην,
370 2745 430 2783 καὶ
467 2744 561 2790 ὅπως
589 2746 876 2785 ἐπιλανθάνονται
904 2750 973 2785 τῶν
1002 2747 1100 2801 παρὰ
1137 2751 1196 2786 τοῦ

168 2808 260 2845 Θεοῦ
279 2807 499 2858 εὐεργεσιῶν,
517 2804 574 2844 διὰ
595 2811 696 2845 τοῦτο
715 2806 937 2859 σοφιζόμενος
967 2809 1107 2856 διηνεκῆ
1129 2812 1196 2848 αὖ-

168 2866 246 2910 τοὺς
265 2867 355 2919 ἔχειν
376 2866 438 2913 τὴν
461 2866 601 2916 μνήμην
630 2869 698 2905 τῶν
717 2870 801 2921 παρ’
826 2870 931 2907 αὐτοῦ
956 2869 1197 2921 γεγενημένων

169 2929 394 2980 εὐεργεσιῶν,
440 2926 486 2965 τὰ
527 2927 765 2978 ὑπομνήματα
799 2928 1035 2981 φυλάττεσθαι
1075 2930 1198 2975 αὐτοὺς

170 2988 421 3040 ἐμηχανήσατο
449 2987 506 3026 διὰ
530 2990 599 3026 τῶν
629 2988 793 3027 τοιούτων
815 2990 1116 3044 παρατηρήσεων·
1139 2991 1199 3030 καὶ

170 3054 271 3088 τοῦτο
290 3049 347 3088 διὰ
366 3049 484 3095 πάσης
503 3052 566 3095 ‘tic
590 3050 734 3101 Γραφῆς
751 3051 843 3088 ἐστιν
869 3053 993 3103 εὓρεῐν.
1015 3052 1113 3099 Αὕτη
1130 3051 1200 3105 γὰρ

173 3109 326 3160 μάλιστά
346 3112 437 3149 ἐστιν
462 3113 484 3156 ἡ
510 3109 605 3148 αἰτία
627 3113 695 3148 τῶν
713 3110 883 3149 πλειόνων
901 3113 1197 3166 παρατηρήσεων,

173 3171 213 3209 τὸ
229 3170 413 3222 βούλεσθαι
426 3192 428 3194 v
440 3170 541 3209 αὐτὸν
559 3170 790 3214 ἀδιαλείπτως
814 3171 877 3216 τὰς
895 3172 973 3218 ἑξῆς
993 3173 1110 3224 γενεὰς
1136 3191 1202 3226 με-

175 3233 277 3283 λετᾷν
293 3236 353 3271 τοῦ
371 3233 463 3270 Θεοῦ
483 3231 546 3276 τὰς
562 3231 779 3283 εὐεργεσίας,
797 3232 857 3270 καὶ
877 3232 926 3284 μὴ
945 3234 1055 3282 λήθην
1070 3235 1201 3274 τούτων

177 3293 432 3344 ποιησαμένους
453 3294 511 3333 ἐπὶ
531 3293 594 3340 τὴν
620 3293 750 3332 οἰκείαν
778 3294 914 3341 πλάνην
931 3295 1038 3334 πάλιν
1057 3297 1202 3350 ἀνατρέ-

179 3370 253 3406 χειν
264 3370 271 3377 ·
291 3355 444 3405 μάλιστα
469 3354 536 3407 γὰρ
551 3357 650 3394 τοῦτο
665 3353 737 3399 ἔθος
753 3356 804 3406 τῷ
818 3357 887 3394 τῶν
902 3354 1078 3397 Ἰουδαίων
1094 3358 1199 3409 γένει.

1257 732 1351 780 fieri,
1383 731 1584 783 panniculis
1612 730 1763 776 involvi,
1785 739 1818 768 et
1839 731 1929 768 lacte
1945 732 2055 782 pasci,
2076 731 2216 782 aliaque

1258 793 1377 832 onmia
1397 793 1502 841 serre,
1520 800 1559 830 ut
1577 791 1853 844 dispensationis
1868 793 2000 830 veritas
2013 792 2217 830 credibilior

1259 863 1363 904 esset,
1399 863 1432 892 et
1462 853 1713 892 haereticorum
1740 867 1800 891 ora
1830 853 2091 891 obturarentur.
2135 856 2218 892 Pro-

1259 925 1378 969 pterea
1405 923 1439 953 et
1469 913 1601 953 dormit
1630 914 1665 952 in
1692 914 1788 963 navi,
1807 923 1841 952 et
1868 914 1934 952 iter
1962 914 2057 964 facit,
2084 923 2117 952 et
2137 914 2218 953 sati-

1260 985 1378 1028 gatur,
1412 985 1444 1014 et
1472 975 1591 1013 omnia
1625 975 1782 1013 humana
1812 975 1975 1026 sustinet,
2012 985 2050 1014 ut
2074 990 2135 1028 per
2164 989 2220 1014 res

1261 1038 1356 1091 ipsas
1387 1037 1559 1089 certisque
1592 1035 1813 1089 argumentis
1852 1037 2061 1090 persuadeat
2100 1037 2220 1076 omni-

1262 1098 1340 1137 bus.
1381 1099 1531 1150 Propter
1567 1097 1635 1136 hoc
1668 1098 1775 1136 etiam
1815 1098 1986 1136 tribunali
2023 1097 2153 1147 adstat,
2188 1107 2221 1135 et

1263 1159 1501 1211 crucifigitur,
1528 1169 1749 1210 mortemque
1780 1159 1928 1197 sustinet
1954 1159 2220 1210 ignominiosis-

1264 1221 1406 1268 simam,
1431 1230 1465 1259 et
1487 1221 1523 1258 in
1545 1220 1708 1273 sepulcro
1731 1220 1888 1272 ponitur,
1914 1229 1954 1258 ut
1974 1235 2038 1258 sua
2063 1222 2222 1259 incarna-

1264 1282 1314 1320 tio
1339 1296 1403 1334 per
1427 1282 1546 1320 omnia
1576 1282 1639 1320 fiat
1671 1281 1868 1319 manifesta.
1891 1283 1983 1320 Nam
2002 1282 2030 1320 si
2051 1296 2119 1321 non
2141 1297 2223 1321 vere
2239 1307 2410 1333 mmmmm-

1263 1355 1405 1380 carnem
1434 1351 1593 1381 nostram
1629 1343 1798 1381 assumsit
1835 1358 1843 1379 :
1878 1357 1991 1394 neque
2030 1344 2225 1383 crucifixus
2241 1348 2427 1375 ⁰i³d⁰<¹⁴¹·³·

1263 1412 1332 1452 est‚
1364 1417 1477 1454 neque
1514 1413 1696 1453 mortuus,
1742 1417 1854 1455 neque
1896 1404 2073 1457 sepultus,
2115 1419 2227 1457 neque
2242 1396 2299 1417 ω’

1264 1465 1473 1503 resurrexit.
1503 1464 1612 1512 Quod
1644 1465 1673 1503 si
1709 1479 1778 1504 non
1806 1467 2015 1514 resurrexit,
2042 1467 2158 1505 omnis
2184 1467 2228 1506 de

1265 1526 1508 1565 incarnatione
1545 1541 1661 1566 sermo
1701 1527 1894 1566 subversus
1936 1537 1997 1566 est.
2038 1528 2151 1568 Vides
2193 1530 2226 1567 in

1265 1598 1436 1640 quantam
1454 1589 1713 1627 absurditatem
1734 1589 1895 1627 incidunt
1912 1590 1975 1640 qui
1989 1589 2121 1629 divina:
2135 1591 2230 1630 Scri-

1266 1660 1381 1703 pturae
1416 1664 1587 1688 canonem
1614 1651 1712 1701 sequi
1739 1649 1885 1700 nolunt,
1909 1652 1972 1690 scd
1997 1651 2071 1689 suis
2096 1653 2229 1704 cogita-

1267 1711 1426 1749 tionibus
1454 1711 1671 1763 permittunt
1704 1711 1848 1749 omnia?
1882 1713 2021 1751 Verum
2051 1712 2143 1750 sicut
2172 1713 2231 1751 hic

1268 1773 1455 1826 perspicua
1485 1781 1537 1811 est
1566 1773 1716 1821 veritas,
1749 1774 1797 1811 ita
1825 1773 1923 1826 apud
1957 1774 2096 1825 justum
2127 1774 2231 1812 illum

1272 1835 1388 1886 figura
1415 1834 1581 1885 quaedam
1610 1843 1705 1883 erat,
1732 1849 1797 1887 per
1830 1849 1938 1886 quam
1958 1835 2078 1886 justus
2107 1835 2231 1874 multis

1272 1896 1493 1947 argumentis
1522 1896 1649 1934 certior
1684 1896 1795 1944 fieret,
1826 1905 1997 1947 quantam
2027 1895 2080 1933 sui
2109 1910 2231 1935 curam

1273 1958 1370 1995 Deus
1406 1957 1566 2007 baberet,
1608 1966 1641 1995 et
1674 1957 1849 1995 invictum
1882 1971 1918 1995 se
1955 1958 2117 1995 futurum
2158 1972 2232 1997 esse

1272 2017 1439 2055 omnibus
1464 2017 1526 2069 qui
1551 2017 1620 2055 sibi
1640 2016 1904 2055 insidiarentur.
1922 2016 2083 2065 Deinde,
2109 2026 2148 2055 ut
2166 2032 2230 2070 po-

2313 1263 2427 1291 verim

1225 2078 1249 2109 C
1271 2078 1420 2116 steritati
1455 2087 1537 2116 nota
1574 2079 1675 2116 fieret
1710 2078 1788 2129 ejus
1821 2078 1925 2126 visio,
1965 2078 2228 2129 Οἶαιιᾱίετινίῐ,

1272 2136 1401 2187 inquit,
1404 2138 1564 2188 femore
1595 2149 1679 2174 suo.
1699 2137 1762 2173 59.
1774 2137 1941 2188 Propter
1951 2137 2023 2174 hoc
2039 2150 2117 2174 non
2131 2152 2232 2176 com-

1271 2198 1488 2250 eduntfilii
1515 2198 1644 2235 Israel
1675 2211 1836 2235 nervum
1861 2200 1929 2249 qui
1943 2202 2145 2245 emarcuit,
2165 2204 2232 2251 qui

1271 2268 1328 2298 est
1341 2273 1455 2311 super
1475 2259 1914 2311 latitudinem-semoris,
1935 2263 2112 2312 usquein
2128 2262 2232 2300 hunc

1271 2322 1372 2359 diem
1389 2335 1400 2357 .·
1416 2323 1509 2373 quia
1524 2323 1656 2373 attigit
1677 2334 1837 2358 nervum
1853 2334 1967 2372 super
1982 2321 2231 2360 latitudinem

1265 2383 1427 2434 femoris
1454 2382 1593 2429 Jacob,
1627 2389 1662 2420 et
1695 2383 1897 2419 emarcuit.
1928 2381 2106 2428 Quoniam
2136 2383 2230 2421 enim

1264 2444 1385 2496 justus
1402 2442 1558 2495 impletis
1576 2443 1659 2481 vitae
1675 2456 1748 2481 suae
1764 2441 1880 2492 annis,
1899 2443 2138 2494 emigraturus
2156 2454 2229 2482 erat

1268 2518 1313 2543 ex
1332 2505 1401 2543 hae
1414 2504 1489 2544 vita
1512 2520 1520 2541 z
1540 2504 1726 2557 oportebat
1742 2512 1860 2541 autem
1886 2504 2147 2555 providentiam
2162 2506 2228 2544 Dei

1266 2566 1304 2604 in
1321 2566 1437 2616 illum,
1462 2574 1495 2603 et
1526 2574 1661 2603 tantam
1678 2564 1745 2602 Dei
1774 2565 2102 2616 attemperationem
2131 2567 2227 2605 omni

1268 2626 1455 2664 hominum
1490 2625 1608 2676 generi
1636 2624 1811 2662 declarari
1832 2640 1840 2660 :
1858 2626 1966 2674 Ideo,
1995 2625 2124 2676 inquit,
2149 2641 2227 2666 non

1267 2688 1473 2726 comedunt
1483 2687 1570 2739 filii
1590 2685 1717 2723 Israel
1739 2699 1898 2723 nervum
1921 2686 2142 2726 latitudinis
2164 2690 2228 2741 se-

1267 2751 1398 2793 moris,
1423 2749 1490 2800 qui
1512 2747 1714 2784 emarcuit.
1735 2744 1856 2784 Sciens
1881 2760 2005 2785 eorum
2030 2747 2225 2788 admodum

1268 2810 1443 2861 ingratam
1471 2816 1638 2855 mentem,
1655 2815 1688 2844 et
1704 2820 1811 2857 quam
1842 2807 1945 2845 facile
1966 2808 2226 2848 obliviscantur
2271 2844 2290 2871 B
2350 2845 2392 2872 fi.

1269 2871 1334 2909 Dei
1361 2869 1546 2916 beneficia,
1569 2875 1740 2920 perpetuo
1764 2867 1902 2906 artibus
1924 2869 2142 2919 quibusdam
2167 2873 2222 2910 ef-
2239 2855 2345 2913 mntem·
2369 2856 2429 2914 iiss.

1267 2931 1344 2969 ficit
1362 2939 1401 2968 ut
1420 2937 1646 2968 monumenta
1671 2927 1824 2966 habeant
1844 2943 1966 2968 eorum
1985 2946 2064 2982 quae
2079 2946 2099 2970 a
2118 2947 2154 2970 se
2167 2934 2223 2971 sa—
2239 2937 2414 2995 “¹⁰,¹¹¹¹‘¹¹S⁰‘¹,‘

1269 3001 1322 3030 eta
1339 3001 1433 3039 sunt,
1450 2989 1686 3043 providetque
1701 2997 1741 3026 ut
1754 2988 1817 3027 itta
1831 2990 2048 3030 monimenta
2069 3007 2132 3045 per
2150 2993 2220 3031 liu·
2238 2975 2333 3047 τιέξ,
2367 2980 2420 2995 ffl-

1266 3050 1426 3104 jusmodi
1463 3048 1726 3088 observationes
1763 3049 2028 3097 custodiantur;
2063 3052 2100 3089 id
2128 3054 2223 3103 quod

1271 3127 1333 3166 per
1346 3111 1569 3164 Scripturam
1586 3118 1696 3147 totam
1712 3109 1884 3148 invenies.
1902 3110 1985 3149 Haec
2000 3112 2093 3150 enim
2109 3115 2224 3151 maxi-

1272 3189 1328 3212 ma
1349 3187 1454 3211 causa
1471 3180 1521 3209 est
1539 3170 1778 3223 plurimarum
1803 3171 2105 3218 observationum,
2130 3174 2224 3224 quod

1273 3235 1359 3273 velit
1396 3241 1567 3285 perpetuo
1603 3232 1741 3270 futuras
1783 3234 2023 3284 generationes
2063 3234 2226 3272 meditari

1273 3294 1442 3334 beneficia
1464 3293 1544 3343 Dei,
1568 3302 1600 3331 et
1627 3306 1695 3331 non
1715 3293 1896 3333 oblivione
1913 3308 2082 3345 umquam
2099 3295 2227 3334 obtutu

1275 3364 1392 3395 rantes
1410 3353 1456 3393 ad
1483 3368 1564 3394 suos
1592 3367 1727 3393 errores
1753 3368 1933 3394 recurrere
1957 3371 1963 3391 ι
1988 3356 2048 3407 qui
2068 3370 2143 3395 mos
2161 3357 2230 3396 fuit
