2516 3791
121 2574 285 2609 Ernd.19.

125 2634 211 2684 Τὴν-αἶ.
242 2655 308 2686 ιο3.

333 105 430 161 434
787 119 825 150 s.

331 200 574 253 promissioni,
597 201 797 254 cupientem
815 211 932 240 autem
956 202 1108 239 certiora
1123 200 1288 251 quaedam

333 271 541 314 argumenta
555 262 729 315 accipere,
739 262 828 301 dicit
839 263 870 300 ei
885 291 892 298 .
908 263 947 300 9.
957 263 1070 300 Sume
1081 262 1177 297 mihi
1191 273 1290 296 vac-

862 119 1048 151 JOANNIS
1084 119 1323 150 CHRYSOST.

331 335 418 360 cam
435 325 637 368 triennem,
651 330 687 359 et
702 335 861 372 capram
871 323 1040 365 trimam,
1054 327 1089 356 et
1109 320 1282 362 arietem,
1295 351 1342 375 375

1365 118 1553 147 ARCHIEP
1562 137 1570 146 .
1611 116 1692 146 CON
1701 116 1949 148 STANHNOI‘
1958 138 1967 148 .

1358 193 1440 250 αἶγα
1462 197 1713 251 τριετίζουσαν,
1734 197 1794 236 καὶ
1813 198 1908 251 κριὸν
1921 229 1930 247 ,
1950 199 2010 239 καὶ
2037 200 2206 253 τρυγόνα,
2227 200 2286 239 καὶ
2313 216 2379 239 πε-

1358 258 1529 311 ριστεράν.
1549 258 1647 310 εὈρα
1667 261 1741 301 πῶς
1763 259 1988 310 ἀνθρωπίνως
2008 267 2157 299 ποιεῖται
2173 261 2258 314 πρὸς
2278 261 2380 299 αὐτὸν

1355 317 1417 362 τὰς
1436 317 1619 365 συνθήκας.
1634 319 1803 372 Καθάπερ
1818 319 1884 370 γὰρ
1906 320 1964 358 ἐπὶ
1983 324 2051 358 τῶν
2072 321 2276 373 ἀνθρώπων,
2298 320 2381 359 ὅταν

331 390 368 420 et
379 390 581 428 turturem,
595 391 631 419 et
643 383 877 418 columbam.
895 379 990 418 Vide
1002 378 1286 429 quomodomore
1307 389 1333 418 A
1354 379 1421 417 τινὶ
1442 378 1698 431 ὑποσχώμεθα,
1726 380 1929 431 βουλόμενοι
1959 387 2078 419 πεῖσαι
2108 382 2166 420 τὸν
2199 381 2262 428 τὴν
2294 381 2382 419 ὑπό-

329 442 487 481 humano
509 442 575 480 init
608 454 690 478 cum
715 454 755 477 eo
779 439 928 478 foedera.
970 438 1284 485 Quemadmodum

330 504 423 542 enim
443 518 506 540 nos
528 501 699 549 homines,
715 500 856 551 quando
875 500 1015 552 aliquid
1030 500 1284 553 promittimus,

329 573 361 601 et
383 564 548 600 volumus
567 570 702 599 certum
722 560 870 599 reddere
898 575 980 599 eum
1010 561 1068 598 cui
1096 560 1283 614 promissio

327 623 383 669 fit,
413 622 461 659 ita
490 631 530 659 ut
551 621 596 659 de
611 621 796 674 promissis
813 621 907 660 nihil
930 621 1103 673 ambigat,
1141 621 1284 673 signum

327 683 470 734 aliquod
489 682 631 732 damus,
654 692 688 721 et
705 683 850 736 pignus,
874 692 914 721 ut
932 683 976 722 ad
1000 682 1092 721 illud
1105 692 1283 735 spectans,

327 743 416 781 scire
434 753 538 795 queat
549 743 724 796 promissa
739 744 883 782 omnino
897 758 931 782 ex
941 753 1084 781 entura:
1103 742 1151 780 ita
1170 752 1203 780 et
1224 743 1278 780 be·

327 804 456 856 nignus
477 805 666 854 Dominus,
688 814 878 857 postquam
897 805 993 843 dixit
1006 805 1162 842 Abram:
1185 806 1283 855 Quo-

326 867 439 903 modo
451 880 681 918 cognoscam
696 870 712 901 ?
724 866 854 916 inquit,
872 865 964 903 Ecce
977 875 1008 903 et
1022 865 1090 902 hoc
1114 865 1178 903 tibi
1193 879 1283 917 prae-

325 925 414 974 beo3
431 926 544 964 Sume
555 928 652 963 milei
666 940 832 964 vaccam
852 929 1054 972 triennem,
1075 934 1111 963 et
1124 934 1283 977 capram

324 987 495 1032 trimam,
507 995 544 1024 et
558 989 731 1033 arietem,
741 994 776 1024 et
794 994 994 1033 turturem,
1005 994 1042 1023 et
1052 986 1283 1024 columbam.

325 1044 490 1093 Attende,
513 1045 668 1093 obsecro,
688 1045 722 1082 in
735 1054 904 1095 quantam
924 1044 1202 1082 crassitudinem
1220 1044 1281 1081 de-
1303 1052 1326 1081 B

323 1104 562 1142 scendendum
583 1105 650 1143 sibi
670 1105 814 1142 (luxerit
824 1105 1283 1157 bonusDominus‚quopa-

323 1165 514 1202 triarcham
537 1165 756 1216 argumentis
776 1163 848 1202 fide
866 1164 986 1216 dignis
1001 1163 1186 1202 certiorem
1201 1164 1283 1202 red-

322 1225 396 1264 dat.
410 1227 502 1264 Nam
524 1226 608 1277 quia
628 1226 714 1263 olim
740 1225 788 1263 eis
811 1225 857 1263 ita
873 1240 950 1263 mos
976 1234 1049 1263 erat
1065 1225 1281 1277 paciscendi,

321 1295 355 1324 et
370 1296 472 1338 pacta
490 1286 678 1336 firmandi,
696 1286 776 1324 ideo
787 1295 819 1323 et
835 1286 910 1338 ipse
923 1285 981 1323 via
992 1285 1280 1337 bacingreditur.

321 1349 382 1385 10.
403 1351 456 1386 Et
481 1350 642 1400 accepit,
679 1347 809 1397 inquit,
842 1355 878 1384 et
897 1348 1029 1385 divisit
1049 1349 1150 1384 eain
1183 1347 1283 1384 duas

317 1417 459 1460 partes.
479 1408 756 1446 Observandum
771 1421 840 1445 non
855 1407 988 1458 absque
1003 1407 1152 1456 ratione,
1171 1421 1283 1457 neque

320 1470 356 1507 in
372 1484 506 1508 vanum
521 1469 628 1507 etiam
640 1478 779 1522 tempus
791 1467 984 1520 designari.
1000 1468 1172 1506 Triennia
1187 1468 1281 1506 enim

321 1531 483 1583 accipere
498 1530 604 1582 jussit
619 1546 626 1566 ε
644 1530 711 1569 hoc
726 1539 791 1578 est,
810 1530 963 1583 perfecta
986 1539 1019 1567 et
1031 1530 1206 1567 absoluta.
1228 1532 1283 1567 Et

320 1593 451 1629 divisit
471 1604 517 1628 ea
534 1593 575 1627 in
595 1592 693 1628 duas
718 1599 849 1641 partes
865 1606 876 1626 .·
895 1599 931 1627 et
950 1599 1134 1642 utrasque
1149 1599 1281 1642 partes

320 1657 421 1689 inter
431 1666 470 1689 se
486 1654 615 1703 posuit
645 1652 849 1696 obversas;
881 1664 972 1688 aves
988 1659 1116 1688 autem
1133 1664 1210 1687 non
1223 1652 1280 1687 di-

324 1716 423 1751 visit.
459 1713 505 1750 Et
524 1712 649 1750 sedens
671 1711 899 1762 observabat,
921 1720 961 1749 ut
983 1725 1026 1749 ne
1056 1720 1200 1763 possent
1224 1711 1280 1749 di·
1301 1719 1324 1749 C

319 1774 414 1812 visas
433 1783 551 1826 partes
563 1771 690 1810 laedere
708 1771 918 1810 advolantes
931 1787 1029 1822 aves,
1048 1781 1081 1810 et
1095 1786 1158 1825 per
1169 1781 1279 1810 totam

317 1834 414 1873 diem
423 1836 491 1873 hoc
503 1834 618 1872 facere
630 1833 891 1886 perseverabat.
908 1835 949 1871 11
963 1864 969 1871 .
983 1835 1280 1872 Descenderam

318 1906 448 1935 autem
464 1909 555 1934 aves
571 1896 662 1933 aliae
673 1897 713 1932 in
729 1908 891 1947 corpora
906 1909 992 1947 qaoe
1003 1896 1135 1933 divisa
1151 1904 1278 1933 erant.-

318 1967 355 1996 et
373 1960 471 1996 sedit
481 1971 567 1996 cum
587 1959 644 1994 eis
669 1958 838 1994 Abram.
856 1959 918 1995 12.
937 1957 1111 2008 Cumque
1121 1957 1181 1995 sol
1192 1958 1280 2009 jam

319 2021 571 2064 occumberet,
593 2019 708 2055 irruit
725 2019 883 2055 ecstasis
898 2019 939 2054 in
952 2017 1121 2063 Abram,
1139 2026 1175 2054 et
1194 2031 1280 2055 ecce

320 2082 435 2116 timor
472 2091 634 2130 magnus
672 2086 707 2115 et
739 2078 959 2114 tenebrosus
993 2079 1136 2115 invasit
1174 2092 1273 2115 eum.

320 2140 439 2186 Quare
457 2149 615 2190 tempore
630 2152 775 2176 occasus
788 2137 885 2186 solis,
904 2152 986 2175 cum
994 2139 1069 2190 jam
1089 2138 1132 2176 ad
1153 2153 1278 2191 vespe-

319 2215 394 2238 ram
413 2200 645 2238 inclinaretur
667 2199 769 2236 dies?
791 2198 885 2244 Quia
905 2199 1071 2236 omnibus
1095 2199 1212 2237 modis
1227 2209 1276 2237 at-

320 2259 506 2297 tentiorem
522 2272 601 2295 eum
615 2258 729 2295 faeere
745 2257 824 2294 vult
841 2272 851 2305 3
870 2257 950 2294 ideo
964 2258 1106 2295 ecstasis
1125 2267 1157 2295 et
1171 2259 1277 2297 timor

320 2333 471 2371 magnus
484 2328 517 2356 et
531 2318 736 2357 tenebrosus
751 2317 890 2355 invadit
904 2331 997 2365 eum,
1029 2326 1067 2355 ut
1084 2332 1147 2370 per
1158 2320 1275 2358 omnia

320 2395 398 2431 quae
425 2380 532 2430 fiunt,
567 2378 692 2417 sentiat
715 2392 751 2415 se
770 2376 891 2415 videre
910 2379 1047 2415 Deum:
1081 2392 1161 2416 eum
1181 2381 1275 2418 enim

321 2455 455 2478 morem
468 2442 564 2478 Deus
579 2439 712 2490 ubique
721 2439 841 2476 habet.
854 2439 947 2476 Nam
960 2447 993 2476 et
1003 2448 1122 2491 postea
1133 2441 1275 2491 quando

322 2502 414 2539 Mosi
431 2501 466 2539 in
490 2510 608 2539 monte
624 2500 723 2538 Sinai
737 2499 886 2537 daturus
903 2509 977 2537 erat
991 2500 1104 2552 legem
1126 2511 1158 2539 et
1174 2517 1274 2541 man-

323 2561 421 2611 data,
449 2562 481 2598 T
480 2563 640 2606 enebroe,
660 2559 790 2609 inquit,
805 2567 842 2596 et
855 2559 981 2611 caligo
1000 2569 1095 2608 erat,
1115 2570 1151 2599 et
1165 2576 1274 2600 mons

322 2622 555 2673 fumigabat.
568 2620 718 2671 Propter
730 2617 796 2655 hoe
803 2626 837 2655 et
850 2618 1036 2670 Scriptura
1053 2619 1180 2671 inquit,
1201 2624 1275 2672 Qui

327 2684 450 2734 tangit
461 2690 621 2725 montes,
639 2688 674 2717 et
685 2680 895 2731 fumigant.
912 2678 1104 2718 Enimvero
1114 2681 1196 2732 quia
1213 2682 1273 2720 in-

326 2756 535 2795 corporeum
547 2740 669 2779 videre
681 2753 744 2792 per
758 2739 940 2777 sensibiles
954 2739 1059 2778 hosce
1069 2741 1189 2780 oculos
1203 2757 1272 2781 non

324 2814 375 2843 est
395 2802 574 2856 possibile,
589 2801 669 2839 ideo
682 2815 784 2839 suam
797 2800 899 2838 nobis
912 2801 1149 2853 operationem
1162 2804 1273 2855 signi-

323 2865 430 2903 ficare
440 2863 528 2902 vult.
548 2862 664 2913 Igitur
679 2861 846 2912 quoniam
858 2861 1028 2900 attonitus
1040 2871 1073 2900 et
1088 2865 1273 2914 perculsus

323 2940 397 2968 erat
418 2928 536 2966 animo
553 2928 671 2980 justus
692 2926 767 2976 ille,
790 2935 823 2964 et
843 2936 1066 2965 concusserat
1081 2927 1157 2980 ejus
1176 2943 1272 2967 men-

323 3007 393 3035 tem
414 2995 533 3044 timor,
554 3002 585 3031 ct
607 3007 683 3043 quse
712 2991 904 3043 contigerat
919 2992 1082 3031 ecstasis:
1124 2994 1270 3033 Dictum
1293 3008 1316 3038 E

1355 455 1474 491 σχεσιν
1493 440 1697 492 δεχόμενον,
1725 440 1816 478 ὥστε
1852 439 1901 490 μὴ
1935 441 2169 493 ἀμφιὲάλλειν
2201 441 2280 494 περὶ
2311 444 2380 479 τῶν

1354 501 1654 551 ε’παγγελθέντων,
1667 500 1836 550 ἐισημεῖόν
1854 515 1887 537 τι
1906 501 2108 553 παρέχομεν
2128 502 2188 539 καὶ
2207 501 2382 553 ἐνέχυρον,

1354 561 1410 599 ἵνα
1441 562 1526 614 πρὸς
1558 563 1668 599 ἐκεῖνο
1699 564 1786 614 ὁρῶν
1822 560 1949 599 εἰδέναι
1977 562 2062 613 ἔχῃ,
2090 565 2137 606 ὣς
2169 562 2306 605 πάντως
2335 564 2382 605 εἷς

1355 621 1453 674 ἔργον
1472 622 1660 670 ἐκὲήσεται
1679 621 1724 660 τὰ
1744 622 1989 674 ἐπηγγελμένα
2004 638 2011 645 ·
2032 622 2122 660 οὕτω
2141 622 2200 660 καὶ
2221 625 2238 660 ὃ
2260 622 2382 674 φιλοίν-

1355 688 1490 737 θρωπος
1512 683 1712 731 Δεσπότης,
1733 682 1852 730 ἐπειδὴ
1875 677 2098 731 εἶπε,.Κατὰ
2119 683 2153 721 τί
2180 683 2381 734 γνώσομαι;

1354 745 1462 797 φησὶ,
1484 744 1555 783 ἰδοὺ
1583 745 1642 783 καὶ
1661 744 1761 782 τοῦτό
1778 760 1832 782 σοι
1849 743 1994 796 παρέχω
2009 759 2016 767 ·
2032 743 2131 782 Aoi&
2151 760 2210 795 μοι
2230 745 2382 795 δάμαλιν

1353 807 1602 858 τριετίζουσαν,
1627 806 1685 843 καὶ
1708 799 1790 855 αἶγα
1821 805 2056 858 τριετίζουσαν
2071 836 2080 853 ,
2101 805 2161 843 καὶ
2186 806 2301 857 κριὸν,
2321 805 2382 843 καὶ

1353 867 1514 921 τρυγόνα,
1530 867 1589 905 καὶ
1604 866 1825 920 περιστεράν.
1839 865 1916 904 Θέα
1932 882 1990 916 μοι
2007 867 2054 910 εἷς
2068 865 2181 913 πόσην
2194 866 2383 918 παχύτητα

1354 929 1533 966 κατελθεῖν
1567 927 1801 979 καταδέχεται
1825 929 1843 964 ὁ
1872 926 1997 977 ἀγαθὸς
2019 927 2200 974 Δεσπότης
2231 928 2287 964 διὰ
2316 926 2380 972 τὴν

1352 988 1591 1040 πληροφορίαν
1605 993 1666 1026 τοῦ
1680 987 1911 1040 πατριάρχου.
1925 987 2073 1033 Ἐπειδὴ
2090 987 2158 1040 γὰρ
2177 988 2217 1026 τὸ
2231 987 2380 1025 παλαιὸν

1353 1048 1462 1092 οὕτως
1481 1043 1522 1095 ἦν
1541 1049 1656 1090 αὐτοῖς
1676 1048 1749 1090 ἔθος
1765 1047 1935 1093 συνθήκας
1952 1051 2137 1094 ποιεῖσθαι,
2149 1048 2208 1085 καὶ
2225 1047 2282 1085 διὰ
2301 1049 2378 1085 τού·

1352 1126 1420 1147 των
1442 1109 1548 1151 αὐτὰς
1569 1108 1742 1160 βεὸαιοῧν,
1763 1107 1892 1153 ταύτην
1927 1107 1987 1145 καὶ
2020 1107 2120 1150 αὐτὸς
2148 1107 2288 1160 ἔρχεται
2317 1108 2382 1155 τὴν

1352 1169 1442 1209 ὁδόν.
1461 1170 1532 1209 Καὶ
1548 1169 1664 1217 tinea,
1684 1168 1780 1221 φησὶ,
1797 1167 1857 1206 καὶ
1874 1169 1996 1206 διεῖλεν
2020 1168 2108 1206 αὐτὰ
2128 1168 2230 1219 μέσα.
2252 1170 2379 1222 Παρα-

1352 1231 1519 1283 τηρητέον
1538 1233 1612 1272 πῶς
1629 1231 1666 1268 οὗ
1686 1229 1798 1280 μάτην
1817 1228 1894 1267 οὐδὲ
1916 1230 1991 1280 εἰκῇ
2011 1228 2070 1267 καὶ
2089 1229 2146 1267 τὸν
2160 1228 2284 1281 χρόνον
2299 1232 2382 1268 ἐπε-

1353 1291 1546 1342 σημήνατο.
1567 1291 1793 1344 Τριε-ίζοντα
1811 1289 1880 1342 γὰρ
1901 1289 2022 1327 λαβεῖν
2049 1289 2241 1341 προσέταξε
2254 1321 2263 1338 ,
2285 1293 2378 1328 τοῦτ’

1352 1350 1443 1397 ἔστι,
1461 1349 1578 1388 τέλεια
1593 1379 1601 1395 ,
1623 1350 1881 1401 ἀπηρτισμένα.
1914 1349 1984 1386 Καὶ
2004 1350 2125 1387 διεῖλεν
2157 1350 2245 1388 αὐτὰ
2268 1350 2379 1400 μέσα,

1352 1410 1411 1448 καὶ
1427 1411 1546 1458 ἔθηκεν
1569 1409 1656 1448 αὐτὰ
1679 1410 1930 1462 ἀντι-πρόσωπα
1950 1410 2114 1455 ἀλλήλοις
2130 1426 2137 1433 ·
2155 1408 2197 1447 τὰ
2218 1409 2259 1456 δὴ
2280 1410 2381 1462 ὄρνεα

1352 1472 1389 1510 οὗ
1413 1472 1528 1509 διεῖλε.
1550 1471 1619 1509 Καὶ
1642 1470 1866 1521 καθεζόμενος
1885 1470 2058 1523 ἐπετήρει,
2079 1470 2168 1508 ὥστε
2192 1471 2240 1522 μὴ
2261 1471 2380 1522 λυμή-

1352 1537 1475 1570 νασθαι
1495 1539 1566 1575 τοῖς
1586 1532 1844 1584 διχοτομῆμασι
1864 1531 1908 1569 τὰ
1926 1532 2142 1583 ἔφιπτοίμειά
2168 1532 2289 1584 ὄρνεα,
2320 1532 2381 1570 καὶ

1352 1593 1409 1631 διὰ
1440 1594 1555 1639 πάσης
1587 1592 1721 1645 ἡμέρας
1750 1596 1852 1630 τοῦτο
1879 1595 1988 1630 ποιῶν
2021 1592 2177 1630 διετέλει.
2209 1591 2378 1639 ΙῚίατέῖη

1351 1652 1387 1691 δὲ
1409 1653 1511 1706 ἕτερα
1542 1655 1642 1706 ὄρνεα
1674 1653 1732 1691 ἐπὶ
1760 1653 1803 1691 τὰ
1834 1652 1982 1703 σώματα
2014 1653 2058 1689 τὰ
2091 1654 2378 1704 διχοτομηθέντα,

1350 1714 1408 1752 καὶ
1426 1715 1647 1753 συνεκάθισεν
1666 1715 1781 1757 αὐτοῖς
1796 1712 1947 1767 Ἄδραμ.
1971 1712 2060 1765 Περὶ
2077 1712 2112 1750 δὲ
2129 1714 2228 1759 ἡλίου
2246 1714 2378 1765 δυσμὰς

1350 1775 1512 1820 ἔκστασις
1536 1775 1683 1814 ἐπέπεσε
1709 1778 1759 1827 τῷ
1790 1774 1942 1826 Ἄὲραμ,
1964 1774 2023 1811 καὶ
2056 1773 2126 1812 ἰδοὺ
2146 1774 2249 1827 φόὲος
2269 1775 2378 1826 μέγας

1350 1836 1408 1874 καὶ
1447 1836 1619 1879 σκοτεινὸς
1647 1835 1830 1874 ἐπιπίπτει
1865 1837 1971 1886 αὐτῷ.
2008 1835 2111 1878 Τίνος
2150 1834 2263 1874 ἕνεκεν
2296 1837 2377 1890 περὶ

1348 1898 1448 1944 ἡλίου
1483 1898 1638 1949 δυσμὰς,
1667 1897 1724 1936 ὅτε
1749 1897 1870 1935 λοιπὸν
1898 1895 1983 1949 πρὸς
2014 1896 2164 1950 ἑσπέραν
2193 1899 2215 1943 ἡ
2243 1897 2378 1950 ἡμέρας

1349 1962 1417 1998 Διὰ
1446 1959 1585 1997 πάντων
1617 1956 1936 2011 προσεκτικώτερον
1958 1957 2060 1995 αὐτὸν
2084 1956 2244 2008 βούλεται
2272 1957 2376 2010 ἐργά-

1350 2024 1499 2059 σασθαι·
1521 2020 1578 2058 διὰ
1607 2023 1709 2058 τοῦτο
1739 2018 1798 2057 καὶ
1829 2019 1990 2062 ἔκστασις
2029 2018 2087 2055 καὶ
2127 2017 2231 2070 φόὸος
2266 2018 2377 2069 μέγας

1349 2082 1408 2119 καὶ
1428 2081 1599 2124 σκοτεινὸς
1617 2080 1797 2119 ἐπιπίπτει
1814 2082 1921 2131 αὐτῷ,
1942 2079 1998 2117 ἵνα
2018 2079 2075 2117 διὰ
2095 2081 2163 2116 τῶν
2185 2079 2375 2131 γινομένων

1350 2145 1397 2186 εἷς
1416 2142 1575 2187 αἴσθησιν
1597 2142 1678 2192 ἔλθη
1708 2145 1770 2187 τῆς
1798 2145 1856 2178 τοῦ
1872 2143 1965 2179 Θεοῦ
1986 2140 2155 2183 ὀπτασίας
2169 2156 2176 2163 ·
2198 2140 2287 2178 οὕτω
2308 2140 2375 2216 γὰρ

1349 2204 1512 2242 ἑκάστοτε
1541 2205 1590 2254 τῷ
1610 2205 1692 2241 Θεῶ
1711 2208 1821 2240 ποιεῖν
1853 2201 1938 2243 ἔθος.
1970 2201 2066 2239 Και·
2056 2201 2124 2253 γὰρ
2153 2201 2258 2247 ἡνίκα
2285 2218 2375 2251 μετα

1839 2261 1970 2300 Σιναίι)
1996 2261 2068 2314 ὄρει
2095 2262 2218 2312 ἔμελλε
2244 2263 2376 2300 ὃιοόναι

1347 2269 1458 2303 ταῦτα
1485 2267 1533 2316 τῷ
1553 2265 1728 2315 Mentis-5²
1714 2280 1747 2300 εν
1768 2279 1817 2314 τῳ

1346 2327 1403 2365 τὸν
1425 2324 1529 2376 νόμον
1545 2324 1604 2362 καὶ
1623 2323 1683 2368 τὰς
1703 2323 1901 2369 ἔντολας,Ῡ
1876 2322 2003 2366 „nd-tog
1991 2353 2023 2370 ,
2048 2323 2146 2374 φησὶ,
2172 2338 2230 2360 και
2250 2322 2376 2361 θύελλα

1345 2382 1405 2435 ἦν,
1431 2387 1490 2425 καὶ
1523 2387 1562 2424 τὸ
1589 2386 1664 2437 ὄρος
1692 2384 1868 2428 καπνίζον,
1891 2383 1960 2421 Διὰ
1987 2388 2088 2421 τοῦτο
2119 2383 2179 2421 καὶ
2199 2387 2220 2430 ἡ
2249 2383 2372 2436 Γραφή

1346 2464 1462 2500 φησιν,
1493 2447 1537 2485 ‘O
1571 2446 1764 2496 ἁπτόμενος
1789 2448 1857 2483 τῶν
1885 2443 2014 2497 ὀρέων,
2041 2443 2100 2481 καὶ
2129 2443 2318 2487 καπνίζοντ
2321 2460 2369 2481 αι.

1346 2508 1492 2555 Ἐπειδὴ
1521 2508 1588 2560 γὰρ
1611 2523 1681 2544 των
1709 2506 1904 2557 ἀσωματων
1925 2521 1959 2543 τι
1982 2505 2063 2542 ἷοεῖν
2083 2506 2148 2556 οὐχ
2169 2499 2238 2542 οἷόν
2258 2521 2295 2542 τε
2317 2505 2374 2543 δια

1345 2573 1413 2607 τῶν
1440 2571 1613 2616 αἰσθητι)ν
1641 2583 1771 2606 τουτων
1802 2568 2010 2619 ὀφθαλμῶν,
2037 2581 2100 2612 την
2127 2563 2257 2602 οἰκείαν
2287 2567 2373 2612 ἡμῖν

1345 2630 1519 2682 ἐνέργειαν
1550 2636 1706 2680 σημᾶναι
1739 2628 1911 2679 βούλεται.
1940 2624 2089 2671 Ἐπειδὴ
2120 2623 2233 2663 τοίνυν
2270 2639 2373 2662 κατε-

1344 2692 1429 2730 πλοί
1420 2708 1463 2743 γη
1485 2694 1502 2728 ὃ
1525 2691 1654 2734 δίκαιος
1675 2692 1826 2734 ἐκεῖνος,
1855 2703 1914 2725 και
1944 2686 2144 2724 κατέσεισεν
2176 2686 2280 2723 αυτοῦ
2308 2683 2372 2730 τὴν

1345 2753 1497 2790 διάνοιαν
1518 2755 1535 2790 ὁ
1553 2752 1671 2803 φόὸος,
1690 2751 1748 2788 καὶ
1763 2753 1785 2796 ἡ
1802 2747 2016 2801 γεγενημένη
2042 2747 2216 2794 ἔκστασις,
2231 2746 2369 2798 ἐῤῥέθη,

1344 2829 1440 2865 φησι,
1460 2828 1544 2863 προς
1559 2813 1684 2850 αὐτὸν·
1707 2828 1735 2849 ει.
1719 2806 1924 2862 π’·πες,φνσι,
1939 2807 2030 2846 κατὰ
2043 2807 2295 2858 τίγνώσομαι;
2313 2806 2373 2844 καὶ

1345 2880 1488 2924 σημεῖον
1515 2873 1617 2911 ἐοουλ
1618 2873 1704 2919 ηθης
1722 2872 1865 2918 λαὸεῖν,
1884 2873 1958 2913 πῶς
1981 2869 2118 2919 μέλλεις
2141 2870 2370 2919 κληρονομεῖν

1343 2935 1405 2981 τὴν
1425 2938 1502 2982 γῆν.
1523 2933 1613 2972 Ἰδοὺ
1639 2933 1764 2984 δίδωμί
1793 2947 1847 2970 σοι
1877 2937 2020 2981 σημεῖον
2037 2945 2044 2953 ·
2065 2930 2198 2973 πολλῆς
2223 2927 2291 2980 γὰρ
2320 2929 2370 2965 δεῖ

1344 3013 1381 3035 σε
1399 2998 1460 3041 τῆς
1479 2994 1648 3043 πίστεως,
1666 2994 1722 3032 ἵνα
1743 2993 1877 3044 μάθῃς,
1908 2991 1961 3028 ὅτι
1991 2990 2050 3028 καὶ
2077 2988 2111 3033 ἐξ
2140 2989 2371 3038 ἀπεγνωσμέ-

365 3124 378 3137 a
405 3107 599 3153 Hujusinodi
617 3117 723 3151 σημεῖα
740 3116 772 3139 et
790 3113 924 3153 ἐνέχυρα,
943 3110 1043 3140 etiam
1061 3112 1206 3151 σύμὸολα,
1221 3109 1324 3154 Sym·
1359 3109 1459 3151 ligura
1475 3123 1591 3144 manus
1605 3111 1757 3144 humanae
1771 3110 1914 3142 sormam
1929 3107 2072 3142 reserens
2085 3105 2195 3137 locum
2209 3101 2369 3135 habebat.

320 3166 409 3205 bola,
422 3161 647 3195 vocabantur:
666 3159 790 3191 scilicet
817 3167 945 3192 tesscrae
961 3160 1080 3203 quibus
1099 3160 1178 3194 fides
1200 3162 1248 3194 vel
1265 3173 1324 3194 ex·
1358 3161 1491 3194 Manum
1510 3163 1698 3206 hujusmodi
1711 3162 1920 3195 exhibuimus
1934 3159 2018 3192 libro
2032 3157 2073 3191 de
2091 3155 2296 3198 Antiquitate
2313 3164 2370 3185 ex-

319 3214 481 3255 bibenda,
497 3212 547 3245 vel
560 3213 628 3255 jam
645 3210 790 3243 exhibita
807 3210 1055 3255 significabatur
1075 3226 1081 3244 :
1101 3221 1260 3257 erantque
1276 3217 1322 3247 si-
1356 3212 1548 3254 planatione
1574 3224 1604 3248 et
1634 3214 1858 3248 schematibus
1884 3212 2048 3245 illustrata
2065 3211 2174 3243 Tomo
2189 3208 2220 3250 3,
2238 3219 2272 3250 p.
2289 3207 2367 3239 361.

318 3279 380 3312 gna
407 3272 617 3305 contractus,
635 3265 776 3305 itemque
802 3265 890 3305 pacti
906 3263 954 3296 vel
971 3263 1106 3297 foederis
1128 3267 1212 3298 inter
1229 3267 1319 3308 prin—

317 3321 423 3363 cipes,
450 3320 515 3351 sixe
544 3318 629 3351 inter
654 3314 803 3358 populos.
828 3317 919 3348 Inter
949 3316 1102 3361 symbola
1131 3316 1318 3362 hujusmodi

1404 3267 1420 3290 b
1445 3267 1484 3299 In
1511 3267 1623 3300 Bibliis
1647 3268 1771 3300 Graecis
1797 3268 1906 3302 κατέὸη
1930 3268 1960 3298 δὲ
1983 3268 2071 3309 ὄρνεα
2097 3267 2121 3295 ἐ·
2146 3276 2175 3295 τ-
2203 3275 2245 3300 m,
2270 3263 2309 3292 τὰ
2325 3259 2370 3291 δι-

1351 3328 1556 3365 χοτομήματα
1580 3324 1687 3354 αὐτῶν.
