2516 3791
861 196 889 226 l)
895 197 919 225 12.

80 291 143 340 τὴν
164 289 234 330 ἀπὸ
251 290 314 335 τῆς
332 284 571 329 διδασκαλίας,
590 283 649 321 καὶ
668 281 731 329 τὴν
752 279 861 326 ἄλλην
878 278 1018 317 ἅπασαν
1034 291 1105 315 πα-

85 351 270 406 ρασχόντες
290 350 405 391 αὐτοῖς
425 345 623 401 θεραπείαν.
644 343 796 382 Ἐκεῖνοι
808 339 843 379 δὲ
858 339 916 378 τὸν
931 337 1003 377 υἱὸν
1019 338 1106 376 ἐκεῖ·

83 428 140 451 νον
154 414 217 451 οὐκ
234 409 453 462 ἐμιμήσαντο
465 437 475 454 ,
497 406 573 446 οὐδὲ
593 404 817 457 κατέγνωσαν
835 403 898 448 τῆς
912 400 1106 453 ἔμπροσθεν

84 472 357 527 ἀναχωρήσεως,
378 469 453 510 οὐδὲ
475 469 615 521 ἔμειναν
637 466 694 505 ἐπὶ
719 468 783 512 τῆς
797 461 964 516 πατρῴας
985 458 1108 505 οἰκίας,

85 537 163 574 ἀλλ’
181 533 413 580 ἀπεπήδησαν
429 530 548 570 πάλιν.
565 527 755 581 Ὑμέτερον
771 523 834 577 μὲν
847 517 906 562 οὖν
923 522 991 570 εἴη,
1011 522 1109 571 ὑμῶν

85 599 154 636 ’τῶν
177 595 230 634 ἀεὶ
253 596 328 646 μεθ’
347 595 449 645 ἡμῶν
467 592 576 631 ὄντων
591 621 601 638 ,
630 592 862 639 ἐπαναγαγεῖν
881 581 1005 626 αὖτοὺς
1021 612 1031 630 ,
1051 579 1110 619 καὶ

85 658 206 692 πεῖσαι
225 657 399 692 κοινωνεῖν
419 654 503 702 ἡμῖν
523 653 584 697 τῆς
603 649 680 687 καθ’
701 646 852 693 ἑκάστην
872 641 1010 686 σύναξιν
1030 643 1110 694 ἑορ-

86 717 160 762 τῆς.
179 717 220 754 tit
234 714 302 767 γὰρ
318 713 378 753 καὶ
392 717 414 761 ἡ
430 709 651 760 πεντηκοστὴ
666 709 856 761 παρῆλθεν,
877 703 956 742 ἀλλ’
971 706 994 750 ἡ
1010 702 1111 755 ἑορτὴ

88 777 126 814 οὗ
158 779 335 830 παρῆλθε·
364 781 462 814 πᾶσα
489 773 556 826 γὰρ
573 771 712 814 σύνοδος
732 766 846 821 ἑορτή.
877 765 989 804 Πόθεν
1009 767 1113 812 δῆλον

89 840 213 882 τοῦτο;
237 834 310 872 Ἀπ’
333 836 444 872 αὐτῶν
466 835 532 870 τῶν
552 833 611 869 τοῦ
631 830 784 880 Χριστοῦ
800 824 982 879 ῥημάτιον,
1005 825 1048 862 δι’
1066 826 1114 861 ὡν
1138 824 1160 853 Γ»

90 912 193 949 φησιν
206 912 215 919 ·
251 895 366 934 “On-ou
389 894 429 932 ἂν
449 886 515 932 ὦσι
535 892 595 930 δύο
614 890 636 936 ἢ
656 895 747 941 τρεῖς
776 885 985 938 συνηγμένοι
1008 886 1058 929 εἷς
1078 885 1117 923 τὸ

88 954 172 1005 ε’μὸν
197 954 325 1006 ὄνομα,
355 955 425 992 ἐκεῖ
457 954 530 1003 εἶμι
558 953 593 989 ἐν
624 948 722 1002 μέσῳ
751 948 877 986 αὐτῶν.
911 945 1025 984 εὈταν
1045 943 1081 983 δὲ
1099 947 1117 982 ὁ

90 1013 241 1070 Χριστὸς
267 1015 302 1052 ἐν
332 1011 429 1065 μέσῳ
448 1005 470 1063 ᾖ
488 1013 558 1049 τῶν
575 1006 860 1060 συνειλεγμένων,
878 1004 980 1044 ποίαν
995 1003 1116 1057 ἑτέραν

87 1077 202 1123 ζητεῖς
231 1074 404 1119 ἀπόδειξιν
427 1076 546 1126 ἑορτῆς
568 1071 697 1118 ταύτης
726 1069 891 1120 μείζονα;
920 1064 1039 1106 εὈπου
1064 1067 1117 1104 δι-

91 1136 264 1176 δασκαλία
283 1137 343 1175 καὶ
360 1136 472 1189 εὐχαὶ,
491 1135 575 1174 ὅπου
596 1132 755 1186 πατέριον
772 1128 927 1181 εὐλογίαι
942 1128 1002 1167 καὶ
1017 1127 1117 1167 θείων

88 1196 204 1247 νόμων
225 1196 402 1251 ἀκρόασις,
425 1195 512 1235 ὅπου
542 1193 679 1236 σύνοδος
694 1191 852 1243 ἀδελφῶν
885 1189 946 1227 καὶ
973 1188 1118 1241 γνησίας

92 1259 232 1311 ἀγάπης
246 1259 447 1309 σύνδεσμος,
466 1258 552 1297 ὅπου
574 1256 660 1309 πρὸς
683 1255 773 1293 Θεὸν
791 1251 924 1305 ὁμιλία,
950 1251 1010 1290 καὶ
1026 1253 1119 1291 Θεοῦ

94 1321 180 1375 πρὸς
206 1319 406 1374 ἀνθρώπους
433 1317 580 1362 διάλεξις
596 1348 605 1364 ,
629 1319 704 1360 πῶς
725 1316 788 1353 οὐκ
811 1313 851 1352 ἂν
868 1313 925 1360 εἴη
944 1311 1045 1366 ἑορτπ)Ι
1063 1311 1123 1350 καὶ

958 195 1011 224 ΛΝ
1024 195 1080 223 ΝΑ
1117 191 1263 222 stium)
1304 190 1347 219 V.

2039 175 2128 239 857

1181 286 1322 311 omnem
1343 285 1466 309 curam
1482 271 1568 324 ipsis
1581 269 1803 309 adhibentes.
1821 271 2004 310 llliautem
2018 273 2132 312 tilium

1181 333 1285 371 illum
1313 346 1383 371 non
1408 340 1491 370 sunt
1528 331 1673 382 imitati,
1707 346 1769 370 nec
1799 346 1858 370 eos
1880 332 1990 370 relicti
2024 344 2134 372 eteius

1181 394 1365 447 poenituit,
1384 408 1496 445 neque
1510 393 1545 431 in
1559 402 1704 446 paterna
1715 392 1823 431 domo
1838 404 2054 441 manserunt,
2075 401 2133 433 seu

1181 455 1297 494 denuo
1333 455 1588 493 abscesserunt.
1615 455 1784 494 Vestrum
1822 455 1932 506 igitur
1951 465 2053 504 esset,
2079 471 2136 493 ve-

1182 526 1310 567 strum,
1333 517 1492 568 inquam,
1507 515 1568 567 qui
1588 530 1725 569 semper
1742 515 1926 554 nobiscum
1952 516 2050 565 estis,
2084 531 2136 554 re-

1183 578 1313 617 ducere
1340 578 1450 631 ipsos,
1480 577 1765 630 persuadereque
1791 587 1830 616 ut
1867 577 2051 616 nobiseum
2076 593 2138 630 per

1185 640 1346 692 singulas
1368 639 1535 678 collectas
1574 639 1687 678 velint
1722 639 1798 676 sesti
1835 654 1908 676 esse
1934 639 2136 692 participes.

1185 701 1361 750 Quamvis
1371 701 1466 739 enim
1479 700 1869 752 Pentecostepratteriit‚
1885 701 2011 738 festum
2023 710 2137 739 tamen

1186 781 1254 806 non
1272 766 1462 819 praeteriit;
1477 765 1592 804 omnis
1603 764 1698 803 enim
1713 774 1909 803 conventus
1921 766 2049 803 festum
2071 775 2135 804 est.

1186 828 1365 868 Undeboe
1375 827 1498 881 patet?
1515 827 1571 865 Ex
1583 827 1670 880 ipsis
1679 827 1814 865 Christi
1827 827 1960 872 verbis,
1972 826 2138 865 dicentis:

1191 891 1599 943 Ubicumque-suerint
1629 890 1706 927 duo
1736 889 1804 926 vel
1824 898 1899 926 tres
1919 892 2141 941 congregati
2159 898 2270 926 munh.
2296 897 2341 924 ις.

1186 954 1228 990 in
1246 965 1329 990 meo
1355 953 1522 997 nomine,
1536 952 1591 987 ibi
1599 964 1684 988 sum
1698 953 1739 987 in
1754 951 1879 987 medio
1892 951 2142 997 eorum.Quo-
2158 949 2208 968 ²⁰·

1186 1013 1252 1052 ties
1268 1022 1387 1052 autem
1403 1011 1539 1051 Christi
1554 1012 1700 1050 interest
1714 1012 1749 1050 in
1770 1012 1888 1049 medio
1907 1021 2033 1060 emtus,
2048 1011 2144 1064 quod

1188 1076 1304 1129 majus
1323 1074 1452 1127 quaeris
1472 1073 1551 1112 sesti
1565 1074 1841 1125 argumentum?
1861 1073 1932 1112 Ubi
1962 1088 2060 1112 sacra
2080 1073 2144 1111 do-

1187 1138 1299 1176 ctrina
1314 1146 1347 1176 et
1363 1150 1499 1190 preces,
1521 1135 1583 1173 uhi
1605 1145 1747 1187 patrum
1766 1134 2027 1173 benedictiones
2041 1144 2075 1173 et
2093 1134 2145 1172 di-

1189 1200 1280 1238 vinae
1296 1199 1385 1251 legis
1401 1196 1633 1245 auditorium,
1665 1197 1727 1235 ubi
1752 1205 1947 1235 conventus
1979 1196 2144 1242 fratrum,

1188 1274 1436 1313 germanaeque
1443 1258 1601 1297 caritatis
1609 1258 1807 1305 vinculum,
1818 1257 1880 1295 ubi
1892 1271 1973 1295 cum
1986 1258 2058 1294 Deo
2069 1257 2146 1294 col-

1191 1321 1368 1372 loquium,
1385 1330 1419 1358 et
1439 1319 1507 1358 Dei
1529 1333 1611 1357 cum
1630 1318 1839 1356 hominibus
1855 1332 1982 1367 sermo,
2000 1317 2059 1369 qui
2072 1317 2150 1355 sieri

1191 1392 1308 1436 potest
1328 1391 1368 1420 ut
1387 1381 1438 1420 ibi
1460 1395 1529 1419 non
1541 1379 1586 1418 sit
1603 1380 1691 1418 festa
1711 1379 1921 1418 celebritas?
1935 1380 2038 1417 Festa
2057 1378 2149 1417 enim
2202 1387 2353 1414 Futurum

1193 1458 1263 1482 non
1282 1441 1479 1481 multitudo
1494 1440 1784 1480 convenientium
1814 1441 1928 1479 facere
1959 1440 2058 1490 solet,
2091 1454 2138 1479 se(
2167 1436 2285 1477 ‘'.¹‘¹'³¹¹¹'

2168 1483 2204 1499 rt.

94 1381 310 1435 πανήγυρις,
343 1381 418 1425 Τὰς
444 1380 511 1432 γὰρ
535 1377 655 1434 ἑορτὰς
685 1379 724 1416 οὖ
744 1377 784 1415 τὸ
813 1378 967 1424 πλῆθος,
996 1376 1072 1413 ἀλλ’
1099 1376 1121 1420 ἡ

95 1443 203 1496 ἀρετὴ
224 1446 292 1481 τῶν
314 1441 577 1494 συλλεγομένων
597 1445 708 1478 ποιεῖν
729 1437 846 1476 εἴωθεν
860 1453 868 1460 ·
889 1437 955 1489 οὐχ
972 1440 994 1484 ἦ
1014 1437 1122 1474 πολυ-
2308 1439 2353 1455 ‘⁰‘

97 1504 213 1543 τέλεια
239 1507 308 1543 τῶν
339 1502 509 1555 ἱματίων,
537 1502 614 1541 ἀλλ’
630 1503 648 1539 ὃ
665 1502 729 1546 τῆς
746 1498 928 1542 εὖλαὸείας
945 1499 1125 1536 καλλωπι-

1194 1505 1327 1555 virtus;
1362 1518 1433 1542 non
1473 1512 1679 1542 sumtuosus
1718 1501 1880 1551 restitus,
1911 1501 1971 1540 sed
2012 1501 2154 1554 pietatis

97 1565 184 1618 σμός
196 1583 204 1590 ·
222 1569 286 1619 Οὗχ
300 1570 322 1613 ἧ
337 1565 499 1618 δαψῖλῑῑᾱ
515 1567 577 1611 τῆς
591 1560 779 1614 τραπέζης,
796 1561 873 1600 ἀλλ’
893 1563 915 1606 ἦ
932 1562 994 1606 τῆς
1009 1560 1126 1612 ψυχῆς
1148 1563 1172 1594 C
1194 1575 1360 1616 ornatus,
1373 1579 1443 1604 non
1454 1578 1585 1603 mensae
1597 1563 1751 1611 lautitia,
1764 1562 1826 1601 sed
1834 1577 1919 1601 cura
1929 1562 2156 1601 animae.Ma-

100 1627 258 1681 πρόνοια.
278 1626 409 1679 Ἱίορτὴ
431 1625 498 1678 γὰρ
518 1624 679 1677 μεγίστη,
700 1622 853 1665 συνειδὸς
877 1620 1017 1674 ἀγαθόν.
1057 1620 1127 1659 Καὶ

101 1688 259 1741 καθάπερ
285 1687 342 1726 ἐπὶ
375 1690 444 1725 τῶν
473 1686 596 1732 ἔξωθεν
623 1683 875 1737 πανηγύρεων,
901 1685 919 1721 ὁ
950 1681 1011 1733 μὲν
1038 1682 1127 1732 μήτε

102 1749 241 1801 ἱμάτιον
267 1750 356 1801 ἔχων
380 1746 631 1801 περιῧαλέσθαι
656 1745 841 1799 λαμπρὸν,
868 1744 956 1795 μήτε
989 1744 1127 1796 δαψιλε-

103 1811 227 1863 στέρας
246 1812 444 1849 ἀπολαῦσαι
461 1807 654 1862 τραπέζης,
673 1809 750 1846 ἀλλ’
772 1808 807 1844 ἐν
830 1805 932 1858 πενίᾳ
953 1805 1012 1844 καὶ
1035 1807 1129 1859 λιμῷ

102 1876 169 1918 ζῶν
206 1872 265 1911 καὶ
298 1877 371 1915 τοῖς
396 1869 557 1922 ἐσχάτοις
585 1874 722 1915 κακοῖς,
756 1869 818 1906 οὐκ
844 1867 1044 1906 αἰσθάνεται
1069 1869 1129 1905 τοῦ

104 1937 227 1988 καιροῦ
247 1936 309 1980 τῆς
329 1935 449 1985 ἑορτῆς
463 1963 472 1978 ,
501 1930 565 1969 κᾶν
585 1937 701 1969 πᾶσαν
722 1928 786 1976 τὴν
805 1928 906 1968 πόλιν
926 1928 981 1980 ἴδῃ
1001 1927 1130 1982 χορεύ-

104 2011 210 2035 ουσαν
224 2026 233 2042 ,
260 1994 348 2033 ἀλλὰ
368 1993 522 2045 τοσούτῳ
543 1993 675 2044 μᾶλλον
694 1991 855 2029 ὀδυνᾶται
876 1990 936 2028 καὶ
955 1990 1130 2037 δάκνεται,

104 2060 176 2111 ὅσῳ
202 2056 262 2096 καὶ
289 2055 365 2099 τοὺς
391 2055 452 2106 μὲν
474 2055 598 2098 ἄλλους
619 2057 684 2107 δρᾷ
711 2054 746 2090 ἐν
767 2051 980 2097 ἀπολαύσει,
1009 2052 1132 2090 ἑαυτὸν

106 2119 143 2157 δὲ
160 2121 193 2157 ἐν
215 2117 362 2170 ἀπορία·
384 2121 402 2156 ὁ
424 2116 461 2155 δὲ
484 2118 642 2155 πλουτῶν
663 2114 722 2153 καὶ
742 2117 879 2168 τρυφῶν
896 2145 906 2163 ,
926 2114 986 2152 καὶ
1007 2113 1133 2157 στολὰς

105 2180 186 2221 καθ’
214 2179 366 2225 ἑκάστην
385 2177 543 2229 ἀμείὲειν
569 2176 681 2229 ἔχων,
698 2175 760 2214 καὶ
785 2176 918 2222 πολλῆς
948 2174 1132 2214 ἀπολαύων

105 2240 319 2294 εὐημερίας,
349 2238 412 2277 κᾶν
443 2239 494 2290 μὴ
520 2241 617 2291 παρῆ
643 2236 762 2290 καιρὸς
791 2239 934 2290 ἑορτῆς,
959 2237 1132 2290 ἑορτάζειν

110 2303 260 2355 νομίζει·
281 2301 319 2340 ού
329 2318 371 2340 τω
396 2301 438 2348 δὴ
466 2300 525 2339 καὶ
541 2299 597 2337 ἐπὶ
616 2302 683 2337 τῶν
700 2303 945 2351 πνευματικῶν
965 2299 1134 2354 πραγμά-

111 2381 196 2411 των,
217 2367 234 2402 ὃ
251 2364 316 2415 μὲν
334 2365 367 2401 ἐν
388 2360 590 2412 δικαιοσύνῃ
611 2363 676 2406 ζῶν
695 2361 755 2399 καὶ
775 2361 1048 2415 κατορθώμασι,
1068 2361 1132 2400 κᾶν

115 2425 164 2477 μὴ
181 2424 360 2478 παρούσης
380 2425 513 2478 ἑορτῆς,
539 2422 661 2476 ἑορτὴν
678 2423 770 2475 ἄγει,
796 2421 1037 2476 τὴνξκαθαρὰν
1054 2425 1136 2470 ἡδο-

114 2487 175 2535 νὴν
205 2485 445 2539 καρπούμενος
476 2484 539 2532 τὴν
566 2485 635 2523 ἀπὸ
661 2490 721 2523 τοῦ
749 2484 961 2528 συνειδότος·
989 2489 1009 2524 ὁ
1038 2486 1074 2526 δὲ
1101 2489 1136 2525 ἐν

115 2547 270 2602 ἁμαρτίᾳ
286 2546 345 2585 καὶ
361 2545 511 2600 πονηρία
531 2546 590 2584 καὶ
603 2546 824 2599 τρεφόμενος,
839 2546 898 2585 καὶ
918 2546 1031 2586 πολλὰ
1046 2548 1139 2588 κακὰ

117 2609 279 2653 συνειδὼς
299 2611 423 2660 ἑαυτῷ,
444 2608 502 2646 καὶ
524 2607 700 2662 παρούσης
720 2611 860 2663 ἑορτῆς,
891 2609 1051 2664 ἀνέορτος
1072 2611 1138 2664 μᾶ-

115 2675 217 2712 λιστα
232 2671 372 2710 πάντων
388 2668 492 2708 ἐστίν.
506 2667 618 2708 ςΏστε
638 2669 766 2714 ἔξεστιν
783 2673 879 2722 ἡμῖν,
899 2671 940 2709 ἂν
953 2672 1138 2725 ἐθέλωμεν,

116 2733 194 2773 καθ’
217 2732 366 2780 ἑκάστην
382 2731 517 2785 ἡμέραν
539 2731 661 2784 ἑορτὴν
681 2732 790 2785 ἄγειν,
811 2733 852 2771 ἂν
871 2735 996 2788 ἀρετῆς
1016 2738 1138 2788 ἐπιμε-

118 2794 273 2845 λώμεθα,
291 2794 351 2832 καὶ
365 2794 405 2832 τὸ
423 2793 573 2838 συνειδὸς
591 2796 692 2844 ἡμῶν
711 2795 987 2848 ἐκκαθαίρωμεν.
1009 2797 1057 2835 Τί
1072 2798 1139 2853 γὰρ

120 2858 142 2902 ἡ
172 2856 392 2907 παρελθοῦσα
417 2853 552 2898 σύναξις
579 2858 641 2902 τῆς
659 2855 838 2908 παρούσης
856 2858 1080 2906 πλεονεκτεῖ;
1116 2860 1138 2906 ἢ

120 2915 198 2969 οὐχὶ
228 2917 278 2967 τῷ
309 2913 442 2967 θορύὸῳ
461 2915 520 2953 καὶ
538 2919 581 2968 τῇ
596 2920 736 2970 ταραχῇ
758 2918 860 2970 μόνον
879 2948 889 2967 ,
913 2920 1009 2973 ἄλλῳ
1028 2920 1064 2960 δὲ
1085 2923 1140 2961 οὗ-

120 2977 208 3023 δενί,
226 2974 340 3014 εὍταν
357 2974 424 3028 γὰρ
443 2975 503 3013 καὶ
520 2979 543 3022 ἡ
558 2979 625 3013 τῶν
643 2977 749 3029 ἁγίων
767 2981 968 3034 μυστηρίων
985 2982 1140 3021 ἀπόλαυ-

119 3055 195 3085 σις,
231 3037 291 3075 καὶ
321 3039 343 3083 ἡ
368 3039 436 3074 τῶν
468 3036 583 3075 ἄλλων
610 3039 678 3075 τῶν
699 3045 942 3091 πνευματικῶν
966 3044 1141 3093 κοινωνία,

120 3095 189 3139 οἷον
212 3103 316 3152 εὐχῆς
338 3097 446 3150 λέγω,
469 3098 527 3136 καὶ
551 3099 770 3152 ἀκροάσεως,
790 3103 850 3141 καὶ
866 3106 1030 3157 εὐλογιῶν
1045 3136 1054 3153 ,
1083 3107 1141 3144 καὶ

123 3162 281 3214 ἀγάπης,
301 3159 360 3198 καὶ
384 3163 454 3197 τῶν
474 3160 589 3197 ἄλλων
611 3160 786 3209 ἁπάντων,
805 3166 827 3209 ἡ
847 3165 934 3212 αὐτὴ
955 3167 1014 3205 ml
1033 3167 1142 3219 σήμε-

127 3238 182 3274 ρον
202 3218 225 3276 fi
238 3254 247 3270 ‚
274 3221 370 3261 οὐδὲν
403 3219 502 3260 ἔσται
524 3220 678 3261 ἐλάττων
707 3223 840 3271 ἐκείνης
866 3226 954 3276 αὕτη
973 3233 994 3276 ἢ
1013 3229 1143 3283 ἡμέρα,

125 3283 204 3322 οὔτε
231 3287 309 3335 ὑμῖν
325 3314 335 3331 ,
354 3283 432 3322 οὔτε
458 3283 536 3334 ἐμοὶ
562 3286 612 3336 τῷ
630 3284 777 3337 λέγοντι.
800 3288 846 3325 Οἱ
868 3287 935 3343 γὰρ
949 3289 1028 3329 τότε
1044 3293 1144 3342 ἡμῶν

130 3345 336 3389 ἀκούσαντες
350 3375 360 3392 ,
379 3339 473 3384 οὗτοι
492 3345 552 3383 καὶ
573 3351 631 3385 νῦν
652 3346 860 3387 ἀκούσονται
876 3365 883 3373 ·
906 3353 938 3389 οἱ
954 3351 991 3391 δὲ
1011 3352 1059 3404 μὴ
1079 3369 1146 3390 πα-

132 3406 245 3456 ρόντες
258 3409 332 3451 νῦν,
351 3405 426 3444 οὐδὲ
443 3405 519 3444 τότε
543 3410 718 3460 παρῆσαν,
738 3410 767 3447 εἷ
787 3409 1003 3464 καὶῖἐέόκουν
1019 3420 1144 3466 παρεὶ-

317 3472 411 3496 totu.
446 3472 498 3495 tv.

1194 1628 1335 1669 ximum
1349 1626 1444 1665 enim
1459 1626 1588 1663 festum
1600 1633 1651 1663 est
1665 1624 1876 1662 conscientia
1889 1623 1994 1661 bona.
2008 1623 2054 1661 Et
2067 1622 2157 1661 sicut

1197 1689 1232 1727 in
1252 1688 1408 1727 externis
1424 1685 1690 1725 celebritatibus
1701 1685 1730 1723 is
1738 1685 1871 1736 quince
1886 1693 2021 1723 vestem
2034 1684 2156 1733 babet,

1197 1767 1266 1804 qua
1298 1751 1481 1799 induatur,
1517 1746 1757 1801 splendidam,
1781 1761 1845 1785 nec
1876 1760 2049 1793 mensam,
2086 1761 2156 1797 qua

1196 1815 1351 1864 fruatur,
1367 1812 1517 1861 lautam,
1532 1808 1597 1848 sed
1618 1808 1710 1848 vivit
1729 1809 1764 1846 in
1799 1817 2023 1861 paupertate,
2053 1808 2157 1855 same,

1197 1885 1427 1926 extremaque
1440 1871 1596 1921 miseria,
1603 1878 1673 1910 non
1680 1870 1836 1909 afficitur
1845 1871 1934 1909 sesto
1941 1869 2012 1918 dic,
2021 1869 2158 1908 etiamsi

1201 1937 1404 1976 universam
1423 1934 1549 1972 urbem
1568 1932 1713 1971 choreas
1749 1946 1853 1984 agere
1884 1931 2019 1979 videat,
2038 1932 2098 1970 sed
2118 1946 2158 1970 eo

1200 1997 1464 2051 magisangitur
1471 1995 1618 2034 acdolet
1627 1994 1725 2046 quod
1732 1994 1821 2033 alios
1830 1994 1865 2032 in
1876 1994 2016 2032 deliciis
2024 1993 2158 2037 videat,

1199 2060 1288 2099 dum
1300 2059 1376 2113 ipse
1393 2057 1560 2097 omnibus
1593 2064 1692 2108 eget;
1711 2055 1816 2094 dives
1846 2070 1932 2095 vero
1972 2055 2159 2104 delicatus,

1201 2120 1404 2160 mutatoriis
1414 2117 1574 2158 vestibus
1588 2117 1788 2167 abundans,
1804 2126 1838 2155 et
1857 2116 1893 2155 in
1909 2131 2048 2156 summa
2071 2132 2160 2169 pro·

1202 2183 1369 2236 speritate
1379 2180 1633 2230 vivens,etiam
1649 2189 1748 2218 extra
1759 2179 1845 2217 festa
1859 2189 2018 2233 tempora
2031 2180 2160 2219 festum

1203 2259 1307 2297 agere
1325 2243 1395 2283 sibi
1413 2242 1558 2282 videtur
1576 2258 1583 2279 :
1605 2241 1654 2279 ita
1674 2250 1709 2278 ct
1729 2240 1762 2278 in
1779 2240 2032 2293 spiritualibus
2056 2241 2161 2279 rebus

1205 2306 1370 2345 usuvenit
1390 2321 1398 2342 ε
1423 2305 1485 2356 qui
1499 2303 1593 2342 vivit
1603 2303 1640 2341 in
1655 2302 1795 2355 justitia
1810 2311 1846 2340 et
1858 2303 2027 2355 operibus
2040 2303 2158 2351 bonis,

1204 2368 1262 2408 vel
1274 2367 1408 2419 absque
1418 2366 1506 2405 festo
1516 2365 1645 2403 festum
1656 2364 1745 2416 agit,
1756 2364 1930 2402 sinceram
1940 2365 2161 2418 voluptatem

1205 2444 1251 2468 ex
1263 2429 1355 2468 bona
1371 2426 1585 2466 conscientia
1605 2425 1805 2478 percipiens
1827 2426 2007 2476 :quivero
2022 2427 2057 2465 in
2081 2442 2160 2478 pec-

1207 2501 1284 2530 cato
1303 2500 1337 2529 et
1358 2488 1496 2528 malitia
1519 2487 1633 2540 degit,
1664 2486 1863 2525 multorum
1896 2486 2072 2525 malorum
2091 2489 2159 2526 sibi

1207 2553 1382 2600 conscius,
1404 2550 1513 2590 etiam
1531 2563 1614 2588 cum
1631 2549 1761 2587 festum
1775 2557 1839 2598 cst,
1867 2557 1941 2586 tam
1959 2549 2046 2587 sesto
2068 2559 2162 2588 caret

1208 2628 1317 2668 quam
1329 2613 1390 2665 qui
1410 2611 1580 2650 maxime.
1614 2610 1840 2662 Quapropter
1880 2609 1962 2648 licet
1985 2610 2101 2661 nobis,
2130 2612 2159 2649 si

1208 2677 1374 2724 velimus,
1394 2688 1457 2727 per
1469 2671 1628 2724 singulos
1650 2671 1727 2709 dics
1740 2671 1870 2709 scs-tum
1882 2670 2024 2720 habere,
2035 2672 2065 2710 si
2088 2673 2161 2711 vir-

1209 2748 1320 2777 tutem
1335 2748 1574 2782 exerceamus,
1594 2742 1626 2771 et
1645 2731 1897 2770 conscientiam
1916 2733 2159 2785 purificemus.

1210 2801 1289 2847 Qua
1304 2798 1398 2837 enim
1425 2810 1462 2834 re
1482 2793 1660 2848 praeterita
1681 2792 1827 2831 collecta
1852 2792 1919 2831 bac
1934 2794 2096 2846 praesenti
2111 2804 2162 2833 est

1211 2859 1352 2914 potior?
1371 2871 1486 2896 annon
1509 2854 1666 2893 tumultu
1686 2863 1825 2892 tantum
1844 2863 1877 2892 et
1888 2855 2054 2907 strepitu,
2076 2856 2160 2893 nul-

1164 2922 1188 2952 Ε
1211 2924 1315 2974 laque
1332 2935 1370 2959 re
1388 2919 1482 2957 alia?
1500 2916 1654 2966 Quando
1684 2916 1778 2953 enim
1797 2925 1830 2953 et
1848 2925 2051 2954 sanctorum
2084 2932 2161 2970 my-

1210 2984 1399 3024 steriorum
1415 2979 1605 3033 perceptio,
1619 2986 1652 3014 et
1680 2976 1832 3014 aliarum
1854 2977 2095 3030 spiritualium
2109 2994 2162 3016 re-

1214 3060 1294 3084 rum
1304 3041 1522 3090 communio,
1535 3048 1619 3092 puta
1631 3037 1889 3091 precationum,
1902 3039 2092 3087 concionis,
2103 3040 2162 3077 bc·-

1214 3099 1645 3147 nedictionum‚caritatis,
1659 3108 1937 3150 eaeterorumque
1945 3100 2163 3137 omniumea-

1215 3168 1354 3206 demest
1364 3163 1471 3202 etiam
1483 3160 1602 3209 hodie,
1611 3159 1708 3197 nulla
1719 3159 1752 3197 in
1765 3160 1882 3198 rebaec
1891 3160 1968 3198 dies
1980 3169 2165 3212 super-itur

1216 3229 1263 3267 ab
1291 3227 1366 3275 illa,
1399 3232 1572 3276 quantum
1592 3220 1650 3259 vel
1676 3219 1727 3259 ad'
1740 3234 1800 3259 vos
1817 3221 1873 3259 vel
1893 3219 1936 3257 ad
1954 3235 2009 3257 nie
2028 3220 2164 3259 concio—

1218 3298 1361 3328 nantem
1378 3284 1517 3324 attinet.
1536 3284 1629 3322 Nam
1640 3282 1703 3334 qui
1723 3291 1806 3320 tunc
1827 3296 1888 3319 nos
1909 3280 2114 3330 audiebant,
2131 3282 2165 3319 bi

1220 3364 1314 3389 nunc
1331 3359 1470 3400 quoque
1489 3343 1646 3383 audituri
1667 3352 1768 3391 sunt;
1795 3351 1827 3379 et
1847 3341 1905 3392 qui
1923 3355 2016 3379 nunc
2028 3341 2169 3389 absunt,

1223 3427 1265 3450 ue
1281 3421 1363 3448 tuuc
1382 3406 1527 3460 quidem
1543 3404 1704 3447 aderaut,
1726 3403 1860 3441 etiamsi
1881 3415 2026 3453 corpore
2050 3401 2173 3440 adesse

1964 3455 2013 3492 50
