2516 3791
830 206 886 235 mi
924 205 1045 235 ΛλΝΑ
1083 205 1233 234 stium)
1271 205 1333 235 ΙΙΙ.

74 295 294 344 ἀναγαγοῦσα
322 290 358 330 δὲ
379 290 500 334 πάλιν,
526 289 587 328 καὶ
615 289 772 328 λαὸοῦσα
795 289 898 337 αὐτὸ,
919 290 1097 327 κατελθεῖν

73 353 246 393 ἐδεδοίκει.
276 351 344 390 Διὰ
371 354 472 390 τοῦτο
501 351 616 402 ἔμεινε
638 350 762 403 χρόνον
792 354 972 398 τοσοῦτον,
1009 348 1100 388 ὥστε

74 414 162 466 μετὰ
191 417 250 452 τοῦ
272 412 383 466 δώρου
406 416 568 465 φανῆναι.
593 411 662 450 Καὶ
682 411 856 464 ἀνήγαγεν
872 405 944 459 οὖν,
960 410 1020 449 καὶ
1036 425 1100 448 κα-

69 476 187 514 τέλιπε
199 505 209 522 ,
225 475 284 513 καὶ
300 473 379 513 οὔτε
394 477 521 518 εκεῖνος
536 477 598 521 τῆς
622 475 730 521 θηλῆς
744 472 983 516 ἀποσπασθεὶς
999 472 1100 510 ἐδυσ-

72 536 236 590 χέρανεν·
266 536 340 574 ἴστε
373 535 409 574 δὲ
441 539 515 580 πῶς
556 536 746 587 ἀσχάλλειν
777 535 876 572 εἴωθε
904 534 949 572 τὰ
974 531 1099 571 παιδία

70 603 132 646 τῆς
150 596 448 650 γαλακτοτροιρίας
477 596 686 649 ἀπαγόμενοι
702 612 709 619 ·
739 594 842 634 ι’ἀλλ’
865 595 944 634 οὔτε
971 595 1100 637 ἐκεῖνος

73 659 231 712 ἤσχαλλε
255 661 319 704 τῆς
351 657 482 709 μητρὸς
513 657 790 708 ἀποσπώμενος,
812 655 902 694 ἀλλὰ
926 655 1011 708 πρὸς
1042 654 1102 692 τὸν

72 720 256 767 Δεσπότην
269 719 394 758 ἔὸλεπε
407 749 416 767 ,
432 719 490 758 τὸν
506 718 566 757 καὶ
581 718 716 765 ἐκείνην
732 717 930 764 ποιήσαντα
951 715 1101 767 μητέρα,

71 782 150 820 οὔτε
172 781 259 829 αὕτη
291 781 391 832 ἤλγει
421 785 481 819 τοῦ
509 779 649 818 παιδίου
680 778 920 831 χωριζομένη·
941 777 1006 824 τὴν
1033 777 1101 830 γὰρ

71 843 140 882 ἀπὸ
172 845 233 889 τῆς
265 842 400 895 φύσεως
433 841 652 892 συμπάθειαν
688 839 919 892 μεσιτεύουσα
947 841 969 885 ἡ
997 839 1100 892 χάρις

67 905 225 953 ἐνίκησε,
243 905 303 943 καὶ
323 910 474 943 συνεῖναι
492 904 658 950 ἀλλήλοις
677 902 832 941 ἐδόκουν.
850 902 920 943 Καὶ
941 901 1100 955 καθάπερ

68 966 252 1017 ἄμπελος’
237 981 272 1004 εν
292 965 341 1004 ἑνὶ
362 964 530 1019 ἱδρυμένη
555 964 676 1018 χωρίω
692 995 702 1012 ,
733 981 776 1016 με
762 964 840 1018 ’γρι
858 965 989 1002 πολλοῦ
1008 979 1100 1016 προ-

70 1028 146 1080 άγει
163 1027 208 1066 τὰ
232 1028 399 1079 κλήματα
415 1057 425 1074 ,
455 1042 514 1066 και
537 1028 577 1065 ἐκ
608 1029 738 1066 πολλοῦ
770 1031 830 1065 τοῦ
863 1026 1100 1076 διαστηματος

69 1089 286 1142 κρεμάμενος
312 1093 330 1129 ὁ
363 1088 486 1144 βότρυς
516 1090 560 1141 τῇ
591 1087 668 1140 ῥίζῃ
689 1087 911 1139 συγγίνεται·
945 1086 1034 1126 ούτω
1055 1088 1097 1135 δὴ

67 1151 127 1188 καὶ
160 1150 218 1190 ἐπὶ
249 1150 377 1198 ταύτης
406 1149 543 1203 ἐγένετο
561 1153 624 1197 τῆς
641 1148 815 1202 γυναικός.
837 1149 1002 1188 Μένουσα
1030 1148 1099 1202 γὰρ

68 1212 125 1251 ἐπὶ
152 1215 216 1260 τῆς
246 1212 399 1257 πόλεως,
427 1212 467 1251 τὸ
491 1214 613 1264 κλῆμα
633 1214 740 1259 αὐτῆς
774 1210 937 1256 ἐξέτεινεν
957 1211 1021 1255 ἕως
1039 1215 1099 1249 τοῦ

67 1277 147 1312 ναοῦ
159 1304 169 1321 ,
188 1276 290 1312 κάκεῖ
307 1274 366 1312 τὸν
386 1273 511 1326 βότρυν
537 1273 728 1325 ἐκρέμασεν
745 1271 878 1324 ὥριμον
894 1289 900 1296 ·
924 1272 984 1311 καὶ
1003 1272 1097 1312 οὐδὲν

66 1337 105 1375 τὸ
126 1336 305 1388 διάστημα
332 1339 392 1374 τοῦ
425 1335 532 1375 τόπου
562 1337 751 1374 διεκώλυσε
767 1366 776 1384 ,
809 1337 871 1382 τῆς
899 1334 991 1373 κατὰ
1009 1335 1100 1374 Θεὸν

67 1398 206 1451 ἀγάπης
228 1398 469 1444 συναπτούσης
494 1401 537 1450 τῇ
571 1397 680 1449 μητρὶ
713 1397 752 1436 τὸ
784 1396 937 1435 παιδίον.
966 1397 1011 1434 Εἰ
1030 1395 1099 1448 γὰρ

66 1458 126 1498 καὶ
151 1459 264 1513 ἄωρος
293 1462 314 1505 ἡ
337 1458 482 1506 ἡλικία,
503 1459 580 1496 ἀλλ’
602 1456 735 1509 ὥριμος
753 1451 794 1504 ἦν
815 1457 909 1508 αὐτῷ
928 1459 950 1503 ἡ
970 1456 1098 1508 ἀρετὴ,

66 1520 127 1560 καὶ
147 1527 218 1564 τοῖς
240 1519 484 1558 ἀναὸαίνουσιν
511 1521 558 1563 εἷς
576 1519 634 1558 τὸν
655 1519 736 1558 ναὸν
759 1517 968 1561 διδάσκαλος
989 1524 1098 1556 πᾶσιν

64 1582 194 1634 ἐγίνετο
212 1581 406 1625 θεοσείὲείας
425 1582 569 1628 πολλῆς.
603 1578 921 1634 Περιεργαζόμενοι
944 1578 1013 1632 γὰρ
1038 1579 1099 1618 καὶ

66 1643 297 1695 μανθάνοντες
318 1645 381 1689 τῆς
400 1642 593 1694 γεννήσεως
612 1643 716 1680 αὐτοῦ
737 1641 794 1679 τὸν
811 1640 954 1693 τρόπον,
973 1642 1101 1693 ἀρκού-

65 1721 130 1744 σαν
161 1703 358 1755 ἐλάμὸανον
387 1703 660 1756 παράκλησιν,”
676 1701 741 1749 τὴν
768 1703 814 1746 εἷς
841 1702 900 1740 τὸν
927 1702 1018 1741 Θεὸν
1039 1703 1093 1741 ἐλ-

63 1767 162 1805 πίδα.
182 1744 252 1805 Keil
269 1765 377 1809 οὐδεὶς
400 1767 489 1818 ὁρῶν
505 1765 545 1803 τὸ
564 1763 717 1813 παιδίον,
737 1766 819 1815 σιγῇ
837 1763 986 1815 κατῄει,
1007 1764 1098 1802 ἀλλὰ

64 1828 191 1871 πάντες
213 1825 371 1870 ἐδόξαζον
388 1826 446 1864 τὸν
457 1828 541 1878 παρ’
562 1825 706 1869 ἐλπίδας
724 1825 808 1864 αὐτὸ
825 1824 1013 1863 δεδωκότα.
1028 1824 1098 1863 Διὰ

63 1892 174 1927 ταῦτα
206 1891 224 1926 ὁ
248 1887 338 1931 Θεὸς
371 1886 560 1926 ἀνεὸάλετο
587 1887 645 1925 τὸν
675 1887 790 1934 τόκον,
818 1885 909 1925 ὥστε
927 1888 1096 1926 ἐπιτεῖναι

62 1949 191 1996 ταύτην
223 1948 287 1996 τὴν
322 1947 461 1996 ἡδονὴν,
496 1947 588 1987 ὥστε
615 1947 910 2002 περιφανεστέραν
946 1947 1010 1995 τὴν
1031 1965 1095 2000 γυ-

63 2017 164 2050 ναῖκα
187 2014 347 2055 ποιῆσαι.
376 2012 423 2050 Οἱ
442 2009 509 2062 γὰρ
530 2009 592 2057 τὴν
619 2009 800 2064 συμφορὰν
822 2012 928 2056 αὐτῆς
946 2010 1093 2049 ἐπιστά-

64 2091 159 2125 μενοι
173 2105 182 2123 ,
199 2073 372 2126 μάρτυρες
389 2072 541 2125 ἐγίνοντο
554 2076 616 2120 τῆς
639 2077 699 2111 τοῦ
714 2074 808 2112 Θεοῦ
821 2073 966 2126 χάριτος
980 2088 987 2096 ·
1002 2072 1094 2112 ὥστε

62 2136 102 2174 τὸ
128 2135 235 2174 πολὺν
254 2135 360 2181 αὐτὴν
390 2137 424 2173 ἐν
447 2134 595 2186 ἀπαιδίᾳ
618 2141 735 2185 μεῖναι
763 2136 887 2187 χρόνον
908 2150 1092 2187 γνωριμω-

2036 197 2128 258 ⁸⁷¹¹.)

1173 289 1268 334 lum,
1286 289 1478 342 asseretur
1491 290 1534 326 in
1555 298 1763 340 conspectu
1781 290 1956 336 Domini,
1975 301 2011 329 et
2028 295 2132 331 sede-

1174 351 1228 387 bit
1262 350 1346 387 illic
1372 353 1413 387 in
1439 364 1576 388 oevum.
1610 350 1776 390 Viden‘?
1796 351 1874 389 Non
1905 352 2133 392 existimabat

1173 423 1247 448 esse
1266 419 1384 448 tutum
1404 411 1467 448 illo
1489 410 1587 449 domi
1613 410 1738 450 relicto
1766 412 1956 451 ascendere
1978 413 2013 451 in
2045 423 2133 452 tem-

1172 472 1290 524 plum,
1311 471 1407 523 quod
1436 486 1516 511 cum
1537 475 1728 525 accepisset
1745 472 1879 511 donum
1894 504 1903 522 ,
1931 489 1999 512 non
2028 476 2135 514 susti-

1175 543 1271 572 neret
1299 534 1435 585 absque
1460 534 1554 572 dono
1577 550 1795 588 comparere.
1821 536 1959 573 Rursus
1977 536 2134 576 adducto

1174 596 1249 645 illo,
1281 611 1322 635 ac
1354 610 1440 635 mox
1471 607 1631 650 recepto,
1663 596 1877 636 descendere
1910 598 2101 637 verebatur
2125 614 2132 635 :

1174 656 1254 696 ideo
1274 667 1372 696 tanto
1393 667 1550 711 tempore
1571 660 1753 707 remansit,
1770 668 1808 697 ut
1827 673 1909 697 cum
1925 658 2019 697 dono
2034 675 2134 698 com-

1173 727 1326 770 pareret.
1351 718 1514 758 Adduxit
1543 734 1642 771 ergo,
1661 735 1701 758 ac
1731 720 1887 772 reliquit,
1908 735 1970 759 nec
1999 736 2087 774 puer
2114 736 2133 759 a

1173 793 1327 817 mamma
1345 780 1510 818 divulsus
1527 781 1671 819 moleste
1686 781 1782 829 tulit,
1798 782 1879 820 licet
1893 781 2012 820 sciatis
2026 797 2134 833 quam

1172 840 1306 879 soleant
1328 841 1508 893 indignari
1529 842 1629 894 pueri
1645 843 1784 894 quoties
1799 857 1819 880 a
1840 843 1930 881 lacte
1948 843 2133 896 depellun-

1127 906 1151 936 D
1172 911 1256 940 tur:
1275 917 1400 942 verum
1421 917 1483 942 nec
1504 903 1580 956 ipse
1595 918 1685 956 puer
1705 918 1797 956 segre
1817 904 1899 942 tulit
1912 919 1931 942 a
1948 914 2060 943 matre
2077 905 2134 943 di—

1172 964 1310 1011 vulsus,
1335 963 1397 1003 sed
1423 964 1468 1004 ad
1493 966 1691 1003 Dominum
1712 965 1894 1018 respexit,
1923 966 1986 1016 qui
2018 966 2131 1019 ipsam

1171 1035 1319 1064 matrem
1345 1027 1474 1065 fecerat
1489 1042 1500 1076 ;
1523 1040 1586 1064 nec
1607 1026 1685 1079 ipsa
1704 1035 1817 1064 mater
1838 1026 1956 1065 doluit
1974 1042 1994 1065 a
2019 1041 2130 1080 puero

1170 1089 1341 1141 sejuncta,
1361 1088 1444 1140 quia
1461 1089 1659 1127 naturalem
1674 1089 1842 1127 affectum
1862 1089 1951 1128 sicit
1979 1089 2095 1128 iuterv
2096 1103 2130 1128 e-

1171 1150 1270 1188 niens
1289 1150 1425 1201 gratia,
1445 1160 1479 1188 et
1510 1159 1657 1201 uterque
1683 1164 1720 1188 se
1750 1164 1831 1188 cum
1866 1150 1978 1188 altero
2009 1151 2132 1190 vixere

1170 1211 1411 1250 existimabat.
1431 1211 1748 1260 Quemadmodum
1765 1211 1918 1249 eodem
1910 1226 1944 1249 in
1964 1212 2042 1250 loeo
2059 1213 2133 1251 fixa

1169 1272 1256 1311 vitis
1275 1273 1310 1311 in
1329 1273 1476 1326 longum
1493 1273 1660 1327 producit
1686 1272 1865 1326 palmites,
1880 1282 1915 1311 et
1932 1288 2002 1311 uva
2018 1274 2133 1312 multo

1170 1334 1359 1373 intervallo
1388 1335 1565 1388 pendens,
1585 1334 1699 1373 radici
1731 1334 1840 1372 haeret
1858 1350 1866 1371 :
1889 1334 2016 1373 itidem
2042 1345 2076 1374 ct
2095 1336 2132 1374 in

1168 1395 1236 1435 hac
1257 1395 1389 1435 accidit
1408 1397 1538 1435 semina
1553 1426 1563 1446 ,
1588 1411 1668 1448 quae
1691 1396 1726 1434 in
1752 1396 1839 1435 urbe
1854 1411 2000 1435 manens
2020 1412 2134 1449 usque

1168 1458 1214 1496 ad
1235 1459 1407 1512 templum
1427 1459 1587 1497 extendit
1606 1474 1712 1497 suum
1731 1459 1914 1512 palmitem
1935 1489 1945 1507 ‚
1967 1469 2073 1511 atque
2091 1460 2134 1498 il-

1168 1520 1216 1560 lic
1241 1535 1351 1559 uvam
1377 1521 1562 1574 suspendit
1585 1530 1789 1559 maturam:
1811 1535 1874 1560 nec
1900 1521 2132 1559 intervallum

1125 1587 1147 1616 Ε,
1170 1582 1263 1621 illud
1286 1582 1403 1621 ullum
1425 1582 1546 1620 attulit
1566 1581 1878 1634 impedimentum,
1899 1597 1981 1621 cum
2003 1583 2132 1625 caritas

1168 1658 1247 1694 quae
1267 1643 1462 1682 secundum
1476 1645 1593 1682 Deum
1609 1652 1672 1691 est,
1689 1658 1842 1696 puerum
1862 1644 1967 1682 matri
1985 1644 2130 1697 copula-

1168 1714 1234 1743 ret.
1252 1706 1478 1757 Quamquam
1495 1705 1589 1743 enim
1603 1713 1688 1743 aetas
1701 1714 1776 1743 erat
1791 1705 1983 1743 immatura
1996 1736 2005 1754 ,
2017 1707 2131 1744 virtus

1169 1775 1286 1805 tamen
1305 1767 1426 1805 aderat
1448 1776 1590 1805 matura
1609 1767 1975 1818 :ascendentibusque
1990 1767 2027 1806 in
2041 1777 2129 1806 tem-

1168 1827 1269 1879 plum
1296 1827 1462 1866 omnibus
1483 1828 1606 1866 multae
1625 1827 1809 1879 religionis
1829 1830 1998 1880 magister
2016 1829 2131 1868 factus

1167 1899 1229 1928 est.
1244 1890 1336 1928 Nam
1353 1889 1408 1928 illi
1436 1889 1524 1928 dum
1548 1889 1770 1940 inquirerent
1788 1889 2036 1942 discerentque
2053 1905 2130 1929 mo-

1167 1951 1255 1990 dum
1276 1951 1451 1990 natalium
1470 1951 1581 2001 illius,
1603 1950 1745 1989 abunde
1764 1965 1938 2004 magnum
1961 1951 2130 1990 solatium

1166 2013 1387 2065 accipiebant
1423 2012 1499 2065 spei
1529 2027 1609 2064 qua:
1637 2021 1689 2051 est
1724 2027 1806 2065 erga
1842 2014 1974 2051 Deum.
2007 2014 2131 2064 Neque

1165 2074 1355 2125 quisquam
1368 2103 1378 2123 ,
1392 2073 1470 2112 viso
1486 2087 1617 2126 puero,
1637 2073 1766 2112 tacitus
1789 2073 2025 2112 descendebat
2037 2103 2047 2121 ,
2067 2074 2131 2112 sed

1167 2150 1288 2174 omnes
1308 2135 1557 2188 glorificabant
1584 2135 1690 2173 illum
1705 2165 1715 2184 ‚
1741 2149 1760 2173 a
1780 2149 1852 2186 quo
1885 2144 2012 2188 praeter
2030 2150 2129 2188 spem

1122 349 1146 379 C

61 2197 163 2249 τέραν
183 2213 221 2235 τε
237 2202 342 2235 πᾶσιν
362 2195 505 2242 ἐποίησε
518 2226 528 2243 ,
552 2197 611 2234 καὶ
626 2196 724 2249 παρὰ
738 2197 881 2236 πάντων
903 2196 1011 2244 αὐτὴν
1028 2214 1093 2248 μα·
1107 2219 1153 2243 725
1166 2197 1272 2236 datus
1284 2206 1369 2236 erat.
1382 2197 1483 2234 Hanc
1493 2197 1539 2235 ob
1553 2211 1697 2236 causam
1708 2199 1805 2236 Deus
1817 2197 1960 2235 distulit
1970 2207 2128 2251 partum,

61 2258 262 2310 χαρίζεσθαι
282 2258 341 2296 καὶ
364 2257 623 2308 θαυμάζεσθαι,
655 2258 715 2296 καὶ
744 2259 802 2298 τὸν
833 2259 924 2297 Θεὸν
950 2261 1091 2312 εὐχαρι-
1120 2257 1144 2286 Λ

61 2322 216 2358 στεῖσθαι
243 2320 286 2356 δι’
325 2321 432 2364 αὐτῆς
461 2319 718 2372 παρεσκεύασε.
753 2321 878 2358 Ταῦτα
907 2320 942 2358 δὲ
974 2320 1064 2372 λέγω
1081 2351 1091 2368 ,

61 2380 117 2419 ἵνα
131 2380 195 2419 κᾶν
208 2384 309 2430 ἡμεῖς
320 2379 449 2431 ἴδωμεν
463 2380 564 2431 ἁγίας
579 2386 744 2432 γυναῖκας
762 2383 795 2419 ἐν
809 2381 959 2436 ἀπαιδία
973 2381 1090 2430 οὔσας,

62 2442 84 2487 ἢ
116 2445 150 2480 ἐν
187 2441 282 2492 αΛλῳ
300 2457 367 2478 τινι
397 2441 496 2479 δεινῶ
527 2440 689 2494 τοιούτῳ,
722 2442 772 2493 μὴ
793 2443 1091 2496 δυσχεραίνωμεν,

63 2501 152 2554 μηδε
180 2482 429 2554 ἀσγάλλωμεν,
461 2501 548 2554 μηδὲ
577 2502 734 2555 λέγωμεν
755 2505 842 2556 πρὸς
859 2504 1028 2548 ἑαυτούς·
1055 2503 1092 2542 τί

62 2563 192 2611 δηποτε
209 2565 376 2616 περιεῖδεν
391 2567 409 2601 ὃ
431 2564 521 2608 Θεὸς
540 2566 615 2615 μετ’
638 2567 765 2618 ἀρετῆς
783 2565 954 2612 τοσαύτης
976 2567 1089 2610 ζῶσαν

61 2631 208 2676 γυναῖκα
221 2655 230 2671 ,
250 2624 310 2663 καὶ
329 2624 466 2664 παιδίον
487 2627 573 2677 αὐτῇ
589 2628 651 2664 οὐκ
669 2626 818 2675 ἔδωκεν,
837 2629 890 2665 Οὐ
906 2627 974 2703 γὰρ
992 2643 1090 2680 περι-

62 2689 207 2739 ορῶντος
227 2686 339 2725 ταῦτά
367 2702 474 2733 εστιν,
495 2688 572 2726 ἀλλ’
600 2687 728 2732 εἰδότος
748 2688 787 2727 τὸ
806 2689 982 2741 συμφέρον
1002 2693 1088 2740 ἡμῖν

62 2750 162 2797 ἡμῶν
183 2749 295 2785 αὐτῶν
314 2749 480 2800 ἀκριόεστ
468 2765 571 2803 ερον.
586 2749 699 2802 Ἀνῃει
719 2750 833 2789 τοίνυν
853 2753 901 2794 εἷς
919 2751 976 2790 τὸν
993 2752 1090 2798 ναὸν,

63 2824 123 2846 και
138 2809 178 2846 τὸ
197 2808 311 2860 ἀρνίον
331 2811 377 2852 εἰς
395 2809 458 2856 τὴν
477 2811 643 2860 ποίμνην,
659 2812 720 2850 καὶ
732 2812 790 2850 τὸν
811 2811 942 2864 μόνα-χιον
958 2814 1006 2856 εἷς
1024 2812 1088 2860 τὴν

63 2869 192 2921 ἀγέλην
218 2870 400 2921 εἰσήγαγε,
430 2871 490 2909 καὶ
525 2873 571 2915 εἰς
604 2872 662 2910 τὸν
695 2875 852 2924 λειμῶνα
871 2875 911 2912 τὸ
935 2874 1031 2926 ῥόδον
1050 2874 1090 2912 τὸ

63 2931 220 2968 ἀκανθῶν
252 2931 534 2983 ἀπηλλαγμένον,
560 2932 654 2985 ρόδον
680 2935 842 2973 οὐδέποτε
870 2935 1088 2988 μαραινόμε-

61 3007 131 3039 νον,
148 2991 274 3030 οἰλλαδ
255 3006 330 3037 οιην
335 2995 421 3035 εκῶς
438 2994 572 3041 ἀνθοῦν,
593 3009 654 3032 και
672 2995 757 3048 πρὸς
778 2996 879 3034 αὐτὸν
897 2996 1089 3047 δυνάμενον

63 3053 276 3106 ἀναδραμεῖν
297 3054 354 3091 τὸν
386 3055 543 3107 οὗρανὸν,
562 3058 600 3093 οὑ
624 3059 686 3103 τῆς
713 3058 857 3102 εὐωδίας
888 3058 1037 3103 ἅπαντες
1057 3075 1089 3097 οι

62 3129 153 3152 κατα
186 3130 249 3161 την
276 3114 480 3165 οἰκουμένην
504 3118 566 3153 ἀντ
571 3116 822 3167 ιλαμὸάνονται
842 3119 948 3172 μέχρι
979 3136 1089 3170 τημε-

64 3188 133 3225 ρον.
147 3175 320 3219 Τοσουτος
338 3179 394 3213 οὖν
412 3178 499 3214 ἐτῶν
518 3179 705 3251 παρῆλθεν
712 3180 874 3253 ἀριθμὸς,
891 3182 950 3219 καὶ
966 3182 1010 3220 τὰ
1027 3186 1089 3229 ti:

64 3235 188 3285 ἀρετῆς
202 3237 264 3281 τῆς
282 3237 373 3276 κατὰ
392 3253 454 3283 την
475 3238 624 3276 εὐωδιαν
643 3238 770 3286 ταύτην
791 3241 1012 3289 ἐπιτείνεται,
1026 3243 1087 3281 καὶ

111 3356 126 3378 b
141 3355 204 3388 me
220 3358 322 3391 multa
339 3358 490 3403 deerant,
514 3373 586 3404 qnoe
601 3359 753 3394 desumta
771 3370 848 3397 sunt
865 3374 904 3396 ex
921 3363 1069 3398 Colbcrt,

64 3415 97 3438 et
116 3408 195 3451 Reg.

1168 2267 1207 2296 ut
1225 2259 1317 2297 hanc
1335 2266 1480 2310 augeret
1501 2258 1739 2310 voluptatem,
1763 2267 1801 2296 ut
1819 2259 2012 2297 mulierem
2043 2259 2129 2298 red-

1165 2318 1265 2357 deret
1287 2319 1531 2358 illustriorem.
1547 2320 1638 2357 Nam
1655 2320 1873 2371 quicumque
1892 2320 2129 2358 calamitatem

1165 2381 1242 2433 ejus
1263 2389 1449 2431 noverant,
1469 2381 1494 2418 ii
1510 2389 1614 2418 testes
1632 2380 1717 2418 facti
1733 2382 1855 2433 gratiae
1873 2381 1962 2419 Dei:
1982 2391 2015 2420 et
2031 2383 2131 2433 quod

1165 2442 1272 2495 longo
1297 2452 1456 2495 tempore
1475 2441 1605 2480 mansit
1633 2441 1669 2479 in
1690 2442 1859 2493 orbitate,
1881 2443 2013 2494 effecit,
2036 2453 2074 2482 ut
2096 2454 2130 2482 ct

1165 2504 1242 2557 ipsa
1275 2504 1400 2542 multis
1432 2513 1523 2542 esset
1551 2503 1682 2551 notior,
1701 2513 1735 2541 et
1763 2504 1808 2541 ab
1829 2505 2002 2543 omnibus
2028 2505 2130 2544 beata

1162 2565 1434 2618 praedicaretur,
1454 2573 1616 2615 essetque
1637 2564 1673 2601 in
1693 2563 1930 2602 admiratione
1947 2581 1954 2601 :
1971 2565 2129 2616 hincque

1162 2628 1314 2675 factum,
1342 2635 1382 2664 ut
1409 2640 1472 2678 per
1496 2626 1596 2662 illam
1617 2626 1692 2663 Deo
1708 2626 1840 2677 gratias
1855 2632 2000 2677 agerent
2017 2641 2127 2678 quam

1162 2688 1330 2742 plurimi.
1355 2687 1439 2725 Haec
1458 2686 1538 2725 ideo
1558 2686 1697 2737 loquor,
1718 2696 1756 2724 ut
1780 2687 1918 2725 etiamsi
1938 2702 2002 2726 nos
2021 2689 2126 2726 femi-

1163 2764 1226 2788 nas
1255 2757 1394 2787 sanctas
1426 2747 1632 2786 noverimus
1662 2747 1697 2784 in
1727 2748 1879 2786 orbitate
1905 2758 1966 2786 aut
1993 2749 2028 2787 in
2057 2749 2128 2787 alia

1162 2825 1317 2850 aerumna
1333 2810 1510 2861 degentes,
1523 2823 1566 2846 ne
1582 2809 1727 2847 moleste
1741 2809 1910 2858 feramus,
1925 2825 2014 2848 neve
2033 2810 2127 2849 indi-

1162 2887 1339 2925 gnemur,
1375 2885 1438 2909 nec
1465 2870 1630 2908 dieamus
1660 2870 1759 2923 apud
1787 2872 1950 2924 nosipsos
1973 2888 1980 2908 τ
2001 2861 2127 2919 ⁴Quare

1164 2937 1258 2972 Deus
1279 2932 1443 2986 despexit
1458 2932 1645 2970 mulierem
1659 2941 1755 2970 tanta
1777 2933 1907 2985 pictate
1924 2934 2124 2987 praeditam,

1116 3003 1138 3033 B
1163 3011 1225 3035 uec
1247 2995 1349 3034 dedit
1369 2994 1535 3047 prolem?
1555 2994 1677 3044 Neque
1701 2993 1797 3032 enim
1823 2994 1890 3033 ista
1910 3005 1993 3034 sunt
2014 2997 2126 3047 negli-

1162 3057 1288 3111 gentis,
1313 3056 1374 3094 sed
1397 3055 1464 3094 hoc
1491 3054 1594 3092 nobis
1621 3054 1793 3107 expedire
1823 3056 1954 3094 melius
1982 3057 2127 3095 scientis

1163 3133 1268 3171 quam
1285 3116 1418 3169 nosipsi
1430 3116 1574 3154 scimus.
1591 3116 1760 3154 Ascendit
1772 3116 1924 3167 igiturin
1934 3118 2122 3170 templum.

1162 3190 1195 3219 ct
1237 3192 1371 3230 agnum
1399 3176 1544 3215 induxit
1578 3176 1614 3214 in
1647 3177 1743 3215 ovile
1790 3191 1831 3216 ac
1858 3178 2010 3215 vitulum
2041 3193 2123 3229 per—

1162 3240 1270 3278 duxit
1306 3239 1350 3277 ad
1390 3247 1615 3289 armentum,
1652 3247 1685 3277 et
1720 3238 1755 3276 in
1792 3248 1934 3291 pratum
1972 3239 2124 3276 deduxit

1153 3375 1164 3389 f·
1182 3362 1366 3397 Colbcrtini
1384 3370 1435 3401 τῆς
1458 3367 1496 3400 εἰς
1511 3367 1560 3397 τὸν
1580 3367 1643 3397 θεὸν
1660 3365 1787 3401 ἱλπιῖος,
1806 3370 1838 3394 ot
1859 3363 1904 3394 sic
1925 3363 2023 3394 otiam
2042 3363 2123 3406 ling.

2167 1098 2248 1128 Gran
2255 1120 2263 1127 .-
2287 1114 2300 1127 ι

2147 1149 2239 1170 {urani
2272 1156 2336 1170 xin-

2146 1186 2197 1212 «il.
