2516 3791
162 805 245 833 Nihil
258 805 313 833 liu-

125 849 266 875 munitate

126 889 288 926 potentius.

126 929 223 958 Ρνον.
243 929 293 957 25.

131 970 179 1000 15.

127 1010 224 1040 Escll'.
250 1011 300 1042 28.

125 1061 178 1081 21.

127 1107 313 1139 prov.15.1.

123 1539 221 1569 Eccli.
239 1539 291 1572 28.

165 2038 245 2067 Iram
270 2048 315 2066 se-

124 2080 194 2107 dare
211 2082 240 2107 in
259 2090 313 2107 no-

123 2127 181 2149 stra
205 2128 245 2149 est
261 2132 314 2160 po-

124 2167 240 2191 testate.

769 159 789 189 S
799 178 808 188 .
845 157 1031 188 JOANNIS
1067 155 1313 186 CHRYSOST.

327 160 418 206 002

327 241 600 282 amaritudinem
633 242 860 294 exstinguat,
881 255 989 291 quem
1016 253 1087 277 non
1119 237 1285 275 obscuret

326 304 503 350 omnium,
531 305 594 354 qui
623 317 791 354 umquam
821 315 929 354 super
954 298 1193 352 philosophiae
1212 298 1284 337 do-

327 365 440 403 ctrina
466 363 603 403 clarum
621 377 847 416 promeruere
865 361 1016 399 nomen?
1036 361 1081 398 Et
1096 369 1135 398 tu
1151 359 1262 412 igitur
1275 389 1284 406 ,

326 425 357 464 si
375 424 518 476 quando
541 425 652 463 hostis
671 423 836 462 inciderit
858 422 893 459 in
913 435 1039 459 manus
1060 430 1154 470 tuas,
1171 434 1215 458 ne
1233 419 1283 457 il—

327 487 392 525 lud
410 496 542 539 specta,
562 485 740 537 quomodo
762 485 867 522 illum
886 482 1083 531 ulciscaris,
1115 482 1283 520 innume-

327 549 444 600 risque
457 547 626 586 eonviciis
645 560 873 598 conspersum
886 545 1040 595 emittas,
1059 544 1121 583 sed
1136 557 1285 596 quomo-

327 610 374 648 do
403 623 517 657 saneS,
553 607 730 659 quomodo
765 606 812 645 ad
842 607 1071 645 sobrietatem
1103 606 1253 645 reducas
1273 620 1281 641 :

327 685 440 722 neque
468 670 569 722 prius
597 669 745 707 desistas
777 669 897 707 omnia
925 679 1002 707 tum
1030 669 1168 718 facere,
1205 677 1284 706 tum

327 733 459 779 dicere,
483 731 595 769 donec
616 740 677 769 tua
697 731 968 769 mansuetudine
985 730 1165 783 superaris
1185 730 1284 768 illius

329 794 591 832 truculentiam.
610 793 712 831 Nihil
731 793 825 830 enim
848 792 1070 830 humanitate
1087 791 1281 845 potentius.

331 855 439 903 Quod
459 855 577 907 ipsum
593 853 741 905 quidam
759 853 970 902 declaravit,
987 853 1108 892 diceus
1129 870 1137 890 :
1155 854 1285 892 Sermo

331 917 460 955 mollis
498 918 716 970 confringet
739 929 840 954 ossa.
870 915 979 966 Atqui
1008 915 1097 966 quid
1116 929 1192 954 osse
1211 914 1284 953 du-

328 978 428 1015 rius?
447 978 494 1016 Et
513 987 629 1017 tamen
651 977 679 1015 si
702 977 782 1028 quis
797 990 896 1027 aeque
914 977 1026 1015 durus
1041 978 1087 1015 sit
1102 986 1134 1015 et
1145 977 1286 1029 rigidus

328 1053 368 1077 ac
398 1040 621 1091 praefractus,
651 1049 769 1078 tamen
795 1039 900 1077 illum
924 1039 1028 1077 facile
1057 1039 1198 1087 vicerit,
1223 1038 1286 1090 qui

328 1110 509 1139 mansuete
523 1110 661 1139 tractet.
684 1104 736 1138 Ac
749 1114 883 1150 rursus,
897 1102 1107 1152 Responsio
1123 1103 1285 1139 submis-

326 1177 372 1201 sa
390 1166 530 1200 avertit
550 1166 642 1201 iras.
666 1162 772 1201 Unde
795 1162 907 1213 liquet
924 1171 963 1199 ut
982 1161 1094 1199 hostis
1111 1162 1283 1210 irritetur,

1350 155 1558 186 ARculEP.
1595 156 1958 188 CONSTANTINOP-

1353 236 1456 275 αὐτὸν
1478 238 1693 289 ἀμυνόμενος
1708 238 1768 277 καὶ
1786 239 1925 293 μυρίαις
1947 240 2079 284 πλύνας
2094 246 2170 285 ταῖς
2190 242 2377 295 λοιδορίαις

1353 297 1536 350 ἐκπέμψῃς
1547 329 1557 346 ,
1573 300 1650 337 ἀλλ’
1671 299 1766 343 ὅπως
1785 300 2004 352 θεραπεύσης
2018 331 2028 349 ,
2045 302 2139 345 ὅπως
2158 303 2378 354 ἐπαναγάγῃς

1352 360 1437 410 πρὸς
1452 359 1639 398 ἐπιείκειαν
1654 376 1661 383 ·
1681 361 1741 398 καὶ
1762 361 1810 412 μὴ
1827 361 1994 414 πρότερον
2015 364 2168 414 ἀποστῇς
2183 363 2299 401 πάντα
2319 364 2378 401 καὶ

1353 422 1461 457 ποιῶν
1486 419 1546 458 καὶ
1567 419 1691 472 λέγων,
1711 421 1776 464 ἕως
1800 421 1840 459 ἂν
1868 422 2032 475 περιγένῃ
2050 427 2092 475 τῆ
2113 423 2287 476 πραότητι
2316 427 2378 471 τῆς

1353 480 1533 530 ὠμότητος
1546 483 1608 527 τῆς
1624 482 1766 521 ἐκείνου.
1783 484 1894 522 Οὐδὲν
1908 484 1975 536 γὰρ
1988 483 2174 528 ἐπιεικείας
2188 484 2378 523 δυνατώτε-

1354 556 1423 594 ρον.
1440 542 1510 580 Καὶ
1523 545 1616 580 τοῦτ’
1630 543 1712 581 αὐτὸ
1724 544 1836 591 δηλῶν
1848 561 1899 588 τις
1911 544 2041 596 ἔλεγεν,
2055 546 2107 583 ὅτι
2121 545 2232 597 Λόγος
2246 544 2379 589 ἁπαλὸς

1350 601 1366 622 ¹'
1379 603 1566 654 συγκλείσει
1583 606 1679 642 ὀστᾶ.
1696 604 1821 643 Καίτοι
1837 605 1872 642 τί
1886 605 2004 657 ὀστέου
2023 607 2110 653 σκλη
2118 605 2270 659 ρότερον,
2285 606 2375 644 Ἀλλ’

1351 664 1445 716 ὅμως
1466 665 1530 703 κᾶν
1562 665 1650 704 οὕτω
1670 667 1820 720 σκληρός
1847 683 1898 711 τις
1922 662 1945 719 ἦ
1972 667 2032 706 καὶ
2060 667 2246 719 ἀκαμπὴς,
2274 683 2378 720 περι-

1353 725 1451 764 έσται
1476 726 1601 779 ῥᾳδίως
1620 731 1638 765 ὃ
1659 729 1733 778 μετ’
1762 729 1949 773 ἐπιεικείας
1976 731 2070 781 αὖτῷ
2094 729 2286 782 χρώμενος.
2308 729 2378 767 Καὶ

1352 787 1457 826 πάλιν
1469 804 1476 811 ·
1505 788 1704 840 Ἀπόκρισις
1738 789 1982 828 ὑπο-πίπτουσα
2014 789 2223 843 ἀποστρέφει
2256 789 2376 841 ὀργάς.

1352 847 1460 886 εὈθεν
1482 850 1583 895 δῆλον
1605 848 1659 888 ὅτι
1686 853 1745 887 τοῦ
1772 854 1956 898 κινηθῆναι
1982 853 2039 890 τὸν
2065 851 2200 904 ἐχθρὸν,
2228 850 2288 889 καὶ
2318 852 2377 888 τοῦ

1354 912 1641 961 καταλλαγῆναι,
1663 909 1704 948 σὺ
1723 912 1929 966 κυριώτερος
1949 913 2093 951 ἐκείνου.
2114 914 2176 951 Ἐν
2193 912 2261 965 γὰρ
2279 915 2378 962 ἡμῖν,

1353 973 1414 1010 οὐκ
1433 974 1467 1010 ἐν
1489 978 1558 1016 τοῖς
1576 973 1808 1025 ὀργιζομένοις
1824 979 1937 1012 κεῖται
1953 975 2011 1012 καὶ
2031 975 2070 1013 τὸ
2090 974 2278 1020 σέεσθῆναι
2290 1003 2299 1021 ,
2319 973 2380 1011 καὶ

1352 1032 1392 1070 τὸ
1409 1031 1494 1083 πρὸς
1515 1032 1655 1083 μείζονα
1670 1033 1888 1086 ἐξενεχθῆναι
1903 1035 2015 1088 φλόγα
2026 1035 2084 1073 τὸν
2099 1035 2204 1085 θυμὸν
2218 1035 2276 1072 τὸν
2292 1033 2379 1072 ἐκεί-

1353 1109 1432 1132 νων.
1454 1094 1522 1133 Καὶ
1542 1097 1632 1134 τοῦτ’
1660 1096 1743 1134 αὐτὸ
1762 1096 1868 1134 πάλιν
1885 1099 1903 1134 ὃ
1919 1096 1964 1134 τὰ
1983 1096 2136 1149 πρότερα
2164 1095 2272 1134 εἰπὼν
2290 1096 2376 1142 ἐδή-

1352 1157 1445 1194 λωσε
1460 1156 1539 1194 ςδιὰ
1561 1158 1663 1209 ψιλοῦ
1681 1157 1979 1210 παραδείγματος.
1994 1157 2133 1210 ςΏσπερ
2149 1157 2218 1211 γὰρ
2230 1187 2240 1204 ,
2259 1158 2379 1210 φησὶν,

326 1233 388 1262 aut
419 1224 681 1274 reconcilietur,
700 1224 814 1276 magis
843 1223 880 1261 in
912 1232 971 1261 tua
998 1233 1168 1276 potestate
1186 1219 1400 1273 esse,75083‘3
1425 1221 1600 1272 σπινθῆρα
1632 1219 1740 1271 ὐρὸς
1772 1219 1812 1257 ἂν
1849 1219 1910 1270 μὲν
1946 1219 2124 1273 φυσῆσῃς,
2156 1219 2283 1272 ἕξῆψας
2315 1217 2380 1266 τὴν

325 1300 434 1337 quam
459 1286 570 1323 illius.
595 1287 673 1323 Non
692 1286 787 1323 enim
817 1285 852 1323 in
878 1285 922 1323 iis
953 1285 1015 1336 qui
1041 1286 1094 1323 ira
1116 1285 1282 1324 commoti
1305 1282 1332 1311 Λ

325 1356 421 1395 sunt,
442 1347 505 1385 sed
526 1346 562 1384 in
583 1347 685 1385 nobis
703 1347 810 1385 situm
830 1355 882 1384 est
901 1355 940 1384 ut
958 1347 1016 1385 vel
1035 1348 1285 1399 exstinguatur

324 1408 472 1446 illorum
491 1409 568 1458 ira,
589 1408 647 1447 vel
667 1408 715 1446 ad
737 1409 851 1460 majus
880 1407 1040 1446 irritetur
1060 1409 1281 1447 incendium.

328 1469 375 1507 Et
396 1469 463 1507 hoc
484 1470 569 1507 item
589 1469 651 1520 qui
673 1469 792 1521 priora
811 1469 922 1519 dixit,
946 1469 1103 1521 simplici
1121 1470 1283 1508 declara-

327 1530 380 1569 vit
399 1531 577 1582 exemplo.
600 1530 701 1568 Sicut
722 1530 839 1579 enim,
859 1531 994 1581 inquit,
1014 1531 1045 1568 si
1073 1531 1231 1569 insufsses
1250 1532 1286 1569 in

329 1591 523 1629 scintillam
548 1590 658 1642 ignis,
678 1591 812 1628 excitas
838 1591 1224 1641 incendiumzcontra,
1259 1592 1288 1630 si

329 1653 472 1704 inspuas
486 1682 496 1701 ,
517 1651 729 1703 exstinguis,
761 1661 795 1689 et
823 1661 1016 1703 utrumque
1037 1652 1104 1690 tibi
1125 1653 1161 1690 in
1181 1666 1290 1691 manu

329 1722 380 1752 cst
402 1713 599 1764 (qnoniam
638 1715 865 1765 Utrumque,
896 1712 1027 1764 inquit,
1052 1728 1100 1751 ex
1130 1728 1196 1752 ore
1225 1723 1290 1753 tuo

326 1775 611 1828 proficiscitur)
630 1775 709 1813 :sic
739 1783 773 1812 et
805 1774 841 1812 in
875 1774 1063 1812 inimicitia
1099 1775 1136 1813 in
1165 1776 1291 1828 proxi—

329 1850 444 1886 mum,
464 1836 495 1874 si
514 1836 655 1874 inflatos
676 1850 717 1874 ac
737 1835 906 1875 vecordes
935 1837 1073 1888 ingeras
1097 1851 1290 1886 sermone5‚

331 1898 465 1935 excitas
481 1897 600 1949 ignem
620 1898 734 1947 illius,
755 1897 918 1936 accendis
940 1898 1132 1936 carbones:
1149 1898 1204 1937 sin
1223 1899 1292 1937 mi-

329 1967 380 1997 tes
394 1973 435 1997 ac
453 1959 654 1998 moderatos
670 1960 862 1999 admoveas
876 1975 1065 2011 sermones,
1080 1961 1291 2013 priusquam

329 2020 548 2069 exardescat,
565 2021 657 2059 iram
673 2035 814 2059 omnem
832 2022 1059 2061 exstinxeris.
1082 2024 1135 2061 Ne
1155 2020 1301 2062 dixeris·
1313 2023 1334 2053 Β

328 2081 437 2133 igitur
449 2098 456 2118 :
466 2083 551 2121 Haec
565 2097 689 2135 passus
705 2083 956 2132 siim,a[1tliaec
969 2083 1107 2133 audivi,
1119 2099 1201 2122 cum
1215 2085 1290 2123 haec

327 2144 446 2182 omnia
461 2145 530 2182 siut
547 2145 582 2182 in
598 2155 658 2183 tua
677 2154 861 2197 potestate.
880 2145 956 2183 Hoc
967 2146 1063 2183 enim
1081 2156 1184 2199 pacto
1200 2147 1291 2186 iram

327 2205 440 2243 veluti
459 2206 664 2256 scintillam,
681 2207 739 2246 vel
758 2206 984 2258 exstinguere
1003 2208 1062 2246 vel
1080 2209 1286 2256 accendere,

326 2267 554 2318 furoremque
572 2269 631 2306 vel
650 2269 806 2306 excitare
819 2298 828 2315 ‚
847 2269 905 2306 vel
936 2278 1056 2307 contra
1086 2270 1223 2320 sedare,
1253 2271 1289 2309 in

326 2337 362 2367 te
391 2328 501 2367 situm
525 2339 587 2367 est.
610 2330 700 2367 Cum
724 2329 859 2367 videris
888 2329 1087 2378 inimicum,
1109 2330 1167 2368 vel
1197 2331 1227 2368 si
1252 2332 1288 2369 in

327 2399 480 2427 mentem
502 2391 623 2429 veniat
640 2405 748 2441 quam
768 2391 880 2428 multa
910 2400 988 2428 tum
1009 2391 1164 2429 audieris
1178 2423 1189 2442 ,
1212 2401 1288 2430 tum

326 2466 513 2504 perpessus
539 2452 587 2490 sis
607 2452 767 2500 molesta,
788 2453 843 2490 sac
864 2452 1025 2491 omnium
1044 2453 1175 2491 horum
1190 2454 1288 2491 obli—

324 2512 494 2562 viscaris;
512 2513 650 2551 etiamsi
666 2513 878 2561 recorderis,
892 2523 1008 2551 tamen
1023 2514 1076 2552 fac
1090 2528 1128 2552 ea
1143 2514 1289 2553 diabolo

326 2573 490 2626 imputes.
513 2575 652 2626 Collige
676 2589 761 2614 vcro
792 2575 820 2613 si
850 2575 937 2626 quid
968 2590 1140 2627 umquam
1159 2577 1287 2616 huma-

327 2636 420 2674 niter
434 2636 491 2675 vel
511 2636 606 2674 dixit
621 2637 679 2675 vel
698 2637 793 2675 fecit.
814 2637 853 2675 Si
870 2637 906 2674 in
925 2637 1055 2676 horum
1074 2639 1288 2678 recordatio-
1308 2660 1332 2690 C

326 2712 371 2736 ne
403 2709 644 2737 commoratus
674 2699 798 2744 fueris,
821 2700 919 2737 ocius
941 2699 1113 2739 dissolves
1136 2701 1289 2740 inimici-

326 2759 428 2798 tiam.
452 2760 559 2806 Quod
580 2761 609 2798 si
631 2770 681 2799 cst
703 2761 844 2799 animus
872 2761 974 2799 illum
995 2762 1174 2813 incusare,
1197 2778 1297 2803 cum-

328 2835 397 2871 que
427 2821 490 2858 illo
519 2822 768 2873 expostulare:
795 2823 852 2861 fac
884 2823 984 2875 prius
1005 2823 1153 2875 abjicias
1174 2825 1284 2863 animi

328 2892 486 2931 motum,
509 2883 669 2934 iramque
702 2885 907 2935 exstinguas
925 2915 934 2933 ,
955 2899 996 2923 ac
1016 2894 1093 2923 tum
1121 2900 1203 2925 cum
1224 2887 1286 2925 illo

328 2944 534 2996 expostula,
554 2955 630 2983 tum
657 2959 780 2997 argue,
803 2956 836 2984 ct
856 2947 958 2985 facilc
974 2948 1105 2999 poteris
1128 2948 1283 2987 vincere.

330 3004 514 3055 Siquidem
554 3007 607 3044 ira
649 3008 813 3045 commoti
852 3009 941 3046 nihil
985 3009 1059 3047 sani
1093 3010 1289 3062 poterimus

333 3081 503 3117 nmquam
523 3067 578 3105 vel
605 3068 736 3114 (licere,
760 3070 814 3107 vel
837 3069 962 3107 audire
982 3086 989 3106 τ
1008 3070 1070 3109 sed
1097 3085 1115 3109 a
1146 3081 1289 3124 portur-

332 3128 473 3165 batione
486 3128 603 3177 liberi,
617 3143 680 3166 nec
700 3129 765 3181 ipsi
783 3130 931 3168 verbum
944 3131 1102 3183 asperius
1120 3146 1291 3183 umquam

333 3195 547 3245 emittemus,
570 3210 630 3234 nec
657 3195 737 3234 aliis
756 3197 880 3235 acerbe
900 3197 1144 3248 loquentihuS,
1166 3199 1290 3238 eodem

379 3315 394 3337 Ι·
420 3314 501 3356 Reg.
522 3326 604 3346 unus
617 3319 856 3360 συντρίέειόττνῗ.

381 3382 392 3392 ι·
420 3367 470 3397 Ita
496 3367 588 3408 Regii
610 3365 676 3399 duo
701 3367 814 3400 melius
831 3379 928 3410 quam
954 3367 1041 3400 Ediu
1069 3369 1125 3411 qui
1148 3368 1273 3402 liabent
1298 3372 1344 3403 διὸ,

1352 1278 1485 1331 φλόγα,
1511 1279 1551 1317 ἂν
1581 1279 1616 1318 δὲ
1645 1279 1801 1328 πτύσης,
1821 1281 2055 1329 κατέσῧεσας,
2084 1281 2144 1319 καὶ
2173 1280 2378 1333 ἀμφοτέρων

1352 1339 1393 1379 σὺ
1412 1340 1527 1392 κύριος
1555 1340 1776 1395 (Ἀμφότερα
1796 1342 1886 1396 γὰρ,
1906 1342 2023 1395 φησὶν,
2056 1344 2095 1381 ἐκ
2124 1346 2183 1381 τοῦ
2208 1340 2380 1393 στόματός

1352 1418 1411 1440 σου
1431 1401 1685 1454 3πορεύεται)·
1711 1402 1799 1441 οὕτω
1821 1403 1881 1442 καὶ
1904 1404 1960 1442 ἐπὶ
1980 1408 2042 1451 τῆς
2058 1404 2185 1456 ἔχθρας
2206 1407 2266 1441 τοῦ
2284 1405 2379 1449 πλη-

1353 1462 1424 1502 σίον
1439 1479 1445 1486 ·
1465 1463 1504 1501 ἃν
1524 1463 1586 1513 μὲν
1603 1464 1866 1516 πεφυσημένους
1877 1464 1936 1503 καὶ
1957 1464 2252 1516 ἀπονενοημένους
2267 1480 2379 1516 προσ-

1354 1525 1496 1579 ενέγκῃς
1522 1525 1666 1577 λόγους,
1695 1526 1859 1570 ἀνάπτεις
1884 1527 2013 1565 ἐκείνου
2042 1527 2081 1565 τὸ
2107 1532 2198 1578 πῦρ,
2229 1525 2381 1568 ἐκκαίεις

1354 1586 1433 1630 τοὺς
1467 1588 1640 1640 ἄνθρακας
1653 1603 1661 1611 ·
1691 1587 1731 1624 ἂν
1759 1587 1795 1626 δὲ
1828 1595 2013 1641 προσηνεῖς
2039 1587 2099 1626 καὶ
2130 1588 2384 1640 περιεσταλμέ-

1355 1663 1451 1695 νους,
1471 1647 1552 1701 πρὶν
1568 1648 1632 1696 τὴν
1646 1648 1759 1701 πυρὰν
1778 1650 1947 1701 ἀρθῆναι,
1963 1648 2179 1693 κατέσὲεσας
2197 1649 2261 1697 τὴν
2276 1649 2384 1704 ὀργὴν

1357 1709 1509 1748 ἅπασαν.
1531 1709 1591 1757 Μὴ
1614 1709 1728 1749 τοίνυν
1750 1710 1830 1762 λέγε
1844 1741 1854 1758 ,
1881 1710 1934 1748 ὅτι
1955 1711 1999 1749 τὰ
2020 1711 2080 1750 καὶ
2102 1710 2147 1749 τὰ
2175 1710 2315 1757 ἔπαθον,
2340 1711 2386 1750 τὰ

1356 1770 1416 1808 καὶ
1434 1770 1479 1808 τὰ
1495 1770 1630 1818 ἤκουσα
1642 1787 1649 1794 ·
1670 1771 1812 1810 πάντων
1833 1771 1902 1826 γὰρ
1920 1772 2052 1811 τούτων
2074 1772 2114 1812 σὺ
2131 1772 2259 1826 κύριος.
2280 1772 2386 1811 Οὕτω

1357 1831 1424 1883 γὰρ
1441 1830 1561 1885 ὥσπερ
1579 1835 1752 1886 σπινθῆρα
1765 1833 1826 1871 καὶ
1844 1833 1968 1872 σὸέσαι
1990 1833 2050 1872 καὶ
2067 1833 2198 1887 ἀνάψαι
2213 1863 2222 1880 ,
2248 1834 2308 1872 καὶ
2331 1837 2387 1872 θυ-

1360 1893 1424 1944 μὸν
1448 1894 1618 1932 ἐκκαῦσαι
1643 1894 1703 1932 καὶ
1725 1897 1953 1933 καταστεῖλαι
1979 1895 2086 1934 πάλιν
2118 1897 2152 1934 ἐν
2176 1895 2240 1934 σοί.
2271 1893 2386 1934 “Oa-ow

1358 1954 1433 2008 ἴδῃς
1455 1956 1591 2010 ἐχθρὸν,
1611 1956 1633 2003 ἢ
1654 1957 1713 1995 καὶ
1739 1960 1786 2001 εἷς
1810 1962 1888 1996 νοῦν
1908 1957 2020 2010 λάὅῃς
2036 1988 2045 2005 ,
2063 1957 2129 1997 ὅσα
2147 1957 2209 2010 μὲν
2232 1957 2387 2004 ἤκουσας

1358 2017 1417 2055 καὶ
1437 2016 1561 2062 ἔπαθες
1578 2017 1738 2070 λυπηρὰ,
1757 2019 1860 2057 πάντ’
1885 2018 2113 2058 ἐπιλανθάνου
2134 2023 2243 2058 ταῦτα
2258 2035 2265 2043 ·
2296 2021 2327 2058 εἷ
2347 2019 2384 2058 δὲ

1357 2079 1415 2117 καὶ
1436 2079 1716 2131 ἀναμνησθείης,
1746 2083 1795 2133 τῷ
1821 2081 1974 2134 διαδόλῳ
1992 2085 2102 2119 ταῦτα
2120 2081 2269 2133 λογίζου.
2290 2081 2384 2120 Σύλ-

1356 2141 1437 2191 λεγε
1453 2140 1506 2188 δὲ,
1524 2141 1557 2178 εἴ
1572 2141 1607 2179 τί
1623 2157 1676 2180 σοι
1694 2143 1849 2195 χρηστὸν
1865 2137 1941 2181 εἷπε
1959 2142 2102 2181 πώποτε
2118 2173 2126 2190 ,
2149 2143 2209 2181 καὶ
2228 2143 2383 2191 ἐποίησε.

1357 2200 1432 2240 Κᾶν
1448 2204 1491 2253 τῇ
1511 2202 1642 2241 τούτων
1662 2203 1883 2256 ἐνδιατρίὸῃς
1905 2205 2046 2257 μνήμῃ,
2073 2204 2208 2256 ταχέως
2227 2203 2384 2242 καταλύ-

1359 2277 1429 2304 σεις
1452 2261 1515 2308 τὴν
1541 2261 1685 2315 ἔχθραν.
1715 2264 1788 2301 Κᾶν
1814 2264 1944 2316 μέλλῃς
1962 2266 2122 2315 ἐγκαλεῖν
2149 2264 2208 2304 καὶ
2226 2264 2385 2316 διαλέγε-

1358 2325 1458 2370 σθαι,
1477 2322 1643 2376 πρότερον
1662 2324 1703 2362 τὸ
1721 2324 1828 2368 πάθος
1844 2325 2002 2363 ἐκὸαλὼν
2021 2326 2080 2364 καὶ
2102 2326 2161 2364 τὸν
2176 2326 2283 2377 θυμὸν
2301 2326 2383 2364 <565-

1359 2398 1420 2426 σας
1431 2414 1440 2431 ,
1455 2383 1563 2428 οὕτως
1579 2384 1718 2430 εὐθύνας
1737 2385 1891 2433 ἀπαίτει,
1906 2386 2014 2431 οὕτως
2027 2387 2163 2440 ἔλεγχε,
2176 2387 2236 2426 καὶ
2254 2387 2384 2439 δυνήσῃ

1358 2453 1597 2504 περιγενέσθαι
1616 2454 1753 2507 ῥαδίως.
1771 2454 2073 2508 Θυμούμενοιγὰρ
2087 2455 2157 2494 οὔτ’
2176 2457 2297 2502 εἰπεῖν,
2313 2454 2385 2493 οὔτ’

1359 2521 1505 2559 ἀκοῦσαί
1526 2537 1610 2560 ποτε
1630 2521 1852 2573 δυνησόμεθα
1870 2538 1905 2559 τι
1928 2521 2040 2574 ὑγιές·
2066 2520 2326 2573 ἀπαλλαγέντες
2349 2520 2384 2559 δὲ

1356 2591 1416 2626 τοῦ
1444 2588 1593 2634 πάθους,
1627 2587 1697 2626 οὔτ’
1721 2588 1818 2626 αὐτοὶ
1848 2587 1944 2640 ῥῆμά
1966 2589 2042 2626 ποτ’
2066 2587 2242 2638 ἐξοίσομεν
2261 2586 2386 2640 τραχὺ,

1357 2654 1426 2693 οὔθ’
1459 2654 1585 2707 ἑτέρων
1608 2653 1778 2707 λεγόντων
1799 2653 1906 2697 οὕτως
1931 2653 2162 2704 ἀκουσόμεθα.
2185 2655 2238 2691 Οὐ
2263 2652 2330 2705 γὰρ
2360 2657 2382 2700 ἡ

1355 2725 1424 2761 τῶν
1441 2723 1636 2775 λεγομένων
1654 2722 1771 2775 φύσις,
1786 2725 1833 2765 ὡς
1849 2726 1870 2770 ἡ
1885 2725 1947 2769 τῆς
1961 2721 2086 2775 ἔχθρας
2104 2721 2278 2775 πρόληψις
2291 2726 2386 2774 ἡμᾶς

1356 2794 1496 2841 ἀγριοῦν
1518 2791 1630 2828 εἴωθε.
1652 2790 1830 2834 Πολλάκις
1848 2794 1927 2842 γοῦν
1949 2789 2046 2842 παρὰ
2071 2789 2179 2842 φίλων
2196 2789 2258 2834 τὰς
2279 2788 2385 2833 αὐτὰς

1357 2859 1565 2902 ἀκούσαντες
1580 2859 1752 2912 λοιδορίας
1771 2858 1980 2907 παιζόντων,
2005 2857 2027 2904 ἢ
2047 2858 2106 2896 καὶ
2125 2858 2388 2911 χαριεντιζομέ-

1358 2942 1438 2973 νων,
1476 2926 1498 2973 ἢ
1529 2925 1588 2964 καὶ
1611 2925 1709 2977 παρὰ
1738 2925 1885 2964 παιδίων
1916 2927 2062 2978 μικρῶν,
2093 2927 2130 2964 οὐ
2162 2925 2265 2976 μόνον
2289 2925 2385 2964 οὐδὲν

1360 2994 1531 3045 ἐπάθομεν
1549 2992 1672 3040 ἀηδὲς,
1692 2994 1762 3031 οὐδ’
1781 2992 2056 3046 ἐξηγριώθημεν,
2075 2991 2167 3030 ἀλλὰ
2183 2991 2242 3030 καὶ
2264 2993 2386 3044 ἐγελά-

1361 3078 1470 3113 σαμεν
1505 3061 1567 3099 καὶ
1599 3060 1826 3113 διεχύθημεν·
1855 3063 1893 3099 οὐ
1920 3060 1987 3114 γὰρ
2017 3060 2105 3112 μετὰ
2133 3059 2386 3113 διεφθαρμένης

1361 3129 1562 3180 ἠκούσαμεν
1582 3129 1745 3181 γνώμης,
1776 3129 1852 3167 οὐδὲ
1876 3128 1965 3180 μετὰ
1989 3131 2102 3181 ψυχῆς
2133 3130 2232 3180 θυμῷ
2253 3144 2386 3182 προκα-

1351 3196 1600 3249 τειλημμένης.
1623 3196 1733 3236 εὭστε
1762 3197 1822 3236 καὶ
1844 3197 1900 3236 ἐπὶ
1923 3200 1993 3236 τῶν
2017 3198 2165 3249 ἐχθρῶν,
2194 3196 2234 3235 ἂν
2257 3195 2384 3248 σὸέσῃς

1378 3320 1528 3361 δαψιλοῦς.

1421 3379 1433 3393 ¹¹
1459 3370 1527 3412 ch
1543 3374 1758 3413 ἐκπορεύεται..
