2516 3791
120 1780 209 1807 Joan.
227 1786 277 1806 11.

124 1829 264 1888 1.ῐ.ΤΙιεςς.
275 1860 305 1897 4.

124 1909 171 1929 12.

126 2271 152 2292 1.
183 2263 264 2292 Tim.
281 2261 311 2291 6.

130 2862 310 2893 Gen.3.16.

322 157 412 201 538
772 173 808 202 5.

320 262 359 290 ut
389 253 553 291 continua
583 253 627 290 sit
645 253 805 291 doctrina
833 263 866 291 et
884 253 1078 291 admonitio
1105 251 1270 287 liumanae

847 172 1029 203 JOANNIS
1066 168 1304 199 CHRYSOST.

1343 166 1532 196 ARCHIEP
1541 186 1549 194 .
1588 165 1924 197 CONSTANTINOP
1934 185 1942 193 .

1284 286 1331 311 290
1342 254 1438 292 λείαν
1470 255 1713 306 ἐπεισήγαγεν,
1740 255 1798 293 ἵνα
1826 254 1987 303 διηνεκὴς
2017 249 2039 307 ᾗ
2069 254 2276 298 διδάσκαλος
2308 256 2368 293 καὶ

321 323 471 363 naturae,
493 323 532 352 ut
552 314 731 365 fugiamus
759 313 967 351 servitutem
996 310 1147 363 peccati,
1170 317 1204 346 et
1226 307 1271 345 ad
1295 322 1321 350 Α
1342 313 1502 352 νουθεσία
1529 318 1580 366 τῷ
1609 317 1678 352 τῶν
1705 315 1895 367 ἀνθρώπων
1910 316 2022 365 γένει,
2037 314 2127 353 ὥστε
2150 315 2285 367 φεύγειν
2306 314 2367 366 μὲν

319 378 465 417 virtutis
478 378 678 416 libertatem
694 377 892 415 redeamus.
911 374 1019 423 Quod
1032 374 1127 411 enim
1147 385 1271 410 servus

322 447 356 476 et
375 438 542 476 dominus
563 437 648 474 hinc
668 437 888 483 continuam,
909 435 940 473 si
964 435 1092 480 velint,
1118 433 1272 470 babeant

322 498 527 544 utilitatem,
557 497 725 547 cogitent,
747 510 870 533 servus
888 495 1032 546 quidem
1050 494 1128 533 ideo
1147 494 1183 532 in
1200 507 1271 531 ser-

320 559 472 595 vitutem
486 572 522 594 56
537 556 732 604 redactum,
746 555 829 607 quia
851 556 963 594 Cham
988 556 1024 593 in
1040 564 1174 594 tantam
1190 568 1273 606 per-

320 626 464 655 venerat
487 616 744 654 temeritatem:
767 624 801 654 ct
819 615 986 654 dominus
1008 629 1148 666 quoque
1175 614 1273 665 cogi*

320 686 382 723 tet,
400 692 468 715 non
485 677 630 715 aliunde
648 677 902 730 subjectionem
924 686 957 715 et
978 678 1184 715 servitutem
1203 690 1272 714 606-

319 737 426 788 pisse,
460 752 568 788 quam
600 737 696 789 quod
728 738 787 775 ille
829 751 1032 789 perversam
1071 737 1274 775 exhibuerit

319 797 555 847 voluntatem,
572 808 605 837 et
635 813 655 836 a
680 798 759 850 pari
785 798 934 836 fratrum
965 798 1139 850 dignitate
1174 797 1272 836 exei-

319 856 425 897 derit.

375 984 410 1019 7.
431 982 568 1020 Verum
594 981 623 1018 si
645 980 755 1018 sobrii
775 994 897 1018 sumus
925 989 958 1018 et
977 979 1182 1031 prudentes,
1211 979 1272 1017 ni-

319 1042 372 1079 hil
388 1056 450 1080 nos
470 1042 647 1080 offendent
666 1042 742 1079 haec
762 1050 907 1093 propter
927 1050 1070 1093 peccata
1087 1049 1272 1093 parentum

321 1112 523 1141 nostrorum
538 1102 741 1140 introducta
753 1102 789 1139 in
808 1101 901 1139 hanc
919 1101 1048 1149 vitam,
1065 1115 1147 1139 cum
1161 1115 1216 1139 res
1236 1101 1271 1138 in

320 1163 524 1201 nominibus
537 1163 622 1201 solis
640 1171 813 1200 versetur.
833 1162 926 1209 Quia
946 1171 979 1200 et
995 1162 1133 1214 primus
1146 1176 1273 1214 parens

317 1233 463 1276 propter
488 1222 802 1275 transgressionem
830 1222 956 1260 mortis
974 1236 1113 1275 poenam
1140 1222 1273 1260 vitam—-

320 1299 387 1336 que
418 1285 454 1323 in
479 1285 661 1324 laboribus
685 1284 970 1336 moeroribusque
999 1283 1273 1322 consumendam

319 1348 456 1395 intulit,
482 1348 592 1386 ethic
619 1347 827 1385 servitutem
849 1361 999 1384 :verum
1023 1345 1274 1399 superveniens

319 1407 496 1445 Dominus
520 1407 684 1445 Christus
697 1407 775 1445 haec
797 1407 914 1445 omnia
941 1421 1015 1445 esse
1043 1406 1205 1459 permisit
1227 1405 1273 1443 ad

320 1468 463 1506 nomina
480 1482 592 1518 usquc
609 1477 760 1516 tantum,
782 1468 812 1506 si
834 1468 1010 1506 volumus.
1032 1469 1152 1518 Neque
1178 1467 1273 1505 enim

321 1541 431 1575 mors,
452 1542 548 1566 mors
568 1528 661 1566 ultra
685 1537 748 1576 est,
769 1528 831 1566 sed
852 1543 979 1567 nomen
1000 1538 1137 1567 tantum
1168 1529 1274 1567 habet

320 1588 458 1637 mortis,
473 1588 545 1626 imo
563 1598 596 1627 et
613 1589 732 1641 ipsum
751 1604 878 1627 nomen
899 1590 1080 1628 sublatum
1098 1599 1160 1628 est.
1181 1592 1274 1628 Nam

321 1663 434 1699 neque
452 1659 602 1687 mortem
634 1651 748 1701 ipsam
769 1651 862 1688 ultra
890 1650 1057 1699 dicimus,
1079 1651 1143 1689 sed
1171 1664 1273 1702 sopo-

321 1723 396 1746 rem
417 1719 450 1748 et
476 1724 653 1748 somnum.
681 1710 836 1749 Proinde
867 1719 901 1749 et
935 1711 1101 1749 Christus
1124 1711 1200 1763 ipse
1218 1710 1274 1748 di-

322 1770 422 1808 cebat
445 1786 452 1805 :
490 1772 665 1809 Lazarus
697 1774 846 1810 amicus
884 1780 1012 1810 noster
1037 1773 1179 1810 dormit
1197 1787 1204 1808 :
1242 1781 1276 1810 et

322 1832 456 1870 Paulus
471 1832 848 1871 Thessalonicensibus
859 1833 1033 1882 scribens,
1059 1833 1174 1884 inquit
1191 1849 1198 1869 :
1215 1835 1276 1871 De

323 1894 602 1932 dormientibus
623 1903 753 1932 autem
780 1895 870 1932 nolo
889 1908 960 1933 vos
976 1898 1170 1947 ignorare,
1188 1896 1277 1947 fra-

323 1962 410 1992 tres.
441 1953 489 1992 Et
514 1954 666 1992 servitus
693 1969 834 2006 quoque
859 1955 1025 1994 similiter
1048 1970 1174 1994 nomen
1190 1965 1242 1994 est
1265 1972 1272 1992 :

322 2013 383 2051 illc
401 2014 495 2052 enim
511 2024 562 2053 est
582 2029 717 2063 servus,
738 2016 801 2067 qui
816 2025 1001 2068 peccatum
1027 2026 1207 2069 operatur.
1230 2016 1277 2055 Et

324 2074 421 2123 quod
445 2075 549 2112 etiam
567 2076 659 2113 hanc
682 2076 870 2114 abstulerit
899 2077 1055 2115 adventu
1085 2091 1149 2115 suo
1171 2077 1277 2115 Chri-

325 2143 415 2182 stus,
427 2149 490 2173 nec
508 2135 575 2173 nisi
594 2150 721 2174 nomen
737 2151 810 2175 6556
831 2138 1046 2189 permiserit,
1068 2138 1140 2176 imo
1165 2147 1198 2176 et
1212 2152 1277 2176 vo-

326 2194 492 2232 cabulum
514 2195 632 2247 ipsum
648 2195 833 2244 deleverit,
854 2197 941 2235 audi
975 2198 1130 2235 Paulum
1157 2198 1276 2236 dicen-

328 2264 398 2293 tem
416 2271 424 2292 :
448 2257 522 2306 Qui
535 2265 665 2294 autem
673 2257 819 2308 fideles
836 2259 982 2295 habent
993 2259 1183 2304 dominos,
1201 2272 1278 2295 non

327 2325 579 2355 contemnant
591 2331 665 2365 eos,
679 2320 772 2369 quia
778 2319 924 2369 fratres
939 2327 1041 2358 sunt.
1065 2319 1178 2358 Vides
1193 2333 1278 2370 quo-

326 2375 432 2414 modo
446 2377 507 2414 ubi
527 2377 642 2415 virtus
665 2377 895 2426 subintravit,
913 2392 971 2417 eos
989 2379 1024 2417 in
1050 2379 1278 2417 fraternitatis

325 2451 451 2475 nomen
471 2439 711 2489 congregavit,
733 2439 794 2490 qui
811 2439 910 2491 prius
937 2439 1119 2478 servitutis
1138 2441 1278 2480 nomine

325 2506 424 2535 erant
437 2498 582 2536 obnoxii
598 2499 615 2536 Ξ)
632 2500 684 2536 Et
696 2501 781 2546 erit,
805 2499 934 2550 inquit,
957 2501 1151 2539 Chanaan
1163 2502 1278 2555 filius

325 2572 459 2596 servus
471 2560 666 2610 fratribus
681 2561 772 2598 suis.
793 2560 935 2598 Abusus
951 2574 999 2607 es,
1023 2561 1150 2612 inquit,
1166 2561 1276 2600 liono-

326 2633 377 2666 re,
393 2633 462 2657 11011
479 2620 566 2657 bene
583 2628 617 2658 te
631 2620 782 2672 gessisti,
800 2635 881 2659 cum
898 2635 963 2673 par
975 2635 1066 2660 esses
1080 2621 1274 2674 dignitate;

326 2689 510 2732 propterea
526 2680 742 2733 subjectione
762 2681 943 2720 emendari
962 2692 996 2721 te
1010 2683 1100 2721 volo.
1123 2683 1199 2721 Hoc
1231 2683 1278 2721 ab

325 2741 426 2778 initio
437 2752 470 2778 61
483 2741 625 2779 mulieri
642 2742 804 2794 contigit,
822 2743 1000 2789 Quoniam
1019 2743 1112 2781 enim
1130 2757 1195 2796 par
1204 2752 1278 2781 erat

325 2800 404 2839 viro
434 2801 620 2852 dignitate,
653 2811 686 2840 et
712 2803 844 2842 honore
869 2803 982 2843 abusa
1002 2813 1067 2853 est,
1092 2813 1277 2856 propterea

326 2858 444 2896 ablata
465 2868 515 2896 est
535 2859 580 2897 ab
601 2860 661 2898 illa
681 2870 850 2912 potestas,
875 2872 911 2900 et
941 2862 1104 2901 audivit:
1121 2863 1192 2900 Ad
1216 2865 1276 2900 vi-

325 2933 411 2956 rum
429 2927 535 2956 tuum
546 2924 745 2959 conversio
766 2931 851 2968 tua;
872 2932 908 2961 et
927 2926 1006 2975 ipse
1025 2926 1081 2961 tui
1101 2925 1276 2962 domina-

329 2980 442 3016 bitur.
464 2980 556 3025 Quia
577 2981 769 3031 nescivisti,
787 2982 914 3034 inquit,
936 2984 1087 3037 imperio
1103 2993 1194 3022 recte
1210 2984 1276 3029 uti,

325 3038 422 3077 disce
449 3040 566 3091 potius
594 3051 685 3079 recte
706 3042 854 3095 imperio
875 3044 1018 3095 subjici,
1039 3059 1148 3096 quam
1186 3045 1276 3083 male

327 3099 516 3152 imperare.
540 3102 691 3140 Proinde
704 3104 809 3142 etiam
822 3104 882 3142 1116
894 3119 986 3143 1111116
1000 3105 1045 3143 ad
1059 3105 1274 3144 emendatio-

326 3174 405 3198 nem
433 3175 569 3213 poenam
602 3164 742 3215 accipit,
762 3174 794 3202 et
816 3179 876 3217 per
896 3165 1012 3204 silium
1036 3167 1112 3220 ipse
1134 3167 1275 3206 crucia-

324 3231 383 3259 tur
403 3236 409 3255 :
429 3231 467 3259 ut
497 3222 623 3273 discas,
651 3225 714 3262 etsi
737 3239 842 3265 senex
869 3236 952 3265 tunc
976 3238 1078 3279 esset,
1102 3237 1271 3277 attamen,

368 3338 380 3352 ²
398 3330 449 3360 Ita
465 3329 578 3362 Codex
597 3343 678 3364 unus
693 3332 780 3376 apud
799 3334 957 3368 Saviliuiu
994 3336 1082 3370 Editi
1100 3337 1183 3371 male
1199 3341 1285 3371 οὕτω.

1343 378 1406 421 τῆς
1433 375 1607 428 ἁμαρτίας
1630 375 1693 422 τὴν
1720 377 1889 421 δουλείαν,
1909 377 1994 430 πρὸς
2024 375 2060 414 δὲ
2090 375 2154 421 τὴν
2175 375 2368 426 ἐλευθερίαν

1343 438 1406 482 τῆς
1421 437 1546 487 ἀρετῆς
1561 435 1753 474 ἐπανιέναι.
1769 436 1853 475 (Ότι
1871 437 1939 488 γὰρ
1958 440 1975 474 6
1994 437 2112 479 δοῦλος
2130 435 2189 474 καὶ
2207 439 2225 474 6
2245 436 2369 474 δεσπό·

1343 511 1405 542 της
1434 496 1575 541 διηνεκῆ
1605 495 1723 547 ἔχουσι
1750 495 1813 542 τὴν
1845 497 1999 534 ἐντεῦθεν
2030 496 2252 548 ἐγγινομένην
2281 495 2370 548 ὠφέ-

1344 557 1454 602 λειαν,
1477 558 1506 594 εἷ
1537 556 1730 607 βούλοιντο,
1748 556 1986 604 ἐννοείτωσαν,
2007 560 2024 594 ὃ
2057 557 2119 607 μὲν
2155 558 2293 604 δοῦλος,
2316 557 2369 594 ὅτι

1347 617 1403 656 διὰ
1425 621 1526 655 τοῦτο
1545 619 1663 669 εἴληφε
1683 616 1744 664 τὴν
1767 617 1936 665 δουλείαν,
1959 617 2078 664 ἐπειδὴ
2099 620 2117 655 6
2138 619 2224 667 Χὰμ
2242 619 2289 660 εἷς
2308 633 2368 656 το-

1345 678 1478 724 σαύτην
1502 678 1712 731 προπέτειαν
1742 677 1912 722 ἐξώκειλε·
1940 670 2000 715 καὶ
2030 681 2047 715 6
2071 677 2239 724 δεσπότης
2263 677 2370 715 πάλιν

1344 740 1531 791 λογιζέσθω
1543 771 1552 782 ,
1572 739 1625 777 ὅτι
1645 740 1710 791 οὐχ
1728 738 1892 791 ἑτέρωθεν
1912 742 1934 785 ἢ
1952 737 2110 790 ὃποταγὴ
2133 737 2249 790 γέγονε
2270 738 2329 776 καὶ
2347 741 2368 784 ἧ

1346 800 1504 848 δουλεία,
1520 801 1594 838 ἀλλ’
1615 799 1638 845 ἢ
1661 800 1729 837 ἀπὸ
1747 805 1807 838 τοῦ
1836 798 2015 851 μοχθηρὰν
2046 800 2174 837 ἐκεῖνον
2200 798 2371 843 ἐπιδείξα-

1346 863 1425 898 σθαι
1448 859 1604 911 γνώμην,
1621 859 1679 898 καὶ
1698 863 1760 906 τῆς
1785 859 1958 910 ἰσοτιμίας
1984 862 2054 897 τῶν
2084 860 2240 911 ἀδελφῶν
2267 860 2370 898 ἐκπε-

1346 926 1430 958 σεῖν.

1398 981 1497 1018 Ἀλλ’
1519 980 1577 1019 ἐὰν
1599 980 1775 1033 νήφωμεν,
1790 986 1901 1019 ταῦτα
1923 980 1967 1018 τὰ
1989 981 2046 1018 διὰ
2067 980 2110 1018 τὰ
2131 981 2371 1033 ἁμαρτήματα

1344 1043 1413 1078 τῶν
1441 1040 1618 1094 προγόνων
1649 1045 1718 1079 τῶν
1750 1041 1931 1093 ἡμετέρων
1965 1041 2200 1093 εἷσενεχθέντα
2230 1044 2276 1086 εἷς
2312 1043 2371 1080 τὸν

1347 1101 1421 1152 βίον
1439 1101 1535 1139 οὐδὲν
1555 1106 1649 1152 ἡμᾶς
1667 1101 1891 1152 λυμήνασθαι
1911 1101 2071 1149 δύναται,
2089 1101 2194 1154 μέχρι
2209 1105 2278 1141 τῶν
2300 1104 2373 1141 ὄνο-

1346 1161 1465 1211 μάτων
1493 1161 1595 1212 μόνον
1627 1162 1813 1212 ἱστάμενα.
1838 1161 1941 1200 Ἐπεὶ
1971 1162 2030 1199 καὶ
2053 1164 2071 1198 ὃ
2098 1161 2372 1213 πρωτόπλαστος

1344 1222 1400 1260 διὰ
1425 1222 1489 1269 τὴν
1519 1222 1720 1274 παράὸασιν
1747 1226 1806 1261 τοῦ
1837 1222 1984 1260 θανάτου
2012 1222 2051 1260 τὸ
2076 1222 2251 1273 ἐπιτίμιον
2277 1223 2372 1270 εἰσή-

1345 1298 1451 1334 γαγε,
1471 1282 1530 1320 καὶ
1550 1283 1590 1321 τὸ
1608 1285 1643 1321 ἐν
1666 1283 1794 1326 λύπαις
1818 1283 1879 1321 καὶ
1902 1282 2044 1334 μόχθοις
2067 1282 2130 1330 τὴν
2155 1282 2245 1329 ζωὴν
2270 1298 2374 1321 κατα-

1347 1344 1584 1381 δαπανᾶσθαι·
1614 1343 1674 1381 καὶ
1694 1348 1708 1364 ³
1725 1338 1822 1386 οὗτος
1851 1343 1915 1390 τὴν
1946 1343 2121 1381 δουλείαν·
2139 1343 2230 1382 ἀλλὰ
2257 1359 2372 1396 παρα-

1345 1404 1528 1455 γενόμενος
1553 1407 1571 1442 ὁ
1597 1404 1778 1452 Δεσπότης
1808 1404 1959 1456 Χριστὸς
1983 1407 2093 1442 ταῦτα
2122 1404 2238 1442 πάντα
2267 1404 2372 1458 μέχρι

1345 1468 1413 1503 τῶν
1433 1465 1611 1516 ὀνομάτων
1629 1467 1741 1503 αὐτῶν
1760 1468 1890 1518 ἀφῆκεν
1913 1459 2001 1503 εἶναι
2020 1465 2134 1515 μόνον,
2154 1464 2220 1503 ἐὰνΔ
2237 1464 2373 1516 βουλώ-

1346 1530 1450 1577 μεθα.
1469 1526 1563 1565 Οὔτε
1583 1526 1650 1578 γὰρ
1670 1530 1687 1565 6
1707 1527 1852 1570 θάνατος
1877 1526 2023 1569 θάνατός
2044 1528 2119 1564 ἐστι
2137 1525 2373 1573 λοιπὸν,ἀλλὰ

1345 1587 1454 1638 ὄνομα
1486 1587 1588 1637 μόνον
1616 1586 1690 1639 ἔχει
1719 1586 1886 1625 θανάτου·
1910 1588 2041 1637 μᾶλλον
2071 1586 2107 1624 δὲ
2133 1586 2191 1624 καὶ
2221 1586 2305 1624 αὐτὸ
2334 1587 2374 1625 τὸ

1345 1648 1455 1699 ὄνομα
1473 1648 1642 1700 ἀφῃρέθη.
1662 1647 1792 1686 Οὐκέτι
1806 1648 1873 1699 γὰρ
1893 1647 1969 1686 οὐδὲ
1986 1648 2130 1686 θάνατον
2147 1648 2248 1686 αὐτὸν
2268 1662 2374 1698 προσ-

1345 1709 1575 1762 αγορεύομεν,
1597 1708 1688 1746 ἀλλὰ
1707 1708 1870 1759 κοίμησιν
1892 1709 1951 1746 καὶ
1970 1708 2089 1747 ὕπνον.
2110 1709 2173 1746 Διὸ
2195 1709 2255 1746 καὶ
2275 1708 2374 1752 αὐτὸς

1347 1774 1365 1808 ὃ
1393 1771 1543 1823 Χριστὸς
1562 1769 1677 1821 ἔλεγε,
1694 1771 1852 1822 Λάζαρος
1873 1774 1890 1808 6
1911 1770 2008 1822 φίλος
2025 1773 2126 1821 ἡμῶν
2147 1770 2373 1820 κεκοίμηται·

1349 1832 1409 1870 καὶ
1435 1834 1453 1869 6
1484 1833 1625 1874 Παῦλος
1649 1831 1790 1883 γράφων
1823 1832 2140 1878 Θεσσαλονικεῧσι,
2157 1829 2242 1882 φησί
2260 1846 2267 1853 ·
2285 1830 2374 1883 Περὶ

1349 1893 1384 1931 δὲ
1404 1896 1472 1931 τῶν
1489 1893 1752 1943 κεκοιμημένων
1773 1894 1810 1930 οὗ
1831 1893 1920 1930 θέλω
1939 1895 2030 1942 ὑμᾶς
2047 1894 2198 1944 ἀγνοεῖν,
2221 1891 2375 1944 ἀδελφοί.

1347 1954 1417 1993 Καὶ
1434 1957 1455 2000 ἡ
1477 1953 1614 1992 δουλεία
1632 1953 1738 1992 πάλιν
1759 1953 1887 2004 ὁμοίως
1905 1953 2014 2004 ὄνομά
2029 1954 2123 1991 ἐστιν
2136 1968 2144 1975 ·
2162 1956 2287 1995 ἐκεῖνος
2307 1952 2375 2004 γάρ

1348 2017 1421 2053 ἐστι
1439 2017 1556 2059 δοῦλος
1577 2018 1594 2052 6
1613 2014 1674 2061 τὴν
1695 2014 1869 2067 ἁμαρτίαν
1894 2013 2132 2065 ἐργαζόμενος.
2153 2013 2223 2052 Καὶ
2243 2012 2295 2051 ὅτι
2315 2013 2375 2051 καὶ

1348 2076 1475 2123 ταύτην
1499 2075 1625 2119 ἐξεῖλεν
1649 2078 1667 2112 6
1687 2074 1838 2128 Χριστὸς
1853 2074 2152 2125 παραγενόμενος,
2173 2073 2232 2111 καὶ
2253 2072 2376 2126 μέχρις

1349 2137 1516 2187 ὀνόματος
1545 2135 1652 2182 αὐτὴν
1689 2137 1820 2187 ἀφῆκεν
1849 2129 1956 2182 εἶναι,
1986 2137 2117 2184 μᾶλλον
2147 2134 2184 2172 δὲ
2220 2134 2281 2172 καὶ
2312 2133 2374 2181 τὴν

1348 2196 1583 2250 προσηγορίαν
1610 2195 1716 2243 αὐτὴν
1736 2195 1926 2247 ἐξήλειψεν,
1946 2195 2048 2234 ἄκουε
2072 2199 2130 2233 τοῦ
2152 2195 2294 2233 Παύλου
2316 2195 2376 2233 λέ-

1349 2272 1486 2309 γοντος·
1504 2259 1551 2295 Οἱ
1580 2256 1615 2294 δὲ
1647 2256 1790 2300 πιστοὺς
1819 2255 1955 2308 ἔχοντες
1988 2255 2159 2298 δεσπότας
2187 2255 2236 2307 μὴ
2264 2271 2375 2293 κατα-

1350 2319 1596 2371 φρονείτωσαν,
1615 2318 1669 2356 ὅτι
1698 2318 1837 2369 ἀδελφοί
1870 2319 1967 2355 εἶσιν.
1984 2317 2093 2371 Ὁρᾷς
2118 2320 2191 2361 πῶς
2217 2317 2376 2356 ἐπεισελ-

1350 2383 1456 2418 θοῦσα
1481 2383 1502 2426 ἡ
1529 2379 1658 2428 ἀρετὴ,
1677 2380 1725 2422 εἷς
1745 2377 1806 2425 τὴν
1826 2380 1889 2423 τῆς
1915 2378 2146 2430 ἀδελφότητος
2175 2377 2376 2429 συγγένειαν

1349 2440 1459 2491 ἤγαγε
1484 2438 1562 2481 τοὺς
1585 2438 1752 2491 πρότερον
1771 2441 1820 2490 τῷ
1847 2437 1992 2489 ὀνόματι
2012 2442 2075 2485 τῆς
2095 2438 2249 2482 δουλείας
2264 2440 2375 2476 ὑπευ-

1350 2500 1466 2544 θύνους
1487 2500 1599 2543 ὄντας.
1619 2500 1688 2538 Καὶ
1707 2500 1823 2545 ἔσται,
1841 2499 1944 2551 φησὶ,
1962 2499 2106 2538 Χαναὰν
2121 2505 2220 2546 παῖς,
2241 2498 2376 2544 οἰκέτης

1349 2567 1419 2604 τοῖς
1445 2561 1604 2612 ἀδελφοῖς
1635 2561 1749 2598 αὐτοῦ.
1771 2562 1847 2598 Οὐκ
1868 2560 2026 2612 ἐχρήσω,
2045 2560 2148 2612 φησὶ,
2168 2562 2214 2604 εἷς
2234 2560 2307 2598 δέον
2330 2562 2373 2611 τῇ

1350 2624 1453 2672 τιμῇ,
1472 2620 1548 2659 οὐδὲ
1568 2621 1716 2671 ἤνεγκας
1735 2620 1797 2668 τὴν
1823 2620 2013 2674 εὐπραγίαν
2037 2620 2100 2667 τὴν
2121 2621 2190 2659 ἀπὸ
2214 2623 2275 2666 τῆς
2300 2623 2375 2660 ἶσο-

1349 2682 1484 2733 τιμίας·
1504 2682 1560 2719 διὰ
1580 2686 1679 2720 τοῦτο
1701 2685 1743 2733 τῇ
1764 2685 1922 2733 ὓποταγῇ
1943 2681 2220 2734 σωφρονισθῆναί
2237 2697 2277 2720 σε
2298 2682 2375 2733 βού-

1348 2745 1468 2792 λομαι.
1487 2744 1602 2781 Τοῦτο
1621 2742 1679 2780 καὶ
1699 2742 1734 2785 ἐξ
1753 2744 1865 2795 ἀρχῆς
1887 2742 1945 2780 ἐπὶ
1966 2745 2028 2789 τῆς
2045 2741 2205 2792 γυναικὸς
2223 2742 2372 2794 γέγονεν.

1349 2802 1496 2849 Ἐπειδὴ
1521 2803 1588 2854 γὰρ
1610 2802 1777 2854 ὁμότιμος
1802 2806 1852 2855 τῷ
1869 2803 1974 2856 ’ἀνδρὶ
1997 2802 2164 2854 γενομένη
2178 2833 2187 2851 ,
2205 2805 2242 2842 οὗ
2260 2806 2375 2848 καλῶς

1349 2865 1524 2918 ἐχρήσατο
1546 2867 1588 2914 τῇ
1622 2864 1784 2915 δεδομένῃ
1812 2865 1990 2915 τιμῇ,διὰ
2015 2867 2118 2902 τοῦτο
2137 2864 2292 2918 ἀφῃρέθη
2311 2866 2374 2913 τὴν

1348 2924 1522 2972 ἐξουσίαν,
1552 2924 1611 2961 καὶ
1643 2924 1771 2970 ἤκουσε
1791 2940 1797 2947 ·
1815 2926 1909 2976 Πρὸς
1931 2924 1988 2962 τὸν
2012 2924 2119 2977 ἄνδρα
2148 2941 2208 2964 σου
2234 2929 2256 2971 ἡ
2289 2927 2376 2964 ἀπο-

1347 2985 1478 3038 στροφή
1512 3001 1591 3031 σου,
1612 2984 1670 3021 καὶ
1702 2984 1801 3028 αὐτός
1827 3000 1887 3023 σου
1921 2985 2106 3037 κυριεύσει.
2137 2985 2282 3032 Ἐπειδὴ
2311 2987 2373 3024 οὐκ

1347 3041 1464 3091 οἶσθα,
1487 3046 1590 3098 φησὶ,
1611 3047 1725 3088 καλῶς
1746 3048 1941 3097 κεχρῆσθαι
1956 3049 1999 3097 τῇ
2020 3048 2130 3099 ἀρχῇ,
2153 3047 2240 3097 μάθε
2259 3049 2374 3091 καλῶς

1299 3122 1322 3152 Ε
1348 3107 1533 3159 ἄρχεσθαι,
1554 3105 1575 3152 ἢ
1595 3107 1710 3148 κακῶς
1736 3106 1866 3158 ἄρχειν.
1888 3106 1957 3144 Ami
1984 3123 2036 3144 τοι
2057 3111 2158 3145 τοῦτο
2187 3107 2246 3145 καὶ
2276 3101 2372 3150 οὗτος

1347 3171 1407 3204 νῦν
1435 3172 1677 3220 σωφρονισμοῦ
1707 3166 1821 3205 ἕνεκεν
1854 3167 1994 3218 δέχεται
2023 3169 2063 3206 τὸ
2097 3168 2290 3219 ἐπιτίμιον,
2313 3169 2371 3206 καὶ

1349 3227 1404 3266 διὰ
1434 3231 1491 3266 τοῦ
1512 3228 1632 3272 παιδὸς
1654 3228 1753 3271 αὐτὸς
1774 3227 1837 3275 τὴν
1855 3227 1996 3266 κόλασιν
2018 3228 2201 3279 ὑπομένει,
2217 3228 2272 3267 ἵνα
2297 3230 2370 3279 μά-
