<?xml version="1.0" encoding="UTF-8"?>
<!DOCTYPE html PUBLIC "-//W3C//DTD XHTML 1.0 Transitional//EN"
    "http://www.w3.org/TR/xhtml1/DTD/xhtml1-transitional.dtd">
<html xmlns="http://www.w3.org/1999/xhtml" xml:lang="en" lang="en">
 <head>
  <title>
</title>
<meta http-equiv="Content-Type" content="text/html;charset=utf-8" />
  <meta name='ocr-system' content='tesseract 3.04.00' />
  <meta name='ocr-capabilities' content='ocr_page ocr_carea ocr_par ocr_line ocrx_word'/>
</head>
<body>
  <div class='ocr_page' id='page_1' title='image "./operaomniaquaeex04johnuoft/operaomniaquaeex04johnuoft_0482.png"; bbox 0 0 2516 3791; ppageno 0'>
   <div class='ocr_carea' id='block_1_1' title="bbox 109 227 268 266">
    <p class='ocr_par' dir='ltr' id='par_1_1' title="bbox 109 227 268 266">
     <span class='ocr_line' id='line_1_1' title="bbox 109 227 268 266; baseline 0.013 -11"><span class='ocrx_word' id='word_1_1' title='bbox 109 230 182 256; x_wconf 81' lang='lat' dir='ltr'><strong>Gen.</strong></span> <span class='ocrx_word' id='word_1_2' title='bbox 194 227 222 256; x_wconf 75' lang='grc'>6.</span> <span class='ocrx_word' id='word_1_3' title='bbox 237 236 268 266; x_wconf 83' lang='lat'>9.</span> 
     </span>
    </p>
   </div>
   <div class='ocr_carea' id='block_1_2' title="bbox 107 523 286 562">
    <p class='ocr_par' dir='ltr' id='par_1_2' title="bbox 107 523 286 562">
     <span class='ocr_line' id='line_1_2' title="bbox 107 523 286 562; baseline 0.011 -13"><span class='ocrx_word' id='word_1_4' title='bbox 107 523 219 553; x_wconf 29' lang='lat' dir='ltr'><strong>Gen45.</strong></span> <span class='ocrx_word' id='word_1_5' title='bbox 236 532 286 562; x_wconf 80' lang='lat'>29.</span> 
     </span>
    </p>
   </div>
   <div class='ocr_carea' id='block_1_3' title="bbox 132 836 286 872">
    <p class='ocr_par' dir='ltr' id='par_1_3' title="bbox 132 836 286 872">
     <span class='ocr_line' id='line_1_3' title="bbox 132 836 286 872; baseline 0.006 -10"><span class='ocrx_word' id='word_1_6' title='bbox 132 836 192 863; x_wconf 65' lang='lat' dir='ltr'>Noe</span> <span class='ocrx_word' id='word_1_7' title='bbox 205 838 286 872; x_wconf 75' lang='lat' dir='ltr'><strong>quie-</strong></span> 
     </span>
    </p>
   </div>
   <div class='ocr_carea' id='block_1_4' title="bbox 101 884 262 906">
    <p class='ocr_par' dir='ltr' id='par_1_4' title="bbox 101 884 262 906">
     <span class='ocr_line' id='line_1_4' title="bbox 101 884 262 906; baseline 0.019 -3"><span class='ocrx_word' id='word_1_8' title='bbox 101 886 155 904; x_wconf 64' lang='lat'>11:1³⁸.</span> <span class='ocrx_word' id='word_1_9' title='bbox 172 884 262 906; x_wconf 63' lang='lat' dir='ltr'><strong>Sonat.</strong></span> 
     </span>
    </p>
   </div>
   <div class='ocr_carea' id='block_1_5' title="bbox 92 1630 275 1658">
    <p class='ocr_par' dir='ltr' id='par_1_5' title="bbox 92 1630 275 1658">
     <span class='ocr_line' id='line_1_5' title="bbox 92 1630 275 1658; baseline 0.005 -1"><span class='ocrx_word' id='word_1_10' title='bbox 92 1631 157 1657; x_wconf 57' lang='lat' dir='ltr'>Jnsu</span> <span class='ocrx_word' id='word_1_11' title='bbox 181 1631 209 1658; x_wconf 61' lang='lat'>3,</span> <span class='ocrx_word' id='word_1_12' title='bbox 228 1630 275 1658; x_wconf 80' lang='lat'>23.</span> 
     </span>
    </p>
   </div>
   <div class='ocr_carea' id='block_1_6' title="bbox 91 1670 254 1706">
    <p class='ocr_par' dir='ltr' id='par_1_6' title="bbox 91 1670 254 1706">
     <span class='ocr_line' id='line_1_6' title="bbox 91 1670 254 1706; baseline 0.012 -8"><span class='ocrx_word' id='word_1_13' title='bbox 91 1670 165 1706; x_wconf 46' lang='lat' dir='ltr'>⁴{pud</span> <span class='ocrx_word' id='word_1_14' title='bbox 188 1680 254 1701; x_wconf 64' lang='lat' dir='ltr'>mx.</span> 
     </span>
    </p>
   </div>
   <div class='ocr_carea' id='block_1_7' title="bbox 307 121 776 180">
    <p class='ocr_par' dir='ltr' id='par_1_7' title="bbox 307 121 776 180">
     <span class='ocr_line' id='line_1_7' title="bbox 307 121 776 180; baseline 0.004 -14"><span class='ocrx_word' id='word_1_15' title='bbox 307 121 368 180; x_wconf 63' lang='lat'>46</span> <span class='ocrx_word' id='word_1_16' title='bbox 375 140 398 165; x_wconf 66' lang='lat' dir='ltr'><strong>a</strong></span> <span class='ocrx_word' id='word_1_17' title='bbox 737 138 758 168; x_wconf 84' lang='lat' dir='ltr'>S</span> <span class='ocrx_word' id='word_1_18' title='bbox 767 157 776 167; x_wconf 87' lang='lat'>.</span> 
     </span>
    </p>
   </div>
   <div class='ocr_carea' id='block_1_8' title="bbox 302 216 1254 510">
    <p class='ocr_par' dir='ltr' id='par_1_8' title="bbox 302 216 1254 510">
     <span class='ocr_line' id='line_1_8' title="bbox 305 216 1253 268; baseline -0.006 -12"><span class='ocrx_word' id='word_1_19' title='bbox 305 233 383 256; x_wconf 83' lang='lat' dir='ltr'>ram</span> <span class='ocrx_word' id='word_1_20' title='bbox 398 217 587 268; x_wconf 84' lang='lat' dir='ltr'><strong>dicentem,</strong></span> <span class='ocrx_word' id='word_1_21' title='bbox 603 219 677 258; x_wconf 76' lang='lat' dir='ltr'>Noe</span> <span class='ocrx_word' id='word_1_22' title='bbox 693 219 808 257; x_wconf 88' lang='lat' dir='ltr'><strong>solum</strong></span> <span class='ocrx_word' id='word_1_23' title='bbox 822 220 1004 257; x_wconf 74' lang='lat' dir='ltr'><strong>inventum</strong></span> <span class='ocrx_word' id='word_1_24' title='bbox 1018 230 1091 254; x_wconf 87' lang='lat' dir='ltr'><strong>esse</strong></span> <span class='ocrx_word' id='word_1_25' title='bbox 1101 216 1253 267; x_wconf 83' lang='lat' dir='ltr'><strong>justum,</strong></span> 
     </span>
     <span class='ocr_line' id='line_1_9' title="bbox 305 274 1254 332; baseline -0.007 -15"><span class='ocrx_word' id='word_1_26' title='bbox 305 281 501 332; x_wconf 84' lang='lat' dir='ltr'><strong>perfectum</strong></span> <span class='ocrx_word' id='word_1_27' title='bbox 518 280 555 318; x_wconf 92' lang='lat' dir='ltr'>in</span> <span class='ocrx_word' id='word_1_28' title='bbox 578 280 800 332; x_wconf 73' lang='lat' dir='ltr'>generatione</span> <span class='ocrx_word' id='word_1_29' title='bbox 819 293 892 316; x_wconf 88' lang='lat' dir='ltr'><strong>sua.</strong></span> <span class='ocrx_word' id='word_1_30' title='bbox 919 279 999 315; x_wconf 83' lang='lat' dir='ltr'><strong>Non</strong></span> <span class='ocrx_word' id='word_1_31' title='bbox 1021 285 1142 313; x_wconf 82' lang='lat' dir='ltr'><strong>autem</strong></span> <span class='ocrx_word' id='word_1_32' title='bbox 1162 274 1254 311; x_wconf 86' lang='lat' dir='ltr'><strong>obti-</strong></span> 
     </span>
     <span class='ocr_line' id='line_1_10' title="bbox 304 334 1253 392; baseline -0.008 -14"><span class='ocrx_word' id='word_1_33' title='bbox 304 340 432 378; x_wconf 87' lang='lat' dir='ltr'><strong>cuisset</strong></span> <span class='ocrx_word' id='word_1_34' title='bbox 457 340 653 392; x_wconf 75' lang='lat' dir='ltr'>Scriptura,</span> <span class='ocrx_word' id='word_1_35' title='bbox 674 352 786 389; x_wconf 88' lang='lat' dir='ltr'><strong>neque</strong></span> <span class='ocrx_word' id='word_1_36' title='bbox 804 337 964 385; x_wconf 77' lang='lat' dir='ltr'>dixisset,</span> <span class='ocrx_word' id='word_1_37' title='bbox 987 337 1061 373; x_wconf 72' lang='lat' dir='ltr'>Noe</span> <span class='ocrx_word' id='word_1_38' title='bbox 1082 334 1178 372; x_wconf 87' lang='lat' dir='ltr'><strong>solus</strong></span> <span class='ocrx_word' id='word_1_39' title='bbox 1192 334 1253 385; x_wconf 85' lang='lat' dir='ltr'><strong>ju-</strong></span> 
     </span>
     <span class='ocr_line' id='line_1_11' title="bbox 303 394 1250 451; baseline -0.008 -11"><span class='ocrx_word' id='word_1_40' title='bbox 303 410 378 440; x_wconf 87' lang='lat' dir='ltr'><strong>stus</strong></span> <span class='ocrx_word' id='word_1_41' title='bbox 394 410 481 451; x_wconf 85' lang='lat' dir='ltr'><strong>erat,</strong></span> <span class='ocrx_word' id='word_1_42' title='bbox 500 401 575 439; x_wconf 86' lang='lat' dir='ltr'><strong>siet</strong></span> <span class='ocrx_word' id='word_1_43' title='bbox 595 400 747 437; x_wconf 81' lang='lat' dir='ltr'>Lamech</span> <span class='ocrx_word' id='word_1_44' title='bbox 767 407 864 450; x_wconf 86' lang='lat' dir='ltr'><strong>pater</strong></span> <span class='ocrx_word' id='word_1_45' title='bbox 886 397 961 448; x_wconf 81' lang='lat' dir='ltr'><strong>ejus</strong></span> <span class='ocrx_word' id='word_1_46' title='bbox 979 396 1148 434; x_wconf 81' lang='lat' dir='ltr'><strong>virtutem</strong></span> <span class='ocrx_word' id='word_1_47' title='bbox 1161 394 1250 447; x_wconf 84' lang='lat' dir='ltr'><strong>justi</strong></span> 
     </span>
     <span class='ocr_line' id='line_1_12' title="bbox 302 457 1248 510; baseline -0.006 -11"><span class='ocrx_word' id='word_1_48' title='bbox 302 462 423 499; x_wconf 85' lang='lat' dir='ltr'><strong>fuisset</strong></span> <span class='ocrx_word' id='word_1_49' title='bbox 433 458 844 510; x_wconf 81' lang='lat' dir='ltr'><strong>imitatustpositurus</strong></span> <span class='ocrx_word' id='word_1_50' title='bbox 855 457 972 508; x_wconf 83' lang='lat' dir='ltr'><strong>itaque</strong></span> <span class='ocrx_word' id='word_1_51' title='bbox 984 470 1095 510; x_wconf 86' lang='lat' dir='ltr'><strong>puero</strong></span> <span class='ocrx_word' id='word_1_52' title='bbox 1110 469 1248 504; x_wconf 88' lang='lat' dir='ltr'><strong>nomen,</strong></span> 
     </span>
    </p>
   </div>
   <div class='ocr_carea' id='block_1_9' title="bbox 302 519 1250 573">
    <p class='ocr_par' dir='ltr' id='par_1_9' title="bbox 302 519 1250 573">
     <span class='ocr_line' id='line_1_13' title="bbox 302 519 1250 573; baseline -0.004 -14"><span class='ocrx_word' id='word_1_53' title='bbox 302 523 443 573; x_wconf 88' lang='lat' dir='ltr'><strong>inquit:</strong></span> <span class='ocrx_word' id='word_1_54' title='bbox 471 523 526 559; x_wconf 83' lang='lat' dir='ltr'>Et</span> <span class='ocrx_word' id='word_1_55' title='bbox 543 521 752 558; x_wconf 79' lang='lat' dir='ltr'><strong>vocabitur</strong></span> <span class='ocrx_word' id='word_1_56' title='bbox 771 532 910 556; x_wconf 85' lang='lat' dir='ltr'><strong>nomen</strong></span> <span class='ocrx_word' id='word_1_57' title='bbox 937 520 1020 570; x_wconf 81' lang='lat' dir='ltr'><strong>ejus</strong></span> <span class='ocrx_word' id='word_1_58' title='bbox 1044 519 1156 562; x_wconf 79' lang='lat' dir='ltr'><strong>N0e&#39;;</strong></span> <span class='ocrx_word' id='word_1_59' title='bbox 1187 519 1250 555; x_wconf 79' lang='lat' dir='ltr'>hic</span> 
     </span>
    </p>
   </div>
   <div class='ocr_carea' id='block_1_10' title="bbox 289 581 1250 633">
    <p class='ocr_par' dir='ltr' id='par_1_10' title="bbox 289 581 1250 633">
     <span class='ocr_line' id='line_1_14' title="bbox 289 581 1250 633; baseline -0.003 -14"><span class='ocrx_word' id='word_1_60' title='bbox 289 584 420 633; x_wconf 80' lang='lat' dir='ltr'><strong>faciet</strong></span> <span class='ocrx_word' id='word_1_61' title='bbox 442 594 509 618; x_wconf 84' lang='lat' dir='ltr'><strong>nos</strong></span> <span class='ocrx_word' id='word_1_62' title='bbox 524 582 717 631; x_wconf 81' lang='lat' dir='ltr'><em>quiescere</em></span> <span class='ocrx_word' id='word_1_63' title='bbox 735 581 784 616; x_wconf 88' lang='lat' dir='ltr'><strong>ab</strong></span> <span class='ocrx_word' id='word_1_64' title='bbox 807 581 984 631; x_wconf 83' lang='lat' dir='ltr'><strong>operibus</strong></span> <span class='ocrx_word' id='word_1_65' title='bbox 1001 581 1154 627; x_wconf 82' lang='lat' dir='ltr'><strong>nostris,</strong></span> <span class='ocrx_word' id='word_1_66' title='bbox 1171 587 1209 616; x_wconf 84' lang='lat' dir='ltr'>et</span> <span class='ocrx_word' id='word_1_67' title='bbox 1225 592 1250 616; x_wconf 85' lang='grc' dir='ltr'>α</span> 
     </span>
    </p>
   </div>
   <div class='ocr_carea' id='block_1_11' title="bbox 290 643 1249 2523">
    <p class='ocr_par' dir='ltr' id='par_1_11' title="bbox 290 643 1249 2523">
     <span class='ocr_line' id='line_1_15' title="bbox 302 643 1247 692; baseline -0.002 -13"><span class='ocrx_word' id='word_1_68' title='bbox 302 643 486 680; x_wconf 80' lang='lat' dir='ltr'><strong>molestiis</strong></span> <span class='ocrx_word' id='word_1_69' title='bbox 497 655 681 679; x_wconf 83' lang='lat' dir='ltr'><strong>manuum</strong></span> <span class='ocrx_word' id='word_1_70' title='bbox 692 648 962 688; x_wconf 81' lang='lat' dir='ltr'><strong>nostrarum,et</strong></span> <span class='ocrx_word' id='word_1_71' title='bbox 971 655 995 678; x_wconf 83' lang='lat' dir='ltr'><strong>a</strong></span> <span class='ocrx_word' id='word_1_72' title='bbox 1010 649 1247 692; x_wconf 84' lang='lat' dir='ltr'><strong>terra,quam</strong></span> 
     </span>
     <span class='ocr_line' id='line_1_16' title="bbox 302 700 1247 751; baseline -0.004 -10"><span class='ocrx_word' id='word_1_73' title='bbox 302 704 503 741; x_wconf 60' lang='lat' dir='ltr'><strong>maledixit</strong></span> <span class='ocrx_word' id='word_1_74' title='bbox 524 703 715 741; x_wconf 81' lang='lat' dir='ltr'><em>Dominus</em></span> <span class='ocrx_word' id='word_1_75' title='bbox 743 703 860 740; x_wconf 80' lang='lat' dir='ltr'><strong>Deus.</strong></span> <span class='ocrx_word' id='word_1_76' title='bbox 883 700 989 739; x_wconf 88' lang='lat' dir='ltr'>Unde</span> <span class='ocrx_word' id='word_1_77' title='bbox 1015 700 1084 745; x_wconf 83' lang='lat' dir='ltr'><strong>illi,</strong></span> <span class='ocrx_word' id='word_1_78' title='bbox 1116 714 1247 751; x_wconf 79' lang='lat' dir='ltr'><strong>quaeso,</strong></span> 
     </span>
     <span class='ocr_line' id='line_1_17' title="bbox 300 760 1249 816; baseline -0.004 -14"><span class='ocrx_word' id='word_1_79' title='bbox 300 773 386 802; x_wconf 87' lang='lat' dir='ltr'><strong>esset</strong></span> <span class='ocrx_word' id='word_1_80' title='bbox 401 763 619 816; x_wconf 71' lang='lat' dir='ltr'><strong>praescientia</strong></span> <span class='ocrx_word' id='word_1_81' title='bbox 634 776 756 800; x_wconf 89' lang='lat' dir='ltr'><strong>eorum</strong></span> <span class='ocrx_word' id='word_1_82' title='bbox 764 776 843 812; x_wconf 87' lang='lat' dir='ltr'><strong>quae</strong></span> <span class='ocrx_word' id='word_1_83' title='bbox 858 771 937 814; x_wconf 86' lang='lat' dir='ltr'><strong>post</strong></span> <span class='ocrx_word' id='word_1_84' title='bbox 950 770 1001 799; x_wconf 90' lang='lat' dir='ltr'>tot</span> <span class='ocrx_word' id='word_1_85' title='bbox 1012 760 1139 799; x_wconf 84' lang='lat' dir='ltr'><strong>saecula</strong></span> <span class='ocrx_word' id='word_1_86' title='bbox 1152 769 1249 798; x_wconf 88' lang='lat' dir='ltr'><strong>erant</strong></span> 
     </span>
     <span class='ocr_line' id='line_1_18' title="bbox 307 821 1247 872; baseline -0.006 -7"><span class='ocrx_word' id='word_1_87' title='bbox 307 825 499 865; x_wconf 71' lang='lat' dir='ltr'><strong>eventura?</strong></span> <span class='ocrx_word' id='word_1_88' title='bbox 519 824 615 862; x_wconf 87' lang='lat' dir='ltr'>Dicit</span> <span class='ocrx_word' id='word_1_89' title='bbox 634 823 744 861; x_wconf 87' lang='lat' dir='ltr'><strong>enim:</strong></span> <span class='ocrx_word' id='word_1_90' title='bbox 764 824 984 871; x_wconf 82' lang='lat' dir='ltr'><strong>Vocabitur,</strong></span> <span class='ocrx_word' id='word_1_91' title='bbox 993 821 1126 872; x_wconf 89' lang='lat' dir='ltr'><strong>inquit,</strong></span> <span class='ocrx_word' id='word_1_92' title='bbox 1141 822 1247 872; x_wconf 77' lang='lat' dir='ltr'><strong>No&#39;e&#39;3</strong></span> 
     </span>
     <span class='ocr_line' id='line_1_19' title="bbox 301 883 1249 936; baseline -0.007 -11"><span class='ocrx_word' id='word_1_93' title='bbox 301 890 364 925; x_wconf 80' lang='lat' dir='ltr'><strong>hic</strong></span> <span class='ocrx_word' id='word_1_94' title='bbox 384 888 486 924; x_wconf 85' lang='lat' dir='ltr'><strong>enim</strong></span> <span class='ocrx_word' id='word_1_95' title='bbox 509 899 578 923; x_wconf 85' lang='lat' dir='ltr'><strong>nos</strong></span> <span class='ocrx_word' id='word_1_96' title='bbox 599 886 794 936; x_wconf 74' lang='lat' dir='ltr'><em>quiescere</em></span> <span class='ocrx_word' id='word_1_97' title='bbox 811 884 949 936; x_wconf 83' lang='lat' dir='ltr'><strong>faciet.</strong></span> <span class='ocrx_word' id='word_1_98' title='bbox 972 883 1109 919; x_wconf 88' lang='lat' dir='ltr'><strong>Nomen</strong></span> <span class='ocrx_word' id='word_1_99' title='bbox 1129 890 1249 919; x_wconf 87' lang='lat' dir='ltr'><strong>autem</strong></span> 
     </span>
     <span class='ocr_line' id='line_1_20' title="bbox 298 942 1248 998; baseline -0.007 -12"><span class='ocrx_word' id='word_1_100' title='bbox 298 950 370 986; x_wconf 75' lang='lat' dir='ltr'>Noe</span> <span class='ocrx_word' id='word_1_101' title='bbox 393 947 515 998; x_wconf 84' lang='lat' dir='ltr'><strong>lingua</strong></span> <span class='ocrx_word' id='word_1_102' title='bbox 545 944 779 982; x_wconf 86' lang='lat' dir='ltr'><strong>Hebraeorum</strong></span> <span class='ocrx_word' id='word_1_103' title='bbox 812 943 912 994; x_wconf 85' lang='lat' dir='ltr'><strong>quies</strong></span> <span class='ocrx_word' id='word_1_104' title='bbox 947 942 1090 980; x_wconf 89' lang='lat' dir='ltr'><strong>dicitur.</strong></span> <span class='ocrx_word' id='word_1_105' title='bbox 1125 943 1248 993; x_wconf 89' lang='lat' dir='ltr'><strong>Itaque</strong></span> 
     </span>
     <span class='ocr_line' id='line_1_21' title="bbox 297 1001 1246 1060; baseline -0.007 -14"><span class='ocrx_word' id='word_1_106' title='bbox 297 1009 379 1060; x_wconf 82' lang='lat' dir='ltr'><strong>quia</strong></span> <span class='ocrx_word' id='word_1_107' title='bbox 396 1038 406 1057; x_wconf 86' lang='lat'><strong>,</strong></span> <span class='ocrx_word' id='word_1_108' title='bbox 435 1008 620 1058; x_wconf 80' lang='lat' dir='ltr'>ingruente</span> <span class='ocrx_word' id='word_1_109' title='bbox 648 1003 811 1051; x_wconf 84' lang='lat' dir='ltr'><strong>diluvio,</strong></span> <span class='ocrx_word' id='word_1_110' title='bbox 845 1003 905 1041; x_wconf 88' lang='lat' dir='ltr'>hic</span> <span class='ocrx_word' id='word_1_111' title='bbox 937 1003 1033 1041; x_wconf 88' lang='lat' dir='ltr'><strong>solus</strong></span> <span class='ocrx_word' id='word_1_112' title='bbox 1070 1001 1246 1040; x_wconf 88' lang='lat' dir='ltr'><strong>mundum</strong></span> 
     </span>
     <span class='ocr_line' id='line_1_22' title="bbox 298 1063 1246 1119; baseline -0.008 -10"><span class='ocrx_word' id='word_1_113' title='bbox 298 1079 516 1119; x_wconf 84' lang='lat' dir='ltr'><strong>servaturus,</strong></span> <span class='ocrx_word' id='word_1_114' title='bbox 546 1077 579 1106; x_wconf 90' lang='lat' dir='ltr'>et</span> <span class='ocrx_word' id='word_1_115' title='bbox 603 1065 808 1119; x_wconf 82' lang='lat' dir='ltr'><strong>posterioris</strong></span> <span class='ocrx_word' id='word_1_116' title='bbox 839 1063 1071 1116; x_wconf 83' lang='lat' dir='ltr'>generationis</span> <span class='ocrx_word' id='word_1_117' title='bbox 1102 1064 1246 1101; x_wconf 85' lang='lat' dir='ltr'><strong>futurus</strong></span> 
     </span>
     <span class='ocr_line' id='line_1_23' title="bbox 296 1125 1244 1178; baseline -0.008 -8"><span class='ocrx_word' id='word_1_118' title='bbox 296 1140 418 1171; x_wconf 79' lang='lat' dir='ltr'><strong>auctor</strong></span> <span class='ocrx_word' id='word_1_119' title='bbox 444 1139 529 1178; x_wconf 76' lang='lat' dir='ltr'><strong>erat,</strong></span> <span class='ocrx_word' id='word_1_120' title='bbox 550 1129 680 1167; x_wconf 85' lang='lat' dir='ltr'><strong>idcirco</strong></span> <span class='ocrx_word' id='word_1_121' title='bbox 704 1126 836 1177; x_wconf 89' lang='lat' dir='ltr'><strong>inquit,</strong></span> <span class='ocrx_word' id='word_1_122' title='bbox 860 1125 1076 1178; x_wconf 82' lang='lat' dir='ltr'><strong>Hiefaciet</strong></span> <span class='ocrx_word' id='word_1_123' title='bbox 1098 1139 1167 1163; x_wconf 84' lang='lat' dir='ltr'><strong>nos</strong></span> <span class='ocrx_word' id='word_1_124' title='bbox 1187 1139 1244 1163; x_wconf 83' lang='lat' dir='ltr'><strong>re-</strong></span> 
     </span>
     <span class='ocr_line' id='line_1_24' title="bbox 296 1187 1244 1243; baseline -0.008 -12"><span class='ocrx_word' id='word_1_125' title='bbox 296 1197 489 1243; x_wconf 79' lang='lat' dir='ltr'><strong>quiescere</strong></span> <span class='ocrx_word' id='word_1_126' title='bbox 513 1208 522 1228; x_wconf 87' lang='grc'>.·</span> <span class='ocrx_word' id='word_1_127' title='bbox 558 1189 714 1241; x_wconf 88' lang='lat' dir='ltr'><strong>requiem</strong></span> <span class='ocrx_word' id='word_1_128' title='bbox 748 1187 931 1227; x_wconf 83' lang='lat' dir='ltr'><strong>diluvium</strong></span> <span class='ocrx_word' id='word_1_129' title='bbox 966 1200 1094 1224; x_wconf 79' lang='lat' dir='ltr'><strong>vocans</strong></span> <span class='ocrx_word' id='word_1_130' title='bbox 1107 1215 1114 1223; x_wconf 93' lang='lat'><strong>.</strong></span> <span class='ocrx_word' id='word_1_131' title='bbox 1151 1187 1244 1223; x_wconf 87' lang='lat' dir='ltr'>Nam</span> 
     </span>
     <span class='ocr_line' id='line_1_25' title="bbox 295 1246 1243 1301; baseline -0.007 -10"><span class='ocrx_word' id='word_1_132' title='bbox 295 1267 434 1291; x_wconf 86' lang='lat' dir='ltr'><strong>omnem</strong></span> <span class='ocrx_word' id='word_1_133' title='bbox 455 1261 585 1289; x_wconf 84' lang='lat' dir='ltr'><strong>terram</strong></span> <span class='ocrx_word' id='word_1_134' title='bbox 599 1249 701 1301; x_wconf 81' lang='lat' dir='ltr'><strong>quasi</strong></span> <span class='ocrx_word' id='word_1_135' title='bbox 714 1249 899 1300; x_wconf 80' lang='lat' dir='ltr'><strong>fatigatam</strong></span> <span class='ocrx_word' id='word_1_136' title='bbox 914 1256 947 1285; x_wconf 92' lang='lat' dir='ltr'>et</span> <span class='ocrx_word' id='word_1_137' title='bbox 965 1246 1243 1285; x_wconf 81' lang='lat' dir='ltr'><strong>inhabitantium</strong></span> 
     </span>
     <span class='ocr_line' id='line_1_26' title="bbox 294 1309 1244 1361; baseline -0.006 -9"><span class='ocrx_word' id='word_1_138' title='bbox 294 1314 430 1353; x_wconf 82' lang='lat' dir='ltr'><strong>malitia</strong></span> <span class='ocrx_word' id='word_1_139' title='bbox 461 1312 565 1352; x_wconf 79' lang='lat' dir='ltr'><strong>valde</strong></span> <span class='ocrx_word' id='word_1_140' title='bbox 595 1310 805 1348; x_wconf 83' lang='lat' dir='ltr'><strong>deteriorem</strong></span> <span class='ocrx_word' id='word_1_141' title='bbox 833 1309 963 1347; x_wconf 79' lang='lat' dir='ltr'><strong>factam</strong></span> <span class='ocrx_word' id='word_1_142' title='bbox 990 1309 1244 1361; x_wconf 89' lang='lat' dir='ltr'><strong>superveniens</strong></span> 
     </span>
     <span class='ocr_line' id='line_1_27' title="bbox 292 1369 1243 1425; baseline -0.006 -12"><span class='ocrx_word' id='word_1_143' title='bbox 292 1375 423 1414; x_wconf 78' lang='lat' dir='ltr'><strong>diluvii</strong></span> <span class='ocrx_word' id='word_1_144' title='bbox 443 1387 618 1425; x_wconf 85' lang='lat' dir='ltr'><strong>aquarum</strong></span> <span class='ocrx_word' id='word_1_145' title='bbox 637 1370 857 1420; x_wconf 87' lang='lat' dir='ltr'><strong>inundantia,</strong></span> <span class='ocrx_word' id='word_1_146' title='bbox 878 1384 956 1421; x_wconf 85' lang='lat' dir='ltr'><strong>quae</strong></span> <span class='ocrx_word' id='word_1_147' title='bbox 975 1370 1084 1408; x_wconf 86' lang='lat' dir='ltr'><strong>finem</strong></span> <span class='ocrx_word' id='word_1_148' title='bbox 1097 1369 1243 1408; x_wconf 88' lang='lat' dir='ltr'><strong>malitiae</strong></span> 
     </span>
     <span class='ocr_line' id='line_1_28' title="bbox 292 1431 1243 1481; baseline -0.006 -7"><span class='ocrx_word' id='word_1_149' title='bbox 292 1437 470 1475; x_wconf 87' lang='lat' dir='ltr'><strong>malorum</strong></span> <span class='ocrx_word' id='word_1_150' title='bbox 488 1435 637 1472; x_wconf 85' lang='lat' dir='ltr'><strong>istorum</strong></span> <span class='ocrx_word' id='word_1_151' title='bbox 655 1432 843 1471; x_wconf 90' lang='lat' dir='ltr'><strong>hominum</strong></span> <span class='ocrx_word' id='word_1_152' title='bbox 863 1431 1027 1481; x_wconf 82' lang='lat' dir='ltr'><strong>faciebat,</strong></span> <span class='ocrx_word' id='word_1_153' title='bbox 1051 1441 1084 1469; x_wconf 90' lang='lat' dir='ltr'>et</span> <span class='ocrx_word' id='word_1_154' title='bbox 1110 1440 1243 1469; x_wconf 87' lang='lat' dir='ltr'><strong>terram</strong></span> 
     </span>
     <span class='ocr_line' id='line_1_29' title="bbox 292 1492 1243 1550; baseline -0.007 -14"><span class='ocrx_word' id='word_1_155' title='bbox 292 1497 514 1550; x_wconf 82' lang='lat' dir='ltr'><strong>repurgavit,</strong></span> <span class='ocrx_word' id='word_1_156' title='bbox 528 1509 636 1547; x_wconf 84' lang='lat' dir='ltr'><strong>quam</strong></span> <span class='ocrx_word' id='word_1_157' title='bbox 650 1493 930 1532; x_wconf 83' lang='lat' dir='ltr'><strong>inhabitantium</strong></span> <span class='ocrx_word' id='word_1_158' title='bbox 940 1492 1076 1530; x_wconf 87' lang='lat' dir='ltr'><strong>malitia</strong></span> <span class='ocrx_word' id='word_1_159' title='bbox 1088 1492 1243 1530; x_wconf 90' lang='lat' dir='ltr'><strong>immun-</strong></span> 
     </span>
     <span class='ocr_line' id='line_1_30' title="bbox 291 1552 1243 1606; baseline -0.007 -10"><span class='ocrx_word' id='word_1_160' title='bbox 291 1559 375 1595; x_wconf 83' lang='lat' dir='ltr'>dam</span> <span class='ocrx_word' id='word_1_161' title='bbox 395 1559 535 1605; x_wconf 76' lang='lat' dir='ltr'><strong>fecerat,</strong></span> <span class='ocrx_word' id='word_1_162' title='bbox 557 1565 590 1594; x_wconf 87' lang='lat' dir='ltr'>et</span> <span class='ocrx_word' id='word_1_163' title='bbox 610 1555 691 1593; x_wconf 88' lang='lat' dir='ltr'><strong>illos</strong></span> <span class='ocrx_word' id='word_1_164' title='bbox 709 1553 890 1606; x_wconf 87' lang='lat' dir='ltr'><strong>puniendo</strong></span> <span class='ocrx_word' id='word_1_165' title='bbox 909 1553 946 1590; x_wconf 89' lang='lat' dir='ltr'>in</span> <span class='ocrx_word' id='word_1_166' title='bbox 963 1553 1118 1604; x_wconf 90' lang='lat' dir='ltr'><strong>quietem</strong></span> <span class='ocrx_word' id='word_1_167' title='bbox 1137 1552 1243 1590; x_wconf 91' lang='lat' dir='ltr'><strong>indu-</strong></span> 
     </span>
     <span class='ocr_line' id='line_1_31' title="bbox 294 1614 1241 1666; baseline -0.006 -9"><span class='ocrx_word' id='word_1_168' title='bbox 294 1620 357 1658; x_wconf 78' lang='lat' dir='ltr'><strong>xit.</strong></span> <span class='ocrx_word' id='word_1_169' title='bbox 379 1621 486 1656; x_wconf 73' lang='lat' dir='ltr'>Mors</span> <span class='ocrx_word' id='word_1_170' title='bbox 514 1616 622 1665; x_wconf 87' lang='lat' dir='ltr'><strong>enim,</strong></span> <span class='ocrx_word' id='word_1_171' title='bbox 651 1624 690 1653; x_wconf 91' lang='lat' dir='ltr'>ut</span> <span class='ocrx_word' id='word_1_172' title='bbox 715 1615 830 1666; x_wconf 89' lang='lat' dir='ltr'><strong>inquit</strong></span> <span class='ocrx_word' id='word_1_173' title='bbox 858 1614 930 1663; x_wconf 82' lang='lat' dir='ltr'><strong>ille,</strong></span> <span class='ocrx_word' id='word_1_174' title='bbox 961 1616 1111 1665; x_wconf 82' lang='lat' dir='ltr'><strong>requies</strong></span> <span class='ocrx_word' id='word_1_175' title='bbox 1141 1617 1241 1652; x_wconf 83' lang='lat' dir='ltr'><strong>viro.</strong></span> 
     </span>
     <span class='ocr_line' id='line_1_32' title="bbox 292 1673 1244 1730; baseline -0.008 -12"><span class='ocrx_word' id='word_1_176' title='bbox 292 1680 428 1720; x_wconf 67' lang='lat' dir='ltr'><strong>Yidisti</strong></span> <span class='ocrx_word' id='word_1_177' title='bbox 456 1676 634 1730; x_wconf 89' lang='lat' dir='ltr'><strong>quomodo</strong></span> <span class='ocrx_word' id='word_1_178' title='bbox 663 1676 771 1714; x_wconf 88' lang='lat' dir='ltr'><strong>etiam</strong></span> <span class='ocrx_word' id='word_1_179' title='bbox 805 1688 868 1727; x_wconf 90' lang='lat' dir='ltr'><strong>per</strong></span> <span class='ocrx_word' id='word_1_180' title='bbox 899 1673 1098 1711; x_wconf 83' lang='lat' dir='ltr'><strong>incredulos</strong></span> <span class='ocrx_word' id='word_1_181' title='bbox 1131 1673 1244 1711; x_wconf 83' lang='lat' dir='ltr'><strong>multa</strong></span> 
     </span>
     <span class='ocr_line' id='line_1_33' title="bbox 292 1734 1243 1794; baseline -0.006 -15"><span class='ocrx_word' id='word_1_182' title='bbox 292 1756 383 1794; x_wconf 76' lang='lat' dir='ltr'><strong>saepe</strong></span> <span class='ocrx_word' id='word_1_183' title='bbox 401 1737 673 1793; x_wconf 63' lang='lat' dir='ltr'><strong>praesignificari</strong></span> <span class='ocrx_word' id='word_1_184' title='bbox 692 1737 821 1775; x_wconf 75' lang='lat' dir='ltr'><strong>curat?</strong></span> <span class='ocrx_word' id='word_1_185' title='bbox 843 1735 981 1773; x_wconf 90' lang='lat' dir='ltr'><strong>Eodem</strong></span> <span class='ocrx_word' id='word_1_186' title='bbox 999 1734 1105 1774; x_wconf 90' lang='lat' dir='ltr'><strong>modo</strong></span> <span class='ocrx_word' id='word_1_187' title='bbox 1126 1744 1160 1773; x_wconf 90' lang='lat' dir='ltr'>et</span> <span class='ocrx_word' id='word_1_188' title='bbox 1180 1750 1243 1788; x_wconf 88' lang='lat' dir='ltr'>pa-</span> 
     </span>
     <span class='ocr_line' id='line_1_34' title="bbox 291 1795 1244 1852; baseline -0.007 -12"><span class='ocrx_word' id='word_1_189' title='bbox 291 1802 455 1840; x_wconf 76' lang='lat' dir='ltr'><strong>triarcha:</strong></span> <span class='ocrx_word' id='word_1_190' title='bbox 478 1813 605 1838; x_wconf 88' lang='lat' dir='ltr'><strong>nomen</strong></span> <span class='ocrx_word' id='word_1_191' title='bbox 623 1807 783 1852; x_wconf 84' lang='lat' dir='ltr'><strong>parentes</strong></span> <span class='ocrx_word' id='word_1_192' title='bbox 807 1795 1037 1846; x_wconf 89' lang='lat' dir='ltr'><strong>indiderant,</strong></span> <span class='ocrx_word' id='word_1_193' title='bbox 1059 1797 1178 1834; x_wconf 82' lang='lat' dir='ltr'><strong>statim</strong></span> <span class='ocrx_word' id='word_1_194' title='bbox 1199 1796 1244 1834; x_wconf 82' lang='lat' dir='ltr'>ab</span> 
     </span>
     <span class='ocr_line' id='line_1_35' title="bbox 290 1857 1244 1912; baseline -0.005 -11"><span class='ocrx_word' id='word_1_195' title='bbox 290 1863 391 1901; x_wconf 86' lang='lat' dir='ltr'><strong>initio</strong></span> <span class='ocrx_word' id='word_1_196' title='bbox 419 1861 636 1899; x_wconf 74' lang='lat' dir='ltr'><strong>declarantes</strong></span> <span class='ocrx_word' id='word_1_197' title='bbox 663 1860 783 1912; x_wconf 83' lang='lat' dir='ltr'><strong>ipsum</strong></span> <span class='ocrx_word' id='word_1_198' title='bbox 816 1857 1046 1910; x_wconf 85' lang='lat' dir='ltr'><strong>peregrinum</strong></span> <span class='ocrx_word' id='word_1_199' title='bbox 1079 1857 1154 1896; x_wconf 87' lang='lat' dir='ltr'><strong>fore</strong></span> <span class='ocrx_word' id='word_1_200' title='bbox 1171 1888 1181 1907; x_wconf 87' lang='lat'><strong>,</strong></span> <span class='ocrx_word' id='word_1_201' title='bbox 1211 1866 1244 1896; x_wconf 87' lang='lat' dir='ltr'>et</span> 
     </span>
     <span class='ocr_line' id='line_1_36' title="bbox 290 1918 1244 1970; baseline -0.006 -9"><span class='ocrx_word' id='word_1_202' title='bbox 290 1924 526 1961; x_wconf 82' lang='lat' dir='ltr'><strong>transiturum</strong></span> <span class='ocrx_word' id='word_1_203' title='bbox 540 1922 688 1970; x_wconf 86' lang='lat' dir='ltr'><strong>flumen,</strong></span> <span class='ocrx_word' id='word_1_204' title='bbox 709 1929 749 1957; x_wconf 92' lang='lat' dir='ltr'>ut</span> <span class='ocrx_word' id='word_1_205' title='bbox 768 1919 805 1957; x_wconf 90' lang='lat' dir='ltr'>in</span> <span class='ocrx_word' id='word_1_206' title='bbox 821 1928 952 1957; x_wconf 88' lang='lat' dir='ltr'><strong>terram</strong></span> <span class='ocrx_word' id='word_1_207' title='bbox 972 1918 1126 1956; x_wconf 88' lang='lat' dir='ltr'><strong>alienam</strong></span> <span class='ocrx_word' id='word_1_208' title='bbox 1143 1919 1244 1959; x_wconf 81' lang='lat' dir='ltr'><strong>veni-</strong></span> 
     </span>
     <span class='ocr_line' id='line_1_37' title="bbox 292 1980 1241 2035; baseline -0.004 -12"><span class='ocrx_word' id='word_1_209' title='bbox 292 1995 354 2023; x_wconf 86' lang='lat' dir='ltr'><strong>ret.</strong></span> <span class='ocrx_word' id='word_1_210' title='bbox 369 1984 548 2031; x_wconf 83' lang='lat' dir='ltr'><strong>Quoniam</strong></span> <span class='ocrx_word' id='word_1_211' title='bbox 565 1982 690 2035; x_wconf 83' lang='lat' dir='ltr'><strong>igitur,</strong></span> <span class='ocrx_word' id='word_1_212' title='bbox 710 1980 839 2032; x_wconf 83' lang='lat' dir='ltr'><strong>inquit,</strong></span> <span class='ocrx_word' id='word_1_213' title='bbox 854 1994 981 2018; x_wconf 89' lang='lat' dir='ltr'><strong>nomen</strong></span> <span class='ocrx_word' id='word_1_214' title='bbox 995 1995 1016 2018; x_wconf 88' lang='lat' dir='ltr'>a</span> <span class='ocrx_word' id='word_1_215' title='bbox 1033 1981 1241 2033; x_wconf 86' lang='lat' dir='ltr'><strong>parentibus</strong></span> 
     </span>
     <span class='ocr_line' id='line_1_38' title="bbox 293 2041 1246 2096; baseline -0.003 -12"><span class='ocrx_word' id='word_1_216' title='bbox 293 2047 360 2084; x_wconf 87' lang='lat' dir='ltr'><strong>tibi</strong></span> <span class='ocrx_word' id='word_1_217' title='bbox 384 2045 537 2083; x_wconf 89' lang='lat' dir='ltr'><strong>inditum</strong></span> <span class='ocrx_word' id='word_1_218' title='bbox 557 2043 647 2081; x_wconf 89' lang='lat' dir='ltr'><strong>illud</strong></span> <span class='ocrx_word' id='word_1_219' title='bbox 673 2041 979 2096; x_wconf 64' lang='lat' dir='ltr'><strong>praesignificavit,</strong></span> <span class='ocrx_word' id='word_1_220' title='bbox 1001 2050 1036 2079; x_wconf 87' lang='lat' dir='ltr'>te</span> <span class='ocrx_word' id='word_1_221' title='bbox 1065 2041 1147 2080; x_wconf 90' lang='lat' dir='ltr'><strong>inde</strong></span> <span class='ocrx_word' id='word_1_222' title='bbox 1173 2042 1246 2081; x_wconf 87' lang='lat' dir='ltr'><strong>huc</strong></span> 
     </span>
     <span class='ocr_line' id='line_1_39' title="bbox 294 2101 1246 2155; baseline -0.003 -10"><span class='ocrx_word' id='word_1_223' title='bbox 294 2107 531 2145; x_wconf 86' lang='lat' dir='ltr'><strong>transiturum</strong></span> <span class='ocrx_word' id='word_1_224' title='bbox 546 2119 619 2142; x_wconf 88' lang='lat' dir='ltr'><strong>esse</strong></span> <span class='ocrx_word' id='word_1_225' title='bbox 634 2120 641 2140; x_wconf 92' lang='lat'><strong>:</strong></span> <span class='ocrx_word' id='word_1_226' title='bbox 662 2103 782 2155; x_wconf 84' lang='lat' dir='ltr'><strong>accipe</strong></span> <span class='ocrx_word' id='word_1_227' title='bbox 794 2111 827 2140; x_wconf 90' lang='lat' dir='ltr'>et</span> <span class='ocrx_word' id='word_1_228' title='bbox 842 2101 948 2140; x_wconf 86' lang='lat' dir='ltr'><strong>unius</strong></span> <span class='ocrx_word' id='word_1_229' title='bbox 964 2102 1127 2140; x_wconf 89' lang='lat' dir='ltr'><strong>elementi</strong></span> <span class='ocrx_word' id='word_1_230' title='bbox 1142 2103 1246 2142; x_wconf 88' lang='lat' dir='ltr'><strong>addi-</strong></span> 
     </span>
     <span class='ocr_line' id='line_1_40' title="bbox 294 2163 1244 2217; baseline -0.004 -9"><span class='ocrx_word' id='word_1_231' title='bbox 294 2169 440 2217; x_wconf 86' lang='lat' dir='ltr'><strong>tionem,</strong></span> <span class='ocrx_word' id='word_1_232' title='bbox 458 2176 496 2204; x_wconf 88' lang='lat' dir='ltr'>ut</span> <span class='ocrx_word' id='word_1_233' title='bbox 512 2166 602 2204; x_wconf 86' lang='lat' dir='ltr'><strong>scias</strong></span> <span class='ocrx_word' id='word_1_234' title='bbox 619 2165 688 2203; x_wconf 89' lang='lat' dir='ltr'>hoc</span> <span class='ocrx_word' id='word_1_235' title='bbox 699 2164 768 2202; x_wconf 83' lang='lat' dir='ltr'><strong>tibi</strong></span> <span class='ocrx_word' id='word_1_236' title='bbox 792 2163 978 2212; x_wconf 78' lang='lat' dir='ltr'><strong>declarari,</strong></span> <span class='ocrx_word' id='word_1_237' title='bbox 995 2173 1030 2202; x_wconf 85' lang='lat' dir='ltr'>te</span> <span class='ocrx_word' id='word_1_238' title='bbox 1046 2165 1244 2204; x_wconf 89' lang='lat' dir='ltr'><strong>multarum</strong></span> 
     </span>
     <span class='ocr_line' id='line_1_41' title="bbox 295 2223 1243 2281; baseline -0.002 -14"><span class='ocrx_word' id='word_1_239' title='bbox 295 2229 455 2281; x_wconf 78' lang='lat' dir='ltr'><strong>gentium</strong></span> <span class='ocrx_word' id='word_1_240' title='bbox 467 2227 540 2265; x_wconf 84' lang='lat' dir='ltr'><strong>fore</strong></span> <span class='ocrx_word' id='word_1_241' title='bbox 557 2235 704 2278; x_wconf 85' lang='lat' dir='ltr'><strong>patrem.</strong></span> <span class='ocrx_word' id='word_1_242' title='bbox 726 2224 772 2262; x_wconf 89' lang='lat' dir='ltr'>Et</span> <span class='ocrx_word' id='word_1_243' title='bbox 792 2223 874 2263; x_wconf 79' lang='lat' dir='ltr'><strong>vide</strong></span> <span class='ocrx_word' id='word_1_244' title='bbox 892 2238 1000 2275; x_wconf 90' lang='lat' dir='ltr'><strong>quam</strong></span> <span class='ocrx_word' id='word_1_245' title='bbox 1017 2235 1181 2264; x_wconf 87' lang='lat' dir='ltr'><strong>accurate</strong></span> <span class='ocrx_word' id='word_1_246' title='bbox 1198 2227 1243 2265; x_wconf 88' lang='lat' dir='ltr'>sit</span> 
     </span>
     <span class='ocr_line' id='line_1_42' title="bbox 295 2284 1244 2342; baseline -0.007 -14"><span class='ocrx_word' id='word_1_247' title='bbox 295 2291 474 2342; x_wconf 77' lang='lat' dir='ltr'><strong>loquutus.</strong></span> <span class='ocrx_word' id='word_1_248' title='bbox 497 2289 576 2325; x_wconf 80' lang='lat' dir='ltr'><strong>Non</strong></span> <span class='ocrx_word' id='word_1_249' title='bbox 588 2286 681 2324; x_wconf 78' lang='lat' dir='ltr'><strong>dixit</strong></span> <span class='ocrx_word' id='word_1_250' title='bbox 697 2284 858 2323; x_wconf 83' lang='lat' dir='ltr'><strong>omnium</strong></span> <span class='ocrx_word' id='word_1_251' title='bbox 873 2285 1043 2336; x_wconf 80' lang='lat' dir='ltr'><strong>gentium,</strong></span> <span class='ocrx_word' id='word_1_252' title='bbox 1063 2286 1124 2324; x_wconf 85' lang='lat' dir='ltr'>sed</span> <span class='ocrx_word' id='word_1_253' title='bbox 1139 2291 1244 2327; x_wconf 81' lang='lat' dir='ltr'><strong>Mul.</strong></span> 
     </span>
     <span class='ocr_line' id='line_1_43' title="bbox 295 2346 1243 2403; baseline -0.004 -14"><span class='ocrx_word' id='word_1_254' title='bbox 295 2362 419 2390; x_wconf 77' lang='lat' dir='ltr'><strong>tarum</strong></span> <span class='ocrx_word' id='word_1_255' title='bbox 435 2352 604 2403; x_wconf 80' lang='lat' dir='ltr'><strong>gentium</strong></span> <span class='ocrx_word' id='word_1_256' title='bbox 623 2364 634 2384; x_wconf 82' lang='lat'>.-</span> <span class='ocrx_word' id='word_1_257' title='bbox 658 2361 740 2385; x_wconf 88' lang='lat' dir='ltr'>nam</span> <span class='ocrx_word' id='word_1_258' title='bbox 760 2346 843 2398; x_wconf 87' lang='lat' dir='ltr'><strong>quia</strong></span> <span class='ocrx_word' id='word_1_259' title='bbox 863 2355 961 2384; x_wconf 83' lang='lat' dir='ltr'><strong>erant</strong></span> <span class='ocrx_word' id='word_1_260' title='bbox 979 2355 1012 2384; x_wconf 90' lang='lat' dir='ltr'>et</span> <span class='ocrx_word' id='word_1_261' title='bbox 1031 2347 1108 2386; x_wconf 82' lang='lat' dir='ltr'><strong>aliae</strong></span> <span class='ocrx_word' id='word_1_262' title='bbox 1125 2360 1243 2401; x_wconf 84' lang='lat' dir='ltr'><strong>gentes</strong></span> 
     </span>
     <span class='ocr_line' id='line_1_44' title="bbox 292 2407 1243 2463; baseline -0.001 -12"><span class='ocrx_word' id='word_1_263' title='bbox 292 2412 374 2451; x_wconf 83' lang='lat' dir='ltr'><strong>indo</strong></span> <span class='ocrx_word' id='word_1_264' title='bbox 395 2408 631 2463; x_wconf 74' lang='lat' dir='ltr'><strong>expellendae,</strong></span> <span class='ocrx_word' id='word_1_265' title='bbox 649 2417 688 2446; x_wconf 91' lang='lat' dir='ltr'>ut</span> <span class='ocrx_word' id='word_1_266' title='bbox 705 2421 822 2446; x_wconf 87' lang='lat' dir='ltr'><strong>semen</strong></span> <span class='ocrx_word' id='word_1_267' title='bbox 836 2407 926 2458; x_wconf 84' lang='lat' dir='ltr'><strong>justi</strong></span> <span class='ocrx_word' id='word_1_268' title='bbox 939 2407 1172 2449; x_wconf 85' lang='lat' dir='ltr'><strong>hereditatem</strong></span> <span class='ocrx_word' id='word_1_269' title='bbox 1185 2427 1243 2451; x_wconf 85' lang='lat' dir='ltr'>ac-</span> 
     </span>
     <span class='ocr_line' id='line_1_45' title="bbox 293 2465 1244 2523; baseline -0.004 -14"><span class='ocrx_word' id='word_1_270' title='bbox 293 2471 438 2523; x_wconf 75' lang='lat' dir='ltr'><strong>ciperet,</strong></span> <span class='ocrx_word' id='word_1_271' title='bbox 455 2469 532 2507; x_wconf 85' lang='lat' dir='ltr'><strong>ideo</strong></span> <span class='ocrx_word' id='word_1_272' title='bbox 545 2467 646 2515; x_wconf 88' lang='lat' dir='ltr'><strong>dicit,</strong></span> <span class='ocrx_word' id='word_1_273' title='bbox 663 2467 823 2504; x_wconf 74' lang='lat' dir='ltr'><strong>Patrem</strong></span> <span class='ocrx_word' id='word_1_274' title='bbox 843 2465 1054 2504; x_wconf 73' lang='lat' dir='ltr'><strong>multarum</strong></span> <span class='ocrx_word' id='word_1_275' title='bbox 1071 2472 1244 2520; x_wconf 79' lang='lat' dir='ltr'><strong>gentium.</strong></span> 
     </span>
    </p>
   </div>
   <div class='ocr_carea' id='block_1_12' title="bbox 291 2526 1245 3261">
    <p class='ocr_par' dir='ltr' id='par_1_12' title="bbox 291 2526 1245 3261">
     <span class='ocr_line' id='line_1_46' title="bbox 293 2526 1244 2584; baseline -0.005 -14"><span class='ocrx_word' id='word_1_276' title='bbox 293 2533 476 2570; x_wconf 80' lang='lat' dir='ltr'><strong>constitui</strong></span> <span class='ocrx_word' id='word_1_277' title='bbox 492 2539 537 2567; x_wconf 79' lang='lat' dir='ltr'>te.</span> <span class='ocrx_word' id='word_1_278' title='bbox 553 2528 687 2577; x_wconf 83' lang='lat' dir='ltr'><strong>Sciens,</strong></span> <span class='ocrx_word' id='word_1_279' title='bbox 707 2526 834 2578; x_wconf 87' lang='lat' dir='ltr'><strong>inquit,</strong></span> <span class='ocrx_word' id='word_1_280' title='bbox 857 2535 926 2564; x_wconf 85' lang='lat' dir='ltr'>tuae</span> <span class='ocrx_word' id='word_1_281' title='bbox 944 2527 1090 2567; x_wconf 86' lang='lat' dir='ltr'><strong>virtutis</strong></span> <span class='ocrx_word' id='word_1_282' title='bbox 1107 2534 1244 2584; x_wconf 79' lang='lat' dir='ltr'><strong>magni-</strong></span> 
     </span>
     <span class='ocr_line' id='line_1_47' title="bbox 291 2587 1243 2644; baseline 0.001 -13"><span class='ocrx_word' id='word_1_283' title='bbox 291 2593 451 2631; x_wconf 82' lang='lat' dir='ltr'><strong>tudinem</strong></span> <span class='ocrx_word' id='word_1_284' title='bbox 456 2622 466 2641; x_wconf 86' lang='lat'><strong>,</strong></span> <span class='ocrx_word' id='word_1_285' title='bbox 479 2590 674 2628; x_wconf 87' lang='lat' dir='ltr'><strong>multarum</strong></span> <span class='ocrx_word' id='word_1_286' title='bbox 687 2587 846 2640; x_wconf 82' lang='lat' dir='ltr'><strong>gentium</strong></span> <span class='ocrx_word' id='word_1_287' title='bbox 860 2587 1041 2626; x_wconf 87' lang='lat' dir='ltr'><strong>doctorem</strong></span> <span class='ocrx_word' id='word_1_288' title='bbox 1053 2598 1086 2628; x_wconf 88' lang='lat' dir='ltr'>te</span> <span class='ocrx_word' id='word_1_289' title='bbox 1101 2591 1228 2632; x_wconf 83' lang='lat' dir='ltr'><strong>faciam</strong></span> <span class='ocrx_word' id='word_1_290' title='bbox 1234 2626 1243 2644; x_wconf 83' lang='grc'>,</span> 
     </span>
     <span class='ocr_line' id='line_1_48' title="bbox 294 2649 1242 2704; baseline 0 -11"><span class='ocrx_word' id='word_1_291' title='bbox 294 2658 346 2693; x_wconf 84' lang='lat' dir='ltr'>Et</span> <span class='ocrx_word' id='word_1_292' title='bbox 365 2666 531 2692; x_wconf 55' lang='lat' dir='ltr'><strong>crescere</strong></span> <span class='ocrx_word' id='word_1_293' title='bbox 552 2652 746 2704; x_wconf 78' lang='lat' dir='ltr'><strong>cefaciam</strong></span> <span class='ocrx_word' id='word_1_294' title='bbox 767 2663 814 2688; x_wconf 81' lang='lat' dir='ltr'><strong>ac</strong></span> <span class='ocrx_word' id='word_1_295' title='bbox 834 2649 1086 2702; x_wconf 78' lang='lat' dir='ltr'><strong>multiplicari</strong></span> <span class='ocrx_word' id='word_1_296' title='bbox 1108 2655 1242 2704; x_wconf 70' lang='lat' dir='ltr'><strong>valde,</strong></span> 
     </span>
     <span class='ocr_line' id='line_1_49' title="bbox 296 2718 1244 2769; baseline 0 -14"><span class='ocrx_word' id='word_1_297' title='bbox 296 2718 434 2755; x_wconf 75' lang='lat' dir='ltr'><strong>valde·</strong></span> <span class='ocrx_word' id='word_1_298' title='bbox 443 2725 478 2753; x_wconf 83' lang='lat' dir='ltr'>et</span> <span class='ocrx_word' id='word_1_299' title='bbox 489 2728 629 2766; x_wconf 81' lang='lat' dir='ltr'><strong>ponam</strong></span> <span class='ocrx_word' id='word_1_300' title='bbox 642 2722 678 2751; x_wconf 81' lang='lat' dir='ltr'>te</span> <span class='ocrx_word' id='word_1_301' title='bbox 687 2727 727 2749; x_wconf 87' lang='grc' dir='ltr'>ιη</span> <span class='ocrx_word' id='word_1_302' title='bbox 738 2720 879 2764; x_wconf 81' lang='lat' dir='ltr'><strong>gentes,</strong></span> <span class='ocrx_word' id='word_1_303' title='bbox 884 2721 920 2750; x_wconf 82' lang='lat' dir='ltr'>et</span> <span class='ocrx_word' id='word_1_304' title='bbox 928 2725 991 2765; x_wconf 64' lang='lat' dir='ltr'>re²2</span> <span class='ocrx_word' id='word_1_305' title='bbox 973 2726 1033 2751; x_wconf 65' lang='lat' dir='ltr'><strong>tres</strong></span> <span class='ocrx_word' id='word_1_306' title='bbox 1042 2727 1089 2751; x_wconf 82' lang='lat' dir='ltr'><strong>ex</strong></span> <span class='ocrx_word' id='word_1_307' title='bbox 1101 2723 1134 2753; x_wconf 86' lang='lat' dir='ltr'>te</span> <span class='ocrx_word' id='word_1_308' title='bbox 1142 2730 1244 2769; x_wconf 79' lang='lat' dir='ltr'><strong>egre-</strong></span> 
     </span>
     <span class='ocr_line' id='line_1_50' title="bbox 296 2775 1245 2828; baseline 0.002 -12"><span class='ocrx_word' id='word_1_309' title='bbox 296 2782 457 2816; x_wconf 54' lang='lat' dir='ltr'><strong>(Ii&#39;zcntur</strong></span> <span class='ocrx_word' id='word_1_310' title='bbox 476 2778 528 2814; x_wconf 58' lang='lat' dir='ltr'><strong>Be</strong></span> <span class='ocrx_word' id='word_1_311' title='bbox 548 2775 785 2828; x_wconf 74' lang='lat' dir='ltr'><strong>perfunctotie</strong></span> <span class='ocrx_word' id='word_1_312' title='bbox 796 2784 1014 2814; x_wconf 80' lang='lat' dir='ltr'><strong>tlanseamus</strong></span> <span class='ocrx_word' id='word_1_313' title='bbox 1029 2792 1107 2828; x_wconf 84' lang='lat' dir='ltr'><strong>quae</strong></span> <span class='ocrx_word' id='word_1_314' title='bbox 1120 2777 1245 2818; x_wconf 86' lang='lat' dir='ltr'><strong>dicun-</strong></span> 
     </span>
     <span class='ocr_line' id='line_1_51' title="bbox 295 2836 1245 2892; baseline 0.001 -14"><span class='ocrx_word' id='word_1_315' title='bbox 295 2850 364 2883; x_wconf 87' lang='lat' dir='ltr'><strong>tur,</strong></span> <span class='ocrx_word' id='word_1_316' title='bbox 389 2837 622 2875; x_wconf 77' lang='lat' dir='ltr'><strong>dilectissimi.</strong></span> <span class='ocrx_word' id='word_1_317' title='bbox 643 2838 733 2874; x_wconf 83' lang='lat' dir='ltr'><strong>Nam</strong></span> <span class='ocrx_word' id='word_1_318' title='bbox 754 2836 783 2873; x_wconf 91' lang='lat' dir='ltr'>si</span> <span class='ocrx_word' id='word_1_319' title='bbox 808 2836 1081 2888; x_wconf 80' lang='lat' dir='ltr'><strong>cogitaverimus</strong></span> <span class='ocrx_word' id='word_1_320' title='bbox 1096 2841 1245 2892; x_wconf 81' lang='lat' dir='ltr'><strong>patriar—</strong></span> 
     </span>
     <span class='ocr_line' id='line_1_52' title="bbox 295 2897 1241 2945; baseline 0.001 -7"><span class='ocrx_word' id='word_1_321' title='bbox 295 2901 368 2939; x_wconf 61' lang='lat' dir='ltr'><strong>cha}</strong></span> <span class='ocrx_word' id='word_1_322' title='bbox 383 2898 748 2945; x_wconf 62' lang='lat' dir='ltr'><strong>aetatein,ct011111haec</strong></span> <span class='ocrx_word' id='word_1_323' title='bbox 760 2897 795 2934; x_wconf 90' lang='lat' dir='ltr'>in</span> <span class='ocrx_word' id='word_1_324' title='bbox 807 2906 963 2935; x_wconf 77' lang='lat' dir='ltr'><strong>extrema</strong></span> <span class='ocrx_word' id='word_1_325' title='bbox 974 2908 1109 2937; x_wconf 79' lang='lat' dir='ltr'><strong>senecta</strong></span> <span class='ocrx_word' id='word_1_326' title='bbox 1121 2901 1241 2940; x_wconf 88' lang='lat' dir='ltr'><strong>audis-</strong></span> 
     </span>
     <span class='ocr_line' id='line_1_53' title="bbox 296 2957 1241 3013; baseline 0.004 -15"><span class='ocrx_word' id='word_1_327' title='bbox 296 2978 341 3011; x_wconf 66' lang='lat' dir='ltr'>se,</span> <span class='ocrx_word' id='word_1_328' title='bbox 362 2961 647 3011; x_wconf 67' lang='lat' dir='ltr'><strong>obstupcsecnius</strong></span> <span class='ocrx_word' id='word_1_329' title='bbox 661 2957 748 3010; x_wconf 85' lang='lat' dir='ltr'><strong>justi</strong></span> <span class='ocrx_word' id='word_1_330' title='bbox 763 2958 945 3009; x_wconf 85' lang='lat' dir='ltr'><strong>virtutem,</strong></span> <span class='ocrx_word' id='word_1_331' title='bbox 966 2969 999 2997; x_wconf 91' lang='lat' dir='ltr'>et</span> <span class='ocrx_word' id='word_1_332' title='bbox 1012 2959 1155 3013; x_wconf 80' lang='lat' dir='ltr'><strong>benigni</strong></span> <span class='ocrx_word' id='word_1_333' title='bbox 1176 2965 1241 3002; x_wconf 88' lang='lat' dir='ltr'>Dei</span> 
     </span>
     <span class='ocr_line' id='line_1_54' title="bbox 295 3019 1239 3075; baseline 0.004 -16"><span class='ocrx_word' id='word_1_334' title='bbox 295 3023 463 3062; x_wconf 72' lang='lat' dir='ltr'><strong>eximiam</strong></span> <span class='ocrx_word' id='word_1_335' title='bbox 486 3021 699 3073; x_wconf 76' lang='lat' dir='ltr'><strong>potentiam:</strong></span> <span class='ocrx_word' id='word_1_336' title='bbox 721 3019 803 3070; x_wconf 83' lang='lat' dir='ltr'><strong>quia</strong></span> <span class='ocrx_word' id='word_1_337' title='bbox 824 3034 868 3057; x_wconf 75' lang='lat' dir='ltr'>cx</span> <span class='ocrx_word' id='word_1_338' title='bbox 886 3020 1029 3059; x_wconf 84' lang='lat' dir='ltr'><strong>homine</strong></span> <span class='ocrx_word' id='word_1_339' title='bbox 1053 3037 1239 3075; x_wconf 77' lang='lat' dir='ltr'><strong>propemo-</strong></span> 
     </span>
     <span class='ocr_line' id='line_1_55' title="bbox 297 3081 1241 3136; baseline 0.003 -15"><span class='ocrx_word' id='word_1_340' title='bbox 297 3086 383 3123; x_wconf 79' lang='lat' dir='ltr'>dum</span> <span class='ocrx_word' id='word_1_341' title='bbox 398 3092 548 3126; x_wconf 71' lang='lat' dir='ltr'><strong>mortuo,</strong></span> <span class='ocrx_word' id='word_1_342' title='bbox 559 3091 590 3118; x_wconf 69' lang='grc' dir='ltr'>οἱ</span> <span class='ocrx_word' id='word_1_343' title='bbox 606 3081 773 3118; x_wconf 82' lang='lat' dir='ltr'><strong>membris</strong></span> <span class='ocrx_word' id='word_1_344' title='bbox 788 3082 958 3133; x_wconf 75' lang='lat' dir='ltr'><strong>invalido,</strong></span> <span class='ocrx_word' id='word_1_345' title='bbox 967 3084 1027 3134; x_wconf 82' lang='lat' dir='ltr'>qui</span> <span class='ocrx_word' id='word_1_346' title='bbox 1039 3094 1071 3123; x_wconf 87' lang='lat' dir='ltr'>ct</span> <span class='ocrx_word' id='word_1_347' title='bbox 1082 3086 1241 3136; x_wconf 86' lang='lat' dir='ltr'><strong>quotidie</strong></span> 
     </span>
     <span class='ocr_line' id='line_1_56' title="bbox 299 3143 1242 3196; baseline 0.002 -11"><span class='ocrx_word' id='word_1_348' title='bbox 299 3155 445 3185; x_wconf 78' lang='lat' dir='ltr'><strong>mortem</strong></span> <span class='ocrx_word' id='word_1_349' title='bbox 464 3159 534 3196; x_wconf 66' lang='lat' dir='ltr'><strong>prae</strong></span> <span class='ocrx_word' id='word_1_350' title='bbox 555 3143 666 3181; x_wconf 74' lang='lat' dir='ltr'><strong>ocutis</strong></span> <span class='ocrx_word' id='word_1_351' title='bbox 680 3143 951 3195; x_wconf 77' lang='lat' dir='ltr'><strong>imaginabatur,</strong></span> <span class='ocrx_word' id='word_1_352' title='bbox 968 3145 1002 3183; x_wconf 90' lang='lat' dir='ltr'>in</span> <span class='ocrx_word' id='word_1_353' title='bbox 1026 3156 1162 3186; x_wconf 81' lang='lat' dir='ltr'><strong>tautum</strong></span> <span class='ocrx_word' id='word_1_354' title='bbox 1179 3164 1242 3187; x_wconf 83' lang='lat' dir='ltr'>au—</span> 
     </span>
     <span class='ocr_line' id='line_1_57' title="bbox 297 3207 1243 3261; baseline 0.007 -19"><span class='ocrx_word' id='word_1_355' title='bbox 297 3218 390 3245; x_wconf 57' lang='lat' dir='ltr'><strong>stum</strong></span> <span class='ocrx_word' id='word_1_356' title='bbox 408 3207 448 3244; x_wconf 82' lang='lat' dir='ltr'>iri</span> <span class='ocrx_word' id='word_1_357' title='bbox 465 3207 679 3259; x_wconf 64' lang='lat' dir='ltr'><strong>signitivavit</strong></span> <span class='ocrx_word' id='word_1_358' title='bbox 696 3222 824 3254; x_wconf 65' lang='lat' dir='ltr'><strong>scuit-n,</strong></span> <span class='ocrx_word' id='word_1_359' title='bbox 842 3217 876 3245; x_wconf 86' lang='lat' dir='ltr'>ut</span> <span class='ocrx_word' id='word_1_360' title='bbox 892 3217 924 3245; x_wconf 84' lang='lat' dir='ltr'>et</span> <span class='ocrx_word' id='word_1_361' title='bbox 940 3209 973 3245; x_wconf 87' lang='lat' dir='ltr'>in</span> <span class='ocrx_word' id='word_1_362' title='bbox 985 3208 1113 3247; x_wconf 76' lang='lat' dir='ltr'><strong>multas</strong></span> <span class='ocrx_word' id='word_1_363' title='bbox 1125 3219 1243 3261; x_wconf 73' lang='lat' dir='ltr'><strong>gentes</strong></span> 
     </span>
    </p>
   </div>
   <div class='ocr_carea' id='block_1_13' title="bbox 377 3324 1029 3366">
    <p class='ocr_par' dir='ltr' id='par_1_13' title="bbox 377 3324 1029 3366">
     <span class='ocr_line' id='line_1_58' title="bbox 377 3324 1029 3366; baseline 0.012 -15"><span class='ocrx_word' id='word_1_364' title='bbox 377 3324 475 3357; x_wconf 46' lang='grc' dir='ltr'>ἳμίΙ,</span> <span class='ocrx_word' id='word_1_365' title='bbox 499 3333 525 3354; x_wconf 83' lang='grc' dir='ltr'>ι·ι</span> <span class='ocrx_word' id='word_1_366' title='bbox 554 3331 692 3366; x_wconf 63' lang='lat' dir='ltr'><strong>quntum·</strong></span> <span class='ocrx_word' id='word_1_367' title='bbox 715 3325 740 3355; x_wconf 51' lang='lat'>,51</span> <span class='ocrx_word' id='word_1_368' title='bbox 763 3337 774 3355; x_wconf 72' lang='lat'>:2</span> <span class='ocrx_word' id='word_1_369' title='bbox 813 3341 840 3357; x_wconf 71' lang='lat' dir='ltr'>c:</span> <span class='ocrx_word' id='word_1_370' title='bbox 878 3341 1029 3366; x_wconf 40' lang='lat' dir='ltr'><strong>stiram?-</strong></span> 
     </span>
    </p>
   </div>
   <div class='ocr_carea' id='block_1_14' title="bbox 814 130 1918 168">
    <p class='ocr_par' dir='ltr' id='par_1_14' title="bbox 814 130 1918 168">
     <span class='ocr_line' id='line_1_59' title="bbox 814 130 1918 168; baseline -0.004 -1"><span class='ocrx_word' id='word_1_371' title='bbox 814 136 999 168; x_wconf 71' lang='lat' dir='ltr'>JOANMS</span> <span class='ocrx_word' id='word_1_372' title='bbox 1035 130 1918 164; x_wconf 73' lang='lat' dir='ltr'>CHRYSOST.ARCHIEP0CONSTANT1NOP.</span> 
     </span>
    </p>
   </div>
   <div class='ocr_carea' id='block_1_15' title="bbox 1319 211 2350 1184">
    <p class='ocr_par' dir='ltr' id='par_1_15' title="bbox 1319 211 2350 1184">
     <span class='ocr_line' id='line_1_60' title="bbox 1323 211 2349 269; baseline 0.006 -20"><span class='ocrx_word' id='word_1_373' title='bbox 1323 212 1443 260; x_wconf 87' lang='grc' dir='ltr'>παιδὶ,</span> <span class='ocrx_word' id='word_1_374' title='bbox 1463 211 1566 250; x_wconf 81' lang='grc' dir='ltr'>ἄκουε</span> <span class='ocrx_word' id='word_1_375' title='bbox 1593 229 1655 260; x_wconf 92' lang='grc' dir='ltr'>της</span> <span class='ocrx_word' id='word_1_376' title='bbox 1684 215 1850 268; x_wconf 80' lang='grc' dir='ltr'>Γραφης</span> <span class='ocrx_word' id='word_1_377' title='bbox 1852 218 1969 269; x_wconf 76' lang='grc' dir='ltr'>σαφῶς</span> <span class='ocrx_word' id='word_1_378' title='bbox 1990 217 2028 254; x_wconf 89' lang='grc' dir='ltr'>λε</span> <span class='ocrx_word' id='word_1_379' title='bbox 2014 216 2176 268; x_wconf 70' lang='grc' dir='ltr'>εγούσης,</span> <span class='ocrx_word' id='word_1_380' title='bbox 2196 218 2248 255; x_wconf 80' lang='grc' dir='ltr'>ὅτι</span> <span class='ocrx_word' id='word_1_381' title='bbox 2269 218 2349 256; x_wconf 66' lang='lat' dir='ltr'>Nos</span> 
     </span>
     <span class='ocr_line' id='line_1_61' title="bbox 1323 271 2349 330; baseline 0.006 -21.006"><span class='ocrx_word' id='word_1_382' title='bbox 1323 271 1425 322; x_wconf 85' lang='grc' dir='ltr'>μόνος</span> <span class='ocrx_word' id='word_1_383' title='bbox 1443 272 1566 325; x_wconf 79' lang='grc' dir='ltr'>εὑρέθη</span> <span class='ocrx_word' id='word_1_384' title='bbox 1587 273 1735 321; x_wconf 87' lang='grc' dir='ltr'>δίκαιος,</span> <span class='ocrx_word' id='word_1_385' title='bbox 1753 275 1913 319; x_wconf 81' lang='grc' dir='ltr'>τέλειος</span> <span class='ocrx_word' id='word_1_386' title='bbox 1899 293 1933 314; x_wconf 83' lang='grc' dir='ltr'>εν</span> <span class='ocrx_word' id='word_1_387' title='bbox 1952 280 1995 329; x_wconf 76' lang='grc' dir='ltr'>τῇ</span> <span class='ocrx_word' id='word_1_388' title='bbox 2014 293 2116 330; x_wconf 89' lang='grc' dir='ltr'>γενεα</span> <span class='ocrx_word' id='word_1_389' title='bbox 2135 293 2254 315; x_wconf 89' lang='grc' dir='ltr'>αυτου.</span> <span class='ocrx_word' id='word_1_390' title='bbox 2271 280 2349 316; x_wconf 81' lang='grc' dir='ltr'>Οὐκ</span> 
     </span>
     <span class='ocr_line' id='line_1_62' title="bbox 1323 331 2350 389; baseline 0.007 -21"><span class='ocrx_word' id='word_1_391' title='bbox 1323 331 1363 369; x_wconf 83' lang='grc' dir='ltr'>ἂν</span> <span class='ocrx_word' id='word_1_392' title='bbox 1383 332 1653 383; x_wconf 85' lang='grc' dir='ltr'>παρεσιώπησεν</span> <span class='ocrx_word' id='word_1_393' title='bbox 1678 338 1700 382; x_wconf 81' lang='grc' dir='ltr'>ἡ</span> <span class='ocrx_word' id='word_1_394' title='bbox 1727 338 1756 374; x_wconf 86' lang='grc' dir='ltr'><strong>Γ</strong></span> <span class='ocrx_word' id='word_1_395' title='bbox 1760 336 1872 389; x_wconf 79' lang='grc' dir='ltr'>ραφὴ,</span> <span class='ocrx_word' id='word_1_396' title='bbox 1892 337 1970 376; x_wconf 82' lang='grc' dir='ltr'>οὐδὲ</span> <span class='ocrx_word' id='word_1_397' title='bbox 1999 333 2094 383; x_wconf 71' lang='grc' dir='ltr'>εἷπε,</span> <span class='ocrx_word' id='word_1_398' title='bbox 2117 340 2198 377; x_wconf 70' lang='grc' dir='ltr'>Νῶε</span> <span class='ocrx_word' id='word_1_399' title='bbox 2218 338 2350 381; x_wconf 87' lang='grc' dir='ltr'>δίκαιος</span> 
     </span>
     <span class='ocr_line' id='line_1_63' title="bbox 1324 389 2349 452; baseline 0.005 -21"><span class='ocrx_word' id='word_1_400' title='bbox 1324 393 1425 444; x_wconf 82' lang='grc' dir='ltr'>μόνος</span> <span class='ocrx_word' id='word_1_401' title='bbox 1440 389 1498 443; x_wconf 67' lang='grc' dir='ltr'>ἦν,</span> <span class='ocrx_word' id='word_1_402' title='bbox 1523 397 1554 432; x_wconf 86' lang='grc' dir='ltr'>εἷ</span> <span class='ocrx_word' id='word_1_403' title='bbox 1577 395 1637 434; x_wconf 80' lang='grc' dir='ltr'>καὶ</span> <span class='ocrx_word' id='word_1_404' title='bbox 1666 397 1796 451; x_wconf 79' lang='grc' dir='ltr'>Λάμεχ</span> <span class='ocrx_word' id='word_1_405' title='bbox 1818 402 1836 437; x_wconf 84' lang='grc' dir='ltr'>ὅ</span> <span class='ocrx_word' id='word_1_406' title='bbox 1854 399 1976 437; x_wconf 89' lang='grc' dir='ltr'>τούτου</span> <span class='ocrx_word' id='word_1_407' title='bbox 1994 400 2112 452; x_wconf 81' lang='grc' dir='ltr'>πατὴρ</span> <span class='ocrx_word' id='word_1_408' title='bbox 2131 399 2288 447; x_wconf 85' lang='grc' dir='ltr'>ζηλωτὴς</span> <span class='ocrx_word' id='word_1_409' title='bbox 2306 394 2349 447; x_wconf 66' lang='grc' dir='ltr'>ἦν</span> 
     </span>
     <span class='ocr_line' id='line_1_64' title="bbox 1321 457 2349 514; baseline 0.008 -22"><span class='ocrx_word' id='word_1_410' title='bbox 1321 457 1384 501; x_wconf 68' lang='grc' dir='ltr'>τῆς</span> <span class='ocrx_word' id='word_1_411' title='bbox 1399 459 1458 494; x_wconf 76' lang='grc' dir='ltr'>τοῦ</span> <span class='ocrx_word' id='word_1_412' title='bbox 1484 457 1618 495; x_wconf 85' lang='grc' dir='ltr'>δικαίου</span> <span class='ocrx_word' id='word_1_413' title='bbox 1649 460 1785 511; x_wconf 78' lang='grc' dir='ltr'>ἀρετῆς.</span> <span class='ocrx_word' id='word_1_414' title='bbox 1805 460 1954 499; x_wconf 80' lang='grc' dir='ltr'>Μέλλων</span> <span class='ocrx_word' id='word_1_415' title='bbox 1982 461 2094 500; x_wconf 88' lang='grc' dir='ltr'>τοίνυν</span> <span class='ocrx_word' id='word_1_416' title='bbox 2125 461 2189 509; x_wconf 81' lang='grc' dir='ltr'>τὴν</span> <span class='ocrx_word' id='word_1_417' title='bbox 2213 477 2349 514; x_wconf 84' lang='grc' dir='ltr'>προση-</span> 
     </span>
     <span class='ocr_line' id='line_1_65' title="bbox 1321 517 2350 574; baseline 0.007 -20"><span class='ocrx_word' id='word_1_418' title='bbox 1321 517 1442 569; x_wconf 91' lang='grc' dir='ltr'>γορίαν</span> <span class='ocrx_word' id='word_1_419' title='bbox 1469 519 1656 557; x_wconf 79' lang='grc' dir='ltr'>ἐπιτιθέναι</span> <span class='ocrx_word' id='word_1_420' title='bbox 1684 523 1734 572; x_wconf 86' lang='grc' dir='ltr'>τῷ</span> <span class='ocrx_word' id='word_1_421' title='bbox 1765 522 1884 570; x_wconf 80' lang='grc' dir='ltr'>παιδὶ,</span> <span class='ocrx_word' id='word_1_422' title='bbox 1909 526 2014 574; x_wconf 80' lang='grc' dir='ltr'>φησί·</span> <span class='ocrx_word' id='word_1_423' title='bbox 2035 523 2106 560; x_wconf 84' lang='grc' dir='ltr'>Καὶ</span> <span class='ocrx_word' id='word_1_424' title='bbox 2135 523 2350 570; x_wconf 80' lang='grc' dir='ltr'>κληθήσεται</span> 
     </span>
     <span class='ocr_line' id='line_1_66' title="bbox 1321 576 2350 634; baseline 0.007 -19"><span class='ocrx_word' id='word_1_425' title='bbox 1321 577 1361 616; x_wconf 83' lang='grc' dir='ltr'>τὸ</span> <span class='ocrx_word' id='word_1_426' title='bbox 1379 578 1488 630; x_wconf 85' lang='grc' dir='ltr'>ὄνομα</span> <span class='ocrx_word' id='word_1_427' title='bbox 1514 581 1619 618; x_wconf 81' lang='grc' dir='ltr'>αὐτου</span> <span class='ocrx_word' id='word_1_428' title='bbox 1640 582 1740 619; x_wconf 85' lang='grc' dir='ltr'>Νωε·</span> <span class='ocrx_word' id='word_1_429' title='bbox 1770 576 1869 625; x_wconf 64' lang='grc' dir='ltr'>οἶτος</span> <span class='ocrx_word' id='word_1_430' title='bbox 1899 583 2127 622; x_wconf 84' lang='grc' dir='ltr'>διαναπαύσει</span> <span class='ocrx_word' id='word_1_431' title='bbox 2157 587 2250 634; x_wconf 75' lang='grc' dir='ltr'>ἡμᾶς</span> <span class='ocrx_word' id='word_1_432' title='bbox 2281 584 2350 622; x_wconf 82' lang='grc' dir='ltr'>ἀπὸ</span> 
     </span>
     <span class='ocr_line' id='line_1_67' title="bbox 1323 639 2349 696; baseline 0.007 -20"><span class='ocrx_word' id='word_1_433' title='bbox 1323 641 1391 677; x_wconf 84' lang='grc' dir='ltr'>τῶν</span> <span class='ocrx_word' id='word_1_434' title='bbox 1410 639 1520 692; x_wconf 83' lang='grc' dir='ltr'>ἔργων</span> <span class='ocrx_word' id='word_1_435' title='bbox 1536 644 1651 692; x_wconf 77' lang='grc' dir='ltr'>ἡμῶν,</span> <span class='ocrx_word' id='word_1_436' title='bbox 1670 643 1730 681; x_wconf 86' lang='grc' dir='ltr'>καὶ</span> <span class='ocrx_word' id='word_1_437' title='bbox 1746 645 1815 681; x_wconf 85' lang='grc' dir='ltr'>τῶν</span> <span class='ocrx_word' id='word_1_438' title='bbox 1826 645 1994 695; x_wconf 79' lang='grc' dir='ltr'>λυπηρῶν</span> <span class='ocrx_word' id='word_1_439' title='bbox 2007 660 2076 681; x_wconf 88' lang='grc' dir='ltr'>των</span> <span class='ocrx_word' id='word_1_440' title='bbox 2093 660 2221 696; x_wconf 73' lang='grc' dir='ltr'>χειρων</span> <span class='ocrx_word' id='word_1_441' title='bbox 2235 661 2349 696; x_wconf 79' lang='grc' dir='ltr'>ημυν,</span> 
     </span>
     <span class='ocr_line' id='line_1_68' title="bbox 1323 702 2348 758; baseline 0.006 -20"><span class='ocrx_word' id='word_1_442' title='bbox 1323 716 1381 738; x_wconf 89' lang='grc' dir='ltr'>και</span> <span class='ocrx_word' id='word_1_443' title='bbox 1397 702 1466 740; x_wconf 84' lang='grc' dir='ltr'>ἀπὸ</span> <span class='ocrx_word' id='word_1_444' title='bbox 1485 705 1546 749; x_wconf 69' lang='grc' dir='ltr'>τῆς</span> <span class='ocrx_word' id='word_1_445' title='bbox 1557 719 1637 754; x_wconf 87' lang='grc' dir='ltr'>γης,</span> <span class='ocrx_word' id='word_1_446' title='bbox 1656 707 1698 750; x_wconf 82' lang='grc' dir='ltr'>ἧς</span> <span class='ocrx_word' id='word_1_447' title='bbox 1717 704 1945 758; x_wconf 76' lang='grc' dir='ltr'><strong>κατηράσατο</strong></span> <span class='ocrx_word' id='word_1_448' title='bbox 1964 705 2126 757; x_wconf 69' lang='grc' dir='ltr'>Κύριος’</span> <span class='ocrx_word' id='word_1_449' title='bbox 2114 722 2131 743; x_wconf 88' lang='grc' dir='ltr'>ο</span> <span class='ocrx_word' id='word_1_450' title='bbox 2151 705 2252 749; x_wconf 88' lang='grc' dir='ltr'>Θεός.</span> <span class='ocrx_word' id='word_1_451' title='bbox 2274 705 2348 744; x_wconf 89' lang='grc' dir='ltr'>Πό-</span> 
     </span>
     <span class='ocr_line' id='line_1_69' title="bbox 1324 763 2347 819; baseline 0.004 -19"><span class='ocrx_word' id='word_1_452' title='bbox 1324 765 1392 808; x_wconf 85' lang='grc' dir='ltr'>θεν,</span> <span class='ocrx_word' id='word_1_453' title='bbox 1410 763 1487 802; x_wconf 84' lang='grc' dir='ltr'>εἶπέ</span> <span class='ocrx_word' id='word_1_454' title='bbox 1509 780 1590 815; x_wconf 84' lang='grc' dir='ltr'>μοι,</span> <span class='ocrx_word' id='word_1_455' title='bbox 1612 765 1734 818; x_wconf 81' lang='grc' dir='ltr'>ἐκείνῳ</span> <span class='ocrx_word' id='word_1_456' title='bbox 1752 770 1773 813; x_wconf 81' lang='grc' dir='ltr'>ἡ</span> <span class='ocrx_word' id='word_1_457' title='bbox 1792 769 1919 819; x_wconf 90' lang='grc' dir='ltr'>γνῶσις</span> <span class='ocrx_word' id='word_1_458' title='bbox 1941 768 2010 804; x_wconf 88' lang='grc' dir='ltr'>τῶν</span> <span class='ocrx_word' id='word_1_459' title='bbox 2031 766 2139 818; x_wconf 86' lang='grc' dir='ltr'>μελλ</span> <span class='ocrx_word' id='word_1_460' title='bbox 2121 782 2229 804; x_wconf 89' lang='grc' dir='ltr'>οντων</span> <span class='ocrx_word' id='word_1_461' title='bbox 2255 767 2347 819; x_wconf 82' lang='grc' dir='ltr'>γίνε-</span> 
     </span>
     <span class='ocr_line' id='line_1_70' title="bbox 1325 825 2349 881; baseline 0.005 -20"><span class='ocrx_word' id='word_1_462' title='bbox 1325 826 1403 861; x_wconf 84' lang='grc' dir='ltr'>σθαι</span> <span class='ocrx_word' id='word_1_463' title='bbox 1424 825 1512 875; x_wconf 85' lang='grc' dir='ltr'>μετὰ</span> <span class='ocrx_word' id='word_1_464' title='bbox 1540 825 1711 870; x_wconf 83' lang='grc' dir='ltr'>τοσαύτας</span> <span class='ocrx_word' id='word_1_465' title='bbox 1730 827 1866 880; x_wconf 74' lang='grc' dir='ltr'>γενεάς,</span> <span class='ocrx_word' id='word_1_466' title='bbox 1885 826 2112 873; x_wconf 73' lang='grc' dir='ltr'>Κληθῆσεται</span> <span class='ocrx_word' id='word_1_467' title='bbox 2133 827 2201 880; x_wconf 85' lang='grc' dir='ltr'>γὰρ</span> <span class='ocrx_word' id='word_1_468' title='bbox 2213 859 2224 875; x_wconf 90' lang='grc'>,</span> <span class='ocrx_word' id='word_1_469' title='bbox 2243 828 2349 881; x_wconf 76' lang='grc' dir='ltr'>φησὶ,</span> 
     </span>
     <span class='ocr_line' id='line_1_71' title="bbox 1324 881 2347 941; baseline 0.005 -19"><span class='ocrx_word' id='word_1_470' title='bbox 1324 885 1425 923; x_wconf 85' lang='grc' dir='ltr'>Νῶε·</span> <span class='ocrx_word' id='word_1_471' title='bbox 1456 881 1554 930; x_wconf 64' lang='grc' dir='ltr'>οὗτος</span> <span class='ocrx_word' id='word_1_472' title='bbox 1589 887 1656 940; x_wconf 85' lang='grc' dir='ltr'>γὰρ</span> <span class='ocrx_word' id='word_1_473' title='bbox 1686 889 1915 927; x_wconf 77' lang='grc' dir='ltr'>ὃιαναπαύσει</span> <span class='ocrx_word' id='word_1_474' title='bbox 1955 893 2061 940; x_wconf 80' lang='grc' dir='ltr'>ἡμᾶς.</span> <span class='ocrx_word' id='word_1_475' title='bbox 2099 888 2152 928; x_wconf 88' lang='lat' dir='ltr'>To</span> <span class='ocrx_word' id='word_1_476' title='bbox 2189 891 2270 927; x_wconf 72' lang='grc' dir='ltr'>Νῶε</span> <span class='ocrx_word' id='word_1_477' title='bbox 2304 906 2347 941; x_wconf 88' lang='grc' dir='ltr'>τῃ</span> 
     </span>
     <span class='ocr_line' id='line_1_72' title="bbox 1321 943 2348 1002; baseline 0.006 -20.071"><span class='ocrx_word' id='word_1_478' title='bbox 1321 943 1498 997; x_wconf 66' lang='grc' dir='ltr'>ἙΕραίων</span> <span class='ocrx_word' id='word_1_479' title='bbox 1533 948 1703 1001; x_wconf 80' lang='grc' dir='ltr'>διαλέκτῳ</span> <span class='ocrx_word' id='word_1_480' title='bbox 1744 949 1937 993; x_wconf 83' lang='grc' dir='ltr'>ἀνάπαυσις</span> <span class='ocrx_word' id='word_1_481' title='bbox 1976 950 2126 1002; x_wconf 81' lang='grc' dir='ltr'>λέγεται.</span> <span class='ocrx_word' id='word_1_482' title='bbox 2157 949 2260 988; x_wconf 86' lang='grc' dir='ltr'>Επεὶ</span> <span class='ocrx_word' id='word_1_483' title='bbox 2290 954 2348 988; x_wconf 86' lang='grc' dir='ltr'>οὖν</span> 
     </span>
     <span class='ocr_line' id='line_1_73' title="bbox 1321 1006 2348 1082; baseline 0.006 -39"><span class='ocrx_word' id='word_1_484' title='bbox 1321 1010 1417 1049; x_wconf 84' lang='grc' dir='ltr'>οὗτος</span> <span class='ocrx_word' id='word_1_485' title='bbox 1433 1006 1494 1057; x_wconf 83' lang='grc' dir='ltr'>ἔμε</span> <span class='ocrx_word' id='word_1_486' title='bbox 1496 1008 1574 1082; x_wconf 63' lang='grc' dir='ltr'>λλε,</span> <span class='ocrx_word' id='word_1_487' title='bbox 1594 1013 1654 1046; x_wconf 82' lang='grc' dir='ltr'>τοῦ</span> <span class='ocrx_word' id='word_1_488' title='bbox 1681 1009 1844 1060; x_wconf 82' lang='grc' dir='ltr'>ναυαγίου</span> <span class='ocrx_word' id='word_1_489' title='bbox 1864 1010 1995 1048; x_wconf 81' lang='grc' dir='ltr'>ἐκείνου</span> <span class='ocrx_word' id='word_1_490' title='bbox 2019 1011 2348 1061; x_wconf 68' lang='grc' dir='ltr'>καταλαμέάνοντος</span> 
     </span>
     <span class='ocr_line' id='line_1_74' title="bbox 1320 1066 2347 1122; baseline 0.005 -18.034"><span class='ocrx_word' id='word_1_491' title='bbox 1320 1066 1382 1114; x_wconf 83' lang='grc' dir='ltr'>τὴν</span> <span class='ocrx_word' id='word_1_492' title='bbox 1416 1068 1635 1119; x_wconf 82' lang='grc' dir='ltr'>οἰκουμένην,</span> <span class='ocrx_word' id='word_1_493' title='bbox 1669 1069 1770 1120; x_wconf 86' lang='grc' dir='ltr'>μόνος</span> <span class='ocrx_word' id='word_1_494' title='bbox 1799 1070 2046 1118; x_wconf 80' lang='grc' dir='ltr'>διασωζεσθαι,</span> <span class='ocrx_word' id='word_1_495' title='bbox 2087 1087 2146 1108; x_wconf 90' lang='grc' dir='ltr'>και</span> <span class='ocrx_word' id='word_1_496' title='bbox 2181 1087 2224 1122; x_wconf 88' lang='grc' dir='ltr'>τῃ</span> <span class='ocrx_word' id='word_1_497' title='bbox 2259 1072 2347 1122; x_wconf 83' lang='grc' dir='ltr'>μετὰ</span> 
     </span>
     <span class='ocr_line' id='line_1_75' title="bbox 1319 1129 2344 1184; baseline 0.006 -20"><span class='ocrx_word' id='word_1_498' title='bbox 1319 1130 1430 1166; x_wconf 78' lang='grc' dir='ltr'>ταυτα</span> <span class='ocrx_word' id='word_1_499' title='bbox 1452 1135 1555 1181; x_wconf 81' lang='grc' dir='ltr'>γενεᾷ</span> <span class='ocrx_word' id='word_1_500' title='bbox 1573 1129 1688 1182; x_wconf 80' lang='grc' dir='ltr'>ἀρχην</span> <span class='ocrx_word' id='word_1_501' title='bbox 1713 1146 1790 1168; x_wconf 89' lang='grc' dir='ltr'>τινα</span> <span class='ocrx_word' id='word_1_502' title='bbox 1815 1137 2012 1184; x_wconf 77' lang='grc' dir='ltr'>παρασχεῖν</span> <span class='ocrx_word' id='word_1_503' title='bbox 2031 1134 2094 1177; x_wconf 80' lang='grc' dir='ltr'>τῆς</span> <span class='ocrx_word' id='word_1_504' title='bbox 2125 1132 2344 1177; x_wconf 80' lang='grc' dir='ltr'>συστάσεως,</span> 
     </span>
    </p>
   </div>
   <div class='ocr_carea' id='block_1_16' title="bbox 1319 1187 2399 1243">
    <p class='ocr_par' dir='ltr' id='par_1_16' title="bbox 1319 1187 2399 1243">
     <span class='ocr_line' id='line_1_76' title="bbox 1319 1187 2399 1243; baseline 0.006 -18"><span class='ocrx_word' id='word_1_505' title='bbox 1319 1187 1376 1225; x_wconf 77' lang='grc' dir='ltr'>Οῑὰ</span> <span class='ocrx_word' id='word_1_506' title='bbox 1394 1205 1452 1227; x_wconf 76' lang='grc' dir='ltr'>του</span> <span class='ocrx_word' id='word_1_507' title='bbox 1457 1205 1496 1227; x_wconf 76' lang='grc' dir='ltr'>τΟ</span> <span class='ocrx_word' id='word_1_508' title='bbox 1515 1206 1632 1243; x_wconf 68' lang='grc' dir='ltr'>φησιν,</span> <span class='ocrx_word' id='word_1_509' title='bbox 1648 1193 1762 1235; x_wconf 70' lang='grc' dir='ltr'>ΟυτΟς</span> <span class='ocrx_word' id='word_1_510' title='bbox 1791 1192 2017 1230; x_wconf 75' lang='grc' dir='ltr'>Οἱαναπαύσεῑ</span> <span class='ocrx_word' id='word_1_511' title='bbox 2047 1209 2160 1243; x_wconf 72' lang='grc' dir='ltr'>ημας,</span> <span class='ocrx_word' id='word_1_512' title='bbox 2192 1193 2347 1231; x_wconf 75' lang='grc' dir='ltr'>ἀναπαυ-</span> <span class='ocrx_word' id='word_1_513' title='bbox 2396 1239 2399 1241; x_wconf 29' lang='lat'><strong>¹</strong></span> 
     </span>
    </p>
   </div>
   <div class='ocr_carea' id='block_1_17' title="bbox 1317 1249 2350 1734">
    <p class='ocr_par' dir='ltr' id='par_1_17' title="bbox 1317 1249 2350 1734">
     <span class='ocr_line' id='line_1_77' title="bbox 1319 1249 2348 1306; baseline 0.005 -19"><span class='ocrx_word' id='word_1_514' title='bbox 1319 1265 1373 1287; x_wconf 86' lang='grc' dir='ltr'>σιν</span> <span class='ocrx_word' id='word_1_515' title='bbox 1392 1249 1449 1288; x_wconf 81' lang='grc' dir='ltr'>τὸν</span> <span class='ocrx_word' id='word_1_516' title='bbox 1480 1252 1727 1302; x_wconf 83' lang='grc' dir='ltr'>κατακλυσμὸν</span> <span class='ocrx_word' id='word_1_517' title='bbox 1756 1254 1883 1291; x_wconf 87' lang='grc' dir='ltr'>καλῶν.</span> <span class='ocrx_word' id='word_1_518' title='bbox 1916 1254 2085 1306; x_wconf 77' lang='grc' dir='ltr'>Καθάπερ</span> <span class='ocrx_word' id='word_1_519' title='bbox 2117 1253 2185 1306; x_wconf 78' lang='grc' dir='ltr'>γὰρ</span> <span class='ocrx_word' id='word_1_520' title='bbox 2210 1270 2348 1306; x_wconf 82' lang='grc' dir='ltr'>κεκμη-</span> 
     </span>
     <span class='ocr_line' id='line_1_78' title="bbox 1319 1313 2346 1364; baseline 0.004 -16"><span class='ocrx_word' id='word_1_521' title='bbox 1319 1317 1418 1349; x_wconf 86' lang='grc' dir='ltr'>κυῖαν</span> <span class='ocrx_word' id='word_1_522' title='bbox 1434 1313 1496 1359; x_wconf 78' lang='grc' dir='ltr'>τὴν</span> <span class='ocrx_word' id='word_1_523' title='bbox 1516 1316 1580 1364; x_wconf 71' lang='grc' dir='ltr'>γῆν</span> <span class='ocrx_word' id='word_1_524' title='bbox 1600 1320 1716 1351; x_wconf 81' lang='grc' dir='ltr'>πᾶσαν</span> <span class='ocrx_word' id='word_1_525' title='bbox 1737 1315 1776 1352; x_wconf 80' lang='grc' dir='ltr'>ἐκ</span> <span class='ocrx_word' id='word_1_526' title='bbox 1802 1317 1864 1360; x_wconf 73' lang='grc' dir='ltr'>τῆς</span> <span class='ocrx_word' id='word_1_527' title='bbox 1887 1317 1957 1352; x_wconf 83' lang='grc' dir='ltr'>τῶν</span> <span class='ocrx_word' id='word_1_528' title='bbox 1987 1315 2210 1353; x_wconf 79' lang='grc' dir='ltr'>ἐνοικούντων</span> <span class='ocrx_word' id='word_1_529' title='bbox 2237 1332 2346 1362; x_wconf 85' lang='grc' dir='ltr'>πονη-</span> 
     </span>
     <span class='ocr_line' id='line_1_79' title="bbox 1320 1371 2349 1429; baseline 0.006 -20"><span class='ocrx_word' id='word_1_530' title='bbox 1320 1371 1413 1423; x_wconf 80' lang='grc' dir='ltr'>ρίας,</span> <span class='ocrx_word' id='word_1_531' title='bbox 1449 1373 1508 1411; x_wconf 79' lang='grc' dir='ltr'>καὶ</span> <span class='ocrx_word' id='word_1_532' title='bbox 1547 1374 1680 1421; x_wconf 80' lang='grc' dir='ltr'>πολλὴν</span> <span class='ocrx_word' id='word_1_533' title='bbox 1715 1375 1777 1421; x_wconf 70' lang='grc' dir='ltr'>τὴν</span> <span class='ocrx_word' id='word_1_534' title='bbox 1812 1376 1926 1426; x_wconf 85' lang='grc' dir='ltr'>λύμην</span> <span class='ocrx_word' id='word_1_535' title='bbox 1967 1375 2156 1429; x_wconf 73' lang='grc' dir='ltr'>δεχομένην</span> <span class='ocrx_word' id='word_1_536' title='bbox 2191 1377 2298 1415; x_wconf 81' lang='grc' dir='ltr'>ἐλθὼν</span> <span class='ocrx_word' id='word_1_537' title='bbox 2331 1381 2349 1415; x_wconf 82' lang='grc' dir='ltr'>ὃ</span> 
     </span>
     <span class='ocr_line' id='line_1_80' title="bbox 1319 1434 2350 1490; baseline 0.005 -18"><span class='ocrx_word' id='word_1_538' title='bbox 1319 1434 1564 1486; x_wconf 82' lang='grc' dir='ltr'>κατακλυσμὸς</span> <span class='ocrx_word' id='word_1_539' title='bbox 1584 1436 1641 1474; x_wconf 79' lang='grc' dir='ltr'>διὰ</span> <span class='ocrx_word' id='word_1_540' title='bbox 1666 1439 1728 1483; x_wconf 83' lang='grc' dir='ltr'>τ’ῆς</span> <span class='ocrx_word' id='word_1_541' title='bbox 1748 1438 1816 1473; x_wconf 89' lang='grc' dir='ltr'>τῶν</span> <span class='ocrx_word' id='word_1_542' title='bbox 1836 1437 1969 1475; x_wconf 79' lang='grc' dir='ltr'>ὑδάτων</span> <span class='ocrx_word' id='word_1_543' title='bbox 1990 1445 2116 1490; x_wconf 67' lang='grc' dir='ltr'>φορᾶς,</span> <span class='ocrx_word' id='word_1_544' title='bbox 2138 1439 2196 1476; x_wconf 70' lang='grc' dir='ltr'>καὶ</span> <span class='ocrx_word' id='word_1_545' title='bbox 2216 1439 2350 1486; x_wconf 82' lang='grc' dir='ltr'>στήσας</span> 
     </span>
     <span class='ocr_line' id='line_1_81' title="bbox 1318 1497 2349 1552; baseline 0.005 -19"><span class='ocrx_word' id='word_1_546' title='bbox 1318 1498 1386 1533; x_wconf 86' lang='grc' dir='ltr'>τῶν</span> <span class='ocrx_word' id='word_1_547' title='bbox 1412 1500 1598 1548; x_wconf 71' lang='grc' dir='ltr'>μοχθηρῶν</span> <span class='ocrx_word' id='word_1_548' title='bbox 1627 1498 1759 1549; x_wconf 84' lang='grc' dir='ltr'>ἀνδρῶν</span> <span class='ocrx_word' id='word_1_549' title='bbox 1780 1497 1919 1536; x_wconf 79' lang='grc' dir='ltr'>ἐκείνων</span> <span class='ocrx_word' id='word_1_550' title='bbox 1940 1499 2002 1546; x_wconf 69' lang='grc' dir='ltr'>τὴν</span> <span class='ocrx_word' id='word_1_551' title='bbox 2022 1501 2204 1552; x_wconf 88' lang='grc' dir='ltr'>πονηρίαν,</span> <span class='ocrx_word' id='word_1_552' title='bbox 2228 1500 2292 1547; x_wconf 76' lang='grc' dir='ltr'>τήν</span> <span class='ocrx_word' id='word_1_553' title='bbox 2311 1516 2349 1538; x_wconf 86' lang='grc' dir='ltr'>τε</span> 
     </span>
     <span class='ocr_line' id='line_1_82' title="bbox 1317 1557 2347 1630; baseline 0.004 -36"><span class='ocrx_word' id='word_1_554' title='bbox 1317 1559 1383 1630; x_wconf 73' lang='grc' dir='ltr'>γῆν</span> <span class='ocrx_word' id='word_1_555' title='bbox 1403 1557 1606 1610; x_wconf 79' lang='grc' dir='ltr'>ἐξεκάθηρεν</span> <span class='ocrx_word' id='word_1_556' title='bbox 1625 1557 1820 1611; x_wconf 80' lang='grc' dir='ltr'>ἀκάθαρτον</span> <span class='ocrx_word' id='word_1_557' title='bbox 1838 1559 2074 1610; x_wconf 77' lang='grc' dir='ltr'>γεγενημένην</span> <span class='ocrx_word' id='word_1_558' title='bbox 2105 1560 2161 1598; x_wconf 75' lang='grc' dir='ltr'>διὰ</span> <span class='ocrx_word' id='word_1_559' title='bbox 2190 1561 2253 1608; x_wconf 85' lang='grc' dir='ltr'>τὴν</span> <span class='ocrx_word' id='word_1_560' title='bbox 2279 1563 2347 1599; x_wconf 87' lang='grc' dir='ltr'>τῶν</span> 
     </span>
     <span class='ocr_line' id='line_1_83' title="bbox 1319 1617 2349 1675; baseline 0.006 -21"><span class='ocrx_word' id='word_1_561' title='bbox 1319 1617 1541 1656; x_wconf 81' lang='grc' dir='ltr'>ἐνοικούντων</span> <span class='ocrx_word' id='word_1_562' title='bbox 1574 1620 1781 1672; x_wconf 70' lang='grc' dir='ltr'>μοχθηρίαν,</span> <span class='ocrx_word' id='word_1_563' title='bbox 1801 1620 1981 1664; x_wconf 73' lang='grc' dir='ltr'>κάκείνους</span> <span class='ocrx_word' id='word_1_564' title='bbox 2002 1622 2056 1659; x_wconf 80' lang='grc' dir='ltr'>διὰ</span> <span class='ocrx_word' id='word_1_565' title='bbox 2086 1638 2150 1668; x_wconf 91' lang='grc' dir='ltr'>της</span> <span class='ocrx_word' id='word_1_566' title='bbox 2177 1623 2349 1675; x_wconf 81' lang='grc' dir='ltr'>τιμωρίας</span> 
     </span>
     <span class='ocr_line' id='line_1_84' title="bbox 1319 1678 2346 1734; baseline 0.006 -19"><span class='ocrx_word' id='word_1_567' title='bbox 1319 1678 1505 1716; x_wconf 80' lang='grc' dir='ltr'>ἀνέπαυσε.</span> <span class='ocrx_word' id='word_1_568' title='bbox 1543 1679 1702 1723; x_wconf 86' lang='grc' dir='ltr'>Θάνατος</span> <span class='ocrx_word' id='word_1_569' title='bbox 1733 1680 1822 1732; x_wconf 81' lang='grc' dir='ltr'>γὰρ,</span> <span class='ocrx_word' id='word_1_570' title='bbox 1859 1697 1975 1733; x_wconf 74' lang='grc' dir='ltr'>φησιν,</span> <span class='ocrx_word' id='word_1_571' title='bbox 2009 1682 2106 1734; x_wconf 74' lang='grc' dir='ltr'>ἀνδρι</span> <span class='ocrx_word' id='word_1_572' title='bbox 2137 1683 2346 1727; x_wconf 86' lang='grc' dir='ltr'>ἀνάπαυσις.</span> 
     </span>
    </p>
   </div>
   <div class='ocr_carea' id='block_1_18' title="bbox 1317 1733 2387 1794">
    <p class='ocr_par' dir='ltr' id='par_1_18' title="bbox 1317 1733 2387 1794">
     <span class='ocr_line' id='line_1_85' title="bbox 1317 1733 2387 1794; baseline 0.006 -18"><span class='ocrx_word' id='word_1_573' title='bbox 1317 1733 1456 1782; x_wconf 76' lang='grc' dir='ltr'>Εἶδες</span> <span class='ocrx_word' id='word_1_574' title='bbox 1443 1738 1536 1784; x_wconf 71' lang='grc' dir='ltr'>ὅπως</span> <span class='ocrx_word' id='word_1_575' title='bbox 1564 1740 1624 1778; x_wconf 84' lang='grc' dir='ltr'>καὶ</span> <span class='ocrx_word' id='word_1_576' title='bbox 1651 1741 1708 1779; x_wconf 82' lang='grc' dir='ltr'>διὰ</span> <span class='ocrx_word' id='word_1_577' title='bbox 1737 1741 1893 1779; x_wconf 81' lang='grc' dir='ltr'>ἀπίστων</span> <span class='ocrx_word' id='word_1_578' title='bbox 1913 1743 2082 1786; x_wconf 79' lang='grc' dir='ltr'>πολλάκις</span> <span class='ocrx_word' id='word_1_579' title='bbox 2112 1742 2156 1780; x_wconf 82' lang='grc' dir='ltr'>τὰ</span> <span class='ocrx_word' id='word_1_580' title='bbox 2176 1743 2348 1794; x_wconf 83' lang='grc' dir='ltr'>μέλλοντα</span> <span class='ocrx_word' id='word_1_581' title='bbox 2380 1786 2387 1793; x_wconf 33' lang='lat' dir='ltr'>x</span> 
     </span>
    </p>
   </div>
   <div class='ocr_carea' id='block_1_19' title="bbox 1317 1801 2350 2646">
    <p class='ocr_par' dir='ltr' id='par_1_19' title="bbox 1317 1801 2350 2646">
     <span class='ocr_line' id='line_1_86' title="bbox 1317 1801 2348 1858; baseline 0.004 -18"><span class='ocrx_word' id='word_1_582' title='bbox 1317 1801 1581 1854; x_wconf 75' lang='grc' dir='ltr'>προαηνύεσθαι</span> <span class='ocrx_word' id='word_1_583' title='bbox 1604 1803 1882 1855; x_wconf 79' lang='grc' dir='ltr'>παρασκευάζει;</span> <span class='ocrx_word' id='word_1_584' title='bbox 1905 1804 1974 1842; x_wconf 71' lang='lat' dir='ltr'>&#39;lov</span> <span class='ocrx_word' id='word_1_585' title='bbox 2007 1805 2108 1843; x_wconf 77' lang='grc' dir='ltr'>αὐτὸν</span> <span class='ocrx_word' id='word_1_586' title='bbox 2143 1804 2184 1851; x_wconf 85' lang='grc' dir='ltr'>δὴ</span> <span class='ocrx_word' id='word_1_587' title='bbox 2220 1805 2348 1858; x_wconf 89' lang='grc' dir='ltr'>τρόπον</span> 
     </span>
     <span class='ocr_line' id='line_1_87' title="bbox 1318 1863 2348 1916; baseline 0.002 -14"><span class='ocrx_word' id='word_1_588' title='bbox 1318 1863 1377 1902; x_wconf 80' lang='grc' dir='ltr'>καὶ</span> <span class='ocrx_word' id='word_1_589' title='bbox 1406 1866 1455 1916; x_wconf 80' lang='grc' dir='ltr'>τῷ</span> <span class='ocrx_word' id='word_1_590' title='bbox 1484 1863 1687 1916; x_wconf 72' lang='grc' dir='ltr'>πατριάρχῃ</span> <span class='ocrx_word' id='word_1_591' title='bbox 1716 1864 1754 1902; x_wconf 86' lang='grc' dir='ltr'>τὸ</span> <span class='ocrx_word' id='word_1_592' title='bbox 1785 1864 1894 1914; x_wconf 85' lang='grc' dir='ltr'>ὄνομα</span> <span class='ocrx_word' id='word_1_593' title='bbox 1919 1868 1950 1903; x_wconf 83' lang='grc' dir='ltr'>οἱ</span> <span class='ocrx_word' id='word_1_594' title='bbox 1976 1872 2088 1916; x_wconf 89' lang='grc' dir='ltr'>γονεῖς</span> <span class='ocrx_word' id='word_1_595' title='bbox 2117 1865 2293 1914; x_wconf 80' lang='grc' dir='ltr'>ἐτίθεσαν,</span> <span class='ocrx_word' id='word_1_596' title='bbox 2313 1867 2348 1911; x_wconf 82' lang='grc' dir='ltr'>ἐξ</span> 
     </span>
     <span class='ocr_line' id='line_1_88' title="bbox 1320 1925 2350 1978; baseline 0.004 -16"><span class='ocrx_word' id='word_1_597' title='bbox 1320 1926 1432 1977; x_wconf 72' lang='grc' dir='ltr'>ἀρχῆς</span> <span class='ocrx_word' id='word_1_598' title='bbox 1451 1925 1509 1964; x_wconf 81' lang='grc' dir='ltr'>καὶ</span> <span class='ocrx_word' id='word_1_599' title='bbox 1536 1927 1575 1963; x_wconf 79' lang='grc' dir='ltr'>ἐκ</span> <span class='ocrx_word' id='word_1_600' title='bbox 1593 1925 1785 1978; x_wconf 88' lang='grc' dir='ltr'>προοιμίων</span> <span class='ocrx_word' id='word_1_601' title='bbox 1805 1927 2009 1974; x_wconf 75' lang='grc' dir='ltr'>δηλοῦντες,</span> <span class='ocrx_word' id='word_1_602' title='bbox 2028 1927 2081 1965; x_wconf 78' lang='grc' dir='ltr'>ὅτι</span> <span class='ocrx_word' id='word_1_603' title='bbox 2099 1931 2113 1947; x_wconf 81' lang='lat'>³</span> <span class='ocrx_word' id='word_1_604' title='bbox 2129 1927 2350 1978; x_wconf 86' lang='grc' dir='ltr'>μετανάστης</span> 
     </span>
     <span class='ocr_line' id='line_1_89' title="bbox 1319 1986 2346 2042; baseline 0.003 -18"><span class='ocrx_word' id='word_1_605' title='bbox 1319 1986 1435 2035; x_wconf 85' lang='grc' dir='ltr'>ἔσται,</span> <span class='ocrx_word' id='word_1_606' title='bbox 1456 1986 1516 2024; x_wconf 79' lang='grc' dir='ltr'>καὶ</span> <span class='ocrx_word' id='word_1_607' title='bbox 1535 1986 1692 2038; x_wconf 80' lang='grc' dir='ltr'>περάσας</span> <span class='ocrx_word' id='word_1_608' title='bbox 1709 1986 1768 2024; x_wconf 82' lang='grc' dir='ltr'>τὸν</span> <span class='ocrx_word' id='word_1_609' title='bbox 1788 1987 1945 2039; x_wconf 82' lang='grc' dir='ltr'>ποταμὸν</span> <span class='ocrx_word' id='word_1_610' title='bbox 1977 1987 2034 2025; x_wconf 79' lang='grc' dir='ltr'>ἐπὶ</span> <span class='ocrx_word' id='word_1_611' title='bbox 2064 1987 2127 2035; x_wconf 84' lang='grc' dir='ltr'>τὴν</span> <span class='ocrx_word' id='word_1_612' title='bbox 2160 1988 2346 2042; x_wconf 86' lang='grc' dir='ltr'>ἀλλοτρίαν</span> 
     </span>
     <span class='ocr_line' id='line_1_90' title="bbox 1318 2046 2347 2103; baseline 0.001 -17"><span class='ocrx_word' id='word_1_613' title='bbox 1318 2046 1406 2093; x_wconf 77' lang='grc' dir='ltr'>ἥξει.</span> <span class='ocrx_word' id='word_1_614' title='bbox 1431 2047 1533 2086; x_wconf 79' lang='grc' dir='ltr'>Ἐπεὶ</span> <span class='ocrx_word' id='word_1_615' title='bbox 1562 2047 1689 2096; x_wconf 83' lang='grc' dir='ltr'>τοίνυν,</span> <span class='ocrx_word' id='word_1_616' title='bbox 1710 2047 1818 2101; x_wconf 79' lang='grc' dir='ltr'>φησὶ,</span> <span class='ocrx_word' id='word_1_617' title='bbox 1844 2048 1884 2087; x_wconf 83' lang='grc' dir='ltr'>τὸ</span> <span class='ocrx_word' id='word_1_618' title='bbox 1904 2048 1966 2099; x_wconf 80' lang='grc' dir='ltr'>μὲν</span> <span class='ocrx_word' id='word_1_619' title='bbox 1995 2049 2093 2103; x_wconf 79' lang='grc' dir='ltr'>παρὰ</span> <span class='ocrx_word' id='word_1_620' title='bbox 2122 2051 2189 2088; x_wconf 89' lang='grc' dir='ltr'>τῶν</span> <span class='ocrx_word' id='word_1_621' title='bbox 2219 2049 2347 2102; x_wconf 83' lang='grc' dir='ltr'>γονέων</span> 
     </span>
     <span class='ocr_line' id='line_1_91' title="bbox 1318 2108 2346 2162; baseline 0.005 -17"><span class='ocrx_word' id='word_1_622' title='bbox 1318 2108 1474 2146; x_wconf 79' lang='grc' dir='ltr'>ἐπιτεθὲν</span> <span class='ocrx_word' id='word_1_623' title='bbox 1512 2109 1621 2159; x_wconf 84' lang='grc' dir='ltr'>ὄνομα</span> <span class='ocrx_word' id='word_1_624' title='bbox 1656 2109 1767 2147; x_wconf 81' lang='grc' dir='ltr'>ἐκεῖνό</span> <span class='ocrx_word' id='word_1_625' title='bbox 1800 2125 1855 2148; x_wconf 87' lang='grc' dir='ltr'>σοι</span> <span class='ocrx_word' id='word_1_626' title='bbox 1896 2111 2095 2162; x_wconf 82' lang='grc' dir='ltr'>προεμήνυε</span> <span class='ocrx_word' id='word_1_627' title='bbox 2132 2111 2172 2150; x_wconf 81' lang='grc' dir='ltr'>τὸ</span> <span class='ocrx_word' id='word_1_628' title='bbox 2203 2113 2243 2150; x_wconf 82' lang='grc' dir='ltr'>ἐκ</span> <span class='ocrx_word' id='word_1_629' title='bbox 2277 2113 2346 2149; x_wconf 88' lang='grc' dir='ltr'>τῶν</span> 
     </span>
     <span class='ocr_line' id='line_1_92' title="bbox 1318 2169 2347 2222; baseline 0.005 -16"><span class='ocrx_word' id='word_1_630' title='bbox 1318 2170 1431 2207; x_wconf 81' lang='grc' dir='ltr'>ἐκεῖσε</span> <span class='ocrx_word' id='word_1_631' title='bbox 1450 2170 1598 2207; x_wconf 70' lang='grc' dir='ltr'>ἐνταῦθα</span> <span class='ocrx_word' id='word_1_632' title='bbox 1614 2169 1842 2221; x_wconf 85' lang='grc' dir='ltr'>διαπεράσαι,</span> <span class='ocrx_word' id='word_1_633' title='bbox 1863 2170 1963 2222; x_wconf 79' lang='grc' dir='ltr'>δέχου</span> <span class='ocrx_word' id='word_1_634' title='bbox 1989 2172 2048 2209; x_wconf 84' lang='grc' dir='ltr'>καὶ</span> <span class='ocrx_word' id='word_1_635' title='bbox 2074 2172 2138 2219; x_wconf 80' lang='grc' dir='ltr'>τὴν</span> <span class='ocrx_word' id='word_1_636' title='bbox 2163 2176 2222 2210; x_wconf 73' lang='grc' dir='ltr'>τοῦ</span> <span class='ocrx_word' id='word_1_637' title='bbox 2255 2187 2347 2211; x_wconf 85' lang='grc' dir='ltr'>στοι-</span> 
     </span>
     <span class='ocr_line' id='line_1_93' title="bbox 1317 2229 2347 2284; baseline 0.003 -16"><span class='ocrx_word' id='word_1_638' title='bbox 1317 2229 1412 2282; x_wconf 79' lang='grc' dir='ltr'>χείου</span> <span class='ocrx_word' id='word_1_639' title='bbox 1441 2230 1658 2281; x_wconf 80' lang='grc' dir='ltr'>προσθήκην,</span> <span class='ocrx_word' id='word_1_640' title='bbox 1688 2229 1743 2268; x_wconf 79' lang='grc' dir='ltr'>ἵνα</span> <span class='ocrx_word' id='word_1_641' title='bbox 1773 2230 1886 2283; x_wconf 81' lang='grc' dir='ltr'>μάθῃς</span> <span class='ocrx_word' id='word_1_642' title='bbox 1918 2232 1971 2269; x_wconf 81' lang='grc' dir='ltr'>ὅτι</span> <span class='ocrx_word' id='word_1_643' title='bbox 1990 2232 2090 2270; x_wconf 85' lang='grc' dir='ltr'>τουτό</span> <span class='ocrx_word' id='word_1_644' title='bbox 2118 2249 2171 2271; x_wconf 88' lang='grc' dir='ltr'>σοι</span> <span class='ocrx_word' id='word_1_645' title='bbox 2201 2233 2347 2284; x_wconf 83' lang='grc' dir='ltr'>μηνύει,</span> 
     </span>
     <span class='ocr_line' id='line_1_94' title="bbox 1317 2291 2347 2347; baseline 0.005 -19"><span class='ocrx_word' id='word_1_646' title='bbox 1317 2292 1370 2329; x_wconf 83' lang='grc' dir='ltr'>ὅτι</span> <span class='ocrx_word' id='word_1_647' title='bbox 1388 2292 1526 2328; x_wconf 88' lang='grc' dir='ltr'>πολλων</span> <span class='ocrx_word' id='word_1_648' title='bbox 1547 2291 1689 2330; x_wconf 71' lang='grc' dir='ltr'>ε’θνῶνὲ</span> <span class='ocrx_word' id='word_1_649' title='bbox 1671 2307 1733 2344; x_wconf 86' lang='grc' dir='ltr'>εσῃ</span> <span class='ocrx_word' id='word_1_650' title='bbox 1757 2308 1887 2344; x_wconf 90' lang='grc' dir='ltr'>πατηρ.</span> <span class='ocrx_word' id='word_1_651' title='bbox 1907 2293 2013 2331; x_wconf 73' lang='lat' dir='ltr'><strong>Kou⁰</strong></span> <span class='ocrx_word' id='word_1_652' title='bbox 1993 2309 2056 2346; x_wconf 89' lang='grc' dir='ltr'>ορα</span> <span class='ocrx_word' id='word_1_653' title='bbox 2083 2294 2147 2341; x_wconf 88' lang='grc' dir='ltr'>την</span> <span class='ocrx_word' id='word_1_654' title='bbox 2167 2294 2347 2347; x_wconf 65' lang='grc' dir='ltr'>ἀκρίὸειαν</span> 
     </span>
     <span class='ocr_line' id='line_1_95' title="bbox 1317 2352 2346 2404; baseline 0.004 -14"><span class='ocrx_word' id='word_1_655' title='bbox 1317 2368 1384 2390; x_wconf 89' lang='grc' dir='ltr'>των</span> <span class='ocrx_word' id='word_1_656' title='bbox 1413 2352 1593 2404; x_wconf 74' lang='grc' dir='ltr'>ῥημάτιον.</span> <span class='ocrx_word' id='word_1_657' title='bbox 1620 2354 1697 2391; x_wconf 83' lang='grc' dir='ltr'>Οὐκ</span> <span class='ocrx_word' id='word_1_658' title='bbox 1725 2357 1824 2401; x_wconf 84' lang='grc' dir='ltr'>εἰπε,</span> <span class='ocrx_word' id='word_1_659' title='bbox 1852 2353 1992 2392; x_wconf 91' lang='grc' dir='ltr'>πάντων</span> <span class='ocrx_word' id='word_1_660' title='bbox 2020 2358 2089 2393; x_wconf 87' lang='grc' dir='ltr'>τῶν</span> <span class='ocrx_word' id='word_1_661' title='bbox 2117 2356 2235 2404; x_wconf 80' lang='grc' dir='ltr'>ἐθνῶν,</span> <span class='ocrx_word' id='word_1_662' title='bbox 2255 2356 2346 2394; x_wconf 84' lang='grc' dir='ltr'>ἀλλὰ</span> 
     </span>
     <span class='ocr_line' id='line_1_96' title="bbox 1317 2415 2344 2470; baseline 0.005 -19"><span class='ocrx_word' id='word_1_663' title='bbox 1317 2415 1464 2452; x_wconf 67' lang='grc' dir='ltr'>Πολλῶν</span> <span class='ocrx_word' id='word_1_664' title='bbox 1500 2415 1617 2452; x_wconf 81' lang='grc' dir='ltr'>ἐθνῶν.</span> <span class='ocrx_word' id='word_1_665' title='bbox 1657 2415 1804 2461; x_wconf 79' lang='grc' dir='ltr'>Επειδὴ</span> <span class='ocrx_word' id='word_1_666' title='bbox 1837 2432 1904 2468; x_wconf 91' lang='grc' dir='ltr'>γαρ</span> <span class='ocrx_word' id='word_1_667' title='bbox 1943 2420 1985 2462; x_wconf 84' lang='grc' dir='ltr'>ἠν</span> <span class='ocrx_word' id='word_1_668' title='bbox 2015 2416 2094 2464; x_wconf 84' lang='grc' dir='ltr'>ἔθνη</span> <span class='ocrx_word' id='word_1_669' title='bbox 2128 2417 2187 2455; x_wconf 82' lang='grc' dir='ltr'>καὶ</span> <span class='ocrx_word' id='word_1_670' title='bbox 2218 2417 2344 2470; x_wconf 88' lang='grc' dir='ltr'>ε’τερα,</span> 
     </span>
     <span class='ocr_line' id='line_1_97' title="bbox 1318 2475 2347 2527; baseline 0.005 -15"><span class='ocrx_word' id='word_1_671' title='bbox 1318 2476 1406 2527; x_wconf 86' lang='grc' dir='ltr'>ἅπερ</span> <span class='ocrx_word' id='word_1_672' title='bbox 1425 2475 1570 2526; x_wconf 78' lang='grc' dir='ltr'>ἔμελλεν</span> <span class='ocrx_word' id='word_1_673' title='bbox 1595 2477 1723 2513; x_wconf 81' lang='grc' dir='ltr'>ἐκεῖθεν</span> <span class='ocrx_word' id='word_1_674' title='bbox 1755 2476 1941 2524; x_wconf 80' lang='grc' dir='ltr'>ἐξεῶσθαι,</span> <span class='ocrx_word' id='word_1_675' title='bbox 1971 2477 2028 2515; x_wconf 82' lang='grc' dir='ltr'>ἵνα</span> <span class='ocrx_word' id='word_1_676' title='bbox 2052 2482 2112 2516; x_wconf 78' lang='grc' dir='ltr'>τοῦ</span> <span class='ocrx_word' id='word_1_677' title='bbox 2150 2478 2284 2516; x_wconf 84' lang='grc' dir='ltr'>δικαίου</span> <span class='ocrx_word' id='word_1_678' title='bbox 2308 2479 2347 2517; x_wconf 87' lang='grc' dir='ltr'>τὸ</span> 
     </span>
     <span class='ocr_line' id='line_1_98' title="bbox 1319 2536 2348 2599; baseline 0.002 -24"><span class='ocrx_word' id='word_1_679' title='bbox 1319 2537 1460 2589; x_wconf 84' lang='grc' dir='ltr'>σπέρμα</span> <span class='ocrx_word' id='word_1_680' title='bbox 1487 2536 1627 2583; x_wconf 83' lang='grc' dir='ltr'>δέξηται</span> <span class='ocrx_word' id='word_1_681' title='bbox 1653 2537 1717 2584; x_wconf 84' lang='grc' dir='ltr'>τὴν</span> <span class='ocrx_word' id='word_1_682' title='bbox 1745 2538 1998 2590; x_wconf 86' lang='grc' dir='ltr'>κληρονομίαν,</span> <span class='ocrx_word' id='word_1_683' title='bbox 2019 2539 2076 2576; x_wconf 81' lang='grc' dir='ltr'>διὰ</span> <span class='ocrx_word' id='word_1_684' title='bbox 2108 2541 2209 2576; x_wconf 76' lang='grc' dir='ltr'>τοῦτο’</span> <span class='ocrx_word' id='word_1_685' title='bbox 2241 2555 2348 2599; x_wconf 57' lang='grc' dir='ltr'>φησι,</span> 
     </span>
     <span class='ocr_line' id='line_1_99' title="bbox 2059 2601 2252 2646; baseline 0.01 -7"><span class='ocrx_word' id='word_1_686' title='bbox 2059 2601 2157 2646; x_wconf 76' lang='grc' dir='ltr'>εἰδώς</span> <span class='ocrx_word' id='word_1_687' title='bbox 2191 2618 2252 2641; x_wconf 90' lang='grc' dir='ltr'>σου</span> 
     </span>
    </p>
   </div>
   <div class='ocr_carea' id='block_1_20' title="bbox 1320 2601 2348 2653">
    <p class='ocr_par' dir='ltr' id='par_1_20' title="bbox 1320 2601 2348 2653">
     <span class='ocr_line' id='line_1_100' title="bbox 1320 2601 2348 2653; baseline 0.003 -15"><span class='ocrx_word' id='word_1_688' title='bbox 1320 2601 1463 2653; x_wconf 80' lang='grc' dir='ltr'>Πατέρα</span> <span class='ocrx_word' id='word_1_689' title='bbox 1488 2602 1630 2639; x_wconf 88' lang='grc' dir='ltr'>πολλῶν</span> <span class='ocrx_word' id='word_1_690' title='bbox 1661 2603 1766 2640; x_wconf 80' lang='grc' dir='ltr'>ἐθνῶν</span> <span class='ocrx_word' id='word_1_691' title='bbox 1797 2601 1935 2640; x_wconf 81' lang='grc' dir='ltr'>τέθεικά</span> <span class='ocrx_word' id='word_1_692' title='bbox 1968 2617 2028 2640; x_wconf 91' lang='grc' dir='ltr'>σε·</span> <span class='ocrx_word' id='word_1_693' title='bbox 2284 2607 2348 2650; x_wconf 84' lang='grc' dir='ltr'>της</span> 
     </span>
    </p>
   </div>
   <div class='ocr_carea' id='block_1_21' title="bbox 1320 2667 2348 2791">
    <p class='ocr_par' dir='ltr' id='par_1_21' title="bbox 1320 2667 2348 2791">
     <span class='ocr_line' id='line_1_101' title="bbox 1320 2667 2348 2720; baseline 0.002 -15"><span class='ocrx_word' id='word_1_694' title='bbox 1320 2670 1445 2719; x_wconf 71' lang='grc' dir='ltr'>ἀρετῆς</span> <span class='ocrx_word' id='word_1_695' title='bbox 1481 2668 1521 2707; x_wconf 76' lang='grc' dir='ltr'>τὸ</span> <span class='ocrx_word' id='word_1_696' title='bbox 1556 2668 1719 2720; x_wconf 83' lang='grc' dir='ltr'>μέγεθος,</span> <span class='ocrx_word' id='word_1_697' title='bbox 1751 2669 1890 2706; x_wconf 86' lang='grc' dir='ltr'>πολλῶν</span> <span class='ocrx_word' id='word_1_698' title='bbox 1923 2669 2029 2705; x_wconf 84' lang='grc' dir='ltr'>ἐθνων</span> <span class='ocrx_word' id='word_1_699' title='bbox 2066 2667 2274 2707; x_wconf 81' lang='grc' dir='ltr'>διδάσκαλόν</span> <span class='ocrx_word' id='word_1_700' title='bbox 2308 2685 2348 2709; x_wconf 79' lang='grc' dir='ltr'>σε</span> 
     </span>
     <span class='ocr_line' id='line_1_102' title="bbox 1320 2736 2348 2791; baseline 0.004 -17"><span class='ocrx_word' id='word_1_701' title='bbox 1320 2737 1584 2790; x_wconf 82' lang='grc' dir='ltr'>ἀπεργάσομαι,</span> <span class='ocrx_word' id='word_1_702' title='bbox 1599 2737 1658 2775; x_wconf 82' lang='grc' dir='ltr'>καὶ</span> <span class='ocrx_word' id='word_1_703' title='bbox 1686 2736 1822 2781; x_wconf 81' lang='grc' dir='ltr'>αὐξανω</span> <span class='ocrx_word' id='word_1_704' title='bbox 1850 2752 1888 2775; x_wconf 89' lang='grc' dir='ltr'>σε</span> <span class='ocrx_word' id='word_1_705' title='bbox 1909 2737 1968 2776; x_wconf 88' lang='grc' dir='ltr'>καὶ</span> <span class='ocrx_word' id='word_1_706' title='bbox 1997 2738 2162 2786; x_wconf 85' lang='grc' dir='ltr'>πληθυνῶ</span> <span class='ocrx_word' id='word_1_707' title='bbox 2190 2754 2229 2776; x_wconf 89' lang='grc' dir='ltr'>σε</span> <span class='ocrx_word' id='word_1_708' title='bbox 2261 2739 2348 2791; x_wconf 69' lang='grc' dir='ltr'>σφό-</span> 
     </span>
    </p>
   </div>
   <div class='ocr_carea' id='block_1_22' title="bbox 1320 2805 2348 2858">
    <p class='ocr_par' dir='ltr' id='par_1_22' title="bbox 1320 2805 2348 2858">
     <span class='ocr_line' id='line_1_103' title="bbox 1323 2805 2324 2821; baseline 0.003 -3"><span class='ocrx_word' id='word_1_709' title='bbox 1323 2805 1337 2817; x_wconf 54' lang='lat'>«</span> <span class='ocrx_word' id='word_1_710' title='bbox 1480 2806 1507 2818; x_wconf 58' lang='lat' dir='ltr'>rx</span> <span class='ocrx_word' id='word_1_711' title='bbox 1639 2806 1647 2820; x_wconf 70' lang='grc' dir='ltr'>ι</span> <span class='ocrx_word' id='word_1_712' title='bbox 1711 2805 1720 2818; x_wconf 82' lang='lat' dir='ltr'><em>l</em></span> <span class='ocrx_word' id='word_1_713' title='bbox 1870 2808 1880 2820; x_wconf 80' lang='lat'>·›</span> <span class='ocrx_word' id='word_1_714' title='bbox 1932 2805 1946 2818; x_wconf 70' lang='grc' dir='ltr'>ν</span> <span class='ocrx_word' id='word_1_715' title='bbox 2091 2806 2097 2817; x_wconf 69' lang='grc' dir='ltr'>ι</span> <span class='ocrx_word' id='word_1_716' title='bbox 2251 2812 2264 2818; x_wconf 80' lang='grc'>-</span> <span class='ocrx_word' id='word_1_717' title='bbox 2314 2809 2324 2821; x_wconf 67' lang='lat'><em>9</em></span> 
     </span>
     <span class='ocr_line' id='line_1_104' title="bbox 1320 2808 2348 2858; baseline 0.002 -16"><span class='ocrx_word' id='word_1_718' title='bbox 1320 2820 1402 2856; x_wconf 90' lang='grc' dir='ltr'>ορα,</span> <span class='ocrx_word' id='word_1_719' title='bbox 1422 2820 1554 2858; x_wconf 69' lang='grc' dir='ltr'>σφοορα</span> <span class='ocrx_word' id='word_1_720' title='bbox 1570 2821 1577 2829; x_wconf 89' lang='grc'><em>·</em></span> <span class='ocrx_word' id='word_1_721' title='bbox 1593 2821 1652 2843; x_wconf 88' lang='grc' dir='ltr'>και</span> <span class='ocrx_word' id='word_1_722' title='bbox 1678 2809 1774 2851; x_wconf 88' lang='grc' dir='ltr'>θησω</span> <span class='ocrx_word' id='word_1_723' title='bbox 1794 2821 1833 2843; x_wconf 89' lang='grc' dir='ltr'>σε</span> <span class='ocrx_word' id='word_1_724' title='bbox 1851 2821 1897 2849; x_wconf 89' lang='grc' dir='ltr'>εις</span> <span class='ocrx_word' id='word_1_725' title='bbox 1928 2809 2027 2853; x_wconf 89' lang='grc' dir='ltr'>εθνη,</span> <span class='ocrx_word' id='word_1_726' title='bbox 2045 2822 2103 2844; x_wconf 89' lang='grc' dir='ltr'>και</span> <span class='ocrx_word' id='word_1_727' title='bbox 2126 2808 2280 2857; x_wconf 84' lang='grc' dir='ltr'>βασιλεις</span> <span class='ocrx_word' id='word_1_728' title='bbox 2308 2823 2348 2844; x_wconf 88' lang='grc' dir='ltr'>εκ</span> 
     </span>
    </p>
   </div>
   <div class='ocr_carea' id='block_1_23' title="bbox 1284 2872 2346 2925">
    <p class='ocr_par' dir='ltr' id='par_1_23' title="bbox 1284 2872 2346 2925">
     <span class='ocr_line' id='line_1_105' title="bbox 1284 2872 2346 2925; baseline 0.002 -16"><span class='ocrx_word' id='word_1_729' title='bbox 1284 2898 1291 2908; x_wconf 81' lang='grc'><em>,</em></span> <span class='ocrx_word' id='word_1_730' title='bbox 1318 2877 1378 2911; x_wconf 76' lang='grc' dir='ltr'>σοῦ</span> <span class='ocrx_word' id='word_1_731' title='bbox 1400 2872 1648 2917; x_wconf 80' lang='grc' dir='ltr'>ἐξελεύσονται.</span> <span class='ocrx_word' id='word_1_732' title='bbox 1681 2872 1742 2919; x_wconf 83' lang='grc' dir='ltr'>Μὴ</span> <span class='ocrx_word' id='word_1_733' title='bbox 1773 2873 1892 2916; x_wconf 84' lang='grc' dir='ltr'>ἁπλῶς</span> <span class='ocrx_word' id='word_1_734' title='bbox 1924 2873 2227 2925; x_wconf 78' lang='grc' dir='ltr'>παραδράμωμεν,</span> <span class='ocrx_word' id='word_1_735' title='bbox 2258 2876 2346 2924; x_wconf 83' lang='grc' dir='ltr'>ἀγα-</span> 
     </span>
    </p>
   </div>
   <div class='ocr_carea' id='block_1_24' title="bbox 1314 2937 2351 3196">
    <p class='ocr_par' dir='ltr' id='par_1_24' title="bbox 1314 2937 2351 3196">
     <span class='ocr_line' id='line_1_106' title="bbox 1316 2937 2351 2992; baseline -0.001 -14"><span class='ocrx_word' id='word_1_736' title='bbox 1316 2955 1444 2988; x_wconf 84' lang='grc' dir='ltr'>πη,τοι</span> <span class='ocrx_word' id='word_1_737' title='bbox 1466 2940 1510 2977; x_wconf 85' lang='grc' dir='ltr'>τὰ</span> <span class='ocrx_word' id='word_1_738' title='bbox 1541 2940 1722 2992; x_wconf 83' lang='grc' dir='ltr'>εἰρημένα.</span> <span class='ocrx_word' id='word_1_739' title='bbox 1754 2937 1814 2978; x_wconf 85' lang='grc' dir='ltr'>Αν</span> <span class='ocrx_word' id='word_1_740' title='bbox 1845 2940 1912 2992; x_wconf 86' lang='grc' dir='ltr'>γὰρ</span> <span class='ocrx_word' id='word_1_741' title='bbox 1943 2941 2160 2990; x_wconf 74' lang='grc' dir='ltr'>ἐννοήσωμεν</span> <span class='ocrx_word' id='word_1_742' title='bbox 2189 2944 2249 2978; x_wconf 76' lang='grc' dir='ltr'>τοῦ</span> <span class='ocrx_word' id='word_1_743' title='bbox 2280 2956 2351 2983; x_wconf 62' lang='grc' dir='ltr'>πα,</span> 
     </span>
     <span class='ocr_line' id='line_1_107' title="bbox 1314 3006 2351 3060; baseline 0 -14"><span class='ocrx_word' id='word_1_744' title='bbox 1314 3009 1483 3060; x_wconf 80' lang='grc' dir='ltr'>τριάρχου</span> <span class='ocrx_word' id='word_1_745' title='bbox 1504 3008 1566 3055; x_wconf 81' lang='grc' dir='ltr'>τὴν</span> <span class='ocrx_word' id='word_1_746' title='bbox 1586 3007 1739 3054; x_wconf 85' lang='grc' dir='ltr'>ηλικίαν,</span> <span class='ocrx_word' id='word_1_747' title='bbox 1757 3007 1817 3046; x_wconf 81' lang='grc' dir='ltr'>καὶ</span> <span class='ocrx_word' id='word_1_748' title='bbox 1836 3008 1889 3045; x_wconf 79' lang='grc' dir='ltr'>ὅτι</span> <span class='ocrx_word' id='word_1_749' title='bbox 1907 3009 1942 3045; x_wconf 81' lang='grc' dir='ltr'>ἐν</span> <span class='ocrx_word' id='word_1_750' title='bbox 1963 3006 2102 3059; x_wconf 74' lang='grc' dir='ltr'>ἐσχάτῳ</span> <span class='ocrx_word' id='word_1_751' title='bbox 2120 3007 2212 3060; x_wconf 78' lang='grc' dir='ltr'>γήρᾳ</span> <span class='ocrx_word' id='word_1_752' title='bbox 2239 3012 2351 3046; x_wconf 72' lang='grc' dir='ltr'>ταῦτα</span> 
     </span>
     <span class='ocr_line' id='line_1_108' title="bbox 1316 3074 2349 3127; baseline -0.001 -13"><span class='ocrx_word' id='word_1_753' title='bbox 1316 3077 1476 3122; x_wconf 76' lang='grc' dir='ltr'>ἤκουσεν,</span> <span class='ocrx_word' id='word_1_754' title='bbox 1496 3076 1791 3127; x_wconf 79' lang='grc' dir='ltr'>ἐκπλαγησόμεθα</span> <span class='ocrx_word' id='word_1_755' title='bbox 1818 3074 1880 3122; x_wconf 80' lang='grc' dir='ltr'>τήν</span> <span class='ocrx_word' id='word_1_756' title='bbox 1910 3091 1947 3112; x_wconf 87' lang='grc' dir='ltr'>τε</span> <span class='ocrx_word' id='word_1_757' title='bbox 1973 3078 2031 3113; x_wconf 75' lang='grc' dir='ltr'>τοῦ</span> <span class='ocrx_word' id='word_1_758' title='bbox 2056 3075 2188 3113; x_wconf 80' lang='grc' dir='ltr'>δικαίου</span> <span class='ocrx_word' id='word_1_759' title='bbox 2209 3076 2349 3119; x_wconf 80' lang='grc' dir='ltr'>πίστιν,</span> 
     </span>
     <span class='ocr_line' id='line_1_109' title="bbox 1317 3142 2348 3196; baseline 0.001 -14"><span class='ocrx_word' id='word_1_760' title='bbox 1317 3144 1375 3182; x_wconf 78' lang='grc' dir='ltr'>καὶ</span> <span class='ocrx_word' id='word_1_761' title='bbox 1401 3144 1644 3196; x_wconf 58' lang='grc' dir='ltr'>φιλανθριῖηου</span> <span class='ocrx_word' id='word_1_762' title='bbox 1665 3145 1757 3181; x_wconf 75' lang='grc' dir='ltr'>Θεοῦ</span> <span class='ocrx_word' id='word_1_763' title='bbox 1777 3142 1840 3189; x_wconf 79' lang='grc' dir='ltr'>τὴν</span> <span class='ocrx_word' id='word_1_764' title='bbox 1870 3142 2156 3194; x_wconf 63' lang='grc' dir='ltr'>ὓπερέάλλουσαν</span> <span class='ocrx_word' id='word_1_765' title='bbox 2186 3143 2348 3194; x_wconf 75' lang='grc' dir='ltr'>δύναμιν,</span> 
     </span>
    </p>
   </div>
   <div class='ocr_carea' id='block_1_25' title="bbox 1395 3210 1473 3222">
    <p class='ocr_par' dir='ltr' id='par_1_25' title="bbox 1395 3210 1473 3222">
     <span class='ocr_line' id='line_1_110' title="bbox 1395 3210 1473 3222; baseline 0 0"><span class='ocrx_word' id='word_1_766' title='bbox 1395 3210 1473 3222; x_wconf 54' lang='lat' dir='ltr'>nr«</span> 
     </span>
    </p>
   </div>
   <div class='ocr_carea' id='block_1_26' title="bbox 1319 3210 2347 3263">
    <p class='ocr_par' dir='ltr' id='par_1_26' title="bbox 1319 3210 2347 3263">
     <span class='ocr_line' id='line_1_111' title="bbox 1319 3210 2347 3263; baseline -0.001 -14"><span class='ocrx_word' id='word_1_767' title='bbox 1319 3212 1368 3249; x_wconf 70' lang='grc' dir='ltr'>ὅτι</span> <span class='ocrx_word' id='word_1_768' title='bbox 1391 3227 1424 3254; x_wconf 80' lang='grc' dir='ltr'>ες</span> <span class='ocrx_word' id='word_1_769' title='bbox 1455 3211 1636 3262; x_wconf 84' lang='grc' dir='ltr'>ανθρώπου</span> <span class='ocrx_word' id='word_1_770' title='bbox 1653 3211 1773 3249; x_wconf 79' lang='grc' dir='ltr'>λοιπον</span> <span class='ocrx_word' id='word_1_771' title='bbox 1794 3210 2019 3263; x_wconf 75' lang='grc' dir='ltr'>νεκρ(·)θέντος</span> <span class='ocrx_word' id='word_1_772' title='bbox 2033 3240 2041 3252; x_wconf 82' lang='grc'>,</span> <span class='ocrx_word' id='word_1_773' title='bbox 2061 3214 2106 3254; x_wconf 77' lang='grc' dir='ltr'>ὡς</span> <span class='ocrx_word' id='word_1_774' title='bbox 2134 3214 2254 3254; x_wconf 77' lang='grc' dir='ltr'>εἷπεῖν,</span> <span class='ocrx_word' id='word_1_775' title='bbox 2285 3213 2347 3250; x_wconf 79' lang='grc' dir='ltr'>καὶ</span> 
     </span>
    </p>
   </div>
   <div class='ocr_carea' id='block_1_27' title="bbox 1036 3332 1362 3371">
    <p class='ocr_par' dir='ltr' id='par_1_27' title="bbox 1036 3332 1362 3371">
     <span class='ocr_line' id='line_1_112' title="bbox 1036 3332 1362 3371; baseline -0.003 -11"><span class='ocrx_word' id='word_1_776' title='bbox 1036 3342 1133 3364; x_wconf 26' lang='grc' dir='ltr'>’,σεται</span> <span class='ocrx_word' id='word_1_777' title='bbox 1161 3332 1206 3360; x_wconf 73' lang='grc' dir='ltr'>καὶ</span> <span class='ocrx_word' id='word_1_778' title='bbox 1224 3334 1295 3371; x_wconf 59' lang='grc' dir='ltr'>πῐρό</span> <span class='ocrx_word' id='word_1_779' title='bbox 1306 3343 1362 3365; x_wconf 67' lang='lat'>525.</span> 
     </span>
    </p>
   </div>
  </div>
 </body>
</html>
