2516 3791
96 567 205 605 Epltes.
220 567 249 598 6.

101 616 147 635 12.

85 1714 175 1742 llel2r.
197 1723 240 1743 12.

88 1761 133 1793 ¹4·

84 2742 262 2770 Cen.20.1⁴

302 153 396 200 526
723 172 760 202 S.

298 262 488 304 praesentes
504 263 600 303 sunt,
617 262 651 292 et
669 263 749 306 post
762 255 1010 306 migrationem
1021 269 1065 292 ex
1074 255 1141 292 hac
1151 255 1244 303 vita,

297 327 435 365 magnae
457 314 620 353 utilitatis
639 324 799 353 auctores
817 315 919 352 nobis
939 314 1033 352 sint?
1060 317 1176 364 Atque
1200 315 1246 353 ob

298 387 374 412 eam
393 388 535 413 causam
554 376 691 427 justum
722 375 826 412 illum
848 373 885 411 in
909 374 1066 411 medjum
1091 374 1246 413 adduxi·
1269 389 1294 419 D

297 448 391 483 mus,
420 445 459 472 ut
494 449 575 473 eum
609 448 728 473 omnes
758 447 956 483 sequamur.
990 434 1095 472 Hunc
1135 436 1246 487 igitur

296 508 418 532 omnes
437 495 630 543 imitemur,
645 503 678 531 et
697 493 998 544 concupiscentias
1013 504 1150 534 nostras
1170 497 1245 539 vinf

297 568 428 605 camus,
445 555 660 603 scientesque
674 552 787 602 illud,
807 554 898 591 Non
913 564 969 593 est
987 558 1096 594 nobis
1112 571 1244 610 pugna

297 616 480 654 adversus
511 616 738 665 sanguinem
769 623 807 652 et
843 629 1000 654 carnem
1027 647 1039 664 ,
1065 619 1133 656 sed
1171 620 1242 657 ad-

299 689 424 714 versus
453 677 691 725 principatus
728 682 764 713 et
794 684 1020 726 potestates,
1059 679 1242 719 adversus

295 735 427 771 mundi
465 743 629 772 rectores
666 736 911 774 tenebrarum
954 739 1068 790 hujus
1094 742 1239 788 soeculi,

293 795 342 834 sie
356 808 418 832 nos
442 795 537 847 ipsos
567 808 767 833 armemus:
789 805 822 834 et
846 797 1054 850 cogitantes,
1079 813 1144 838 nos
1165 814 1243 839 cor-

291 869 375 907 pore
411 854 659 904 circumdatos,
692 856 862 896 adversus
903 859 1128 912 incorporeas
1164 862 1245 914 cogi

290 915 442 954 virtutes
458 925 603 962 certare,
622 918 828 956 muniamur
849 921 957 958 armis
981 922 1240 973 spiritualibus.

290 976 439 1028 Propter
456 977 525 1015 hoc
534 977 629 1015 enim
645 978 820 1030 benignus
834 981 1024 1031 Dominus,
1035 983 1120 1033 quia
1137 998 1242 1023 carne

290 1036 408 1074 vestiti
427 1051 562 1085 sumus,
583 1046 616 1075 et
636 1047 685 1075 cst
714 1039 816 1077 nobis
842 1039 1013 1080 adversus
1041 1043 1240 1083 invisibiles

289 1097 437 1135 virtutes
467 1107 657 1149 certamen,
685 1099 879 1138 invisibilia
899 1102 1001 1140 nobis
1026 1106 1240 1156 prceparavit
1264 1116 1287 1145 E

288 1169 401 1205 arma,
426 1165 466 1193 ut
484 1157 621 1194 auxilio
651 1171 832 1196 armoium
860 1167 993 1197 natm-ee
1017 1160 1085 1200 adv
1090 1163 1239 1203 er·sa1ios

289 1229 549 1267 expugnemus.
574 1217 687 1255 Bene
678 1218 788 1270 lgitur
801 1218 950 1258 fidentes
969 1235 1152 1260 armorum
1168 1238 1237 1276 po-

289 1275 419 1325 tentiae,
439 1276 536 1327 quod
552 1291 571 1315 a
591 1247 712 1316 nobiso
707 1287 755 1316 est
776 1279 978 1331 affeiamus,
994 1292 1028 1320 et
1039 1284 1236 1335 poterimus

287 1335 354 1372 hac
368 1336 546 1388 spilituali
579 1347 759 1376 aimatlua
789 1341 931 1393 muniti,
960 1343 1075 1395 ipsam
1101 1344 1237 1384 diaboli

287 1395 413 1434 faciem
430 1397 548 1435 ferire.
567 1399 688 1450 Neque
699 1400 793 1438 enim
810 1402 902 1440 ferre
915 1404 1042 1454 poterit
1060 1404 1235 1457 fulgorem

287 1457 349 1507 qui
364 1457 447 1495 inde
466 1458 661 1510 egreditur,
686 1461 746 1499 sed
761 1462 823 1500 etsi
839 1473 984 1502 conetur
999 1475 1090 1503 stare
1111 1480 1154 1504 ex
1175 1468 1236 1506 ad-

286 1531 399 1567 verso,
422 1520 542 1557 statim
561 1522 808 1560 excaecabitur.
826 1524 898 1562 Ubi
916 1525 1011 1563 enim
1022 1527 1236 1567 continentia

286 1588 319 1617 et
337 1580 514 1629 honestas,
535 1581 624 1619 11131
628 1596 758 1633 umque
778 1584 953 1624 vi1tutum
967 1600 1176 1637 concu1·,sus
1193 1590 1236 1628 il-

285 1639 344 1676 luc
361 1649 393 1677 et
407 1640 460 1678 lal
461 1654 505 1692 ga
525 1641 683 1693 Spiiitus
698 1644 810 1694 glatia
833 1644 987 1685 advolat.
1011 1648 1236 1702 Quapropter

286 1700 418 1739 Paulus
437 1700 601 1740 dicebat:
618 1704 764 1741 Pacem
783 1709 981 1744 sectemini
1003 1722 1090 1746 cum
1112 1714 1236 1748 omni-

287 1761 368 1806 bus,
387 1769 423 1797 et
445 1761 810 1813 sanctficatiorzerrz.
842 1765 1080 1806 Purificemus
1106 1768 1230 1821 igitm,
1247 1758 1294 1822 [⁴36

283 1819 441 1869 obsecro,
486 1821 716 1860 conscientias
757 1833 906 1875 nostias,
940 1834 974 1864 et
1007 1838 1234 1881 extergamus

282 1890 435 1919 mentem
466 1890 649 1919 nosuam.
670 1892 709 1921 ut
731 1884 827 1923 omni
847 1886 991 1926 smdida
1020 1890 1234 1941 cogitatione

281 1941 435 1992 liberati,
449 1942 604 1994 Spiritus
618 1943 770 1994 gratiam
787 1947 892 1984 nohis
908 1949 1152 2001 conciliemus,
1166 1966 1231 1989 su-

281 2016 515 2053 peremusquc
528 2003 663 2041 diaboli
678 2006 967 2075 machinationes,
979 2025 1020 2048 ac
1030 2026 1232 2053 meleamul

281 2063 522 2101 ineffabilibus
537 2065 610 2103 illis
624 2065 725 2104 honis
744 2067 953 2120 fiui,‹*’1atia
965 2081 999 2109 et
1014 2073 1233 2126 benignitate

281 2123 426 2160 Domini
462 2124 572 2161 nostri
595 2126 678 2163 Jesu
705 2127 852 2178 Clnisti,
883 2131 940 2168 cui
970 2146 1051 2171 cum
1072 2135 1176 2173 Patre
1201 2146 1234 2175 et

283 2193 403 2221 sancto
423 2183 560 2235 Spiiitu
581 2186 625 2223 sit
643 2186 767 2237 gloria,
795 2202 888 2228 nunc
909 2201 942 2229 et
969 2207 1119 2246 semper,
1143 2205 1176 2234 et
1198 2197 1231 2234 in

281 2244 408 2282 saecula
422 2245 645 2285 saeculo1·.um
665 2250 790 2286 Amen.

586 2620 794 2659 HOMILIA
812 2622 926 2663 XLV.
1256 2632 1276 2659 [ι

280 2736 327 2775 Et
341 2739 452 2776 movit
465 2739 563 2777 illinc
582 2741 809 2780 Abrahamin
832 2753 963 2783 terram
982 2760 1106 2785 versus
1129 2749 1227 2786 Afri-

332 2814 425 2843 cum,
446 2809 477 2838 et
489 2801 665 2840 habitavit
685 2804 775 2842 inter
791 2805 913 2856 Gades,
928 2816 962 2845 et
980 2807 1072 2846 inter
1092 2809 1176 2859 Sur,
1196 2819 1229 2849 et

332 2861 538 2911 peregrinus
558 2863 624 2900 suit
644 2863 679 2900 iu
697 2865 855 2903 Geraris.

333 2983 367 3017 4.
385 2982 416 3020 G
423 2981 546 3029 iudeo,
567 2997 648 3022 cum
665 2999 726 3023 vos
742 2986 941 3037 frequenter
960 2989 1064 3029 video
1085 2992 1130 3030 ad
1146 3006 1229 3031 con-

279 3041 415 3079 cionem
445 3057 640 3093 accuirewe,
663 3060 703 3084 ac
718 3061 844 3099 magua
862 3063 943 3088 cum
962 3051 1143 3104 voluptate
1165 3053 1229 3092 do-

277 3103 424 3139 ctrinam
445 3113 597 3142 nostiam
615 3107 806 3159 suscipere,
829 3109 1009 3161 ideoque
1001 3127 1037 3150 in
1055 3113 1131 3152 dies
1153 3128 1227 3152 ma-

274 3163 341 3214 joli
364 3163 544 3201 alaciitatc
556 3179 589 3216 p
582 3180 746 3217 {upercm
760 3168 851 3208 hanc
862 3181 960 3209 nost1
961 3187 1019 3210 un
1033 3183 1066 3212 ct
1083 3183 1222 3213 tenuem

275 3237 431 3261 mensam
459 3225 561 3262 vobis
591 3240 766 3277 apponere
802 3229 935 3269 studeo.
968 3235 1096 3273 Vestra
1129 3236 1221 3275 enim

320 3349 330 3360 —=
348 3336 447 3370 Savil.
467 3346 497 3369 ct
515 3345 656 3381 ‹puutuor
674 3339 746 3372 Mss.
767 3347 877 3376 ἑιείιωμ
897 3350 1097 3380 &mnium-a.

798 174 975 204 JOAMNIS
1011 174 1232 205 CHRYSOST
1241 194 1250 204 ³
1288 177 1445 206 ARCfflE
1451 178 1492 206 P.

1529 178 1612 208 COR
1621 179 1729 211 STAN
1736 181 1886 213 TiNOP.

1317 257 1477 306 νύουσαν,
1497 259 1556 297 καὶ
1576 261 1611 298 ἐν
1626 260 1718 314 μέσῃ
1738 265 1781 313 τῇ
1797 264 1934 317 καμίνῳ
1954 265 2015 312 τὴν
2028 266 2147 318 δρόσον
2165 267 2227 315 τὴν
2241 268 2338 320 παρὰ

1317 321 1377 355 τοῦ
1394 319 1601 371 Πνεύματος
1618 323 1866 398 χαριζομένην.
1888 325 2010 364 Εἴδετε
2024 342 2098 370 πως
2113 329 2145 364 οἱ
2160 328 2315 380 ἐνάρετοι
2326 358 2337 376 ,

1318 379 1410 417 καὶε
1397 381 1545 418 ἐνταῦθα
1569 382 1756 434 παρόντες,
1776 384 1836 422 καὶ
1855 385 1944 435 μετὰ
1964 386 2027 432 τὴν
2051 388 2205 426 ἐντεῦθεν
2223 389 2336 438 μετά-

1319 455 1453 486 στασιν,
1474 443 1642 492 ὠφελείας
1665 447 1750 493 ἡμῖν
1781 445 1943 489 ὑπόθεσις
1975 447 2147 497 γίνονται;
2175 448 2243 486 Διὰ
2269 449 2337 501 γὰρ

1317 505 1418 539 τοῦτο
1441 503 1500 540 τὸν
1517 502 1649 540 δίκαιον
1665 506 1784 542 τοῦτον
1804 506 1852 547 εἷς
1867 506 1970 555 μέσον
1991 511 2048 544 νῦν
2071 508 2337 559 παρηγάγομεν,

1315 561 1372 600 ἵνα
1399 562 1510 615 τούτῳ
1526 562 1653 607 πάντες
1673 564 1850 614 ἑπώμεθα.
1869 568 2003 604 Τοῦτον
2021 562 2079 605 οῦν
2104 567 2253 612 ἅπαντες
2278 572 2337 616 ζη-

1316 623 1501 674 λώσωμεν,
1526 625 1585 662 καὶ
1610 624 1778 676 ἀνώτεροι
1795 628 1864 663 τῶν
1891 627 2022 673 ἡδονῶν
2047 627 2247 679 γενώμεθα,
2275 631 2338 668 καὶ

1316 685 1460 734 εἰδότες,
1477 685 1564 725 (Ότι
1580 689 1643 726 οὐκ
1661 686 1753 725 ἔστιν
1782 691 1866 738 ἡμῖν
1897 692 1918 734 ἡ
1949 688 2045 737 πάλη
2067 690 2151 742 πρὸς
2171 685 2259 741 αἷμα
2277 692 2336 730 καὶ

1316 746 1449 797 σάρκα,
1467 747 1558 785 ἀλλὰ
1590 748 1676 800 πρὸς
1710 749 1771 792 τὰς
1805 750 1936 802 ἀρχὰς,
1956 750 2042 802 πρὸς
2070 750 2133 794 τὰς
2160 751 2335 800 ἐξουσίας,

1314 808 1399 859 πρὸς
1413 808 1491 852 τοὺς
1506 804 1789 862 κοσμοκράτορας
1802 814 1861 848 τοῦ
1883 810 2024 855 σκότους
2044 816 2104 850 τοῦ
2121 815 2242 856 αἰῶνος
2254 813 2334 852 τοῦ-

1314 883 1374 905 του
1388 899 1397 916 ,
1417 869 1524 912 οὕτως
1544 870 1686 914 ἑαυτοὺς
1699 871 1963 922 καθοπλίζωμεν
1974 889 1981 896 ·
2003 874 2062 911 καὶ
2078 875 2270 918 ἐννοοῦντες
2283 875 2337 913 ὅτι

1314 930 1418 979 σῶμα
1451 930 1706 984 περικείμενοι,
1740 932 1825 982 πρὸς
1850 932 2056 983 ἀσωμάτους
2077 934 2238 985 δυνάμεις
2267 951 2335 973 πυ-

1313 989 1448 1028 κτεύειν
1468 991 1735 1042 ἀναγκαζόμεθα
1750 1021 1759 1038 ,
1780 993 2014 1043 φραττώμεθα
2040 1000 2109 1037 τοῖς
2137 994 2256 1038 ὅπλοις
2275 999 2335 1033 τοῦ

1314 1049 1531 1100 Πνεύματος.
1548 1050 1618 1088 ’Διὰ
1633 1051 1701 1103 γὰρ
1720 1055 1822 1089 τοῦτο
1837 1055 1856 1090 ὃ
1874 1053 2116 1105 φιλάνθρωπος
2135 1055 2334 1102 Δεσπότης,

1312 1110 1432 1158 ἐπειδὴ
1457 1111 1571 1163 σάρκα
1589 1112 1826 1163 περικείμενοι
1845 1113 1930 1165 πρὸς
1959 1113 2020 1157 τὰς
2039 1114 2207 1166 ἀοράτους
2227 1116 2333 1154 δυνά-

1314 1189 1389 1223 μεις
1409 1172 1472 1219 τὴν
1489 1173 1604 1219 πάλην
1633 1174 1779 1226 ἔχομεν,
1806 1175 1864 1212 καὶ
1897 1174 1941 1212 τὰ
1970 1175 2062 1213 ὅπλα
2084 1179 2186 1225 ἡμῶν
2201 1176 2334 1228 ἀόρατα

1311 1233 1578 1281 κατεσκεύασεν,
1592 1234 1648 1272 ἵνα
1660 1238 1702 1286 τῇ
1715 1235 1858 1286 δυνάμει
1868 1238 1936 1273 τῶν
1949 1235 2066 1274 ὅπλων
2076 1237 2334 1289 περιγινώμεθα

1310 1297 1372 1340 τῆς
1403 1295 1536 1347 φύσεως
1570 1297 1638 1333 τῶν
1660 1296 1874 1335 ἀντιπάλων.
1906 1298 2129 1349 Θαρροῦντες
2149 1298 2260 1337 τοίνυν
2287 1301 2332 1350 τῇ

1310 1358 1377 1393 τῶν
1399 1355 1516 1394 ὅπλων
1531 1356 1696 1407 δυνάμει,
1714 1357 1758 1395 τὰ
1777 1359 1860 1409 παρ’
1876 1361 2008 1396 ἑαυτῶν
2029 1359 2256 1411 εἶσφέρωμεν,
2272 1361 2333 1398 καὶ

1310 1417 1526 1468 δυνησόμεθα
1539 1420 1582 1469 τῇ
1593 1417 1789 1470 παντευχίᾳ
1802 1418 1911 1469 ταύτῃ
1928 1422 1970 1470 τῇ
1986 1435 2207 1496 πνευματικῃ
2224 1435 2332 1472 φρατ·

1308 1479 1446 1555 τόμενοι
1465 1477 1570 1525 αὐτην
1593 1482 1653 1516 τοῦ
1674 1459 1797 1517 διαὲόλ
1799 1495 1836 1517 ου
1858 1480 2030 1532 συγκόψαι
2043 1480 2106 1527 τὴν
2127 1482 2216 1533 ὄψιν.
2237 1482 2329 1520 Οὖδε

1307 1539 1374 1590 γὰρ
1400 1541 1551 1586 ἐνεγκεῖν
1568 1539 1712 1577 δύναται
1742 1540 1804 1587 τὴν
1836 1542 1990 1578 ἐντεῦθεν
2018 1541 2217 1593 ἀστραπην,
2239 1542 2330 1580 ἀλλὰ

1307 1599 1371 1637 κᾶν
1395 1599 1602 1651 ἐπιχειρησῃ
1632 1603 1758 1646 στῆναι
1788 1599 1855 1644 ἐξ’
1840 1601 2019 1647 εναντίας,
2048 1602 2171 1646 εὐθέως
2192 1605 2328 1641 ἀποτυ-

1305 1661 1451 1712 φλοῦται
1480 1659 1541 1703 τὰς
1560 1660 1668 1712 ὄψεις.
1681 1660 1792 1699 Ἔνθα
1811 1661 1878 1713 γὰρ
1900 1661 1941 1699 ἂν
1969 1657 1991 1714 ἦ
2013 1663 2243 1715 σωφροσύνη,
2269 1664 2331 1701 καὶ

1306 1721 1495 1770 σεμνότης,
1515 1721 1576 1759 καὶ
1593 1721 1705 1767 πολλὴ
1734 1725 1802 1759 τῶν
1823 1721 1937 1759 ἄλλων
1966 1724 2096 1774 ἀρετῶν
2128 1726 2150 1770 ἡ
2172 1723 2329 1770 σύνοδος,

1304 1783 1376 1820 ἐκεῖ
1409 1781 1468 1820 καὶ
1501 1786 1523 1828 ἡ
1557 1786 1615 1820 τοῦ
1650 1782 1854 1833 Πνεύματος
1893 1782 1996 1834 χάρις
2031 1783 2120 1834 μετὰ
2147 1784 2330 1836 δαψιλείας

1303 1843 1505 1894 ἐφίπταται.
1525 1842 1593 1881 Διὰ
1619 1848 1721 1882 τοῦτο
1749 1844 1808 1882 καὶ
1838 1846 1979 1887 Παῦλος
2005 1844 2139 1895 ἔλεγεν·
2172 1845 2328 1897 Εἰρήνην

1304 1903 1446 1942 διώκετε
1467 1903 1555 1955 μετὰ
1573 1904 1726 1953 πάντων,
1746 1905 1804 1942 καὶ
1819 1904 1876 1942 τὸν
1893 1904 2080 1957 ἁγιασμόν.
2101 1905 2329 1958 Ἐκκαθάρω-

1305 1980 1367 2015 μεν
1385 1965 1497 2003 τοίνυν
1515 1967 1662 2013 ἑαυτῶν,
1680 1967 1881 2018 παρακαλῶ
1894 1995 1903 2013 ,
1920 1966 1960 2004 τὸ
1977 1965 2129 2009 συνειδὸς
2140 1994 2149 2011 ,
2164 1965 2222 2004 καὶ
2234 1967 2326 2004 ἀπο-

1304 2025 1489 2077 σμῆξωμεν
1524 2029 1624 2076 ἡμῶν
1653 2026 1711 2064 τὸν
1730 2026 1911 2078 λογισμὸν,
1943 2026 1999 2065 ἵνα
2032 2026 2148 2073 πάσης
2171 2029 2329 2079 ῥυπαρᾶς

1303 2086 1432 2130 ἐννοίας
1446 2086 1712 2138 ἀπηλλαγμένοι
1725 2119 1736 2134 ,
1757 2092 1815 2126 τοῦ
1828 2087 2034 2137 Πνεύματος
2052 2087 2115 2135 τὴν
2130 2087 2232 2140 χάριν
2252 2089 2327 2126 ε’πι-

1304 2147 1520 2198 σπασώμεθα
1533 2177 1542 2194 ,
1577 2147 1636 2184 καὶ
1670 2149 1738 2184 τῶν
1772 2151 1831 2185 τοῦ
1866 2147 2027 2185 διαὸόλου
2062 2148 2326 2199 περιγενώμεθα

1303 2207 1581 2288 μηχανημάτων,
1614 2207 1672 2245 καὶ
1707 2208 1975 2258 καταξιωθῶμεν
2016 2210 2085 2245 τῶν
2116 2209 2325 2261 ἀποῤῥήτων

1329 2284 1398 2306 εκει
1392 2268 1466 2306 ’νων
1479 2270 1616 2319 ἀγαθῶν
1636 2271 1855 2318 ἀπολαῦσαι,
1874 2263 1920 2306 ὧν
1933 2269 2066 2320 γένοιτο
2085 2269 2217 2313 πάντας
2232 2274 2326 2320 ἡμας

1302 2331 1495 2380 επιτυχεῖν,
1516 2329 1636 2381 χάριτι
1656 2329 1714 2367 καὶ
1734 2330 1974 2382 φιλανθρωπίᾳ
1993 2333 2052 2367 τοῦ
2073 2330 2240 2381 Κυρίου
2223 2347 2324 2381 ημων

1302 2389 1417 2435 Ἰησοῦ
1446 2392 1621 2441 Χριστοῦ,
1642 2393 1718 2440 μεθ’
1745 2395 1783 2428 ου
1808 2394 1858 2443 τῷ
1879 2391 1994 2444 Πατρὶ
2012 2392 2073 2437 ἡ
2055 2390 2154 2438 οόξα,
2176 2391 2250 2443 ἅμα
2274 2395 2324 2444 τῷ

1301 2450 1388 2502 ἁγίυ
1409 2452 1610 2501 Πνεύαατι,
1627 2456 1684 2489 νῦν
1706 2468 1763 2489 και
1779 2451 1855 2499 ἀει,
1876 2468 1935 2490 και
1949 2454 1995 2496 εἷς
2014 2467 2092 2495 τους
2113 2454 2239 2496 αἰωνας
2254 2456 2323 2491 τῶν

1302 2511 1446 2549 αἰώνων.
1468 2512 1590 2562 Ἀμήν.

1675 2637 1854 2674 omns
1886 2637 1950 2686 με’.

1301 2755 1369 2793 Καὶ
1401 2754 1559 2801 ἐκίνησεν
1592 2757 1719 2793 ἐκεῖθεν
1744 2754 1901 2807 Ἀδραὰμ
1932 2757 1979 2798 εἷς
2011 2757 2075 2806 γῆν
2108 2755 2192 2807 πρὸς
2218 2755 2320 2804 λίὸα,

1351 2816 1409 2854 καὶ
1445 2815 1582 2866 ᾤκησεν
1613 2815 1679 2853 ἀνὰ
1715 2815 1821 2865 μέσον
1857 2815 1996 2863 Κάδης,
2029 2816 2088 2854 καὶ
2118 2815 2184 2854 ἀνὰ
2214 2815 2319 2867 μέσον

1351 2877 1464 2928 Σοὺρ,
1483 2877 1541 2914 καὶ
1560 2877 1774 2929 παρῴκησεν
1791 2877 1826 2913 ἐν
1848 2877 2026 2929 Γεράροις.

1350 2990 1472 3043 Χαίρω
1491 2994 1578 3043 ὁρῶν
1595 2993 1684 3042 ὑμᾶς
1718 2990 1734 3011 ⁰
1750 2990 2002 3043 συντρέχοντας
2028 2991 2085 3029 ἐπὶ
2116 2990 2178 3038 τὴν
2210 2993 2317 3043 ἀκρό-

1297 3067 1387 3099 ασιν,
1407 3051 1465 3089 καὶ
1492 3051 1580 3102 μετὰ
1608 3053 1740 3098 πολλῆς
1772 3053 1835 3097 τῆς
1864 3052 1989 3097 ἡδονῆς
2017 3051 2224 3103 δεχομένους
2253 3051 2315 3099 τὴν

1295 3114 1378 3164 παρ’
1410 3115 1510 3162 ἡμῶν
1545 3113 1795 3151 διδασκαλίαν·
1816 3111 1875 3150 καὶ
1911 3110 1968 3149 διὰ
1994 3115 2096 3151 τοῦτο
2123 3113 2182 3151 καὶ
2216 3113 2315 3156 αὐτὸς

1296 3173 1385 3224 μετὰ
1411 3174 1567 3217 πλείονος
1594 3177 1656 3220 τῆς
1681 3172 1875 3226 προθυμίας
1905 3174 1982 3210 καθ’
2001 3173 2153 3221 ἑκάστην
2179 3174 2313 3225 ἡμέραν

1294 3239 1373 3285 ὑμῖν
1388 3235 1450 3282 τὴν
1471 3235 1616 3287 πτωχὴν
1637 3238 1737 3285 ἡμῶν
1758 3233 1887 3280 ταύτην
1909 3233 1969 3271 καὶ
1999 3235 2118 3281 εὐτελῆ
2139 3235 2313 3286 τράπεζαν

1346 3352 1361 3374 b
1379 3347 1476 3380 smil.
1493 3355 1521 3380 et
1539 3348 1673 3392 quidam
1689 3349 1762 3382 MS&
1784 3355 1992 3394 σητρέχο-ιτας
2006 3354 2071 3394 περὶ
2094 3358 2156 3387 τήν.
