2516 3791
656 170 698 200 {N
737 169 839 200 CAP-
879 169 958 199 XV.

71 254 279 309 ἐπαγγελίας
291 284 301 303 ,
317 255 419 304 ἡμεῖς
441 249 628 304 θαῤῥῶμεν
640 253 684 303 τῇ
702 256 762 290 τοῦ
780 250 1020 303 ὑποσχομένου
1037 251 1097 288 δυ-

70 318 184 369 νάμει.
207 315 330 357 Πίστις
349 312 416 366 γάρ
436 315 530 360 ἐστι,
548 312 663 355 καθὼς
688 313 748 351 καὶ
768 316 786 351 ὁ
807 312 977 363 μακάριος
996 313 1090 349 Παῦ-
1119 314 1143 343 C
1168 310 1293 348 beatus
1315 311 1446 348 Paulus
1459 309 1522 357 ait,
1536 310 1817 361 sperandarum
1829 309 2049 345 substantia
2064 322 2124 343 re-

69 379 127 422 λός
143 392 260 429 φησιν,
281 373 516 424 ἐλπιζομένων
541 373 732 416 ὑπόστασις
747 373 981 427 πραγμάτιον,
1000 373 1097 422 ἔλεγ-

68 455 129 492 χος
147 440 185 478 οὐ
208 436 433 489 βλεπομένων
446 450 454 458 ·
483 435 541 472 καὶ
560 435 666 473 πάλιν
683 451 691 459 ·
706 434 756 473 “0
786 434 854 486 γὰρ
879 433 1001 485 βλέπει
1027 449 1096 479 τις,

68 501 102 538 τί
118 499 176 537 καὶ
197 497 350 544 ἐλπίζει;
374 496 512 535 Ἐκεῖνο
527 496 639 535 τοίνυν
664 496 737 535 ἐστὶ
755 496 889 542 πίστις,
908 495 990 533 ὅταν
1010 493 1098 532 ἐκεί-

69 575 137 603 νοις
154 558 376 608 πιστεύωμεν
395 562 466 599 τοῖς
488 556 537 607 μὴ
554 557 800 608 βλεπομένοις,
818 555 903 607 πρὸς
921 555 984 602 τὴν
1001 554 1097 598 ἀξιο-

68 619 210 660 πιστίαν
224 623 284 658 τοῦ
302 617 603 670 ἐπαγγειλαμένου
623 618 687 664 τὴν
703 618 856 656 διάνοιαν
876 616 1045 658 τείναντες
1058 631 1065 638 ·
1080 614 1098 652 ὃ

69 681 111 727 δὴ
129 680 186 719 καὶ
203 683 220 718 ὃ
245 681 378 723 δίκαιος
396 673 492 721 οὗτος
511 678 681 724 πεποίηκε
696 708 705 725 ,
724 677 857 723 πολλὴν
873 677 933 715 καὶ
952 675 1098 727 γνησίαν

68 742 185 780 πίστιν
206 739 462 791 ἐπιδειξάμενος
480 739 560 791 περὶ
575 739 619 777 τὰ
639 737 898 789 ἐπαγγελθέντα
911 751 919 759 ·
941 737 984 774 δι’
1006 736 1024 774 ὃ
1040 735 1099 773 καὶ

69 801 344 854 ἀνακηρύττεται
367 799 434 837 ὑπὸ
458 802 521 842 τ’ἧς
555 799 646 842 θείας
667 800 830 850 Γραφῆς·
853 796 1010 848 ἐπήγαγε
1031 796 1099 848 γὰρ

68 863 189 906 εὐθέως
202 892 212 907 ,
237 862 306 900 Καὶ
326 860 527 899 ἐπίστευσεν
546 859 687 911 Ἀδραμ
710 861 760 910 τῷ
780 860 883 909 Θεῷ,
904 857 964 894 καὶ
986 856 1098 909 ἐλογί-

67 927 132 970 σθη
161 923 256 974 αὐτῷ
289 923 336 965 εἷς
358 919 593 966 δικαιοσύνην.
614 913 715 962 Εἶδες
747 921 822 962 πῶς
849 917 909 956 καὶ
941 918 1009 969 πρὸ
1036 922 1099 965 τῆς
1123 925 1146 954 D

67 983 243 1025 ἐκὸἄσεως
261 984 330 1019 τῶν
346 979 642 1032 ἐπαγγελθέντων,
660 980 714 1017 ἐπ’
736 980 831 1030 αὐτῷ
848 981 898 1030 τῷ
913 983 1098 1017 πιστεῦσαι

66 1045 239 1095 ἀρκοῦσαν
257 1042 320 1089 τὴν
354 1041 506 1092 ἀμοιὸὴν
527 1040 685 1087 ἐδέξατο;
708 1041 769 1083 Εἷς
788 1039 856 1092 γὰρ
875 1039 1096 1086 δικαιοσύνην

67 1105 162 1156 αὐτῷ
177 1103 340 1153 ἐλογίσθη
361 1103 401 1140 τὸ
415 1104 602 1140 πιστεῦσαι
618 1103 662 1151 τῇ
682 1099 781 1153 παρὰ
799 1104 858 1138 τοῦ
873 1102 966 1138 Θεοῦ
989 1101 1097 1150 ἐπαγ-

65 1164 162 1216 γελίᾳ
178 1195 187 1210 ,
211 1163 270 1202 καὶ
288 1163 336 1214 μὴ
353 1165 531 1214 λογισμοῖς
555 1161 782 1213 ἀνθρωπίνοις
799 1160 1096 1212 περιεργάσασθαι

63 1226 108 1264 τὰ
123 1225 220 1277 παρὰ
237 1228 296 1262 τοῦ
317 1226 409 1262 Θεοῦ
430 1225 523 1275 αὐτῷ
545 1222 722 1275 εἰρημένα.
742 1221 1000 1272 Παιδευώμεθα
1018 1221 1094 1258 τοί-

64 1302 136 1333 νυν,
158 1286 374 1337 παρακαλῶ,
394 1284 452 1322 καὶ
475 1287 577 1334 ἡμεῖς
598 1283 694 1335 παρὰ
714 1287 774 1321 τοῦ
791 1282 1010 1333 πατριάρχου
1030 1297 1094 1319 πι-

63 1346 197 1386 στεύειν
232 1352 304 1388 τοῖς
331 1344 428 1396 παρὰ
465 1349 525 1383 τοῦ
552 1346 645 1382 Θεοῦ
681 1343 898 1396 εἰρημένοις,
926 1343 986 1380 καὶ
1018 1349 1094 1386 ταῖς

62 1407 293 1460 ὑποσχέσεσιν
311 1409 414 1444 αὐτοῦ
427 1408 581 1459 θαρῤεἷν,
605 1405 664 1443 καὶ
682 1404 731 1455 μὴ
751 1410 822 1447 τοῖς
840 1402 978 1446 οἰκείοις
997 1405 1093 1455 λογι-

63 1474 163 1519 σμοῖς
194 1468 474 1514 κατακολουθεῖν,
501 1466 560 1503 καὶ
589 1465 722 1512 πολλὴν
743 1464 805 1511 τὴν
826 1461 1092 1515 εὐγνωμοσύνην

61 1528 329 1568 ἐπιδείκνυσθαι.
346 1530 460 1566 Τοῦτο
475 1527 543 1579 γὰρ
556 1530 650 1576 ἡμᾶς
669 1525 729 1564 καὶ
747 1523 900 1568 δικαίους
913 1526 1091 1576 ἀποφῆναι

62 1590 264 1636 δυνήσεται,
280 1589 339 1628 καὶ
360 1588 495 1640 ταχέως
514 1586 776 1639 παρασκευάσει
797 1589 865 1623 τῶν
883 1586 966 1637 παρ’
987 1586 1091 1622 αὐτοῦ

60 1650 330 1704 ἐπηγγελμένων
363 1652 552 1702 ἐπιτυχεῖν.
596 1648 701 1687 Ἀλλὰ
746 1650 796 1700 τῷ
835 1647 896 1698 μὲν
930 1646 1091 1698 Ἀδραὰμ

60 1712 293 1763 ἐπηγγείλατο
313 1713 352 1749 ἐκ
371 1714 430 1748 τοῦ
449 1710 648 1763 σπέρματος
664 1711 770 1747 αὐτοῦ
786 1708 974 1760 ὁλόκληρον
993 1709 1089 1754 πλῆ-

60 1776 116 1817 θος
136 1773 369 1824 γενήσεσθαι,
398 1772 457 1809 καὶ
477 1771 565 1823 ὑπὲρ
593 1770 693 1823 φύσιν
718 1770 778 1808 καὶ
802 1769 1007 1808 ἀκολουθίαν
1025 1770 1089 1806 ἀν-

59 1833 236 1885 θρωπίνην
261 1832 305 1870 τὰ
325 1836 386 1878 τῆς
407 1831 618 1883 ἐπαγγελίας
635 1825 693 1878 ἦν,
717 1832 759 1869 δι’
779 1831 797 1870 δ
821 1830 881 1868 καὶ
896 1834 918 1877 ἡ
935 1830 1052 1873 πίστις
1065 1833 1087 1877 ἡ

57 1895 138 1946 περὶ
158 1894 260 1932 αὐτὸν
280 1893 343 1940 τὴν
363 1892 584 1939 δικαιοσύνην
607 1894 703 1944 αὐτῷ
720 1891 900 1942 ἐκόμισεν·
924 1895 1009 1941 ἡμῖν
1031 1890 1064 1928 δὲ
1079 1920 1089 1937 ,

57 1955 116 1994 ἐὰν
131 1956 310 2007 νήφωμεν,
328 1955 448 2006 πολλῷ
465 1954 606 2003 μείζονα
625 1953 809 2004 ὑπέσχετο,
827 1952 886 1990 καὶ
904 1953 1024 2003 πολλῷ
1040 1953 1088 2003 τῷ

58 2018 177 2070 μέτρῳ
207 2017 284 2060 τοὺς
323 2016 558 2067 ἀνθρωπίνους
591 2014 781 2067 λογισμοὺς
818 2013 1089 2068 ὑπερακοντίσαι

57 2079 253 2128 δυνάμεθα·
279 2077 382 2129 μόνον
402 2077 460 2114 ἐὰν
476 2076 719 2127 πιστεύσωμεν
739 2079 782 2127 τῇ
802 2080 862 2114 τοῦ
882 2075 1087 2128 ὑποσχομέ-

55 2155 114 2177 νου
135 2139 297 2190 δυνοίμει,
319 2138 375 2177 ἵνα
394 2138 452 2176 καὶ
475 2137 538 2184 τὴν
555 2139 595 2175 ἐκ
614 2137 766 2181 πίστεως
786 2136 1008 2182 δικαιοσύνην
1029 2151 1088 2174 κο-

56 2199 259 2251 μισώμεθα,
280 2198 339 2237 καὶ
367 2201 435 2236 τῶν
453 2197 723 2249 ἐπηγγελμένων
744 2200 884 2249 ἀγαθῶν
906 2196 1085 2248 ἐπιτύχω-

56 2277 132 2311 μεν.
164 2259 222 2298 Τὰ
245 2259 314 2312 γὰρ
351 2262 436 2310 ἡμῖν
475 2259 630 2310 μάλιστα
664 2258 942 2311 ἔπαγγελθέντα,
971 2258 1087 2297 πάντα
1101 2284 1147 2309 371
1192 2305 1198 2311 ι
1475 2305 1481 2311 ·
1627 2303 1665 2310 ..
1761 2304 1767 2311 ⁸
1862 2303 1868 2309 υ

54 2320 222 2372 λογισμὸν
241 2319 456 2371 ἀνθρώπινον
470 2326 551 2371 νικᾷ
565 2350 575 2367 ,
595 2319 655 2358 καὶ
674 2327 791 2359 πᾶσαν
813 2319 967 2357 διάνοιαν
982 2323 1088 2373 ὓπερ-
1112 2324 1137 2351 Α
1162 2314 1238 2344 vna
1258 2305 1374 2343 ⁵⁰lum
1399 2305 1502 2343 ¹¹⁰b¹⁵
1520 2313 1684 2357 Pronus*t
1705 2303 1813 2356 hulus
1833 2313 1886 2341 VH

55 2381 170 2420 ὅαίνει
185 2398 193 2406 ·
226 2385 372 2420 τοσοῦτο
407 2383 476 2419 τῶν
512 2379 737 2432 ὑποσχέσεων
771 2381 846 2419 ἐστι
874 2379 914 2418 τὸ
933 2380 1087 2432 μέγεθος.

55 2442 148 2482 Οὐδὲ
164 2442 233 2494 γὰρ
249 2442 293 2480 τὰ
310 2443 344 2479 ἐν
365 2444 415 2492 τῷ
436 2440 584 2494 παρόντι
599 2442 701 2492 μόνον
721 2440 895 2493 ὑπέσχετο
910 2470 920 2489 ,
945 2441 1006 2479 καὶ
1027 2445 1089 2488 τῆς

55 2505 201 2542 ἐνταῦθα
224 2504 314 2548 ζωῆς
334 2502 398 2549 τὴν
419 2501 601 2550 σύστασιν,
623 2501 683 2540 καὶ
708 2501 773 2547 τὴν
800 2501 994 2540 ἀπόλαυσιν
1018 2506 1087 2541 τῶν

54 2563 253 2616 ὁρωμένων,
271 2563 360 2600 ἀλλὰ
380 2563 440 2601 καὶ
456 2562 546 2613 μετὰ
558 2562 622 2609 τὴν
642 2565 797 2601 ἐντεῦθεν
817 2561 928 2607 ἔξοδον
945 2562 1004 2601 καὶ
1023 2561 1088 2609 τὴν

55 2627 124 2662 τῶν
146 2624 322 2675 σωμάτων
352 2623 493 2677 φθορὰν,
523 2623 663 2663 ἐπειδὰν
687 2626 734 2668 εἷς
751 2623 882 2676 τέφραν
913 2623 973 2662 καὶ
994 2623 1088 2662 κόνιν

55 2687 199 2737 διαλυθῇ
238 2687 340 2736 ἡμῶν
371 2684 416 2723 τὰ
440 2684 590 2736 σώματα
605 2715 614 2732 ,
646 2685 726 2723 τότε
760 2684 968 2731 ἀναστήσειν
1000 2685 1088 2723 αὐτὰ

55 2747 307 2798 ἐπηγγείλατο,
339 2745 398 2784 καὶ
431 2748 464 2784 ἐν
490 2746 620 2797 μείςονι
650 2746 730 2798 δόξῃ
752 2746 1001 2793 καταστήσειν.
1026 2747 1088 2783 Δεῖ

54 2806 140 2861 γὰρ,
160 2807 262 2859 φησὶν
299 2809 316 2844 ὃ
355 2807 527 2859 μακάριος
559 2809 697 2852 Παῦλος
713 2838 722 2854 ,
755 2808 795 2846 τὸ
814 2807 964 2860 φθαρτὸν
985 2811 1086 2845 τοῦτο

54 2868 261 2907 ἐνδύσασθαι
282 2869 492 2920 ἀφθαρσίαν,
520 2869 578 2907 καὶ
601 2869 641 2908 τὸ
668 2869 792 2915 θνητὸν
813 2873 915 2907 τοῦτο
934 2868 1084 2907 ἐνδύσα-

55 2933 133 2968 σθαι
151 2930 355 2968 ἀθανασίαν.
378 2931 448 2968 Kal
469 2930 559 2980 μετὰ
570 2930 633 2978 τὴν
651 2933 720 2969 τῶν
741 2930 915 2981 σωμάτιον
936 2929 1086 2969 ἀνάστα-

55 3005 108 3028 σιν
146 2994 209 3037 τῆς
248 2990 426 3042 βασιλείας
461 2994 546 3041 ἡμῖν
578 2991 642 3038 τὴν
674 2991 867 3030 ἀπόλαυσιν
900 2993 1085 3042 δωρεῖσθαι

53 3051 240 3104 ὑπέσχετο,
255 3052 313 3089 καὶ
327 3051 391 3098 τὴν
412 3052 500 3102 μετὰ
515 3055 584 3090 τῶν
605 3052 713 3103 ἁγίων
735 3052 924 3103 διαγωγὴν,
942 3052 1001 3090 καὶ
1021 3051 1084 3098 τὴν

54 3113 88 3150 ἐν
106 3112 256 3157 διηνεκεῖ
277 3114 376 3151 αἰῶνι
396 3113 608 3159 ἀπόλαυσιν,
627 3113 687 3151 καὶ
705 3114 748 3152 τὰ
765 3113 948 3166 ἀπόῤῥητα
970 3115 1085 3151 ἐκεῖνα

54 3172 169 3223 ἀγαθὰ
180 3202 190 3219 ,
200 3172 242 3211 Ἃ
257 3174 433 3225 ὀφθαλμὸς
450 3176 511 3212 οὐκ
525 3168 611 3221 εἶδε,
632 3175 691 3212 καὶ
710 3169 768 3218 οἷς
785 3177 845 3212 οὐκ
860 3174 991 3220 ἤκουσε
1001 3204 1010 3222 ,
1023 3173 1085 3212 καὶ

52 3233 110 3272 ἐπὶ
147 3233 292 3284 καρδίαν
314 3234 497 3286 ἀνθρώπου
529 3237 590 3273 οὐκ
610 3236 733 3282 ἀνέὸη.
767 3229 869 3278 Εἶδες
890 3234 982 3282 πόση
1015 3237 1084 3273 τῶν

53 3293 274 3346 ὑποσχέσεων
294 3298 316 3341 ἡ
333 3289 532 3348 ὕπερὸολή,
552 3291 638 3340 εἶδες
654 3298 792 3348 δωρεῶν
814 3295 980 3348 μέγεθος;

105 3355 228 3393 Ταῦτα
260 3357 450 3401 ἐννοοῦντες
464 3387 473 3405 ,
513 3357 574 3396 καὶ
614 3357 742 3401 εἰδότες
773 3357 812 3395 τὸ
841 3357 987 3408 ἀψευδὲς
1023 3359 1083 3394 τοῦ

997 166 1158 197 GENES.

1200 167 1355 197 noim„
1395 166 1561 197 xxxvi.
2031 153 2124 213 [429

1169 249 1295 287 virtuti
1313 249 1478 287 fidamus.
1495 248 1613 287 Fides
1626 247 1721 286 enim
1736 256 1806 293 est,
1821 246 2122 297 quemadmodum
2178 261 2261 288 Fuci
2277 263 2329 289 de.

2139 303 2242 328 finitio.

1879 371 1887 378 .
2141 343 2326 369 Heln-tid.

1169 386 1270 417 rum,
1293 380 1565 423 argumentum.
1585 384 1663 409 non
1682 377 1953 422 apparentium
1975 383 1985 402 .-
2002 376 2035 404 ct
2058 376 2125 403 ite-

1171 447 1273 470 rum:
1304 434 1417 483 Quod
1443 436 1545 470 enim
1572 433 1679 470 videt
1707 433 1807 483 quis,
1843 429 1938 481 quid
1966 436 2092 479 sperat
2110 425 2259 464 ?l‘¹¹¹¹¹3·
2276 424 2327 463 2‘1·

1171 495 1246 533 lloc
1266 495 1376 545 igitur
1394 505 1445 533 cst
1465 495 1568 541 tides,
1588 494 1732 545 (plaudo
1753 493 1825 531 illis
1850 491 2030 530 credimus
2045 505 2126 540 quat

1170 567 1239 590 non
1260 554 1428 592 videntur
1449 564 1482 593 ct
1503 563 1653 592 mentem
1671 553 1715 591 ad
1735 552 1947 602 dignitatem
1968 551 2043 602 ejus
2062 549 2127 600 qui

1170 615 1334 664 promisit
1354 615 1571 652 intendimus
1588 631 1595 651 :
1619 615 1653 652 id
1671 614 1765 665 quod
1786 614 1941 666 profecto
1960 621 1992 649 et
2007 612 2126 663 Justus

1171 672 1232 709 ille
1251 673 1347 722 fecit,
1377 673 1549 710 sinceram
1570 683 1604 710 et
1623 673 1792 711 eximiam
1814 671 1995 724 promissis
2016 670 2126 708 iidem

1171 732 1308 770 liabens
1329 749 1337 769 ε
1358 733 1494 771 ideirco
1511 742 1544 771 ct
1560 748 1578 770 a
1597 734 1781 784 Scriptura
1794 731 2098 770 divinalaudatur
2116 747 2122 767 :

1171 805 1258 831 mox
1283 791 1377 829 enim
1404 791 1566 830 addidit:
1590 792 1762 829 Credidit
1784 791 1939 827 Abram
1963 792 2060 834 Deo,
2090 798 2124 827 et
2143 796 2230 825 Rom.
2248 798 2277 834 Ι..
2295 798 2326 826 3.

1171 861 1391 904 reputatum
1405 862 1458 890 est
1474 855 1509 889 ei
1520 855 1559 889 in
1573 853 1783 903 justitiam.
1799 849 1933 888 Vidisti
1947 849 2126 899 quomodo

1171 922 1204 951 et
1220 923 1300 952 ante
1311 924 1476 952 eventum
1491 923 1525 951 et
1541 911 1783 965 impletionem
1800 911 2072 962 promissorum,
2088 924 2127 948 eo

1172 971 1249 1024 ipso
1260 972 1357 1022 quod
1371 971 1538 1020 credidit,
1555 978 1804 1021 congruentem
1822 968 2019 1006 mercedem
2036 969 2128 1006 acci-

1171 1032 1251 1084 pit?
1270 1033 1361 1069 Nam
1386 1031 1422 1069 in
1447 1031 1625 1083 justitiam
1653 1029 1683 1067 ci
1713 1037 1915 1080 reputatum
1943 1036 2005 1074 est,
2031 1027 2127 1077 quod

1171 1092 1363 1130 crediderit
1377 1092 1605 1144 promissioni
1618 1090 1764 1135 divinae,
1775 1099 1809 1127 et
1822 1103 1890 1126 non
1906 1088 2061 1126 humana
2074 1104 2127 1126 ra-

1171 1151 1396 1188 tiocinatione
1416 1150 1590 1188 curiosius
1610 1164 1648 1187 ea
1662 1163 1739 1200 qua:
1755 1148 1850 1186 dieta
1866 1157 1947 1185 sunt
1964 1148 2127 1200 explora-

1169 1212 1272 1249 verit.
1288 1212 1475 1249 Discamus
1491 1211 1600 1262 igitur
1616 1219 1648 1247 et
1668 1223 1743 1255 nos,
1763 1209 1920 1257 obsecro,
1935 1224 1953 1246 a
1969 1209 2123 1261 patriar-
2141 1217 2257 1244 Momm
2279 1229 2329 1245 n-

1168 1272 1247 1318 cha,
1264 1272 1332 1309 Dei
1354 1272 1496 1310 credere
1520 1271 1638 1319 dictis,
1664 1279 1697 1308 et
1729 1271 1804 1323 ejus
1830 1270 2126 1323 promissionibus
2141 1259 2278 1287 ¹¹⁰‘¹³'¹¹“’

1167 1332 1291 1381 fidere,
1311 1347 1424 1383 neque
1443 1347 1482 1370 ca
1502 1331 1778 1383 cogitationibus
1795 1331 1926 1369 nostris
1943 1330 2126 1382 indagare,

1167 1392 1227 1430 sed
1237 1407 1402 1444 magnam
1414 1393 1524 1430 animi
1539 1393 1740 1444 :equitatem
1752 1392 1934 1430 exhibere.
1945 1392 2020 1430 Hoc
2031 1393 2127 1431 enim

1166 1467 1228 1491 nos
1245 1463 1277 1492 et
1285 1454 1402 1506 justos
1425 1453 1607 1492 declarare
1628 1453 1781 1507 poterit,
1811 1463 1845 1491 et
1862 1453 1901 1491 id
1921 1453 2050 1492 efficiet
2086 1463 2126 1492 ut

1165 1515 1340 1567 promissa
1362 1515 1466 1553 citius
1493 1529 1735 1566 assequamur.
1759 1514 1829 1554 Sed
1851 1514 1955 1552 Ahrae
1977 1514 2125 1566 quidem

1164 1576 1343 1628 promisit,
1360 1591 1405 1614 ex
1421 1577 1554 1614 semine
1574 1577 1649 1629 ejus
1670 1576 1864 1614 maximam
1878 1576 2035 1613 futuram
2052 1590 2124 1613 esse

1164 1637 1460 1676 multitudinem:
1484 1647 1653 1688 erantque
1676 1646 1803 1690 praeter
1827 1637 1972 1675 solitum
1987 1646 2123 1675 natura!

1163 1699 1310 1736 modum
1318 1713 1396 1750 quae
1404 1700 1576 1750 promissa
1585 1698 1852 1749 erant,ideoque
1865 1697 1953 1735 fides
1963 1699 1996 1736 in
2007 1700 2124 1736 Deum

1157 1760 1339 1812 justitiam
1372 1761 1403 1798 ei
1431 1761 1576 1798 attulit:
1604 1761 1707 1798 nobis
1733 1769 1864 1805 autem,
1893 1760 1922 1797 si
1950 1760 2121 1811 sapimus,

1163 1822 1276 1860 multo
1291 1823 1425 1874 majora
1440 1822 1614 1874 promissa
1629 1831 1724 1867 sunt,
1740 1831 1773 1859 et
1787 1821 1909 1859 multis
1926 1821 2042 1859 modis
2056 1821 2120 1858 liu-

1163 1897 1285 1920 manas
1303 1883 1532 1934 cogitationes
1552 1882 1798 1920 transcendere
1817 1896 2006 1934 possumus
2017 1897 2028 1930 ;
2046 1896 2122 1919 mo-

1163 1941 1209 1979 do
1219 1942 1460 1994 promittentis
1472 1941 1637 1994 potentiae
1650 1940 1847 1989 credamus,
1860 1949 1900 1977 ut
1912 1949 1944 1977 et
1956 1954 2031 1977 eam
2044 1954 2121 1989 quae

1162 2017 1207 2041 ex
1222 2003 1293 2042 fide
1308 2013 1373 2050 est,
1386 2003 1564 2054 justitiam
1579 2012 1813 2054 reportemus,
1832 2011 1866 2040 et
1881 2001 2123 2053 adipiscamur

1162 2062 1254 2100 bona
1271 2061 1457 2113 promissa.
1474 2061 1525 2099 Ea
1537 2061 1645 2109 enim,
1660 2074 1738 2110 quae
1753 2059 1856 2097 nobis
1871 2059 2027 2096 maxime
2041 2073 2120 2110 pro-

1160 2122 1431 2172 missa,omnem
1446 2122 1644 2159 humanam
1654 2119 1917 2158 transcendunt
1932 2119 2121 2165 rationem,

1162 2192 1195 2221 et
1214 2197 1354 2221 omnem
1372 2182 1623 2234 cogitationem
1638 2180 1838 2219 excedunt:
1860 2188 1956 2217 tanta
1967 2180 2121 2231 promis-

1162 2244 1304 2282 sionum
1324 2253 1375 2282 est
1393 2243 1615 2295 magnitudo.
1636 2243 1760 2293 Neque
1778 2242 1872 2280 enim
1899 2241 1936 2278 in
1956 2240 2122 2292 praesenti

1890 2318 1917 2341 ae
1937 2311 2069 2341 statum
2088 2311 2121 2339 et

1160 2366 1364 2406 visibilium
1396 2365 1603 2404 fruitionem
1618 2381 1625 2401 :
1665 2364 1724 2402 sed
1752 2373 1785 2402 ct
1817 2373 2005 2416 postquam
2036 2363 2122 2400 binc

1161 2429 1469 2481 emigraverimus,
1500 2435 1534 2464 ct
1554 2436 1635 2479 post
1653 2426 1813 2478 corporis
1839 2425 2118 2476 corruptionem,

1159 2489 1305 2540 quando
1322 2489 1358 2526 in
1378 2488 1531 2526 cinerem
1550 2496 1582 2525 et
1604 2487 1791 2539 pulverem
1810 2495 1928 2524 nostra
1948 2485 2120 2522 dissoluta

1158 2551 1292 2589 fuerint
1311 2563 1475 2602 corpora,
1507 2557 1591 2586 tunc
1613 2557 1854 2585 resurrectura
1882 2561 1920 2583 ea
1942 2545 2118 2598 promisit,

1159 2622 1192 2651 et
1209 2613 1245 2650 in
1254 2611 1381 2664 majori
1396 2610 1508 2661 gloria
1525 2610 1658 2647 futura.
1689 2611 1845 2660 Oportet
1859 2610 1984 2656 enim,
2004 2606 2117 2657 inquit
2138 2626 2161 2645 t.
2181 2618 2251 2647 Cor.
2271 2619 2318 2648 15.

1159 2674 1284 2712 beatus
1299 2673 1446 2721 Paulus,
1463 2670 1712 2723 corruptibile
1731 2671 1802 2706 Ιιοε
1814 2670 1972 2706 induere
1987 2670 2116 2705 incor-
2130 2660 2182 2689 53.

1159 2738 1392 2787 ruptionem,
1410 2741 1447 2770 et
1462 2732 1627 2770 mortale
1648 2732 1719 2768 hoc
1739 2731 1899 2767 induere
1918 2732 2116 2766 immorta-

1161 2798 1324 2835 litatem.
1336 2795 1383 2833 Et
1401 2802 1481 2846 post
1495 2805 1689 2844 corporum
1706 2789 1999 2828 resurrectionem
2018 2788 2117 2840 regni

1159 2857 1414 2910 possessionem
1433 2854 1603 2892 daturum
1623 2867 1658 2890 se
1678 2851 1781 2889 nobis
1801 2850 1981 2902 pollicitus
2001 2859 2064 2899 cst,
2085 2858 2117 2886 et

1160 2917 1460 2958 conversationem
1472 2929 1551 2953 cum
1564 2913 1705 2961 sanctis,
1715 2922 1748 2950 et
1761 2912 1797 2950 in
1809 2920 1977 2964 perpetuo
1988 2911 2116 2949 saeculo

1159 2981 1326 3032 quietem,
1339 2988 1372 3017 ct
1386 2976 1580 3015 ineffabilia
1596 2974 1770 3022 illabona,
1783 2974 1876 3024 Quae
1889 2973 2023 3011 oculus
2038 2986 2115 3010 non
2133 2981 2158 3001 ¹·
2175 2974 2316 3013 Cor-29·

1114 3059 1134 3088 B
1159 3043 1277 3088 vidit,
1299 3049 1334 3078 et
1351 3041 1457 3077 auris
1472 3052 1548 3075 non
1565 3037 1731 3084 audivit,
1753 3043 1788 3072 et
1801 3037 1842 3072 in
1863 3048 1929 3072 cor
1948 3036 2116 3072 hominis

1162 3121 1240 3145 non
1257 3106 1528 3144 ascenderunt.
1544 3100 1680 3140 Vidisti
1693 3109 1823 3152 quanta
1839 3099 2115 3152 promissionum

1162 3166 1400 3208 excellentia?
1427 3163 1551 3203 vidisti
1591 3162 1766 3201 donorum
1804 3159 2114 3213 magnitudinem?

1221 3353 1257 3389 6.
1276 3350 1356 3388 Haec
1372 3348 1563 3400 cogitantes
1583 3356 1613 3385 ct
1633 3346 1779 3385 scientes
1799 3344 1940 3384 mentiri
1950 3359 2016 3382 non
2035 3358 2114 3397 pos-
