2516 3791
630 169 671 199 ΙΝ
709 170 810 200 (ῙᾹΙ).
851 169 932 200 vlt.

971 169 1134 201 GENES.

1174 172 1329 203 uomit„
1370 174 1479 204 xxv.
2031 182 2113 226 27¹

68 256 174 296 εἴκοσι
192 254 367 307 ἠρκέσθη,
397 253 487 293 ἀλλὰ
509 254 568 293 καὶ
588 257 638 308 τῷ
657 255 783 308 δικαίῳ
804 255 1017 310 προστάττει
1036 273 1088 295 κι-
1113 260 1137 291 C
1164 257 1315 298 cientem
1339 259 1546 303 memoriam
1576 270 1794 312 suggereret,
1816 269 1847 299 et
1869 262 1988 300 nullus
2015 264 2124 314 igno-

66 317 174 355 ὅωτὸν
193 315 426 363 τεκτήνασθαι
439 346 449 364 ,
470 316 526 354 ἵνα
547 316 606 354 καὶ
622 316 710 363 αὐτὴ
732 320 753 364 ἡ
771 318 847 370 ὄψις
863 320 924 364 τῆς
941 317 1091 356 κιῧωτοῦ

64 378 167 417 πάλιν
190 380 364 429 ἀρκοῦσαν
382 379 497 421 αὐτοῖς
518 377 715 429 ὑπόμνησιν
738 379 921 431 παράσχῃ,
939 378 998 417 καὶ
1016 395 1088 429 μη-

64 438 131 482 δεὶς
158 439 310 490 ἀγνοῆσῃ
332 442 393 486 τῆς
420 439 614 490 μελλούσης
640 439 811 491 τιμωρίας
828 440 1020 490 ἐπάγεσθαι
1050 439 1091 477 τὸ

63 498 215 550 μέγεθος.
247 500 338 538 Αὐτὸ
365 499 432 552 γὰρ
461 504 561 538 τοῦτο
578 501 634 539 τὸν
662 500 794 539 δίκαιον
815 503 943 539 ἐκεῖνον
963 499 1024 538 καὶ
1043 501 1090 543 εἷς

61 558 123 607 τὴν
142 559 250 611 ἄκραν
271 564 333 606 τῆς
355 564 507 613 κορυφῆς
527 561 706 613 φθάσαντα
725 561 897 608 τοσαύτην
915 564 1090 599 ποιεῖσθαι

63 620 215 668 σπουδὴν
242 621 322 674 περὶ
349 621 412 668 τὴν
439 625 501 668 τῆς
527 622 676 660 κιὸωτοῧ
698 621 915 668 κατασκευὴν
935 651 944 669 ,
971 621 1090 659 ἱκανὸν

63 681 196 725 πάντας
216 682 294 726 τοὺς
319 687 398 721 νοῦν
418 683 562 735 ἔχοντας
581 685 627 726 εἷς
650 682 803 735 ἀγωνίαν
821 681 880 719 καὶ
901 681 1006 733 φόὸον
1027 681 1090 731 ἐμ-

63 742 196 789 ὅαλεῖν,
228 743 286 780 καὶ
312 749 433 781 πεῖσαι
459 743 741 793 ἐξευμενίσασθαι
760 742 818 780 τὸν
837 740 942 785 οὕτως
957 741 1088 793 ἥμερον

63 803 122 840 καὶ
152 803 393 856 φιλάνθρωπον
423 803 618 850 Δεσπότην.
653 802 725 841 um
755 803 822 855 γὰρ
850 803 882 840 οἱ
914 801 1088 855 βάρὸαροι

62 866 205 909 ἐκεῖνοι,
235 866 266 902 ot
289 865 466 902 Νινευῖται
492 864 607 914 λέγω·
626 863 732 902 πάλιν
746 863 815 916 γὰρ
840 861 961 907 αὐτοὺς
981 864 1088 915 ἀναγ-

62 931 158 963 καῖον
187 926 235 968 εἷς
268 924 373 976 μέσον
402 928 557 977 ἀγαγεῖν,
580 924 635 962 ἵνα
651 924 761 977 ταύτῃ
781 924 841 963 καὶ
862 925 993 975 μᾶλλον
1013 925 1088 962 δει-

60 988 128 1038 χθῇ
145 986 204 1024 καὶ
231 986 360 1025 τούτων
378 989 400 1032 ἡ
429 985 696 1038 ὑπερὸάλλουσα
721 986 828 1024 κακία
841 1017 851 1034 ,
871 985 1044 1024 κάκείνων
1063 989 1085 1032 ἡ

59 1046 172 1094 πολλὴ
190 1048 447 1099 εὐγνωμοσύνη.
479 1047 548 1086 Καὶ
562 1047 631 1101 γὰρ
651 1051 668 1086 ὃ
683 1046 864 1094 Δεσπότης
884 1049 988 1098 ἡμῶν
1006 1047 1085 1085 τότε

60 1110 95 1148 ἐν
114 1110 157 1160 τῇ
177 1108 293 1161 ἡμέρᾳ
313 1108 424 1160 ἐκείνῃ
444 1112 486 1161 τῇ
508 1108 658 1162 φοὸερᾷ,
678 1111 722 1160 τῇ
739 1111 802 1155 τῆς
816 1107 962 1160 κρίσεως
980 1107 1085 1160 λέγω,

61 1169 200 1214 δούλους
222 1170 280 1208 καὶ
307 1170 444 1213 δούλους
466 1173 514 1214 εἷς
534 1170 638 1221 μέσον
658 1170 767 1221 ἄγων,
789 1170 880 1208 οὕτω
895 1169 958 1216 τὴν
976 1170 1085 1208 κατά-

59 1246 172 1284 κρισιν
187 1231 468 1284 ἐργάζεται,ὅταν
478 1232 661 1283 δειχῡῶσιν
677 1234 708 1269 οἱ
720 1234 790 1269 τῶν
804 1233 916 1269 αὐτῶν
928 1230 1085 1269 ἀπολαύ-

61 1307 180 1336 σαντες
199 1292 258 1331 καὶ
274 1294 341 1330 τῶν
357 1295 468 1331 αὐτῶν
487 1292 721 1344 μετασχόντες
737 1291 784 1342 μὴ
801 1292 864 1338 τὴν
881 1291 986 1339 αὐτὴν
1004 1293 1084 1344 ἀρε-

59 1352 123 1399 τὴν
141 1353 382 1404 μετελθόντες·
402 1353 569 1397 πολλάκις
593 1353 628 1392 δὲ
649 1353 708 1391 καὶ
728 1352 763 1397 ἐξ
783 1352 911 1391 ἀνίσων
932 1358 1084 1391 ποιεῖται

58 1415 119 1458 τὰς
140 1414 347 1467 συγκρίσεις,
362 1413 419 1451 ἵνα
432 1413 575 1453 πλείονα
591 1413 653 1461 τὴν
671 1414 878 1466 κατάκρισιν
893 1420 964 1458 τοῖς
979 1415 1082 1467 ε’ῤῥα-

59 1475 249 1526 θυμηκόσιν
266 1475 438 1527 ἐπαγάγῃ.
459 1475 526 1514 Διὰ
542 1478 641 1513 τοῦτο
659 1474 718 1513 καὶ
733 1477 767 1513 ἐν
786 1481 856 1518 τοῖς
872 1473 1084 1527 εὐαγγελίοις

57 1537 173 1589 ἔλεγεν
189 1553 197 1561 ·
219 1537 356 1589 Ἄνδρες
377 1539 555 1575 Νινευῖται
575 1536 832 1582 ἀναστήσονται
854 1539 889 1575 ἐν
908 1539 951 1588 τῇ
969 1535 1082 1588 κρίσει

59 1597 148 1648 μετὰ
179 1601 241 1645 τῆς
270 1604 388 1650 γενεᾶς
413 1597 541 1644 ταύτης
556 1627 566 1644 ,
593 1597 651 1634 καὶ
670 1602 936 1651 κατακρινοῦσιν
959 1596 1081 1644 αὐτὴν,

57 1659 110 1698 ὅτι
128 1659 339 1710 μετενόησαν
359 1660 405 1703 εἷς
423 1659 463 1697 τὸ
482 1659 645 1711 κηρυγμα
661 1660 778 1706 Ἰωνᾶ,
795 1658 855 1697 καὶ
875 1658 951 1696 ἰδοὺ.
963 1661 1082 1697 πλεῖον

58 1721 162 1758 Ἰωνᾶ
177 1714 244 1759 ὧδε
257 1736 265 1744 ·
287 1720 468 1772 μονονουχὶ
487 1720 617 1768 λέγων,
643 1719 696 1758 ὅτι
711 1723 742 1758 οἳ
764 1719 936 1773 βάρῧαροι
955 1723 986 1758 οἱ
1007 1736 1080 1770 μη-

58 1781 180 1829 δεμιᾶς
200 1781 401 1832 ἐπιμελείας
420 1779 703 1827 ἀπολαύσαντες,
735 1783 765 1818 οἳ
787 1780 834 1830 μὴ
855 1784 1080 1833 προφητικῶν

58 1842 278 1893 διδαγμάτων
305 1842 533 1889 ἀκούσαντες,
568 1844 599 1880 οἱ
624 1847 755 1892 σημεῖα
784 1841 832 1892 μὴ
858 1842 1079 1892 θεασάμενοι,

57 1905 88 1940 οἱ
106 1902 266 1953 θαύματα
284 1902 332 1951 μὴ
356 1902 484 1946 ἰδόντες
496 1933 505 1950 ,
527 1904 604 1941 ἀλλ’
621 1903 694 1946 ἑνὸς
713 1902 894 1955 ἀνθρώπου
911 1905 950 1941 ἐκ
969 1919 1078 1941 ναυα-

57 1962 132 2014 γίου
152 1963 378 2007 διασωθέντος
406 1963 548 2016 ῥήματα
575 1963 785 2006 ἀκούσαντες
806 1963 938 2010 πολλὴν
963 1965 1080 2007 αὐτοῖς

56 2025 118 2071 τὴν
140 2024 338 2076 ἀπόγνωσιν
356 2030 551 2077 παρασχεῖν
586 2025 783 2075 δυνάμενα,
814 2025 952 2082 καὶΙείς
978 2027 1077 2076 ἀμη-

54 2086 178 2138 χανίαν
198 2086 387 2138 ε’μὸαλεῖν,
419 2088 465 2128 ὡς
490 2086 549 2123 καὶ
576 2087 746 2139 ὑπεριδεῖν
773 2089 841 2124 τῶν
864 2086 949 2138 παρ’
972 2089 1078 2125 αὐτοῦ

54 2147 248 2199 λεγομένων
263 2178 272 2195 ,
292 2149 330 2186 οὗ
359 2146 464 2198 μόνον
483 2149 521 2185 οὐ
539 2146 801 2200 κατεφρόνησαν
821 2150 890 2185 τῶν
910 2152 971 2186 τοῦ
987 2164 1078 2202 προ-

1111 996 1136 1026 D

1166 329 1258 359 raret
1275 320 1465 360 inferenda:
1479 335 1590 374 poenae
1605 321 1900 373 magnitudinem.
1913 324 2004 361 Nam
2026 325 2121 363 istud

1166 380 1297 434 ipsum,
1314 381 1540 435 quotljustus
1556 383 1631 433 illc,
1653 392 1686 420 et
1707 383 1768 434 qui
1791 383 1826 421 in
1848 398 2029 422 summum
2052 386 2123 423 vir-

1165 442 1249 480 tutis
1266 453 1473 495 pervenerat
1494 444 1690 495 fastigium,
1710 454 1806 483 tanto
1827 445 1945 483 studio
1963 455 2123 484 exstrue-

1165 501 1225 540 bat
1252 518 1392 553 arcam,
1415 505 1500 542 satis
1532 520 1605 543 esse
1632 505 1783 543 debebat
1815 506 1859 544 ad
1890 506 2121 558 injiciendum

1164 564 1342 608 omnibus,
1355 566 1488 615 quibus
1509 581 1605 604 mens
1624 576 1710 613 erat,
1726 581 1892 616 angorem
1909 577 1940 605 et
1959 568 2121 606 formidi-

1165 637 1260 672 nem,
1281 634 1314 661 et
1340 621 1626 677 persuadendum
1654 636 1693 665 ut
1720 628 1900 679 placarent
1923 638 1995 666 tam
2022 644 2122 667 man-

1164 693 1305 721 suetum
1319 694 1352 722 et
1369 686 1576 723 clementem
1594 687 1801 725 Dominum.
1819 691 1908 727 Nam
1924 690 1952 727 si
1973 690 2117 728 barbari

1164 743 1231 792 illi,
1252 744 1431 783 Ninivitas
1455 745 1551 795 dico,
1569 760 1659 797 quos
1681 747 1810 786 iteruin
1833 749 1867 787 in
1884 750 2043 788 medium
2058 752 2120 790 ad-

1163 803 1295 843 ducere
1313 820 1428 858 operae
1447 807 1603 859 pretium
1621 816 1685 855 est,
1708 817 1747 845 ut
1769 809 1874 847 etiam
1895 811 1963 847 liae
1988 812 2121 850 ratione

1162 866 1277 918 magis
1295 866 1559 906 demonstretur
1578 877 1611 906 et
1627 869 1755 907 borum
1774 870 1896 921 ingens
1918 872 2069 919 malitia,
2088 882 2121 910 et

1162 927 1306 966 illorum
1320 942 1446 980 magna
1462 929 1634 981 probitas.
1652 929 1796 968 Etenim
1812 931 1989 970 Dominus
2004 943 2121 972 noster

1161 988 1197 1027 in
1228 988 1288 1027 die
1313 989 1375 1027 illo
1405 989 1568 1040 terribili,
1586 989 1732 1043 judicii,
1755 991 1918 1044 inquam,
1937 1007 2059 1031 servos
2087 1005 2121 1032 et

1161 1063 1283 1089 servos
1303 1051 1338 1088 in
1359 1050 1519 1090 medium
1542 1051 1757 1104 producens,
1782 1053 1832 1091 sic
1853 1053 2119 1093 condemnatio-

1160 1125 1240 1149 nem
1269 1112 1435 1164 proferet,
1456 1112 1598 1164 qnando
1618 1114 1913 1152 monstrabuntur
1936 1115 1958 1152 ii
1979 1115 2040 1165 qui
2061 1130 2119 1154 ea-

1159 1170 1241 1209 dem
1260 1172 1352 1209 bona
1372 1173 1489 1210 sortiti
1516 1181 1627 1221 erant,
1648 1182 1681 1210 et
1706 1173 1912 1211 eorumdem
1942 1175 2118 1213 bonorum

1159 1232 1353 1286 participes
1377 1247 1446 1271 non
1473 1233 1636 1272 eamdem
1664 1244 1896 1273 exercuerant
1911 1235 2084 1275 virtutem
2107 1253 2115 1273 ι

1159 1307 1250 1347 saepe
1265 1304 1384 1333 autem
1399 1295 1507 1333 etiam
1524 1309 1568 1333 ex
1585 1295 1822 1346 inaequalibus
1838 1298 2120 1350 comparationes

1158 1355 1257 1404 facit,
1275 1358 1315 1394 nt
1331 1356 1503 1409 maj0rem
1523 1356 1853 1396 condemnationem
1870 1358 2010 1410 ignavis
2030 1359 2118 1398 infe-

1158 1425 1227 1455 rat.
1243 1418 1470 1470 Quapropter
1480 1426 1513 1455 et
1527 1418 1563 1455 in
1578 1417 1774 1469 Evangelio
1785 1418 1946 1458 dicebat:
1959 1422 2116 1459 ViriNi-
2136 1426 2246 1454 ·Uatth-
2269 1433 2316 1455 ¹2-

1160 1481 1291 1517 nivitae
1310 1489 1516 1532 exsurgent
1534 1482 1739 1533 iujudicio
1761 1495 1848 1520 cum
1866 1486 2116 1535 generatione
2130 1465 2145 1506 4
2158 1477 2182 1495 ¹⁴

1157 1540 1246 1586 hac,
1257 1548 1294 1577 et
1305 1542 1541 1582 condemnff
1550 1550 1620 1580 unt
1633 1546 1834 1595 eam,quia
1843 1547 2111 1596 poenitentiam

1155 1610 1314 1652 egerunt
1337 1603 1379 1639 in
1399 1603 1678 1654 praedicatione
1701 1605 1815 1642 Jonce
1829 1619 1840 1640 :
1855 1613 1891 1642 et
1917 1619 2003 1643 ecee
2026 1607 2115 1658 plus

1155 1675 1274 1713 quam
1292 1663 1419 1701 Jonas
1439 1664 1502 1701 hie
1521 1679 1532 1699 .·
1551 1663 1653 1715 quasi
1672 1663 1805 1702 diceret
1827 1679 1834 1699 :
1853 1665 2002 1704 Barbari
2026 1681 2115 1718 quo-

1154 1735 1234 1759 rum
1249 1722 1346 1760 nulla
1367 1736 1451 1760 cura
1471 1732 1522 1761 est
1537 1723 1677 1773 habita,
1696 1724 1757 1775 qui
1775 1725 2030 1777 prophetarum
2049 1727 2113 1765 do-

1154 1783 1305 1821 ctrinam
1324 1798 1394 1822 non
1415 1784 1620 1832 audierunt,
1636 1786 1697 1837 qui
1717 1786 1818 1838 signa
1837 1801 1906 1825 non
1926 1788 2111 1840 viderunt,

1153 1845 1213 1895 qui
1234 1845 1404 1883 miracula
1420 1860 1489 1884 non
1510 1855 1727 1898 spectarunt,
1740 1847 1802 1885 sed
1817 1847 1950 1886 auditis
1971 1858 2110 1888 tantum

1152 1906 1257 1944 unius
1275 1906 1431 1945 hominis
1453 1907 1488 1944 in
1510 1907 1696 1959 naufragio
1721 1909 1852 1946 servati
1875 1909 2010 1957 verbis,
2034 1925 2113 1962 quae

1151 1981 1226 2017 eos,
1246 1981 1412 2019 magnam
1440 1967 1724 2021 desperationem
1742 1970 1922 2008 afferendo
1937 2001 1946 2019 ,
1968 1972 2109 2010 consilii

1150 2028 1271 2081 inopes
1285 2030 1400 2067 facere
1412 2039 1585 2082 poterant,
1604 2029 1651 2067 ita
1667 2039 1707 2067 ut
1721 2030 1828 2068 etiam
1848 2041 2113 2072 contemnerent

1150 2104 1228 2141 quae
1243 2090 1468 2136 dicebantur,
1479 2104 1548 2128 non
1561 2091 1677 2128 solum
1692 2105 1761 2128 non
1774 2091 2016 2144 despexerunt
2029 2108 2112 2145 pro-

1148 2150 1265 2202 pbetae
1290 2152 1415 2202 verba,
1439 2151 1500 2189 sed
1521 2161 1554 2189 et
1579 2151 1614 2189 in
1645 2151 1756 2189 trium
1787 2152 1927 2191 dierum
1948 2155 2110 2205 angustia

54 2207 162 2261 φῆτου
191 2209 379 2261 ῥημάτιον,
402 2207 494 2246 ἀλλὰ
519 2208 578 2246 καὶ
605 2210 652 2251 εἷς
672 2209 776 2260 τριῶν
795 2211 936 2262 ἡμερῶν
959 2224 1077 2248 στενο-
1087 2247 1134 2271 „3²
1147 2211 1375 2265 deprehensi,
1395 2222 1470 2251 tam
1490 2212 1697 2264 diligentem
1720 2223 1755 2252 et
1774 2214 1971 2253 studiosam
1994 2217 2109 2256 facere

50 2268 182 2323 χωρίαν
216 2268 490 2321 ἀποληφθέντες,
522 2267 630 2312 οὕτως
655 2269 784 2322 ἀκριὸἦ
815 2269 874 2308 καὶ
904 2286 1073 2308 συντετα-
1088 2265 1125 2314 Ἀ
1146 2273 1717 2326 poenitentiam,11tetsententiam
1729 2275 1874 2314 Domini
1887 2287 2108 2318 revocarent.

51 2330 157 2381 μένην
176 2329 239 2377 τὴν
260 2330 442 2380 μετάνοιαν
463 2329 695 2376 ἐπεδείξαντο,
714 2329 805 2368 ὥστε
818 2329 880 2378 τὴν
898 2330 1072 2384 ἀπόφασιν

51 2390 333 2430 ἀνακαλέσασθαι
348 2394 407 2429 τοῦ
424 2392 615 2430 Δεσπότου.
636 2385 746 2430 Οῧτοι
761 2386 831 2437 adv,
845 2393 946 2445 φησὶ,
965 2409 1075 2432 κατα-

51 2454 206 2505 κρινοῦσι
224 2451 354 2498 ταύτην
373 2451 435 2499 τὴν
454 2451 587 2503 γενεὰν,
605 2451 669 2499 τὴν
689 2453 858 2501 τοσαύτης
871 2454 1074 2494 ἀπολαύσα-

51 2527 114 2550 σαν
134 2511 345 2563 ἐπιμελείας,
360 2512 422 2559 τὴν
438 2519 669 2566 προφητικαῖς
683 2516 910 2568 ἐντραφεῖσαν
927 2515 1072 2566 βίὸλοις,

50 2573 114 2620 τὴν
134 2579 263 2622 σημεῖα
287 2574 346 2611 καὶ
364 2573 492 2628 τέρατα
511 2577 588 2612 καθ’
612 2575 763 2622 ἑκάστην
780 2576 917 2630 ἡμέραν
939 2577 1073 2629 θεωμέ-

51 2650 125 2681 νην.
162 2629 251 2673 Εἶτα
278 2634 335 2673 ἵνα
364 2635 423 2673 καὶ
452 2635 582 2674 τούτων
608 2639 669 2683 τῆς
699 2637 864 2682 ἀπιστίας
889 2638 981 2692 δείξῃ
1008 2638 1071 2687 τὴν

49 2695 258 2748 ὓπερὸολὴν,
273 2696 441 2735 κάκείνων
455 2697 518 2745 τὴν
536 2698 664 2751 ἄφατον
684 2699 961 2751 εὐγνωμοσύνην,
982 2701 1072 2748 ἐπή-

48 2771 173 2807 γαγεν,
196 2755 283 2796 ςὈτι
306 2758 516 2807 μετενόησαν
543 2761 591 2802 εἷς
617 2759 657 2798 τὸ
674 2761 841 2814 κήρυγμα
860 2762 985 2809 Ἰωνᾶ,
1012 2762 1071 2801 καὶ

49 2817 120 2856 ἷδοὺ
145 2819 263 2857 πλεῖον
283 2818 386 2857 Ἰωνᾶ
413 2813 498 2858 ὧδε·
530 2823 653 2860 ἐκεῖνοι
676 2821 761 2873 μὲν,
793 2823 918 2875 φησὶν,
946 2825 1071 2871 εὐτελῆ

48 2879 228 2930 ἄνθρωπον
263 2880 468 2930 θεασάμενοι
494 2882 552 2921 τὸν
580 2881 701 2921 Ἰωνᾶν
717 2911 726 2929 ,
758 2884 818 2922 καὶ
846 2885 1005 2930 ἐδέξαντο
1031 2885 1071 2924 τὸ

46 2940 129 2993 παρ’
154 2942 258 2980 αὐτοῦ
286 2942 466 2994 κήρυγμα,
491 2943 548 2981 καὶ
574 2944 831 2996 ἀκριὸεστάτην
853 2946 1071 2991 ἐπεδείξαντο

44 3001 108 3048 τὴν
138 3002 323 3053 μετάνοιαν
338 3019 345 3027 ·
379 2997 472 3042 οὗτοι
492 3003 527 3042 δὲ
547 3008 577 3043 οἱ
596 3007 717 3058 πολλῷ
742 3007 854 3045 πλείω
876 3012 935 3046 τοῦ
951 3008 1066 3056 Ἰωνᾶ,

45 3063 104 3101 καὶ
129 3063 230 3110 αὐτὸν
248 3064 306 3102 τὸν
325 3068 393 3103 τῶν
413 3064 501 3103 ὅλων
519 3067 729 3121 δημιουργὸν
749 3071 898 3120 ὁρῶντες
922 3067 982 3108 σὺν
1006 3072 1071 3108 αὐ-

45 3128 116 3167 τοῖς
146 3126 527 3179 συναναστρεφόμενοι,
558 3128 619 3167 καὶ
649 3133 803 3168 τοσαῦτα
836 3129 896 3168 καὶ
924 3134 1071 3169 τοιαῦτα

1147 2335 1194 2373 Hi
1225 2335 1354 2388 igitur,
1375 2335 1512 2387 inquit,
1533 2335 1822 2375 condemnabunt
1845 2339 2111 2389 generationem

1144 2396 1249 2446 hanc,
1267 2397 1360 2436 circa
1383 2412 1491 2449 quam
1515 2406 1611 2435 tanta
1641 2412 1726 2436 cura
1752 2398 1820 2437 fuit
1840 2399 2111 2451 adhibita‚qua÷

1144 2458 1404 2511 prophetarum
1433 2458 1538 2496 libris
1566 2459 1720 2496 enutrita
1743 2469 1812 2507 est,
1838 2475 1917 2510 quae
1943 2461 2043 2512 signa
2075 2471 2108 2498 et

1145 2516 1316 2555 miracula
1328 2515 1488 2568 quotidie
1502 2517 1689 2568 spectavit.
1704 2517 1845 2556 Deinde
1858 2528 1896 2556 ut
1910 2528 1943 2556 et
1956 2519 2110 2558 istorum

1144 2591 1312 2629 magnam
1339 2577 1606 2615 incredulitatis
1636 2578 1867 2616 eminentiam
1894 2580 2107 2629 ostenderet,

1144 2639 1251 2677 etiam
1276 2640 1420 2677 illorum
1452 2638 1670 2676 ineffabilem
1698 2639 1914 2691 probitatem
1949 2641 2074 2679 subdit
2097 2658 2105 2678 :

1149 2702 1250 2752 Quia
1263 2701 1527 2752 poenitentiam
1543 2708 1699 2751 egerunt
1717 2701 1773 2737 ad
1789 2702 2104 2752 proedicationem

1143 2763 1272 2808 Jonoe,
1289 2770 1326 2799 et
1339 2774 1426 2798 ecce
1442 2761 1530 2812 plus
1550 2774 1667 2813 quam
1685 2762 1811 2799 Jonas
1832 2763 1895 2799 hic
1908 2779 1918 2798 :
1936 2763 2106 2802 Ninivitae

1143 2823 1312 2876 quidem,
1335 2822 1474 2873 inquit,
1497 2822 1575 2860 viso
1605 2822 1741 2874 abjecto
1776 2823 1920 2862 homine
1950 2827 2054 2874 Jona,
2071 2835 2105 2864 et

1143 2887 1218 2937 eius
1238 2893 1467 2937 susceperunt
1492 2883 1798 2936 praedicationem,
1820 2895 1852 2924 et
1877 2888 2102 2926 accuratissi-

1144 2961 1239 2986 mam
1255 2947 1415 2984 fecerunt
1435 2944 1678 2997 poenitentiam
1697 2960 1704 2980 :
1725 2945 1781 2983 isti
1801 2956 1919 2985 antem
1941 2948 2103 2987 videntes

1143 3008 1258 3047 multo
1273 3007 1445 3059 majorem
1462 3019 1570 3056 quam
1587 3007 1695 3044 Jonas
1715 3015 1800 3055 erat,
1815 3007 2007 3060 ipsumque
2026 3010 2104 3047 uni-

1143 3070 1236 3108 versi
1258 3068 1454 3106 Dominum
1477 3081 1595 3104 secum
1616 3066 1722 3105 simut
1746 3079 1962 3117 versantem,
1982 3080 2102 3109 tanta-

1143 3145 1214 3182 que
1227 3145 1267 3168 ac
1282 3129 1365 3167 talia
1382 3127 1542 3180 quotidie
1556 3128 1729 3166 miracula
1749 3140 1969 3183 operantem,
1987 3132 2102 3185 lepro-

90 3248 106 3271 t-
123 3247 312 3280 Orationem
340 3248 423 3282 solet
444 3249 706 3295 Clirysostomus
730 3251 920 3294 frequentet·
949 3254 1053 3286 inter·
1089 3266 1131 3287 an
1150 3255 1275 3296 uspiam
1293 3254 1451 3295 majorem
1470 3264 1570 3295 quam
1589 3253 1641 3285 liic
1660 3253 1870 3296 parenthesin
1888 3255 2077 3290 adhibuerit
2093 3272 2097 3288 ς

46 3298 184 3342 pellat-e,
199 3311 237 3332 ac
250 3312 498 3345 nonnumquam
519 3311 584 3335 tam
604 3302 718 3345 longas
736 3303 864 3336 inducit
878 3305 1056 3347 parentlie-
1090 3309 1243 3352 paginam
1268 3305 1355 3339 en'm
1374 3304 1426 3338 illa
1445 3304 1511 3337 sere
1529 3304 1690 3350 integram
1708 3316 1861 3350 occupat.

45 3363 112 3395 ses,
129 3360 165 3386 ut
179 3365 262 3396 saepe
286 3353 437 3389 videatur
453 3356 574 3397 prioris
597 3354 691 3388 seriei
709 3354 853 3399 oblitus;
869 3357 926 3391 sed
945 3357 1056 3392 nescio
