2516 3791
100 784 214 814 March.
237 781 285 814 18.

102 833 151 855 w.

161 1399 290 1429 adamus

103 1452 139 1470 :m
194 1442 289 1468 scien-

101 1485 172 1512 tiam
220 1481 291 1509 boni

101 1531 129 1552 et
149 1524 217 1552 mali
239 1523 290 1550 ba-

101 1566 210 1595 buerit.

305 126 396 188 778
722 137 760 169 s.
798 136 985 169 JOANNJS
1024 133 1269 166 cnanos'r.
1307 134 1513 164 anctum.
1551 133 1913 164 οοΝεΤΑΝΤιΝοΡ.

301 223 470 262 lustrium
484 222 574 273 vita,
588 219 702 273 deque
719 219 787 259 Dei
806 218 1023 271 benignitate
1049 226 1154 267 atque
1170 215 1248 253 uni·
1324 214 1564 262 ἀπαντήσεται
1595 215 1690 262 λῆξις
1717 218 1816 266 ἡμῖν,
1842 216 1902 254 καὶ
1939 217 1974 254 ἐν
2008 214 2079 255 τίσι
2113 215 2159 254 τὰ
2187 214 2343 267 ἡμέτερα

300 283 393 324 versi
407 281 648 336 providentia,
663 280 814 331 denique
828 280 873 318 de
886 279 966 317 aliis
978 276 1156 324 omnibus,
1170 288 1249 327 quae
1325 275 1422 314 ἔσται
1459 276 1550 315 τότε.
1581 276 1652 315 Καὶ
1679 279 1739 315 τοῦ
1769 276 1936 329 συλλόγου
1975 276 2094 315 τούτου
2134 277 2199 328 οὐχ
2242 280 2346 326 ἡμεῖς

300 344 347 384 ad
367 358 430 383 nos
450 343 630 398 pertinent
650 342 818 391 maxime,
838 341 939 393 cujus
964 339 1014 377 rei
1040 338 1155 391 gratia
1174 336 1250 376 nati
1326 336 1441 389 μόνον,
1476 335 1567 376 ἀλλὰ
1600 336 1660 375 καὶ
1696 341 1874 392 προφῆται
1912 338 1972 376 καὶ
2009 337 2196 376 ἀπόστολοι
2222 352 2346 374 κοινω-

299 405 424 455 simus,
443 414 478 443 et
502 418 580 455 quae
599 403 745 442 tandem
768 415 844 440 sors
862 409 896 439 et
911 399 1066 438 conditio
1088 407 1250 438 nostrum
1273 404 1298 436 C
1324 401 1438 437 νοῧσι·
1473 398 1533 436 καὶ
1570 398 1610 437 τὸ
1646 397 1687 445 δὴ
1730 400 1843 450 μεῖζον
1884 398 2039 447 πάντων,
2081 397 2180 441 αὐτὸς
2218 400 2236 436 ὁ
2276 397 2346 434 τῶν

301 479 346 504 ex
356 465 425 503 hac
438 464 513 504 vita
534 464 729 502 discessum
760 469 951 514 exceptura
976 460 1035 511 sit,
1055 473 1195 512 quoque
1213 459 1250 498 in
1325 460 1486 499 ἁπάντων
1523 458 1704 506 Δεσπότης
1740 459 1844 510 μέσος
1872 463 1973 512 ἡμῶν
2014 458 2158 506 ἕστηκεν
2196 459 2344 504 Ἰησοῦς.

301 534 395 563 statu
409 539 464 564 res
478 533 604 563 nostrae
617 533 695 562 tum
708 522 878 575 temporis
892 522 964 561 sint
978 523 1117 560 futurae.
1134 523 1251 572 Atque
1322 523 1432 566 Αὐτὸς
1450 522 1518 576 γάρ
1536 537 1654 575 φησιν,
1668 520 1787 560 “O—1³00
1806 521 1866 560 δύο
1880 520 1902 568 ἢ
1921 526 2014 573 τρεῖς
2028 519 2236 570 συνηγμένοι
2261 518 2347 556 εἰσὶν

300 585 409 638 hujus
424 585 601 624 concionis
617 583 807 636 participes
827 597 897 623 non
910 584 1027 622 solum
1036 596 1102 622 nos
1115 596 1251 633 sumus,
1323 585 1373 627 εἷς
1387 585 1428 623 τὸ
1447 582 1556 634 ὄνομά
1568 598 1646 634 μου,
1663 583 1735 620 ἐκεῖ
1749 584 1822 632 εἰμι
1841 584 1874 620 ἐν
1891 581 1988 634 μέσῳ
2008 582 2136 619 αὐτῶν.
2154 582 2200 619 Εἰ
2214 580 2249 618 δὲ
2261 578 2347 617 ὅπου

300 645 362 684 scd
379 655 413 684 et
428 645 608 698 prophetae
626 654 662 683 et
679 644 842 698 apostoli,
867 644 1033 696 quodque
1059 645 1176 696 majus
1200 652 1252 682 est
1325 644 1385 683 δύο
1408 644 1430 691 ἢ
1450 650 1541 698 τρεῖς
1560 646 1626 682 εἷσι
1656 643 1887 694 συνηγμένοι,
1915 644 1965 680 ἐν-
1984 643 2081 694 μέσῳ
2105 643 2217 684 αὐτῶν
2249 642 2346 688 ἐστι,

300 707 480 758 omnibus,
497 706 573 759 ipse
587 706 764 745 Dominus
781 706 942 745 omnium
957 715 1027 744 stat
1042 705 1182 744 medius
1198 705 1252 744 in·
1325 707 1446 758 πολλῷ
1464 707 1596 757 μᾶλλον
1617 704 1702 743 ὅπου
1716 707 1874 743 τοσοῦτοι
1892 703 1954 755 μὲν
1974 703 2112 755 ἄνδρες,
2123 705 2290 741 τοσαῦται
2311 701 2348 740 δὲ

300 776 354 806 ter
370 781 434 806 nos
449 769 565 807 Jesus.
587 768 670 821 Ipse
692 767 826 821 quippe
848 767 939 805 dicit
957 782 966 804 z
993 769 1068 806 Ubi
1088 769 1165 805 duo
1184 766 1254 805 vel
1325 773 1502 819 γυναῖκες,
1528 771 1684 805 τοσοῦτοι
1718 765 1754 803 δὲ
1785 764 1951 816 πατέρες,
1985 764 2044 802 καὶ
2072 763 2260 802 ἀπόστολοι
2289 762 2348 801 καὶ

303 836 378 866 tres
393 830 617 881 congregati
629 837 720 867 sunt
737 831 779 866 in
795 831 949 867 nomine
961 841 1058 875 me0,
1072 828 1156 867 illic
1167 841 1252 866 sum
1326 829 1503 880 προφῆται
1521 828 1555 865 ἐν
1571 827 1668 880 μέσῳ
1685 827 1841 881 πάρεισι.
1857 826 1920 864 Διὸ
1937 825 1996 865 καὶ
2012 826 2113 877 ἧμεῖς
2133 824 2222 876 μετὰ
2233 824 2350 862 πλείο-

302 889 344 925 in
363 889 488 927 medio
511 902 656 927 eorum.
681 888 787 936 Quod
804 889 833 927 si
852 889 917 927 uhi
937 888 1011 927 duo
1028 897 1146 928 tresve
1168 902 1253 927 eon·
1327 903 1382 931 νος
1412 888 1606 941 προθυμίας
1623 888 1842 941 φθεγγόμεθα
1868 890 1932 934 τῆς
1965 887 2095 926 ἓκείθεν
2117 884 2351 930 ἀπολαύοντες

302 949 438 1001 gregati
451 958 547 1001 sunt,
568 949 604 988 in
618 949 737 989 medio
752 958 804 988 est
819 950 993 1003 ipsorum,
1011 950 1125 988 multo
1139 948 1254 1001 magis
1329 950 1457 1001 ῥοπῆς,
1475 949 1535 988 καὶ
1561 949 1624 997 τὴν
1641 950 1827 1002 ὑπόσχεσιν
1847 953 1862 970 ²
1875 951 1956 1001 ὑμῖν
1975 947 2222 999 ἀποδιδόαμεν.
2239 947 2352 986 Ὑπε-

303 1010 366 1048 ubi
389 1019 439 1049 tot
457 1010 543 1060 viri,
563 1019 616 1049 tot
637 1011 815 1061 mulieres,
837 1019 913 1049 tam
931 1010 1039 1049 multi
1063 1010 1170 1049 etiam
1190 1025 1254 1063 pa·
1279 1018 1304 1049 D
1328 1010 1485 1063 σχόμεθα
1503 1005 1572 1064 γὰρ
1593 1012 1682 1063 ἐρεῖν
1712 1011 1794 1065 περὶ
1823 1014 1883 1049 τοῦ
1913 1010 2012 1056 ξύλου
2042 1009 2223 1063 πρότερον,
2256 1011 2286 1047 εἷ
2317 1007 2352 1052 ἐξ

302 1080 386 1122 tres,
403 1079 436 1109 et
449 1071 599 1124 apostoli
613 1085 655 1110 ae
670 1072 854 1126 prophetae
869 1072 907 1110 in
918 1071 1036 1110 medio
1049 1080 1251 1112 versantur.
1329 1071 1458 1110 ἐκείνου
1477 1071 1616 1124 γέγονεν
1637 1075 1659 1119 ἦ
1681 1074 1807 1123 γνῶσις
1823 1077 1883 1112 τοῦ
1909 1073 2016 1111 καλοῦ
2037 1071 2096 1110 καὶ
2122 1074 2182 1109 τοῦ
2200 1073 2353 1123 πονηροῦ

303 1133 530 1186 Quapropter
557 1142 591 1172 et
619 1147 682 1172 nos
713 1134 840 1187 majori
868 1147 951 1173 cum
979 1133 1115 1172 fiducia
1145 1132 1255 1173 verba
1328 1135 1379 1186 τῷ
1393 1133 1523 1185 Ἀδὰμ,
1540 1133 1562 1180 ἢ
1578 1133 1638 1172 καὶ
1653 1133 1721 1187 πρὸ
1736 1137 1798 1181 τῆς
1816 1132 1977 1186 βρώσεως
1995 1126 2069 1185 εἶχε
2087 1132 2150 1180 τὴν
2167 1131 2352 1184 διάγνωσιν

300 1194 465 1245 facimus,
487 1207 526 1233 eo
541 1194 623 1232 freti
641 1194 818 1246 subsidio,
835 1203 869 1233 et
885 1194 994 1233 fidem
1014 1194 1117 1234 vobis
1134 1193 1254 1233 datam
1328 1194 1470 1243 ταύτην.
1492 1197 1710 1249 Θαρροῦντες
1729 1189 1786 1233 οῧν
1812 1194 1853 1232 ἂν
1873 1194 2029 1245 εἴποιμεν
2050 1196 2123 1243 νῦν,
2141 1193 2194 1233 ὅτι
2209 1192 2270 1232 καὶ
2283 1192 2355 1246 πρὸ

302 1254 489 1294 solvimus.
523 1254 692 1294 Dicturos
714 1256 812 1294 enim
841 1269 905 1294 nos
931 1255 1087 1309 polliciti
1114 1269 1253 1306 sumus,
1328 1259 1391 1303 τῆς
1412 1256 1575 1309 βρώσεως
1593 1256 1724 1305 ταύτην
1744 1251 1816 1310 εἶχε
1843 1255 1906 1303 τὴν
1934 1255 2131 1308 διάγνωσιν.
2153 1257 2198 1295 Εἰ
2216 1255 2283 1308 γὰρ
2303 1254 2352 1307 μὴ

302 1315 464 1369 primum
488 1315 534 1355 de
564 1316 678 1369 ligno,
701 1330 746 1356 an
778 1330 827 1355 ex
845 1331 885 1356 eo
904 1317 1142 1369 cognitionem
1169 1316 1255 1355 boni
1327 1317 1404 1368 ᾔδει
1421 1317 1456 1356 τί
1481 1317 1543 1369 μὲν
1573 1319 1692 1368 καλὸν,
1719 1317 1753 1357 τί
1785 1317 1822 1357 δὲ
1853 1317 2015 1369 πονηρὸν,
2048 1317 2107 1356 καὶ
2135 1319 2249 1356 αὐτῶν
2282 1321 2352 1356 τῶν

303 1390 345 1415 ac
364 1377 451 1415 mali
467 1377 512 1415 sit
531 1376 680 1430 adeptus
706 1377 881 1427 Adamus,
900 1391 946 1416 an
964 1391 1048 1417 vero
1066 1386 1256 1429 antequam
1329 1379 1465 1430 ἀλόγων
1483 1379 1699 1432 ἀλογώτερος
1716 1373 1772 1428 ἦν,
1792 1379 1852 1418 καὶ
1877 1382 1946 1417 τῶν
1975 1378 2105 1417 δούλων
2132 1382 2151 1418 ὁ
2183 1378 2354 1427 δεσπότης

304 1437 436 1489 ederet,
458 1438 667 1491 hujusmodi
680 1439 806 1477 notitia
822 1438 996 1492 praeditus
1010 1447 1112 1477 esset.
1136 1439 1257 1477 Auda·
1329 1439 1564 1494 ἀνοητότερος.
1581 1442 1665 1485 Πῶς
1677 1440 1745 1493 γὰρ
1761 1441 1822 1478 οὐκ
1842 1440 1982 1489 ἄτοπον,
1998 1435 2098 1493 αἶγας
2112 1439 2174 1491 μὲν
2189 1440 2249 1478 καὶ
2267 1439 2354 1492 πρό-

306 1508 378 1537 cter
390 1499 501 1551 igitur
514 1513 612 1538 nunc
622 1500 799 1552 dicamus,
809 1501 916 1539 etiam
928 1509 1007 1539 ante
1021 1514 1129 1551 quam
1142 1514 1256 1539 come·
1330 1503 1423 1541 Cotta
1443 1502 1569 1541 εἰδέναι
1588 1502 1672 1541 ποία
1689 1503 1751 1554 μὲν
1775 1504 1889 1546 αὐτοῖς
1916 1502 2044 1554 βοτάνη
2064 1502 2255 1555 χρήσιμος,
2269 1500 2354 1540 ποία

304 1559 417 1610 (leret,
434 1560 500 1598 hac
515 1573 598 1598 eum
611 1560 811 1612 cognitione
826 1560 1019 1613 praeditum
1034 1561 1143 1599 fuisse
1162 1576 1171 1598 :
1189 1561 1257 1599 nisi
1332 1563 1367 1602 δὲ
1386 1563 1542 1617 ὀλεθρία,
1561 1564 1621 1602 καὶ
1641 1564 1689 1615 μὴ
1713 1571 1820 1602 πᾶσιν
1835 1563 1922 1602 αὐτὰ
1942 1564 2076 1602 ἐπιέναι
2096 1569 2168 1606 τοῖς
2184 1562 2354 1615 φαινομέ-

303 1620 399 1659 enim
413 1620 503 1671 quid
516 1621 654 1659 bonum
666 1621 849 1660 malumve
862 1622 967 1672 foret,
982 1621 1152 1672 novisset,
1167 1621 1256 1674 ipsis
1331 1640 1418 1672 νοις,
1439 1626 1516 1662 ἀλλ’
1534 1624 1628 1677 ἔχειν
1647 1625 1711 1671 τὴν
1732 1624 1928 1674 διάγνωσιν,
1948 1624 2007 1663 καὶ
2023 1624 2148 1663 εἰδέναι
2163 1627 2301 1676 σαφῶς,
2321 1624 2356 1662 τί

303 1680 451 1720 rationis
481 1681 688 1734 expertibus
716 1681 958 1720 animantibus
989 1682 1194 1733 immanior,
1223 1691 1258 1721 et
1281 1681 1305 1711 Ε
1332 1685 1394 1736 μὲν
1415 1688 1531 1729 αὐτοῖς
1548 1685 1753 1735 ἐπιὸλαίῖὲς,
1770 1685 1805 1723 τί
1823 1684 1856 1724 δὲ
1871 1686 2046 1738 ὠφέλιμον
2061 1701 2068 1709 ·
2085 1686 2142 1725 τὸν
2171 1685 2207 1724 δὲ
2224 1685 2355 1737 ἄνθρω-

301 1742 468 1781 dominus
485 1741 596 1780 servis
622 1742 766 1781 stultior
786 1742 991 1782 exstitisset.
1013 1744 1140 1782 Annon
1162 1743 1257 1783 enim
1329 1763 1395 1786 πον
1413 1747 1586 1794 τοσαύτης
1613 1750 1880 1800 ἀποστερεῖσθαι
1906 1750 1968 1794 τῆς
2001 1746 2209 1799 ἀσφαλείας
2227 1748 2272 1785 Εἰ
2288 1747 2356 1800 γὰρ

301 1803 498 1841 absurdum
515 1802 675 1855 videtur,
690 1812 731 1842 ut
747 1818 862 1857 eaprae
882 1804 1030 1855 quidem
1044 1814 1078 1844 et
1096 1819 1179 1845 oves
1195 1819 1257 1844 no-
1333 1808 1382 1860 μὴ
1400 1813 1502 1847 τοῦτο
1518 1803 1622 1861 εἶχεν,
1642 1809 1776 1852 οὐδενὸς
1794 1807 1885 1852 ἄξιος
1900 1803 1955 1857 ἦν,
1976 1808 2066 1847 ἀλλὰ
2081 1808 2140 1846 καὶ
2157 1808 2356 1848 εὐτελέστε-

302 1865 432 1916 verint,
449 1878 611 1916 quaenam
630 1865 741 1904 herba
759 1865 829 1904 sibi
843 1865 890 1904 sit
903 1866 1019 1918 utilis,
1038 1882 1164 1918 quaeve
1175 1881 1256 1920 per-
1333 1887 1388 1924 ρος
1403 1872 1544 1910 πάντων
1559 1873 1708 1923 ὑπῆρχε.
1723 1871 1852 1924 Πολλῷ
1868 1869 1936 1924 γὰρ
1955 1869 2184 1924 αἱρετώτερον
2202 1865 2244 1917 ἦν
2263 1872 2356 1923 αὐτῷ

302 1926 456 1977 niciosa,
476 1940 591 1977 neque
610 1926 656 1965 ad
674 1940 794 1966 omnes
809 1941 889 1979 quac
908 1938 1112 1977 occurrunt,
1132 1929 1253 1968 adhae-
1332 1935 1366 1971 ἐν
1387 1932 1500 1985 σκότῳ
1529 1931 1673 1983 διάγειν,
1705 1931 1765 1970 καὶ
1797 1931 1876 1976 τοὺς
1906 1931 2102 1984 ὀφθαλμοὺς
2130 1932 2356 1985 ἐκκεκόφθαι,

302 1997 453 2039 rescant,
481 1988 545 2026 sed
568 1987 766 2028 discernere
797 1988 935 2041 possint
963 2003 1004 2028 ac
1024 2004 1141 2043 nosse,
1170 1991 1258 2043 quid
1332 1994 1391 2033 καὶ
1417 1998 1476 2032 τοῦ
1498 1994 1609 2047 φωτὸς
1641 1997 1918 2047 ἀπεστερῆσθαι,
1943 1992 1965 2040 ἢ
1996 1993 2044 2044 μὴ
2076 1993 2202 2032 εἰδέναι
2229 1993 2264 2032 τί
2293 1993 2355 2045 μὲν

304 2048 393 2101 ipsis
421 2048 572 2087 noxium
599 2049 660 2100 sit,
696 2058 729 2088 et
758 2049 845 2101 quid
871 2051 1117 2102 commodum3
1151 2053 1259 2092 homo
1332 2056 1451 2105 καλὸν,
1476 2055 1510 2094 τί
1539 2055 1574 2094 δὲ
1605 2056 1766 2109 πονηρόν.
1798 2054 1886 2094 Ἐὰν
1917 2054 1985 2108 γὰρ
2010 2057 2112 2094 τοῦτο
2139 2055 2262 2108 ἀνέλῃς
2294 2058 2358 2103 τῆς

305 2122 389 2148 vero
413 2117 509 2148 tanta
542 2110 704 2149 cautione
730 2111 944 2150 fraudetur?
963 2112 1042 2150 Nisi
1070 2113 1163 2152 enim
1192 2114 1260 2153 hoc
1333 2120 1423 2164 ζωῆς
1439 2120 1502 2164 τῆς
1533 2118 1723 2169 ἡμετέρας,
1745 2124 1863 2156 πᾶσαν
1880 2117 1944 2165 τὴν
1970 2117 2061 2165 ζωὴν
2084 2120 2186 2168 ἡμῶν
2205 2121 2357 2167 ἀνεῖλες,

306 2170 465 2219 haberet,
480 2170 615 2209 nullius
638 2181 726 2210 esset
750 2172 872 2223 pretii,
891 2172 954 2211 sed
979 2174 1138 2212 omnium
1158 2175 1256 2227 abje-
1334 2180 1393 2217 καὶ
1420 2181 1551 2224 πολλῆς
1582 2178 1783 2230 συγχύσεως
1807 2178 1851 2216 τὰ
1881 2178 1995 2216 πάντα
2023 2179 2226 2226 ἐνέπλησας.
2242 2182 2358 2218 Τοῦτο

307 2231 485 2269 ctissimus
509 2240 706 2283 appareret.
727 2232 844 2270 Multo
869 2234 964 2271 enim
990 2234 1099 2273 satius
1117 2235 1187 2287 ipsi
1206 2237 1259 2274 fo·
1275 2261 1321 2285 572
1334 2239 1401 2291 γάρ
1428 2241 1534 2287 ἐστιν,
1565 2232 1594 2291 ᾧ
1628 2242 1696 2276 τῶν
1726 2239 1861 2290 ἀλόγων
1891 2238 2111 2292 διαφέρομεν,
2140 2239 2201 2278 καὶ
2230 2234 2259 2293 ᾧ
2287 2242 2356 2278 τῶν

308 2302 360 2330 ret
374 2293 411 2330 in
430 2292 585 2330 tenebris
612 2293 761 2338 versari,
788 2294 973 2345 oculisque
997 2304 1142 2347 captum
1168 2310 1257 2348 esse,
1286 2298 1311 2327 Λ
1335 2299 1462 2353 Θηρίων
1482 2300 1641 2351 ἀμείνους
1656 2299 1774 2351 ἐσμὲν,
1790 2303 1839 2354 τῷ
1858 2300 1982 2339 κακίαν
1998 2300 2196 2354 καὶάρετὴν
2215 2302 2358 2347 εἰδέναι,

308 2367 349 2391 ac
364 2353 455 2392 lucis
473 2362 618 2405 aspectu
633 2353 826 2406 privatum,
840 2369 947 2406 qnam
964 2355 1106 2406 utquid
1124 2357 1261 2396 bonum
1334 2361 1394 2398 καὶ
1414 2363 1463 2413 τῷ
1493 2361 1734 2413 ἐπιγινώσκειν
1762 2362 1802 2400 τὸ
1823 2361 1986 2413 πονηρὸν,
2014 2361 2074 2400 καὶ
2103 2361 2142 2400 τὸ
2172 2362 2278 2401 καλὸν
2307 2361 2356 2414 μὴ

310 2415 366 2465 sit,
384 2414 517 2466 quidve
538 2415 688 2465 malum,
709 2415 897 2467 ignoraret.
915 2417 1021 2455 Tolle
1038 2417 1131 2456 hanc
1149 2432 1168 2456 e
1185 2419 1261 2458 vita
1335 2424 1484 2472 ἀγνοεῖν.
1506 2423 1551 2460 Εἰ
1570 2421 1606 2460 δὲ
1624 2424 1726 2472 ἡμεῖς
1751 2425 1852 2460 τοῦτο
1879 2421 1980 2473 ἴσμεν
2001 2425 2073 2471 νῦν,
2101 2423 2164 2474 οὐχ
2193 2425 2294 2474 ἡμεῖς
2321 2422 2357 2461 δὲ

310 2484 428 2514 nostra
449 2475 666 2524 facultatem,
679 2475 754 2528 jam
776 2476 889 2528 ipsam
908 2491 1049 2516 omnem
1068 2477 1182 2518 vitam
1198 2493 1258 2518 no·
1336 2482 1452 2533 μόνον,
1471 2482 1562 2521 ἀλλὰ
1574 2482 1633 2521 καὶ
1644 2482 1779 2521 Σκύθαι
1801 2483 1860 2521 καὶ
1873 2483 2044 2536 βάρὸαροι
2057 2513 2068 2531 ,
2087 2485 2206 2537 πολλῷ
2222 2487 2354 2536 μᾶλλον

309 2547 418 2575 stram
434 2536 632 2585 sustuleris,
648 2545 682 2574 et
700 2537 861 2576 omnium
876 2553 996 2577 rerum
1014 2540 1259 2592 perturbatio-
1334 2547 1352 2582 ὁ
1382 2543 1559 2596 ἄνθρωπος
1589 2544 1668 2583 τότε
1699 2545 1828 2588 ἐκεῖνος
1857 2544 1925 2597 πρὸ
1957 2547 2020 2589 τῆς
2046 2545 2220 2598 ἁμαρτίας
2255 2549 2358 2584 τοῦτο

311 2612 391 2636 nem
411 2597 604 2636 invexeris.
624 2597 700 2634 Hoc
715 2597 808 2636 enim
830 2598 925 2637 illud
942 2601 1089 2652 est,{quo
1105 2615 1125 2639 a
1143 2601 1260 2641 brutis
1334 2605 1497 2657 ἐγνώκει·
1517 2605 1576 2644 καὶ
1591 2607 1653 2645 οὐκ
1670 2605 1710 2643 ἂν
1729 2605 1942 2649 ὁτοσαόταις
1955 2606 2114 2657 τιμηθεὶς
2132 2612 2268 2657 τιμαῖς,
2285 2602 2356 2645 οἷον

313 2658 552 2696 animantibus
567 2657 786 2708 disserimus,
804 2667 839 2698 ct
854 2673 923 2711 quo
938 2660 1022 2698 feris
1035 2671 1258 2714 prcestamus,
1332 2669 1382 2718 τῷ
1404 2669 1481 2713 κατ’
1503 2667 1640 2716 εἰκόνα,
1660 2669 1710 2720 τῷ
1730 2669 1806 2705 καθ’
1829 2667 2008 2718 ὁμοίωσιν,
2030 2667 2088 2706 καὶ
2117 2673 2194 2711 ταῖς
2219 2670 2358 2713 λοιπαῖς

309 2719 406 2771 quod
434 2719 564 2759 vitium
594 2719 834 2772 virtutemque
860 2721 1078 2773 noverimus,
1103 2732 1137 2762 et
1163 2724 1259 2775 quod
1332 2728 1520 2780 εὐλογίαις,
1536 2733 1597 2767 τοῦ
1621 2728 1808 2781 κεφαλαίου
1824 2731 1892 2766 τῶν
1913 2731 2051 2780 ἀγαθῶν
2077 2728 2206 2781 ἔρημος
2233 2730 2358 2781 ἔμεινε.

309 2793 542 2831 agnoscamus
557 2779 647 2829 quid
665 2780 802 2818 malum
824 2781 884 2832 sit,
903 2795 1016 2834 neque
1032 2783 1119 2835 quid
1135 2785 1180 2824 sit
1198 2786 1261 2825 bo·
1332 2790 1385 2828 Τὸ
1408 2790 1475 2844 γὰρ
1489 2791 1593 2828 καλὸν
1619 2790 1679 2828 καὶ
1705 2790 1856 2842 πονηρὸν
1882 2793 2005 2829 ἐκεῖνοι
2037 2790 2134 2842 μόνοι
2165 2794 2358 2843 ἀγνοοῦσιν,

311 2854 397 2879 num
423 2840 637 2892 ignoremus.
667 2840 776 2887 Quod
794 2841 823 2880 si
842 2856 905 2881 nos
926 2843 966 2882 id
985 2858 1080 2884 nunc
1111 2847 1256 2900 scimus,
1333 2851 1408 2890 ὅσοι
1425 2855 1494 2890 τῶν
1516 2851 1606 2890 κατὰ
1622 2851 1724 2904 φύσιν
1757 2851 1842 2890 εἰσιν
1860 2851 2136 2904 ἀπεστερημένοι
2166 2854 2320 2905 φρενῶν·
2341 2856 2360 2891 ὁ

312 2916 426 2953 neque
440 2916 502 2940 nos
516 2910 666 2952 tantum,
681 2902 743 2941 scd
757 2903 864 2942 etiam
879 2905 1024 2958 Scythae
1044 2921 1084 2945 ac
1102 2907 1259 2960 barbari,
1334 2913 1370 2952 δὲ
1390 2913 1502 2964 Ἀδὰμ
1521 2913 1641 2966 σοφίας
1666 2915 1798 2960 πολλῆς
1814 2913 2063 2965 ἐπεπλήρωτο,
2082 2913 2141 2952 καὶ
2158 2915 2360 2964 διαγνωστι-

312 2964 427 3003 multo
450 2962 565 3015 magis
591 2971 667 3001 tum
690 2965 858 3017 temporis
878 2966 985 3006 homo
1004 2968 1065 3007 ille
1082 2979 1162 3009 ante
1180 2984 1261 3023 pec-
1333 2975 1391 3018 κὸς
1410 2975 1582 3028 ἑκατέρων
1603 2975 1729 3015 τούτων
1744 2969 1803 3023 ἦν
1822 2976 1892 3014 Καὶ
1909 2975 1961 3013 ὅτι
1982 2975 2102 3028 σοφίας
2131 2976 2360 3028 ἐπεπλήρωτο

312 3034 431 3064 catum
455 3024 495 3063 id
522 3032 694 3062 noverat:
713 3039 824 3076 neque
842 3041 924 3066 cum
941 3029 1047 3067 tantis
1065 3030 1260 3071 honoribus
1284 3035 1308 3066 B
1333 3039 1590 3088 πνευματικῆς,
1609 3037 1753 3075 ἄκουσον
1782 3038 1885 3082 αὖτῆς
1904 3035 1967 3083 τὴν
1993 3036 2178 3080 ἀπόδειξιν.
2202 3036 2360 3089 ἼΙγαγε’,

312 3086 513 3125 cumulatus
536 3093 637 3133 esset,
658 3094 778 3137 utpote
801 3089 900 3138 quod
931 3089 976 3128 ad
1010 3091 1201 3144 imaginem
1226 3102 1260 3132 et
1334 3098 1440 3148 φησὶ,
1458 3098 1542 3150 πρὸς
1567 3099 1668 3137 αὐτὸν
1686 3100 1704 3136 ὁ
1719 3098 1808 3141 Θεὸς
1833 3098 1878 3136 τὰ
1901 3097 2022 3149 θηρία,
2045 3099 2126 3135 ἰδεῖν
2157 3098 2192 3136 τί
2219 3098 2360 3137 καλέσει

308 3147 583 3187 similitudinem
599 3146 664 3184 Dei
681 3147 850 3187 formatus
869 3161 969 3202 esset,
989 3152 1139 3205 aliisque
1156 3155 1260 3195 bene-

1334 3159 1440 3198 αὓτά·
1458 3159 1516 3197 καὶ
1537 3160 1568 3198 εἴ
1584 3176 1618 3198 τι
1633 3160 1802 3199 ἐκάλεσεν
1819 3158 1906 3198 αὐτὰ
1922 3159 2032 3211 Ἀδὰμ
2044 3189 2053 3206 ,
2069 3162 2170 3198 τοῦτο
2195 3159 2234 3198 τὸ
2250 3159 2359 3211 ὄνομα

308 3209 400 3248 ficiis
417 3217 576 3260 ornatus,
597 3221 638 3247 co
656 3208 753 3259 quod
777 3221 882 3263 caput
913 3213 1090 3256 bonorum
1111 3225 1178 3269 est,
1202 3232 1258 3258 01·-

1334 3222 1460 3266 αὐτοῖς.
1490 3221 1676 3269 Ἐννόησον
1707 3221 1820 3261 τοίνυν
1848 3221 1958 3269 πόσης
1986 3220 2186 3268 ἕπέπληστο
2213 3220 2358 3273 σοφίας,

349 3325 360 3339 ³
387 3315 464 3359 Reg.
485 3317 552 3357 ὑμῖν
569 3316 774 3357 ἀποδώσομεν.
