2516 3791
325 246 418 306 374
767 258 804 287 s
841 255 1026 287 somnis
1060 255 1301 285 cnRYsosT.
1341 253 1548 282 ARCHOEP.
1583 251 1939 281 consummop,

121 349 235 377 Mauh.
260 349 308 379 13.
323 350 489 381 centem·
508 342 599 379 Non
622 348 676 378 est
700 339 887 391 propheta
913 340 996 374 sine
1022 338 1180 381 honore,
1197 336 1274 371 nisi
1347 335 1424 372 Οὐκ
1448 333 1523 371 ἔστι
1538 333 1718 385 προφήτης
1733 334 1875 385 ἄτιμος,
1892 335 1922 371 εἰ
1942 333 1990 383 μὴ
2007 335 2041 371 ἐν
2062 335 2104 383 τῇ
2123 331 2195 384 ἰδίᾳ
2210 332 2363 384 πατρίδι.

121 390 171 426 ⁵7
324 407 366 441 in
376 404 509 454 patria
522 414 607 439 sua.
625 401 676 438 Ut
694 399 805 450 igitur
817 411 920 448 ope1e
939 395 1102 446 impleret
1114 393 1321 447 promis—E
1296 393 1423 437 ΕἽνα
1449 387 1507 430 οῧν
1526 392 1590 439 τὴν
1609 395 1819 446 ἐπαγγελίαν
1837 398 1884 438 εἷς
1905 394 2003 445 ἔργον
2024 392 2137 444 ἀγάγῃ
2158 392 2220 439 τὴν
2243 397 2364 441 αὐτοῦ,

323 464 459 501 sionem
479 475 586 512 quam
604 460 659 497 illi
679 459 822 505 fecerat,
840 457 963 494 dicens
983 471 990 491 :
1012 457 1066 493 Et
1086 455 1273 507 magnfi-
1345 454 1386 500 ἣν
1413 453 1604 500 ἐποιήσατο
1632 453 1744 506 λέγων
1757 486 1766 503 ,
1797 455 1868 493 Καὶ
1895 455 2078 505 μεγαλυνῶ
2103 453 2143 491 τὸ
2160 453 2269 504 ὄνομά
2292 469 2366 498 σου,

323 526 420 562 cabo
449 535 586 559 nomen
610 529 751 557 tuum:
772 526 957 569 propteiea
986 525 1020 553 et
1038 517 1170 553 famem
1188 515 1275 553 oriri
1348 515 1405 553 διὰ
1423 518 1523 552 τοῦτο
1545 514 1604 552 καὶ
1627 514 1685 552 τὸν
1704 515 1805 566 λιμὸν
1829 519 2005 568 συγχωρεῖ
2026 513 2210 566 γενέσθαι,
2230 514 2290 552 καὶ
2312 514 2368 552 διὰ

324 582 507 635 permittit,
515 589 548 618 et
560 588 704 630 cogente
714 576 964 615 necessitatein
981 576 1047 614 AE‘*
1026 585 1180 628 gyptum
1194 590 1275 614 eum
1347 575 1468 614 τούτου
1500 575 1655 626 ἀνάγκην
1685 577 1732 619 εἷς
1754 575 1819 622 τὴν
1842 575 2020 627 Αἴγυπτον
2040 574 2141 612 αὐτὸν
2170 573 2370 626 ἀφικέσθαι,

324 645 375 681 ile
394 640 585 693 compellit,
607 648 645 676 ut
663 638 838 676 discerent
856 646 890 675 ct
908 636 1033 674 incolae
1054 646 1186 687 quanta
1204 636 1276 675 viri
1347 636 1404 674 ἵνα
1431 636 1569 686 μάθωσι
1588 635 1648 673 καὶ
1680 638 1711 674 οἱ
1737 636 1879 682 αὐτόθι,
1913 635 1978 681 ὅση·
2001 639 2063 672 τοῦ
2090 633 2211 686 ἀνδρός
2233 636 2326 672 ἐστιν
2344 637 2370 680 ἡ

322 702 437 741 virtus
456 709 556 738 esset.
575 700 667 737 Nam
682 699 793 736 fames
810 697 911 748 quasi
927 697 1046 746 lictor,
1069 711 1133 734 ceu
1151 696 1277 735 vincu-
1349 696 1470 749 ἀρετή.
1490 696 1659 749 Καθάπερ
1674 695 1741 748 γάρ
1754 711 1807 739 τις
1820 695 1943 747 δήμιος
1958 696 2070 746 δεσμὰ
2084 694 2296 747 περιὸαλων,
2311 693 2369 732 οὔ·

322 763 366 800 lis
379 761 530 814 injectis,
542 761 591 798 ita
603 759 641 798 Vi
659 774 677 797 e
691 758 829 797 deserto
849 758 884 795 in
902 757 1101 809 AEgyptum
1120 771 1177 795 eos
1196 756 1277 794 abs-
1350 772 1418 801 τως
1449 757 1572 799 αὐτοὺς
1591 759 1608 794 ὃ
1630 756 1731 807 λιμὸς
1752 756 1822 794 ἀπὸ
1839 760 1903 802 τ’ἧς
1923 756 2071 807 ἐρημίας
2087 755 2291 801 ἀναστήσας
2313 755 2372 792 ἐπι

323 823 444 860 traxit.
463 821 535 861 Sed
556 821 741 859 videamus
759 833 838 871 quae
861 819 945 856 hinc
964 827 1166 869 sequantur,
1187 826 1220 855 et
1240 817 1277 854 in
1351 817 1414 864 τὴν
1446 816 1650 869 ιἈἴγυπτον
1682 811 1809 855 εἷλκεν.
1847 817 1938 855 Ἀλλ’
1966 816 2092 867 ἴδωμεν
2112 816 2232 854 λοιπὸν
2248 814 2292 853 τὰ
2312 818 2371 854 ἐν-

322 892 474 934 quantas
493 882 725 920 difficultates
741 882 858 933 justus
881 878 1044 918 inciderit
1065 895 1072 915 :
1095 888 1136 916 ut
1154 888 1187 916 et
1204 879 1281 930 ejus
1352 882 1485 925 τευθεν,
1514 878 1620 915 καὶ
1599 895 1663 930 οσῃ
1691 878 1896 930 περιστάσει
1915 881 1932 915 ὃ
1949 878 2079 921 δίκαιος
2093 876 2374 952 περιπέπτωκεν,

323 943 572 981 fortitudinem
601 942 792 989 discamus,
811 949 844 978 et
872 939 995 977 uxoris
1019 939 1119 977 illius
1138 939 1282 990 sapien·
1352 939 1408 977 ι’να
1430 938 1489 977 καὶ
1511 941 1613 978 αὐτοῦ
1639 938 1704 984 τὴν
1721 938 1881 992 ἀνδρείαν
1900 939 2116 990 μάθωμεν,κ
2095 954 2155 976 και
2171 954 2233 984 της
2250 955 2372 990 γυναι-

323 1005 379 1041 u'ae
410 1004 610 1042 studiosam
638 1010 802 1039 mentem.
823 1002 1017 1050 Postquam
1037 999 1150 1051 igitui
1167 999 1281 1036 multo
1353 1001 1411 1044 κὸς
1434 999 1496 1047 την
1527 1000 1712 1052 φιλόσοφον
1741 1000 1897 1073 γνώμην.
1928 1001 2075 1047 Επειδὴ
2104 1000 2172 1052 γὰρ
2202 1000 2290 1039 πολυ
2312 1004 2374 1048 τῆς

322 1065 447 1102 itineie
460 1071 717 1116 processerant,
735 1070 769 1099 et
779 1061 963 1112 ploxime
955 1060 1019 1098 AEff
999 1069 1152 1112 gyptum
1164 1068 1262 1097 erant
1265 1083 1338 1109 ,322
1352 1063 1432 1100 ὁδοῦ
1458 1063 1646 1114 προῆλθον,
1668 1077 1728 1099 και
1745 1061 1906 1114 γεγόνασι
1926 1062 2046 1100 λοιπὸν
2065 1061 2214 1108 πλησίον
2236 1078 2298 1108 της
2315 1064 2376 1099 Αἰ-

317 1126 435 1176 justus
449 1137 582 1175 angore
597 1122 726 1160 mentis
742 1121 896 1159 afflictus
907 1129 970 1169 est,
985 1130 1029 1170 et,
1038 1130 1078 1158 ut
1091 1120 1137 1158 ita
1148 1120 1278 1170 dicam,
1305 1124 1330 1152 A
1351 1122 1502 1199 γύπτου,
1519 1122 1702 1174 ἐναγώνιος
1718 1122 1855 1174 γέγονεν
1876 1125 1897 1160 ὁ
1911 1121 2041 1165 δίκαιος
2055 1153 2064 1170 ,
2083 1122 2144 1160 καὶ
2160 1123 2241 1174 περὶ
2258 1125 2376 1170 αὐτῆς,

320 1185 364 1223 de
380 1185 452 1224 vita
468 1199 531 1222 sua
548 1184 676 1221 timens
695 1192 728 1221 et
749 1192 901 1220 tremens
920 1151 1115 1233 alloquitur
1129 1196 1279 1220 uxorem
1352 1187 1398 1228 ὡς
1426 1186 1556 1232 εἰπεῖν,
1584 1199 1646 1229 της
1664 1184 1792 1229 ζωης
1774 1182 1936 1226 οεδοικὼς
1949 1200 2010 1221 και
2024 1183 2161 1236 τρέμων
2180 1183 2378 1235 διαλέγεται

321 1260 434 1283 suam.
448 1248 462 1282 1
476 1249 490 1283 1
506 1275 513 1282 .
532 1247 700 1283 Factum
718 1252 789 1290 est,
805 1243 935 1294 inquit,
951 1244 1108 1296 quando
1123 1243 1279 1281 Abram
1352 1248 1395 1297 τῇ
1407 1244 1556 1294 γυναικί.
1574 1243 1737 1294 Ἐγένετο
1751 1244 1856 1307 wasta
1846 1259 1931 1296 φησι
1943 1274 1952 1291 ,
1963 1244 2067 1290 ἡνίκα
2081 1244 2222 1296 ἤγγισεν
2238 1244 2378 1296 Αδραμ

322 1307 681 1358 appropinquabat,
711 1313 752 1343 ut
778 1307 943 1343 intraret
972 1307 1014 1342 in
1042 1306 1276 1357 AEgyplum,
1352 1307 1514 1344 εἰσελθεῖν
1536 1307 1584 1348 εἷς
1609 1305 1800 1356 Αιγυπτον,
1824 1309 1898 1343 εἰπε
1915 1305 2016 1357 Σάρᾳ
2034 1321 2076 1356 τῃ
2092 1321 2231 1355 γυναικι
2251 1307 2377 1343 αὐτοῦ·

321 1369 420 1405 dizit
440 1368 545 1405 Sarae
562 1370 674 1405 uxori
688 1381 767 1405 szcoe
785 1382 795 1402 .·
810 1367 896 1405 Scio
916 1368 1021 1419 quod
1027 1368 1212 1420 formosa
1227 1371 1280 1407 sis
1352 1366 1513 1418 γινώσκω
1535 1366 1604 1419 ἐγὼ
1635 1382 1687 1404 οτι
1710 1365 1796 1418 γυνὴ
1826 1366 2052 1419 εὐπρόσωπος
2083 1360 2126 1404 εἶ.
2156 1365 2285 1404 Ἔσται
2305 1371 2377 1414 οὖν,

321 1429 472 1466 mulier.
491 1430 554 1468 42
572 1430 766 1465 Futurum
779 1430 912 1479 itaque
926 1437 982 1466 est
1001 1437 1042 1465 ut
1056 1442 1143 1466 cum
1160 1437 1196 1466 te
1214 1432 1277 1466 vi-
1351 1427 1433 1466 ὅταν
1450 1427 1552 1466 ἴδωσί
1576 1443 1613 1465 σε
1632 1428 1663 1465 οἱ
1686 1426 1898 1479 Αἰγύπτιοι,
1919 1429 2053 1480 ἐροῦσιν
2068 1456 2077 1473 ,
2101 1425 2156 1465 ὅτι
2169 1426 2255 1478 γυνὴ
2275 1428 2380 1464 αὐτοῦ

321 1490 448 1526 derint
470 1490 663 1540 AEgyptii,
686 1489 821 1526 dicant
841 1504 852 1524 .·
874 1490 957 1526 Ista
980 1497 1036 1526 est
1055 1502 1154 1527 uxor
1174 1491 1280 1540 ejusJ
1352 1489 1457 1536 αὕτη
1479 1489 1558 1553 ..Ml
1592 1488 1821 1527 ἀποκτενουσί
1859 1505 1920 1539 με,
1948 1488 1984 1527 σὲ
2010 1487 2045 1526 δὲ
2073 1488 2377 1539 περιποιήσονται.

320 1557 357 1586 et
376 1549 550 1586 occident
571 1563 643 1595 me,
665 1557 701 1586 te
719 1556 850 1586 autem
874 1551 1095 1586 servabunt.
1118 1550 1180 1588 15.
1201 1551 1278 1588 Dic
1350 1552 1440 1589 Εἰπὲ
1461 1545 1536 1599 οῧν,
1556 1550 1610 1590 οτι
1629 1550 1761 1603 ἀδελφὴ
1785 1553 1890 1590 αὐτου
1914 1553 2008 1601 εἰμι,
2028 1549 2122 1592 ὅπως
2139 1554 2174 1587 εὖ
2195 1565 2254 1600 μοι
2276 1567 2377 1602 γενη-

319 1611 450 1660 igitur,
468 1609 583 1646 Soror
597 1611 678 1660 ejus
695 1623 793 1656 sum,
813 1617 853 1646 ut
872 1611 969 1646 mihi
984 1617 1142 1660 propter
1161 1619 1196 1647 te
1217 1613 1279 1647 be·
1349 1627 1406 1649 ται
1425 1611 1482 1650 διὰ
1499 1611 1551 1659 σὲ,
1568 1627 1627 1649 και
1643 1612 1784 1658 ζήσεται
1801 1615 1852 1657 ἡ
1836 1628 1932 1664 ρυχη
1954 1626 2019 1662 μου
2039 1611 2153 1649 ἕνεκεν
2171 1615 2244 1649 σοῦ
2274 1605 2378 1655 Εἶδες

319 1684 367 1706 ne
386 1673 447 1716 sit,
466 1677 502 1706 et
522 1672 627 1706 vivet
647 1672 783 1706 anima
800 1683 885 1706 mea
899 1678 1056 1721 propter
1075 1678 1122 1707 te.
1139 1670 1278 1709 Vidisti
1302 1681 1325 1710 B
1348 1674 1388 1709 ἐκ
1410 1689 1478 1710 των
1502 1672 1670 1724 ῥημάτων
1687 1674 1737 1716 εἷς
1751 1673 1830 1711 ὅσον
1846 1675 1964 1723 ἀγωνα
1978 1686 2038 1710 και
2056 1671 2184 1709 δειλίαν
2203 1675 2221 1709 ὁ
2243 1671 2377 1716 δίκαιος

318 1743 362 1765 ex
384 1728 512 1777 verbis,
532 1728 569 1766 in
590 1737 722 1778 quanto
744 1742 874 1779 angore
891 1737 923 1766 et
945 1738 1040 1767 metu
1064 1731 1278 1769 constitutus
1347 1733 1518 1779 κατέστη·
1541 1733 1601 1770 καὶ
1619 1735 1770 1784 οὐδαμοῦ
1787 1733 1845 1772 τὸν
1867 1733 2035 1786 λογισμὸν
2057 1732 2278 1784 ἐταράττετο,
2299 1733 2376 1771 οὐδὲ

317 1788 424 1825 suerit
442 1789 562 1840 justus
583 1804 590 1824 ε
610 1803 723 1839 neque
753 1797 872 1826 tamen
900 1789 1114 1827 turbabatur
1142 1791 1274 1838 animo,
1347 1794 1541 1845 ἐθορυέεῖτο
1564 1793 1628 1840 τὴν
1656 1793 1822 1845 γνιίψκην,
1851 1794 1928 1832 οὐδὲ
1954 1793 2080 1832 ἐνενόει
2108 1792 2167 1831 καὶ
2195 1792 2292 1844 ἔλεγε
2311 1809 2318 1817 ·
2342 1794 2377 1831 τί

316 1861 430 1897 neque
448 1848 606 1899 cogitans
633 1847 725 1886 intra
746 1862 793 1896 se,
810 1848 952 1886 dicebat
974 1864 982 1885 :
1004 1850 1106 1895 Quid
1120 1850 1187 1888 hoc
1203 1852 1277 1889 est?
1347 1857 1449 1892 τοῦτο
1469 1871 1478 1900 ;
1500 1848 1568 1906 ’ἆρα
1585 1853 1921 1906 ἐγκατελείφθημεν,
1949 1848 2017 1907 ἆρα
2036 1854 2292 1905 ἠπατήθημεν;
2309 1849 2378 1907 ἆρα

317 1922 403 1945 num
419 1908 577 1946 derelicti
597 1909 745 1946 sumus?
761 1923 847 1946 num
861 1908 1000 1961 decepti
1020 1924 1129 1949 sumu
1157 1912 1279 1950 I‘num
1350 1913 1397 1965 μὴ
1428 1914 1578 1967 ἐρήμους
1610 1917 1707 1964 ἡμᾶς
1737 1915 1905 1954 κατέλιπε
1935 1917 1997 1960 τῆς
2030 1915 2135 1952 αὐτοῦ
2164 1914 2327 1966 προνοίας
2357 1918 2376 1953 ὁ

317 1983 379 2006 nos
393 1969 618 2020 providentia
637 1983 702 2007 sua
718 1969 880 2007 destituit
897 1971 1098 2009 Dominus?
1114 1986 1199 2010 num
1218 1973 1279 2011 ille
1349 1975 1554 2022 Δεσπότης;
1576 1979 1593 2014 ὃ
1610 1975 1715 2014 εἰπὼν
1730 2007 1739 2025 ,
1756 1978 1952 2028 Μεγαλυνῶ
1971 1991 2010 2013 σε
2025 2005 2036 2022 ,
2056 1975 2115 2013 καὶ
2130 1978 2180 2027 τῷ
2199 1976 2375 2029 σπέρματί

318 2029 377 2080 qui
391 2029 487 2067 dixit
504 2045 511 2066 :
529 2030 799 2082 ,Magnificccbo
815 2039 866 2077 te,
883 2039 919 2068 et
933 2035 1075 2070 semini
1095 2041 1159 2070 tuo
1175 2035 1277 2072 dabo
1350 2052 1411 2075 σου
1441 2036 1542 2074 δώσω
1569 2036 1632 2084 τὴν
1653 2039 1719 2088 γῆν
1738 2037 1889 2085 ταύτην,
1918 2036 2026 2080 οὕτως
2049 2040 2142 2087 ἡμᾶς
2167 2036 2291 2089 ἀφίησι
2314 2040 2374 2075 νῦν

321 2099 464 2127 terram
478 2091 581 2127 hane
593 2105 603 2126 .·
614 2104 677 2128 nos
695 2091 742 2128 ita
757 2091 928 2142 relinquit
941 2105 1036 2130 nunc
1052 2102 1091 2130 ut
1104 2093 1149 2131 de
1163 2103 1279 2132 extre-
1349 2097 1430 2149 περὶ
1454 2100 1524 2135 τῶν
1548 2097 1706 2150 ἐσχάτων
1725 2100 1837 2136 αὐτῶν
1859 2097 2061 2144 δεδοικέναι,
2078 2097 2137 2136 καὶ
2152 2100 2200 2141 εἷς
2215 2101 2374 2151 προφανῆ

319 2149 386 2186 mis
406 2149 604 2196 timeamus,
621 2150 706 2187 etin
726 2151 953 2188 manifestum
968 2151 1168 2191 incidamus
1183 2155 1279 2206 peri·
1350 2157 1503 2196 κίνδυνον
1547 2161 1733 2208 ε’μπεσεῖν;
1766 2159 1878 2198 Οὐδὲν
1906 2159 2036 2198 τούτων
2063 2158 2139 2197 οὐδὲ
2172 2161 2205 2197 ἐν
2240 2160 2375 2212 διανοίᾳ

319 2210 465 2246 culum?
479 2210 579 2247 Nihil
594 2210 722 2247 horum
733 2211 837 2249 velin
851 2221 1004 2249 mentem
1016 2213 1279 2252 admittendum
1350 2219 1470 2256 λαίίεῖν
1492 2221 1509 2256 ὃ
1532 2218 1662 2262 δίκαιος
1684 2220 1915 2267 κατεδέξατο,
1949 2221 2025 2258 ἀλλ’
2056 2219 2128 2262 ἑνὸς
2157 2225 2213 2258 νῦν
2241 2220 2374 2271 ἐγίνετο

320 2269 541 2307 existimavit
556 2271 689 2321 justus,
708 2271 770 2308 sed
789 2285 901 2308 unum
919 2272 986 2309 hoc
1005 2274 1166 2324 curabat,
1185 2289 1275 2324 quo·
1352 2277 1456 2327 μόνου
1468 2307 1477 2324 ,
1507 2278 1601 2321 ὅπως
1621 2280 1749 2331 δυνηθῇ
1769 2280 1999 2333 σοφισάμενός
2014 2296 2091 2318 τινα
2111 2279 2273 2332 μηχανὴν
2285 2311 2294 2328 ,
2314 2281 2373 2319 καὶ

322 2329 428 2367 modo
448 2339 522 2367 arte
543 2330 662 2379 aliqua
683 2330 881 2381 excogitata
901 2341 1017 2383 posset
1035 2334 1139 2371 famis
1161 2348 1277 2373 reme—
1302 2349 1325 2378 c
1351 2342 1409 2375 τοῦ
1439 2340 1544 2390 λιμοῦ
1571 2340 1794 2392 παραμυθίαν
1825 2343 1954 2392 εὑρεῖν,
1987 2340 2047 2378 καὶ
2075 2342 2143 2377 τῶν
2171 2341 2373 2392 Αἰγυπτίων

321 2389 422 2427 dium
436 2403 476 2427 ac
493 2390 766 2428 consolationem
786 2391 960 2441 invenire,
973 2401 1006 2429 et
1024 2393 1278 2445 AEgyptiorum
1350 2398 1411 2441 τὰς
1431 2406 1552 2451 χεῖρας
1573 2401 1762 2452 διαφυγεῖν.
1792 2401 1961 2440 Γινώσκω
1976 2432 1986 2449 ,
2005 2401 2124 2453 φησὶν,
2146 2400 2199 2439 ὅτι
2214 2401 2301 2451 γυνὴ
2319 2404 2373 2441 εὖ-

322 2464 447 2488 manus
477 2451 643 2501 effugere.
664 2451 750 2488 Scio
761 2480 773 2497 ‚
803 2451 919 2501 inquit.
931 2480 941 2498 ,
976 2454 1081 2504 quod
1095 2455 1279 2505 formosa
1350 2460 1536 2511 πρόσωπος
1555 2454 1596 2499 ε’ῗ.
1624 2460 1722 2515 οὈροι
1737 2462 1830 2510 πόση
1845 2464 1908 2508 τῆς
1922 2462 2081 2514 γυναικὸς
2095 2457 2136 2510 ἦν
2153 2465 2174 2508 ἡ
2190 2464 2372 2516 εὐμορφία,

324 2511 463 2548 mulier
480 2513 544 2548 sis.
562 2510 658 2550 Vide
678 2520 809 2561 quanta
833 2511 994 2550 mulieris
1015 2522 1087 2550 erat
1115 2514 1279 2553 formosi-
1349 2520 1402 2558 ὅτι
1423 2520 1481 2558 καὶ
1501 2522 1549 2565 εἷς
1564 2525 1675 2575 γ’ἧρας
1697 2525 1809 2560 αὐτῶν
1825 2523 2024 2562 ἐλασάντων
2040 2523 2160 2561 λοιπὸν
2173 2553 2182 2570 ,
2210 2523 2269 2561 καὶ
2283 2524 2374 2574 μετὰ

324 2581 376 2608 tas
394 2585 497 2609 :nam
527 2580 560 2609 et
589 2585 671 2609 cum
699 2571 734 2609 in
764 2581 940 2610 senectam
956 2573 1031 2625 jam
1050 2585 1224 2626 vergeret,
1246 2587 1279 2615 et
1350 2581 1523 2619 τοσούτων
1547 2584 1632 2621 ἐτῶν
1660 2583 1806 2635 ἀριθμὸν
1834 2584 1885 2621 ἔτι
1914 2583 2034 2634 ἔμενεν
2058 2583 2286 2634 ἀκμάζουσα,
2312 2589 2372 2623 τοῦ

325 2641 402 2683 post
416 2641 466 2669 tot
486 2645 660 2669 annorum
676 2646 864 2670 numerum
879 2632 996 2671 adhuc
1009 2634 1064 2673 vis
1077 2635 1277 2686 pulchritu-
1351 2642 1497 2686 κάλλους
1519 2643 1582 2690 τὴν
1603 2643 1696 2696 ὥραν
1725 2644 1783 2682 ἐπὶ
1805 2646 1866 2690 τῆς
1881 2644 1991 2694 ὄψεως
2005 2643 2168 2696 φέρουσα,
2185 2645 2244 2682 καὶ
2260 2649 2370 2684 ταῦτα

324 2691 418 2729 (linis
441 2691 477 2729 in
496 2691 585 2729 facie
600 2692 788 2740 emicabat,
801 2692 908 2730 etiam
927 2703 1006 2745 post
1026 2704 1076 2733 tot
1090 2696 1227 2735 laboms
1247 2707 1279 2735 et
1352 2702 1440 2752 μετὰ
1467 2703 1530 2750 τὴν
1549 2704 1719 2751 τοσαύτην
1748 2705 1991 2756 ταλαιπωρίαν
2011 2705 2070 2742 καὶ
2088 2705 2277 2757 κακουχίαν
2293 2736 2302 2753 ,
2329 2707 2371 2753 ἢν

325 2765 514 2802 ιιτιιῐηῃίιε,
533 2767 619 2802 quas
637 2751 672 2790 in
690 2752 746 2791 via
761 2752 806 2790 dc
822 2753 910 2791 locis
927 2753 962 2791 in
978 2754 1053 2793 loca
1064 2758 1278 2797 transeundo
1350 2763 1438 2801 κατὰ
1456 2763 1516 2808 τὰς
1535 2764 1630 2809 ὁδοὺς
1650 2765 1816 2816 ὑπέμενεν
1835 2766 1904 2803 ἀπὸ
1921 2766 2035 2804 τόπων
2058 2768 2104 2810 εἰς
2122 2766 2247 2810 τόπους
2267 2783 2371 2818 μετα-

325 2820 467 2862 experta
476 2820 538 2859 cst,
546 2827 565 2850 a
575 2812 827 2851 Chaldaeorum
840 2827 965 2867 nempe
975 2816 1115 2867 regione
1123 2817 1157 2855 in
1167 2818 1277 2856 Char-

325 2885 400 2919 ωτι,
418 2880 451 2908 et
471 2886 489 2908 a
511 2872 668 2910 charran
686 2873 722 2910 in
741 2873 921 2923 Clianaan,
936 2884 969 2913 et
988 2890 1112 2914 rursus
1132 2877 1166 2915 in
1185 2878 1276 2916 Cha-

323 2946 444 2970 nansea
464 2932 533 2970 huc
552 2941 657 2983 atquc
677 2934 822 2983 illuc,et
842 2949 936 2973 nunc
955 2936 1083 2975 iterum
1106 2937 1140 2976 in
1163 2938 1276 2991 AEgy—

325 3002 435 3043 ptum.
459 2994 573 3039 Quem
606 3008 671 3032 non
697 2995 845 3033 fortium
861 2996 1022 3035 virorum
1043 2998 1276 3051 defatigarent

325 3061 373 3089 tot
405 3053 576 3090 continuat
608 3055 933 3105 peregrinationes?
961 3060 1098 3097 Verum
1134 3061 1275 3112 egregia
1300 3075 1323 3104 ι)

325 3113 398 3149 hanc
418 3113 546 3150 mulier
572 3115 675 3152 etiam
705 3125 783 3166 post
807 3125 859 3154 tot
887 3119 1082 3158 exantlatas
1101 3135 1276 3160 {erumnas

322 3173 499 3210 luculenta
514 3173 632 3212 adhuc
649 3185 722 3212 erat
743 3176 846 3224 facie,
870 3177 962 3216 unde
978 3188 1013 3217 et
1033 3181 1274 3221 vehementem

322 3233 545 3271 ssn‘mitlinem
579 3236 747 3273 asserebat
777 3238 902 3288 justo:
926 3239 1004 3277 ideo
1028 3250 1061 3279 et
1094 3242 1234 3281 dicebat
1263 3261 1269 3280 ε

1350 2825 1553 2875 νισταμένη,
1575 2826 1635 2864 καὶ
1652 2827 1720 2865 ἀπὸ
1737 2826 1799 2878 μὲν
1824 2829 1888 2873 τῆς
1902 2828 2088 2865 Χαλδαίων
2104 2827 2223 2881 χώρας
2238 2831 2286 2873 εἷς
2305 2829 2369 2876 τὴν

1351 2885 1494 2937 Χαρραν
1525 2888 1828 2939 μετανισταμένη,
1856 2890 1995 2927 κάκεῑθε
1982 2906 2014 2927 εν
2049 2892 2096 2933 εἷς
2123 2889 2186 2937 τὴν
2212 2890 2368 2938 Χαναὰν,

1349 2961 1407 2983 και
1435 2947 1540 2985 πάλιν
1570 2949 1722 2988 ἐντευθεν
1755 2952 1808 2988 ἐκε
1813 2956 1826 2987 ῖ
1853 2953 1887 2988 ἐν
1915 2953 1959 3001 τῇ
1988 2951 2190 3002 Χαναναία,
2211 2955 2368 2990 κάκεῖθεν

1347 3000 1412 3044 ὡδε
1431 3038 1440 3055 ,
1469 3024 1528 3046 και
1543 3012 1601 3046 ν’ῦν
1622 3010 1727 3047 πάλιν
1748 3011 1795 3054 εἷς
1816 3010 1878 3057 τὴν
1901 3011 2090 3063 Αἴγυπτον.
2119 3011 2209 3049 Τίνα
2229 3015 2287 3050 οὖν
2306 3014 2368 3051 οὐκ

1348 3068 1388 3104 ἂν
1407 3069 1465 3106 καὶ
1480 3073 1549 3107 τῶν
1570 3069 1794 3122 σφριγώντων
1810 3073 1942 3125 ἀνδρῶν
1957 3075 1992 3110 αἱ
2009 3071 2098 3109 οὕτω
2115 3078 2267 3124 συνεχεῖς
2284 3075 2368 3112 ἀπο-

1348 3128 1470 3178 δημίαι
1496 3131 1794 3181 κατειργάσαντο;
1817 3133 1911 3170 Ἀλλ’
1931 3135 1952 3178 ἡ
1979 3132 2157 3183 θαυμασία
2178 3132 2287 3180 αὕτη,
2308 3134 2367 3171 καὶ

1348 3189 1436 3238 μετὰ
1464 3190 1526 3237 τὴν
1560 3193 1730 3239 τοσαύτην
1758 3193 2001 3247 ταλαιπωρίαν
2031 3195 2082 3231 ἔτι
2103 3195 2291 3245 λάμπουσα
2316 3198 2366 3248 τῷ

339 3299 344 3306 ’
374 3300 378 3305 .
1347 3253 1407 3294 τῆς
1424 3250 1533 3301 ὅψεως
1554 3252 1686 3299 κάλλει,
1708 3254 1795 3292 πολὺ
1816 3255 1874 3292 καὶ
1895 3255 2041 3307 σφοδρὸν
2061 3255 2100 3293 τὸ
2123 3255 2195 3298 δέος
2218 3256 2363 3295 ἐνεποίει

318 3300 402 3335 ὥνια)
424 3299 527 3348 quod
546 3299 683 3335 mulier·
698 3301 869 3347 svl'mOS‘l
888 3306 937 3339 5¹⁴5
963 3306 1167 3355 :suturam
1195 3311 1268 3345 im·
1348 3313 1395 3359 τῷ
1425 3312 1567 3363 δικαίῳ·
1598 3314 1648 3351 διὸ
1678 3315 1734 3351 καὶ
1758 3314 1851 3366 ἔλεγε
1871 3332 1875 3338 ·
1909 3316 2074 3354 Ιίνώσκω
2095 3316 2187 3367 ἐγὼ,
2209 3316 2260 3354 ὅτι
2279 3317 2361 3367 γυνὴ

360 3402 375 3425 ¹·
399 3400 459 3433 Alii
477 3407 619 3443 Ai‘ymtov
640 3410 702 3437 titi
721 3409 821 3442 :3‘777113
840 3412 1004 3445 ,vistulam-
