2516 3791
296 164 388 217 422
715 178 752 208 s.

288 261 433 307 >sionem
447 261 568 314 justus
585 260 686 299 aliud
704 269 878 299 certamen
895 258 1116 310 aggreditur.
1134 258 1242 295 Inva-

293 321 446 360 lescente
470 323 566 360 enim
592 323 697 368 fame,
719 331 753 359 et
789 322 986 359 Chananaea
1003 316 1191 354 sterilitate
1211 324 1246 353 et

296 383 469 433 angustiis
482 396 664 434 oppressa,
681 382 718 419 in
738 382 937 432 AEgyptum
952 375 1131 414 contendit
1141 390 1152 424 3
1168 374 1244 413 illic

294 442 399 480 famis
418 443 675 493 mitigationem
692 453 864 491 quaerens,
881 436 1078 490 maj01·ibus
1097 449 1171 473 sese
1184 450 1243 487 pe-
1265 442 1289 473 C

295 502 420 539 riculis
432 501 734 540 involvit.Uxoris
744 500 839 538 enim
853 507 1018 538 venustas
1029 505 1063 535 et
1075 495 1243 548 pulchri-

295 561 383 600 tudo
403 563 498 600 Sarae
518 571 668 599 mortem
685 561 717 599 ei
743 561 846 612 quasi
874 569 955 598 ante
982 558 1104 597 oculos
1124 557 1240 609 ponit.

295 621 378 659 Ideo
399 636 480 660 cum
492 623 568 674 jam
584 622 621 660 in
640 622 806 660 confiniis
824 629 913 660 esset
932 619 1094 671 AEgypfi,
1109 619 1244 669 ingres-

97 699 169 727 Gen.
185 705 279 727 12¹1.
293 695 398 720 surus
418 684 454 720 in
472 697 550 721 eam
566 683 661 721 dixit
682 682 791 721 uxori
808 698 815 719 :
831 682 917 721 Scio
945 681 1049 733 quod
1057 680 1243 733 formosa

91 749 152 777 'qq-

292 745 344 780 sis
353 759 369 788 ,·
388 743 461 781 scio
491 752 560 781 tuae
588 742 870 795 pulchritudinis
889 741 1055 793 speciem,
1079 749 1112 777 et
1133 739 1241 777 timeo

290 803 545 856 AEgyptiorum
577 803 898 856 intemperantiam.
918 801 957 840 Si
978 814 1062 852 ergo
1081 809 1116 838 te
1135 800 1239 838 vidc—

289 866 376 914 rint,
391 874 425 904 et
439 865 670 916 cognoverint
689 864 785 915 quod
802 864 855 901 uti
878 876 1026 900 uxorem
1047 870 1082 899 te
1099 875 1240 899 mecum

289 925 420 964 ducam
434 935 488 964 :te
503 926 648 976 quidem
668 925 705 963 in
726 925 801 963 vita
821 923 1030 972 servabunt,
1044 931 1084 959 ut
1099 922 1156 960 sui
1176 923 1238 959 fu-

289 986 382 1024 roris
398 987 574 1039 impetum
588 1000 694 1038 opere
707 985 923 1037 compleant;
937 997 993 1021 me
1012 992 1131 1021 autem
1146 982 1241 1021 occi-

289 1046 390 1098 dent,
413 1062 484 1098 quo
514 1048 618 1086 liceat
638 1048 689 1085 eis
706 1048 781 1085 sine
799 1046 903 1084 obice
930 1059 1032 1083 suam
1051 1044 1242 1084 libidinem

288 1109 445 1160 explere,
464 1118 505 1146 ut
523 1123 624 1147 nemo
644 1108 689 1146 sit
703 1107 766 1159 qui
784 1106 1000 1145 adulterium
1020 1120 1145 1144 eorum
1156 1120 1239 1157 pro·
1260 1115 1285 1145 D

287 1168 362 1207 dat.
383 1170 459 1206 Dic
477 1172 597 1221 igitur
623 1183 683 1206 me
702 1169 868 1219 fratrem
888 1175 995 1205 tuum
1014 1180 1108 1205 esse.
1143 1166 1239 1206 Vide

288 1229 556 1268 adamantinam
571 1231 738 1278 animam,
756 1228 841 1268 vide
860 1238 1013 1267 mentem
1038 1229 1131 1267 ferro
1148 1229 1238 1267 soli-

287 1290 536 1329 dior-em2non
568 1290 731 1330 turbavit
756 1291 832 1343 ejus
855 1299 1008 1329 mentem
1037 1290 1235 1340 calamitas,

288 1366 396 1402 quam
425 1352 673 1404 exspectabam
700 1365 769 1390 non
799 1351 977 1403 cogitabat
999 1365 1111 1403 neque
1134 1350 1236 1389 dice-

286 1411 348 1450 bat
373 1412 463 1450 intra
497 1412 755 1464 semetipsum:
777 1411 907 1450 Ideone
936 1411 1082 1464 propria
1116 1412 1238 1450 relicta

287 1472 403 1524 patria
432 1481 565 1510 tantam
584 1487 659 1524 prae
679 1486 736 1510 me
759 1472 827 1510 tuli
846 1472 1106 1521 obedientiam,
1131 1472 1239 1523 inque

285 1532 439 1570 alienam
452 1533 533 1571 veni
551 1541 698 1582 terram,
716 1541 756 1570 ut
775 1533 873 1571 hisce
888 1533 992 1571 malis
1011 1533 1238 1584 implicarer?

283 1594 411 1631 Nonne
431 1592 538 1643 paulo
557 1601 658 1630 antea
677 1592 842 1643 promisit
871 1593 961 1630 mihi
980 1608 988 1629 τ
1005 1592 1153 1631 Semini
1171 1602 1238 1631 tuo

282 1653 382 1689 dabo
400 1661 543 1690 terram
560 1653 688 1690 hanc?
704 1652 758 1690 En
775 1661 807 1690 et
823 1652 990 1690 adulterii
1004 1662 1037 1690 et
1054 1654 1179 1692 mortis
1193 1654 1237 1692 ti-

281 1726 361 1750 mor
377 1721 531 1750 mentem
551 1721 708 1750 nostram
727 1713 895 1751 concutit.
911 1712 983 1752 Sed
1000 1713 1091 1750 nihil
1106 1713 1236 1753 horum
1258 1723 1282 1753 E

283 1772 342 1811 vel
365 1773 403 1810 in
430 1781 584 1810 mentem
603 1772 763 1825 accipere
781 1773 951 1824 dignatus
978 1781 1030 1811 est
1050 1789 1057 1809 :
1074 1788 1187 1812 unum
1205 1774 1238 1812 ei

279 1833 469 1872 dumtaxat
481 1849 573 1872 curae
583 1834 856 1886 erat,quomodo
866 1834 1033 1873 miseram
1042 1834 1134 1874 hanc
1140 1836 1238 1875 fabu—

279 1895 352 1933 lam
367 1895 415 1933 ita
430 1904 562 1947 ageret,
573 1895 715 1933 duobus
727 1895 812 1934 hinc
825 1895 908 1933 inde
921 1896 1093 1948 periculis
1106 1911 1236 1949 urgen-

280 1956 390 2005 tibus,
407 1966 448 1994 ut
462 1957 520 1995 vel
536 1971 649 1994 unum
666 1957 790 1994 saltem
803 1958 959 2008 effugere
971 1967 1102 2010 posset.
1119 1959 1236 2010 Igitur

280 2025 467 2067 postquam
481 2016 556 2067 ipse
572 2031 649 2067 quae
663 2030 725 2054 sua
739 2026 836 2055 erant
851 2017 974 2055 attulit
987 2047 999 2067 ‚
1019 2019 1166 2057 consilio
1179 2019 1236 2057 vi-

281 2076 409 2114 delicet
424 2085 525 2114 utens
539 2085 572 2113 et
584 2076 694 2113 animi
706 2076 936 2115 fortitudine:
953 2077 1083 2115 mulier
1095 2093 1236 2130 quoque

281 2136 502 2187 singularem
526 2149 608 2187 erga
627 2135 749 2173 virum
767 2137 989 2174 affectionem
1008 2147 1042 2175 et
1066 2138 1236 2177 obedien-

250 2194 253 2198 ’
283 2196 370 2233 tiam
389 2195 573 2233 declarans
599 2205 784 2248 cooperata
799 2206 861 2246 est,
881 2206 914 2234 et
936 2198 980 2235 iis
999 2212 1075 2248 quae
1094 2198 1235 2238 decreta

282 2256 421 2294 fuerant
447 2256 683 2294 ministravit:
703 2256 761 2294 ubi
780 2257 890 2308 igitur
910 2259 1007 2309 quod
1025 2273 1131 2297 suum
1161 2270 1235 2299 erat

281 2316 518 2368 perfecerunt,
543 2330 693 2367 cumque
707 2317 785 2368 jam
814 2317 1009 2356 secundum
1036 2319 1234 2359 humanum

791 177 974 209 JOANNJS
1009 175 1248 206 CHRYSOST.
1290 174 1496 204 ARCl-HEP.
1535 173 1890 207 CONSTANTINOP.

1313 271 1376 301 σης
1395 258 1455 302 τῆς
1475 257 1708 308 στενοχωρίας
1727 258 1762 296 ἐν
1781 260 1825 310 τῇ
1843 258 2048 312 Χαναναία,
2069 259 2126 299 ἐπὶ
2147 259 2211 307 τὴν
2226 258 2336 311 Αἴγυ-

1310 331 1396 354 πτον
1424 315 1591 354 ἔσπευδε·
1616 317 1675 354 καὶ
1701 319 1805 367 λιμοῦ
1831 319 2056 371 παραμυθίαν
2083 323 2191 371 εὑρεῖν
2214 319 2334 370 βουλό-

1312 391 1433 426 μενος,
1456 377 1592 427 μείζοσι
1615 377 1824 429 περιέὸαλεν
1844 380 1966 418 ἑαυτὸν
1986 380 2166 423 κινδύνοις.
2193 379 2239 417 ‘H
2265 378 2334 430 γὰρ

1311 437 1482 488 εὐμορφία
1500 440 1563 483 τῆς
1588 438 1748 487 γυναικὸς
1767 437 1827 476 καὶ
1843 439 1884 477 τὸ
1902 439 2029 483 κάλλος
2053 443 2116 486 τῆς
2135 440 2253 491 Σάρας
2275 454 2334 490 μο-

1309 498 1446 549 νονουχὶ
1461 497 1518 535 τὸν
1537 497 1684 535 θάνατον
1704 499 1798 549 αὐτῷ
1813 497 1882 548 πρὸ
1897 501 1967 537 τῶν
1986 501 2171 551 ὀφθαλμῶν
2187 499 2331 537 ἐδείκνυ.

1310 556 1373 594 Διὸ
1391 557 1450 594 καὶ
1470 556 1616 604 πλησίον
1634 556 1816 608 γενόμενος
1829 559 1892 602 τῆς
1907 560 1954 601 εἰς
1977 558 2154 605 Αἴγυπτον
2177 560 2310 597 εἰσόδου
2322 589 2332 606 ,

1310 618 1396 670 φησὶ
1414 618 1499 671 πρὸς
1529 617 1649 665 αὐτὴν,
1667 617 1838 656 Γινώσκω
1858 619 1911 655 ὅτι
1933 618 2159 671 εὐπρόσωπος
2184 613 2234 656 εἶ’
2255 613 2332 657 οἶδά

1310 694 1370 718 σου
1392 683 1451 718 τοῦ
1481 678 1628 721 κάλλους
1657 677 1721 725 τὴν
1740 678 1848 731 ὥραν,
1878 678 1939 716 καὶ
1958 678 2096 718 δέδοικα
2123 683 2192 718 τῶν
2225 682 2332 732 Αἰγυ-

1312 739 1422 777 πτίων
1442 739 1505 786 τὴν
1522 738 1725 778 ἀκολασίαν.
1743 739 1829 778 Ἐὰν
1845 734 1903 777 oliv
1929 739 2030 778 ἴδωσί
2047 755 2102 788 σε,
2127 741 2188 778 καὶ
2204 743 2332 791 γνῶσιν

1311 799 1364 838 ὅτι
1382 800 1539 853 καθάπερ
1554 806 1702 851 γυναῖκα
1725 799 1882 852 περιάγω
1909 816 1969 848 σε,
1988 799 2027 839 σὲ
2048 800 2110 851 μὲν
2129 800 2214 844 ἴσως
2234 817 2333 854 περι-

1310 861 1535 909 ποιήσονται,
1551 860 1643 898 ὥστε
1673 863 1721 903 εἰς
1740 860 1838 912 ἔργον
1864 863 2006 913 ἀγαγεῖν
2029 863 2092 907 τῆς
2116 861 2241 911 μανίας
2270 863 2332 900 αὖ·

1309 923 1380 959 τῶν
1400 921 1458 960 τὸν
1472 915 1620 974 οἶστρον,
1637 921 1698 971 ἐμὲ
1714 920 1749 959 δὲ
1763 923 2023 971 ἀποκτενοῦσιν,
2033 921 2089 959 ἵνα
2107 921 2196 973 μετὰ
2216 922 2332 966 ἀδείας

1312 982 1429 1024 αὐτοῖς
1457 980 1515 1032 ἐξῇ
1549 981 1613 1027 τὴν
1646 981 1867 1034 παρανομίαν
1894 981 2125 1032 ἐργάσασθαι,
2142 983 2204 1020 οὐκ
2235 982 2332 1024 ὄντος

1311 1045 1371 1079 τοῦ
1389 1041 1452 1088 τὴν
1473 1041 1632 1093 μοιχείαν
1659 1040 1857 1086 κατάδηλον
1877 1046 1988 1078 ποιεῖν
2018 1041 2222 1091 δυναμένου.
2241 1041 2331 1080 Εἰπὲ

1311 1096 1370 1139 οὖν
1386 1101 1440 1140 ὅτι
1470 1101 1614 1153 ἀδελφός
1635 1116 1695 1138 σου
1728 1100 1812 1151 εἶμί.
1828 1099 1926 1153 ‘'Opot
1943 1101 2181 1151 ἀδαμαντίνην
2203 1100 2331 1153 ψυχὴν,

1310 1161 1374 1215 ὅρα
1393 1161 1537 1213 γνώμην
1557 1160 1701 1211 σιδήρου
1730 1160 1974 1212 στερροτέραν·
1996 1160 2072 1199 οὐδὲ
2090 1160 2158 1214 γὰρ
2177 1161 2332 1214 παρεσσί-

1309 1225 1428 1261 λευσεν
1450 1224 1554 1260 αὐτοῦ
1571 1222 1629 1259 τὸν
1641 1221 1809 1272 λογισμὸν
1823 1224 1844 1268 ἡ
1861 1221 2134 1274 προσδοκωμένη
2151 1221 2330 1275 συμφορὰ,

1309 1284 1385 1323 οὐδὲ
1409 1285 1599 1332 ἐνενόησεν,
1613 1283 1689 1322 οὐδὲ
1713 1277 1790 1321 εἷπε
1815 1283 1901 1335 πρὸς
1916 1283 2036 1322 ἑαυτόν
2049 1299 2057 1307 ·
2078 1283 2135 1322 διὰ
2150 1288 2250 1322 τοῦτο
2267 1282 2330 1330 τὴν

1309 1345 1438 1383 οἰκείαν
1455 1343 1659 1383 καταλιπὼν
1686 1343 1858 1395 πατρίδα,
1879 1343 1940 1382 καὶ
1959 1343 2135 1390 τοσαύτην
2154 1342 2331 1387 ἐπιδειξά-

1310 1423 1409 1458 μενος
1432 1406 1586 1453 ὖπακοὴν
1606 1400 1710 1452 ἦλθον
1728 1407 1775 1449 εἷς
1802 1404 1866 1451 τὴν
1897 1405 2098 1457 ἀλλοτρίαν,
2118 1404 2175 1443 ἵνα
2198 1404 2332 1447 τούτοις

1306 1468 1508 1519 περιὸληθῶ
1521 1472 1592 1510 τοῖς
1614 1471 1756 1514 κακοῖς,
1771 1468 1826 1504 Οὐ
1841 1466 1910 1518 πρὸ
1926 1469 2050 1517 μικροῦ
2067 1465 2238 1518 ῗητέσίετό
2253 1482 2332 1517 μοι,

1308 1527 1360 1566 ὅτι
1373 1531 1423 1580 τῷ
1442 1526 1618 1578 σπέρματί
1637 1542 1698 1564 σου
1713 1526 1814 1565 δώσω
1832 1526 1896 1573 τὴν
1913 1530 1978 1578 γῆν
1998 1526 2147 1574 ταύτην;
2166 1526 2256 1565 Ἰδοὺ
2271 1527 2331 1565 καὶ

1310 1587 1469 1639 μοιχείας
1487 1587 1548 1625 καὶ
1567 1587 1714 1625 θανά-,ου
1733 1587 1838 1638 φόὸος
1857 1586 2036 1625 κατασείει
2053 1590 2154 1637 ἡμῶν
2175 1586 2239 1634 τὴν
2263 1590 2331 1639 ψυ-

1307 1647 1388 1698 χήν.
1406 1647 1498 1685 Ἀλλ’
1517 1646 1613 1685 οὐδὲν
1642 1646 1771 1684 τούτων
1799 1646 1877 1685 οὐδὲ
1903 1649 1937 1684 ἐν
1972 1646 2109 1700 διανοίᾳ
2127 1646 2246 1685 λαὸεῖν
2266 1663 2332 1686 κα-

1307 1707 1488 1751 τεδέξατο·
1509 1708 1585 1745 ἀλλ’
1607 1707 1680 1749 ἑνὸς
1707 1706 1839 1758 γίνεται
1871 1706 1997 1756 μόνου,
2017 1709 2092 1750 πῶς
2123 1707 2252 1758 δυνηθῇ
2291 1708 2332 1746 τὸ

1307 1766 1458 1819 πονηρὸν
1474 1772 1574 1806 τοῦτο
1594 1768 1712 1818 δρᾶμα
1726 1767 2002 1818 ὑποκρινάμενος
2013 1797 2023 1814 ,
2042 1770 2111 1805 τῶν
2128 1766 2187 1805 δύο
2199 1767 2331 1807 τούτων

1307 1827 1474 1865 κινδύνων
1500 1827 1728 1878 ἐπικειμένων
1765 1827 1824 1865 τὸν
1853 1826 1915 1864 ἕνα
1946 1832 2028 1878 γοῦν
2057 1829 2230 1879 ἐκφυγεῖν.
2260 1829 2331 1867 Καὶ

1308 1887 1427 1934 ἐπειδὴ
1448 1887 1509 1926 καὶ
1526 1887 1627 1931 αὐτὸς
1646 1887 1690 1925 τὰ
1709 1889 1792 1940 παρ’
1815 1889 1939 1925 ἑαυτοῦ
1959 1887 2137 1938 εἰσήνεγκε
2153 1887 2242 1938 μετὰ
2264 1890 2330 1926 ἀν-

1308 1946 1423 1999 δρείας
1440 1947 1504 1994 τὴν
1524 1947 1725 1999 συμὸουλὴν
1745 1946 2001 1998 ποιησάμενος,
2024 1947 2119 1994 καὶὴ
2140 1947 2225 1999 γυνὴ
2244 1950 2330 1986 πολ-

1305 2007 1369 2054 λὴν
1390 2007 1453 2054 τὴν
1473 2009 1553 2061 περὶ
1580 2008 1638 2046 τὸν
1672 2008 1781 2059 ἄνδρα
1807 2007 2052 2060 φιλοστοργίαν
2081 2007 2140 2045 καὶ
2172 2008 2329 2056 ὑπακοὴν

1305 2068 1569 2118 ἐπιδεικνυμένη
1591 2068 1799 2119 συνέπραξε,
1819 2067 1880 2105 καὶ
1901 2074 1971 2112 τοῖς
1991 2068 2128 2112 δόξασιν
2149 2069 2330 2121 ὑπηρετή-

1277 2150 1281 2154 -
1305 2143 1411 2167 σατο·
1443 2129 1503 2167 καὶ
1535 2128 1654 2175 ἐπειδὴ
1687 2128 1732 2166 τὰ
1758 2127 1843 2179 παρ’
1878 2130 2008 2166 ἑαυτῶν
2035 2128 2249 2180 ἀπήρτισαν,
2270 2130 2329 2168 καὶ

1305 2188 1383 2227 ὅσον
1401 2189 1492 2227 κατὰ
1508 2189 1726 2240 ἀνθρωπίνην
1739 2188 1943 2227 ἀκολουθίαν
1963 2188 2186 2241 ἀπέγνωστο,
2199 2190 2258 2227 καὶ
2280 2193 2330 2235 εἰς

1305 2249 1403 2302 ἔργον
1437 2249 1621 2296 ἕκὸεὸήκει
1647 2249 1770 2301 σχεδὸν
1802 2248 1846 2286 τὰ
1876 2251 1938 2294 τῆς
1977 2249 2220 2302 παρανομίας,
2250 2251 2329 2289 τότε

1306 2309 1419 2357 πολλὴ
1441 2309 1522 2361 περὶ
1544 2309 1646 2347 αὐτὸν
1667 2312 1688 2355 ἡ
1709 2312 1768 2346 τοῦ
1787 2311 1878 2348 Θεοῦ
1896 2308 2072 2347 δείκνυται
2091 2309 2251 2362 πρόνοια.
2275 2312 2329 2350 Οὐ

283 2390 418 2414 morem
432 2376 693 2428 desperaretur,
708 2386 741 2415 et
752 2377 824 2415 fere
839 2392 943 2430 opere
959 2380 1133 2430 completa
1148 2380 1233 2419 fuis·
1243 2403 1290 2428 355
1308 2369 1410 2420 μόνον
1433 2370 1499 2422 γὰρ
1519 2369 1581 2417 τὴν
1598 2376 1745 2420 γυναῖκα
1764 2371 1781 2407 ὃ
1797 2370 1886 2413 Θεὸς
1912 2372 1975 2415 τῆς
1994 2370 2125 2422 ῧὸρεως
2153 2369 2327 2424 ἐξήρπασε

282 2446 333 2475 set
345 2436 602 2489 AEgyptiorum
617 2437 764 2487 malitia,
775 2447 860 2476 tunc
873 2453 1001 2491 magna
1018 2441 1082 2478 Dei
1100 2441 1135 2479 in
1152 2457 1234 2481 eum
1256 2442 1281 2469 A
1306 2431 1363 2469 διὰ
1385 2436 1446 2479 ’ΐῆς
1476 2432 1766 2484 ἀγανακτήσεως,
1788 2431 1829 2478 ἣν
1862 2430 1952 2469 κατὰ
1982 2435 2040 2469 τοῦ
2071 2431 2241 2482 βασιλέως
2267 2432 2328 2470 καὶ

282 2497 507 2549 providentia
525 2497 703 2536 declarata
723 2507 787 2536 est.
813 2499 1005 2538 Mulierem
1028 2501 1121 2539 enim
1138 2503 1234 2541 Deus

282 2571 353 2596 non
384 2558 501 2596 solum
527 2573 546 2596 a
573 2558 787 2597 contumelia
819 2559 966 2611 eripuit,
991 2561 1235 2613 indignatione

284 2631 348 2655 sua
365 2618 401 2656 in
417 2632 536 2670 regem
558 2627 591 2656 et
611 2619 646 2656 in
665 2619 815 2656 domum
836 2620 911 2671 ejus
931 2620 1102 2670 immissa,
1119 2623 1180 2661 sed
1201 2633 1235 2662 et

126 2692 270 2726 Mirahins
285 2679 523 2730 patriarcham
543 2693 625 2717 cum
650 2693 779 2732 magna
803 2680 916 2732 gloria
941 2680 976 2719 in
1009 2682 1235 2723 Palaestinam

80 2733 138 2762 Dei
171 2741 270 2773 provi-

81 2775 179 2804 denlia
197 2780 270 2808 circa

82 2815 214 2845 Abraha-

82 2866 177 2886 mum.

286 2754 331 2777 ex
351 2740 509 2792 AEgypto
529 2739 644 2778 redire
668 2741 819 2780 curavit.
834 2741 1027 2780 Considera
1055 2745 1234 2794 quomodo

285 2800 460 2851 benignus
482 2801 657 2838 Dominus
675 2801 711 2838 in
733 2801 862 2840 mediis
889 2803 1066 2843 auxilium
1083 2805 1234 2844 afferens

286 2860 552 2909 tentationibus,
587 2861 756 2899 athletam
791 2876 896 2901 suum
926 2863 971 2901 ad
1001 2864 1145 2904 ferenda
1174 2880 1233 2904 se-

283 2921 425 2971 quentia
458 2921 647 2958 certamina
682 2921 865 2960 fortiorem
897 2923 1118 2963 reddit:nec
1150 2940 1228 2964 um-
1254 2930 1278 2961 B

282 2995 389 3031 quam
406 2994 486 3017 eum
507 2995 569 3018 suo
584 2981 743 3019 destituit
759 2982 980 3034 adjumento,
992 2984 1051 3022 sed
1066 2985 1099 3023 in
1115 2986 1230 3024 omni-

281 3041 350 3078 bus
380 3054 454 3078 rem
475 3041 522 3078 ita
545 3050 730 3092 temperat,
753 3051 793 3079 ut
811 3042 916 3094 plane
941 3044 1064 3083 videat
1098 3046 1172 3096 ille,
1194 3061 1230 3085 se

281 3116 390 3153 parva
411 3101 630 3153 proferendo,
651 3102 788 3153 magnis
808 3112 841 3140 et
867 3104 999 3143 mirum
1019 3106 1055 3144 in
1082 3107 1230 3146 modum

281 3162 434 3213 magnis,
462 3161 727 3212 humanamque
754 3172 916 3202 naturam
950 3167 1228 3206 transcendenti-

278 3221 345 3258 bus
365 3221 595 3259 remunerari.
618 3221 750 3259 Vidisti
767 3223 854 3274 justi
882 3225 1113 3276 patientiam?
1134 3228 1229 3267 Vide

279 3282 360 3318 item
371 3290 447 3332 post
462 3280 617 3317 reditum
632 3294 676 3318 ex
694 3281 850 3334 tEgypto
867 3284 1080 3326 humilitatis
1093 3290 1227 3341 magni·

277 3341 438 3379 tudinem
454 3350 486 3380 ct
507 3340 679 3393 insignem
700 3345 1018 3385 mansuetudinem.
1041 3348 1132 3387 Nam
1145 3363 1225 3388 cum

1305 2492 1433 2535 παντὸς
1446 2497 1506 2531 τοῦ
1526 2492 1619 2530 οἴκου
1637 2494 1739 2530 αὐτοῦ
1759 2492 1969 2539 ἐποιήσατο,
1990 2491 2080 2530 ἀλλὰ
2098 2491 2158 2530 καὶ
2175 2492 2233 2530 τὸν
2253 2509 2326 2531 πα-

1303 2553 1474 2605 τριάρχην
1496 2552 1585 2603 μετὰ
1604 2554 1736 2598 πολλῆς
1756 2556 1818 2599 τῆς
1839 2551 2062 2605 περιφανείας
2088 2551 2157 2590 ἀπὸ
2182 2555 2244 2598 τῆς
2257 2555 2327 2591 Αἷ-

1304 2611 1434 2662 γύπτου
1465 2612 1522 2652 ἐπὶ
1550 2612 1613 2659 τὴν
1642 2611 1887 2658 Παλαιστίνην
1921 2613 2120 2650 ἐπανελθεῖν
2141 2611 2326 2659 πεποίηκε.

1306 2673 1437 2712 Σκόπει
1457 2677 1531 2718 πῶς
1553 2672 1682 2724 μεταξὺ
1706 2677 1776 2712 τῶν
1795 2676 2001 2724 πειρασμῶν
2021 2672 2083 2720 τὴν
2113 2674 2198 2725 παρ’
2224 2673 2327 2712 αὐτοῦ

1306 2733 1414 2785 ῥοπὴν
1434 2734 1601 2786 εἰσφέρων
1621 2737 1638 2771 ὁ
1658 2733 1899 2787 φιλάνθρωπος
1919 2732 2103 2779 Δεσπότης
2124 2733 2327 2783 ἀκμάζοντα

1305 2794 1362 2832 τὸν
1391 2795 1545 2841 ἀθλητὴν
1566 2794 1648 2845 πρὸς
1667 2793 1745 2836 τοὺς
1774 2793 1852 2840 ἑξῆς
1870 2793 1975 2832 πάλιν
1999 2795 2135 2844 ἀγῶνας
2166 2793 2326 2845 ἀπεργά-

1303 2854 1420 2900 ζεται,
1442 2856 1503 2892 οὐκ
1532 2853 1643 2905 ἀφιεὶς
1662 2853 1790 2906 ἔρημον
1810 2856 1872 2899 τῆς
1889 2855 2011 2891 ἑαυτοῦ
2033 2852 2192 2903 βοηθείας
2205 2883 2214 2900 ,
2236 2853 2327 2891 ἀλλὰ

1305 2914 1362 2952 διὰ
1380 2914 1520 2952 πάντων
1536 2917 1691 2966 φανερῶς
1708 2915 1898 2964 οἰκονομῶν
1927 2915 2020 2966 αὐτῷ
2038 2913 2253 2961 δείκνυσθαι,
2272 2914 2326 2952 ὅτι

1305 2974 1414 3026 μικρὰ
1433 2974 1598 3026 εἰσφέρων
1620 2975 1718 3018 αὐτὸς
1730 3004 1739 3021 ,
1759 2974 1920 3025 μεγάλων
1936 2974 1994 3012 καὶ
2014 2973 2148 3026 σφόδρα
2164 2975 2324 3025 μεγάλων

1303 3033 1456 3078 ἀξιοῦται
1475 3035 1535 3072 καὶ
1556 3033 1732 3072 νικώντων
1763 3034 1826 3081 τὴν
1847 3034 2067 3086 ἀνθρωπίνην
2083 3034 2196 3086 φύσιν.
2218 3028 2324 3080 Εἶδες

1300 3094 1412 3133 τοίνυν
1431 3099 1490 3133 τοῦ
1510 3094 1642 3133 δικαίου
1669 3094 1732 3140 τὴν
1763 3094 1960 3144 ὑπομονήν,
1979 3094 2076 3146 “Opoe
2108 3095 2214 3132 πάλιν
2235 3095 2325 3145 μετὰ

1299 3154 1362 3201 τὴν
1384 3158 1510 3194 ἐκεῖθεν
1544 3156 1709 3194 ἐπάνοδον
1731 3158 1793 3201 τῆς
1816 3154 2133 3207 ταπεινοφροσύνης
2152 3156 2257 3193 αὐτοῦ
2285 3156 2326 3194 τὸ

1301 3220 1444 3271 μέγεθος
1473 3221 1532 3259 καὶ
1549 3222 1612 3267 τὴν
1633 3220 1820 3259 ἐπιείκειαν
1843 3220 1906 3267 τὴν
1923 3221 2071 3268 πολλήν.
2093 3221 2240 3268 Ἐπειδὴ
2256 3221 2325 3275 γὰρ

1299 3288 1491 3333 ἐπανῆλθεν
1509 3288 1578 3326 ἀπὸ
1606 3288 1666 3332 τῆς
1690 3286 1866 3337 Αἰγύπτου
1891 3286 2054 3338 εὐπορίαν
2076 3287 2210 3334 πολλὴν
2233 3303 2322 3333 κτη-

1298 3352 1444 3404 σάμενος
1462 3355 1544 3402 (οὐκ
1574 3354 1672 3397 αὐτὸς
1693 3352 1727 3392 δὲ
1749 3353 1863 3404 μόνος,
1889 3353 1978 3392 ἀλλὰ
2004 3353 2062 3393 καὶ
2082 3357 2100 3392 ὁ
2120 3355 2321 3407 ἀδελφιδοῦς
