2483 3791
330 184 418 246 146

321 284 477 337 piamus,
496 293 529 323 et
555 298 618 323 nos
632 298 653 323 a
671 284 859 324 diabolicis
882 285 1019 337 laqueis
1040 284 1173 323 irretiri
1200 298 1268 323 non
1283 285 1295 308 ¹

322 345 494 384 sinamus.
511 346 551 385 Si
566 346 618 385 sic
633 346 777 385 solliciti
788 356 945 385 nostram
963 347 1112 384 salutem
1125 359 1271 385 curave—

320 406 449 456 rimus,
469 407 665 459 poterimus
689 417 722 445 et
741 422 786 446 ex
801 408 937 460 jejunio
967 407 1108 444 lucrum
1139 406 1270 456 facere,

320 477 355 506 et
362 468 532 507 daemonis
545 469 694 507 insidias
707 470 873 520 effugere,
889 477 923 505 et
938 481 1103 518 magnam
1119 480 1271 518 superne

319 530 470 581 gratiam
501 530 639 581 assequi
657 545 665 566 ε
685 543 792 580 quam
824 537 864 565 ut
885 541 948 565 nos
967 541 1086 565 omnes
1105 540 1269 578 assequa-

317 605 413 641 mur,
448 590 616 628 concedat
654 589 766 640 gratia
792 597 826 626 et
852 586 1095 625 misericordia
1122 586 1269 625 Domini

317 651 427 690 nostri
466 653 551 691 Jesu
573 650 728 700 Christi,
751 663 832 687 cum
851 664 921 700 quo
942 648 1054 697 Patri,
1075 657 1268 698 sanctoque

316 712 468 766 spiritui
497 713 542 751 sit
570 712 697 764 gloria,
731 711 936 764 imperium,
965 710 1092 759 honor,
1121 722 1216 748 nunc
1233 717 1268 747 et

314 789 465 827 semper,
483 782 517 812 et
536 774 571 812 in
591 773 720 812 saecula
739 772 963 811 saeculorum.
983 773 1106 810 Amen,

1296 321 1321 349 A

613 1083 827 1124 HOMILIA
846 1082 950 1122 XVI.

109 1223 183 1250 Gen.
201 1230 227 1251 2.
244 1221 293 1254 25.
309 1215 358 1250 In
374 1213 734 1264 praevaricationem
761 1211 931 1260 primum
955 1215 1186 1245 creatorum.
1214 1205 1262 1244 Et

361 1281 461 1311 erant
490 1271 595 1309 ambo
622 1270 726 1320 nudi,
746 1279 780 1307 et
800 1269 936 1319 Adam,
955 1277 989 1306 et
1007 1282 1101 1306 uxor
1119 1267 1207 1320 ejus,
1226 1275 1261 1304 et

360 1349 429 1373 non
445 1333 710 1373 erubescebant.

359 1468 393 1503 1.
411 1465 526 1503 Hodie
544 1464 659 1514 vobis,
679 1462 914 1513 dilectissimi,
935 1460 1157 1514 spiritualem
1175 1461 1256 1498 the—

301 1541 449 1565 saurum
467 1526 604 1579 aperire
622 1525 720 1575 volo,
738 1525 813 1576 qui,
836 1524 919 1562 licet
937 1523 1028 1561 inter
1050 1522 1182 1560 multos
1200 1521 1256 1560 di-

300 1588 459 1635 vidatur,
469 1601 665 1638 numquam
681 1595 797 1624 tamen
813 1584 1013 1623 absumitur
1029 1600 1036 1620 :
1052 1584 1112 1635 qui
1132 1597 1255 1621 omnes
1280 1585 1304 1616 C

298 1649 506 1702 locupletat,
529 1657 563 1686 et
593 1648 629 1685 in
659 1647 759 1685 nullo
787 1645 1027 1693 imminuitur,
1048 1644 1109 1684 sed
1138 1654 1172 1682 et
1190 1659 1253 1683 au-

299 1720 412 1762 getur.
430 1708 744 1757 Quemadmodum
763 1708 858 1745 enim
873 1708 911 1745 in
930 1706 1091 1745 sensibili
1110 1706 1252 1745 thesau-

298 1786 337 1810 ro
353 1772 383 1810 si
399 1771 480 1823 quis
498 1770 556 1809 vel
574 1784 726 1822 parvam
740 1768 914 1822 acceperit
930 1768 1140 1820 portionem,
1157 1768 1252 1806 mul-

296 1843 349 1871 tas
368 1842 485 1871 tamen
502 1831 649 1870 divitias
666 1830 749 1868 inde
768 1830 836 1868 sibi
856 1829 997 1882 parabit
1013 1830 1078 1867 :ita
1093 1838 1127 1866 et
1144 1828 1179 1867 in
1197 1829 1253 1868 di-

295 1894 389 1932 vinis
421 1892 632 1946 Scripturis,
660 1891 768 1930 etiam
787 1891 823 1929 in
849 1905 959 1943 parva
987 1890 1144 1928 dictione
1174 1904 1252 1929 sen—

296 1971 401 1994 suum
417 1955 574 2007 gravitas
592 1963 628 1991 et
646 1953 824 1991 immensae
847 1951 1079 1990 inveniuntur
1099 1951 1249 1990 divitiae.

297 2017 398 2055 Talis
415 2017 512 2054 enim
538 2024 665 2053 natura
688 2015 798 2066 hujus
815 2013 987 2063 thesauri,
1006 2022 1045 2051 ut
1063 2013 1249 2065 opulentos

294 2079 400 2116 faciat
414 2092 472 2115 eos
487 2077 548 2128 qui
560 2091 595 2114 se
608 2075 806 2123 inveniunt,
821 2083 854 2112 et
866 2089 1062 2126 numquam
1077 2073 1224 2112 deficiat
1238 2090 1247 2111 ε

294 2140 372 2178 sons
383 2138 477 2177 enim
491 2137 648 2190 Spiritus
665 2136 776 2175 sancti
789 2135 900 2188 hujus
916 2135 1092 2186 scaturigo
1107 2144 1169 2173 est.
1182 2137 1250 2173 Re-

294 2201 435 2251 liquum
456 2199 576 2249 fucrit,
607 2212 672 2236 vos
692 2212 770 2248 quac
797 2196 979 2249 proposita
1008 2205 1090 2233 sunt
1109 2210 1248 2233 summa

294 2260 478 2313 diligentia
500 2260 534 2297 in
552 2259 721 2296 memoria
747 2267 917 2310 perpetuo
937 2270 1077 2295 servare
1089 2271 1100 2306 3
1117 2266 1158 2294 ut
1184 2271 1248 2294 au-

294 2332 366 2360 tem
379 2321 482 2360 facile
492 2320 587 2358 dicta
600 2320 734 2370 assequi
750 2318 906 2371 possitis,
924 2326 1064 2355 tantum
1076 2317 1174 2368 quod
1187 2331 1247 2356 no·
1272 2323 1298 2354 1)

184 2393 281 2421 Gmiia
295 2393 410 2422 strum
427 2392 478 2421 est
496 2395 625 2433 magno
645 2380 763 2419 studio
787 2380 988 2417 afferamus.
1014 2379 1139 2418 Gratia
1154 2380 1249 2418 enim

93 2436 218 2472 requirit
234 2444 284 2461 eos

92 2478 143 2513 qui
192 2479 283 2513 ip-am

297 2453 419 2498 parata
431 2452 536 2492 cst‚et
548 2442 696 2494 requirit
711 2455 769 2480 eos
783 2440 843 2492 qui
854 2441 969 2493 ipsam
982 2440 1128 2491 largiter
1140 2441 1249 2479 susci-

91 2518 210 2553 largiter
220 2528 285 2545 sus-
299 2506 409 2559 piant.
431 2504 628 2542 Audiamus
644 2503 755 2555 igitur
767 2516 843 2553 quae
856 2501 964 2539 hodie
985 2510 1066 2539 sunt
1088 2501 1189 2550 lecta,
1209 2511 1249 2540 ut

91 2562 218 2600 cupiant.

296 2567 477 2615 discamus
491 2565 699 2603 immensam
710 2564 776 2602 Dei
790 2562 1057 2615 benignitatem,
1071 2572 1104 2600 et
1117 2573 1249 2614 quanto

296 2628 420 2667 salutis
437 2637 562 2666 nostra:
582 2627 696 2678 gratia
715 2625 886 2664 sermonis
909 2634 1184 2677 temperamento
1203 2625 1249 2663 sit

296 2705 393 2728 usus.
410 2691 474 2729 95.
491 2691 544 2727 Et
571 2696 684 2726 erant
710 2688 825 2725 ambo
847 2686 955 2736 nudi,
985 2694 1066 2723 tam
1093 2686 1244 2733 Adam,

297 2765 414 2803 quam
426 2765 524 2788 uxor
534 2751 628 2802 ejus,
643 2757 680 2786 et
695 2762 772 2786 non
783 2746 1248 2785 erubescebantconsidc-

295 2828 332 2850 ra
340 2843 348 2857 ,
357 2826 488 2862 quaeso,
496 2811 705 2849 eminentem
724 2809 817 2847 beati
824 2808 993 2855 tudinem,
1002 2808 1179 2860 quomodo
1190 2823 1248 2846 su-

295 2873 447 2925 periores
471 2872 601 2909 fuerint
617 2871 782 2909 omnibus
798 2869 1055 2923 corporalibus,
1067 2868 1247 2920 quomodo

296 2943 426 2972 terram
443 2933 546 2984 quasi
575 2933 702 2970 crolum
721 2931 932 2970 incoluerint
943 2945 955 2982 5
977 2939 1011 2969 et
1030 2944 1111 2968 cum
1133 2939 1247 2969 essent

338 3039 566 3072 ssaneiorum
592 3046 780 3082 martyrum
806 3037 907 3070 loculi
931 3044 965 3069 et
991 3036 1093 3069 thecoe
1114 3034 1303 3078 frequenter

296 3099 523 3125 memorantur
540 3103 556 3121 a
570 3090 812 3134 Chrysostomo
836 3091 869 3121 in
890 3087 1103 3133 panegyricis
1118 3088 1227 3120 Tomo
1243 3089 1279 3121 11
1292 3114 1300 3128 ‚

296 3143 350 3176 ubi
374 3145 410 3175 iis
426 3142 558 3174 habitus
573 3141 678 3174 honos
703 3154 787 3184 smpe
804 3139 1016 3173 describitur.

338 3207 351 3221 n
368 3197 445 3228 llice
470 3203 565 3227 notat.
587 3194 747 3228 Savilius2
767 3208 782 3223 «
801 3196 841 3226 In
864 3192 950 3227 cod.
974 3195 1124 3226 Caesareo
1149 3203 1241 3226 num.
1267 3194 1298 3224 4.

295 3250 444 3292 proxime
461 3255 536 3289 post
551 3246 714 3278 decimam
731 3248 880 3289 quintam
899 3245 1069 3278 homiliam
1093 3243 1301 3277 collocantur

294 3302 342 3333 lire
366 3299 439 3333 111·ae
467 3301 659 3332 orationes:
690 3303 773 3341 λόγος
798 3299 848 3336 ις’·
870 3304 907 3336 εἰ,
931 3305 964 3332 τὸ
990 3304 1174 3344 περιεπάτει.
1201 3297 1300 3339 Cujus

291 3355 421 3385 initium
447 3358 553 3394 epam
577 3358 678 3396 πρῴην
703 3361 779 3388 πῶς.
801 3362 872 3393 ‹fu-‘e
888 3358 936 3381 est
959 3357 1078 3381 octava
1101 3352 1294 3394 ἀνδριάντων.

292 3411 375 3447 ὶὸγος
393 3405 441 3445 ιζ’.
461 3410 505 3438 ὅτι
519 3407 647 3439 :mmm
665 3411 742 3445 τρεῖς
756 3409 899 3445 τρόπους,
919 3403 1048 3435 initium
1067 3404 1210 3440 ἠκούσατε
1224 3405 1294 3443 χθὲς

1300 284 1331 308 23

740 203 778 232 S.
807 202 987 233 JOANNJS
1018 201 1260 233 CHRYSOST.
1299 203 1505 233 ARCHIEP.
1544 205 1898 239 CONSTANTINOP-

1344 301 1441 334 κους,
1459 287 1521 325 καὶ
1536 286 1641 340 ’πρὸς
1654 287 1716 333 τὰς
1736 291 1806 327 τῶν
1824 291 1931 343 ἁγίων
1952 291 2135 346 μαρτύρων
2156 293 2264 341 θήκας
2277 324 2288 343 ,
2309 295 2366 333 ἵνα

1343 346 1407 392 τὴν
1440 348 1526 401 παρ’
1557 350 1670 388 αὐτῶν
1701 352 1856 404 εὐλογίαν
1889 354 2135 407 καρπούμενοι,
2155 355 2366 408 ἄγειρώτους

1343 406 1484 451 ἑαυτοὺς
1514 410 1791 462 καταστήσωμεν
1819 419 1895 457 ταῖς
1922 418 1983 451 τοῦ
2011 415 2172 453 διαὸόλου
2194 401 2364 468 .παγίσιν.

1341 466 1429 505 Ἐὰν
1448 467 1558 513 οὕτως
1583 463 1677 522 ῶμεν
1706 473 2025 526 μεμεριμνημένοι,
2054 476 2115 514 καὶ
2140 479 2203 523 τῆς
2233 479 2363 515 ἑαυτῶν

1343 529 1518 582 σωτηρίας
1543 533 1798 584 φροντίζοντες,
1818 535 2034 586 δυνησόμεθα
2058 537 2119 575 καὶ
2147 536 2186 575 τὸ
2215 537 2284 576 ἀπὸ
2301 540 2365 584 τῆς

1341 591 1502 638 νηστείας
1523 594 1643 644 κέρδος
1670 594 1947 645 καρπώσασθαι,
1970 596 2030 634 καὶ
2048 596 2110 641 τὰς
2127 601 2186 635 τοῦ
2211 602 2364 649 πονηροῦ

1343 653 1504 705 μηχανὰς
1532 655 1721 707 διαφυγεῖν,
1755 656 1814 693 καὶ
1838 656 1972 703 πολλὴν
2004 657 2067 704 τὴν
2096 658 2224 696 ἄνωθεν
2254 658 2362 710 ῥοπὴν

1341 714 1623 754 ἐπισπάσασθαι·
1643 712 1685 763 ἧς
1712 716 1846 768 γένοιτο
1872 717 2009 760 πάντας
2041 721 2135 769 ἡμᾶς
2164 719 2363 757 ἀπολαῦσαι

1338 774 1458 827 χάριτι
1491 776 1551 814 καὶ
1587 778 1827 831 φιλανθρωπίᾳ
1861 782 1921 817 τοῦ
1946 779 2075 832 Κυρίου
2110 782 2210 830 ἡμῶν
2245 779 2363 826 Ἰησοῦ

1340 837 1494 889 Χριστοῦ
1508 867 1517 884 ,
1540 840 1615 889 μεθ’
1631 833 1670 877 οῦ
1683 843 1734 892 τῷ
1755 841 1870 894 Πατρὶ
1898 841 1973 891 ἅμα
1991 844 2042 893 τῷ
2063 841 2152 893 ἁγίῳ
2178 840 2362 892 Πνεύματι

1340 899 1441 946 δόξα,
1464 900 1589 952 κράτος
1602 931 1611 948 ,
1627 901 1736 952 τιμὴ,
1752 906 1809 940 νῦν
1831 903 1891 941 καὶ
1904 903 1970 951 ἀεὶ,
1989 902 2048 940 καὶ
2071 904 2119 946 εἷς
2139 901 2216 946 τοὺς
2234 905 2361 945 αἰῶνας

1337 962 1406 999 τῶν
1421 960 1571 1000 αἰώνων.
1593 962 1717 1013 Ἀμήν.

1715 1085 1894 1124 ΟΜΙΛῙΑ
1925 1087 1981 1130 ις’.

1335 1208 1424 1250 ²¹th
1452 1208 1515 1254 τὴν
1545 1208 1747 1260 παράὸασιν
1775 1211 1844 1247 τῶν
1862 1209 2161 1261 πρωτοπλάστων.
2180 1208 2252 1249 Καὶ
2269 1204 2361 1257 ἦσαν

1387 1271 1418 1306 οἱ
1440 1269 1500 1307 δύο
1521 1270 1666 1321 γυμνοὶ,
1685 1270 1706 1309 δ’
1724 1286 1762 1308 τε
1781 1270 1892 1321 Ἀδὰμ
1905 1299 1914 1314 ,
1930 1271 1990 1309 καὶ
2009 1274 2031 1317 ἡ
2051 1271 2137 1322 γυνὴ
2158 1273 2279 1319 αὐτοῦ,
2298 1271 2358 1309 καὶ

1387 1332 1448 1368 οὐκ
1467 1331 1672 1383 ᾐσχύνοντο.

1382 1455 1560 1506 Βούλομαι
1575 1455 1739 1508 σήμερον,
1758 1456 1949 1508 ἀγαπητοὶ,
1966 1456 2137 1508 θησαυρὸν
2151 1459 2231 1507 ὑμῖν
2248 1471 2356 1494 πνευ-

1331 1517 1476 1568 ματικὸν
1493 1517 1686 1566 ὑπανοῖξαι,
1710 1518 1947 1571 μεριζόμενον,
1962 1518 2022 1556 καὶ
2043 1517 2219 1569 μηδέποτε
2238 1519 2356 1556 δαπα-

1329 1577 1482 1629 νώμενον
1498 1594 1506 1602 ·
1526 1578 1660 1622 πάντας
1685 1579 1913 1624 πλουτίζοντα
1926 1610 1936 1627 ,
1956 1579 2015 1618 καὶ
2043 1581 2077 1617 ἐν
2109 1579 2231 1630 μηδενὶ
2248 1580 2354 1617 ἐλατ-

1328 1638 1505 1689 τούμενον,
1523 1640 1613 1678 ἀλλὰ
1634 1640 1693 1677 καὶ
1712 1640 1993 1692 προστιθέμενον,
2020 1640 2187 1693 Καθάπερ
2206 1640 2273 1693 γὰρ
2295 1641 2354 1678 ἐπὶ

1327 1704 1386 1738 τοῦ
1407 1704 1573 1748 αἰσθητοῦ
1596 1705 1767 1755 θησαυροῦ
1789 1701 1853 1740 κᾶν
1884 1703 2007 1756 μικρόν
2026 1718 2060 1740 τι
2078 1704 2204 1754 ψῆγμα
2230 1701 2350 1740 λαὸεἷν

1326 1778 1378 1805 τις
1400 1763 1576 1812 δυνηθείη,
1610 1763 1718 1802 πολὺν
1750 1766 1864 1817 ’ἐαυτῷ
1889 1764 1948 1802 τὸν
1972 1766 2119 1802 πλοῦτον
2147 1763 2351 1816 ἐργάζεται·

1326 1822 1417 1861 οὕτω
1435 1823 1477 1870 δὴ
1501 1824 1561 1862 καὶ
1595 1825 1652 1863 ἐπὶ
1675 1829 1738 1872 τῆς
1763 1824 1855 1870 θείας
1878 1827 2040 1878 Γραφῆς,
2059 1826 2118 1863 καὶ
2138 1827 2173 1864 ἐν
2198 1825 2351 1879 βραχείᾳ

1324 1884 1412 1929 λέξει
1432 1887 1566 1933 πολλήν
1589 1889 1683 1926 ἐστιν
1717 1890 1828 1940 εὑρεῖν
1857 1890 1927 1925 τῶν
1955 1888 2138 1938 νοημάτων
2162 1887 2226 1935 τὴν
2248 1888 2351 1926 δύνα-

1326 1963 1397 1996 μιν,
1427 1947 1487 1985 καὶ
1508 1948 1638 2000 ἄφατον
1660 1949 1717 1987 τὸν
1743 1951 1908 1987 πλοῦτον.
1938 1948 2094 1995 Τοιαύτη
2122 1947 2190 2001 γὰρ
2208 1953 2230 1997 ἡ
2251 1949 2352 2002 φύσις

1323 2011 1384 2045 τοῦ
1405 2011 1580 2062 θησαυροῦ
1606 2009 1748 2049 τούτου·
1776 2009 1855 2053 τοὺς
1879 2009 2155 2062 ὑποδεχομένους
2188 2010 2352 2063 εὐπόρους

1324 2070 1551 2121 ἐργαζόμενος
1585 2071 1746 2110 οὐδέποτε
1774 2071 1952 2110 1’ἐλλείπει
1969 2087 1977 2095 ·
2004 2070 2101 2122 πηγὴ
2131 2071 2199 2124 γὰρ
2228 2076 2349 2111 τοῦτον

1323 2131 1507 2175 ἀναὸλύζει
1528 2135 1587 2171 τοῦ
1610 2133 1817 2183 Πνεύματος
1832 2137 1891 2171 τοῦ
1911 2132 2022 2183 ἁγίου.
2042 2132 2233 2186 Ὑμέτερον
2255 2134 2285 2170 δ’
2307 2133 2348 2171 ἂν

1322 2191 1375 2236 εἴη
1392 2193 1511 2231 λοιπὸν
1534 2192 1622 2243 μετὰ
1641 2193 1821 2245 ἀκριῖἕείας
1850 2192 2034 2244 φυλάττειν
2063 2193 2107 2230 τὰ
2138 2209 2348 2246 παρακατα-

1321 2252 1484 2303 τιθέμενοι
1497 2284 1506 2301 ,
1523 2253 1580 2291 καὶ
1595 2253 1658 2301 τὴν
1677 2253 1818 2305 μνήμην
1840 2253 2058 2292 ἀδιάπτωτον
2075 2253 2269 2300 διασώζειν,
2290 2255 2347 2292 ἵνα

1323 2315 1398 2364 μετ’
1431 2314 1589 2358 εὐκολίας
1621 2315 1764 2362 δύνησθε
1795 2317 2068 2367 παρακολουθεῖν
2099 2320 2170 2358 τοῖς
2200 2315 2346 2367 λεγομέ-

1321 2391 1412 2424 νοις,
1436 2375 1538 2426 μόνον
1562 2375 1652 2427 μετὰ
1674 2377 1826 2423 σπουδῆς
1851 2375 1896 2414 τὰ
1914 2379 1998 2428 παρ’
2020 2378 2151 2414 ἑαυτῶν
2171 2377 2344 2429 εἰσφέρω-

1323 2452 1396 2488 μεν.
1428 2436 1474 2475 ‘H
1501 2437 1567 2488 γὰρ
1598 2437 1700 2491 χάρις
1731 2436 1867 2487 ἕτοιμός
1896 2439 1989 2476 ἐστιν
2025 2438 2238 2484 ἐπιζητοῦσα
2269 2436 2348 2481 τοὺς

1323 2497 1412 2549 μετὰ
1441 2499 1618 2551 δαψιλείας
1648 2498 1777 2546 ταύτην
1807 2497 2093 2551 ὑποδεχομένους.
2126 2498 2347 2549 Ἀκούσωμεν

1323 2560 1430 2599 δὲκαὶ
1450 2563 1518 2598 τῶν
1537 2560 1688 2612 σήμερον
1709 2559 1992 2611 ἀνεγνωσμένων,
2014 2558 2070 2597 ἵνα
2092 2559 2259 2610 μάθωμεν
2287 2564 2347 2597 τοῦ

1322 2624 1415 2661 Θεοῦ
1428 2622 1490 2669 τὴν
1509 2621 1665 2673 Εᾶφατον
1684 2620 1960 2674 φιλανθρωπίαν,
1989 2620 2049 2658 καὶ
2076 2619 2139 2671 ὅσῃ
2165 2636 2345 2671 συγκατα-

1321 2683 1422 2722 ὃάσει
1438 2683 1609 2735 κέχρηται
1631 2683 1687 2721 διὰ
1704 2683 1768 2730 τὴν
1785 2682 1961 2735 σωτηρίαν
1981 2681 2045 2727 τὴν
2063 2682 2253 2733 ἡμετέραν.
2276 2681 2345 2720 Καὶ

1320 2739 1410 2791 ἦσαν
1427 2747 1458 2782 οἱ
1486 2745 1545 2783 δύο
1570 2745 1692 2796 γυμνοὶ
1711 2774 1720 2792 ,
1750 2743 1770 2781 ὅ
1787 2759 1824 2780 τε
1847 2742 1976 2793 Ἀδὰμ,
1998 2742 2058 2779 καὶ
2073 2745 2095 2788 ἡ
2113 2741 2198 2793 γυνὴ
2220 2744 2344 2790 αὐτοῦ,

1320 2806 1379 2844 καὶ
1396 2807 1458 2843 οὐκ
1471 2805 1674 2857 ᾐσχύνοντο.
1691 2803 1878 2850 Ἰἰννόησόν
1896 2818 1955 2853 μοι
1967 2802 2224 2856 μακαριότητος
2239 2806 2346 2856 ὑπερ-

1321 2867 1439 2914 Col-hv,
1457 2870 1530 2911 πῶς
1558 2865 1724 2918 ἀνώτεροι
1743 2859 1831 2911 ἦσαν
1847 2867 1915 2902 τῶν
1937 2866 2145 2915 σωματικῶν
2163 2863 2343 2913 ἁπάντων,

1320 2933 1393 2973 πῶς
1409 2929 1565 2980 καθάπερ
1587 2928 1645 2966 τὸν
1676 2927 1832 2979 οὐρανὸν,
1854 2925 1944 2963 οὕτω
1969 2925 2032 2972 τὴν
2049 2928 2113 2977 γῆν
2133 2925 2257 2978 ᾤκουν,
2283 2927 2344 2964 καὶ

1337 3044 1416 3073 πῶς;
1437 3045 1509 3077 quae
1534 3032 1650 3065 itidem
1672 3043 1731 3065 suo
1750 3030 1824 3064 loco
1845 3029 2136 3073 repraeseutabitur
2161 3030 2248 3062 inter
2270 3028 2342 3061 sin-

1335 3088 1481 3130 gulares,
1501 3094 1599 3129 atque
1614 3087 1659 3117 ita
1678 3083 1813 3116 homilia
1830 3083 1883 3115 hic
1900 3083 2049 3125 proxime
2074 3091 2213 3125 sequens
2235 3082 2268 3112 in
2285 3079 2342 3112 illo

1336 3139 1439 3180 libro,
1457 3147 1506 3171 est
1523 3141 1581 3180 ⁴8,
1600 3147 1633 3171 ct
1648 3139 1695 3170 sic
1712 3138 1744 3169 in
1761 3138 1921 3170 caeteris.»
1939 3137 2034 3174 naec,
2052 3139 2091 3172 εἰς
2105 3140 2159 3174 τὴν
2174 3137 2343 3178 παράὂασιν

1336 3202 1393 3226 τῶν
1416 3196 1678 3237 πρωτοπλάστων,
1699 3189 1821 3223 desunt
1847 3188 1880 3222 in
1903 3187 2004 3222 Saxil.
2026 3194 2060 3219 et
2085 3188 2118 3219 in
2140 3184 2341 3229 quibusdam

1335 3246 1425 3285 Mss.‚
1437 3243 1494 3276 sed
1511 3243 1674 3276 habemur
1692 3244 1723 3274 in
1741 3242 1823 3274 aliis.
1837 3242 1910 3274 Duo
1923 3243 2073 3284 βούλομαι
2087 3244 2135 3272 καὶ
2152 3246 2293 3283 σήμερον.

1378 3297 1394 3320 1,
1409 3297 1463 3329 Sic
1488 3295 1590 3328 Savil.
1610 3303 1642 3328 et
1664 3294 1760 3327 multi
1786 3295 1862 3326 Mss.
1882 3291 1945 3324 Alii
1971 3295 2124 3326 ἐπιλείπει.
2143 3289 2245 3323 Paulo
2262 3297 2339 3333 post

1333 3347 1429 3380 Colb.
1450 3360 1532 3381 ιιιιιιε
1548 3351 1734 3383 ἀδιάπτωτον
1750 3354 1863 3388 σώζειν.

1373 3412 1384 3424 ⁶
1410 3397 1525 3445 Ᾰρατον
1540 3399 1627 3433 deest
1646 3401 1678 3432 iu
1696 3398 1905 3443 quibusdam.
