2516 3791
325 154 415 215 892
745 168 782 198 S.
822 166 1008 198 JOANMS
1047 162 1292 195 CHRYSOST.
1335 163 1539 193 ARCHIEP.
1578 164 1940 195 CONSTANTINOP-

119 266 298 300 ‹pectaculo-
322 252 384 290 uhi
405 250 585 290 tremenda
599 260 819 303 peraguntur
833 248 1026 303 mysteria?
1042 247 1128 285 dum
1143 244 1269 283 iisdem

120 317 195 333 ῙΙΠΠ.

320 313 468 352 auribus
476 313 580 351 audis
590 322 625 351 et
637 322 793 352 scortum
804 312 964 350 obscoene
975 310 1132 359 loquens,
1143 316 1177 344 et
1186 320 1270 359 pro-

318 374 464 426 phetam
500 375 770 427 apostolumque
807 383 840 410 te
851 372 898 409 ad
919 383 1046 410 arcana
1076 369 1268 421 Scripturae

319 436 626 474 introducentem?
653 437 740 473 dum
757 435 879 472 eodem
897 433 1001 471 corde
1020 431 1138 470 letalia
1159 429 1271 468 sumis

1343 248 1503 296 γοῦντος,
1532 249 1576 297 τῇ
1614 248 1701 297 αὐτῇ
1729 247 1856 299 καρδία
1885 247 1929 285 τὰ
1956 247 2152 299 δηλητήρια
2188 248 2371 300 δεχόμενος

1344 305 1532 359 φάρμακα,
1565 307 1624 344 καὶ
1657 307 1721 354 τὴν
1750 308 1870 346 θυσίαν
1898 307 1961 355 τὴν
1988 308 2134 360 φρικτὴν
2166 308 2225 346 καὶ
2247 309 2371 360 ἁγίαν;

1345 368 1423 405 Οὐκ
1439 367 1592 405 ἐντεῦθεν
1612 368 1806 420 ἀνατροπαὶ
1825 369 1920 420 βίων,
1947 369 2005 406 καὶ
2035 369 2216 422 διαφθοραὶ
2236 370 2371 421 γάμων,

1346 427 1405 464 καὶ
1424 427 1573 478 πόλεμοι
1607 429 1666 467 καὶ
1694 429 1808 482 μάχαι
1824 431 1860 466 ἐν
1887 436 1963 473 ταῖς
1991 430 2132 477 οἰκίαις,
2158 429 2272 468 υΟταν
2305 432 2373 483 γὰρ

317 512 466 547 venena,
480 507 513 535 et
523 498 614 537 hanc
631 497 782 535 hostiam
801 505 958 534 sanctam
972 509 1012 533 ac
1024 491 1268 532 tremendam?
1285 520 1331 544 771
1346 489 1488 535 ὑπὸτῆς
1517 491 1588 527 ἐκεῖ
1606 490 1750 542 θεωρίας
1769 491 1986 543 *διαχυθῇς,
2001 491 2061 529 καὶ
2081 491 2288 543 χαυνότερος
2315 507 2373 543 γε-

319 563 445 597 Ᾱηηοη
468 560 543 597 haec
567 568 647 596 sunt
678 558 758 596 vitae
792 557 998 605 subversio,
1022 554 1271 607 conjugiorum
1297 559 1322 586 Α
1347 549 1486 600 νόμενος
1505 551 1564 587 καὶ
1598 551 1846 603 ἀσελγέστερος
1878 551 1938 589 καὶ
1974 551 2198 603 σωφροσύνης
2234 551 2374 598 ἁπάσης

318 620 538 673 corruptelae,
551 620 644 657 bella
661 633 860 671 pugnaeque
873 628 906 657 et
921 619 1008 656 rixae
1025 617 1060 655 iu
1077 616 1272 655 domibus?

319 682 408 720 Cum
436 681 530 719 cuim
558 681 767 733 spectaculis
792 680 864 719 illis
894 679 1102 718 dissolutior
1120 693 1161 717 ac
1180 678 1270 716 mol-

315 744 383 780 lior
422 742 677 793 lasciviorque,
714 743 899 793 omnisque
940 741 1123 794 pudicitiae
1159 739 1271 778 hostis

315 805 440 851 fartus,
458 803 605 841 domum
627 803 791 851 redieris,
812 803 937 840 uxoris
964 811 1126 854 aspectus
1151 801 1271 838 minus

315 865 377 902 vrit
403 865 599 916 ¹jucundus,
625 865 898 916 qualiscumque
923 864 1028 901 etiam
1054 862 1117 900 illa
1150 862 1269 900 fuerit.

313 925 500 976 Siquidem
516 925 755 964 inflammatus
770 926 831 963 illa
847 923 1143 976 concupiscentia,
1161 937 1270 973 quam

315 987 347 1023 in
376 986 521 1024 theatris
546 987 719 1035 hausisti,
749 987 794 1024 ab
818 986 881 1024 illo
906 986 1021 1023 alieno
1052 984 1267 1037 spectaculo,

310 1048 407 1099 quod
421 1058 452 1085 te
467 1049 698 1098 dementavit,
710 1058 845 1101 captus,
865 1057 998 1085 castam
1013 1060 1053 1084 ae
1073 1045 1269 1084 modestam

314 1125 460 1148 uxorem
476 1120 507 1147 et
525 1111 632 1148 totius
650 1111 734 1149 vitae
749 1119 945 1148 consortem
962 1108 1130 1161 despicis,
1146 1116 1269 1145 contu-

312 1172 415 1208 melia
438 1172 566 1221 asticis,
586 1172 849 1222 innumerisque
879 1170 1022 1223 probris
1046 1169 1176 1221 operiS,
1198 1182 1268 1206 non

311 1232 407 1282 quod
430 1232 627 1283 quidquam
650 1234 782 1271 habeas
806 1232 901 1283 quod
917 1232 952 1269 in
969 1232 1029 1269 illa
1048 1231 1183 1283 culpes,
1207 1228 1269 1267 scd

311 1293 403 1344 quod
425 1294 609 1331 erubescas
630 1293 789 1332 confiteri
813 1293 994 1343 morbum,
1018 1291 1116 1342 quod
1134 1290 1267 1343 pudeat

311 1355 442 1392 vulnus
463 1355 664 1405 ostendere,
689 1371 760 1406 quo
786 1355 822 1393 in
848 1354 1058 1407 spectaculis
1090 1353 1268 1392 sauciatus

314 1416 437 1453 redisti
457 1417 619 1468 domum,
643 1419 730 1457 alias
749 1417 859 1455 nectis
880 1415 1111 1464 causationes,
1127 1414 1268 1464 iniquas

313 1483 508 1522 inimicitia*
523 1495 682 1533 quaerens
699 1478 916 1525 occasiones,
938 1476 1056 1514 omnia
1077 1490 1155 1526 quae
1170 1474 1268 1512 domi

311 1554 392 1582 sunt
411 1543 610 1587 fastidiens,
637 1550 669 1578 et
690 1540 736 1577 ad
756 1539 938 1577 scelestam
966 1537 1067 1574 illam
1096 1545 1129 1574 et
1148 1536 1270 1588 impu-

314 1621 387 1644 ram
404 1605 545 1643 inhians
565 1600 900 1653 concupiscentiam,
922 1613 942 1636 a
963 1613 1032 1649 qua
1057 1597 1188 1634 vulnus
1208 1609 1268 1633 ac-

314 1667 434 1719 cepisti
454 1682 461 1702 :
480 1666 638 1715 dumque
667 1662 823 1701 sonitum
852 1659 951 1699 vocis
980 1658 1073 1710 geris
1092 1658 1128 1695 in
1149 1656 1268 1694 animo

315 1736 527 1776 manentem,
549 1726 702 1776 itemque
731 1732 907 1775 aspectus,
927 1729 1056 1768 motus,
1081 1719 1268 1769 omniaque

315 1789 374 1826 illa
394 1788 601 1826 meretricias
618 1785 782 1824 lihidinis
803 1783 1010 1831 simulacra,
1030 1781 1122 1819 nihil
1141 1794 1267 1818 eorum

312 1865 391 1901 quae
409 1850 506 1888 domi
523 1858 605 1887 sunt
621 1863 703 1886 cum
717 1847 901 1899 voluptate
923 1843 1085 1881 intueris.
1108 1842 1156 1880 Et
1175 1841 1268 1893 quid

314 1912 440 1961 loquor
453 1911 498 1948 de
510 1924 621 1950 uxore
633 1919 695 1948 aut
707 1907 857 1955 familia,
875 1904 1016 1957 quando
1030 1904 1145 1956 ipsam
1160 1904 1266 1942 etiam

313 1972 497 2010 ecclesiam
520 1981 640 2024 postea
672 1970 790 2008 minus
816 1968 967 2005 libenter
993 1966 1136 2006 visurus
1160 1980 1209 2014 es,
1233 1975 1266 2003 et

313 2047 395 2071 cum
410 2033 514 2071 taedio
528 2033 719 2071 auditurus
734 2044 930 2069 sermonem
951 2028 995 2066 de
1013 2027 1187 2080 pudicitia
1203 2027 1266 2065 dc-

313 2108 380 2143 que
398 2094 595 2132 modestia?
616 2095 736 2144 Neque
755 2092 849 2130 enim
873 2091 950 2143 jam
971 2104 1011 2128 ea
1033 2103 1111 2140 quae
1134 2089 1266 2127 (licun—

313 2164 371 2192 tur
390 2156 452 2192 tihi
473 2170 538 2207 pro
556 2155 715 2193 doctrina
742 2162 841 2200 sunt,
861 2151 921 2189 sed
942 2165 1008 2204 pro
1025 2150 1264 2199 accusatione,

314 2225 415 2266 teque
431 2216 605 2268 paulatim
621 2216 657 2253 in
675 2212 954 2266 desperationem
974 2211 1151 2249 adducent
1167 2228 1175 2247 :
1190 2221 1264 2249 tan-

313 2277 395 2314 dem
420 2287 454 2315 ct
477 2278 669 2329 abrumpes
703 2277 854 2328 teipsum
877 2290 895 2312 a
918 2273 1110 2325 disciplina
1133 2272 1179 2310 ad
1198 2288 1266 2324 pu—

313 2339 442 2376 blicam
458 2339 617 2376 omnium
636 2338 824 2375 utilitatem
843 2336 1015 2374 adhibita.
1038 2336 1267 2385 Quapropter

314 2414 399 2450 rogo
431 2414 494 2438 vos
510 2413 628 2437 omues
637 2430 648 2449 ,
668 2409 706 2436 ut
725 2408 758 2436 et
778 2398 845 2450 ipsi
860 2410 989 2450 pravas
1005 2396 1040 2433 in
1058 2394 1266 2447 spectaculis

315 2461 604 2498 commorationes
629 2460 763 2508 vitetis,
784 2469 817 2497 et
838 2459 926 2496 alios
945 2458 990 2495 al)
1012 2457 1068 2494 his
1093 2455 1265 2494 deductos

314 2522 509 2559 retrahatis.
531 2521 720 2572 Quidquid
738 2520 831 2558 enim
857 2519 932 2557 illic
951 2518 1108 2570 geritur,
1129 2531 1198 2554 non
1214 2525 1265 2553 est

313 2584 519 2631 oblectatio,
538 2583 599 2621 sed
615 2582 804 2635 pernicies,
825 2581 886 2619 sed
900 2594 1020 2633 poena,
1043 2578 1104 2617 sed
1123 2578 1260 2631 suppli-

314 2647 424 2682 cium.
449 2645 548 2693 Quid
576 2644 720 2697 prodest
751 2644 813 2681 illa
840 2641 1054 2695 temporaria
1076 2640 1264 2692 voluptas,

313 2706 400 2744 dum
427 2707 510 2745 hine
537 2716 726 2758 perpetuus
760 2705 915 2743 nascitur
945 2703 1067 2747 dolor,
1106 2702 1264 2752 dumque

314 2777 414 2805 nocte
431 2767 561 2819 pariter
575 2782 614 2805 ac
629 2767 686 2805 die
699 2781 718 2804 a
736 2765 1017 2818 concupiscentia
1043 2764 1260 2809 stimulatus,

314 2828 478 2866 omnibus
508 2828 676 2865 molestus
693 2842 728 2865 es
751 2837 785 2865 et
810 2826 970 2864 invisus?
993 2825 1132 2863 Excute
1154 2824 1264 2876 igitur

313 2888 478 2941 teipsum,
499 2898 663 2941 reputans
679 2888 792 2939 qualis
807 2888 871 2925 fias
885 2888 930 2925 ab
946 2886 1089 2924 ccclesia
1107 2885 1260 2933 rediens,

312 2965 435 2988 rursus
453 2951 568 3001 qualis
583 2965 601 2987 a
619 2950 825 3002 spectaculis
838 2980 847 2997 ,
869 2959 975 3000 atquc
993 2949 1057 2986 hos
1080 2948 1156 2986 dics
1179 2961 1261 2988 cum

312 3011 384 3050 illis
401 3013 557 3050 conferas
576 3028 583 3048 z
605 3012 640 3049 id
666 3011 693 3049 si
718 3011 862 3059 feceris,
882 3010 973 3047 nihil
994 3024 1083 3062 opus
1106 3009 1172 3047 erit
1193 3023 1258 3046 no-

311 3082 384 3111 stro
400 3088 568 3111 ser.1n0nc
590 3072 683 3109 Satis
697 3073 789 3110 euim
806 3071 928 3117 suerit,
949 3071 1045 3108 hunc
1066 3069 1161 3108 diem
1180 3085 1261 3109 cum

311 3135 374 3172 illo
390 3149 541 3187 compar
535 3148 621 3180 asse,
635 3133 680 3170 ad
698 3101 953 3170 ostcudeuduin
968 3141 1000 3169 et
1013 3146 1121 3183 quam
1135 3145 1259 3182 magua

1337 2889 1373 2925 δε
1366 2887 1459 2925 ’ποτε
1494 2900 1672 2934 παυσομαι
1712 2883 1751 2921 >ss
1735 2899 1837 2934 εγ.ων

1333 2950 1377 2989 τὰ
1414 2952 1557 2986 τοιαῦτα
1591 2945 1774 2996 νοσήματα
1816 2944 2167 2996 παραμυθησόμεθα,
2208 2943 2284 2986 τούς
2324 2958 2362 2980 τε

1332 3009 1548 3064 ὑγιαίνοντας
1564 3006 1840 3059 ἀσφαλεστέρους
1860 3005 2071 3056 ποιήσομεν·
2094 3003 2270 3055 ἑκατέροις
2293 3003 2362 3055 γὰρ

1330 3075 1347 3110 ὁ
1368 3087 1443 3125 περι
1470 3069 1598 3107 τούτων
1630 3083 1804 3144 χρησιαος
1835 3068 1954 3117 λόγος·
1984 3072 2054 3109 τοῖς
2082 3065 2158 3116 μὲν,
2180 3065 2236 3102 ἵνα
2269 3066 2361 3102 ἀπο-

1331 3149 1458 3179 στωσι,
1478 3137 1548 3174 τοῖς
1567 3130 1625 3177 δε,
1654 3130 1709 3168 ι’να
1730 3130 1811 3180 μὴ
1797 3128 2008 3179 εμπέσωσιν.
2030 3127 2119 3165 ’m
2141 3124 2261 3172 ἐπειδὴ
2288 3123 2358 3177 χρὴ

1346 610 1467 664 ἐχθρὸς
1478 642 1487 659 ,
1503 612 1701 650 ἐπανελθὼν
1718 612 1794 665 ἴδῃς
1819 612 1882 660 τὴν
1898 618 2046 664 γυναῖκα
2065 612 2127 659 τὴν
2148 612 2250 659 ἰδίαν,
2267 613 2372 660 ἀηδέ-

1346 686 1465 722 στερον
1479 672 1555 724 ὄψει
1573 670 1732 721 πάντως,
1752 675 1807 712 οἵα
1837 674 1878 711 ἂν
1897 669 1932 726 ἦ.
1953 673 2043 712 Ἱ“πὸ
2067 673 2134 726 γὰρ
2161 676 2224 719 τῆς
2248 675 2282 711 ἐν
2303 679 2374 716 τοῖς

1345 733 1500 785 θεάτροις
1523 735 1733 787 ἐμπρησθεὶς
1764 736 1971 786 ἐπιθυμίας,
1999 735 2057 773 καὶ
2090 735 2157 772 ὑπὸ
2185 737 2248 780 τῆς
2277 733 2374 781 ξένης

1344 793 1477 841 ἐκείνης
1495 796 1639 847 θεωρίας
1656 795 1758 840 ἁλοὺς
1790 800 1852 843 τῆς
1879 796 2175 847 γεγοητευμένης,
2203 795 2266 841 τὴν
2301 795 2373 832 σώ-

1344 869 1453 906 φρονα
1476 856 1534 893 καὶ
1554 857 1702 907 κοσμίαν
1718 858 1778 895 καὶ
1796 862 1856 896 τοῦ
1875 858 1949 909 βίου
1967 858 2095 901 παντὸς
2114 857 2276 896 κοινωνὸν
2293 858 2374 894 ἀτι-

1344 916 1484 966 μάζεις,
1504 917 1675 969 ὓέρίζεις,
1695 918 1829 970 μυρίοις
1849 919 2073 971 περιὸάλλεις
2092 918 2269 964 ὀνείδεσιν,
2279 917 2376 955 οὐδὲν

1343 977 1433 1029 ἔχων
1454 977 1542 1022 ὅλως
1568 979 1774 1030 ἐγκαλέσαι,
1802 981 1878 1016 ἀλλ’
1911 979 2159 1032 αἰσχυνόμενος
2189 979 2229 1016 τὸ
2265 979 2375 1021 πάθος

1345 1041 1472 1087 εἰπεῖν,
1495 1040 1555 1078 καὶ
1586 1040 1626 1078 τὸ
1647 1044 1788 1093 τραῦμα
1824 1040 1957 1088 δεῖξαι,
1991 1041 2079 1093 ὅπερ
2099 1043 2226 1078 ἐκεῖθεν
2254 1038 2376 1077 λαὸὼν

1344 1102 1554 1149 ἐπανῆλθες,
1575 1101 1695 1154 ἑτέρας
1721 1101 1861 1145 πλέκεις
1888 1101 2101 1154 προφάσεις,
2134 1100 2292 1154 ἀφορμὰς
2311 1102 2375 1148 ζη-

1344 1179 1412 1200 των
1436 1163 1624 1215 ἀπεχθείας
1647 1162 1814 1213 ἀλόγους,
1848 1178 1907 1200 και
1927 1165 1994 1200 τῶν
2029 1162 2091 1213 μὲν
2121 1162 2209 1200 οἴκοι
2234 1161 2375 1198 πάντων

1294 1227 1318 1256 Β
1344 1226 1536 1277 ὑπερορων,
1556 1225 1640 1277 πρὸς
1669 1224 1705 1262 δε
1732 1224 1797 1271 τὴν
1824 1224 1954 1276 μιαρὰν
1974 1224 2033 1262 καὶ
2054 1223 2248 1275 ἀκάθαρτον
2265 1238 2375 1274 κεχη-

1343 1302 1408 1329 νως
1427 1286 1560 1333 ἐκείνην
1573 1286 1774 1338 ἐπιθυμίαν,
1793 1302 1865 1339 παρ
1895 1303 1936 1332 ης
1963 1302 2002 1323 το
2018 1289 2158 1338 τραῦυα
2176 1284 2297 1328 ἐδεξω·
2315 1299 2376 1322 και

1343 1347 1406 1394 την
1423 1348 1515 1400 ἠχὴν
1530 1352 1592 1395 τῆς
1607 1353 1721 1401 ερωνῆς
1740 1348 1829 1400 ἔχων
1846 1348 2042 1400 ἐγκαθηαεν
2046 1364 2087 1394 ην
2103 1349 2144 1397 τῇ
2165 1346 2294 1399 ψυχῇ·”
2277 1363 2376 1385 εναυ-

1341 1409 1412 1454 λον,
1433 1409 1492 1446 καὶ
1515 1409 1554 1446 τὸ
1576 1413 1700 1461 σχῆμα
1721 1409 1780 1447 καὶ
1807 1409 1846 1447 τὸ
1865 1408 2008 1459 βλέμμα
2033 1408 2152 1446 καὶτὰ
2174 1408 2375 1458 κινήματα,

1343 1469 1402 1507 καὶ
1424 1471 1538 1508 πάντα
1565 1475 1627 1518 τῆς
1650 1470 1812 1524 πορνείας
1836 1470 1880 1507 τὰ
1909 1471 2056 1517 εἴδωλα,
2077 1469 2173 1507 οὐῗὲν
2197 1471 2272 1520 μεθ’
2292 1470 2373 1515 ἡδο-

1343 1534 1403 1577 νῆς
1421 1532 1503 1583 ὃρᾷς
1527 1535 1595 1570 τῶν
1616 1531 1674 1569 ἐπὶ
1705 1534 1767 1578 τῆς
1787 1532 1908 1575 οἰκίας.
1944 1531 2013 1569 Καὶ
2042 1530 2075 1568 τί
2106 1530 2199 1580 λέγω
2219 1529 2282 1576 τὴν
2309 1545 2372 1580 γυ-

1342 1598 1445 1629 ναῖκα
1464 1593 1523 1630 καὶ
1547 1592 1610 1640 τὴν
1628 1593 1759 1640 οἰκίαν,
1789 1592 1858 1630 Καὶ
1877 1591 1940 1639 τὴν
1961 1590 2150 1638 ἐκκλησίαν
2168 1591 2235 1644 γὰρ
2265 1590 2372 1637 αὐτὴν

1342 1652 1549 1705 ἀηδέστερον
1566 1654 1662 1706 ὄψει,
1683 1654 1743 1692 καὶ
1767 1652 1932 1707 ῥημάτων
1946 1657 1960 1673 ³
1973 1654 2134 1704 ἀπεχθῶς
2151 1652 2280 1705 ἀκούσῃ
2300 1655 2371 1690 τῶν

1339 1713 1421 1766 περὶ
1442 1714 1685 1767 σωφροσύνης,
1704 1717 1773 1752 τῶν
1794 1714 1874 1766 περὶ
1895 1713 2118 1764 σεμνότητος.
2137 1713 2268 1751 Οὐκέτι
2301 1713 2370 1765 γὰρ

1340 1775 1439 1814 ἔσται
1459 1791 1513 1814 σοι
1533 1775 1760 1822 διδασκαλία,
1779 1775 1869 1813 ἀλλὰ
1888 1775 2083 1827 κατηγορία
2103 1774 2147 1812 τὰ
2174 1775 2365 1827 λεγόμενα,
2396 1766 2398 1768 .

1340 1838 1400 1875 καὶ
1436 1840 1483 1882 εἷς
1513 1838 1709 1889 ἀπόγνωσιν
1751 1837 1842 1876 κατὰ
1871 1836 1993 1889 μικρὸν
2023 1837 2224 1889 ὓποσυρεὶς,
2249 1838 2366 1876 τέλεον

1292 1908 1316 1939 C
1340 1900 1461 1938 ἑαυτὸν
1481 1899 1688 1953 ἀπορρήξεις
1711 1903 1774 1947 τῆς
1801 1901 2029 1951 κοινωφελοῦς
2052 1898 2180 1946 ταύτης
2205 1899 2368 1938 διδασκα-

1338 1961 1426 2005 λίας.
1460 1960 1529 1999 Διὰ
1565 1965 1666 2000 τοῦτο
1687 1962 1885 2014 παρακαλῶ
1901 1960 2036 2003 πάντας
2055 1962 2164 2010 ὑμᾶς,
2182 1959 2305 2003 αὐτούς
2328 1976 2367 1999 τε

1338 2022 1476 2076 φεύγειν
1496 2023 1559 2068 τὰς
1576 2022 1729 2075 πονηρὰς
1749 2025 1782 2060 ἐν
1807 2028 1877 2066 τοῖς
1896 2021 2051 2074 θεάτροις
2079 2021 2276 2073 διατριὸὰς,
2306 2021 2366 2060 καὶ

1336 2084 1414 2128 τοὺς
1431 2084 1666 2137 ἐσχολακότας
1697 2083 1830 2127 τούτοις
1854 2085 1983 2121 ἐκεῖθεν
2015 2083 2189 2135 ἀφέλκειν.
2223 2085 2277 2122 Οὐ
2297 2083 2366 2135 γάρ

1339 2147 1413 2184 ἐστι
1445 2146 1680 2199 ψυχαγωγία,
1712 2147 1788 2183 ἀλλ’
1824 2144 1980 2197 ὄλεθρος,
2013 2144 2072 2182 καὶ
2103 2144 2276 2197 τιμωρία,
2305 2144 2366 2182 καὶ

1339 2208 1480 2252 κόλασις
1500 2207 1544 2245 τὰ
1562 2211 1633 2246 ἐκεῖ
1650 2207 1814 2258 γινόμενα
1834 2207 1984 2244 ἅπαντα.
2005 2205 2052 2243 Τί
2080 2204 2148 2258 γὰρ
2168 2206 2287 2258 ὄφελος
2301 2209 2364 2252 τῆς

1338 2268 1550 2322 προσκαίρου
1571 2269 1698 2316 ταύτης
1714 2269 1857 2316 ηδονῆς,
1879 2266 1961 2306 δ’ταν
1979 2267 2138 2314 διηνεκὴς
2156 2269 2308 2305 ἐντεῦθεν
2341 2271 2362 2315 ἡ

1339 2330 1440 2376 ὀδύνη
1473 2330 1655 2378 τίκτηται,
1684 2330 1744 2368 καὶ
1772 2331 1805 2367 ἐν
1827 2329 1944 2381 ἡμέρᾳ
1974 2329 2033 2367 καὶ
2050 2331 2083 2366 ἐν
2100 2329 2198 2367 νυκτὶ
2226 2330 2364 2368 κεντού-

1341 2408 1441 2443 μενος
1474 2392 1542 2430 ὖπὸ
1575 2394 1637 2437 τῆς
1672 2391 1879 2442 ἐπιθυμίας,
1898 2397 2004 2428 πᾶσιν
2033 2385 2074 2443 ᾗς
2102 2390 2273 2443 δυσχερὴς
2305 2391 2364 2428 καὶΙ

1341 2454 1566 2505 δυσάρεστος,
1593 2453 1778 2497 Ἐξέτασον
1812 2457 1891 2504 γοῦν
1925 2453 2073 2498 σαυτὸν,
2099 2453 2150 2496 τίς
2189 2452 2252 2503 μὲν
2283 2452 2362 2504 γίνῃ

1339 2517 1408 2555 ἀπὸ
1434 2515 1622 2562 ἐκκλησίας
1647 2517 1855 2566 ἀναχιιῳῶν,
1877 2514 1928 2558 τίς
1953 2514 1988 2552 δὲ
2018 2513 2087 2551 ἀπὸ
2110 2515 2278 2567 θεάτρων,
2304 2514 2363 2552 καὶ

1289 2581 1313 2609 l)
1338 2577 1504 2629 ἑκατέρας
1539 2575 1723 2629 παράὸαλε
1755 2575 1818 2619 τὰς
1849 2576 2002 2626 ἡμέρας,
2032 2576 2090 2613 καὶ
2133 2576 2228 2614 οὐδὲν
2256 2575 2362 2627 δεήσῃ

1337 2641 1406 2676 τῶν
1420 2638 1599 2691 ἡμετέρων
1614 2638 1740 2688 λόγων.
1767 2636 1922 2690 Ἀρκέσει
1949 2637 2016 2689 γὰρ
2038 2637 2203 2689 ἑκατέρας
2224 2639 2245 2683 ἡ
2278 2636 2362 2688 σύγ-

1337 2717 1449 2753 κρισις
1478 2716 1540 2746 της
1571 2698 1705 2751 ἡμέρας
1739 2697 1843 2742 δεῖξαι
1875 2698 1914 2735 τὸ
1947 2697 2089 2749 μεγεθος
2125 2697 2184 2735 καὶ
2215 2701 2278 2744 τῆς
2311 2699 2362 2735 ἐν·

1337 2767 1433 2801 ravos
1422 2779 1453 2800 -ν
1488 2761 1678 2813 ὠφελείας,
1708 2775 1765 2798 και
1794 2775 1856 2805 της
1895 2761 2022 2797 εκεῖθεν
2064 2758 2207 2810 β)ά6ης.
2238 2759 2363 2797 Ταῦτα

1338 2841 1396 2863 και
1419 2824 1485 2870 ηδη
1511 2823 1596 2875 πρὸς
1622 2838 1685 2869 την
1712 2821 1880 2872 ὑαετέραν
1911 2821 2049 2871 ἀγάπην
2072 2825 2187 2866 εἷπον,
2218 2821 2276 2858 καὶ
2307 2822 2363 2858 οὐ-

1894 2882 1986 2926 Τούς
2014 2898 2051 2920 τε
2084 2881 2152 2935 γὰρ
2181 2885 2363 2926 νοσοῦντας

310 3196 356 3234 sit
376 3196 459 3233 hiuc
486 3196 638 3241 utilitas,
660 3203 694 3231 ct
713 3203 841 3244 quanta
864 3194 907 3231 sit
928 3194 1026 3230 illine
1048 3208 1152 3231 noxa.
1179 3194 1218 3230 H
1212 3209 1260 3231 arc
1284 3197 1306 3226 Ε
1331 3194 1390 3232 καὶ
1415 3209 1494 3236 τους
1521 3194 1754 3241 ἐπιτιμωντας
1781 3205 1881 3228 τουτο
1912 3187 2119 3239 συμπιέτρως
2138 3192 2268 3232 ποιεῖν,
2295 3184 2357 3235 μέ-

310 3271 403 3294 nunc
416 3257 460 3294 ad
481 3265 634 3293 xcstram
656 3256 837 3293 caritatem
865 3254 1015 3292 dicenda
1038 3255 1177 3308 putavi,
1197 3270 1259 3293 nce

353 3365 367 3380 '‘
393 3362 504 3405 [Sat-il.
527 3364 556 3395 in
574 3373 675 3403 marg.
693 3373 708 3391 e
728 3373 794 3394 κστ,
816 3361 890 3393 lect.
912 3362 1081 3402 ‹3122002-15]

1330 3271 1391 3308 lp(-
1430 3253 1552 3292 'touton
1584 3267 1714 3299 ταυτην
1748 3265 1938 3298 στησαντὶς
1969 3248 2032 3296 τὴν
2060 3247 2284 3300 παραίνεσιν,
2315 3245 2358 3284 τὰ

1393 3371 1405 3384 ³
1431 3360 1509 3402 Reg.
1531 3369 1611 3390 unus
1636 3362 1781 3399 ἐπαχθῶς.

2501 1802 2503 1806 ς
2495 1744 2503 1750 2
2486 1711 2489 1714 ›
2498 1644 2503 1674 2«
2483 1369 2487 1371 l
