2516 3791
718 178 760 209 ΙΝ
799 177 899 209 CAP.
938 174 1082 206 XXXV.

1121 172 1284 204 GENRS.

1325 173 1485 202 nomn„
1527 172 1602 203 ΙΧ.

2088 160 2181 225 (369

139 266 207 320 γὰρ
224 268 274 318 τῷ
293 265 416 318 δικαίῳ
433 265 556 316 θάρσος
577 263 749 309 ἐνέθηκεν,
767 261 875 305 οὕτως
894 260 1034 302 ἐκείνοις
1055 257 1160 311 φόὸον
1184 260 1208 291 E
1230 255 1276 294 rit
1294 256 1412 305 vertit,
1431 265 1466 294 et
1483 256 1761 308 omnipotentem
1790 269 1892 294 suam
1923 257 2131 308 sapientiam
2148 259 2183 297 in

139 327 308 367 ἐπέσεισε.
335 324 514 373 Δεσπότης
537 324 604 377 γὰρ
623 323 671 362 ὧν
690 324 807 362 πάντα
831 321 917 374 πρὸς
946 321 964 360 ὃ
999 319 1160 371 βούλεται

141 386 405 437 μετασκευάζει,
423 387 481 425 καὶ
508 385 572 432 τὴν
600 384 797 436 εὐμήχανον
825 385 929 421 αὐτοῦ
960 380 1082 432 σοφίαν
1104 377 1160 417 διὰ

137 447 276 485 πάντων
297 447 544 486 ἐπιδείκνυται.
565 447 634 486 Καὶ
664 444 758 484 οὐδὲν
783 443 1003 496 ἰσχυρότερον
1025 441 1066 478 ἂν
1097 439 1159 491 γέ-

137 508 230 547 νοιτό
248 524 330 547 ποτε
354 512 412 547 τοῦ
432 508 494 555 τὴν
514 508 643 547 ἄνωθεν
669 505 874 558 συμμαχίαν
894 500 1138 552 ἐπισπωμένου
1151 528 1161 546 ,

139 568 257 622 ὥσπερ
286 563 344 608 οὖν
370 569 465 609 οὐδὲν
485 569 727 622 ἀσθενέστερον
746 571 806 606 τοῦ
825 566 955 613 ταύτης
970 560 1164 616 ἠρημωμέ-

139 646 209 670 νου.
237 631 325 671 Ἰδοὺ
348 636 430 683 γοῦν
463 625 560 676 οὗτος
590 635 608 669 ὁ
633 630 763 672 δίκαιος
788 626 1018 682 εὐαρίθμητος
1037 623 1084 662 ὧν
1105 621 1165 660 καὶ

140 692 273 746 σφόδρα
307 692 502 744 ὀλιγοστὸς,
533 691 652 739 ἐπειδὴ
677 691 746 729 ὑπὸ
759 692 822 734 τῆς
849 691 909 726 τοῦ
939 689 1032 725 Θεοῦ
1055 685 1165 730 δεξιᾶς

139 754 350 805 ἐφρουρεῖτο,
370 753 429 792 καὶ
447 753 571 806 θάρσος
591 752 767 803 ἐλάμὸανε
781 781 791 799 ,
813 749 872 788 καὶ
888 748 952 795 τὴν
974 745 1165 791 ἐπιὸουλὴν

140 814 296 867 διέφυγεν
310 831 318 839 ·
336 817 460 853 ἐκεῖνοι
477 813 511 853 δὲ
527 814 586 852 καὶ
604 815 650 856 εἷς
668 814 800 859 πλῆθος
818 810 906 850 πολὺ
923 809 1165 854 συντείνοντες,
1174 841 1222 866 578

1230 317 1399 355 omnibus
1426 316 1594 355 declarat.
1620 320 1671 354 Ac
1699 316 1789 354 nihil
1825 317 1950 354 fortius
1978 326 2029 355 est
2056 333 2096 355 eo
2123 320 2184 369 qui

1231 391 1423 430 supernam
1438 377 1506 416 sibi
1521 377 1727 416 conciliavit
1743 391 1858 429 opem,
1869 377 2078 416 sicutetiam
2096 379 2186 416 nihil

1231 437 1410 475 infirmius
1428 453 1468 476 eo
1483 439 1545 489 qui
1563 438 1622 476 illa
1642 439 1803 491 privatus
1825 447 1890 476 est.
1910 438 2003 476 Ecce
2018 439 2112 476 enim
2127 440 2187 491 ju-

1232 506 1307 534 stus
1322 497 1394 544 ille,
1411 512 1543 549 paucos
1559 512 1706 536 numero
1725 512 1845 535 secum
1860 497 2009 543 liabens,
2026 497 2111 548 quia
2125 512 2187 535 cu·

1232 557 1455 595 stodiebatur
1473 573 1492 595 a
1521 560 1609 608 Deo,
1634 567 1668 596 et
1688 558 1857 596 liduciam
1879 558 2026 611 accepit,
2047 568 2080 596 et
2104 559 2187 596 insi-

1233 617 1311 655 dias
1339 618 1466 667 effugit
1487 633 1494 654 ε
1516 618 1569 655 illi
1598 627 1731 663 autem,
1762 633 1844 656 cum
1874 618 1976 656 multi
2007 627 2134 663 essent,
2155 627 2188 656 et

1235 678 1436 729 conglobati
1455 678 1726 730 conspirassent,
1743 679 1834 716 nihil
1855 694 1978 718 eorum
1991 694 2071 730 qum
2094 679 2189 717 vole-

1234 739 1320 777 bant
1339 739 1505 791 operibus
1527 739 1704 791 complere
1731 748 1933 792 potuerunt.
1960 742 2105 777 Factus
2134 749 2190 778 est

1234 803 1351 847 enim,
1371 800 1502 850 inquit,
1519 803 1635 838 timor
1646 802 1724 838 Dei
1735 815 1848 852 snper
1869 804 2046 839 civitates
2061 805 2102 838 in
2117 804 2190 839 cir-

140 875 199 913 καὶ
219 875 308 914 κατὰ
325 876 448 914 ταύτὸν
468 874 532 922 τὴν
552 873 754 926 συμφωνίαν
772 872 1062 923 ἐπιδεικνύμενοι,
1087 868 1164 908 οὐδὲ
1187 879 1210 909 Α
1234 865 1340 900 cuitu
1369 876 1518 901 earum.
1546 863 1739 914 Postquam
1760 863 1872 914 igitur
1886 863 2006 914 justus
2026 877 2044 899 a
2065 863 2194 901 timore

140 935 248 980 οὕτως
267 935 384 988 ἴσχυόν
403 952 436 973 τι
455 939 524 974 τῶν
554 934 806 987 βουλευθέντων
826 936 873 977 εἷς
890 933 988 986 ἔργον
1009 934 1165 984 ἀγαγεῖν.

140 996 301 1049 Ἐγένετο
320 998 399 1049 γὰρ,
416 997 521 1050 φησὶ,
546 997 648 1050 φόδος
676 998 770 1036 Θεοῦ
804 995 862 1033 ἐπὶ
887 994 948 1039 τὰς
968 994 1085 1037 πόλεις
1103 992 1166 1036 τὰς

140 1056 258 1110 κύκλῳ
290 1059 416 1097 αὐτῶν.
437 1058 584 1105 Ἐπειδὴ
613 1057 726 1096 τοίνυν
745 1055 934 1107 ἀπηλλάγη
954 1060 968 1076 ³
981 1058 1042 1092 τοῦ
1060 1053 1167 1107 φόὸου

141 1118 200 1157 καὶ
229 1122 297 1157 τῶν
329 1120 509 1172 ἐγχωρίων
538 1124 556 1159 ὃ
584 1120 735 1166 δίκαιος,
765 1117 829 1170 ὅρα
857 1116 962 1154 πάλιν
990 1119 1050 1153 τοῦ
1074 1118 1166 1154 Θεοῦ

141 1179 204 1227 τὴν
238 1181 520 1233 ὓπερὸάλλουσαν
559 1179 841 1234 φιλανθρωπίαν,
871 1177 914 1223 ἢν
949 1177 1030 1229 περὶ
1064 1177 1167 1215 αὐτὸν

142 1241 387 1281 ἐπιδείκνυται.
409 1242 529 1295 Ὠφθη
547 1242 615 1294 γὰρ
631 1243 726 1292 αὐτῷ
739 1271 749 1289 ,
766 1239 882 1292 φησὶν,
897 1242 915 1278 ὁ
931 1240 1019 1283 Θεὸς
1032 1238 1082 1276 ἔτι
1096 1239 1169 1277 ὄντι

143 1304 178 1340 ἐν
213 1302 336 1353 Αούζα.
357 1303 460 1347 Τίνος
491 1302 604 1341 ἕνεκεν
633 1301 839 1355 πρόσκειται
870 1299 928 1347 τὸ,
957 1298 1061 1347 'Em
1087 1299 1170 1350 Οὐχ

143 1365 280 1409 ἁπλῶς,
296 1365 374 1402 ἀλλ’
389 1363 444 1402 ἵνα
465 1365 577 1415 μάθῃς
591 1363 645 1402 ὅτι
661 1362 720 1400 καὶ
733 1361 800 1408 ἤδη
823 1362 859 1398 ἐν
876 1363 927 1412 τῷ
946 1359 1042 1411 τόπῳ
1057 1359 1169 1411 τούτῳ

141 1423 240 1475 ὤφθη
271 1427 364 1476 αὐτῷ
392 1424 571 1477 πρότερον,
594 1423 700 1470 ἡνίκα
719 1422 852 1475 φεύγων
868 1421 925 1459 τὸν
945 1420 1090 1473 ἀδελφὸν
1110 1419 1168 1458 ἐπὶ

141 1485 204 1532 τὴν
235 1485 510 1536 Μεσοποταμίαν
529 1487 680 1524 ἐποιεῖτο
698 1484 762 1531 τὴν
777 1483 902 1535 ὁρμήν.
933 1483 1002 1521 Καὶ
1029 1486 1088 1519 νῦν
1109 1475 1167 1520 οὐν

143 1562 249 1598 φησι·
281 1546 440 1600 καθάπερ
469 1546 547 1585 τότε
578 1546 678 1599 ὤφθη
703 1547 796 1598 αὐτῷ
817 1544 980 1593 ἀπιόντι,
999 1543 1090 1582 οὕτω
1109 1542 1169 1581 καὶ

142 1611 201 1646 νῦν
221 1608 489 1662 ἐπανερχομένῳ
509 1611 543 1647 ἐν
558 1609 608 1660 τῷ
623 1609 718 1660 αὐτῷ
733 1606 832 1659 τόπῳ
851 1605 1089 1658 ἐπιφαίνεται,
1109 1604 1170 1643 καὶ
1189 1620 1212 1650 B

145 1667 278 1719 βεὸαιοῖ
300 1668 360 1711 τὰς
387 1668 612 1721 ὑποσχέσεις,
634 1668 675 1712 ἃς
699 1667 804 1714 ἡνίκα
835 1666 943 1717 ἀπῄει
962 1666 1048 1719 πρὸς
1068 1667 1170 1704 αὐτὸν

143 1729 347 1777 ἐποιήσατο,
383 1730 659 1782 παρασκευάζων
681 1729 739 1767 τὸν
762 1727 894 1766 δίκαιον
912 1730 1086 1780 θαῤῥῆσαι
1100 1733 1172 1771 τοῖς

143 1791 436 1842 ἐπηγγελμένοις,
464 1791 523 1829 καὶ
545 1790 594 1841 μὴ
616 1789 672 1829 διὰ
695 1789 754 1828 τὸν
781 1791 816 1827 ἐν
837 1788 933 1841 μέσῳ
950 1789 1074 1841 χρόνον
1091 1787 1172 1827 ιἐ’ν-

145 1852 283 1890 δυάσαι.
314 1852 383 1890 Καὶ
413 1852 598 1904 εὐλόγησεν
633 1851 747 1898 αὐτὸν,
778 1850 839 1889 καὶ
871 1843 967 1888 εἶπεν
994 1852 1105 1903 αὐτῷ·
1133 1851 1173 1889 τὸ

143 1913 254 1963 ὄνομά
285 1929 345 1952 σου
373 1915 411 1951 οὐ
439 1912 653 1959 κληθήσεται
681 1912 730 1950 ἔτι
757 1910 901 1956 'lamba
930 1912 1006 1949 ἀλλ’
1028 1911 1174 1962 Ἰσραὴλ

144 1973 243 2011 ἔσται
262 1974 301 2012 τὸ
321 1973 432 2024 ὄνομά
448 1989 521 2012 σου.
545 1973 670 2012 Καίτοι
686 1973 746 2011 καὶ
766 1973 834 2020 ἤδη
856 1971 920 2018 τὴν
937 1972 1173 2026 προσηγορίαν

146 2035 240 2086 αὐτῷ
267 2028 309 2081 ἦν
339 2035 488 2082 ἐπιθεὶς,
512 2034 617 2082 ἡνίκα
636 2033 698 2082 τὴν
719 2034 881 2073 διοίὸασιν
904 2035 1093 2081 ἐποιήσατο
1113 2038 1172 2072 τοῦ

144 2095 295 2148 'luffa-L,
324 2096 416 2134 ἀλλὰ
446 2097 590 2135 πλείονα
623 2096 862 2148 πληροφορίαν
883 2098 1029 2134 ἐνθεῖναι
1045 2099 1095 2148 τῷ
1118 2097 1172 2134 δι-

143 2157 234 2210 καίῳ
268 2157 492 2208 βουλόμενος,
521 2157 580 2195 καὶ
610 2161 669 2194 νῦν
697 2157 761 2203 τὴν
782 2156 890 2204 αὐτὴν
914 2162 1067 2195 ποιεῖται
1086 2158 1172 2209 πρὸς

143 2217 245 2256 αὐτὸν
277 2217 453 2269 εὐλογίαν,
483 2217 544 2256 καί
562 2233 684 2270 φησιν·
715 2217 860 2269 Ἰσραὴλ
891 2218 1106 2264 κληθήσεται
1133 2218 1172 2255 τὸ

141 2277 251 2329 ὄνομά
271 2295 330 2317 σου
343 2294 351 2302 ·
372 2278 432 2316 καὶ
452 2278 612 2326 αὐξάνου,
630 2278 690 2316 καὶ
710 2278 904 2326 πληθύνου·
930 2279 989 2316 καὶ
1011 2278 1090 2325 ἔθνη
1111 2278 1171 2316 καὶ

141 2340 341 2391 συναγωγαὶ
374 2342 479 2378 ἐθνῶν
509 2339 648 2379 ἔσονται
677 2342 716 2379 ἐκ
748 2345 834 2387 σοῦ,
862 2340 922 2379 καὶ
951 2341 1106 2391 βασιλεῖς
1131 2342 1170 2378 ἐκ
1190 2351 1214 2382 c

141 2402 203 2445 τῆς
222 2401 346 2453 ὀσφύος
367 2416 428 2439 σου
449 2400 696 2445 ἐξελεύσονται.
716 2400 814 2453 ‘'Opoe
836 2401 978 2453 μέγεθος
998 2401 1169 2454 εὐλογίας.

141 2463 195 2500 Οὐ
215 2461 317 2511 μόνον
342 2463 388 2505 εἷς
406 2463 536 2508 πλῆθος
557 2463 660 2501 αὐτὸν
674 2461 926 2509 ἐκταθήσεσθαί
942 2477 1060 2515 φησιν,
1080 2461 1170 2500 ἀλλὰ

142 2523 202 2560 καὶ
223 2522 378 2567 ἐπίδοξον
397 2523 603 2574 γενήσεσθαι
627 2524 667 2562 τὸ
690 2524 724 2568 ἐξ
744 2525 849 2563 αὐτοῦ
869 2523 1012 2576 σπέρμα
1027 2539 1035 2547 ·
1062 2526 1169 2563 Βασι-

143 2586 213 2628 λεῖς
231 2584 297 2637 γὰρ
317 2587 354 2623 ἐκ
373 2587 436 2630 τῆς
458 2584 583 2637 ὀσφύος
598 2600 658 2624 σου
678 2584 914 2630 ἐξελεύσονται
930 2601 938 2609 ·
957 2585 1168 2638 προμηνύων

143 2646 239 2697 αὐτῷ
270 2648 422 2684 ἐντεῦθεν
449 2645 516 2692 ἤδη
557 2649 626 2684 τῶν
659 2645 694 2690 ἐξ
725 2647 830 2684 αὐτοῦ
862 2647 1076 2695 τικτομένων
1103 2646 1168 2693 τὴν

142 2706 381 2758 περιφάνειαν.
405 2707 474 2745 Καὶ
494 2706 558 2753 τὴν
577 2710 656 2758 γῆν,
675 2707 794 2759 φησὶν,
810 2707 854 2754 ἢν
871 2709 922 2759 τῷ
938 2706 1098 2759 Ἀδραὰμ
1109 2707 1171 2746 καὶ

145 2765 267 2804 Ἰσαὰκ
295 2767 428 2805 δέδωκα
446 2797 454 2813 ,
473 2767 527 2806 σοὶ
548 2767 682 2806 δέδωκα
711 2767 831 2816 αὐτὴν,
849 2767 910 2806 καὶ
927 2771 978 2820 τῷ
994 2767 1171 2820 σπέρματί

145 2841 207 2864 σου
243 2826 333 2876 μετὰ
353 2826 391 2866 σὲ
419 2826 520 2865 δώσω
544 2827 607 2875 τὴν
632 2832 697 2880 γ’ἧν
715 2828 860 2876 ταύτην.
880 2828 1028 2876 Ἐπειδὴ
1049 2829 1106 2866 διὰ
1127 2828 1171 2866 τὰ

145 2887 359 2939 γεγενημένα
387 2890 422 2926 ἐν
452 2888 622 2938 Σηκίμοις
649 2888 718 2928 ὑπὸ
737 2893 796 2928 τοῦ
824 2889 972 2940 Συμεὼν
996 2889 1056 2927 καὶ
1084 2888 1170 2927 Λευὶ

145 2947 282 2998 ἔλεγεν·
303 2947 506 2999 Ὀλιγοστός
526 2949 599 2999 εἶμι
617 2950 651 2986 ἐν
679 2951 838 3003 ἀριθμῷ,
858 2949 918 2988 καὶ
944 2947 1171 3001 συναχθέντες

146 3009 202 3046 ἐπ’
222 3008 285 3059 ἐμὲ
304 3008 516 3060 συγκόψουσί
535 3025 596 3059 με,
614 3009 674 3047 καὶ
689 3010 943 3062 ἐκτριὸήσομαι
964 3009 1033 3062 ἐγώ
1050 3025 1088 3047 τε
1111 3009 1171 3048 καὶ

146 3071 165 3107 ὅ
189 3063 282 3112 οἶκός
310 3085 394 3120 μου·
414 3070 474 3108 καὶ
497 3069 553 3107 διὰ
578 3069 718 3108 πάντων
736 3070 869 3109 ἐδείκνυ
887 3071 946 3110 καὶ
964 3071 1028 3118 τὴν
1053 3071 1171 3122 ὀλιγο-
1196 3084 1220 3114 1)

147 3130 291 3180 ψυχίαν,
311 3130 370 3168 καὶ
385 3130 448 3177 τὴν
475 3129 608 3176 πολλὴν
631 3130 774 3177 δειλίαν,
792 3133 826 3170 ἐν
845 3126 869 3182 ᾗ
887 3132 1070 3184 κατείχετο
1084 3147 1092 3155 ·
1115 3131 1172 3170 διὰ

147 3193 250 3228 τοῦτο
264 3193 283 3228 ὁ
300 3190 540 3244 φιλάνθρωπος
564 3190 744 3237 Δεσπότης
758 3195 815 3230 νῦν
837 3207 921 3243 φησι
939 3193 1023 3245 πρὸς
1049 3191 1169 3230 αὐτόν·

193 3324 207 3338 ¹
225 3311 339 3354 [Coisl.
359 3319 412 3348 τοῦ
435 3318 522 3359 ρόὅου
545 3323 603 3349 τῶν
623 3320 784 3360 ἐγχωρίων,
810 3312 902 3357 quod
925 3315 1093 3358 lntefpfes
1116 3313 1160 3346 le·

147 3364 231 3405 gisse
248 3362 411 3407 videtui-‚1

1234 923 1386 961 istorum
1410 923 1582 961 liberatus
1601 933 1669 973 est,
1693 922 1774 962 vide
1795 924 1921 961 iterum
1938 924 2109 962 eximiam
2124 924 2190 962 Dei

1234 985 1468 1034 clementiam,
1484 1000 1592 1036 quam
1605 999 1688 1037 erga
1701 999 1781 1023 eum
1800 986 2006 1024 declaravit.
2017 987 2056 1023 9.
2078 988 2190 1024 Visus

1235 1056 1291 1085 est
1303 1050 1404 1084 enim
1417 1056 1451 1085 ee
1468 1049 1576 1086 Deus
1589 1050 1726 1086 iterum
1741 1050 1781 1084 in
1799 1049 1919 1085 Laza.
1934 1049 2054 1094 Quare
2065 1047 2191 1099 adjicit

1236 1109 1303 1146 hoc
1318 1109 1482 1156 verbum,
1496 1111 1666 1147 Iterum?
1686 1109 1765 1147 Non
1782 1109 1916 1159 absque
1930 1123 2052 1158 causa,
2069 1108 2133 1146 sed
2153 1117 2191 1146 ut

1234 1168 1364 1217 discas,
1377 1184 1458 1207 eum
1473 1170 1575 1222 prius
1593 1170 1700 1208 etiam
1712 1169 1746 1207 in
1758 1170 1825 1207 hoc
1840 1170 1915 1207 loco
1927 1169 1957 1207 ei
1971 1169 2192 1221 apparuisse,

1236 1230 1381 1281 quando
1403 1231 1541 1282 fugiens
1571 1231 1716 1268 fratrem
1738 1231 1774 1268 in
1794 1231 2091 1282 Mesopotamiam
2110 1245 2193 1268 con-

1236 1291 1413 1330 tendebat.
1446 1293 1570 1343 Itaque
1591 1301 1624 1330 et
1641 1305 1736 1329 nunc
1754 1292 1803 1329 ait
1827 1307 1834 1328 ε
1854 1292 1955 1330 Sicut
1980 1301 2065 1330 tunc
2096 1293 2195 1331 visus

1236 1361 1287 1390 est
1304 1353 1335 1390 ei
1351 1353 1510 1402 abeunti,
1526 1354 1574 1391 ita
1587 1362 1620 1391 et
1638 1367 1733 1391 nunc
1748 1353 1908 1392 redeunti
1925 1364 2073 1407 apparet
2089 1355 2123 1392 in
2138 1369 2193 1392 eo-

1235 1413 1317 1451 dem
1329 1414 1419 1465 loco,
1433 1423 1466 1452 et
1479 1415 1666 1453 confirmat
1678 1414 1941 1467 promissiones,
1952 1430 2040 1466 quas
2051 1415 2196 1466 quando

1237 1473 1326 1510 abiit
1350 1487 1434 1511 cum
1455 1487 1495 1511 co
1516 1473 1612 1523 fecit,
1645 1474 1715 1512 hoc
1742 1483 1914 1526 praestans
1938 1483 1976 1511 ut
1992 1475 2112 1527 justus
2137 1475 2196 1512 fir-

1237 1533 1330 1573 mius
1345 1533 1420 1572 suis
1433 1534 1730 1586 promissionibus
1748 1534 1919 1588 considat,
1936 1545 1970 1573 et
1989 1550 2032 1573 ne
2053 1545 2199 1588 propter

1238 1604 1379 1647 tempus
1410 1594 1570 1632 medium
1604 1595 1760 1633 fluctuet.
1787 1597 1823 1634 E
1827 1605 1841 1634 t
1866 1597 2063 1634 benedixit
2092 1611 2194 1643 eum,

1241 1657 1305 1694 10.
1325 1665 1361 1694 et
1376 1657 1477 1694 dixit
1493 1659 1530 1693 ei
1553 1672 1563 1692 :
1583 1657 1736 1694 Nomen
1754 1665 1862 1694 tuum
1891 1671 1969 1694 non
1990 1661 2201 1697 vocabitur

1241 1718 1348 1755 ultra
1371 1718 1513 1765 Jacob,
1545 1718 1615 1756 sed
1641 1719 1770 1756 Israel
1801 1721 1874 1756 erit
1905 1733 2045 1757 nomen
2073 1728 2195 1758 tuum.

1241 1778 1470 1828 Quamquam
1485 1777 1562 1829 jam
1583 1777 1724 1829 pridem
1751 1778 1819 1816 hoc
1840 1792 1968 1816 nomen
1987 1779 2017 1817 ei
2037 1778 2196 1829 dederat,

1243 1852 1324 1876 cum
1340 1838 1506 1876 transiret
1519 1838 1555 1875 in
1572 1838 1724 1887 Jaboch‚
1743 1853 1870 1877 verum
1888 1840 2086 1891 majoribus
2108 1840 2201 1878 indi-

1243 1899 1308 1938 ciis
1330 1900 1514 1938 certiorem
1540 1899 1684 1938 volebat
1707 1900 1846 1952 justum
1872 1900 2032 1948 reddere,
2052 1911 2085 1939 et
2108 1915 2202 1939 nunc

1243 1960 1404 1999 eamdem
1427 1959 1708 1999 benedictionem
1729 1961 1761 2000 ei
1784 1961 1860 2014 dat,
1882 1972 1915 2002 et
1940 1962 2028 2001 dicit
2051 1964 2205 2002 :Israel

1245 2021 1454 2058 vocabitur
1469 2033 1608 2057 nomen
1629 2028 1754 2066 tuum;
1772 2022 1883 2060 11.εε
1898 2035 2038 2070 cresce,
2057 2031 2094 2060 et
2108 2024 2202 2060 mul-

1245 2081 1422 2133 tiplicare
1437 2096 1448 2118 .·
1460 2089 1497 2119 et
1507 2089 1638 2133 gentes
1654 2089 1691 2118 et
1705 2085 2022 2134 congregationes
2029 2085 2202 2134 gentium

1244 2149 1356 2178 erunt
1372 2155 1419 2178 ex
1441 2149 1490 2188 te,
1509 2148 1546 2178 et
1559 2153 1666 2191 reges
1678 2154 1726 2177 ex
1746 2141 1876 2178 lumbo
1894 2150 1959 2179 tuo
1977 2142 2199 2193 prodibunt.

1244 2200 1339 2240 Vide
1366 2200 1653 2253 magnitudinem
1682 2200 1951 2240 benedictionis.
1976 2203 2057 2240 Non
2083 2204 2200 2242 solum

1240 2262 1329 2301 dicit
1341 2263 1467 2301 eumin
1479 2271 1615 2301 tantam
1628 2262 1900 2301 multitudinem
1914 2265 2199 2316 propagandum,

1239 2323 1303 2362 sed
1321 2333 1356 2362 et
1370 2323 1567 2376 gloriosum
1593 2323 1667 2361 fore
1685 2323 1762 2376 ejus
1779 2338 1897 2362 semen
1915 2340 1923 2361 ε
1946 2327 2065 2378 Reges
2090 2327 2197 2375 enim,

1240 2386 1373 2437 inquit,
1390 2400 1439 2424 ex
1461 2386 1604 2424 lumbis
1622 2388 1698 2424 tuis
1715 2387 1961 2438 egredientur
1976 2403 1987 2423 .·
2003 2387 2199 2440 praedicens

1239 2447 1271 2487 ei
1283 2447 1435 2500 gloriam
1450 2461 1574 2486 eorum
1584 2447 1646 2498 qui
1660 2461 1705 2485 ex
1715 2447 1792 2500 ipso
1803 2457 1923 2486 ortum
1932 2447 2076 2486 ducturi
2086 2458 2196 2487 erant.

1241 2512 1302 2548 12.
1319 2511 1373 2548 Et
1385 2518 1542 2555 terram,
1562 2508 1692 2559 inquit,
1706 2523 1824 2561 quam
1836 2509 1879 2547 A
1882 2511 2014 2547 brakoe
2026 2518 2063 2547 et
2081 2512 2198 2548 Isaac

1240 2572 1342 2618 dedi,
1363 2572 1433 2608 tihi
1446 2570 1536 2607 dedi
1544 2583 1645 2615 eam,
1664 2577 1702 2606 et
1716 2572 1855 2607 semini
1867 2578 1932 2607 tuo
1943 2578 2029 2621 post
2045 2579 2082 2608 te
2095 2571 2198 2608 dabo

1240 2641 1383 2670 terram
1395 2631 1511 2667 hanc.
1530 2628 1712 2676 Quoniam
1728 2638 1872 2681 propter
1890 2630 1985 2667 facta
1997 2630 2034 2667 in
2047 2630 2198 2668 Secimis

1239 2706 1260 2730 a
1280 2692 1456 2743 Symeone
1477 2698 1511 2727 et
1528 2687 1783 2737 Levi,dicebat
1802 2705 1810 2726 :
1829 2692 1879 2727 In
1893 2705 2016 2742 parvo
2038 2705 2196 2730 numero
2214 2699 2288 2730 Gen.
2304 2703 2355 2737 32.

1240 2766 1324 2791 sum
1334 2765 1416 2803 ego,
1426 2758 1463 2788 et
1473 2751 1698 2801 congregati
1705 2763 1819 2801 super·
1828 2764 1888 2788 me
1893 2754 2110 2803 percutient
2119 2767 2192 2799 me,
2211 2740 2262 2772 3⁰·

1240 2821 1279 2850 et
1310 2812 1467 2849 delebor
1492 2824 1561 2862 ego
1584 2817 1621 2847 et
1648 2810 1784 2848 domus
1806 2824 1893 2848 mea
1909 2827 1924 2856 ;
1941 2821 1974 2849 et
1995 2827 2060 2865 per
2079 2814 2198 2852 omnia

1242 2873 1462 2912 monstrabat
1472 2871 1803 2924 pusillanimitatem
1817 2875 1997 2912 etinctum
2014 2890 2085 2926 quo
2104 2885 2199 2914 tene-

1242 2934 1349 2972 batur
1369 2949 1377 2970 :
1399 2941 1582 2985 propterea
1603 2932 1779 2984 benignus
1799 2935 1975 2974 Dominus
1994 2950 2088 2975 nunc
2108 2936 2197 2975 dicit

1243 2994 1289 3032 ad
1302 3007 1383 3031 eum
1397 3009 1404 3029 :
1419 2991 1599 3040 Quoniam
1611 2990 1750 3041 dixisti,
1764 2992 1803 3030 In
1816 3007 1929 3045 parvo
1942 3008 2090 3033 numero
2104 3010 2197 3042 sum,

1244 3056 1341 3094 disce
1357 3055 1520 3092 futurum
1545 3067 1618 3091 esse
1651 3062 1689 3091 ut
1716 3067 1864 3105 crescas,
1887 3064 1919 3093 et
1939 3056 2198 3108 multiplicetur

1245 3134 1361 3159 semen
1381 3128 1496 3168 tuum,
1516 3127 1550 3156 et
1576 3118 1625 3156 ita
1653 3118 1697 3156 sit
1717 3119 1926 3171 gloriosum,
1949 3132 1989 3160 ut
2009 3137 2200 3176 congrega·

1246 3189 1357 3227 tiones
1378 3185 1537 3239 gentium
1552 3195 1585 3224 et
1604 3199 1703 3238 reges
1722 3199 1767 3224 ex
1785 3201 1826 3225 eo
1841 3187 2020 3240 prodituri
2040 3191 2125 3236 sint;
2146 3201 2201 3229 at-

1242 3313 1257 3336 b
1274 3309 1388 3352 [Savil.
1409 3310 1441 3342 in
1460 3319 1563 3353 marg.
1583 3319 1598 3340 e
1615 3320 1684 3341 var.
1703 3307 1779 3342 lect.
1803 3312 1974 3353 ἑνδοιάτχν.]
