2516 3791
693 188 737 218 ΙΝ
768 188 870 219 ΟΛΡ.
909 187 1043 219 XVIH.

129 273 277 317 δικάζειν
308 270 386 315 τοὺς
410 270 570 318 πλησίον.
591 271 636 309 Εἰ
653 270 722 324 γὰρ
750 271 809 310 καὶ
834 274 896 319 τῆς
915 271 1068 317 ἐξουσίας
1084 273 1146 318 τῆς

128 335 330 380 δικαστικῆς
347 335 385 371 οὐ
406 332 583 385 μετέχεις,
604 333 694 371 ἀλλὰ
713 336 756 385 τῇ
775 333 897 385 γνώμῃ
918 333 1123 385 κατέκρινας
1136 363 1146 381 ,

128 394 186 433 καὶ
205 394 391 432 ὑπεύθυνον
418 397 467 447 τῷ
492 394 721 447 ἁμαρτήματι
753 395 966 442 πεποίηκας,
985 394 1147 445 οὐδεμίαν

128 454 301 499 ἀπόδειξιν
328 455 532 508 δεξάμενος,
552 455 642 495 ἀλλὰ
667 456 836 500 πολλάκις
856 456 892 499 ἐξ
916 456 1065 508 ὑποψίας
1089 455 1147 493 καὶ

127 518 291 564 διαὸολῆς
311 520 426 571 ψιλῆς.
445 518 511 556 Διὰ
530 518 597 571 γὰρ
619 522 720 557 τοῦτο
739 518 798 556 καὶ
816 522 834 557 ὁ
854 517 1022 571 μακάριος
1038 517 1148 555 Δαυὶδ

127 578 211 616 ἐὸόα
232 579 363 630 λέγων·
386 579 457 618 Τὸν
479 581 744 619 καταλαλοῦντα
772 580 883 632 λάθρᾳ
909 583 968 617 τοῦ
1000 577 1148 625 πλησίον

127 642 232 678 αὐτοῦ
243 669 253 686 ,
270 644 389 678 τοῦτον
410 640 601 685 ἐξεδίωκον.

183 696 282 745 Εἶδες
303 704 428 754 ἀρετῆς
444 702 666 754 ὑπερὸολήν;
687 703 740 741 Οὐ
760 702 862 753 μόνον
881 703 919 740 οὗ
934 699 1149 753 παρεδέχετο

129 763 230 807 αὐτὸς
243 763 287 801 τὰ
301 763 490 815 λεγόμενα,
511 764 602 802 ἀλλὰ
619 763 677 801 καὶ
697 763 875 809 ἀπήλαυνε
892 761 949 800 τὸν
969 765 1029 799 τοῦ
1050 762 1149 799 ἀδελ-

129 828 192 875 φοῦ
229 826 435 863 καταλαλεῑν
460 824 681 876 βουλόμενον.
697 823 782 862 Ἐὰν
806 823 920 861 τοίνυν
945 822 1151 874 βουλώμεθα

129 885 187 923 καὶ
205 888 306 935 ἡμεῖς
323 886 488 923 ἐλαττοῦν
505 885 548 922 τὰ
563 887 698 928 ἑαυτοῖς
716 883 932 935 ἐπταισμένα
943 912 952 929 ,
965 887 1067 921 τοῦτο
1084 883 1150 934 μά-

127 948 229 983 λιστα
257 946 398 984 πάντων
426 945 699 998 φυλαττώμεθα,
734 945 823 996 μήτε
849 944 1152 997 καταψηφίζεσθαι

127 1009 196 1044 τῶν
221 1008 378 1060 ἀδελφῶν
407 1010 475 1045 τῶν
502 1006 698 1060 ἡμετέρων,
723 1006 812 1058 μήτε
843 1005 921 1049 τοὺς
942 1007 1152 1044 καταλαλεῖν

127 1071 389 1121 ἐπιχειροῦντας
401 1069 624 1121 προσίεσθαι,
640 1070 772 1120 μᾶλλον
791 1068 826 1106 δὲ
840 1068 930 1106 κατὰ
946 1067 1004 1105 τὸν
1016 1067 1153 1121 προφή-

129 1146 191 1178 την
210 1130 430 1179 ἀπελαύνειν,
450 1131 508 1169 καὶ
522 1129 636 1182 πάντῃ
654 1128 946 1182 ἀποστρέφεσθαι.
957 1130 1072 1167 Τοῦτο
1085 1128 1153 1181 γὰρ

129 1186 228 1242 οἶμαι
248 1191 306 1230 καὶ
326 1192 384 1230 τὸν
408 1192 588 1244 προφήτην
606 1193 760 1237 Μωϋσῆν
784 1191 908 1238 δηλοῦν
931 1190 987 1228 διὰ
1011 1193 1070 1228 τοῦ
1096 1190 1154 1228 λέ-

129 1269 216 1304 γειν,
235 1253 355 1300 Ἀκοὴν
369 1254 520 1303 ματαίαν
540 1253 588 1304 μὴ
611 1251 800 1305 παραδέξῃ.
817 1250 885 1289 Διά
906 1266 960 1289 τοι
978 1255 1081 1289 τοῦτο
1094 1251 1152 1290 καὶ

130 1318 187 1352 νῦν
213 1318 231 1353 ὁ
252 1317 321 1352 τῶν
347 1315 437 1352 ὅλων
461 1314 643 1361 Δεσπότης
661 1313 812 1363 τοσαύτῃ
830 1311 1009 1364 παχύτητι
1028 1311 1153 1356 λέξεως

130 1376 304 1428 ἐχρήσατο
328 1376 412 1429 πρὸς
434 1376 604 1429 ὠφέλειαν
628 1379 697 1413 τῶν
724 1373 905 1426 ἡμετέρων
931 1376 1067 1427 ψυχῶν,
1092 1374 1153 1413 καί

130 1452 236 1488 φησι·
258 1437 424 1481 Καταὸὰς
439 1437 581 1489 ὄψομαι.
601 1437 648 1476 Τί
672 1436 760 1488 γάρ,
778 1436 856 1473 Οὐκ
874 1435 1068 1484 ἠπίστατο,
1091 1438 1152 1475 οὐκ

128 1499 204 1550 ᾔδει
222 1497 262 1536 τὸ
286 1497 427 1550 μέγεθος
446 1500 515 1536 τῶν
541 1497 826 1551 ἁμαρτημάτων,
843 1498 906 1536 οὐκ
931 1496 1096 1549 ἐγίνωσκε
1112 1497 1152 1536 τὸ

128 1561 337 1613 ἀδιόρθωτον
352 1564 421 1599 τῶν
436 1560 678 1612 ἐπταισμένων
692 1577 701 1608 ;
714 1560 805 1599 Ἀλλ’
822 1559 942 1613 ὥσπερ
961 1559 1152 1611 ἀπολογίαν

128 1621 205 1659 τινὰ
222 1622 387 1666 συντιθεὶς
403 1627 474 1666 τοῖς
491 1621 580 1673 μετὰ
603 1626 714 1660 ταῦτα
734 1621 972 1674 ἀναισχύντως
993 1621 1152 1672 ἐγκαλεῖν

131 1679 369 1734 βουλομένοις,
384 1683 443 1721 καὶ
459 1683 590 1727 δεικνὺς
607 1685 718 1721 αὐτῶν
738 1683 778 1721 τὸ
793 1683 997 1730 ἀκάθεκτον,
1015 1681 1073 1720 καὶ
1089 1681 1153 1729 τὴν

130 1744 264 1791 πολλὴν
282 1744 408 1782 σπάνιν
420 1747 482 1791 τῆς
500 1747 643 1797 ἀρετῆς,
658 1745 810 1796 τοσαύτῃ
829 1743 1000 1796 κέχρηται
1019 1747 1062 1796 τῇ
1081 1759 1153 1795 μα-

132 1805 315 1857 κροθυμία.
332 1807 364 1844 Τ
367 1806 438 1858 άχα
458 1806 493 1844 δὲ
510 1808 548 1844 οὐ
569 1805 626 1844 διὰ
640 1809 742 1844 τοῦτο
757 1805 872 1857 μόνον,
890 1807 968 1844 ἀλλ’
987 1805 1078 1843 ὥστε
1095 1805 1154 1844 καὶ

133 1869 183 1918 τῷ
219 1866 342 1919 δικαίῳ
372 1867 532 1920 ἀφορμὴν
558 1872 754 1919 παρασχεῖν
778 1866 885 1911 δεῖξαι
917 1870 981 1914 τῆς
1013 1866 1155 1919 γνώμης

134 1930 239 1966 αὐτοῦ
259 1928 298 1966 τὸ
329 1929 508 1979 συμπαθὲς
537 1928 596 1966 καὶ
624 1928 664 1965 τὸ
684 1928 922 1980 φιλόστοργον.
942 1931 988 1967 Οἱ
1015 1927 1077 1979 μὲν
1097 1922 1155 1966 οῦν

135 1990 296 2040 ἄγγελοι,
316 1989 473 2041 καθάπερ
501 1989 606 2042 ἔφθην
630 1988 750 2036 εἰπὼν,
771 1992 927 2036 ἀπῆλθον
948 1992 995 2033 εἰς
1020 1989 1064 2027 τὰ
1083 1989 1157 2028 Σό-

135 2052 225 2101 δομα
240 2068 247 2074 ·
263 2055 281 2089 ὁ
298 2050 333 2090 δὲ
350 2051 571 2104 πατριάρχης
587 2051 744 2097 εἱστήκει
760 2050 912 2090 ἐναντίον
927 2051 1071 2104 Κυρίου.
1086 2052 1157 2090 Καὶ

134 2111 294 2163 ἐγγίσας,
313 2112 429 2164 φησὶν,
452 2111 610 2165 Ἀδραὰμ
638 2105 713 2149 εἶπε
730 2127 737 2135 ·
769 2111 817 2162 μὴ
845 2112 1085 2164 συναπολέσῃς
1111 2112 1159 2151 δί-

135 2188 232 2210 καιον
251 2172 340 2222 μετὰ
354 2173 515 2220 ἀσεὸοῦς,
532 2172 591 2211 καὶ
606 2173 705 2211 ἔσται
720 2175 737 2210 ὁ
754 2172 884 2216 δίκαιος
902 2175 948 2216 ὡς
966 2176 984 2211 ὁ
1003 2173 1157 2220 ἀσεῧής;

134 2234 182 2271 Ὠ
199 2237 261 2280 τῆς
280 2237 340 2271 τοῦ
360 2234 494 2272 δικαίου
513 2233 731 2286 παρρησίας,
753 2235 886 2284 μᾶλλον
905 2234 940 2272 δὲ
954 2264 965 2282 ,
993 2235 1020 2272 ὢ
1040 2237 1156 2287 ψυχῆς

135 2294 334 2345 συμπάθεια
347 2311 354 2318 ·
375 2295 468 2339 ὅπως
486 2298 528 2347 τῇ
554 2297 617 2341 τῆς
636 2294 853 2346 συμπαθείας
878 2295 967 2346 μέθη
992 2294 1160 2348 καρωθεὶς

136 2355 211 2394 οὐδὲ
228 2355 246 2393 ὃ
263 2356 358 2407 λέγει
377 2356 526 2404 συνίησι.
546 2356 615 2395 Καὶ
635 2355 838 2394 δεικνύουσα
863 2359 885 2403 ἡ
914 2356 989 2395 θεία
1008 2356 1131 2410 Γραφὴ
1149 2388 1159 2406 ,

140 2418 193 2456 ὅτι
214 2418 303 2468 μετὰ
329 2419 436 2472 φόὸου
457 2420 586 2458 πολλοῦ
607 2419 667 2457 καὶ
685 2418 815 2472 τρόμου
827 2419 891 2468 τὴν
907 2419 1040 2458 ἱκεσίαν
1055 2426 1164 2459 ποιεῖ-

137 2495 194 2517 ται
210 2507 220 2524 ,
240 2479 362 2532 φησίν·
382 2479 549 2532 Ἐγγίσας
564 2479 724 2533 Ἀδραὰμ
739 2474 815 2519 εἶπε
829 2496 836 2504 ·
856 2479 905 2531 μὴ
922 2481 1161 2535 συναπολέσῃς

138 2540 269 2578 δίκαιον
287 2541 375 2592 μετὰ
395 2541 559 2589 ἀσεὸοῦς;
577 2541 624 2580 Τί
638 2547 767 2589 ποιεῖς,
782 2534 811 2579 ‹T›
828 2542 978 2595 μακάριε
993 2543 1161 2597 πατριάςν

138 2618 206 2654 χα;
225 2604 300 2648 Τῆς
315 2602 412 2654 παρὰ
435 2606 495 2642 σοῦ
516 2604 624 2641 δεῖται
646 2603 900 2656 παρακλήσεως
919 2607 937 2642 ὃ
956 2605 1138 2652 Δεσπότης
1150 2634 1160 2654 ,

137 2663 229 2702 ὥστε
257 2663 306 2714 μὴ
327 2667 428 2702 τοῦτο
446 2667 612 2712 ποιῆσαι;
632 2664 737 2703 Ἀλλὰ
763 2664 810 2714 μὴ
837 2669 938 2704 τοῦτο
957 2666 1139 2719 νοήσωμεν
1153 2683 1161 2691 ·

139 2726 216 2765 οὐδὲ
250 2726 317 2778 γὰρ
345 2729 391 2770 ὡς
419 2730 478 2766 τοῦ
509 2727 688 2766 Δεσπότου
716 2731 817 2766 τοῦτο
841 2734 952 2766 ποιεῖν
977 2729 1163 2779 μέλλοντος

140 2787 252 2839 λέγει,
268 2789 344 2826 ἀλλ’
359 2788 478 2836 ἐπειδὴ
495 2788 531 2833 ἐξ
547 2789 680 2833 εὐθείας
697 2789 752 2828 διὰ
765 2789 823 2828 τὸν
839 2791 1041 2844 ἀδελφιδοῦν
1054 2794 1163 2830 εἰπεῖν

141 2850 204 2886 οὐκ
226 2848 383 2901 ἐθάρρει,
400 2849 516 2897 κοινὴν
544 2850 632 2903 ὑπὲρ
652 2851 816 2890 ἁπάντων
835 2858 986 2891 ποιεῖται
1004 2852 1068 2901 τὴν
1087 2855 1163 2892 ἱκε-

142 2909 233 2955 σίαν,
255 2909 460 2960 βουλόμενος
481 2911 569 2961 μετὰ
588 2915 657 2950 τῶν
679 2913 795 2951 ἄλλων
814 2913 873 2952 καὶ
892 2917 1012 2952 τοῦτον
1032 2915 1164 2953 διασῶ-

143 2986 222 3016 σαι,
243 2970 301 3008 καὶ
318 2970 407 3021 μετὰ
420 2971 541 3010 τούτου
555 2972 614 3010 καὶ
629 2972 706 3017 τοὺς
725 2973 850 3018 ἄλλους
871 2974 1083 3027 ἐξαρπάσαι·
1105 2976 1165 3014 καὶ

143 3032 292 3083 ἄρχεται
311 3035 373 3078 τῆς
390 3033 642 3084 παρακλήσεως
653 3065 663 3083 ,
676 3035 736 3072 καί
749 3051 852 3087 φησιν
865 3052 873 3060 ·
894 3036 979 3075 Ἐὰν
995 3030 1061 3076 ὦσι
1081 3053 1166 3075 πεν-

144 3092 296 3138 τήκοντα
315 3093 442 3132 δίκαιοι
461 3095 496 3132 ἐν
513 3098 557 3147 τῇ
577 3096 678 3133 πόλει
691 3125 701 3143 ,
720 3096 903 3140 ἀπολέσεις
922 3097 1066 3147 αὐτούς,
1087 3100 1165 3137 Οὐκ

145 3154 283 3200 ἀνήσεις
302 3154 441 3194 ἅπαντα
455 3156 512 3194 τὸν
531 3155 636 3194 τόπον
655 3156 770 3195 ἕνεκεν
788 3160 857 3195 τῶν
877 3158 1094 3205 πεντήκοντα
1114 3161 1168 3198 δν.-

147 3214 266 3261 καίων,
283 3215 342 3252 ἐὰν
360 3209 445 3254 ὦσιν
465 3219 500 3254 ἐν
519 3219 606 3268 αὐτῇ
622 3234 631 3265 ;
645 3224 658 3238 ³
675 3219 857 3269 Μηδαμῶς
871 3235 878 3242 ·
899 3221 936 3258 οὗ
955 3220 1112 3268 ποιήσεις
1129 3221 1169 3259 τὸ

150 3278 245 3327 ῥῆμα
262 3280 375 3326 τοῦτο,
389 3281 448 3316 τοῦ
463 3280 668 3317 ἀποκτεῖναι
682 3279 814 3318 δίκαιον
831 3280 919 3330 μετὰ
936 3282 1095 3330 ἀσεὸοῦς,
1112 3283 1169 3320 καὶ

193 3394 204 3405 1·
231 3383 268 3415 Iu
287 3381 398 3416 Bibliis
411 3383 533 3417 Graecis
550 3387 698 3428 μηδαμῶς
717 3389 746 3420 τὺ
763 3394 888 3426 nomn&
906 3391 943 3426 ὡς
958 3393 988 3422 τὸ
1006 3393 1091 3434 ῥῆμα
1111 3397 1178 3422 τοζτ

1082 185 1246 219 GENES.

1176 716 1199 747 B

1184 3401 1211 3418 (¹,

2146 173 2166 184 ,-

1285 186 1442 217 ltOMtL.
1481 188 1596 217 xLu.
2073 176 2166 234 ‘²¹0³

1219 269 1338 318 cione,
1359 278 1393 308 ct
1409 269 1506 308 tenui
1524 270 1746 308 accusatione
1763 270 1984 308 condemnas.
2007 275 2167 323 Quapro-

1220 340 1298 383 pter
1322 331 1448 369 beatus
1463 329 1581 370 David
1603 330 1778 368 clamabat
1799 330 1936 368 diceus:
1954 332 2168 370 Detrahen-
2188 361 2274 390 ΡΜ,-
2306 371 2370 392 ¹04,-

1223 399 1298 429 tem
1311 400 1456 431 secreto
1470 393 1646 444 proximo
1662 405 1744 438 suo,
1770 392 1873 430 hunc
1897 395 2167 444 persequebar,
2187 401 2214 429 5.

1273 698 1310 735 4.
1323 695 1456 736 Vidisti
1468 695 1613 736 virtutis
1621 699 1871 737 eminentiam?
1881 701 1959 738 Non
1974 700 2088 738 solum
2103 714 2170 739 nou

1221 757 1413 809 recipiebat
1427 771 1506 807 quae
1521 756 1743 806 dicebantur,
1755 758 1815 796 sed
1831 769 1863 797 et
1874 761 2039 812 abigebat
2054 762 2172 800 volen-

1221 886 1338 915 nostra
1353 877 1563 916 imminuere
1573 878 1752 928 volumus,
1764 879 1829 917 lioe
1842 881 1999 919 maxime
2011 884 2171 922 omnium
2186 880 2269 907 dum.

1221 951 1416 988 servemus,
1430 953 1493 977 nec
1509 938 1783 977 condemnemus
1806 941 1928 979 fratres
1946 953 2094 994 nostros,
2114 960 2172 983 ne—

1221 1012 1290 1050 que
1303 998 1488 1038 detrahere
1501 1000 1681 1052 cupientes
1696 1000 1944 1039 admittamus:
1961 1003 2030 1041 imo
2045 1020 2172 1044 secun-

1221 1059 1309 1097 dum
1322 1060 1533 1113 prophetam
1547 1061 1746 1113 abigamus,
1760 1071 1793 1099 et
1806 1063 1950 1101 omnino
1960 1080 2173 1105 aversemur.

1223 1120 1299 1158 Hoc
1313 1122 1408 1159 enim
1423 1122 1550 1174 opinor
1559 1131 1592 1161 et
1606 1123 1816 1175 prophetam
1829 1125 1963 1162 Mosem
1979 1125 2172 1177 insinuare,

1223 1196 1306 1220 cum
1320 1182 1431 1221 dicit:
1447 1185 1641 1222 Auditum
1665 1198 1814 1222 vanum
1833 1199 1881 1223 ne
1900 1191 2104 1238 acceperis.
2126 1189 2172 1227 Et
2189 1214 2326 1242 Emmg
2351 1224 2358 1241 ι

1223 1243 1290 1282 hac
1302 1243 1346 1282 de
1359 1259 1464 1283 causa
1477 1245 1583 1283 etiam
1597 1259 1691 1284 nunc
1705 1247 1880 1285 Dominus
1896 1257 1966 1286 tam
1978 1263 2094 1288 crasso
2109 1265 2177 1289 ser-

1222 1319 1327 1343 mone
1336 1320 1420 1344 usus
1433 1315 1484 1344 est
1498 1307 1534 1344 in
1550 1306 1741 1345 utilitatem
1751 1307 1952 1347 animarum
1963 1320 2174 1350 nostrarum.

1223 1365 1320 1402 Dicit
1337 1365 1432 1403 enim
1447 1381 1454 1403 :
1473 1366 1501 1404 C
1505 1380 1568 1403 um
1585 1366 1816 1405 descendero
1846 1376 1989 1416 autem,
2021 1370 2174 1408 videbo.

1224 1427 1296 1466 Cur
1309 1427 1430 1466 enim?
1445 1428 1540 1465 Num
1556 1427 1760 1466 nesciebat?
1776 1428 2007 1480 ignorabatnc
2021 1441 2178 1482 pcccato-

1223 1502 1304 1526 rum
1319 1487 1633 1540 magnitudinem?
1647 1503 1692 1527 an
1716 1490 1892 1529 nesciebat
1918 1491 2035 1544 lapsos
2064 1507 2177 1531 corre-

1223 1549 1375 1588 ctionem
1395 1563 1463 1587 non
1493 1551 1746 1602 suscepturos?
1775 1551 1889 1590 Absit.
1919 1554 2056 1592 Verum
2076 1554 2178 1605 quasi

1227 1609 1502 1648 satisfactionem
1513 1609 1705 1661 quamdam
1716 1611 1816 1649 assert
1832 1611 1874 1649 iis
1888 1613 1947 1662 qui
1957 1613 2102 1664 posthac
2114 1614 2179 1651 im-

1225 1671 1399 1724 pudenter
1412 1685 1578 1709 accusare
1593 1671 1711 1710 volent
1726 1687 1734 1709 z
1757 1682 1790 1711 ct
1813 1673 2042 1712 monstrando
2055 1689 2179 1712 eorum

1225 1732 1462 1786 pervicaciam
1476 1742 1509 1770 et
1524 1732 1668 1771 virtutis
1685 1733 1883 1785 penuriam,
1901 1743 1998 1772 tanta
2025 1749 2110 1773 usus
2126 1745 2178 1773 est

1227 1793 1408 1847 patientia.
1419 1793 1594 1832 Fortassis
1607 1803 1726 1831 autem
1741 1808 1809 1832 non
1822 1795 2038 1847 proptcrlioc
2050 1796 2179 1841 solum,

1227 1854 1290 1893 scd
1305 1864 1338 1893 et
1353 1863 1391 1892 ut
1403 1855 1501 1907 justo
1517 1854 1621 1892 detur
1644 1855 1780 1893 occasio
1802 1854 2004 1894 declarandi
2028 1867 2180 1895 mentem

1228 1930 1329 1954 suam
1340 1914 1591 1954 misericordiae
1606 1915 1758 1968 plenam,
1773 1917 1906 1955 etbene
1929 1917 1962 1955 in
1984 1918 2074 1956 alios
2095 1919 2180 1955 affe-

1229 1987 1335 2017 ctam.
1353 1976 1481 2029 Angeli
1496 1976 1605 2026 enirn,
1626 1985 1664 2014 ut
1678 1976 1772 2026 dixi,
1788 1977 1947 2016 abierant
1964 1978 1998 2016 in
2010 1979 2179 2017 Sodoma:

1230 2038 1524 2092 patriarchavero
1540 2038 1655 2076 stabat
1669 2052 1789 2077 coram
1805 2040 1980 2078 Domino:
1997 2042 2060 2079 95.
2072 2042 2125 2078 Et
2142 2050 2184 2079 ut

1230 2101 1557 2153 appropinquavit
1569 2128 1581 2149 ,
1612 2099 1748 2150 inquit,
1790 2101 1832 2137 A
1836 2102 1997 2139 hraleam
2014 2132 2022 2149 ,
2062 2103 2159 2141 dixit
2173 2119 2181 2138 .-

1231 2163 1274 2201 N
1273 2161 1438 2213 nmquid
1447 2160 1585 2212 perdes
1600 2161 1717 2198 simul
1726 2162 1875 2212 justum
1890 2176 1976 2200 cum
1999 2165 2130 2214 impio¹⁷
2152 2175 2186 2201 cl

1231 2226 1302 2262 erit
1312 2225 1441 2275 justus
1461 2223 1559 2261 sicut
1573 2223 1712 2273 impius
1727 2226 1742 2259 Ρ
1760 2223 1791 2260 O
1803 2223 1893 2274 justi
1912 2223 1982 2262 viri
1997 2224 2186 2263 fiduciam!

1231 2283 1315 2333 imo,
1336 2297 1357 2322 o
1388 2292 1522 2334 quanta
1553 2282 1665 2320 animi
1697 2282 1974 2323 commiseratio!
2008 2285 2187 2336 quomodo

1232 2343 1552 2384 commiserationis
1570 2343 1739 2382 ebrietate
1760 2354 1932 2396 gravatus
1960 2346 2069 2384 nescit
2100 2346 2187 2397 quid

1231 2406 1339 2446 dicat.
1354 2406 1402 2445 Et
1422 2404 1608 2445 ostendens
1623 2404 1746 2444 divina
1759 2406 1956 2459 Scriptura,
1974 2408 2092 2460 ipsum
2112 2423 2185 2446 ma-

1233 2469 1438 2522 gnotimore
1452 2477 1486 2507 et
1500 2477 1652 2506 tremore
1666 2481 1787 2520 preces
1801 2468 1960 2517 sundere,
1971 2470 2020 2506 ait
2036 2485 2043 2506 ε
2060 2471 2097 2508 Π
2096 2479 2107 2508 t
2117 2485 2185 2521 ap-

1231 2532 1506 2584 propinquavit
1522 2529 1745 2576 Abraham,
1755 2530 1855 2567 dixit
1870 2545 1880 2565 .·
1896 2531 2187 2582 Numquidper-

1235 2595 1301 2632 des
1323 2593 1439 2632 simul
1465 2594 1616 2644 justum
1642 2603 1729 2628 cum
1757 2592 1874 2642 impio
1885 2595 1901 2628 ,³
1915 2590 2014 2637 Quid
2037 2591 2145 2640 facis,
2167 2608 2187 2630 o

1233 2655 1336 2694 beate
1350 2651 1580 2706 patriarcha?
1601 2651 1700 2698 Quid
1715 2665 1803 2703 opus
1822 2651 1927 2690 habet
1943 2661 2001 2690 tua
2021 2652 2187 2706 depreca-

1233 2717 1328 2755 tione
1339 2713 1528 2762 Dominus,
1539 2722 1578 2750 ιιι
1586 2711 1703 2750 nclioc
1714 2712 1844 2751 faciat?
1855 2714 1990 2753 Verum
2004 2728 2046 2752 ne
2057 2714 2122 2753 hoc
2135 2729 2189 2754 co-

1235 2778 1398 2831 gitemus:
1412 2789 1481 2813 non
1494 2773 1587 2812 enim
1597 2772 1697 2824 quasi
1708 2773 1860 2811 Domino
1872 2774 1938 2813 hoc
1947 2775 2082 2814 facturo
2090 2776 2190 2827 dicit,

1236 2839 1297 2878 sed
1305 2835 1581 2889 quiamanifeste
1588 2843 1731 2887 propter
1742 2834 1861 2873 fratris
1871 2835 1988 2873 filiurn
1995 2835 2113 2875 dicere
2120 2851 2189 2875 non

1237 2899 1402 2948 audebat,
1423 2909 1627 2935 communes
1641 2909 1706 2948 pro
1722 2895 1888 2935 omnibus
1912 2897 2029 2935 fundit
2051 2913 2188 2951 preceS,

1238 2961 1359 3002 volens
1373 2973 1454 2998 cum
1464 2957 1544 2995 aliis
1555 2966 1588 2995 ct
1598 2956 1692 2994 hunc
1705 2970 1856 3007 servare,
1867 2966 1992 2996 etcum
2004 2958 2071 2998 hoc
2083 2959 2190 2998 etiam

1238 3024 1326 3062 alios
1350 3021 1485 3072 eripere
1502 3035 1509 3055 :
1527 3017 1720 3070 incipitque
1745 3018 1980 3071 patrocinari,
2013 3035 2052 3058 ac
2080 3020 2188 3059 dicit:

1239 3088 1303 3125 94.
1317 3084 1357 3122 Si
1371 3083 1518 3133 suerint
1542 3081 1828 3133 qninquaginta
1842 3083 1938 3132 justi
1958 3084 2000 3119 in
2019 3083 2189 3127 civitate,

1242 3158 1333 3183 num
1345 3141 1478 3195 perdes
1493 3152 1556 3178 eos
1571 3143 1587 3176 Ρ
1602 3140 1691 3177 Non
1706 3153 1839 3189 parces
1854 3143 1923 3178 toti
1943 3142 2026 3179 loco
2039 3151 2192 3194 propes-r

1243 3209 1673 3266 quinquagt'ntajustos,
1689 3209 1723 3245 si
1737 3207 2044 3261 inventisiwrint
2063 3213 2103 3247 ιἰι
2119 3224 2163 3247 ca
2177 3215 2192 3246 .³

1243 3283 1308 3321 25.
1321 3280 1583 3329 Nequaquam
1586 3275 1709 3326 facies
1728 3277 1883 3313 verbum
1896 3276 1978 3318 hoc.
1993 3286 2031 3315 nt
2041 3278 2170 3315 occida
2181 3292 2193 3310 s·

1221 825 1292 855 tem
1305 817 1405 855 fratri
1418 832 1482 856 suo
1498 818 1719 856 maledicere.
1735 819 1849 870 Igitur
1863 821 1891 857 si
1909 831 1941 858 et
1956 836 2017 859 nos
2031 834 2172 875 peecata
2187 796 2374 876 ,ῃΑι-ΙἙΪᾸᾸᾸ-
