2516 3791
278 124 370 179 466
709 138 746 168 s.

277 237 365 261 num
380 235 471 274 opus
487 220 594 259 fuerit
609 220 626 259 ‘x‘
645 221 784 259 Verum
799 218 929 270 ingrati
942 217 996 255 illi
1016 225 1050 254 et
1065 213 1233 252 insensati

276 282 407 332 Judaei,
423 281 590 334 quamvis
605 282 680 334 jam
705 280 866 317 illuxerit
893 277 1041 324 veritas,
1062 275 1180 312 adhuc
1195 273 1232 311 in

277 344 405 382 umbra
424 343 556 392 sedent,
576 352 610 380 et
628 341 792 392 quamvis
809 339 860 376 sol
875 337 1024 389 justitiae
1045 334 1231 379 affulserit,

277 405 341 456 qui
360 404 450 442 lucis
467 418 538 442 suae
557 402 676 440 radios
695 399 852 449 undique
870 396 999 446 emisit,
1020 395 1140 433 adhuc
1169 395 1230 433 lu-

279 465 444 504 cernariae
469 464 539 501 luci
569 470 650 499 sunt
668 458 819 505 addicti;
842 467 875 496 et
893 456 1059 509 quamvis
1077 456 1123 494 sit
1143 465 1232 494 tem-

277 540 345 577 pus
366 534 403 562 ut
424 523 536 562 solido
562 530 752 574 pascantur
780 519 879 568 cibo,
903 519 972 571 ipsi
1002 518 1121 556 adhuc
1141 518 1232 556 lacte

786 137 896 168 JOAN
903 135 972 171 NIS
1007 134 1249 166 CHRYSOST.

1287 131 1478 162 ARCHIEP
1485 150 1496 161 .
1533 130 1878 162 CONSTANTINOP
1886 151 1896 162 0
1932 170 1936 172 v

1296 213 1349 251 Τὸ
1366 212 1403 250 δὲ
1423 218 1569 263 σημεῖον
1588 211 1647 250 ἐπὶ
1663 214 1726 259 τ’ῆς
1744 213 1870 265 σαρκὸς
1892 212 2055 258 δέςασθαι
2067 243 2077 261 ,
2099 219 2198 252 ποῖον
2213 214 2253 252 ἂν
2273 214 2326 262 εἴη

1290 273 1524 325 κατόρθωμα,
1545 272 1638 311 Ἀλλ’
1664 276 1696 312 οἳ
1717 274 1917 325 ἀγνώμονες
1935 275 1996 313 καὶ
2016 274 2222 322 ἀναίσθητοι
2236 275 2305 314 ’lou
2318 299 2327 304 -

1305 334 1394 371 δαῖοι
1406 363 1416 381 ,
1431 335 1495 379 τῆς
1512 334 1677 380 ἀληθείας
1688 334 1853 386 φανείσης
1867 363 1876 381 ,
1893 336 1946 374 ἔτι
1963 338 2006 388 τῇ
2025 343 2108 388 σκιᾷ
2121 336 2330 389 παρακαθή-

1305 409 1420 444 μενοι,
1443 393 1502 431 καὶ
1519 397 1578 432 τοῦ
1593 394 1691 441 ἡλίου
1712 397 1774 441 τῆς
1795 395 2014 441 δικαιοσύνης
2029 396 2234 449 λάμψαντος
2245 426 2255 443 ,
2272 396 2332 434 καὶ

1302 454 1364 498 τὰς
1385 456 1528 498 ἀκτῖνας
1557 458 1618 493 τοῦ
1649 455 1760 508 φωτὸς
1791 460 1970 508 πανταχοῦ
2002 456 2179 509 ἀφιέντος,
2207 457 2258 494 ἔτι
2282 459 2333 508 τῷ

1302 516 1473 569 λυχνιαίῳ
1494 516 1582 569 φωτὶ
1610 516 1900 568 προσηλωμένοι,
1929 517 1987 555 καὶ
2020 517 2109 568 μετὰ
2128 517 2186 556 τὸν
2213 518 2333 570 καιρὸν

279 585 502 631 nutriuntur;
530 596 641 633 neque
672 581 817 618 beatum
842 579 996 618 Paulum
1023 579 1148 618 audire
1166 593 1230 618 vo-
1254 579 1280 609 D
1303 579 1366 623 τῆς
1385 584 1528 629 στερεᾶς
1544 579 1674 630 τροφῆς
1690 582 1704 598 ²¹
1717 576 1767 615 ἔτι
1782 579 1832 629 τῷ
1848 577 1998 628 γάλακτι
2016 578 2239 630 τρεφόμενοι,
2256 578 2334 616 οὐδὲ

79 652 263 690 Βοηι.4.ῐι-
279 646 356 683 lunt
385 644 595 681 clamantem
622 651 655 680 et
676 641 854 679 dicentem
873 640 917 678 de
936 640 1138 693 patriarcha
1155 656 1162 677 :
1179 641 1233 678 Et

277 709 428 757 signum
463 707 609 755 accepit
641 705 956 750 circumcisionis,
990 695 1234 753 signaculum

272 770 437 819 justitia>
447 767 550 819 fidei
568 779 654 816 quae
670 772 727 802 est
746 766 786 801 in
801 766 1000 814 proeputio.
1021 761 1118 802 Vide
1137 776 1231 813 quo-

278 828 385 866 modo
404 836 553 878 utraque
566 840 630 863 nos
644 824 784 874 docuit,
805 833 839 862 et
857 824 976 876 ipsum
993 823 1169 875 accepisse
1187 823 1234 861 si-

278 890 338 940 gni
354 889 432 927 loco
451 888 735 935 circumsionem,
752 894 784 924 et
802 900 883 926 ,cum
898 884 1132 937 praeputiatus
1147 893 1232 934 erat,

274 950 452 1002 justitiam
468 964 545 1002 quae
559 958 610 988 cst
629 963 673 987 cx
692 948 762 986 fide
774 947 978 985 ostendisse.
1000 947 1092 984 Nam
1108 960 1152 983 ne
1166 945 1233 983 im-

279 1011 453 1063 pudenter
487 1010 633 1050 Judaeus
659 1008 779 1046 dicat:
799 1009 924 1045 Nonne
958 1006 1181 1044 circumcisio
1202 1005 1234 1044 ei

277 1073 456 1125 justitiam
469 1071 694 1110 conciliavit?
708 1069 839 1108 idcirco
853 1069 979 1107 beatus
992 1067 1053 1105 ille
1070 1068 1115 1105 ad
1129 1066 1234 1120 pedes

83 1139 152 1167 Aci.
168 1146 216 1166 22-
235 1138 265 1167 3·
284 1133 494 1172 Gamalielis
513 1132 688 1181 eruditus,
709 1140 744 1169 et
768 1131 804 1168 in
820 1130 896 1181 lege
920 1128 1081 1181 apprime
1094 1128 1236 1166 institu-

282 1204 340 1233 tus
354 1225 363 1243 ,
386 1194 499 1245 inquit
516 1210 522 1230 :
538 1194 590 1231 Ne
605 1192 748 1245 putetis,
770 1191 993 1243 impudentes
1014 1189 1150 1238 Judaei,
1167 1188 1237 1227 cir-

284 1256 537 1294 cumcisionem
555 1255 621 1308 ipsi
633 1252 770 1305 aliquid
780 1252 1014 1304 adjustitiam
1029 1250 1236 1289 contulisse:

283 1328 366 1351 nam
394 1327 477 1351 cum
504 1313 568 1351 illo
592 1322 748 1365 tempore
768 1310 935 1363 praeputii
964 1309 1075 1347 fidem
1100 1324 1174 1362 pree
1204 1323 1239 1347 se

86 1377 174 1405 Rom.
193 1376 223 1413 4·
238 1375 269 1405 3·
285 1372 402 1421 ferret,
414 1371 576 1410 audivit:
592 1372 763 1411 Credidit
780 1379 907 1408 autem
920 1369 1126 1407 Abraham
1143 1370 1239 1417 Deo,

286 1442 323 1471 et
343 1442 559 1485 reputatum
578 1443 632 1471 est
652 1436 685 1470 ei
712 1435 751 1469 in
769 1434 977 1484 justitiam.
1010 1431 1102 1468 Cum
1131 1429 1240 1480 igitur

285 1503 373 1532 essct
382 1495 459 1546 jam
473 1495 593 1545 justus
607 1493 653 1531 ob
670 1507 770 1531 suam
783 1492 819 1529 in
834 1493 950 1529 Deum
966 1490 1090 1538 fidem,
1104 1499 1189 1527 tunc
1203 1489 1240 1526 in

285 1557 428 1608 signum
448 1555 754 1594 circumcisionem
772 1553 907 1605 accepit
921 1569 928 1589 :
942 1562 976 1591 et
989 1552 1147 1604 primum
1160 1551 1240 1602 qui-

286 1617 368 1654 dem
396 1615 530 1654 nomini
556 1616 632 1667 ejus
662 1615 764 1652 litera
789 1613 948 1661 additur,
975 1611 1104 1650 deinde
1122 1621 1241 1650 autem

287 1677 510 1715 circumcisio
537 1677 732 1728 imperatur
748 1691 755 1711 :
771 1689 841 1726 quo
860 1673 1012 1712 ostendit
1026 1675 1124 1711 Deus
1143 1687 1180 1711 se
1196 1673 1242 1710 ob

287 1738 438 1776 multam
458 1738 629 1776 virtutem
642 1737 783 1789 justum
801 1734 1026 1788 peculiariter
1041 1733 1241 1787 adoptasse,

287 1810 320 1839 ct
338 1809 482 1852 propter
512 1798 619 1836 illum
647 1798 753 1836 etiam
779 1811 837 1835 eos
866 1796 928 1848 qui
949 1810 994 1834 ex
1012 1810 1052 1834 eo
1072 1795 1244 1833 nascituri

1305 642 1367 676 τοῦ
1389 637 1560 691 μακαρίου
1580 639 1726 676 Παύλου
1746 637 1883 676 ἀκούειν
1901 638 2086 690 ἀνέχονται
2108 641 2256 690 βοῶντος
2275 639 2334 677 καὶ

1305 698 1466 750 λέγοντος
1492 698 1573 751 περὶ
1599 703 1658 736 τοῦ
1689 698 1929 751 πατριάρχου·
1959 699 2030 737 Καὶ
2057 706 2202 750 σημεῖον
2229 699 2334 738 ἔλαὸε

1306 759 1516 812 περιτομὴν,
1552 761 1729 812 σφραγῖδα
1763 762 1826 806 τῆς
1847 759 2068 806 δικαιοσύνης
2101 763 2162 806 τῆς
2186 761 2336 803 πίστεως

1304 824 1367 868 τῆς
1384 823 1419 859 ἐν
1436 821 1665 874 ἀκροὸυστίᾳ.
1676 821 1774 873 (Ὀρα
1787 824 1861 865 πῶς
1881 822 2063 874 ἀμφότερα
2079 825 2172 873 ἡμᾶς
2188 825 2335 861 ἐνταῦθα

1305 882 1437 928 ἐδίδαξε
1450 911 1460 929 ,
1477 884 1536 921 καὶ
1551 883 1605 921 ὅτι
1631 883 1778 935 σημείου
1797 884 1900 936 χάριν
1921 884 1984 931 τὴν
2000 885 2195 936 περιτομὴν
2217 884 2336 930 ἐδέξα-

1304 960 1364 991 το,
1384 943 1443 982 καὶ
1471 944 1524 982 ὅτι
1553 944 1659 991 ἡνίκα
1693 945 1906 998 ἀκρόὸυστος
1934 940 1989 992 ἦν,
2021 945 2084 992 τὴν
2115 944 2336 992 δικαιοσύνην

1307 1005 1372 1052 τὴν
1393 1007 1433 1044 ἐκ
1460 1009 1522 1052 τῆς
1541 1005 1694 1061 πίστεως
1725 1006 1936 1050 ἐπεδείξατο.
1952 1005 2030 1045 Ἵνα
2057 1007 2124 1058 γὰρ
2155 1006 2204 1057 μὴ
2237 1010 2338 1045 ἀναι-

1308 1069 1440 1118 σχυντῇ
1458 1069 1475 1105 6
1492 1066 1658 1109 Ἰουδαῖος
1674 1067 1733 1104 καὶ
1751 1067 1837 1118 λε’γῃ
1850 1096 1859 1113 ,
1877 1068 1929 1105 ὅτι
1946 1068 2024 1119 οὐχὶ
2040 1071 2061 1113 ἡ
2078 1067 2252 1120 περιτομὴ
2274 1067 2336 1115 τὴν

1309 1127 1531 1174 δικαιοσύνην
1561 1129 1657 1180 αὐτῷ
1677 1127 1913 1179 προεξένησε;
1933 1127 1990 1165 διὰ
2008 1131 2111 1166 τοῦτο
2131 1132 2148 1166 6
2169 1128 2340 1180 μακάριος

1309 1184 1406 1232 οἶτος
1425 1191 1442 1226 6
1459 1188 1555 1241 παρὰ
1585 1188 1664 1232 τοὺς
1692 1189 1800 1232 πόδας
1828 1188 2017 1240 Γαμαλιὴλ
2045 1189 2292 1240 μαθητευθεὶς,
2323 1192 2340 1227 6

1310 1249 1402 1288 κατὰ
1424 1249 1605 1301 ἀκρίὸειαν
1625 1249 1683 1288 τὸν
1701 1250 1805 1300 νόμον
1824 1249 2019 1293 παιδευθείς
2044 1265 2129 1303 φησι
2143 1265 2150 1273 ·
2171 1250 2220 1301 μὴ
2239 1250 2341 1301 νομί-

1312 1326 1419 1358 σητε,
1435 1303 1464 1348 ῶ
1483 1310 1707 1363 ἀναίσχυντοι
1727 1310 1909 1357 Ἰουδαῖοι,
1933 1310 2024 1357 ὅτι-ἡ
2045 1311 2220 1363 περιτομή
2240 1328 2275 1349 τι
2296 1313 2343 1355 εἷς

1313 1372 1534 1419 δικαιοσύνην
1560 1375 1655 1425 αὐτῷ
1685 1371 1887 1412 συνετέλεσε
1904 1389 1911 1396 ·
1933 1373 1991 1410 καὶ
2011 1373 2077 1424 γὰρ
2107 1375 2142 1410 ἔν
2162 1375 2213 1425 τῷ
2231 1375 2344 1426 καιρῷ

1311 1437 1373 1480 τ’ἥς
1393 1434 1625 1486 ἀκροὸυστίας
1653 1433 1717 1480 τὴν
1737 1434 1856 1472 πίστιν
1876 1434 2154 1485 ἐπιδειξάμενος,
2171 1435 2318 1481 ἤκουσεν
2333 1450 2342 1458 ·

1313 1494 1523 1534 Ἔπίστευσε
1543 1495 1578 1532 δὲ
1606 1494 1766 1547 Ἀδραὰμ
1787 1497 1837 1547 τῷ
1857 1497 1961 1548 Θεῷ,
1986 1496 2045 1533 καὶ
2064 1496 2227 1547 ἐλογίσθη
2249 1497 2344 1548 αὐτῷ

1313 1558 1360 1599 εἷς
1388 1555 1625 1603 δικαιοσύνην.
1646 1555 1836 1607 Γενόμενος
1865 1551 1922 1594 οὖν
1942 1558 1977 1594 ἐν
1997 1560 2040 1608 τῇ
2063 1556 2266 1608 δικαιοσύνῃ
2288 1556 2346 1594 διὰ

1313 1616 1375 1664 τὴν
1396 1619 1443 1660 εἷς
1463 1617 1520 1655 τὸν
1534 1617 1625 1656 Θεὸν
1642 1617 1773 1664 πίστιν,
1794 1616 1873 1654 τότε
1900 1617 2042 1669 δέχεται
2070 1617 2216 1669 σημείου
2241 1618 2346 1670 χάριν

1313 1676 1380 1724 τὴν
1400 1676 1622 1729 1’περιτομήν
1637 1693 1645 1700 ·
1665 1677 1725 1715 καὶ
1746 1679 1885 1728 πρῶτον
1915 1678 1975 1715 καὶ
1995 1680 2046 1730 τῷ
2071 1678 2216 1729 ὀνόματι
2242 1678 2346 1715 αὐτοῦ

1319 1738 1359 1776 τὸ
1386 1745 1560 1791 στοιχεῖον
1580 1738 1778 1786 ἐπιτίθησι,
1803 1738 1863 1777 καὶ
1885 1739 1975 1790 μετὰ
1994 1743 2107 1777 ταῦτα
2126 1739 2190 1786 τὴν
2209 1753 2348 1791 περιτο-

1318 1799 1388 1851 μὴν
1408 1800 1613 1849 ἐπιτάττει,
1634 1799 1692 1838 ἵνα
1712 1799 1806 1853 δείξῃ
1832 1800 1884 1839 ὅτι
1913 1801 1970 1839 διὰ
1986 1801 2050 1848 τὴν
2069 1801 2203 1848 πολλὴν
2224 1800 2350 1852 ἀρετὴν

287 1871 397 1901 crant.
415 1861 463 1899 Et
477 1858 782 1912 quemadmodum
798 1872 880 1896 cum
895 1857 976 1909 quis
992 1871 1136 1896 servum
1152 1871 1244 1895 C0m-
1257 1891 1304 1917 403
1316 1861 1438 1899 λοιπὸν
1467 1861 1526 1899 τὸν
1546 1861 1679 1900 δίκαιον
1710 1861 1933 1914 ᾠκειώσατο,
1969 1862 2028 1901 καὶ
2060 1863 2102 1900 δι’
2134 1865 2264 1900 ἐκεῖνον
2293 1862 2352 1900 καὶ

287 1922 478 1976 paraverit,
494 1935 622 1959 nomen
635 1921 712 1973 ejus
726 1928 759 1957 et
777 1919 944 1957 habitum
959 1933 1050 1971 saepe
1065 1918 1245 1969 immutat,
1268 1928 1295 1957 A
1318 1922 1394 1967 τοὺς
1427 1923 1462 1968 ἐξ
1491 1924 1597 1962 αὐτοῦ
1620 1923 1818 1975 ἐσομένους.
1849 1924 1921 1962 Καὶ
1940 1923 2098 1976 καθάπερ
2132 1939 2184 1967 τις
2213 1923 2352 1970 οἰκέτην

288 1984 475 2035 omniaque
488 1982 584 2031 facit,
601 1990 641 2019 ut
655 1981 786 2018 sciatur
803 1980 916 2032 ipsius
936 1994 1025 2031 esse,
1042 1994 1084 2017 ac
1103 1979 1171 2018 sub
1186 1993 1246 2016 cu-

286 2045 346 2095 jus
364 2044 407 2081 sit
437 2043 621 2081 dominatu
651 2056 725 2094 prae
745 2056 780 2079 se
800 2041 890 2078 ferat
916 2057 924 2077 :
949 2041 998 2079 ita
1028 2041 1199 2079 nimirum
1214 2050 1249 2079 et

290 2105 451 2144 omnium
470 2103 664 2151 Dominus,
697 2102 799 2154 quasi
831 2102 977 2154 posthac
1008 2115 1171 2155 separare
1190 2116 1248 2140 eos

290 2167 415 2204 volens
434 2166 479 2203 ab
499 2165 581 2202 aliis
600 2164 818 2212 hominibus,
835 2163 971 2214 adjecta
984 2162 1129 2213 quidem
1145 2163 1249 2201 litera

291 2226 488 2266 declaravit
515 2226 618 2263 illum
649 2225 844 2262 multorum
862 2224 1079 2276 populorum
1097 2222 1170 2262 fore
1188 2238 1249 2275 pa-

293 2299 383 2327 trem
390 2305 400 2339 3
417 2286 685 2326 circumcisione
700 2295 819 2323 autem
837 2286 913 2338 ejus
928 2284 1103 2337 populum
1120 2284 1248 2322 distin-

295 2360 393 2389 ctum
419 2350 506 2398 fore,
534 2358 567 2386 ct
589 2362 705 2386 semen
725 2362 770 2385 ex
792 2361 832 2384 eo
851 2346 1071 2384 nasciturum
1102 2345 1148 2383 al)
1168 2346 1249 2384 aliis

295 2411 458 2463 gentibus
474 2419 741 2460 sequestratum.
760 2407 868 2454 Quod
881 2407 911 2446 si
928 2416 961 2445 ct
981 2406 1035 2444 illi
1053 2406 1099 2444 ob
1112 2407 1250 2445 caecita-

294 2482 365 2511 tem
385 2486 486 2510 suam
504 2470 623 2508 adhuc
651 2483 788 2508 servare
819 2468 944 2508 volunt
962 2468 1077 2506 carnis
1096 2467 1250 2505 circum-

297 2533 476 2581 cisionem,
496 2546 566 2570 non
593 2529 776 2569 audientes
805 2529 935 2567 iterum
955 2529 1106 2566 Paulum
1124 2528 1250 2566 dicen—

101 2608 283 2637 C11s11!.5.2.
298 2605 369 2633 tem
384 2611 391 2631 ι
407 2595 449 2632 Si
462 2593 798 2638 circumcidimini,
820 2591 994 2629 Christus
1020 2590 1120 2628 nihil
1140 2592 1251 2628 vobis

297 2658 466 2707 proderit
486 2659 594 2703 (nam
613 2662 756 2707 propter
777 2653 852 2690 haec
883 2651 1028 2690 advenit
1055 2650 1252 2700 Dominus,

299 2728 338 2756 ut
357 2718 474 2756 omnia
495 2717 555 2754 illa
576 2716 732 2763 tolleret,
754 2724 861 2766 atque
893 2713 972 2751 ideo
1000 2722 1109 2750 totam
1139 2711 1254 2763 legem

299 2779 478 2831 implevit,
496 2787 534 2815 ut
558 2777 646 2828 legis
664 2776 864 2814 observatio
885 2775 992 2812 finem
1011 2774 1156 2812 haberet
1175 2789 1182 2810 ε
1200 2773 1254 2810 id-

102 2854 183 2881 Ihil.
203 2864 230 2880 v.
253 2854 283 2890 4.
299 2839 542 2879 ‹·i1·‹·0dic‹·l›;1t
556 2839 678 2876 beatus
695 2838 827 2875 Paulus
842 2853 849 2873 :
869 2837 1106 2888 Quicumque
1119 2837 1161 2873 in
1173 2835 1255 2887 lege

296 2903 584 2953 justificamini,
623 2913 647 2936 a
681 2902 810 2949 gralia
847 2898 1073 2945 accidistis)
1095 2912 1105 2932 .-
1130 2910 1256 2935 verum

302 2976 364 2999 nos
387 2974 571 3012 parcamus
596 2959 697 2995 beato
727 2958 835 3005 huic,
867 2967 900 2995 ct
931 2971 999 2995 non
1018 2956 1257 2994 manufactam

108 3038 222 3066 :folum
238 3047 268 3066 2,
304 3021 607 3059 circumcisionem
622 3019 868 3070 suscipiamus.
886 3018 982 3056 Dicit
995 3018 1102 3067 enim,
1115 3019 1164 3056 In
1181 3032 1256 3070 quo

109 3087 155 3107 ¹¹·
305 3085 519 3121 circumcisi
551 3083 638 3118 eslis
669 3082 956 3118 circumcisione
976 3093 1054 3116 non
1075 3079 1257 3131 manufa-

305 3153 382 3191 cta,
402 3149 441 3181 in
468 3143 746 3193 despoliacione
773 3151 1015 3193 peccalorum
1046 3143 1188 3189 carnis,
1211 3144 1255 3178 ιή

1318 1984 1556 2035 κτησάμενος,
1573 1984 1744 2028 πολλάκις
1759 1984 1819 2023 καὶ
1837 1984 1877 2022 τὸ
1893 1985 2003 2036 ὄνομα
2020 1987 2125 2023 αὐτοῦ
2147 1986 2354 2036 μετατίθησι

1319 2045 1379 2083 καὶ
1396 2045 1436 2083 τὸ
1450 2048 1574 2098 σχῆμα
1584 2076 1594 2094 ,
1610 2045 1670 2084 καὶ
1689 2046 1804 2084 πάντα
1819 2052 1913 2084 ποιεῖ
1931 2045 2022 2085 ὥστε
2038 2045 2236 2094 κατάδηλον
2250 2045 2353 2084 αὐτὸν

1318 2109 1482 2153 ποιῆσαι,
1502 2106 1558 2144 ἵνα
1591 2106 1649 2144 διὰ
1667 2106 1809 2144 πάντων
1844 2106 2001 2159 κηρύττῃ
2032 2106 2096 2153 τὴν
2118 2106 2326 2145 δεσποτείαν
2345 2122 2352 2130 ·

1319 2167 1409 2205 οὕτω
1434 2166 1475 2214 δὴ
1496 2166 1555 2205 καὶ
1575 2170 1592 2204 6
1611 2169 1679 2205 τῶν
1696 2166 1785 2205 ὅλων
1806 2168 1914 2215 Θεὸς,
1936 2166 2056 2219 ὥσπερ
2076 2168 2179 2206 αὐτὸν
2198 2167 2353 2220 χωρίσαι

1319 2228 1440 2267 λοιπὸν
1461 2230 1529 2266 τῶν
1542 2228 1657 2266 ἄλλων
1675 2228 1865 2280 ἀνθρώπιον
1887 2228 2117 2280 βουλόμενος,
2138 2228 2196 2267 διὰ
2212 2229 2275 2280 μὲν
2291 2231 2354 2275 τῆς

1319 2289 1522 2342 προσθήκης
1551 2292 1611 2327 τοῦ
1645 2288 1820 2341 στοιχείου
1852 2288 1904 2327 ὅτι
1928 2291 2068 2328 πολλῶν
2099 2291 2205 2328 ἐθνῶν
2234 2288 2354 2342 πατὴρ

1321 2350 1418 2389 ἔσται
1448 2349 1602 2401 ἐμήνυσε
1616 2366 1623 2374 ·
1646 2350 1702 2388 διὰ
1722 2350 1759 2389 δὲ
1787 2353 1851 2397 τῆς
1877 2354 2090 2404 περιτομῆς,
2109 2351 2161 2389 ὅτι
2183 2351 2355 2403 ἐξαίρετος

1322 2412 1420 2451 ἔσται
1440 2414 1545 2451 αὐτοῦ
1566 2412 1669 2459 λαὸς,
1697 2412 1756 2450 καὶ
1776 2415 1844 2451 τῶν
1861 2414 1993 2451 λοιπῶν
2010 2415 2116 2451 ἐθνῶν
2136 2413 2355 2466 κεχωρισμέ-

1323 2490 1379 2512 νον
1410 2473 1451 2518 ἐξ
1471 2475 1577 2512 αὐτοῦ
1603 2473 1729 2524 με’λλον
1749 2474 1930 2513 τίκτεσθαι
1956 2474 2111 2527 σπέρμα.
2134 2475 2225 2513 Ἀλλ’
2247 2477 2276 2513 εἷ
2295 2475 2355 2513 καὶ

1324 2537 1448 2573 ἐκεῖνοι
1474 2534 1530 2573 διὰ
1555 2534 1619 2582 τὴν
1647 2535 1776 2573 οἰκείαν
1803 2535 1968 2587 πώρωσιν
2001 2535 2053 2573 ἔτι
2078 2536 2142 2582 τὴν
2162 2537 2357 2588 περιτομὴν

1324 2600 1386 2643 τῆς
1401 2595 1528 2648 σαρκὸς
1548 2596 1733 2648 φυλάττειν
1755 2597 1960 2648 βούλονται,
1978 2598 2041 2634 οὐκ
2060 2596 2242 2639 ἀκούοντες
2257 2596 2356 2635 Παύ-

1324 2658 1385 2694 λου
1405 2657 1583 2708 λέγοντος·
1604 2656 1691 2695 Ἐὰν
1707 2657 1775 2709 γὰρ
1795 2657 2052 2708 περιτέμνησθε
2066 2687 2075 2702 ,
2101 2658 2251 2710 Χριστὸς
2266 2661 2357 2709 ὑμᾶς

1325 2718 1423 2756 οὐδὲν
1443 2717 1620 2769 ὠφελήσει
1640 2718 1718 2766 (διὰ
1737 2718 1804 2769 γὰρ
1825 2721 1927 2756 τοῦτο
1948 2719 2161 2770 παρεγένετο
2179 2722 2197 2757 ὁ
2221 2719 2356 2758 Δεσπό-

1327 2795 1409 2825 της,
1437 2778 1493 2816 ῗνα
1524 2782 1635 2816 ταῦτα
1654 2779 1770 2817 πάντα
1797 2778 1925 2831 ἀνέλῃ,
1954 2780 2014 2818 καὶ
2037 2780 2095 2818 διὰ
2114 2783 2217 2818 τοῦτο
2242 2780 2357 2818 πάντα

1327 2840 1384 2878 τὸν
1405 2839 1507 2890 νόμον
1538 2840 1756 2892 ἐπλήρωσεν,
1781 2840 1837 2878 ἵνα
1866 2840 1979 2893 στήσῃ
2002 2841 2123 2880 λοιπὸν
2158 2845 2218 2879 τοῦ
2250 2841 2357 2892 νόμου

1327 2902 1390 2950 τὴν
1405 2901 1652 2955 παρατήρησιν
1667 2919 1673 2926 ·
1693 2904 1748 2941 διὰ
1767 2906 1869 2940 τοῦτο
1887 2903 1970 2941 ἐβόα
1982 2906 1999 2941 6
2013 2903 2183 2954 μακάριος
2198 2904 2356 2950 Παῦλος,

1329 2963 1379 3002 Οἵ
1392 2979 1482 3006 τινες
1497 2965 1532 3001 ἐν
1548 2962 1643 3015 νόμῳ
1661 2964 1858 3002 δικαιοῦσθε
1871 2993 1880 3010 ,
1898 2966 1960 3009 τῆς
1980 2965 2123 3016 χάριτος
2140 2963 2358 3012 ἐξεπέσατε),

1330 3027 1406 3063 ἀλλ’
1428 3029 1530 3075 ἡμεῖς
1555 3025 1756 3076 πειθώμεθα
1782 3026 1831 3077 τῷ
1858 3025 2020 3076 μακαρίῳ
2039 3025 2196 3077 Παύλῳ,
2217 3024 2276 3062 καὶ
2296 3024 2359 3071 τὴν

1330 3085 1597 3138 ἀχειροποίητον
1617 3085 1810 3137 περιτομὴν
1830 3085 2117 3137 καταδεχιῖιμεθα.
2140 3085 2203 3123 Ἔν
2220 3079 2248 3138 ᾧ
2265 3085 2332 3136 γὰρ
2347 3115 2356 3129 ,

1330 3148 1434 3200 φησὶ,
1466 3147 1724 3199 περιετμήθητε
1758 3150 1930 3199 περιτομῇ
1956 3147 2240 3199 ἀχειροποιήτῳ,
2261 3148 2296 3184 ἐν
2317 3149 2359 3198 τῇ

305 3210 590 3247 circumcisione
619 3208 772 3245 (luisti.
792 3206 927 3245 Deinde
944 3205 1074 3245 docens
1094 3221 1155 3245 nos
1169 3206 1252 3245 dili·
1283 3215 1308 3246 C
1332 3207 1522 3247 ἀπεκδύσει
1541 3210 1609 3245 τῶν
1626 3208 1808 3259 ἁμαρτιῶν
1828 3211 1889 3254 τῆς
1905 3208 2032 3259 σαρκὸς
2045 3238 2053 3252 ,
2075 3210 2108 3246 ἐν
2126 3211 2168 3254 τῆ
2186 3209 2359 3260 περιτομῇ

356 3339 359 3348 ·
387 3322 675 3365 5.ιιὶ1.(·ιτμιὶι1.ἰιη
697 3324 758 3354 515<
790 3332 837 3356 τοὶ
848 3328 1003 3363 mmmm.

1389 3325 1402 3346 ¹*
1429 3322 1570 3355 Sunii-1
1594 3333 1646 3354 5ολ
1663 3324 1739 3355 ἎῙΞΞ.
1762 3329 1926 3364 πῑιτιτσμῂυ
1945 3328 1989 3355 ssi
2015 3327 2089 3365 6310]
2108 3328 2154 3356 mi
2175 3331 2223 3356 ffb.
