2516 3791
676 193 718 224 ΙΝ
756 195 858 225 ow.
898 194 1020 224 xxvi.
1061 193 1218 222 maxi-25.
1262 193 1420 222 nomi„
1462 194 1535 223 Lu.
2102 182 2193 244 531)

142 283 272 320 ἐκεῖθεν
297 280 351 317 ἐπὶ
372 279 411 316 τὸ
432 278 540 330 φρέαρ
570 281 627 316 τοῦ
648 277 769 330 ὅρκου,
791 279 888 329 ὤφθη
917 280 1013 329 αὐτῷ
1045 276 1169 328 Κύριος
1245 284 1346 327 ptum
1366 275 1499 314 habens
1521 292 1528 312 :
1550 285 1738 329 postquam
1770 279 1831 313 25.
1866 278 2055 316 Ascendit
2084 282 2195 317 illinc

142 345 176 380 ἐν
195 343 240 392 τῇ
256 340 353 378 νυκτὶ
366 339 495 390 ἐκείνῃ,
510 338 569 376 καὶ
584 333 658 376 εἶπε
673 355 679 362 ·
696 339 765 390 ἐγώ
782 342 853 389 εἰμι
870 342 887 376 ὁ
902 339 991 381 Θεὸς
1010 337 1170 389 Ἀδραὰμ
1244 338 1298 374 ad
1315 346 1473 389 puteum
1483 340 1712 390 juramenti,
1730 338 1795 376 94.
1813 341 1922 375 visus
1940 347 1993 376 est
2008 342 2043 375 ei
2060 341 2194 377 Domi-

141 405 201 439 τοῦ
230 400 360 453 πατρός
399 415 481 438 σου·
512 399 560 450 μὴ
593 399 719 451 φοὸοῦ·
754 400 843 451 μετὰ
874 403 934 437 σοῦ
965 399 1032 450 γάρ
1066 401 1139 448 εἶμι
1157 427 1166 443 ,
1245 412 1315 436 nus
1337 402 1378 437 in
1401 402 1510 436 noc‘te
1530 400 1616 444 illa,
1649 407 1685 436 et
1710 399 1833 437 daz-it:
1866 400 1950 451 Ego
1979 414 2064 437 sum
2090 402 2195 438 Dens

141 463 200 500 καὶ
235 461 415 513 εὐλογήσω
446 477 505 506 σε,
529 461 588 499 καὶ
607 462 772 507 πληθυνῶ
802 461 842 499 τὸ
869 460 1008 512 σπέρμα
1029 475 1090 498 σου
1111 459 1168 498 διὰ
1243 460 1449 498 Abraham
1465 463 1588 512 putris
1606 464 1675 506 tui,
1696 475 1742 498 ne
1759 463 1895 498 timeas
1918 476 1928 496 :
1947 470 2071 499 tecum
2094 465 2195 498 enim

141 523 300 575 Ἀδραὰμ
328 522 385 560 τὸν
412 522 549 574 πατέρα
580 537 655 560 σου.
688 521 804 574 Ὠφθη
839 523 953 573 αὐτῷ,
981 521 1107 573 φησὶν,
1131 522 1167 558 ἐν
1241 534 1340 567 snm,
1357 531 1391 559 et
1409 523 1634 559 benedicam
1651 531 1700 567 te,
1721 531 1757 560 et
1781 523 2048 574 multiplicabo
2067 537 2196 560 semen.

138 587 181 635 τῇ
210 583 307 621 νυκτὶ
333 582 461 635 ἐκείνῃ.
486 583 620 621 Σκόπει
639 584 732 621 Θεοῦ
762 581 984 633 κηδεμονίαν.
1004 582 1080 619 Ἵνα
1099 581 1167 633 γὰρ
1243 591 1351 619 tuum
1368 591 1524 634 propter
1552 583 1759 620 Abraham
1789 592 1941 635 patrem
1971 593 2090 622 luunt.
2127 586 2148 621 l
2155 586 2192 621 '1'-

138 644 242 683 αὐτὸν
263 645 524 692 ἀνακτήσηται,
544 644 603 682 καὶ
631 647 768 696 θαρῥεῖν
788 643 1057 695 παρασκευάσῃ,
1089 644 1165 680 ἐπι·
1240 657 1304 680 sus
1321 652 1374 680 est
1396 646 1443 686 ei,
1466 643 1595 694 inquit,
1618 647 1658 680 in
1676 654 1785 682 noc-te
1805 646 1890 682 illa.
1913 646 2106 682 Considera
2131 645 2193 682 Dei

138 705 296 759 <petiverat
313 707 420 758 αὐτῷ,
443 704 503 743 καί
522 720 627 758 φησιν
640 720 648 728 ·
665 704 761 755 Ἐγώ
781 706 854 754 εἰμι
870 706 887 741 ὃ
904 704 993 746 Θεὸς
1007 702 1166 755 Ἀῧραὰμ
1239 704 1517 742 sollicitudinem
1535 720 1541 740 :
1564 714 1601 742 nt
1618 705 1903 744 illum'resoeillet
1915 721 1955 743 ae.
1973 706 2194 745 fidentiorem

138 771 196 806 τοῦ
218 767 348 820 πατρός
368 784 451 814 σου,
471 771 488 805 ὃ
512 767 570 804 τὸν
591 765 727 817 πατέρα
754 766 811 804 τὸν
837 765 896 804 σὸν
924 764 1080 808 ἐπίδοξον
1099 780 1165 802 πε-
1239 764 1379 813 reddat,
1412 775 1562 817 apparet
1589 766 1634 815 ei,
1665 775 1697 803 et
1729 766 1816 804 dicit
1836 783 1842 802 :
1866 770 1949 817 Ego
1974 783 2057 806 sum
2091 770 2194 806 Deus

138 828 307 875 ποιηκὼς,
344 829 401 866 καὶ
430 830 465 866 ἐν
500 827 653 878 τοσαύτῃ
684 826 891 879 περιφανείᾳ
921 826 1165 874 καταστήσας,
1240 826 1447 863 Abraham
1485 830 1611 877 patris
1641 829 1710 869 tui,
1744 836 1879 878 patrem
1918 838 2017 866 tunm
2051 829 2192 880 glorifi-
2349 850 2365 860 a

136 891 195 928 καὶ
213 890 304 934 ξένον
328 890 433 928 Ι’ὄντα
451 887 743 942 περιφανέστερον
766 890 835 925 τῶν
857 887 1036 939 ἐγχωρίων
1058 889 1165 939 ἅπερ·
1192 900 1214 930 Ε
1239 887 1316 925 cavi
1339 896 1372 925 et
1387 887 1478 925 adeo
1498 887 1673 924 celebrem
1707 886 1863 936 reddidi,
1896 903 1937 925 ac
1967 891 2192 941 peregrinum

135 951 342 1002 γασάμενος.
366 951 462 1003 Ἐγώ
484 953 558 1001 εἰμι
582 952 709 993 ἐκεῖνος
725 953 743 988 ὁ
763 951 891 988 ἐκεῖνον
919 948 1028 992 οὕτως
1063 948 1167 995 αὐξη-
1237 948 1485 1000 ῑιὼόῃεηιιῳιρ
1506 949 1736 986 illustriorem
1763 949 1930 987 omnibus
1960 951 2084 989 ineolis
2115 953 2192 990 seci.

136 1016 236 1060 θῆναι
256 1012 545 1064 παρασκευάσας,
577 1012 636 1051 καὶ
666 1011 822 1063 μεγάλην
855 1010 911 1048 διὰ
939 1011 1080 1049 πάντων
1101 1011 1164 1057 τὴν
1242 1010 1317 1062 Ego
1333 1025 1412 1048 sum
1435 1011 1507 1060 ille,
1525 1010 1586 1061 qui
1602 1010 1698 1047 hune.
1720 1010 1768 1047 ita
1787 1023 1938 1048 creseere
1955 1013 2093 1058 curavi,
2115 1014 2193 1051 etin

135 1074 214 1125 περὶ
234 1074 337 1112 αὐτὸν
370 1073 535 1126 πρόνοιαν
556 1071 825 1122 ἐπιδειξάμενος.
856 1071 952 1123 Ἰἰγώ
975 1073 1049 1122 εἰμι
1063 1087 1070 1094 ·
1102 1071 1164 1118 Μὴ
1238 1072 1404 1110 omnibus
1421 1087 1542 1110 curam
1565 1073 1640 1124 ejus
1661 1071 1762 1123 gessi.
1780 1071 1858 1122 Ego
1879 1086 1975 1120 sum,
2002 1075 2061 1111 Ne
2087 1074 2196 1124 igitur

135 1135 248 1173 τοίνυν
269 1135 389 1188 φοέοῦ.
417 1135 464 1174 Τί
481 1136 574 1180 ἐστι,
600 1134 660 1181 Μὴ
681 1134 805 1186 φοὸοῦῑ,
829 1133 890 1178 Μή
915 1149 953 1171 σε
981 1137 1091 1171 ταῦτα
1114 1133 1165 1177 ξε·
1239 1136 1386 1171 timeas.
1407 1133 1507 1179 Quid
1527 1133 1595 1171 sibi
1634 1132 1712 1170 vult
1741 1132 1844 1182 illud,
1876 1133 1936 1171 Ne
1956 1137 2116 1172 timeas?
2147 1137 2196 1172 Ne

133 1198 276 1244 νιζέτω,
307 1198 346 1235 τὸ
376 1198 472 1250 παρὰ
503 1202 563 1236 τοῦ
579 1196 768 1248 Ἀὸιμέλεχ
793 1197 977 1242 ἐλαθῆναι,
1005 1195 1044 1233 τὸ
1069 1195 1165 1246 παρὰ
1239 1194 1303 1231 tibi
1330 1194 1462 1232 mirum
1482 1194 1647 1232 videatur
1660 1194 1755 1244 quod
1774 1193 1820 1231 ab
1840 1194 2046 1232 Abiineleeh
2068 1195 2115 1233 sis
2135 1210 2189 1233 ex-

135 1262 204 1297 τῶν
220 1259 396 1310 ποιμένων
417 1260 640 1304 ἀδικηθῆναι.
667 1257 789 1296 Πολλὰ
810 1260 954 1295 τοιαῦτα
974 1256 1033 1295 καὶ
1052 1260 1070 1295 ὁ
1092 1272 1162 1294 πα-
1238 1256 1379 1307 pulsus,
1405 1255 1504 1306 quod
1529 1271 1547 1293 a
1568 1255 1770 1308 pastoribus
1804 1255 1851 1293 sis
1879 1255 2010 1308 injuria
2035 1257 2193 1294 affectus.

135 1320 201 1372 τηρ
221 1324 238 1358 ὁ
262 1320 320 1364 σὸς
338 1321 512 1365 πέπονθε,
527 1320 586 1358 καὶ
606 1321 662 1358 διὰ
680 1318 812 1357 τούτων
828 1318 1070 1371 λαμπρότερος
1090 1321 1166 1357 ἀνε-
1239 1318 1357 1357 Multa
1375 1317 1460 1355 talia
1478 1327 1510 1355 et
1531 1327 1631 1370 pater
1650 1327 1731 1355 tuus
1750 1317 1912 1370 pertulit,
1945 1327 1978 1355 et
2008 1318 2089 1356 inde
2120 1320 2195 1369 glo-

136 1382 270 1434 δείχθη.
293 1381 353 1429 Μὴ
375 1382 488 1420 τοίνυν
508 1381 619 1420 ταῦτά
639 1397 678 1419 σε
704 1380 867 1433 φοὸείτω·
888 1380 992 1419 Μετὰ
1018 1383 1079 1418 σοῦ
1098 1380 1165 1432 γάρ
1181 1411 1227 1436 510
1239 1379 1366 1417 riosior
1382 1379 1526 1417 effeetus
1543 1389 1605 1417 est.
1621 1380 1675 1417 Ne
1688 1379 1797 1430 igitur
1811 1379 1879 1417 lioc
1896 1389 1927 1417 te
1944 1389 2069 1418 terreat
2085 1396 2091 1416 :
2113 1382 2192 1433 Ego

133 1445 219 1494 εἶμι.
243 1443 311 1480 Διὰ
328 1447 430 1481 τοῦτο
447 1445 558 1480 ταῦτα
572 1441 729 1493 γίνεσθαι
743 1443 930 1494 συγχωρῶ,
945 1444 1032 1492 ὁμοῦ
1049 1440 1108 1479 καὶ
1127 1440 1166 1479 σὲ
1192 1449 1217 1477 Λ
1238 1443 1342 1478 enim
1365 1450 1490 1479 tecum
1514 1455 1612 1480 sum.
1643 1439 1785 1478 Idcirco
1810 1440 1887 1478 haee
1912 1441 1988 1478 fieri
2012 1441 2192 1493 permitto,

134 1504 347 1556 βουλόμενος
359 1503 415 1543 διὰ
435 1507 495 1551 τῆς
515 1503 704 1547 ἐπιεικείας
719 1501 936 1547 ἐνδείξασθαι
955 1502 1019 1550 τὴν
1035 1502 1164 1541 οἰκείαν
1238 1503 1346 1540 simul
1365 1503 1486 1541 volens
1505 1511 1537 1540 et
1554 1502 1734 1540 declarare
1749 1511 1845 1540 tuam
1867 1502 2051 1551 virtutem,
2072 1511 2104 1540 ct
2122 1518 2196 1540 ina-

134 1565 277 1618 ἀρετὴν,
299 1565 470 1604 κάκείνων
492 1569 553 1613 τῆς
573 1564 717 1617 γνώμης
741 1563 804 1611 τὴν
835 1564 1030 1617 μοχθηρίαν
1057 1564 1166 1603 κατᾶ-
1238 1564 1396 1602 nifestari
1427 1563 1555 1601 mentis
1575 1563 1720 1601 illorum
1746 1563 1970 1616 pravitatem,
2005 1573 2043 1602 ut
2065 1564 2193 1602 horum

133 1629 236 1674 δηλον
267 1628 376 1666 ἅπασι
395 1627 574 1679 γενέσθαι,
595 1627 652 1664 ἵνα
679 1627 718 1664 σὲ
741 1626 800 1664 καὶ
820 1625 907 1678 ὑπὲρ
934 1625 1065 1664 τούτων
1087 1641 1164 1664 στε-
1237 1625 1399 1663 omnium
1417 1639 1522 1663 causa
1543 1634 1577 1662 te
1597 1638 1777 1674 coronem;
1808 1626 1947 1663 Tecum
1967 1628 2068 1663 enim
2092 1640 2188 1664 sum.

132 1689 301 1741 φκνώσω·
333 1690 434 1728 Μετὰ
463 1693 524 1727 σοῦ
555 1689 622 1740 γάρ
655 1690 741 1738 εἶμι.
774 1689 830 1725 Δι’
853 1687 870 1726 ὃ
889 1687 949 1725 καὶ
971 1687 1165 1740 ἀχείρωτος
1238 1687 1322 1725 Ideo
1341 1696 1375 1725 et
1396 1686 1551 1725 invictus
1568 1686 1648 1735 eris,
1664 1695 1770 1737 atque
1801 1686 2050 1723 infestantibus
2067 1696 2190 1739 poten-

131 1750 213 1801 ἔσῃ,
242 1751 302 1788 καὶ
341 1753 411 1788 τῶν
440 1750 687 1801 πολεμούντων
727 1748 981 1801 δυνατώτερος,
1012 1750 1071 1787 καὶ
1095 1752 1164 1787 τῶν
1237 1749 1318 1797 tior,
1337 1757 1369 1786 et
1392 1747 1646 1786 invadentibus
1667 1747 1802 1785 fortior.
1822 1746 1870 1784 Et
1891 1756 2025 1784 tantam
2058 1748 2108 1784 tui
2131 1763 2191 1785 eu-

132 1811 394 1863 ἐπηρεαζόντων
418 1810 654 1864 ἷογυρότερος.
673 1810 745 1849 Καὶ
757 1813 779 1856 ἡ
797 1809 858 1861 μὲν
873 1812 956 1862 παρ’
975 1811 1060 1861 ἐμοῦ
1078 1809 1163 1862 πρό·
1235 1825 1313 1848 ram
1328 1810 1483 1861 habebo,
1502 1819 1541 1847 ut
1561 1809 1760 1848 invidiosus
1779 1809 1851 1846 illis
1865 1810 1911 1847 sis
1926 1809 2068 1846 futurus
2084 1825 2091 1845 :
2109 1811 2191 1861 Ego

132 1888 208 1910 νοια
244 1872 303 1910 καὶ
335 1873 518 1925 ἐπίφθονόν
559 1888 596 1911 σε
628 1872 836 1923 ἐργάσεται·
862 1871 965 1910 Μετὰ
999 1875 1059 1910 σοῦ
1094 1872 1161 1925 γάρ
1236 1875 1337 1910 enim
1355 1881 1481 1910 tecum
1500 1885 1600 1918 sum,
1620 1879 1656 1908 et
1683 1872 1907 1908 benedicam
1924 1879 1973 1917 te,
2003 1879 2038 1908 et
2057 1871 2189 1909 multi-

130 1935 204 1984 εἶμι
218 1965 227 1981 ,
243 1933 304 1971 καὶ
324 1933 505 1985 εὐλογήσω
522 1949 582 1981 σε,
599 1933 658 1971 καὶ
676 1934 842 1979 πληθυνῶ
865 1932 904 1970 τὸ
934 1932 1075 1985 σπέρμα
1100 1948 1160 1972 σου
1233 1935 1388 1986 plicabo
1410 1947 1539 1971 semen
1563 1941 1670 1970 tuum
1699 1941 1855 1985 propter
1880 1931 1922 1969 A
1926 1933 2093 1970 bralmm
2119 1947 2189 1984 pa-

130 1995 187 2033 διὰ
209 1995 370 2047 Ἀδραὰμ
393 1995 451 2033 τὸν
478 1995 613 2047 πατέρα
644 2010 718 2033 σου.
752 1994 886 2033 Σκόπει
915 1996 1009 2033 Θεοῦ
1037 1996 1161 2048 φιλαν-
1236 2004 1332 2033 trem
1352 2003 1471 2032 tuum.
1502 1992 1696 2031 Considera
1723 1993 1978 2045 benignitatem
2002 1994 2080 2031 Dei.
2099 1994 2189 2031 Nam

131 2055 300 2108 θρωπίαν.
331 2055 466 2104 Εἰπὼν,
486 2056 582 2108 Ἐγώ
603 2059 703 2108 εἷμιὸ
722 2056 811 2099 Θεὸς
828 2055 989 2109 Ἀὅραὰμ
1012 2060 1074 2095 τοῦ
1094 2073 1160 2095 πα·
1234 2066 1422 2109 postquam
1449 2055 1557 2103 dixit,
1578 2057 1661 2107 Ego
1678 2069 1763 2093 sum
1784 2056 1892 2094 Deus
1919 2055 1960 2093 A
1965 2056 2096 2093 brahoe
2118 2070 2188 2107 pa-

128 2118 206 2168 τρός
223 2132 296 2163 σου,
316 2116 378 2155 καὶ
397 2116 509 2162 δείξας
522 2116 614 2161 ὅπως
633 2116 835 2170 ᾠκειώσατο
847 2117 906 2156 τὸν
922 2118 1159 2171 πατριάρχην,
1235 2120 1303 2155 tris
1324 2120 1394 2163 tui,
1419 2126 1452 2154 et
1471 2115 1623 2154 ostendit
1645 2115 1823 2166 quomodo
1845 2115 1913 2153 sibi
1933 2115 2185 2167 vindicaverit,

126 2181 173 2221 ὡς
199 2177 414 2221 καταξιῶσαι
435 2178 526 2217 Θεὸν
558 2179 681 2216 ἑαυτὸν
711 2179 830 2217 καλεῖν
850 2179 1030 2231 Ἀδραὰμ,
1057 2180 1115 2218 καὶ
1141 2181 1159 2217 ὁ
1185 2190 1208 2219 Β
1233 2178 1489 2231 propriumque
1509 2176 1630 2214 fecerit
1644 2175 1897 2228 patriarcham,
1919 2176 1968 2214 ita
1997 2186 2037 2214 ut
2060 2177 2186 2229 digna-

125 2241 188 2285 τῆς
207 2239 412 2290 οἰκουμένης
426 2239 608 2286 Δεσπότης
627 2239 686 2277 καὶ
703 2240 914 2292 δημιουργὸς
933 2240 1005 2283 ἑνὸς
1021 2241 1157 2293 ἀνθρώ-
1231 2245 1291 2274 tus
1309 2235 1354 2274 sit
1368 2250 1404 2274 se
1419 2249 1548 2274 vocare
1568 2235 1684 2272 Deum
1706 2234 1871 2285 Abrahae,
1885 2243 1992 2286 atque
2010 2237 2185 2276 Dominus
2201 2251 2278 2280 Deus
2295 2264 2345 2280 m„-
2360 2265 2387 2281 ,Β

124 2317 189 2339 που
209 2300 354 2352 <picum
375 2293 462 2338 Εἶναι
478 2300 580 2348 Θεὸς,
601 2302 639 2339 Οὖ
665 2300 859 2352 συγκλείων
878 2300 985 2354 μέχρι
1003 2306 1064 2340 τοῦ
1082 2319 1156 2341 πα-
1231 2312 1271 2337 ac
1290 2297 1453 2336 conditor
1468 2296 1576 2346 orbis,
1595 2296 1703 2334 unius
1721 2295 1878 2334 hominis
1897 2298 2013 2335 Deum
2031 2313 2067 2336 se
2085 2298 2183 2338 dixe·
2198 2294 2386 2363 {igssghla'r‘l'ffim

125 2361 293 2414 τριάρχου
322 2361 386 2409 τὴν
414 2362 544 2400 οἰκείαν
571 2362 796 2410 δεσποτείαν,
816 2362 908 2400 ἀλλὰ
929 2362 993 2410 τὴν
1023 2364 1158 2411 πολλὴν
1231 2360 1291 2410 rit,
1310 2374 1380 2397 non
1401 2358 1614 2397 concludens
1630 2357 1666 2395 in
1682 2372 1751 2396 uno
1767 2358 1969 2410 patriarcha
1984 2359 2185 2400 dominium

124 2423 205 2474 περὶ
220 2422 322 2460 αὐτὸν
343 2421 475 2461 εὔνοιαν
491 2423 636 2469 δεικνὺς,
655 2423 758 2472 οὕτω,
775 2424 894 2477 φησὶν,
909 2425 1012 2463 αὐτὸν
1030 2425 1157 2478 ᾠκειω-
1232 2435 1351 2471 suum,
1375 2419 1437 2458 sed
1457 2433 1623 2471 magnam
1644 2419 1679 2456 in
1707 2419 1811 2457 illum
1842 2435 1945 2458 5118111
1973 2421 2184 2461 benevolen-

126 2484 264 2535 σοὶμην,
285 2486 333 2527 ὡς
351 2483 493 2522 πάντων
512 2486 581 2522 τῶν
602 2485 718 2522 ἄλλων
740 2485 899 2530 ἀντάξιον
924 2486 1054 2523 ἐκεῖνον
1080 2486 1158 2536 ἐμοὶ
1231 2483 1319 2521 tiam
1335 2490 1554 2520 monstrans:
1572 2480 1635 2531 ita,
1657 2479 1784 2531 inquit,
1805 2495 1885 2518 eum
1903 2481 1992 2519 mihi
2017 2483 2083 2520 feci
2103 2499 2184 2536 pro-

122 2548 342 2596 νομισθῆναι.
372 2548 426 2584 Δι’
449 2545 466 2583 ὃ
495 2546 564 2585 Καὶ
590 2549 758 2593 πληθυνῶ
780 2547 820 2585 τὸ
847 2546 989 2598 σπέρμα
1009 2563 1069 2585 σου
1101 2548 1159 2586 διὰ
1230 2543 1366 2596 prium,
1385 2552 1425 2582 ut
1443 2542 1542 2595 apud
1559 2556 1615 2580 me
1647 2551 1831 2594 reputetur
1857 2543 1957 2591 tanti,
1979 2545 2101 2594 quanti
2121 2546 2182 2583 alii

123 2606 285 2658 Ἀδραὰμ
300 2606 360 2644 τὸν
379 2606 516 2659 πατέρα
533 2623 606 2647 σου.
625 2608 768 2651 Πολλὰς
780 2607 909 2660 ὀφείλω
929 2608 990 2652 τὰς
1009 2609 1159 2660 ἀμοιὸὰς
1231 2620 1352 2643 omnes
1386 2620 1393 2640 :
1423 2604 1501 2642 ideo
1533 2605 1587 2641 Et
1618 2603 1886 2654 multiplicabo
1917 2618 2045 2642 semen
2074 2614 2182 2644 tumn

126 2667 248 2719 ἐκείνῳ
267 2669 329 2713 τῆς
345 2669 394 2711 εἰς
408 2668 471 2718 ἐμὲ
491 2671 669 2716 ὑπακοῆς·
690 2669 735 2707 δι’
755 2671 886 2708 ἐκεῖνον
904 2663 962 2707 οῦν
983 2670 1157 2716 Πληθυνῶ
1227 2675 1383 2719 propter
1398 2665 1607 2703 Abraham
1626 2672 1777 2716 patrem
1797 2672 1918 2701 tunm.
1954 2665 2103 2715 Multas,
2128 2667 2180 2705 in-

123 2728 164 2765 τὸ
188 2728 330 2779 σπέρμα
362 2743 425 2766 σου
441 2744 448 2752 ·
468 2733 554 2780 ὁμοῦ
574 2730 634 2768 καὶ
657 2729 898 2783 παρεθάρρυνε
928 2730 984 2768 τὸν
1012 2730 1157 2783 δίκαιον,
1230 2728 1319 2779 quit,
1337 2727 1392 2764 illi
1406 2726 1518 2763 debeo
1537 2724 1785 2762 retributiones
1800 2724 1846 2762 ob
1862 2739 1963 2763 suam
1976 2725 2010 2764 in
2026 2741 2082 2765 me
2100 2729 2180 2767 ohe*

126 2787 185 2825 καὶ
213 2787 269 2825 διὰ
287 2791 348 2835 τῆς
370 2789 511 2840 μνήμης
526 2795 586 2829 τοῦ
610 2792 741 2843 πατρὸς
760 2794 806 2835 εἷς
826 2793 927 2838 ζῆλον
951 2791 1054 2831 αὐτὸν
1076 2792 1155 2839 διή-
1181 2802 1205 2832 C
1229 2789 1420 2827 dieutiam:
1454 2787 1563 2838 igitur
1588 2795 1733 2838 propter
1766 2785 1871 2823 illum
1907 2789 2180 2840 fllzcltz'plicabo

131 2863 226 2899 γειρε
256 2853 316 2886 τοῦ
344 2849 407 2896 τὴν
434 2851 557 2901 ὁμοίαν
587 2852 708 2905 ἐκείνῳ
742 2853 870 2906 ἀρετὴν
904 2853 1153 2898 ἐπιδείξασθαι.
1227 2862 1356 2886 56171671
1379 2855 1511 2889 tuum;
1538 2844 1645 2881 SimUl
1665 2852 1698 2881 et
1713 2844 1811 2896 ju⁵10
1846 2844 2015 2884 fidufiffln
2038 2847 2179 2896 indidit,

128 2903 215 2946 Εἶτα
234 2908 354 2956 ἐπειδὴ
374 2914 528 2949 τοσαῦτα
543 2914 638 2964 αὐτῷ
659 2913 773 2964 ἀγαθὰ
790 2913 978 2967 ὑπέσχετο,
998 2915 1150 2969 ’ῼκοδόψ
1227 2918 1260 2947 et
1281 2910 1372 2946 facta
1391 2906 1502 2960 patris
1518 2905 1709 2955 mentione,
1735 2904 1782 2942 ad
1802 2906 2038 2945 aemulandam
2063 2919 2180 2961 pater-

127 2984 238 3018 μησεν
260 2971 351 3017 ἐκεῖ,
373 2971 458 3023 φησὶ
471 3002 481 3019 ,
502 2973 761 3025 θυσιαστήριον,
781 2974 840 3012 καὶ
855 2975 1095 3014 ἐπεκαλέσατο
1112 2975 1153 3014 τὸ
1226 2985 1307 3009 nam
1324 2970 1494 3008 virtutem
1506 2966 1726 3019 provocavit.
1746 2968 1934 3018 Postquam
1949 2978 2067 3007 autem
2083 2980 2177 3009 tanta

125 3031 234 3079 ὄνομα
249 3031 378 3082 Κυρίου
393 3063 400 3078 ,
415 3033 474 3071 καὶ
495 3032 618 3080 ἔπηξεν
645 3035 718 3073 ἐκεῖ
732 3035 795 3083 τὴν
816 3036 948 3084 σκηνὴν
967 3039 1082 3075 αὐτοῦ.
1104 3037 1152 3075 Τί
1226 3033 1255 3071 ei
1278 3033 1368 3071 bona
1401 3029 1580 3083 promisit,
1613 3029 1675 3066 95·
1711 3029 1950 3082 AEdficaVit’
1979 3030 2106 3082 inquit,
2126 3035 2178 3070 ibi

126 3093 232 3140 ἐστιν,
250 3093 494 3147 ’ῼκοδόμησεν
515 3096 587 3132 ἐκεῖ
611 3097 876 3149 θυσιαστήριον,
903 3098 978 3142 Τὰς
1009 3101 1150 3150 εὐχαρι-
1227 3096 1369 3139 altare,
1391 3101 1426 3130 ec
1440 3092 1636 3129 invocavit
1667 3103 1806 3127 nomen
1832 3091 2006 3138 Domini,
2039 3102 2074 3130 et
2079 3094 2178 3145 ficit

128 3152 235 3199 στίας,
264 3155 383 3206 φησὶν,
401 3156 473 3193 ἐκεῖ
493 3156 662 3207 ἀνήνεγκε
691 3160 742 3210 τῷ
769 3159 932 3211 Δεσπότῃ
949 3190 958 3206 ,
983 3160 1071 3212 ὑπὲρ
1099 3155 1148 3198 ὧν
1227 3157 1310 3194 illic
1323 3152 1616 3193 tabernaculum
1629 3165 1754 3190 snum.
1772 3149 2177 3206 Quidest,sEdificauit

128 3213 296 3261 τοσαύτην
327 3216 407 3268 περὶ
450 3217 554 3256 αὐτὸν
591 3218 802 3268 κηδεμονίαν
835 3220 1047 3264 ἐπεδείξατο.
1083 3221 1153 3259 Καὶ
1229 3220 1311 3256 illic
1327 3218 1482 3255 altare?
1505 3213 1713 3253 Gratiarum
1743 3214 1908 3262 actiones,
1949 3215 2074 3265 inquit,
2107 3216 2179 3252 illic

131 3271 258 3324 ὤρυξιν
275 3278 344 3315 ἐκεῖ
362 3279 394 3314 οἱ
409 3279 531 3322 παῖδες
555 3278 680 3318 Ἰσαὰκ
696 3279 819 3333 φρέαρ.
835 3282 897 3320 Ἐν
916 3281 1015 3335 ἀδείᾳ
1031 3281 1152 3320 λοιπὸν
1229 3279 1384 3318 Domino
1404 3274 1549 3325 obtulit,
1567 3275 1627 3327 qui
1642 3284 1775 3314 tantam
1794 3290 1857 3327 pro
1871 3290 1907 3314 sc
1923 3285 2072 3326 gesserat
2088 3276 2179 3313 sulli—

177 3395 192 3419 b
210 3394 357 3432 SexM<5‚
374 3403 445 3435 ὄντα
462 3413 519 3436 τῶν
533 3407 683 3449 ἐγχωρίων
702 3408 912 3451 λαμπροτερον
936 3411 1191 3449 fixisse-‘meipsum-
