2566 3791
415 211 508 269 224
844 219 883 252 5,
922 221 1107 253 sommis
1142 218 1386 251 cunvsos‘r.

416 306 525 346 sobrii
537 319 625 357 esse,
645 304 828 344 sufficiunt
842 303 900 343 vel
916 318 955 343 ea
969 319 1047 355 quze
1059 303 1166 341 hodie
1176 302 1271 340 dicta
1283 309 1366 338 sunt

416 377 457 406 ut
483 367 529 405 ad
554 366 700 405 virtutis
716 379 873 403 amorem
888 379 953 402 nos
974 364 1144 412 excitent,
1166 376 1229 399 nec
1250 361 1367 397 ullum

415 439 583 481 putemus
593 427 639 465 ad
649 427 748 464 illius
756 426 852 463 viam
861 439 936 463 esse
950 423 1259 475 impedimentum.
1273 421 1367 457 Nam

417 489 447 527 si
467 490 490 526 ii
508 488 571 539 qui
588 497 667 525 ante
681 487 791 537 legem
807 493 919 532 crant,
933 498 952 520 a
967 482 1128 520 doctrina
1142 490 1277 518 naturae
1293 493 1365 517 suae

416 550 521 588 insita
539 548 585 586 ad
602 556 736 585 tantam
753 554 910 597 peltlffel
914 553 975 581 unt
987 543 1185 582 virtutem:
1202 540 1291 593 quid
1305 554 1367 578 nos

418 620 517 663 potei
520 610 611 646 imus
623 607 754 655 dicere,
771 605 832 656 qui
847 614 927 657 post
942 613 1080 642 tantum
1092 602 1368 669 adminiculum,

417 680 451 708 et
472 678 550 721 post
571 666 706 706 Christi
726 665 796 705 adv
801 674 938 712 cutum,
963 674 997 702 et
1013 665 1198 703 innumera
1211 664 1287 716 ejus
1301 662 1368 700 mi-

418 731 551 779 iacula,
567 728 686 767 adhuc
701 737 774 765 tam
788 727 913 779 procul
931 726 1095 766 avirtute
1111 739 1255 764 sumus.
1247 725 1264 751 ἶ)
1282 726 1370 762 1³10-

418 791 512 841 inde,
535 791 698 839 obsecro,
721 803 764 826 ne
782 788 830 826 ad
846 802 885 826 ea
905 802 983 838 quae
996 787 1032 824 in
1050 787 1158 825 sacris
1174 784 1371 837 Scripturis

418 861 501 890 sunt
532 860 696 890 contenta
722 849 934 902 simpliciter
956 848 1215 899 ingrediamur,
1249 846 1311 883 sed
1332 859 1372 883 ca

419 927 502 951 eum
519 912 710 951 attentione
725 911 901 961 legamus,
921 919 962 947 ut
976 923 1019 947 ex
1038 909 1109 946 illis
1123 916 1289 960 percepta
1305 906 1373 944 uti-

421 975 535 1024 litate,
556 973 615 1012 vel
626 987 701 1011 sero
712 972 837 1009 saltem
851 969 1045 1021 aliquando
1061 969 1246 1017 virtutem,
1262 981 1374 1017 quam

420 1036 519 1072 Deus
537 1034 681 1086 probat,
703 1046 883 1085 capessere
898 1031 1093 1069 valeamus.
1112 1030 1204 1067 Nam
1221 1028 1250 1065 si
1268 1027 1375 1080 spiri*

420 1097 553 1134 tualem
575 1095 668 1132 hanc
686 1093 887 1131 doctrinam
915 1091 1021 1129 ctiam
1046 1104 1109 1128 nos
1128 1089 1288 1140 quotidie
1309 1103 1375 1127 vo?

420 1157 476 1194 bis
498 1155 686 1194 clamaturi
703 1168 840 1204 sumus,
864 1167 995 1203 vosque
1014 1151 1050 1189 in
1066 1151 1190 1189 cadem
1204 1149 1375 1187 maneatis

420 1217 579 1269 ignavia,
615 1230 693 1267 quae
724 1224 843 1254 vestra
870 1215 938 1252 erit
968 1213 1106 1251 utilitas
1137 1226 1183 1250 ex
1208 1210 1375 1249 continua

421 1278 613 1317 doctrina?
629 1286 692 1314 aut
703 1275 806 1313 nobis
823 1289 900 1326 qua*¹
916 1273 1110 1312 consolatio
1127 1273 1206 1321 erit,
1223 1287 1304 1310 cum
1319 1272 1375 1310 vi-

421 1341 561 1390 demus,
577 1353 640 1377 nos
654 1347 792 1376 tantum
807 1337 970 1375 laborare
981 1337 1127 1384 frustra,
1145 1344 1179 1373 et
1193 1335 1376 1387 nihilpro-

423 1403 527 1439 ficere
542 1410 640 1439 tanto
652 1399 798 1438 studio?
819 1398 888 1438 Dic
900 1397 991 1435 mihi
1012 1413 1019 1433 ε
1037 1399 1163 1435 Nonne
1177 1411 1222 1434 ex
1235 1395 1377 1433 duabus

421 1462 630 1500 substantiis
650 1459 834 1499 constituti
857 1473 996 1508 sumus,
1018 1472 1064 1496 ex
1088 1457 1206 1495 anima
1227 1456 1323 1506 dico,
1345 1464 1378 1494 et

424 1537 569 1576 corpore
582 1523 600 1560 ἶ)
635 1523 708 1560 Cur
736 1534 820 1571 ergo
842 1533 912 1556 non
932 1532 1058 1571 parem
1090 1518 1234 1568 utrique
1252 1530 1377 1555 euram

423 1583 679 1637 impendimus,
697 1581 759 1619 sed
771 1595 902 1633 corpus
918 1580 1064 1631 quidem
1081 1580 1246 1618 omnibus
1261 1578 1378 1616 modis

424 1659 602 1693 curamus,
622 1653 656 1681 et
672 1641 888 1681 accersimus
907 1641 1076 1689 medicos,
1095 1655 1137 1679 ae
1158 1655 1221 1679 nos
1239 1654 1379 1691 quoque

424 1707 516 1745 illud
535 1706 727 1757 diligenter
746 1718 927 1751 curamus,
947 1703 1080 1742 vestitu
1107 1703 1263 1755 pretioso
1285 1701 1381 1739 illud

424 1768 590 1820 tegimus,
603 1767 725 1804 eibum
737 1779 844 1817 supra
862 1779 969 1815 quam
984 1773 1038 1802 sat
1055 1773 1105 1802 est
1119 1763 1310 1813 sumimus,
1328 1771 1381 1800 at-

424 1845 492 1881 que
508 1830 544 1868 in
564 1828 731 1867 continua
753 1826 989 1879 prosperitate
1006 1825 1097 1863 illud
1114 1839 1188 1864 esse
1200 1824 1380 1873 volumus,

425 1900 457 1928 et
476 1890 575 1928 nulla
592 1888 735 1927 omnino
755 1886 968 1939 aegritudine
988 1886 1138 1924 vexari:
1160 1886 1218 1923 sed
1243 1885 1271 1923 si
1291 1886 1382 1923 forte

425 1951 514 2003 quid
531 1951 711 2000 obturbet,
731 1963 874 1987 omnem
893 1961 1079 1986 movemus
1100 1947 1319 1997 machinam,
1342 1955 1383 1984 ut

426 2012 523 2063 quod
551 2011 753 2050 molestiam
787 2010 890 2047 affert
924 2008 1163 2046 emendetur?
1184 2008 1233 2046 Et
1250 2008 1319 2046 hoc
1338 2007 1383 2046 de

427 2088 573 2127 corpore
584 2073 678 2122 dico,
694 2071 791 2124 quod
805 2070 1002 2109 secundum
1015 2070 1252 2108 substantiam
1265 2070 1384 2107 minus

427 2145 478 2172 est
494 2138 507 2171 ε’
535 2134 627 2185 quid
655 2133 749 2171 enim
778 2132 909 2183 majus,
944 2131 1124 2179 animane,
1155 2144 1200 2168 an
1225 2144 1353 2182 corpus
1365 2130 1383 2167 Ξ)

429 2196 521 2233 Nam
536 2195 565 2232 si
575 2194 630 2232 vis
640 2193 764 2232 videre
773 2191 1031 2240 diversitatem,
1042 2189 1287 2228 animadverte
1297 2203 1385 2238 quo-

430 2255 535 2293 modo
553 2255 688 2293 nullius
704 2251 873 2290 momenti
887 2251 934 2289 sit
953 2265 1083 2303 corpus
1099 2251 1127 2287 si
1142 2251 1261 2288 anima
1281 2250 1326 2287 ab
1343 2263 1384 2287 eo

429 2315 640 2353 discesserit.
662 2313 779 2365 Igitur
791 2311 852 2363 qui
866 2320 1001 2348 tantam
1021 2311 1130 2348 habes
1144 2310 1303 2362 corporis
1322 2324 1384 2348 eu-

431 2391 522 2424 ram,
539 2376 640 2428 cujus
656 2373 781 2425 gratia,
801 2381 834 2409 et
847 2380 992 2424 propter
1005 2371 1093 2421 quid
1106 2380 1245 2408 tantum
1257 2371 1385 2409 animae

431 2446 645 2475 contemtum
666 2433 839 2481 admittis,
860 2442 893 2471 ct
910 2447 1021 2483 neque
1039 2446 1239 2483 congruum
1259 2432 1313 2470 illi
1333 2433 1381 2470 ci-

430 2499 516 2535 bum
528 2496 736 2549 impartiris:
745 2494 1025 2533 admonitionem
1032 2493 1112 2531 dico
1121 2508 1165 2531 ex
1173 2494 1280 2532 sacris
1289 2494 1387 2533 Scri-

431 2559 563 2612 pturis,
582 2571 694 2608 neque
712 2555 924 2595 vulneribus
944 2564 977 2592 ct
994 2554 1172 2592 ulceribus
1190 2569 1268 2605 quae
1288 2555 1386 2593 illius

434 2621 542 2657 robur
572 2618 775 2665 debilitant,
797 2625 830 2654 et
852 2615 1022 2654 fiduciam
1047 2625 1227 2664 enervant,
1260 2615 1386 2654 idonea

432 2679 589 2718 remedia
609 2678 761 2731 apponis
779 2693 786 2714 ε
810 2676 871 2715 sed
890 2677 959 2714 fers
975 2685 1015 2714 ut
1034 2676 1096 2713 illa
1117 2676 1280 2729 despecta
1297 2678 1388 2715 fame

431 2743 670 2790 contabescat,
693 2740 740 2777 ab
759 2738 941 2776 ulceribus
963 2737 1133 2789 putrefiat
1146 2753 1156 2786 ;
1187 2747 1220 2776 et
1250 2738 1387 2790 objecta

431 2803 534 2853 quasi
555 2801 718 2847 canibus,
737 2800 841 2837 liceat
857 2799 908 2837 sic
927 2798 1059 2847 dicere,
1075 2813 1094 2836 a
1109 2798 1213 2836 malis
1233 2808 1264 2836 et
1282 2799 1386 2837 illici-

433 2864 478 2902 tis
494 2862 769 2915 cogitationibus
785 2861 1015 2909 dilaceretur,
1035 2860 1220 2910 omnisque
1237 2861 1387 2898 firmitas

434 2927 509 2977 ‹·jus
527 2924 777 2963 dissolvatur?
799 2924 920 2970 Quare
940 2935 1007 2959 non
1025 2921 1117 2959 sicut
1134 2921 1289 2959 visibilis
1305 2936 1386 2959 ‹zor-

434 2987 531 3037 poris
552 2985 707 3035 gerimus
727 2997 864 3031 curam,
888 2983 937 3020 ita
959 2991 991 3019 ct
1011 2982 1154 3032 animm,
1178 2996 1257 3033 quae
1274 2982 1389 3020 incor-

436 3062 540 3099 porea
563 3056 596 3084 et
615 3045 836 3093 invisibilis,
871 3043 1068 3096 praescrtim
1097 3058 1178 3082 cum
1199 3058 1282 3081 cura
1312 3045 1388 3097 ejus

438 3123 504 3150 uon
524 3107 628 3145 modo
644 3107 737 3144 lox-is·
750 3107 795 3144 sit
809 3116 842 3143 et
858 3105 985 3154 facilis,
1003 3104 1063 3143 sed
1077 3105 1182 3144 etiam
1197 3105 1286 3143 nihil
1300 3106 1335 3144 in
1349 3121 1388 3145 ea

437 3170 651 3211 insumatur,
672 3182 782 3217 neque
802 3167 1008 3204 laboretur?
1031 3169 1146 3217 Atque
1166 3166 1224 3203 liic
1243 3167 1388 3217 quidem

1390 547 1414 578 C

439 3245 519 3267 ‹·uiu
542 3238 592 3267 est
613 3243 741 3280 empus
761 3242 822 3265 cur
824 3227 973 3273 z,indum
995 3241 1076 3264 cuni
1097 3227 1244 3264 sanandi
1274 3229 1389 3266 morbi

441 3290 597 3343 t'OI'POI'lS
614 3305 658 3327 llln
655 3303 729 3339 lgna
725 3304 777 3326 'llll
797 3288 1389 3340 11000550θὸῑΙΨΓΙΙΠῖιΊΠΙἱῐΙηη-ΙΗῙΟ-
1415 3301 1477 3329 l»

487 3404 499 3417 ³
518 3396 521 3435 Ι
541 3393 635 3425 Addit
654 3395 710 3427 Sat
721 3394 752 3424 il.
769 3398 891 3427 τοιαῦτα
910 3399 955 3426 καὶ
974 3399 1112 3435 ποιοζμεν
1126 3398 1172 3425 καὶ
1190 3395 1382 3434 διανοούμεθα.
1408 3395 1454 3422 mi
1472 3395 1494 3422 tl
1510 3395 1557 3433 β,

1399 2587 1444 2611 ’191

1423 217 1628 248 ARCHIEP.
1666 214 2027 246 CONSTANTINOP-

1436 299 1495 337 τὸν
1509 299 1613 338 πόθον
1631 301 1693 345 τ’ῆς
1704 300 1827 350 ἀρετῆς
1838 329 1848 345 ,
1878 299 1938 337 καὶ
1956 296 2131 349 μηδέποτε
2145 294 2296 346 νομίζειν
2312 294 2460 345 κώλυμα

1436 362 1522 410 ἡμῖν
1542 358 1702 410 γενέσθαι
1719 359 1805 412 πρὸς
1824 358 1888 406 τὴν
1909 359 2040 404 ταύτης
2059 357 2147 396 ὁδόν.
2167 359 2211 395 Εἰ
2238 357 2304 408 γὰρ
2335 360 2367 396 οἱ
2392 357 2463 408 προ

1438 425 1497 459 τοῦ
1511 420 1617 471 νόμου
1635 420 1705 458 ἀπὸ
1722 423 1785 466 τῆς
1804 423 1839 458 ἐν
1854 422 1897 471 τῇ
1919 419 2019 471 φύσει
2047 418 2209 469 κειμένης
2236 418 2461 460 διδασκαλίας

1438 483 1485 524 εἷς
1499 479 1671 527 τοσαύτην
1692 479 1845 532 ἔφθασαν
1864 479 2006 531 ἀρετὴν,
2026 478 2061 517 τί
2079 479 2205 531 ἔχομεν
2233 480 2339 517 εἰπεῖν
2360 481 2463 529 ἡμεῖς

1439 545 1470 580 οἱ
1503 540 1593 591 μετὰ
1629 539 1801 587 τοσαύτην
1829 541 2002 591 βοήθειαν,
2030 540 2090 578 καὶ
2122 540 2184 586 τὴν
2213 543 2272 577 τοῦ
2307 541 2464 592 Χριστοῦ

1437 601 1645 655 παρουσίαν,
1666 600 1725 638 καὶ
1745 601 1791 639 τὰ
1812 601 1919 654 μυρία
1938 599 2099 650 θαύματα
2118 601 2238 652 πόῤῥω
2257 603 2319 646 τῆς
2339 602 2464 652 ἀρετῆς

1439 662 1691 714 τυγχάνοντες;
1706 661 1788 707 Διὸ,
1803 662 2002 713 παρακαλῶ
2012 691 2022 708 ,
2036 660 2083 711 μὴ
2102 661 2221 704 ἁπλῶς
2232 659 2464 713 ἐπερχώμεθα

1440 724 1485 762 τὰ
1499 726 1534 762 ἐν
1553 730 1630 767 ταῖς
1649 722 1756 766 θείαις
1776 724 1932 774 Γραφαῖς
1950 721 2116 773 κείμενα,
2133 722 2223 759 ἀλλὰ
2247 721 2335 773 μετὰ
2353 737 2466 775 προσ-

1443 788 1527 837 οχῆς
1548 783 1841 835 ἀναγινώσκωμεν
1857 782 1903 821 τὰ
1923 783 2126 834 ἐγκείμενα,
2141 782 2198 820 ἵνα
2217 783 2281 829 τὴν
2302 781 2338 826 ἐξ
2351 785 2466 820 αὐτῶν
2513 797 2515 799 ·

1442 845 1611 897 ὠφέλειαν
1628 845 1886 897 καρπούμενοι,
1905 846 1967 896 ὀψὲ
1982 848 2064 896 γοῦν
2083 859 2168 882 ποτε
2183 840 2246 890 τῆς
2263 843 2356 882 κατὰ
2375 843 2467 882 Θεὸν

1445 909 1569 959 ἄρετ’ἧς
1588 906 1837 949 ἀντιλαὸέσθαι
1853 907 2067 957 δυνηθωμεν.
2084 906 2154 943 Εἰ
2144 905 2211 958 γὰρ
2224 905 2265 951 δη
2279 905 2468 955 μέλλοιμεν

1444 968 1504 1006 καὶ
1531 970 1633 1018 ημεῖς
1660 969 1737 1005 καθ’
1769 966 1920 1013 ἑκάστην
1946 966 2081 1020 ἡμέραν
2118 969 2198 1016 ὑμῖν
2230 967 2367 1017 ἐνηχεῖν
2404 963 2469 1010 τὴν

1444 1043 1686 1079 πνευματικην
1703 1026 1833 1073 ταύτην
1856 1027 2097 1073 διδασκαλίαν,
2116 1042 2176 1064 και
2205 1029 2303 1076 υμεῖς
2331 1025 2388 1064 ἐπι
2407 1041 2470 1072 της

1447 1092 1551 1136 αὖτ’ῆς
1571 1087 1741 1142 ῥᾳθυμίας
1762 1088 1905 1138 μείνητε
1918 1117 1927 1135 ,
1948 1093 2046 1126 ποῖον
2067 1089 2148 1138 ὑμῖν
2175 1088 2293 1139 ὄφελος
2312 1085 2411 1124 ἔσται
2430 1087 2471 1123 ἐκ

1445 1153 1508 1196 τ’ἦς
1528 1153 1690 1202 συνεχοῦς
1710 1147 1960 1195 διδασκαλίας;
1977 1148 2000 1194 ἢ
2021 1152 2105 1198 ἡμῖν
2121 1147 2173 1191 τίς
2189 1149 2290 1187 ἔσται
2309 1162 2471 1199 παραμυ-

1447 1211 1504 1249 θία
1523 1214 1629 1263 ὁρῶσι
1647 1209 1706 1248 τὸν
1722 1214 1882 1248 τοσοῦτον
1905 1211 2006 1259 ἡμῶν
2031 1207 2188 1259 κάματον
2221 1207 2385 1254 ἀνόνητον
2410 1223 2469 1259 γι-

1445 1271 1601 1323 νόμενον,
1624 1270 1684 1308 καὶ
1709 1269 1873 1321 οὐδεμίαν
1905 1269 2087 1321 προκοπὴν
2118 1269 2302 1321 γινομένην
2337 1271 2377 1307 ἐκ
2409 1270 2473 1314 τῆς

1446 1334 1620 1387 ἡμετέρας
1642 1334 1810 1380 σπουδῆς
1834 1331 1923 1370 Εἰπὲ
1941 1331 2008 1384 γάρ
2029 1347 2107 1382 μοι,
2128 1331 2204 1383 οὐχὶ
2234 1331 2304 1369 ἀπὸ
2333 1330 2392 1368 δύο
2414 1332 2472 1368 οὖ-

1448 1399 1532 1435 σιῶν
1558 1394 1838 1445 συνεστήκαμεν,
1861 1395 1900 1432 ἐκ
1929 1395 2044 1446 ψυχῆς
2075 1393 2166 1445 λέγω
2200 1393 2259 1430 καὶ
2290 1392 2472 1443 σώματος

1447 1457 1552 1500 Τίνος
1577 1450 1635 1494 οῧν
1662 1455 1776 1494 ἕνεκεν
1798 1455 1846 1506 μὴ
1866 1454 1930 1501 τὴν
1948 1455 2028 1501 ἴσην
2057 1454 2153 1492 αὐτοὶ
2173 1453 2338 1506 πρόνοιαν
2357 1456 2474 1506 ἀμφο-

1449 1518 1560 1571 τέροις
1581 1516 1815 1567 ἀπονέμομεν,
1835 1516 1924 1554 ἀλλὰ
1943 1516 1983 1554 τὸ
2002 1516 2045 1566 μὲ
2048 1532 2065 1552 ν
2090 1531 2195 1566 σωμα
2218 1531 2324 1552 παντι
2354 1514 2474 1567 τρόπῳ

1450 1578 1652 1632 θεραπευειν
1673 1577 1926 1628 σπουδάζομεν,
1942 1593 2004 1615 και
2026 1579 2156 1629 ἰατροῖς
2176 1592 2345 1629 χρηματα
2360 1575 2473 1614 διδόν-

1450 1658 1525 1686 τες,
1544 1640 1603 1679 καὶ
1623 1639 1718 1678 αὐτοὶ
1734 1639 1894 1684 πολλην
1884 1655 1964 1689 περι
1983 1638 2067 1676 αυτὸ
2086 1655 2149 1684 την
2171 1638 2407 1689 ἐπιμέλειαν
2393 1654 2474 1676 επι-

1450 1701 1688 1752 δεικνυμενοι.
1706 1716 1795 1739 και
1782 1702 1865 1738 s'tffl'u
1844 1715 1902 1746 ητι
1916 1701 2097 1738 πολυτελεῖ
2116 1699 2403 1752 περιέάλλοντες,
2417 1698 2477 1737 καὶ

1451 1762 1581 1815 τροφὴν
1601 1745 1706 1800 πλέον
1726 1777 1786 1800 του
1817 1760 1951 1801 δέοντος
1974 1760 2186 1813 παρέχοντες
2202 1791 2211 1804 ,
2233 1777 2291 1799 και
2308 1763 2343 1798 ἐν
2362 1759 2477 1798 ἀνεσει

1454 1823 1604 1869 διηνεκεῖ
1624 1820 1707 1858 αὐτὸ
1722 1824 1809 1857 εἰναι
1827 1819 2038 1870 βουλόμεθα,
2055 1820 2115 1857 καὶ
2134 1819 2202 1858 ὑπὸ
2230 1819 2376 1870 μηδενὸς
2390 1818 2478 1861 ὅλως

1453 1883 1672 1934 ἐνοχλεῖσθαι
1702 1881 1916 1930 νοσήματος·
1938 1879 2029 1920 ἀλλὰ
2055 1895 2120 1918 καν
2140 1880 2179 1918 τὸ
2211 1880 2316 1931 τυχὸν
2342 1896 2382 1918 το
2407 1881 2479 1917 ἐνο-

1455 1945 1559 1996 χλοῦν
1582 1937 1623 1995 ᾖ,
1643 1948 1759 1983 πᾶσαν
1780 1946 1941 1991 κινοῦμεν
1963 1941 2140 1993 μηχανὴν,
2164 1940 2256 1979 ὥστε
2283 1941 2322 1979 τὸ
2350 1943 2479 1980 λυποῦν

1457 2004 1731 2058 διορθώσασθαι;
1749 2003 1819 2042 Καὶ
1839 2003 1897 2041 ἐπὶ
1915 2003 1978 2054 μὲν
1992 2008 2053 2042 τοῦ
2069 2001 2251 2053 σώματος,
2269 2006 2328 2041 τοῦ
2343 2002 2481 2040 ἐλάττο-

1457 2083 1511 2111 νος
1530 2065 1621 2118 λέγω
1635 2065 1698 2112 τὴν
1714 2064 1856 2104 ουσίαν·
1875 2064 1910 2102 τί
1928 2063 1996 2116 γὰρ
2013 2064 2100 2112 ἴσον,
2118 2063 2193 2102 εἰπέ
2214 2079 2292 2114 μοι,
2307 2064 2401 2116 'buy->1
2419 2064 2480 2102 καὶ

1458 2130 1583 2178 cometa
1594 2144 1603 2175 ;
1618 2129 1662 2165 Εἰ
1679 2126 1747 2178 γὰρ
1767 2126 1882 2176 βουλει
1899 2125 1961 2172 τὴν
1974 2125 2141 2177 διαφορὰν
2158 2127 2254 2174 ἰδεῖν,
2271 2125 2395 2164 σκόπει
2407 2127 2482 2168 πῶς

1458 2187 1590 2231 οὐδενὸς
1620 2187 1724 2238 λόγου
1764 2186 1856 2230 ἄξιον
1886 2186 2084 2237 εὑρίσκεται
2112 2186 2152 2224 τὸ
2183 2201 2287 2236 σωμα
2323 2189 2386 2231 τῆς
2419 2188 2483 2237 ψυ-

1455 2252 1522 2300 χῆς
1553 2247 1844 2299 ἀναχωρησάσης.
1862 2246 1907 2284 ‘O
1936 2246 2048 2284 τοίνυν
2077 2251 2136 2293 τοῦ
2163 2245 2326 2296 σώματος
2358 2247 2483 2285 τοσαύ-

1457 2326 1520 2357 την
1546 2309 1710 2361 πρόνοιαν
1738 2301 1965 2361 ποιούμενος,
1998 2307 2088 2351 τίνος
2122 2308 2248 2356 ἕνεκεν,
2276 2308 2335 2345 καὶ
2365 2309 2420 2347 διὰ
2450 2309 2484 2346 τί

1457 2371 1609 2422 τοσαύτῃ
1629 2369 1708 2422 περὶ
1732 2369 1794 2416 τὴν
1815 2372 1877 2415 τῆς
1905 2371 2020 2421 ψυχῆς
2038 2368 2203 2422 πρόνοιαν
2235 2369 2407 2421 ὑπεροψίᾳ
2425 2385 2482 2407 κε-

1459 2435 1612 2485 χρῆσθαι
1634 2431 1770 2482 βούλει,
1799 2430 1858 2468 καί
1883 2430 1961 2468 οὔτε
1996 2431 2126 2482 τροφὴν
2149 2431 2235 2481 αὐτῇ
2265 2431 2484 2477 κατάλληλον

1460 2493 1662 2546 προσάγειν,
1676 2490 1739 2537 τὴν
1774 2494 1813 2530 ἐκ
1839 2494 1906 2529 τῶν
1938 2490 2036 2529 θείων
2062 2493 2209 2544 Γραφῶν
2237 2491 2330 2542 λέγω
2357 2491 2486 2543 παραί-

1460 2571 1564 2603 νεσιν,
1597 2555 1675 2593 οὔτε
1707 2559 1777 2598 τοῖς
1801 2553 1996 2605 τραύμασιν
2027 2555 2152 2600 αὐτῆς,
2177 2553 2237 2591 καὶ
2264 2559 2335 2596 τοῖς
2368 2553 2487 2591 ἕλκεσι

1460 2623 1530 2660 τοῖς
1550 2618 1771 2667 καθαιροῦσιν
1790 2617 1895 2660 αὖτ’-ῆς
1912 2614 1974 2661 τὴν
1997 2614 2110 2666 ἰσχὺν,
2130 2614 2189 2652 καὶ
2207 2614 2269 2662 τὴν
2286 2615 2487 2667 παρρησίαν

1460 2676 1752 2728 ὑποτεμνομένοις
1784 2676 1828 2715 τὰ
1866 2676 2046 2722 ἐπιτήδεια
2080 2676 2249 2728 φάρμακα
2276 2676 2464 2714 ἐπιτιθεναι
2477 2703 2487 2721 ,

1462 2738 1552 2778 ἀλλὰ
1574 2738 1630 2776 καὶ
1644 2743 1809 2789 περιορᾷν
1827 2736 1937 2787 ἀνέχῃ
1952 2736 2074 2783 αὐτὴν,
2093 2736 2152 2773 καὶ
2164 2738 2258 2788 λιμῷ
2278 2735 2486 2786 τηκομένην,

1460 2800 1519 2839 καὶ
1538 2800 1604 2838 ὑπὸ
1622 2802 1691 2836 τῶν
1708 2800 1817 2837 ἑλκῶν
1837 2796 2137 2850 διαφθειρομένην,
2160 2797 2219 2834 καὶ
2239 2796 2486 2847 προκειμένην,

1460 2865 1506 2905 ὡς
1528 2864 1646 2907 εἰπεῖν,
1668 2860 1825 2910 καθάπερ
1845 2859 1948 2903 κυσὶ,
1962 2864 2033 2901 τοῖς
2063 2863 2226 2909 πονηροῖς
2255 2857 2315 2895 καὶ
2349 2859 2489 2902 ἀτόποις

1460 2924 1640 2971 λογισμοῖς
1654 2948 1662 2965 ,
1677 2919 1768 2956 ὥστε
1785 2919 1950 2968 διασπᾷν,
1971 2917 2030 2955 καὶ
2046 2917 2104 2954 τὸν
2119 2916 2213 2954 τόνον
2231 2919 2336 2963 αὐτῆς
2350 2919 2489 2955 ἅπαντα

1463 2985 1658 3032 καθαιρεῖν;
1677 2979 1745 3017 Διὰ
1763 2978 1858 3029 τίμὴ
1880 2978 2043 3029 καθάπερ
2059 2982 2118 3015 τοῧ
2134 2976 2296 3026 σώματος
2316 2982 2376 3016 τοῦ
2395 2980 2489 3030 ὁρω-

1463 3041 1564 3090 μένου
1586 3038 1779 3088 ποιούμεθα
1808 3036 1871 3084 τὴν
1892 3036 2070 3089 πρόνοιαν,
2089 3037 2146 3074 τὸν
2168 3037 2270 3074 αὐτὸν
2292 3036 2333 3082 δὴ
2360 3037 2488 3088 τρόπον

1463 3103 1520 3140 καὶ
1552 3105 1613 3147 της
1646 3101 1763 3151 ψυχῆς
1794 3100 1857 3142 τῆς
1889 3098 2100 3148 ἀσωμάτου,
2126 3097 2184 3135 καὶ
2208 3096 2257 3147 μὴ
2286 3097 2487 3149 ὁρωμένης,

1462 3163 1564 3202 ὁπότε
1586 3162 1644 3199 καὶ
1663 3164 1685 3206 ἡ
1707 3160 1788 3210 περὶ
1805 3159 1935 3205 ταύτην
1958 3157 2140 3207 ἐπιμέλεια
2159 3159 2197 3195 οὐ
2224 3158 2325 3208 μόνον
2350 3159 2489 3201 εὔκολος

1462 3242 1520 3264 και
1539 3239 1671 3274 κοινῷ-,η
1692 3221 1782 3260 ἀλλὰ
1798 3235 1856 3258 και
1878 3220 2071 3265 ἀδαπανος,
2087 3234 2147 3256 και
2171 3221 2303 3263 οὐδενος
2329 3221 2486 3270 καμάτου

1468 3285 1630 3337 ᾗτοιιένη,
1652 3284 1720 3321 Και
1738 3284 1883 3319 ἐνταῦθα
1906 3280 1966 3331 μὲν
1988 3280 2045 3318 ἐπι
2065 3297 2125 3326 της
2147 3284 2205 3318 το)
2231 3281 2389 3332 σμ’)ματος
2409 3283 2486 3320 ἐπι-

1579 3389 1682 3421 ieilsis
1700 3395 1768 3423 τί...
1792 3400 1897 3432 σῶμα,
1917 3388 2102 3431 parenthesi
2122 3388 2282 3432 inclusis-,J
