2516 3791
126 657 310 696 Luc.23.l43.

126 1145 253 1176 Joan.3.
264 1145 312 1176 18.

126 1387 314 1430 loun-534·

139 2440 213 2467 Gen.
230 2447 259 2467 2.
275 2446 321 2476 ¹7·

143 2987 235 3016 l'cbu
260 2995 305 3016 11.

145 3029 192 3058 13.
207 3027 257 3068 4ο.

747 141 768 171 S
777 160 786 170 .
823 139 1007 171 ,ΙΟΑΝΝΙΞ
1041 135 1286 168 CHRYSOST.

328 143 419 190 790

326 225 499 262 latronem
512 222 772 274 alloquebatur,
790 220 973 259 hominem
986 219 1048 270 qui
1063 216 1278 256 sublimibus

324 285 552 337 dogmatibus
570 284 728 322 imbutus
749 296 817 320 non
835 282 966 330 fuerat,
992 292 1103 329 neque
1132 277 1177 316 de
1196 291 1279 330 pro-

325 346 445 399 phetia
466 344 665 397 quidquam
692 351 858 390 noverat,
879 340 942 378 sed
961 353 1064 377 omne
1090 348 1229 390 tempus
1244 338 1279 375 in

325 407 474 445 desertis
504 406 590 444 locis
623 411 856 454 transegerat,
891 400 1072 451 caedesque
1101 407 1278 452 patrarat,

325 482 438 519 neque
458 466 505 505 ad
520 465 725 504 concionem
752 477 923 514 umquam
942 462 979 500 in
999 461 1150 499 transitu
1170 459 1280 498 decli-

1325 133 1512 164 ARCfflEP
1519 154 1528 164 .
1567 134 1908 167 CONSTANTINOP
1916 155 1925 166 .

1354 214 1434 266 περὶ
1452 215 1677 268 προφητείας,
1700 216 1791 254 ἀλλὰ
1808 216 1924 256 πάντα
1942 217 2000 255 τὸν
2018 218 2141 270 χρόνον
2160 218 2194 255 ἓν
2214 216 2374 269 ἐρημίαις

1354 275 1605 327 διατρίψαντα,
1623 275 1683 314 καὶ
1701 275 1823 328 φόνους
1844 278 2080 330 ἐργασάμενον
2092 308 2105 325 ,
2129 277 2189 316 καὶ
2205 279 2294 329 μηδὲ
2309 295 2377 317 πα·

1357 335 1562 389 ρακύψαντοί
1596 352 1681 376 ποτε
1715 339 1763 382 εἷς
1792 338 1980 385 ἐκκλησίαν
1993 368 2004 388 ,
2035 339 2124 389 μήτε
2157 339 2377 392 μετασχόντα

1356 396 1448 441 Θείας
1477 397 1699 451 ἀκροάσεως,
1730 398 1778 449 μὴ
1805 399 1919 438 εἰδότα
1945 400 1981 438 τί
2010 400 2096 439 ποτέ
2116 402 2190 438 ἐστι
2216 400 2378 451 βασιλεία

1355 461 1424 496 τῶν
1453 460 1626 510 οὐρανῶν,
1658 464 1758 498 τοῦτο
1779 460 1895 511 ἔλεγε·
1928 460 2089 512 Σήμερον
2111 463 2185 511 μετ’
2210 464 2294 511 ἐμοῦ
2313 461 2375 513 ἔσῃ

326 539 440 579 narat,
475 541 588 578 neque
615 540 722 564 sacrae
752 524 914 563 lectionis
943 523 1120 576 particeps
1146 522 1278 571 suerat,
1293 553 1339 579 63²
1356 523 1390 559 ἐν
1409 523 1460 572 τῷ
1479 520 1692 574 παραδείσῳ·
1714 524 1764 574 τῷ
1785 523 2041 576 γνωριμωτέρῳ
2061 522 2121 561 καὶ
2139 522 2377 574 συνηθεστέρῳ

326 605 438 642 neque
453 589 542 640 quid
555 588 699 627 tandem
719 596 806 626 esset
824 599 975 638 regnum
990 585 1159 623 eaelorum
1173 598 1279 623 nove·
1304 591 1330 620 Λ
1355 582 1500 633 ὀνόματι
1519 586 1578 620 τοῦ
1599 582 1811 634 παραδείσου
1829 583 1892 629 τὴν
1922 583 2102 635 βασιλείαν
2130 586 2199 622 τῶν
2224 585 2377 636 οὐρανῶν

326 661 391 701 rat,
404 651 472 689 hoe
489 649 649 688 dicebat:
661 649 790 686 Hodie
809 660 956 685 mecum
970 649 1044 684 eris
1060 648 1102 682 in
1114 645 1279 697 paradi-

325 727 384 759 so;
397 711 526 750 notiori
540 720 574 749 et
589 709 766 748 usitatiori
791 707 932 746 nomine
955 706 1111 759 paradisi
1130 719 1281 757 regnum

325 774 492 812 caelorum
507 771 698 824 significat,
718 779 753 809 et
771 769 816 808 de
838 769 901 807 illo
921 768 1084 807 Christus
1101 766 1147 805 ad
1162 768 1281 819 ipsum

324 835 434 875 verba
444 834 541 872 facit.
556 832 729 871 Admitto.
755 831 862 870 Unde
882 830 993 882 igitur
1008 837 1143 868 constat
1162 829 1282 880 ipsum

323 897 362 935 in
379 909 532 948 regnum
547 889 713 933 caelorum
728 893 927 945 ingressum
945 892 1043 930 esse?
1054 891 1116 929 Ex
1129 904 1168 929 eo
1183 889 1282 941 quod

323 957 468 1007 dixerit,
489 957 618 995 Hodie
637 969 785 994 meeum
801 957 876 993 eris
895 956 936 992 in
950 953 1150 1005 paradise.
1171 951 1282 998 Quod

325 1019 355 1057 si
370 1018 557 1058 violentior
573 1017 650 1055 haec
668 1016 798 1055 solutio
824 1015 1006 1062 videatur,
1029 1012 1282 1051 dilucidiorem

323 1079 572 1132 adjungemus.
598 1078 774 1126 Quaenam
798 1077 861 1115 illa
888 1089 995 1128 porro
1015 1075 1096 1113 est?
1116 1073 1282 1112 Christus

327 1142 434 1191 djxit,
458 1142 532 1192 Qui
550 1154 628 1178 non
646 1141 768 1178 credit
793 1141 836 1176 in
851 1138 1012 1186 Filium,
1021 1139 1110 1189 jam
1117 1136 1281 1189 judica-

329 1212 389 1242 tus
408 1210 476 1241 est.
503 1201 603 1250 Quid
630 1200 772 1253 igitur?
784 1200 906 1252 jamne
920 1198 1104 1251 judicatus
1121 1197 1195 1236 est?
1220 1198 1283 1235 At—

327 1264 389 1316 qui
406 1263 567 1302 nondum
582 1271 634 1301 est
651 1261 876 1312 resurrectio,
889 1259 1051 1299 nondum
1065 1258 1285 1312 supplicium
1309 1258 1333 1289 Β

329 1334 364 1364 et
394 1339 500 1378 poena
527 1340 535 1362 :
561 1322 740 1376 quomodo
775 1336 858 1375 ergo
884 1323 960 1375 jam
984 1321 1168 1374 judjcatus
1201 1320 1284 1359 est?

330 1386 478 1439 Propter
496 1394 694 1439 peccatum.
714 1383 761 1422 Et
776 1397 921 1422 rursus:
939 1384 1014 1434 Qui
1026 1383 1147 1422 credit
1162 1383 1205 1419 in
1217 1383 1257 1421 F
1255 1384 1287 1420 i-

331 1448 440 1494 lium,
467 1446 599 1498 inquit,
622 1447 806 1484 transivit
836 1446 883 1482 de
911 1451 1032 1482 morte
1058 1444 1113 1481 ad
1139 1445 1282 1481 vitam.

326 1510 451 1559 Neque
460 1507 568 1556 dixit,
577 1507 775 1555 Transibit,
787 1505 861 1554 sed,
869 1505 946 1557 jam
960 1506 993 1543 T
991 1507 1171 1551 ransivit,
1183 1503 1287 1542 ethic

328 1582 451 1607 rursus
477 1576 623 1620 propter
643 1567 778 1605 bonum
804 1579 906 1618 opus,
926 1574 960 1603 et
984 1565 1045 1602 ille
1063 1578 1185 1602 rursus
1204 1578 1286 1616 pro-

328 1639 407 1682 pter
439 1637 637 1681 peccatum.
666 1629 717 1666 Ut
747 1626 858 1678 igitur
888 1640 981 1664 unus
1005 1625 1189 1678 judicatus
1219 1633 1284 1675 est,

329 1704 412 1729 011111
445 1689 605 1728 nondum
637 1688 745 1726 suerit
785 1687 981 1740 judicatus,
1021 1687 1112 1724 alter
1147 1701 1289 1737 quoquc

330 1752 494 1791 transivit
512 1751 558 1789 ad
579 1750 691 1790 vitam
704 1780 714 1799 ,
745 1764 828 1788 cum
853 1747 1014 1787 nondum
1041 1748 1238 1797 transierit,
1255 1757 1289 1787 et

331 1822 405 1851 tam
423 1812 471 1850 ad
490 1826 605 1850 unum
620 1811 666 1849 ob
683 1811 819 1849 bonum
834 1824 936 1863 opus,
953 1823 1058 1861 quam
1075 1809 1120 1847 ad
1138 1810 1289 1847 alterum

331 1874 378 1911 ob
394 1883 594 1926 peccatum,
611 1873 711 1924 quasi
724 1872 800 1924 jam
815 1885 869 1909 res
885 1869 1091 1919 acciderint,
1108 1884 1188 1908 cum
1202 1884 1290 1908 non-

331 1935 420 1973 dum
439 1934 654 1984 acciderint,
676 1933 786 1973 verba
802 1932 886 1970 facit
901 1947 909 1968 ι
923 1932 973 1969 510
991 1940 1025 1970 et
1045 1930 1094 1969 ad
1116 1931 1291 1969 latronem

331 1996 486 2035 dicebat.
520 1997 612 2034 Nam
634 2004 668 2033 et
686 1993 816 2032 medici
835 2002 1022 2045 postquam
1050 1992 1207 2043 aliquem
1230 1991 1291 2029 de-

333 2067 514 2110 speratum
531 2057 674 2106 vident,
697 2069 779 2094 eum
797 2053 944 2107 periisse
957 2054 1035 2106 jam
1055 2062 1088 2091 et
1107 2061 1291 2090 mortuum

334 2133 407 2157 esse
425 2119 563 2167 dicunt,
584 2116 723 2155 tametsi
742 2116 934 2168 spirantem
955 2114 1073 2152 adhue
1092 2114 1288 2152 intuentur.

335 2180 406 2218 Sed
424 2189 463 2217 ut
491 2180 566 2230 ille,
598 2177 767 2229 quoniam
797 2176 898 2214 nulla
920 2183 1081 2227 superest
1109 2189 1187 2227 spes
1215 2175 1292 2227 ejus

335 2241 481 2290 salutis,
515 2239 613 2293 apud
643 2237 800 2276 medicos
831 2238 905 2289 jam
939 2245 1101 2274 mortuus
1131 2245 1184 2273 est
1210 2252 1218 2273 :
1241 2236 1293 2274 sie

335 2302 442 2340 ctiam
460 2303 567 2351 latro,
594 2299 765 2352 quoniam
781 2298 982 2351 periculum
999 2311 1103 2335 omne
1125 2297 1295 2335 reversio-

337 2363 392 2402 nis
412 2363 458 2402 ad
476 2362 710 2416 perditionem
739 2363 815 2414 jam
838 2367 1015 2409 evaserat,
1037 2358 1074 2396 in
1095 2358 1221 2396 caelum
1240 2359 1294 2397 in-

338 2426 458 2465 travit.
485 2425 546 2463 Sic
573 2424 681 2462 etiam
709 2422 852 2462 audivit
878 2420 1018 2459 Adam:
1040 2421 1125 2471 Qua
1144 2421 1206 2458 die
1224 2433 1295 2458 au-

339 2497 414 2526 tem
441 2488 596 2525 ederitis
626 2500 673 2524 est·
705 2498 762 2532 e0,
787 2492 909 2522 morte
934 2485 1165 2520 moriemini.
1197 2481 1296 2529 Quid

338 2549 476 2602 igitur?
497 2562 541 2586 an
575 2547 637 2585 illo
662 2546 742 2599 ipso
772 2545 830 2584 die
861 2553 1024 2583 mortuus
1054 2543 1295 2595 0519Νο111111-

340 2624 460 2661 quam,
479 2609 542 2647 sed
570 2617 650 2662 post
676 2608 781 2646 illum
810 2606 907 2645 diem
935 2614 1129 2658 nongentos
1149 2605 1245 2644 vixit
1263 2614 1297 2643 et

339 2672 457 2723 plures
478 2684 600 2709 annos.
627 2670 701 2707 Cur
730 2668 841 2721 igitur
861 2667 959 2706 dixit
987 2668 1097 2715 Deus,
1125 2666 1194 2705 Illa
1219 2666 1297 2719 ipsa

340 2732 399 2770 die
425 2730 653 2769 moriemini?
673 2729 871 2778 Sententia,
892 2742 962 2767 non
984 2727 1215 2780 experientia.
1237 2727 1297 2766 Sic

340 2794 445 2832 ctiam
462 2794 554 2831 latro
574 2793 608 2830 in
632 2792 758 2830 caelum
788 2791 967 2842 ingressus
991 2799 1056 2828 est.
1085 2787 1183 2828 Audi
1199 2802 1296 2840 sane,

341 2855 429 2906 quid
445 2854 541 2892 dicat
563 2854 694 2891 Paulus
705 2883 715 2902 ,
734 2861 772 2890 ut
787 2852 961 2890 neminem
991 2850 1109 2889 adhuc
1121 2850 1297 2888 bonorum

343 2916 613 2954 retributionem
646 2913 820 2965 accepisse
847 2912 1123 2951 decla1·et:nam
1143 2924 1226 2948 cum
1255 2909 1299 2948 (10

344 2977 524 3030 prophetis
554 2990 594 3014 ac
619 2975 725 3027 justis
756 2975 965 3022 dissereret,
1001 2973 1129 3025 adjecit
1149 2988 1156 3009 :
1174 2973 1299 3011 Juxta

333 3040 461 3092 fidem
481 3039 657 3091 defuncti
685 3046 775 3075 sunt
805 3038 870 3074 isti
900 3047 1045 3080 omnes,
1067 3048 1154 3072 cum
1173 3045 1301 3085 repro-

347 3104 545 3139 missiones
574 3113 652 3136 non
678 3100 926 3149 accepissent,
948 3097 1016 3135 sed
1044 3109 1069 3134 a
1094 3096 1207 3147 longe
1234 3107 1300 3132 eas

345 3164 598 3215 aspexissent,
622 3168 658 3198 et
678 3160 927 3205 salutassent,
957 3159 1042 3196 Deo
1071 3157 1208 3195 melius
1227 3156 1302 3194 ali-

346 3225 442 3276 quid
457 3235 527 3275 pro
549 3223 655 3259 nobis
673 3221 913 3272 providente,
934 3227 975 3257 ut
997 3233 1074 3256 non
1090 3221 1172 3256 sine
1193 3218 1302 3254 nobis

348 3291 717 3323 ‹w›nsmnmarentur.
738 3282 823 3319 llaec
847 3289 979 3331 notate,
1002 3295 1042 3318 ac
1068 3278 1237 3317 memoria
1256 3287 1302 3315 te-
1328 3279 1350 3308 Ε

348 3356 439 3397 nete,
469 3344 676 3396 eosquequi
698 3357 766 3382 11011
793 3342 998 3392 audierunt,
1026 3341 1174 3392 (100010,
1199 3349 1302 3392 atque

1356 644 1453 690 δηλοῖ
1469 672 1479 691 ,
1499 643 1559 681 καὶ
1577 643 1658 695 περὶ
1689 643 1823 691 ἐκείνης
1849 643 2161 696 αὐτῷ-διαλέγεται
2178 646 2197 681 ὁ
2216 642 2378 696 Χριστός.

1354 703 1528 757 Δέχομαι.
1561 706 1698 743 Οὐκοῦν
1711 733 1722 752 ,
1750 704 1874 757 φησὶν,
1902 706 2040 752 εἷο-ἦλθε
2056 707 2102 747 εἰς
2118 705 2181 751 τὴν
2200 702 2379 756 βασιλείαν

1355 767 1425 803 τῶν
1455 767 1620 818 οὐρανῶν.
1653 764 1765 804 Πόθεν
1793 766 1924 814 δῆλον;
1966 765 2031 810 Ἐξ
2057 759 2105 804 ῶν
2129 759 2226 814 εἷπε,
2262 764 2381 815 Σήμε·

1359 841 1415 878 ρον
1443 825 1520 877 μετ’
1550 827 1635 878 ἐμοῦ
1666 825 1728 878 ἔσῃ
1757 829 1793 866 ἐν
1819 829 1870 879 τῷ
1901 826 2117 880 παραδείσῳ.
2147 828 2192 865 Εἰ
2211 825 2248 864 δὲ
2270 828 2381 878 βιαιο·

1356 885 1441 948 τέρα
1467 890 1489 934 ἡ
1523 886 1617 930 λύσις
1638 887 1748 936 αὕτη,
1769 887 1831 935 τὴν
1871 889 2085 942 σαφεστέραν
2111 887 2296 939 ἐπάξομεν.
2335 886 2382 925 Τί

1358 950 1416 985 οὐν
1459 949 1551 1005 ἐστιν
1597 947 1685 995 αὕτη
1699 963 1710 997 ;
1759 943 1869 987 Εἶπεν
1899 951 1917 988 ὁ
1946 950 2098 1002 Χριστὸς
2111 979 2122 998 ,
2161 948 2207 988 Ὁ
2239 948 2288 999 μὴ
2318 964 2381 986 πι-

1359 1007 1489 1047 στεύων
1521 1010 1569 1052 εἷς
1602 1008 1660 1047 τὸν
1690 1008 1774 1047 Υἱὸν
1789 1038 1800 1057 ,
1832 1009 1900 1058 ἤδη
1927 1009 2086 1062 κέκριται
2125 1009 2174 1048 Τί
2203 1003 2288 1058 οὐν,
2313 1009 2382 1056 ἤδη

1359 1069 1518 1122 κέκριται
1532 1085 1544 1120 3
1563 1069 1689 1108 Καίτοι
1714 1069 1812 1109 οὔπω
1834 1070 2036 1118 ἀνάστασις,
2052 1070 2149 1110 οὔπω
2164 1070 2307 1114 κόλασις
2323 1070 2384 1109 καὶ

1359 1127 1513 1182 τιμωρία
1526 1145 1534 1154 ·
1558 1131 1632 1174 πῶς
1651 1124 1709 1169 οὐν
1727 1130 1795 1178 ἤδη
1815 1131 1993 1185 κέκριται,
2015 1132 2099 1170 Ἀπὸ
2115 1134 2178 1179 τῆς
2197 1130 2382 1183 ἁμαρτίας.

1359 1190 1431 1230 Καὶ
1449 1190 1570 1240 πάλιν,
1582 1190 1629 1230 ‘O
1647 1190 1821 1230 πιστεύων
1840 1194 1887 1236 εἰς
1906 1191 1964 1231 τὸν
1982 1192 2088 1242 Υἱὸν,
2107 1191 2216 1245 φησὶ,
2236 1191 2384 1243 μεταὸέ-

1360 1252 1467 1300 ὅηκεν
1496 1254 1537 1291 ἐκ
1562 1256 1623 1291 τοῦ
1649 1252 1798 1292 θανάτου
1825 1255 1873 1298 εἷς
1898 1254 1962 1301 τὴν
1989 1253 2092 1301 ζωήν.
2120 1253 2192 1293 Καὶ
2219 1255 2282 1292 οὐκ
2298 1247 2386 1300 εἷπε,

1363 1313 1621 1364 μεταὸήσεται,
1646 1313 1737 1362 ἀλλ’,
1756 1313 1825 1362 ἤδη
1843 1315 2078 1359 Μεταὸέὸηκε
2091 1329 2101 1338 ·
2127 1314 2188 1353 καὶ
2203 1308 2300 1358 οὗτος
2317 1313 2385 1351 ποί-

1361 1377 1414 1414 λιν
1437 1374 1506 1413 ἀπὸ
1524 1377 1585 1413 τοῦ
1614 1374 1884 1428 κατορθώματος
1899 1405 1910 1424 ,
1937 1379 2095 1421 κάκεῖνος
2112 1376 2218 1415 πάλιν
2238 1376 2308 1414 ἀπὸ
2324 1378 2385 1414 τοῦ

1363 1435 1628 1488 ἁμαρτήματος.
1654 1435 1796 1490 εὨσπερ
1816 1431 1873 1476 οὐν
1896 1440 2023 1481 ἐκεῖνος
2041 1437 2220 1490 κέκριται,
2237 1435 2386 1488 μηδέπω

1362 1494 1582 1547 κρινόμενος,
1601 1497 1757 1539 κάκεῖνος
1776 1496 2016 1546 μεταὸέὸηκεν
2042 1498 2089 1540 εἷς
2101 1496 2163 1544 τὴν
2180 1495 2270 1543 ζωὴν
2287 1525 2297 1543 ,
2319 1512 2385 1546 μη-

1363 1555 1459 1593 δέπω
1493 1555 1669 1607 μεταὸὰς,
1705 1556 1765 1595 καὶ
1793 1558 1880 1609 πρὸς
1921 1560 2050 1596 ἐκεῖνον
2080 1557 2150 1596 ἀπὸ
2176 1561 2236 1595 τοῦ
2264 1572 2387 1609 κατορ-

1364 1616 1524 1668 θώματος
1540 1646 1550 1665 ,
1583 1617 1643 1655 καὶ
1671 1617 1756 1669 πρὸς
1782 1623 1903 1656 τοῦτον
1935 1619 2004 1657 ἀπὸ
2029 1622 2092 1656 τοῦ
2123 1618 2388 1671 ἁμαρτήματος,

1364 1680 1410 1721 ὡς
1455 1677 1694 1729 γεγενημένων
1730 1677 1770 1725 δὴ
1812 1678 2030 1732 πραγμάτων
2068 1678 2164 1718 οὔπω
2200 1679 2388 1731 γεγενημέ-

1365 1754 1431 1776 νων
1445 1737 1644 1790 διαλέγεται
1659 1755 1666 1762 ·
1683 1738 1772 1777 οὕτω
1786 1739 1846 1777 καὶ
1860 1739 1945 1791 πρὸς
1961 1739 2018 1778 τὸν
2033 1740 2167 1792 λῃστὴν
2182 1740 2290 1792 ἔλεγε.
2319 1740 2389 1779 Καὶ

1365 1799 1433 1852 γὰρ
1449 1802 1480 1838 οἱ
1500 1799 1633 1852 ἰατροὶ,
1657 1799 1796 1839 ἐπειδὰν
1818 1799 1917 1838 ἴδωσί
1931 1817 2009 1839 τινα
2025 1801 2312 1853 ἀπεγνωσμένον,
2331 1801 2388 1840 λέ-

1365 1877 1505 1913 γουσιν,
1534 1861 1588 1900 ὅτι
1610 1862 1677 1909 ἤδη
1706 1861 1851 1910 τέθνηκε
1873 1863 1932 1900 καὶ
1959 1862 2077 1916 νεκρός
2096 1865 2191 1909 ἐστι,
2221 1862 2389 1914 καίτοιγε

1367 1924 1418 1961 ἔτι
1432 1923 1627 1974 ἐμπνέοντα
1644 1923 1840 1975 βλέποντες.
1858 1923 1949 1962 Ἀλλ’
1968 1923 2088 1977 ὥσπερ
2107 1926 2250 1969 ἐκεῖνος,
2266 1925 2387 1971 ἐπειδὴ

1366 1985 1492 2023 ἐλπίδα
1508 1984 1683 2037 σωτηρίας
1702 1986 1764 2023 οὐκ
1780 1984 1866 2037 ἔχει,
1886 1985 2029 2033 τέθνηκε
2048 1985 2145 2038 παρὰ
2157 1992 2228 2030 τοῖς
2247 1988 2390 2038 ἰατροῖς·

1367 2046 1457 2084 οὕτω
1489 2047 1548 2085 καὶ
1577 2049 1595 2084 ὃ
1621 2046 1751 2098 λῃστὴς
1765 2077 1776 2095 ,
1798 2046 1917 2094 ἐπειδὴ
1934 2047 2144 2099 προσδοκίαν
2164 2046 2281 2086 οὐκέτι
2298 2041 2389 2100 εἶχεν

1367 2110 1587 2160 ὑποστροφῆς
1600 2110 1647 2151 εἷς
1661 2106 1853 2156 ἀπώλειαν,
1871 2109 2089 2155 εἰσελήλυθεν
2105 2111 2153 2152 εἷς
2162 2109 2219 2146 τὸν
2232 2108 2388 2161 οὐρανόν.

1368 2166 1473 2206 Οὕτω
1490 2167 1550 2204 καὶ
1572 2170 1590 2205 ὁ
1613 2166 1726 2217 Ἀδὰμ
1745 2167 1892 2213 ἤκουσεν
1905 2197 1915 2216 ,
1943 2163 1992 2223 Tl‘l
2009 2167 2040 2206 δ’
2060 2167 2099 2206 ἂν
2122 2168 2240 2222 ἡμέρα
2259 2168 2394 2221 φάγητε

1369 2227 1439 2266 ἀπὸ
1453 2233 1513 2266 τοῦ
1527 2227 1640 2276 ξύλου,
1657 2227 1794 2280 θανάτῳ
1814 2229 2050 2268 ἀποθανεῖσθε.
2076 2229 2124 2267 Τί
2143 2223 2200 2268 οὐν
2216 2246 2225 2277 ;
2242 2232 2329 2281 αὐτῇ
2345 2232 2389 2276 τῆ

1369 2288 1486 2342 ἡμέρᾳ
1516 2288 1705 2337 ἀπέθανεν;
1728 2290 1922 2340 Οὐδαμῶς·
1943 2289 2021 2328 ἀλλ’
2051 2290 2170 2338 ἔζησεν
2199 2290 2259 2338 ἔτη
2276 2293 2391 2329 ἐννεα-

1370 2350 1471 2389 κόσια
1487 2349 1545 2389 καὶ
1559 2349 1720 2388 ἐπέκεινα
1736 2349 1825 2400 μετὰ
1838 2351 1900 2398 τὴν
1917 2351 2052 2404 ἡμέραν
2068 2351 2215 2399 ἐκείνην.
2236 2353 2318 2396 Πῶς
2334 2346 2392 2391 οὐν

1371 2407 1485 2462 ἔλεγεν
1499 2414 1517 2449 ὁ
1530 2410 1630 2458 Θεὸς,
1638 2410 1690 2453 ὅτι
1703 2414 1747 2463 τῇ
1759 2413 1844 2463 αὐτῇ
1860 2411 1976 2465 ἡμέρᾳ
1985 2415 2230 2461 ἀποθανεῖσθε;
2242 2414 2297 2465 Τῇ
2308 2416 2393 2451 ἀπο-

1372 2473 1486 2526 φάσει,
1501 2475 1538 2512 οὐ
1552 2476 1594 2525 τῇ
1609 2472 1726 2525 πείρᾳ.
1740 2472 1843 2511 Οὕτω
1857 2473 1944 2511 καὶὸ
1954 2472 2087 2525 λῃστὴς
2102 2475 2259 2520 εἰσῆλθεν
2274 2476 2321 2517 εἷς
2333 2474 2392 2512 τὸν

1372 2535 1526 2589 οὐρανόν.
1555 2534 1720 2573 Ἄκουσον
1742 2539 1821 2586 γοῦν
1840 2533 1875 2572 τί
1891 2550 1994 2587 φησιν
2011 2538 2028 2573 ὃ
2042 2536 2193 2581 Παῦλος,
2209 2536 2322 2581 δηλῶν
2339 2535 2392 2573 ὅτι

1372 2597 1482 2641 οὐδεὶς
1497 2596 1631 2635 οὐδέπω
1644 2598 1712 2633 τῶν
1729 2597 1865 2647 ἀγαθῶν
1878 2596 2034 2635 ἀπέλαὲε
2047 2595 2108 2643 τὴν
2119 2595 2303 2634 ἀντίδοσιν·
2312 2597 2392 2649 περὶ

1371 2658 1439 2711 γὰρ
1456 2660 1523 2696 τῶν
1539 2658 1726 2710 προφητῶν
1740 2656 1800 2694 καὶ
1815 2659 1883 2694 τῶν
1900 2657 2042 2695 δικαίων
2058 2656 2298 2709 διαλεγόμενος
2313 2658 2393 2706 ἐπή-

1373 2735 1478 2772 γαγε·
1503 2718 1606 2758 Κατὰ
1625 2718 1742 2757 πίστιν
1759 2717 1928 2756 ἀπέθανον
1945 2712 2040 2756 οῦτοι
2057 2718 2202 2766 πάντες,
2224 2718 2272 2770 μὴ
2290 2734 2393 2770 κομι*

1374 2780 1518 2832 σάμενοι
1533 2779 1595 2823 τὰς
1611 2778 1831 2831 ἐπαγγελίας,
1848 2779 1938 2817 ἀλλὰ
1952 2779 2128 2832 πόρρωθεν
2144 2780 2271 2824 εἰδότες
2286 2780 2393 2824 αὐτὰς

1375 2842 1434 2881 καὶ
1463 2841 1731 2892 ἀσπασάμενοι,
1761 2843 1820 2879 τοῦ
1842 2842 1934 2880 Θεοῦ
1961 2840 2119 2893 κρεῖσσόν
2138 2857 2174 2879 τι
2196 2840 2276 2893 περὶ
2291 2844 2392 2893 ἡμῶν

1375 2903 1662 2957 προέλεψαμένου
1675 2932 1685 2951 ,
1720 2900 1778 2939 ἵνα
1814 2900 1862 2953 μὴ
1895 2901 2004 2954 χωρὶς
2039 2904 2141 2953 ἡμῶν
2171 2903 2393 2940 τελειωθῶσι.

1375 2967 1497 3005 Ταῦτα
1517 2966 1684 3016 κατέχετε
1699 2994 1709 3013 ,
1729 2964 1789 3002 καὶ
1815 2964 2010 3015 μέμνησθε,
2041 2963 2100 3001 καὶ
2120 2962 2197 3007 τοὺς
2223 2965 2286 3001 οὐκ
2310 2965 2394 3011 ἀκη-

1374 3026 1496 3070 κοότας
1528 3026 1728 3064 διδάσκετε·
1762 3029 1871 3063 ταῦτα
1901 3025 1960 3062 καὶ
1987 3026 2023 3062 ἐν
2050 3024 2242 3075 ἐκκλησίᾳ,
2269 3023 2328 3061 καὶ
2359 3026 2392 3063 ἐν

1376 3091 1504 3142 ἀγορᾷ,
1533 3087 1592 3125 καὶ
1624 3090 1658 3126 ἐν
1681 3086 1773 3140 οἰκίᾳ
1802 3086 1981 3138 μελετοίτω
2002 3087 2156 3128 ἕκαστος.
2190 3085 2302 3125 Οὐδὲν
2327 3086 2394 3137 γὰρ

1376 3151 1539 3203 ἡδύτερον
1574 3149 1774 3202 ἀκροάσεως
1817 3148 1920 3192 Οείας.
1948 3147 2111 3187 Ἄκουσον
2144 3151 2225 3199 γοῦν
2244 3146 2279 3185 τί
2309 3163 2393 3199 φησι

1377 3212 1456 3264 περὶ
1475 3211 1604 3258 ταύτης
1618 3213 1636 3248 ὁ
1654 3209 1853 3263 προφήτης·
1873 3209 1937 3253 Ὡς
1955 3208 2086 3260 γλυκέα
2101 3211 2150 3261 τῷ
2168 3207 2314 3260 λάρυγγί
2329 3225 2393 3259 μου

1376 3275 1420 3313 τὰ
1444 3273 1546 3325 λόγιά
1568 3289 1641 3319 σου,
1660 3272 1747 3325 ὑπὲρ
1771 3271 1850 3322 μέλι
1869 3271 1928 3308 καὶ
1942 3269 2063 3322 κηρίον
2078 3273 2128 3323 τῷ
2148 3269 2295 3320 στόματί
2316 3286 2393 3320 μου.

1378 3339 1492 3377 Τοῦτο
1517 3334 1627 3372 τοίνυν
1657 3333 1841 3385 παρατίθει
1872 3332 1910 3369 τὸ
1930 3331 2048 3383 κηρίον
2068 3332 2123 3369 ἐπὶ
2145 3334 2203 3377 τῆς
2224 3331 2396 3383 τραπέζης

2487 2937 2498 3255 ἔ
