<?xml version="1.0" encoding="UTF-8"?>
<!DOCTYPE html PUBLIC "-//W3C//DTD XHTML 1.0 Transitional//EN"
    "http://www.w3.org/TR/xhtml1/DTD/xhtml1-transitional.dtd">
<html xmlns="http://www.w3.org/1999/xhtml" xml:lang="en" lang="en">
 <head>
  <title>
</title>
<meta http-equiv="Content-Type" content="text/html;charset=utf-8" />
  <meta name='ocr-system' content='tesseract 3.04.00' />
  <meta name='ocr-capabilities' content='ocr_page ocr_carea ocr_par ocr_line ocrx_word'/>
</head>
<body>
  <div class='ocr_page' id='page_1' title='image "./operaomniaquaeex04johnuoft_0848.png"; bbox 0 0 2516 3791; ppageno 0'>
   <div class='ocr_carea' id='block_1_1' title="bbox 133 1122 313 1851">
    <p class='ocr_par' dir='ltr' id='par_1_1' title="bbox 133 1122 313 1851">
     <span class='ocr_line' id='line_1_1' title="bbox 133 1122 304 1163; baseline 0.012 -12"><span class='ocrx_word' id='word_1_1' title='bbox 133 1122 304 1163; x_wconf 58' lang='lat' dir='ltr'>E.rozl.1‡.</span> 
     </span>
     <span class='ocr_line' id='line_1_2' title="bbox 138 1166 182 1193; baseline -0.023 0"><span class='ocrx_word' id='word_1_2' title='bbox 138 1166 182 1193; x_wconf 82' lang='lat'>15.</span> 
     </span>
     <span class='ocr_line' id='line_1_3' title="bbox 136 1813 313 1851; baseline 0 -10"><span class='ocrx_word' id='word_1_3' title='bbox 136 1824 161 1841; x_wconf 77' lang='grc' dir='ltr'>ι.</span> <span class='ocrx_word' id='word_1_4' title='bbox 189 1813 261 1851; x_wconf 62' lang='lat' dir='ltr'>neg.</span> <span class='ocrx_word' id='word_1_5' title='bbox 288 1822 313 1841; x_wconf 83' lang='lat'>1.</span> 
     </span>
    </p>
   </div>
   <div class='ocr_carea' id='block_1_2' title="bbox 331 170 423 216">
    <p class='ocr_par' dir='ltr' id='par_1_2' title="bbox 331 170 423 216">
     <span class='ocr_line' id='line_1_4' title="bbox 331 170 423 216; baseline 0 0"><span class='ocrx_word' id='word_1_6' title='bbox 331 170 423 216; x_wconf 84' lang='lat'>828</span> 
     </span>
    </p>
   </div>
   <div class='ocr_carea' id='block_1_3' title="bbox 331 261 1287 1231">
    <p class='ocr_par' dir='ltr' id='par_1_3' title="bbox 331 261 1287 1035">
     <span class='ocr_line' id='line_1_5' title="bbox 332 261 1282 318; baseline -0.009 -12"><span class='ocrx_word' id='word_1_7' title='bbox 332 268 433 317; x_wconf 81' lang='lat' dir='ltr'>fecit,</span> <span class='ocrx_word' id='word_1_8' title='bbox 452 267 540 306; x_wconf 89' lang='lat' dir='ltr'>dum</span> <span class='ocrx_word' id='word_1_9' title='bbox 559 280 628 305; x_wconf 92' lang='lat' dir='ltr'>non</span> <span class='ocrx_word' id='word_1_10' title='bbox 655 267 761 318; x_wconf 84' lang='lat' dir='ltr'>longo</span> <span class='ocrx_word' id='word_1_11' title='bbox 780 278 958 313; x_wconf 85' lang='lat' dir='ltr'>sermone,</span> <span class='ocrx_word' id='word_1_12' title='bbox 987 263 1048 301; x_wconf 89' lang='lat' dir='ltr'>sed</span> <span class='ocrx_word' id='word_1_13' title='bbox 1076 261 1211 300; x_wconf 84' lang='lat' dir='ltr'>crebris</span> <span class='ocrx_word' id='word_1_14' title='bbox 1241 274 1282 298; x_wconf 90' lang='lat' dir='ltr'>ac</span> 
     </span>
     <span class='ocr_line' id='line_1_6' title="bbox 331 321 1283 380; baseline -0.009 -14"><span class='ocrx_word' id='word_1_15' title='bbox 331 328 574 379; x_wconf 80' lang='lat' dir='ltr'>frequentibus</span> <span class='ocrx_word' id='word_1_16' title='bbox 597 326 764 380; x_wconf 89' lang='lat' dir='ltr'>precibus</span> <span class='ocrx_word' id='word_1_17' title='bbox 777 325 868 363; x_wconf 81' lang='lat' dir='ltr'>adiit</span> <span class='ocrx_word' id='word_1_18' title='bbox 882 326 1012 362; x_wconf 85' lang='lat' dir='ltr'>Deum.</span> <span class='ocrx_word' id='word_1_19' title='bbox 1032 321 1170 359; x_wconf 85' lang='lat' dir='ltr'>Deinde</span> <span class='ocrx_word' id='word_1_20' title='bbox 1185 329 1283 373; x_wconf 90' lang='lat' dir='ltr'>post-</span> 
     </span>
     <span class='ocr_line' id='line_1_7' title="bbox 334 381 1284 439; baseline -0.009 -12"><span class='ocrx_word' id='word_1_21' title='bbox 334 402 481 439; x_wconf 88' lang='lat' dir='ltr'>eaquam</span> <span class='ocrx_word' id='word_1_22' title='bbox 499 386 661 426; x_wconf 87' lang='lat' dir='ltr'>sacerdos</span> <span class='ocrx_word' id='word_1_23' title='bbox 701 386 755 423; x_wconf 80' lang='lat' dir='ltr'>illi</span> <span class='ocrx_word' id='word_1_24' title='bbox 771 383 918 423; x_wconf 88' lang='lat' dir='ltr'>occlusit</span> <span class='ocrx_word' id='word_1_25' title='bbox 936 396 974 421; x_wconf 90' lang='lat' dir='ltr'>os</span> <span class='ocrx_word' id='word_1_26' title='bbox 1002 397 1010 418; x_wconf 78' lang='grc' dir='ltr'>ε</span> <span class='ocrx_word' id='word_1_27' title='bbox 1033 395 1115 420; x_wconf 88' lang='lat' dir='ltr'>nam</span> <span class='ocrx_word' id='word_1_28' title='bbox 1141 381 1209 419; x_wconf 90' lang='lat' dir='ltr'>hoc</span> <span class='ocrx_word' id='word_1_29' title='bbox 1233 390 1284 418; x_wconf 89' lang='lat' dir='ltr'>est</span> 
     </span>
     <span class='ocr_line' id='line_1_8' title="bbox 335 444 1285 500; baseline -0.007 -13"><span class='ocrx_word' id='word_1_30' title='bbox 335 448 430 500; x_wconf 89' lang='lat' dir='ltr'>quod</span> <span class='ocrx_word' id='word_1_31' title='bbox 450 448 526 499; x_wconf 90' lang='lat' dir='ltr'>ait,</span> <span class='ocrx_word' id='word_1_32' title='bbox 554 449 792 486; x_wconf 76' lang='lat' dir='ltr'>observabat</span> <span class='ocrx_word' id='word_1_33' title='bbox 815 459 855 483; x_wconf 75' lang='grc' dir='ltr'>ος</span> <span class='ocrx_word' id='word_1_34' title='bbox 879 446 977 497; x_wconf 84' lang='lat' dir='ltr'>ejus,</span> <span class='ocrx_word' id='word_1_35' title='bbox 996 452 1033 482; x_wconf 85' lang='lat' dir='ltr'>et</span> <span class='ocrx_word' id='word_1_36' title='bbox 1064 444 1172 481; x_wconf 82' lang='lat' dir='ltr'>labia</span> <span class='ocrx_word' id='word_1_37' title='bbox 1203 445 1285 495; x_wconf 84' lang='lat' dir='ltr'>ejus</span> 
     </span>
     <span class='ocr_line' id='line_1_9' title="bbox 336 505 1285 556; baseline -0.008 -7"><span class='ocrx_word' id='word_1_38' title='bbox 336 513 603 556; x_wconf 77' lang='lat' dir='ltr'>movebantur,</span> <span class='ocrx_word' id='word_1_39' title='bbox 625 523 705 546; x_wconf 66' lang='lat' dir='ltr'>voa:</span> <span class='ocrx_word' id='word_1_40' title='bbox 725 515 854 545; x_wconf 84' lang='lat' dir='ltr'>autem</span> <span class='ocrx_word' id='word_1_41' title='bbox 872 506 981 544; x_wconf 80' lang='lat' dir='ltr'>illius</span> <span class='ocrx_word' id='word_1_42' title='bbox 996 519 1074 543; x_wconf 84' lang='lat' dir='ltr'>non</span> <span class='ocrx_word' id='word_1_43' title='bbox 1101 505 1285 542; x_wconf 78' lang='lat' dir='ltr'>audieba-</span> 
     </span>
     <span class='ocr_line' id='line_1_10' title="bbox 338 565 1287 615; baseline -0.006 -7"><span class='ocrx_word' id='word_1_44' title='bbox 338 581 401 608; x_wconf 85' lang='lat' dir='ltr'>tur</span> <span class='ocrx_word' id='word_1_45' title='bbox 422 586 433 606; x_wconf 82' lang='lat'>.·</span> <span class='ocrx_word' id='word_1_46' title='bbox 454 579 570 607; x_wconf 86' lang='lat' dir='ltr'>coacta</span> <span class='ocrx_word' id='word_1_47' title='bbox 588 577 640 607; x_wconf 89' lang='lat' dir='ltr'>est</span> <span class='ocrx_word' id='word_1_48' title='bbox 659 567 804 606; x_wconf 88' lang='lat' dir='ltr'>obedire</span> <span class='ocrx_word' id='word_1_49' title='bbox 822 565 1018 615; x_wconf 87' lang='lat' dir='ltr'>sacerdoti,</span> <span class='ocrx_word' id='word_1_50' title='bbox 1032 574 1067 604; x_wconf 89' lang='lat' dir='ltr'>et</span> <span class='ocrx_word' id='word_1_51' title='bbox 1089 565 1135 602; x_wconf 87' lang='lat' dir='ltr'>ab</span> <span class='ocrx_word' id='word_1_52' title='bbox 1153 565 1287 603; x_wconf 87' lang='lat' dir='ltr'>orando</span> 
     </span>
     <span class='ocr_line' id='line_1_11' title="bbox 336 626 1287 679; baseline -0.004 -12"><span class='ocrx_word' id='word_1_53' title='bbox 336 629 512 667; x_wconf 82' lang='lat' dir='ltr'>desistere.</span> <span class='ocrx_word' id='word_1_54' title='bbox 534 628 581 666; x_wconf 88' lang='lat' dir='ltr'>Et</span> <span class='ocrx_word' id='word_1_55' title='bbox 602 642 676 667; x_wconf 77' lang='lat' dir='ltr'>vox</span> <span class='ocrx_word' id='word_1_56' title='bbox 693 627 838 679; x_wconf 88' lang='lat' dir='ltr'>quidem</span> <span class='ocrx_word' id='word_1_57' title='bbox 863 626 918 664; x_wconf 94' lang='lat' dir='ltr'>illi</span> <span class='ocrx_word' id='word_1_58' title='bbox 943 626 1134 664; x_wconf 89' lang='lat' dir='ltr'>interclusa</span> <span class='ocrx_word' id='word_1_59' title='bbox 1153 634 1204 664; x_wconf 87' lang='lat' dir='ltr'>est</span> <span class='ocrx_word' id='word_1_60' title='bbox 1221 656 1231 674; x_wconf 92' lang='lat'>,</span> <span class='ocrx_word' id='word_1_61' title='bbox 1253 633 1287 663; x_wconf 81' lang='lat' dir='ltr'>at</span> 
     </span>
     <span class='ocr_line' id='line_1_12' title="bbox 336 687 1287 738; baseline -0.004 -10"><span class='ocrx_word' id='word_1_62' title='bbox 336 704 404 729; x_wconf 92' lang='lat' dir='ltr'>non</span> <span class='ocrx_word' id='word_1_63' title='bbox 419 699 469 728; x_wconf 90' lang='lat' dir='ltr'>est</span> <span class='ocrx_word' id='word_1_64' title='bbox 479 690 622 727; x_wconf 80' lang='lat' dir='ltr'>exclusa</span> <span class='ocrx_word' id='word_1_65' title='bbox 629 689 844 738; x_wconf 85' lang='lat' dir='ltr'>fiducia‚sed</span> <span class='ocrx_word' id='word_1_66' title='bbox 852 687 1094 727; x_wconf 85' lang='lat' dir='ltr'>vehementius</span> <span class='ocrx_word' id='word_1_67' title='bbox 1107 688 1213 725; x_wconf 90' lang='lat' dir='ltr'>etiam</span> <span class='ocrx_word' id='word_1_68' title='bbox 1227 700 1287 725; x_wconf 85' lang='lat' dir='ltr'>cor</span> 
     </span>
     <span class='ocr_line' id='line_1_13' title="bbox 336 748 1285 801; baseline -0.003 -13"><span class='ocrx_word' id='word_1_69' title='bbox 336 750 510 789; x_wconf 82' lang='lat' dir='ltr'>clamabat</span> <span class='ocrx_word' id='word_1_70' title='bbox 535 750 640 788; x_wconf 88' lang='lat' dir='ltr'>intus.</span> <span class='ocrx_word' id='word_1_71' title='bbox 652 750 744 788; x_wconf 88' lang='lat' dir='ltr'>Nam</span> <span class='ocrx_word' id='word_1_72' title='bbox 767 749 829 787; x_wconf 91' lang='lat' dir='ltr'>illa</span> <span class='ocrx_word' id='word_1_73' title='bbox 843 748 1068 801; x_wconf 87' lang='lat' dir='ltr'>potissimum</span> <span class='ocrx_word' id='word_1_74' title='bbox 1091 756 1142 785; x_wconf 87' lang='lat' dir='ltr'>est</span> <span class='ocrx_word' id='word_1_75' title='bbox 1166 762 1285 799; x_wconf 83' lang='lat' dir='ltr'>preca-</span> 
     </span>
     <span class='ocr_line' id='line_1_14' title="bbox 336 808 1287 859; baseline -0.004 -9"><span class='ocrx_word' id='word_1_76' title='bbox 336 813 398 859; x_wconf 83' lang='lat' dir='ltr'>tio,</span> <span class='ocrx_word' id='word_1_77' title='bbox 415 825 495 850; x_wconf 90' lang='lat' dir='ltr'>cum</span> <span class='ocrx_word' id='word_1_78' title='bbox 515 811 561 849; x_wconf 89' lang='lat' dir='ltr'>ab</span> <span class='ocrx_word' id='word_1_79' title='bbox 576 811 711 849; x_wconf 89' lang='lat' dir='ltr'>intimis</span> <span class='ocrx_word' id='word_1_80' title='bbox 729 824 833 848; x_wconf 84' lang='lat' dir='ltr'>voces</span> <span class='ocrx_word' id='word_1_81' title='bbox 850 824 992 848; x_wconf 88' lang='lat' dir='ltr'>sursum</span> <span class='ocrx_word' id='word_1_82' title='bbox 1008 809 1170 847; x_wconf 89' lang='lat' dir='ltr'>feruntur</span> <span class='ocrx_word' id='word_1_83' title='bbox 1187 824 1195 844; x_wconf 90' lang='lat'>:</span> <span class='ocrx_word' id='word_1_84' title='bbox 1219 808 1287 846; x_wconf 81' lang='lat' dir='ltr'>hoc</span> 
     </span>
     <span class='ocr_line' id='line_1_15' title="bbox 334 869 1287 926; baseline -0.005 -15"><span class='ocrx_word' id='word_1_85' title='bbox 334 872 514 926; x_wconf 65' lang='lat' dir='ltr'>praecipue</span> <span class='ocrx_word' id='word_1_86' title='bbox 532 872 659 910; x_wconf 90' lang='lat' dir='ltr'>mentis</span> <span class='ocrx_word' id='word_1_87' title='bbox 686 880 737 909; x_wconf 91' lang='lat' dir='ltr'>est</span> <span class='ocrx_word' id='word_1_88' title='bbox 760 871 973 920; x_wconf 77' lang='lat' dir='ltr'>exercitatae,</span> <span class='ocrx_word' id='word_1_89' title='bbox 998 883 1066 908; x_wconf 90' lang='lat' dir='ltr'>non</span> <span class='ocrx_word' id='word_1_90' title='bbox 1095 869 1287 907; x_wconf 85' lang='lat' dir='ltr'>intentione</span> 
     </span>
     <span class='ocr_line' id='line_1_16' title="bbox 336 930 1283 985; baseline -0.004 -13"><span class='ocrx_word' id='word_1_91' title='bbox 336 934 455 984; x_wconf 80' lang='lat' dir='ltr'>vocis,</span> <span class='ocrx_word' id='word_1_92' title='bbox 489 933 550 973; x_wconf 90' lang='lat' dir='ltr'>sed</span> <span class='ocrx_word' id='word_1_93' title='bbox 581 932 693 971; x_wconf 86' lang='lat' dir='ltr'>animi</span> <span class='ocrx_word' id='word_1_94' title='bbox 723 932 860 973; x_wconf 64' lang='lat' dir='ltr'>femore</span> <span class='ocrx_word' id='word_1_95' title='bbox 895 930 1134 985; x_wconf 85' lang='lat' dir='ltr'>precationem</span> <span class='ocrx_word' id='word_1_96' title='bbox 1167 930 1283 968; x_wconf 85' lang='lat' dir='ltr'>absol-</span> 
     </span>
     <span class='ocr_line' id='line_1_17' title="bbox 335 1010 427 1035; baseline -0.011 0"><span class='ocrx_word' id='word_1_97' title='bbox 335 1010 427 1035; x_wconf 79' lang='lat' dir='ltr'>vere.</span> 
     </span>
    </p>

    <p class='ocr_par' dir='ltr' id='par_1_4' title="bbox 332 1053 1284 1231">
     <span class='ocr_line' id='line_1_18' title="bbox 385 1053 1284 1108; baseline -0.002 -12"><span class='ocrx_word' id='word_1_98' title='bbox 385 1059 421 1096; x_wconf 83' lang='lat'>5.</span> <span class='ocrx_word' id='word_1_99' title='bbox 451 1057 510 1097; x_wconf 91' lang='lat' dir='ltr'>Sic</span> <span class='ocrx_word' id='word_1_100' title='bbox 528 1058 643 1097; x_wconf 81' lang='lat' dir='ltr'>oravit</span> <span class='ocrx_word' id='word_1_101' title='bbox 670 1066 703 1096; x_wconf 85' lang='lat' dir='ltr'>et</span> <span class='ocrx_word' id='word_1_102' title='bbox 727 1055 941 1108; x_wconf 86' lang='lat' dir='ltr'>Moses:qui</span> <span class='ocrx_word' id='word_1_103' title='bbox 969 1069 1051 1094; x_wconf 89' lang='lat' dir='ltr'>cum</span> <span class='ocrx_word' id='word_1_104' title='bbox 1077 1053 1170 1093; x_wconf 88' lang='lat' dir='ltr'>nihil</span> <span class='ocrx_word' id='word_1_105' title='bbox 1199 1068 1284 1094; x_wconf 84' lang='lat' dir='ltr'>voce</span> 
     </span>
     <span class='ocr_line' id='line_1_19' title="bbox 332 1116 1282 1168; baseline -0.004 -10"><span class='ocrx_word' id='word_1_106' title='bbox 332 1128 518 1168; x_wconf 88' lang='lat' dir='ltr'>resonaret,</span> <span class='ocrx_word' id='word_1_107' title='bbox 538 1121 635 1157; x_wconf 88' lang='lat' dir='ltr'>Deus</span> <span class='ocrx_word' id='word_1_108' title='bbox 665 1127 803 1167; x_wconf 87' lang='lat' dir='ltr'>tamen,</span> <span class='ocrx_word' id='word_1_109' title='bbox 831 1118 957 1168; x_wconf 83' lang='lat' dir='ltr'>Quid,</span> <span class='ocrx_word' id='word_1_110' title='bbox 974 1116 1116 1167; x_wconf 88' lang='lat' dir='ltr'>inquit,</span> <span class='ocrx_word' id='word_1_111' title='bbox 1132 1117 1282 1154; x_wconf 72' lang='lat' dir='ltr'>clamas</span> 
     </span>
     <span class='ocr_line' id='line_1_20' title="bbox 333 1178 1282 1231; baseline -0.004 -12"><span class='ocrx_word' id='word_1_112' title='bbox 333 1182 387 1218; x_wconf 86' lang='lat' dir='ltr'>ad</span> <span class='ocrx_word' id='word_1_113' title='bbox 399 1185 484 1219; x_wconf 80' lang='lat' dir='ltr'>me?</span> <span class='ocrx_word' id='word_1_114' title='bbox 496 1180 664 1218; x_wconf 88' lang='lat' dir='ltr'>Homines</span> <span class='ocrx_word' id='word_1_115' title='bbox 678 1178 822 1231; x_wconf 91' lang='lat' dir='ltr'>quidem</span> <span class='ocrx_word' id='word_1_116' title='bbox 849 1188 1032 1216; x_wconf 75' lang='lat' dir='ltr'>externam</span> <span class='ocrx_word' id='word_1_117' title='bbox 1044 1178 1137 1215; x_wconf 88' lang='lat' dir='ltr'>hanc</span> <span class='ocrx_word' id='word_1_118' title='bbox 1158 1191 1282 1216; x_wconf 73' lang='lat' dir='ltr'>vocem</span> 
     </span>
    </p>
   </div>
   <div class='ocr_carea' id='block_1_4' title="bbox 759 178 1299 214">
    <p class='ocr_par' dir='ltr' id='par_1_5' title="bbox 759 178 1299 214">
     <span class='ocr_line' id='line_1_21' title="bbox 759 178 1299 214; baseline -0.011 0"><span class='ocrx_word' id='word_1_119' title='bbox 759 184 779 214; x_wconf 86' lang='lat' dir='ltr'>S</span> <span class='ocrx_word' id='word_1_120' title='bbox 789 203 797 212; x_wconf 90' lang='lat'>.</span> <span class='ocrx_word' id='word_1_121' title='bbox 836 182 1019 214; x_wconf 75' lang='lat' dir='ltr'>JOANNIS</span> <span class='ocrx_word' id='word_1_122' title='bbox 1054 178 1281 210; x_wconf 75' lang='lat' dir='ltr'>CHRYSOST</span> <span class='ocrx_word' id='word_1_123' title='bbox 1290 198 1299 208; x_wconf 86' lang='lat'>.</span> 
     </span>
    </p>
   </div>
   <div class='ocr_carea' id='block_1_5' title="bbox 1339 177 1942 208">
    <p class='ocr_par' dir='ltr' id='par_1_6' title="bbox 1339 177 1942 208">
     <span class='ocr_line' id='line_1_22' title="bbox 1339 177 1942 208; baseline -0.002 0"><span class='ocrx_word' id='word_1_124' title='bbox 1339 178 1542 208; x_wconf 54' lang='lat' dir='ltr'>sacrum).</span> <span class='ocrx_word' id='word_1_125' title='bbox 1582 177 1925 207; x_wconf 70' lang='lat' dir='ltr'>CONSTANTINOP</span> <span class='ocrx_word' id='word_1_126' title='bbox 1935 198 1942 206; x_wconf 94' lang='lat'>.</span> 
     </span>
    </p>
   </div>
   <div class='ocr_carea' id='block_1_6' title="bbox 1352 258 2378 493">
    <p class='ocr_par' dir='ltr' id='par_1_7' title="bbox 1352 258 2378 493">
     <span class='ocr_line' id='line_1_23' title="bbox 1352 258 2377 311; baseline -0.001 -14"><span class='ocrx_word' id='word_1_127' title='bbox 1352 261 1466 298; x_wconf 76' lang='grc' dir='ltr'>Τοῦτο</span> <span class='ocrx_word' id='word_1_128' title='bbox 1493 259 1561 311; x_wconf 89' lang='grc' dir='ltr'>γάρ</span> <span class='ocrx_word' id='word_1_129' title='bbox 1584 261 1658 297; x_wconf 81' lang='grc' dir='ltr'>ἐστι</span> <span class='ocrx_word' id='word_1_130' title='bbox 1689 258 1844 309; x_wconf 84' lang='grc' dir='ltr'>μάλιστα</span> <span class='ocrx_word' id='word_1_131' title='bbox 1875 258 1975 310; x_wconf 74' lang='grc' dir='ltr'>εὐχὴ,</span> <span class='ocrx_word' id='word_1_132' title='bbox 1996 258 2078 297; x_wconf 83' lang='grc' dir='ltr'>ὅταν</span> <span class='ocrx_word' id='word_1_133' title='bbox 2110 258 2202 296; x_wconf 82' lang='grc' dir='ltr'>ἔνδον</span> <span class='ocrx_word' id='word_1_134' title='bbox 2237 261 2272 296; x_wconf 80' lang='grc' dir='ltr'>αἱ</span> <span class='ocrx_word' id='word_1_135' title='bbox 2299 259 2377 310; x_wconf 81' lang='grc' dir='ltr'>βοαὶ</span> 
     </span>
     <span class='ocr_line' id='line_1_24' title="bbox 1353 317 2376 371; baseline -0.003 -13"><span class='ocrx_word' id='word_1_136' title='bbox 1353 319 1592 371; x_wconf 70' lang='grc' dir='ltr'>ἀναφέρωνται</span> <span class='ocrx_word' id='word_1_137' title='bbox 1605 334 1613 342; x_wconf 88' lang='grc'>·</span> <span class='ocrx_word' id='word_1_138' title='bbox 1629 323 1730 358; x_wconf 73' lang='grc' dir='ltr'>τοῦτο</span> <span class='ocrx_word' id='word_1_139' title='bbox 1746 319 1899 370; x_wconf 84' lang='grc' dir='ltr'>μάλιστα</span> <span class='ocrx_word' id='word_1_140' title='bbox 1914 321 2028 371; x_wconf 75' lang='grc' dir='ltr'>ψυχῆς</span> <span class='ocrx_word' id='word_1_141' title='bbox 2041 317 2305 369; x_wconf 83' lang='grc' dir='ltr'>πεπονημένης,</span> <span class='ocrx_word' id='word_1_142' title='bbox 2328 318 2376 369; x_wconf 85' lang='grc' dir='ltr'>μὴ</span> 
     </span>
     <span class='ocr_line' id='line_1_25' title="bbox 1356 379 2378 432; baseline -0.001 -14"><span class='ocrx_word' id='word_1_143' title='bbox 1356 383 1406 432; x_wconf 84' lang='grc' dir='ltr'>τῷ</span> <span class='ocrx_word' id='word_1_144' title='bbox 1424 380 1514 431; x_wconf 83' lang='grc' dir='ltr'>τόνῳ</span> <span class='ocrx_word' id='word_1_145' title='bbox 1531 382 1594 426; x_wconf 72' lang='grc' dir='ltr'>τῆς</span> <span class='ocrx_word' id='word_1_146' title='bbox 1609 383 1743 432; x_wconf 72' lang='grc' dir='ltr'>φωνῆς,</span> <span class='ocrx_word' id='word_1_147' title='bbox 1772 379 1863 418; x_wconf 77' lang='grc' dir='ltr'>ἀλλὰ</span> <span class='ocrx_word' id='word_1_148' title='bbox 1880 383 1921 431; x_wconf 69' lang='grc' dir='ltr'>τῇ</span> <span class='ocrx_word' id='word_1_149' title='bbox 1941 379 2120 432; x_wconf 76' lang='grc' dir='ltr'>προθυμίᾳ</span> <span class='ocrx_word' id='word_1_150' title='bbox 2144 383 2206 427; x_wconf 71' lang='grc' dir='ltr'>τῆς</span> <span class='ocrx_word' id='word_1_151' title='bbox 2227 379 2378 423; x_wconf 76' lang='grc' dir='ltr'>διανοίας</span> 
     </span>
     <span class='ocr_line' id='line_1_26' title="bbox 1357 441 1828 493; baseline -0.002 -13"><span class='ocrx_word' id='word_1_152' title='bbox 1357 441 1420 488; x_wconf 80' lang='grc' dir='ltr'>τὴν</span> <span class='ocrx_word' id='word_1_153' title='bbox 1437 441 1542 493; x_wconf 75' lang='grc' dir='ltr'>εὐχὴν</span> <span class='ocrx_word' id='word_1_154' title='bbox 1563 441 1828 479; x_wconf 78' lang='grc' dir='ltr'>ἐπιδείκνυσθαι.</span> 
     </span>
    </p>
   </div>
   <div class='ocr_carea' id='block_1_7' title="bbox 1354 1056 2379 1235">
    <p class='ocr_par' dir='ltr' id='par_1_8' title="bbox 1354 1056 2379 1235">
     <span class='ocr_line' id='line_1_27' title="bbox 1409 1056 2379 1109; baseline -0.002 -11"><span class='ocrx_word' id='word_1_155' title='bbox 1409 1059 1513 1098; x_wconf 79' lang='grc' dir='ltr'>Οὕτω</span> <span class='ocrx_word' id='word_1_156' title='bbox 1534 1058 1593 1097; x_wconf 81' lang='grc' dir='ltr'>καὶ</span> <span class='ocrx_word' id='word_1_157' title='bbox 1621 1060 1776 1105; x_wconf 77' lang='grc' dir='ltr'>Μωϋσῆς</span> <span class='ocrx_word' id='word_1_158' title='bbox 1800 1056 1948 1109; x_wconf 72' lang='grc' dir='ltr'>ηὔχετο·</span> <span class='ocrx_word' id='word_1_159' title='bbox 1970 1058 2021 1096; x_wconf 80' lang='grc' dir='ltr'>διὸ</span> <span class='ocrx_word' id='word_1_160' title='bbox 2052 1058 2111 1096; x_wconf 87' lang='grc' dir='ltr'>καὶ</span> <span class='ocrx_word' id='word_1_161' title='bbox 2141 1057 2247 1108; x_wconf 79' lang='grc' dir='ltr'>μηδὲν</span> <span class='ocrx_word' id='word_1_162' title='bbox 2276 1057 2379 1096; x_wconf 76' lang='grc' dir='ltr'>αὐτοῦ</span> 
     </span>
     <span class='ocr_line' id='line_1_28' title="bbox 1355 1118 2376 1173; baseline -0.003 -14"><span class='ocrx_word' id='word_1_163' title='bbox 1355 1120 1607 1173; x_wconf 71' lang='grc' dir='ltr'>φθεγγομένου,</span> <span class='ocrx_word' id='word_1_164' title='bbox 1631 1120 1734 1173; x_wconf 69' lang='grc' dir='ltr'>φησὶν</span> <span class='ocrx_word' id='word_1_165' title='bbox 1758 1122 1776 1157; x_wconf 85' lang='grc' dir='ltr'>ὁ</span> <span class='ocrx_word' id='word_1_166' title='bbox 1807 1120 1917 1166; x_wconf 82' lang='grc' dir='ltr'>Θεὸς,</span> <span class='ocrx_word' id='word_1_167' title='bbox 1938 1119 1985 1157; x_wconf 84' lang='grc' dir='ltr'>Τί</span> <span class='ocrx_word' id='word_1_168' title='bbox 2007 1122 2089 1171; x_wconf 71' lang='grc' dir='ltr'>βοᾷς</span> <span class='ocrx_word' id='word_1_169' title='bbox 2111 1118 2197 1171; x_wconf 88' lang='grc' dir='ltr'>πρός</span> <span class='ocrx_word' id='word_1_170' title='bbox 2220 1135 2286 1170; x_wconf 85' lang='grc' dir='ltr'>με;</span> <span class='ocrx_word' id='word_1_171' title='bbox 2303 1119 2376 1158; x_wconf 81' lang='grc' dir='ltr'>Ἄν-</span> 
     </span>
     <span class='ocr_line' id='line_1_29' title="bbox 1354 1179 2379 1235; baseline -0.002 -16"><span class='ocrx_word' id='word_1_172' title='bbox 1354 1185 1485 1235; x_wconf 82' lang='grc' dir='ltr'>θρωποι</span> <span class='ocrx_word' id='word_1_173' title='bbox 1505 1181 1567 1232; x_wconf 80' lang='grc' dir='ltr'>μὲν</span> <span class='ocrx_word' id='word_1_174' title='bbox 1586 1180 1652 1233; x_wconf 77' lang='grc' dir='ltr'>γὰρ</span> <span class='ocrx_word' id='word_1_175' title='bbox 1669 1179 1798 1227; x_wconf 75' lang='grc' dir='ltr'>ταύτης</span> <span class='ocrx_word' id='word_1_176' title='bbox 1819 1179 1921 1230; x_wconf 88' lang='grc' dir='ltr'>μόνον</span> <span class='ocrx_word' id='word_1_177' title='bbox 1941 1180 2149 1218; x_wconf 81' lang='grc' dir='ltr'>ἐπακούουσι</span> <span class='ocrx_word' id='word_1_178' title='bbox 2168 1182 2230 1225; x_wconf 78' lang='grc' dir='ltr'>τῆς</span> <span class='ocrx_word' id='word_1_179' title='bbox 2246 1183 2379 1232; x_wconf 77' lang='grc' dir='ltr'>φωνῆς,</span> 
     </span>
    </p>
   </div>
   <div class='ocr_carea' id='block_1_8' title="bbox 332 1240 2374 1294">
    <p class='ocr_par' dir='ltr' id='par_1_9' title="bbox 332 1240 2374 1294">
     <span class='ocr_line' id='line_1_30' title="bbox 332 1240 2374 1294; baseline -0.001 -14"><span class='ocrx_word' id='word_1_180' title='bbox 332 1252 471 1281; x_wconf 86' lang='lat' dir='ltr'>tantum</span> <span class='ocrx_word' id='word_1_181' title='bbox 495 1242 658 1290; x_wconf 81' lang='lat' dir='ltr'>audiunt,</span> <span class='ocrx_word' id='word_1_182' title='bbox 673 1251 708 1280; x_wconf 89' lang='lat' dir='ltr'>at</span> <span class='ocrx_word' id='word_1_183' title='bbox 727 1243 823 1280; x_wconf 89' lang='lat' dir='ltr'>Deus</span> <span class='ocrx_word' id='word_1_184' title='bbox 847 1250 882 1279; x_wconf 94' lang='lat' dir='ltr'>et</span> <span class='ocrx_word' id='word_1_185' title='bbox 904 1250 983 1279; x_wconf 88' lang='lat' dir='ltr'>ante</span> <span class='ocrx_word' id='word_1_186' title='bbox 1000 1241 1093 1278; x_wconf 88' lang='lat' dir='ltr'>hanc</span> <span class='ocrx_word' id='word_1_187' title='bbox 1108 1240 1203 1278; x_wconf 89' lang='lat' dir='ltr'>intus</span> <span class='ocrx_word' id='word_1_188' title='bbox 1229 1240 1282 1279; x_wconf 88' lang='lat' dir='ltr'>in·</span> <span class='ocrx_word' id='word_1_189' title='bbox 1293 1269 1341 1294; x_wconf 86' lang='lat'>715</span> <span class='ocrx_word' id='word_1_190' title='bbox 1353 1246 1370 1281; x_wconf 85' lang='grc' dir='ltr'><em>ὃ</em></span> <span class='ocrx_word' id='word_1_191' title='bbox 1393 1242 1428 1282; x_wconf 79' lang='grc' dir='ltr'>δὲ</span> <span class='ocrx_word' id='word_1_192' title='bbox 1444 1243 1532 1286; x_wconf 76' lang='grc' dir='ltr'>Θεὸς</span> <span class='ocrx_word' id='word_1_193' title='bbox 1551 1242 1619 1294; x_wconf 82' lang='grc' dir='ltr'>πρὸ</span> <span class='ocrx_word' id='word_1_194' title='bbox 1637 1241 1765 1288; x_wconf 60' lang='grc' dir='ltr'>ταύτης</span> <span class='ocrx_word' id='word_1_195' title='bbox 1784 1244 1853 1278; x_wconf 82' lang='grc' dir='ltr'>τῶν</span> <span class='ocrx_word' id='word_1_196' title='bbox 1873 1240 2004 1279; x_wconf 82' lang='grc' dir='ltr'>ἔνδοθεν</span> <span class='ocrx_word' id='word_1_197' title='bbox 2028 1241 2222 1293; x_wconf 81' lang='grc' dir='ltr'>κραζόντων</span> <span class='ocrx_word' id='word_1_198' title='bbox 2244 1241 2374 1280; x_wconf 85' lang='grc' dir='ltr'>ἀκούει.</span> 
     </span>
    </p>
   </div>
   <div class='ocr_carea' id='block_1_9' title="bbox 327 1301 1332 3130">
    <p class='ocr_par' dir='ltr' id='par_1_10' title="bbox 327 1301 1332 3130">
     <span class='ocr_line' id='line_1_31' title="bbox 332 1301 1332 1354; baseline -0.003 -13"><span class='ocrx_word' id='word_1_199' title='bbox 332 1304 521 1342; x_wconf 86' lang='lat' dir='ltr'>clamantes</span> <span class='ocrx_word' id='word_1_200' title='bbox 539 1303 651 1341; x_wconf 81' lang='lat' dir='ltr'>audit.</span> <span class='ocrx_word' id='word_1_201' title='bbox 666 1303 790 1353; x_wconf 90' lang='lat' dir='ltr'>Itaque</span> <span class='ocrx_word' id='word_1_202' title='bbox 805 1302 883 1340; x_wconf 87' lang='lat' dir='ltr'>fieri</span> <span class='ocrx_word' id='word_1_203' title='bbox 902 1310 1029 1354; x_wconf 88' lang='lat' dir='ltr'>potest,</span> <span class='ocrx_word' id='word_1_204' title='bbox 1044 1310 1083 1338; x_wconf 88' lang='lat' dir='ltr'>ut</span> <span class='ocrx_word' id='word_1_205' title='bbox 1097 1301 1204 1339; x_wconf 88' lang='lat' dir='ltr'>etiam</span> <span class='ocrx_word' id='word_1_206' title='bbox 1220 1302 1282 1352; x_wconf 90' lang='lat' dir='ltr'>qui</span> <span class='ocrx_word' id='word_1_207' title='bbox 1309 1308 1332 1336; x_wconf 80' lang='grc' dir='ltr'>Α</span> 
     </span>
     <span class='ocr_line' id='line_1_32' title="bbox 331 1362 1281 1415; baseline -0.003 -13"><span class='ocrx_word' id='word_1_208' title='bbox 331 1378 400 1402; x_wconf 94' lang='lat' dir='ltr'>non</span> <span class='ocrx_word' id='word_1_209' title='bbox 422 1364 575 1402; x_wconf 86' lang='lat' dir='ltr'>clamant</span> <span class='ocrx_word' id='word_1_210' title='bbox 593 1363 799 1411; x_wconf 80' lang='lat' dir='ltr'>audiantur,</span> <span class='ocrx_word' id='word_1_211' title='bbox 819 1371 859 1400; x_wconf 91' lang='lat' dir='ltr'>ut</span> <span class='ocrx_word' id='word_1_212' title='bbox 879 1376 942 1415; x_wconf 88' lang='lat' dir='ltr'>per</span> <span class='ocrx_word' id='word_1_213' title='bbox 958 1362 1074 1400; x_wconf 84' lang='lat' dir='ltr'>forum</span> <span class='ocrx_word' id='word_1_214' title='bbox 1096 1362 1281 1400; x_wconf 88' lang='lat' dir='ltr'>ambulans</span> 
     </span>
     <span class='ocr_line' id='line_1_33' title="bbox 330 1422 1281 1477; baseline -0.003 -13"><span class='ocrx_word' id='word_1_215' title='bbox 330 1426 409 1477; x_wconf 90' lang='lat' dir='ltr'>quis</span> <span class='ocrx_word' id='word_1_216' title='bbox 428 1434 502 1464; x_wconf 90' lang='lat' dir='ltr'>oret</span> <span class='ocrx_word' id='word_1_217' title='bbox 519 1424 794 1473; x_wconf 84' lang='lat' dir='ltr'>accuratissime,</span> <span class='ocrx_word' id='word_1_218' title='bbox 805 1433 839 1461; x_wconf 87' lang='lat' dir='ltr'>et</span> <span class='ocrx_word' id='word_1_219' title='bbox 853 1424 889 1461; x_wconf 87' lang='lat' dir='ltr'>in</span> <span class='ocrx_word' id='word_1_220' title='bbox 905 1437 1067 1461; x_wconf 85' lang='lat' dir='ltr'>consessu</span> <span class='ocrx_word' id='word_1_221' title='bbox 1085 1422 1281 1461; x_wconf 84' lang='lat' dir='ltr'>amicorum</span> 
     </span>
     <span class='ocr_line' id='line_1_34' title="bbox 328 1484 1279 1537; baseline -0.001 -14"><span class='ocrx_word' id='word_1_222' title='bbox 328 1486 550 1537; x_wconf 87' lang='lat' dir='ltr'>aliorumque</span> <span class='ocrx_word' id='word_1_223' title='bbox 566 1484 709 1536; x_wconf 88' lang='lat' dir='ltr'>quidvis</span> <span class='ocrx_word' id='word_1_224' title='bbox 729 1484 831 1522; x_wconf 84' lang='lat' dir='ltr'>aliud</span> <span class='ocrx_word' id='word_1_225' title='bbox 858 1498 964 1535; x_wconf 87' lang='lat' dir='ltr'>agens</span> <span class='ocrx_word' id='word_1_226' title='bbox 982 1484 1183 1523; x_wconf 82' lang='lat' dir='ltr'>vehementi</span> <span class='ocrx_word' id='word_1_227' title='bbox 1203 1484 1279 1522; x_wconf 86' lang='lat' dir='ltr'>cla-</span> 
     </span>
     <span class='ocr_line' id='line_1_35' title="bbox 329 1544 1279 1596; baseline -0.002 -11"><span class='ocrx_word' id='word_1_228' title='bbox 329 1562 425 1585; x_wconf 91' lang='lat' dir='ltr'>more</span> <span class='ocrx_word' id='word_1_229' title='bbox 453 1548 591 1585; x_wconf 69' lang='lat' dir='ltr'>invocet</span> <span class='ocrx_word' id='word_1_230' title='bbox 610 1548 744 1593; x_wconf 91' lang='lat' dir='ltr'>Deum,</span> <span class='ocrx_word' id='word_1_231' title='bbox 774 1545 927 1583; x_wconf 86' lang='lat' dir='ltr'>clamore</span> <span class='ocrx_word' id='word_1_232' title='bbox 948 1544 1094 1596; x_wconf 89' lang='lat' dir='ltr'>inquam</span> <span class='ocrx_word' id='word_1_233' title='bbox 1119 1545 1279 1594; x_wconf 88' lang='lat' dir='ltr'>interno,</span> 
     </span>
     <span class='ocr_line' id='line_1_36' title="bbox 327 1605 1279 1658; baseline -0.003 -12"><span class='ocrx_word' id='word_1_234' title='bbox 327 1608 464 1646; x_wconf 88' lang='lat' dir='ltr'>etiamsi</span> <span class='ocrx_word' id='word_1_235' title='bbox 476 1607 566 1645; x_wconf 87' lang='lat' dir='ltr'>nihil</span> <span class='ocrx_word' id='word_1_236' title='bbox 580 1607 700 1654; x_wconf 88' lang='lat' dir='ltr'>faciat,</span> <span class='ocrx_word' id='word_1_237' title='bbox 714 1605 811 1658; x_wconf 88' lang='lat' dir='ltr'>quod</span> <span class='ocrx_word' id='word_1_238' title='bbox 823 1621 842 1644; x_wconf 88' lang='lat' dir='ltr'>a</span> <span class='ocrx_word' id='word_1_239' title='bbox 857 1620 1036 1657; x_wconf 86' lang='lat' dir='ltr'>quoquam</span> <span class='ocrx_word' id='word_1_240' title='bbox 1051 1606 1279 1658; x_wconf 85' lang='lat' dir='ltr'>praesentium</span> 
     </span>
     <span class='ocr_line' id='line_1_37' title="bbox 327 1666 1276 1715; baseline -0.003 -8"><span class='ocrx_word' id='word_1_241' title='bbox 327 1669 508 1707; x_wconf 87' lang='lat' dir='ltr'>sentiatur.</span> <span class='ocrx_word' id='word_1_242' title='bbox 525 1667 631 1715; x_wconf 89' lang='lat' dir='ltr'>Quod</span> <span class='ocrx_word' id='word_1_243' title='bbox 648 1681 730 1705; x_wconf 89' lang='lat' dir='ltr'>sane</span> <span class='ocrx_word' id='word_1_244' title='bbox 742 1676 819 1705; x_wconf 89' lang='lat' dir='ltr'>tum</span> <span class='ocrx_word' id='word_1_245' title='bbox 832 1667 909 1704; x_wconf 81' lang='lat' dir='ltr'>haec</span> <span class='ocrx_word' id='word_1_246' title='bbox 927 1666 1009 1704; x_wconf 84' lang='lat' dir='ltr'>fecit</span> <span class='ocrx_word' id='word_1_247' title='bbox 1024 1666 1164 1704; x_wconf 88' lang='lat' dir='ltr'>mulier.</span> <span class='ocrx_word' id='word_1_248' title='bbox 1178 1668 1219 1704; x_wconf 93' lang='lat' dir='ltr'><em>V</em></span> <span class='ocrx_word' id='word_1_249' title='bbox 1212 1681 1276 1715; x_wconf 65' lang='lat' dir='ltr'>ox,</span> 
     </span>
     <span class='ocr_line' id='line_1_38' title="bbox 328 1726 1279 1781; baseline -0.003 -13"><span class='ocrx_word' id='word_1_250' title='bbox 328 1730 443 1781; x_wconf 87' lang='lat' dir='ltr'>inquit</span> <span class='ocrx_word' id='word_1_251' title='bbox 459 1760 467 1778; x_wconf 92' lang='lat'>‚</span> <span class='ocrx_word' id='word_1_252' title='bbox 485 1730 593 1767; x_wconf 84' lang='lat' dir='ltr'>illius</span> <span class='ocrx_word' id='word_1_253' title='bbox 611 1742 690 1766; x_wconf 86' lang='lat' dir='ltr'>non</span> <span class='ocrx_word' id='word_1_254' title='bbox 706 1729 940 1766; x_wconf 79' lang='lat' dir='ltr'>audiebatur</span> <span class='ocrx_word' id='word_1_255' title='bbox 948 1743 964 1774; x_wconf 78' lang='grc'>,-</span> <span class='ocrx_word' id='word_1_256' title='bbox 981 1736 1015 1765; x_wconf 89' lang='lat' dir='ltr'>et</span> <span class='ocrx_word' id='word_1_257' title='bbox 1029 1726 1214 1767; x_wconf 79' lang='lat' dir='ltr'>exaudivit</span> <span class='ocrx_word' id='word_1_258' title='bbox 1234 1727 1279 1765; x_wconf 87' lang='lat' dir='ltr'>il-</span> 
     </span>
     <span class='ocr_line' id='line_1_39' title="bbox 328 1789 1278 1831; baseline -0.005 0"><span class='ocrx_word' id='word_1_259' title='bbox 328 1793 401 1831; x_wconf 86' lang='lat' dir='ltr'>lam</span> <span class='ocrx_word' id='word_1_260' title='bbox 414 1793 511 1830; x_wconf 91' lang='lat' dir='ltr'>Deus</span> <span class='ocrx_word' id='word_1_261' title='bbox 529 1807 536 1828; x_wconf 93' lang='lat'><strong>:</strong></span> <span class='ocrx_word' id='word_1_262' title='bbox 556 1799 676 1829; x_wconf 85' lang='lat' dir='ltr'>tantus</span> <span class='ocrx_word' id='word_1_263' title='bbox 688 1798 763 1828; x_wconf 86' lang='lat' dir='ltr'>erat</span> <span class='ocrx_word' id='word_1_264' title='bbox 780 1789 877 1827; x_wconf 90' lang='lat' dir='ltr'>illius</span> <span class='ocrx_word' id='word_1_265' title='bbox 896 1789 1028 1827; x_wconf 87' lang='lat' dir='ltr'>clamor</span> <span class='ocrx_word' id='word_1_266' title='bbox 1045 1789 1261 1827; x_wconf 84' lang='lat' dir='ltr'>internus.E</span> <span class='ocrx_word' id='word_1_267' title='bbox 1265 1798 1278 1827; x_wconf 86' lang='lat' dir='ltr'>t</span> 
     </span>
     <span class='ocr_line' id='line_1_40' title="bbox 330 1851 1279 1906; baseline -0.003 -14"><span class='ocrx_word' id='word_1_268' title='bbox 330 1855 429 1892; x_wconf 74' lang='lat' dir='ltr'>dixit</span> <span class='ocrx_word' id='word_1_269' title='bbox 443 1854 505 1891; x_wconf 86' lang='lat' dir='ltr'>illi</span> <span class='ocrx_word' id='word_1_270' title='bbox 516 1866 612 1906; x_wconf 84' lang='lat' dir='ltr'>puer</span> <span class='ocrx_word' id='word_1_271' title='bbox 619 1852 712 1889; x_wconf 83' lang='lat' dir='ltr'>Heli</span> <span class='ocrx_word' id='word_1_272' title='bbox 723 1867 733 1887; x_wconf 91' lang='lat'><em>:</em></span> <span class='ocrx_word' id='word_1_273' title='bbox 748 1852 950 1903; x_wconf 81' lang='lat' dir='ltr'>Quousque</span> <span class='ocrx_word' id='word_1_274' title='bbox 962 1853 1035 1889; x_wconf 87' lang='lat' dir='ltr'>eris</span> <span class='ocrx_word' id='word_1_275' title='bbox 1047 1852 1153 1888; x_wconf 86' lang='lat' dir='ltr'>ebria</span> <span class='ocrx_word' id='word_1_276' title='bbox 1162 1854 1178 1887; x_wconf 74' lang='grc' dir='ltr'><em>Ρ</em></span> <span class='ocrx_word' id='word_1_277' title='bbox 1189 1851 1279 1889; x_wconf 79' lang='lat' dir='ltr'>Dis-</span> 
     </span>
     <span class='ocr_line' id='line_1_41' title="bbox 330 1913 1278 1964; baseline -0.005 -10"><span class='ocrx_word' id='word_1_278' title='bbox 330 1924 415 1954; x_wconf 84' lang='lat' dir='ltr'>cute</span> <span class='ocrx_word' id='word_1_279' title='bbox 425 1918 564 1953; x_wconf 79' lang='lat' dir='ltr'>vinum</span> <span class='ocrx_word' id='word_1_280' title='bbox 578 1923 685 1952; x_wconf 80' lang='lat' dir='ltr'>tuum</span> <span class='ocrx_word' id='word_1_281' title='bbox 701 1915 770 1951; x_wconf 78' lang='lat' dir='ltr'>abs</span> <span class='ocrx_word' id='word_1_282' title='bbox 784 1921 833 1959; x_wconf 82' lang='lat' dir='ltr'>te,</span> <span class='ocrx_word' id='word_1_283' title='bbox 844 1921 880 1950; x_wconf 85' lang='lat' dir='ltr'>et</span> <span class='ocrx_word' id='word_1_284' title='bbox 894 1913 1026 1951; x_wconf 83' lang='lat' dir='ltr'>recede</span> <span class='ocrx_word' id='word_1_285' title='bbox 1040 1920 1278 1964; x_wconf 83' lang='lat' dir='ltr'>aconspectu</span> 
     </span>
     <span class='ocr_line' id='line_1_42' title="bbox 331 1972 1281 2027; baseline -0.005 -12"><span class='ocrx_word' id='word_1_286' title='bbox 331 1979 502 2015; x_wconf 86' lang='lat' dir='ltr'>Domini.</span> <span class='ocrx_word' id='word_1_287' title='bbox 530 1975 598 2013; x_wconf 85' lang='lat' dir='ltr'>Hic</span> <span class='ocrx_word' id='word_1_288' title='bbox 620 1973 845 2027; x_wconf 88' lang='lat' dir='ltr'>potissimum</span> <span class='ocrx_word' id='word_1_289' title='bbox 870 1972 952 2011; x_wconf 84' lang='lat' dir='ltr'>licet</span> <span class='ocrx_word' id='word_1_290' title='bbox 980 1973 1090 2026; x_wconf 88' lang='lat' dir='ltr'>hujus</span> <span class='ocrx_word' id='word_1_291' title='bbox 1121 1972 1281 2011; x_wconf 88' lang='lat' dir='ltr'>mulieris</span> 
     </span>
     <span class='ocr_line' id='line_1_43' title="bbox 331 2033 1281 2091; baseline -0.003 -17"><span class='ocrx_word' id='word_1_292' title='bbox 331 2036 595 2091; x_wconf 83' lang='lat' dir='ltr'>philosophiam</span> <span class='ocrx_word' id='word_1_293' title='bbox 613 2035 823 2088; x_wconf 86' lang='lat' dir='ltr'>perspicere.</span> <span class='ocrx_word' id='word_1_294' title='bbox 845 2034 951 2072; x_wconf 89' lang='lat' dir='ltr'>Domi</span> <span class='ocrx_word' id='word_1_295' title='bbox 977 2033 1215 2086; x_wconf 78' lang='lat' dir='ltr'>exprobrabat</span> <span class='ocrx_word' id='word_1_296' title='bbox 1235 2048 1281 2071; x_wconf 86' lang='lat' dir='ltr'>ae-</span> 
     </span>
     <span class='ocr_line' id='line_1_44' title="bbox 334 2093 1282 2148; baseline -0.005 -12"><span class='ocrx_word' id='word_1_297' title='bbox 334 2100 430 2137; x_wconf 87' lang='lat' dir='ltr'>mula</span> <span class='ocrx_word' id='word_1_298' title='bbox 442 2114 452 2147; x_wconf 87' lang='lat'>;</span> <span class='ocrx_word' id='word_1_299' title='bbox 469 2098 565 2135; x_wconf 69' lang='lat' dir='ltr'>venit</span> <span class='ocrx_word' id='word_1_300' title='bbox 584 2098 622 2135; x_wconf 92' lang='lat' dir='ltr'>in</span> <span class='ocrx_word' id='word_1_301' title='bbox 644 2096 829 2148; x_wconf 86' lang='lat' dir='ltr'>templum,</span> <span class='ocrx_word' id='word_1_302' title='bbox 841 2104 873 2132; x_wconf 92' lang='lat' dir='ltr'>et</span> <span class='ocrx_word' id='word_1_303' title='bbox 894 2094 1087 2133; x_wconf 88' lang='lat' dir='ltr'>sacerdotis</span> <span class='ocrx_word' id='word_1_304' title='bbox 1101 2108 1190 2146; x_wconf 89' lang='lat' dir='ltr'>puer</span> <span class='ocrx_word' id='word_1_305' title='bbox 1204 2093 1282 2131; x_wconf 81' lang='lat' dir='ltr'>affi-</span> 
     </span>
     <span class='ocr_line' id='line_1_45' title="bbox 335 2154 1281 2208; baseline -0.006 -10"><span class='ocrx_word' id='word_1_306' title='bbox 335 2161 383 2198; x_wconf 90' lang='lat' dir='ltr'>cit</span> <span class='ocrx_word' id='word_1_307' title='bbox 409 2160 507 2198; x_wconf 87' lang='lat' dir='ltr'>illam</span> <span class='ocrx_word' id='word_1_308' title='bbox 530 2156 742 2197; x_wconf 89' lang='lat' dir='ltr'>contumelia</span> <span class='ocrx_word' id='word_1_309' title='bbox 755 2186 766 2206; x_wconf 88' lang='lat'>,</span> <span class='ocrx_word' id='word_1_310' title='bbox 787 2165 820 2194; x_wconf 93' lang='lat' dir='ltr'>et</span> <span class='ocrx_word' id='word_1_311' title='bbox 839 2155 997 2208; x_wconf 87' lang='lat' dir='ltr'>increpat</span> <span class='ocrx_word' id='word_1_312' title='bbox 1015 2155 1091 2208; x_wconf 88' lang='lat' dir='ltr'>ipse</span> <span class='ocrx_word' id='word_1_313' title='bbox 1109 2154 1281 2193; x_wconf 80' lang='lat' dir='ltr'>sacerdos.</span> 
     </span>
     <span class='ocr_line' id='line_1_46' title="bbox 335 2215 1283 2271; baseline -0.005 -13"><span class='ocrx_word' id='word_1_314' title='bbox 335 2221 521 2271; x_wconf 84' lang='lat' dir='ltr'>Effugerat</span> <span class='ocrx_word' id='word_1_315' title='bbox 554 2217 782 2256; x_wconf 86' lang='lat' dir='ltr'>domesticam</span> <span class='ocrx_word' id='word_1_316' title='bbox 815 2225 1056 2267; x_wconf 87' lang='lat' dir='ltr'>tempestatem</span> <span class='ocrx_word' id='word_1_317' title='bbox 1070 2245 1080 2265; x_wconf 90' lang='lat'>,</span> <span class='ocrx_word' id='word_1_318' title='bbox 1113 2215 1210 2254; x_wconf 87' lang='lat' dir='ltr'>venit</span> <span class='ocrx_word' id='word_1_319' title='bbox 1247 2215 1283 2253; x_wconf 91' lang='lat' dir='ltr'>in</span> 
     </span>
     <span class='ocr_line' id='line_1_47' title="bbox 336 2276 1284 2334; baseline -0.006 -15"><span class='ocrx_word' id='word_1_320' title='bbox 336 2291 493 2334; x_wconf 83' lang='lat' dir='ltr'>portum,</span> <span class='ocrx_word' id='word_1_321' title='bbox 509 2288 541 2317; x_wconf 90' lang='lat' dir='ltr'>et</span> <span class='ocrx_word' id='word_1_322' title='bbox 558 2292 679 2316; x_wconf 90' lang='lat' dir='ltr'>rursus</span> <span class='ocrx_word' id='word_1_323' title='bbox 694 2277 829 2316; x_wconf 79' lang='lat' dir='ltr'>invenit</span> <span class='ocrx_word' id='word_1_324' title='bbox 844 2277 973 2314; x_wconf 87' lang='lat' dir='ltr'>fluetus</span> <span class='ocrx_word' id='word_1_325' title='bbox 987 2291 994 2312; x_wconf 92' lang='lat'><strong>:</strong></span> <span class='ocrx_word' id='word_1_326' title='bbox 1010 2276 1107 2314; x_wconf 74' lang='lat' dir='ltr'>venit</span> <span class='ocrx_word' id='word_1_327' title='bbox 1119 2284 1284 2328; x_wconf 86' lang='lat' dir='ltr'>acceptu-</span> 
     </span>
     <span class='ocr_line' id='line_1_48' title="bbox 338 2335 1284 2389; baseline -0.008 -9"><span class='ocrx_word' id='word_1_328' title='bbox 338 2357 374 2380; x_wconf 82' lang='lat' dir='ltr'>ra</span> <span class='ocrx_word' id='word_1_329' title='bbox 396 2341 626 2389; x_wconf 86' lang='lat' dir='ltr'>medicamen,</span> <span class='ocrx_word' id='word_1_330' title='bbox 648 2337 709 2376; x_wconf 89' lang='lat' dir='ltr'>sed</span> <span class='ocrx_word' id='word_1_331' title='bbox 727 2336 847 2375; x_wconf 88' lang='lat' dir='ltr'>addita</span> <span class='ocrx_word' id='word_1_332' title='bbox 871 2345 922 2374; x_wconf 89' lang='lat' dir='ltr'>est</span> <span class='ocrx_word' id='word_1_333' title='bbox 937 2335 1150 2389; x_wconf 87' lang='lat' dir='ltr'>probrorum</span> <span class='ocrx_word' id='word_1_334' title='bbox 1167 2336 1284 2388; x_wconf 86' lang='lat' dir='ltr'>plaga,</span> 
     </span>
     <span class='ocr_line' id='line_1_49' title="bbox 338 2396 1286 2455; baseline -0.007 -14"><span class='ocrx_word' id='word_1_335' title='bbox 338 2418 405 2455; x_wconf 83' lang='lat' dir='ltr'>qua</span> <span class='ocrx_word' id='word_1_336' title='bbox 436 2402 568 2441; x_wconf 87' lang='lat' dir='ltr'>vulnus</span> <span class='ocrx_word' id='word_1_337' title='bbox 597 2406 778 2448; x_wconf 88' lang='lat' dir='ltr'>cresceret,</span> <span class='ocrx_word' id='word_1_338' title='bbox 807 2396 937 2434; x_wconf 86' lang='lat' dir='ltr'>nedum</span> <span class='ocrx_word' id='word_1_339' title='bbox 961 2405 1156 2434; x_wconf 86' lang='lat' dir='ltr'>curaretur.</span> <span class='ocrx_word' id='word_1_340' title='bbox 1179 2396 1286 2435; x_wconf 91' lang='lat' dir='ltr'>Scitis</span> 
     </span>
     <span class='ocr_line' id='line_1_50' title="bbox 338 2457 1283 2514; baseline -0.008 -12"><span class='ocrx_word' id='word_1_341' title='bbox 338 2464 432 2503; x_wconf 86' lang='lat' dir='ltr'>enim</span> <span class='ocrx_word' id='word_1_342' title='bbox 448 2460 625 2514; x_wconf 91' lang='lat' dir='ltr'>quomodo</span> <span class='ocrx_word' id='word_1_343' title='bbox 643 2460 757 2498; x_wconf 86' lang='lat' dir='ltr'>animi</span> <span class='ocrx_word' id='word_1_344' title='bbox 778 2466 962 2496; x_wconf 86' lang='lat' dir='ltr'>moerentes</span> <span class='ocrx_word' id='word_1_345' title='bbox 974 2457 1142 2496; x_wconf 79' lang='lat' dir='ltr'>adversus</span> <span class='ocrx_word' id='word_1_346' title='bbox 1159 2467 1283 2495; x_wconf 90' lang='lat' dir='ltr'>contu-</span> 
     </span>
     <span class='ocr_line' id='line_1_51' title="bbox 339 2518 1286 2564; baseline -0.007 0"><span class='ocrx_word' id='word_1_347' title='bbox 339 2526 462 2564; x_wconf 87' lang='lat' dir='ltr'>melias</span> <span class='ocrx_word' id='word_1_348' title='bbox 475 2533 508 2563; x_wconf 88' lang='lat' dir='ltr'>et</span> <span class='ocrx_word' id='word_1_349' title='bbox 529 2522 688 2562; x_wconf 87' lang='lat' dir='ltr'>convicia</span> <span class='ocrx_word' id='word_1_350' title='bbox 703 2520 771 2558; x_wconf 91' lang='lat' dir='ltr'>sint</span> <span class='ocrx_word' id='word_1_351' title='bbox 782 2518 912 2558; x_wconf 85' lang='lat' dir='ltr'>affecti.</span> <span class='ocrx_word' id='word_1_352' title='bbox 932 2518 1033 2557; x_wconf 87' lang='lat' dir='ltr'>Sicut</span> <span class='ocrx_word' id='word_1_353' title='bbox 1054 2518 1147 2556; x_wconf 91' lang='lat' dir='ltr'>enim</span> <span class='ocrx_word' id='word_1_354' title='bbox 1163 2518 1286 2557; x_wconf 84' lang='lat' dir='ltr'>acerba</span> 
     </span>
     <span class='ocr_line' id='line_1_52' title="bbox 339 2580 1285 2632; baseline -0.007 -7"><span class='ocrx_word' id='word_1_355' title='bbox 339 2588 485 2625; x_wconf 73' lang='lat' dir='ltr'>vulnera</span> <span class='ocrx_word' id='word_1_356' title='bbox 514 2599 556 2623; x_wconf 89' lang='lat' dir='ltr'>ne</span> <span class='ocrx_word' id='word_1_357' title='bbox 573 2584 687 2622; x_wconf 82' lang='lat' dir='ltr'>levem</span> <span class='ocrx_word' id='word_1_358' title='bbox 704 2580 849 2632; x_wconf 91' lang='lat' dir='ltr'>quidem</span> <span class='ocrx_word' id='word_1_359' title='bbox 867 2594 993 2618; x_wconf 90' lang='lat' dir='ltr'>manus</span> <span class='ocrx_word' id='word_1_360' title='bbox 1010 2589 1211 2618; x_wconf 89' lang='lat' dir='ltr'>contactum</span> <span class='ocrx_word' id='word_1_361' title='bbox 1233 2580 1285 2618; x_wconf 86' lang='lat' dir='ltr'>fe-</span> 
     </span>
     <span class='ocr_line' id='line_1_53' title="bbox 339 2641 1286 2695; baseline -0.007 -9"><span class='ocrx_word' id='word_1_362' title='bbox 339 2657 421 2686; x_wconf 87' lang='lat' dir='ltr'>runt</span> <span class='ocrx_word' id='word_1_363' title='bbox 438 2664 445 2684; x_wconf 90' lang='lat'><strong>:</strong></span> <span class='ocrx_word' id='word_1_364' title='bbox 463 2648 513 2685; x_wconf 92' lang='lat' dir='ltr'>sic</span> <span class='ocrx_word' id='word_1_365' title='bbox 537 2655 570 2684; x_wconf 92' lang='lat' dir='ltr'>et</span> <span class='ocrx_word' id='word_1_366' title='bbox 600 2644 738 2682; x_wconf 89' lang='lat' dir='ltr'>animus</span> <span class='ocrx_word' id='word_1_367' title='bbox 759 2641 986 2695; x_wconf 85' lang='lat' dir='ltr'>perturbatus</span> <span class='ocrx_word' id='word_1_368' title='bbox 1006 2655 1047 2679; x_wconf 89' lang='lat' dir='ltr'>ac</span> <span class='ocrx_word' id='word_1_369' title='bbox 1065 2655 1225 2679; x_wconf 88' lang='lat' dir='ltr'>morosus</span> <span class='ocrx_word' id='word_1_370' title='bbox 1241 2641 1286 2679; x_wconf 87' lang='lat' dir='ltr'>ad</span> 
     </span>
     <span class='ocr_line' id='line_1_54' title="bbox 339 2702 1287 2758; baseline -0.006 -11"><span class='ocrx_word' id='word_1_371' title='bbox 339 2709 457 2748; x_wconf 81' lang='lat' dir='ltr'>omnia</span> <span class='ocrx_word' id='word_1_372' title='bbox 489 2707 695 2758; x_wconf 86' lang='lat' dir='ltr'>indignatur</span> <span class='ocrx_word' id='word_1_373' title='bbox 725 2703 870 2755; x_wconf 85' lang='lat' dir='ltr'>levique</span> <span class='ocrx_word' id='word_1_374' title='bbox 897 2702 1008 2741; x_wconf 72' lang='lat' dir='ltr'>verbo</span> <span class='ocrx_word' id='word_1_375' title='bbox 1037 2702 1220 2740; x_wconf 87' lang='lat' dir='ltr'>mordetur</span> <span class='ocrx_word' id='word_1_376' title='bbox 1253 2712 1287 2741; x_wconf 90' lang='lat' dir='ltr'>et</span> 
     </span>
     <span class='ocr_line' id='line_1_55' title="bbox 338 2762 1285 2812; baseline -0.008 -3"><span class='ocrx_word' id='word_1_377' title='bbox 338 2769 539 2808; x_wconf 83' lang='lat' dir='ltr'>offenditur.</span> <span class='ocrx_word' id='word_1_378' title='bbox 560 2769 698 2806; x_wconf 78' lang='lat' dir='ltr'>Verum</span> <span class='ocrx_word' id='word_1_379' title='bbox 714 2764 783 2802; x_wconf 88' lang='lat' dir='ltr'>hoc</span> <span class='ocrx_word' id='word_1_380' title='bbox 799 2777 867 2801; x_wconf 92' lang='lat' dir='ltr'>non</span> <span class='ocrx_word' id='word_1_381' title='bbox 881 2762 1012 2800; x_wconf 88' lang='lat' dir='ltr'>accidit</span> <span class='ocrx_word' id='word_1_382' title='bbox 1032 2762 1115 2800; x_wconf 89' lang='lat' dir='ltr'>huic</span> <span class='ocrx_word' id='word_1_383' title='bbox 1130 2763 1285 2812; x_wconf 85' lang='lat' dir='ltr'>mulieri,</span> 
     </span>
     <span class='ocr_line' id='line_1_56' title="bbox 338 2823 1286 2880; baseline -0.007 -10"><span class='ocrx_word' id='word_1_384' title='bbox 338 2846 381 2870; x_wconf 94' lang='lat' dir='ltr'>ne</span> <span class='ocrx_word' id='word_1_385' title='bbox 406 2841 482 2868; x_wconf 89' lang='lat' dir='ltr'>tum</span> <span class='ocrx_word' id='word_1_386' title='bbox 499 2828 644 2880; x_wconf 81' lang='lat' dir='ltr'>quidem</span> <span class='ocrx_word' id='word_1_387' title='bbox 660 2857 669 2875; x_wconf 87' lang='lat'>‚</span> <span class='ocrx_word' id='word_1_388' title='bbox 686 2839 769 2863; x_wconf 91' lang='lat' dir='ltr'>cum</span> <span class='ocrx_word' id='word_1_389' title='bbox 783 2840 803 2862; x_wconf 90' lang='lat' dir='ltr'>a</span> <span class='ocrx_word' id='word_1_390' title='bbox 823 2838 934 2875; x_wconf 89' lang='lat' dir='ltr'>puero</span> <span class='ocrx_word' id='word_1_391' title='bbox 958 2823 1128 2863; x_wconf 77' lang='lat' dir='ltr'>conviciis</span> <span class='ocrx_word' id='word_1_392' title='bbox 1152 2833 1286 2877; x_wconf 84' lang='lat' dir='ltr'>petere-</span> 
     </span>
     <span class='ocr_line' id='line_1_57' title="bbox 339 2885 1287 2936; baseline -0.007 -5"><span class='ocrx_word' id='word_1_393' title='bbox 339 2903 411 2931; x_wconf 85' lang='lat' dir='ltr'>tur.</span> <span class='ocrx_word' id='word_1_394' title='bbox 428 2893 519 2930; x_wconf 76' lang='lat' dir='ltr'>Nam</span> <span class='ocrx_word' id='word_1_395' title='bbox 534 2889 563 2927; x_wconf 91' lang='lat' dir='ltr'>si</span> <span class='ocrx_word' id='word_1_396' title='bbox 578 2886 739 2927; x_wconf 81' lang='lat' dir='ltr'>sacerdos</span> <span class='ocrx_word' id='word_1_397' title='bbox 753 2886 873 2924; x_wconf 87' lang='lat' dir='ltr'>fuisset</span> <span class='ocrx_word' id='word_1_398' title='bbox 885 2885 1117 2936; x_wconf 84' lang='lat' dir='ltr'>conviciatus,</span> <span class='ocrx_word' id='word_1_399' title='bbox 1131 2899 1200 2923; x_wconf 93' lang='lat' dir='ltr'>non</span> <span class='ocrx_word' id='word_1_400' title='bbox 1213 2895 1287 2924; x_wconf 83' lang='lat' dir='ltr'>crat</span> 
     </span>
     <span class='ocr_line' id='line_1_58' title="bbox 338 2946 1287 3007; baseline -0.006 -15"><span class='ocrx_word' id='word_1_401' title='bbox 338 2953 485 3007; x_wconf 88' lang='lat' dir='ltr'>perinde</span> <span class='ocrx_word' id='word_1_402' title='bbox 510 2949 669 2989; x_wconf 89' lang='lat' dir='ltr'>miranda</span> <span class='ocrx_word' id='word_1_403' title='bbox 701 2947 910 2986; x_wconf 86' lang='lat' dir='ltr'>tolerantia:</span> <span class='ocrx_word' id='word_1_404' title='bbox 933 2946 1119 2998; x_wconf 85' lang='lat' dir='ltr'>dignitatis</span> <span class='ocrx_word' id='word_1_405' title='bbox 1155 2947 1287 3000; x_wconf 86' lang='lat' dir='ltr'>quippe</span> 
     </span>
     <span class='ocr_line' id='line_1_59' title="bbox 339 3007 1287 3067; baseline -0.009 -12"><span class='ocrx_word' id='word_1_406' title='bbox 339 3012 561 3067; x_wconf 86' lang='lat' dir='ltr'>magnitudo,</span> <span class='ocrx_word' id='word_1_407' title='bbox 571 3025 611 3049; x_wconf 87' lang='lat' dir='ltr'>ac</span> <span class='ocrx_word' id='word_1_408' title='bbox 623 3009 849 3060; x_wconf 80' lang='lat' dir='ltr'>magistratus</span> <span class='ocrx_word' id='word_1_409' title='bbox 863 3007 1052 3046; x_wconf 84' lang='lat' dir='ltr'>auctoritas</span> <span class='ocrx_word' id='word_1_410' title='bbox 1065 3007 1121 3046; x_wconf 80' lang='lat' dir='ltr'>vel</span> <span class='ocrx_word' id='word_1_411' title='bbox 1138 3007 1287 3047; x_wconf 87' lang='lat' dir='ltr'>invitam</span> 
     </span>
     <span class='ocr_line' id='line_1_60' title="bbox 337 3073 1286 3130; baseline -0.009 -9"><span class='ocrx_word' id='word_1_412' title='bbox 337 3083 436 3120; x_wconf 90' lang='lat' dir='ltr'>illam</span> <span class='ocrx_word' id='word_1_413' title='bbox 457 3077 682 3130; x_wconf 86' lang='lat' dir='ltr'>compulisset</span> <span class='ocrx_word' id='word_1_414' title='bbox 700 3074 745 3112; x_wconf 88' lang='lat' dir='ltr'>ad</span> <span class='ocrx_word' id='word_1_415' title='bbox 760 3073 978 3112; x_wconf 86' lang='lat' dir='ltr'>modestiam.</span> <span class='ocrx_word' id='word_1_416' title='bbox 996 3074 1098 3111; x_wconf 87' lang='lat' dir='ltr'>Nunc</span> <span class='ocrx_word' id='word_1_417' title='bbox 1122 3088 1203 3112; x_wconf 74' lang='lat' dir='ltr'>vcro</span> <span class='ocrx_word' id='word_1_418' title='bbox 1224 3088 1286 3112; x_wconf 88' lang='lat' dir='ltr'>nec</span> 
     </span>
    </p>
   </div>
   <div class='ocr_carea' id='block_1_10' title="bbox 1306 1983 1327 2013">
    <p class='ocr_par' dir='ltr' id='par_1_11' title="bbox 1306 1983 1327 2013">
     <span class='ocr_line' id='line_1_61' title="bbox 1306 1983 1327 2013; baseline 0 0"><span class='ocrx_word' id='word_1_419' title='bbox 1306 1983 1327 2013; x_wconf 84' lang='lat' dir='ltr'>B</span> 
     </span>
    </p>
   </div>
   <div class='ocr_carea' id='block_1_11' title="bbox 332 3214 1339 3362">
    <p class='ocr_par' dir='ltr' id='par_1_12' title="bbox 332 3214 1339 3362">
     <span class='ocr_line' id='line_1_62' title="bbox 380 3214 1336 3257; baseline -0.008 -11"><span class='ocrx_word' id='word_1_420' title='bbox 380 3232 391 3246; x_wconf 82' lang='grc' dir='ltr'>ι</span> <span class='ocrx_word' id='word_1_421' title='bbox 409 3218 506 3252; x_wconf 89' lang='lat' dir='ltr'>Colb.</span> <span class='ocrx_word' id='word_1_422' title='bbox 539 3220 648 3254; x_wconf 64' lang='grc' dir='ltr'>λαθεῖν,</span> <span class='ocrx_word' id='word_1_423' title='bbox 675 3219 724 3246; x_wconf 83' lang='grc' dir='ltr'><strong><em>καί</em></strong></span> <span class='ocrx_word' id='word_1_424' title='bbox 748 3217 780 3246; x_wconf 68' lang='grc' dir='ltr'>τὸ</span> <span class='ocrx_word' id='word_1_425' title='bbox 803 3216 884 3249; x_wconf 63' lang='lat' dir='ltr'>iim,-</span> <span class='ocrx_word' id='word_1_426' title='bbox 910 3214 1075 3251; x_wconf 51' lang='grc' dir='ltr'>ἀνι-’δέξατο-</span> <span class='ocrx_word' id='word_1_427' title='bbox 1100 3217 1158 3245; x_wconf 59' lang='lat' dir='ltr'>fyr:</span> <span class='ocrx_word' id='word_1_428' title='bbox 1183 3217 1239 3257; x_wconf 63' lang='grc' dir='ltr'>γὰρ</span> <span class='ocrx_word' id='word_1_429' title='bbox 1268 3221 1336 3250; x_wconf 65' lang='lat'>77515.</span> 
     </span>
     <span class='ocr_line' id='line_1_63' title="bbox 332 3269 815 3308; baseline -0.023 -2"><span class='ocrx_word' id='word_1_430' title='bbox 332 3275 420 3307; x_wconf 78' lang='lat' dir='ltr'>Alius</span> <span class='ocrx_word' id='word_1_431' title='bbox 435 3269 532 3304; x_wconf 80' lang='lat' dir='ltr'>Colb.</span> <span class='ocrx_word' id='word_1_432' title='bbox 551 3272 729 3308; x_wconf 69' lang='grc' dir='ltr'>ἀνεξαὶνετο.</span> <span class='ocrx_word' id='word_1_433' title='bbox 744 3271 815 3298; x_wconf 69' lang='grc' dir='ltr'>ἴστε.</span> 
     </span>
     <span class='ocr_line' id='line_1_64' title="bbox 377 3318 1339 3362; baseline -0.003 -11"><span class='ocrx_word' id='word_1_434' title='bbox 377 3329 393 3351; x_wconf 75' lang='lat' dir='ltr'>h</span> <span class='ocrx_word' id='word_1_435' title='bbox 409 3322 506 3357; x_wconf 83' lang='lat' dir='ltr'>Colb.</span> <span class='ocrx_word' id='word_1_436' title='bbox 525 3320 593 3354; x_wconf 86' lang='lat' dir='ltr'>duo</span> <span class='ocrx_word' id='word_1_437' title='bbox 609 3327 642 3352; x_wconf 82' lang='lat' dir='ltr'>ct</span> <span class='ocrx_word' id='word_1_438' title='bbox 658 3319 740 3361; x_wconf 81' lang='lat' dir='ltr'>Reg,</span> <span class='ocrx_word' id='word_1_439' title='bbox 767 3321 903 3361; x_wconf 73' lang='grc' dir='ltr'>καθάπερ</span> <span class='ocrx_word' id='word_1_440' title='bbox 920 3321 958 3349; x_wconf 81' lang='grc' dir='ltr'>τὰ</span> <span class='ocrx_word' id='word_1_441' title='bbox 980 3318 1153 3362; x_wconf 67' lang='grc' dir='ltr'>τραχύτερα</span> <span class='ocrx_word' id='word_1_442' title='bbox 1170 3326 1229 3350; x_wconf 73' lang='grc' dir='ltr'>τῶν</span> <span class='ocrx_word' id='word_1_443' title='bbox 1246 3332 1339 3360; x_wconf 71' lang='grc' dir='ltr'>τραυ-</span> 
     </span>
    </p>
   </div>
   <div class='ocr_carea' id='block_1_12' title="bbox 331 3366 1340 3424">
    <p class='ocr_par' dir='ltr' id='par_1_13' title="bbox 331 3366 1340 3424">
     <span class='ocr_line' id='line_1_65' title="bbox 331 3366 1340 3424; baseline 0.001 -24"><span class='ocrx_word' id='word_1_444' title='bbox 331 3386 455 3424; x_wconf 46' lang='grc' dir='ltr'>μάτων,</span> <span class='ocrx_word' id='word_1_445' title='bbox 474 3378 538 3411; x_wconf 58' lang='lat'>0325</span> <span class='ocrx_word' id='word_1_446' title='bbox 560 3382 622 3412; x_wconf 57' lang='grc' dir='ltr'>τήν,</span> <span class='ocrx_word' id='word_1_447' title='bbox 642 3372 806 3403; x_wconf 68' lang='lat' dir='ltr'>Caeterum</span> <span class='ocrx_word' id='word_1_448' title='bbox 825 3366 888 3399; x_wconf 77' lang='lat' dir='ltr'>hoc</span> <span class='ocrx_word' id='word_1_449' title='bbox 908 3366 1066 3410; x_wconf 77' lang='lat' dir='ltr'>probrum</span> <span class='ocrx_word' id='word_1_450' title='bbox 1093 3367 1240 3401; x_wconf 78' lang='lat' dir='ltr'>intulisse</span> <span class='ocrx_word' id='word_1_451' title='bbox 1257 3368 1340 3401; x_wconf 86' lang='lat' dir='ltr'>‹lici-</span> 
     </span>
    </p>
   </div>
   <div class='ocr_carea' id='block_1_13' title="bbox 1351 1301 2383 3123">
    <p class='ocr_par' dir='ltr' id='par_1_14' title="bbox 1351 1301 2383 3123">
     <span class='ocr_line' id='line_1_66' title="bbox 1353 1301 2379 1356; baseline -0.002 -14"><span class='ocrx_word' id='word_1_452' title='bbox 1353 1303 1390 1342; x_wconf 85' lang='grc' dir='ltr'>Ἄ</span> <span class='ocrx_word' id='word_1_453' title='bbox 1399 1320 1440 1356; x_wconf 87' lang='grc' dir='ltr'>ρα</span> <span class='ocrx_word' id='word_1_454' title='bbox 1460 1303 1534 1341; x_wconf 56' lang='grc' dir='ltr'>ἐστὶ</span> <span class='ocrx_word' id='word_1_455' title='bbox 1553 1302 1613 1341; x_wconf 82' lang='grc' dir='ltr'>καὶ</span> <span class='ocrx_word' id='word_1_456' title='bbox 1631 1301 1679 1353; x_wconf 85' lang='grc' dir='ltr'>μὴ</span> <span class='ocrx_word' id='word_1_457' title='bbox 1699 1301 1887 1353; x_wconf 82' lang='grc' dir='ltr'>κράζοντας</span> <span class='ocrx_word' id='word_1_458' title='bbox 1916 1301 2123 1350; x_wconf 83' lang='grc' dir='ltr'>ἀκούεσθαι,</span> <span class='ocrx_word' id='word_1_459' title='bbox 2147 1302 2207 1340; x_wconf 79' lang='grc' dir='ltr'>καὶ</span> <span class='ocrx_word' id='word_1_460' title='bbox 2225 1305 2279 1341; x_wconf 80' lang='grc' dir='ltr'>ἐπ’</span> <span class='ocrx_word' id='word_1_461' title='bbox 2298 1306 2379 1353; x_wconf 85' lang='grc' dir='ltr'>ἀγο-</span> 
     </span>
     <span class='ocr_line' id='line_1_67' title="bbox 1356 1362 2379 1418; baseline 0 -17"><span class='ocrx_word' id='word_1_462' title='bbox 1356 1371 1415 1418; x_wconf 74' lang='grc' dir='ltr'>ρᾶς</span> <span class='ocrx_word' id='word_1_463' title='bbox 1447 1363 1648 1415; x_wconf 77' lang='grc' dir='ltr'>βαδίζοντας</span> <span class='ocrx_word' id='word_1_464' title='bbox 1669 1363 1832 1415; x_wconf 72' lang='grc' dir='ltr'>εὔχεσθαι</span> <span class='ocrx_word' id='word_1_465' title='bbox 1851 1362 1943 1401; x_wconf 88' lang='grc' dir='ltr'>κατὰ</span> <span class='ocrx_word' id='word_1_466' title='bbox 1962 1363 2114 1401; x_wconf 78' lang='grc' dir='ltr'>διάνοιαν</span> <span class='ocrx_word' id='word_1_467' title='bbox 2139 1363 2229 1414; x_wconf 74' lang='grc' dir='ltr'>μετὰ</span> <span class='ocrx_word' id='word_1_468' title='bbox 2248 1365 2379 1409; x_wconf 77' lang='grc' dir='ltr'>πολλῆς</span> 
     </span>
     <span class='ocr_line' id='line_1_68' title="bbox 1353 1423 2378 1476; baseline -0.001 -14"><span class='ocrx_word' id='word_1_469' title='bbox 1353 1424 1550 1476; x_wconf 67' lang='grc' dir='ltr'>ἅκριὸείας,</span> <span class='ocrx_word' id='word_1_470' title='bbox 1572 1425 1632 1462; x_wconf 85' lang='grc' dir='ltr'>καὶ</span> <span class='ocrx_word' id='word_1_471' title='bbox 1656 1424 1744 1475; x_wconf 83' lang='grc' dir='ltr'>μετὰ</span> <span class='ocrx_word' id='word_1_472' title='bbox 1774 1423 1881 1475; x_wconf 78' lang='grc' dir='ltr'>φίλων</span> <span class='ocrx_word' id='word_1_473' title='bbox 1917 1423 2200 1475; x_wconf 73' lang='grc' dir='ltr'>συνεδρεύοντας,</span> <span class='ocrx_word' id='word_1_474' title='bbox 2230 1424 2289 1462; x_wconf 86' lang='grc' dir='ltr'>καὶ</span> <span class='ocrx_word' id='word_1_475' title='bbox 2308 1430 2378 1461; x_wconf 79' lang='grc' dir='ltr'>πᾶν</span> 
     </span>
     <span class='ocr_line' id='line_1_69' title="bbox 1352 1484 2379 1538; baseline -0.002 -14"><span class='ocrx_word' id='word_1_476' title='bbox 1352 1489 1463 1524; x_wconf 73' lang='grc' dir='ltr'>ὁτιοῦν</span> <span class='ocrx_word' id='word_1_477' title='bbox 1492 1489 1674 1529; x_wconf 72' lang='grc' dir='ltr'>ποιοῦντας</span> <span class='ocrx_word' id='word_1_478' title='bbox 1693 1485 1782 1535; x_wconf 78' lang='grc' dir='ltr'>μετὰ</span> <span class='ocrx_word' id='word_1_479' title='bbox 1808 1486 1956 1538; x_wconf 65' lang='grc' dir='ltr'>σφοδρᾶς</span> <span class='ocrx_word' id='word_1_480' title='bbox 1985 1488 2047 1530; x_wconf 75' lang='grc' dir='ltr'>τῆς</span> <span class='ocrx_word' id='word_1_481' title='bbox 2082 1488 2163 1536; x_wconf 64' lang='grc' dir='ltr'>βοῆς</span> <span class='ocrx_word' id='word_1_482' title='bbox 2182 1487 2299 1523; x_wconf 83' lang='grc' dir='ltr'>καλεῖν</span> <span class='ocrx_word' id='word_1_483' title='bbox 2321 1484 2379 1522; x_wconf 82' lang='grc' dir='ltr'>τὸν</span> 
     </span>
     <span class='ocr_line' id='line_1_70' title="bbox 1352 1545 2380 1598; baseline -0.002 -13"><span class='ocrx_word' id='word_1_484' title='bbox 1352 1547 1455 1595; x_wconf 79' lang='grc' dir='ltr'>Θεὸν,</span> <span class='ocrx_word' id='word_1_485' title='bbox 1477 1549 1538 1593; x_wconf 67' lang='grc' dir='ltr'>τῆς</span> <span class='ocrx_word' id='word_1_486' title='bbox 1560 1546 1653 1584; x_wconf 76' lang='grc' dir='ltr'>ἔνδον</span> <span class='ocrx_word' id='word_1_487' title='bbox 1667 1546 1780 1598; x_wconf 80' lang='grc' dir='ltr'>λέγω,</span> <span class='ocrx_word' id='word_1_488' title='bbox 1799 1546 1859 1584; x_wconf 84' lang='grc' dir='ltr'>καὶ</span> <span class='ocrx_word' id='word_1_489' title='bbox 1881 1546 2002 1596; x_wconf 79' lang='grc' dir='ltr'>μηδενὶ</span> <span class='ocrx_word' id='word_1_490' title='bbox 2024 1549 2091 1584; x_wconf 81' lang='grc' dir='ltr'>τῶν</span> <span class='ocrx_word' id='word_1_491' title='bbox 2114 1545 2294 1597; x_wconf 80' lang='grc' dir='ltr'>παρόντων</span> <span class='ocrx_word' id='word_1_492' title='bbox 2316 1561 2380 1583; x_wconf 88' lang='grc' dir='ltr'>κα-</span> 
     </span>
     <span class='ocr_line' id='line_1_71' title="bbox 1351 1601 2377 1660; baseline -0.001 -15"><span class='ocrx_word' id='word_1_493' title='bbox 1351 1607 1502 1653; x_wconf 78' lang='grc' dir='ltr'>τάδηλον</span> <span class='ocrx_word' id='word_1_494' title='bbox 1530 1607 1657 1653; x_wconf 85' lang='grc' dir='ltr'>ταύτην</span> <span class='ocrx_word' id='word_1_495' title='bbox 1678 1613 1800 1645; x_wconf 85' lang='grc' dir='ltr'>ποιεῖν.</span> <span class='ocrx_word' id='word_1_496' title='bbox 1825 1605 1943 1660; x_wconf 61' lang='grc' dir='ltr'>εὈπερ</span> <span class='ocrx_word' id='word_1_497' title='bbox 1969 1601 2026 1644; x_wconf 63' lang='grc' dir='ltr'>οἶν</span> <span class='ocrx_word' id='word_1_498' title='bbox 2047 1606 2106 1644; x_wconf 78' lang='grc' dir='ltr'>καὶ</span> <span class='ocrx_word' id='word_1_499' title='bbox 2128 1609 2149 1652; x_wconf 83' lang='grc' dir='ltr'>ἡ</span> <span class='ocrx_word' id='word_1_500' title='bbox 2177 1605 2261 1657; x_wconf 84' lang='grc' dir='ltr'>γυνὴ</span> <span class='ocrx_word' id='word_1_501' title='bbox 2292 1605 2377 1653; x_wconf 76' lang='grc' dir='ltr'>αὕτη</span> 
     </span>
     <span class='ocr_line' id='line_1_72' title="bbox 1351 1666 2377 1719; baseline 0.001 -14"><span class='ocrx_word' id='word_1_502' title='bbox 1351 1668 1429 1706; x_wconf 87' lang='grc' dir='ltr'>τότε</span> <span class='ocrx_word' id='word_1_503' title='bbox 1449 1667 1602 1715; x_wconf 79' lang='grc' dir='ltr'>ἐποίησε.</span> <span class='ocrx_word' id='word_1_504' title='bbox 1623 1668 1732 1714; x_wconf 86' lang='grc' dir='ltr'>Φωνὴ</span> <span class='ocrx_word' id='word_1_505' title='bbox 1763 1667 1830 1719; x_wconf 83' lang='grc' dir='ltr'>γὰρ</span> <span class='ocrx_word' id='word_1_506' title='bbox 1859 1668 1965 1713; x_wconf 70' lang='grc' dir='ltr'>αὐτῆς</span> <span class='ocrx_word' id='word_1_507' title='bbox 1992 1667 2053 1705; x_wconf 78' lang='grc' dir='ltr'>οὐκ</span> <span class='ocrx_word' id='word_1_508' title='bbox 2081 1666 2247 1714; x_wconf 83' lang='grc' dir='ltr'>ἠκούετο,</span> <span class='ocrx_word' id='word_1_509' title='bbox 2267 1666 2353 1719; x_wconf 76' lang='grc' dir='ltr'>φησί</span> <span class='ocrx_word' id='word_1_510' title='bbox 2370 1683 2377 1690; x_wconf 92' lang='grc'><em>·</em></span> 
     </span>
     <span class='ocr_line' id='line_1_73' title="bbox 1352 1722 2378 1776; baseline -0.001 -9"><span class='ocrx_word' id='word_1_511' title='bbox 1352 1729 1412 1767; x_wconf 81' lang='grc' dir='ltr'>καὶ</span> <span class='ocrx_word' id='word_1_512' title='bbox 1440 1729 1639 1776; x_wconf 75' lang='grc' dir='ltr'>εἷσῆκουσεν</span> <span class='ocrx_word' id='word_1_513' title='bbox 1660 1730 1766 1775; x_wconf 73' lang='grc' dir='ltr'>αὐτῆς</span> <span class='ocrx_word' id='word_1_514' title='bbox 1785 1731 1802 1766; x_wconf 86' lang='grc' dir='ltr'>ὃ</span> <span class='ocrx_word' id='word_1_515' title='bbox 1821 1727 1926 1770; x_wconf 88' lang='grc' dir='ltr'>Θεός.</span> <span class='ocrx_word' id='word_1_516' title='bbox 1956 1726 2113 1774; x_wconf 85' lang='grc' dir='ltr'>Τοιαύτη</span> <span class='ocrx_word' id='word_1_517' title='bbox 2136 1722 2178 1774; x_wconf 65' lang='grc' dir='ltr'>ἦν</span> <span class='ocrx_word' id='word_1_518' title='bbox 2196 1730 2303 1774; x_wconf 72' lang='grc' dir='ltr'>αὐτῆς</span> <span class='ocrx_word' id='word_1_519' title='bbox 2323 1728 2378 1766; x_wconf 85' lang='grc' dir='ltr'>ἔν-</span> 
     </span>
     <span class='ocr_line' id='line_1_74' title="bbox 1353 1783 2376 1843; baseline -0.001 -15"><span class='ocrx_word' id='word_1_520' title='bbox 1353 1791 1447 1829; x_wconf 79' lang='grc' dir='ltr'>δοθεν</span> <span class='ocrx_word' id='word_1_521' title='bbox 1466 1794 1488 1837; x_wconf 79' lang='grc' dir='ltr'>ἡ</span> <span class='ocrx_word' id='word_1_522' title='bbox 1509 1789 1660 1843; x_wconf 82' lang='grc' dir='ltr'>κραυγή.</span> <span class='ocrx_word' id='word_1_523' title='bbox 1683 1788 1754 1828; x_wconf 81' lang='grc' dir='ltr'>Καὶ</span> <span class='ocrx_word' id='word_1_524' title='bbox 1774 1783 1867 1827; x_wconf 67' lang='grc' dir='ltr'>εἶπεν</span> <span class='ocrx_word' id='word_1_525' title='bbox 1888 1789 1973 1839; x_wconf 76' lang='grc' dir='ltr'>αὐτῇ</span> <span class='ocrx_word' id='word_1_526' title='bbox 1995 1787 2034 1825; x_wconf 81' lang='grc' dir='ltr'>τὸ</span> <span class='ocrx_word' id='word_1_527' title='bbox 2050 1788 2234 1841; x_wconf 80' lang='grc' dir='ltr'>παιδάριον</span> <span class='ocrx_word' id='word_1_528' title='bbox 2254 1788 2376 1828; x_wconf 79' lang='grc' dir='ltr'>Ἠλεί·</span> 
     </span>
     <span class='ocr_line' id='line_1_75' title="bbox 1354 1843 2380 1903; baseline -0.001 -13"><span class='ocrx_word' id='word_1_529' title='bbox 1354 1852 1418 1895; x_wconf 80' lang='grc' dir='ltr'>ἕως</span> <span class='ocrx_word' id='word_1_530' title='bbox 1436 1851 1521 1890; x_wconf 90' lang='grc' dir='ltr'>πότε</span> <span class='ocrx_word' id='word_1_531' title='bbox 1542 1851 1763 1902; x_wconf 55' lang='grc' dir='ltr'>μεθύω-θήσω</span> <span class='ocrx_word' id='word_1_532' title='bbox 1783 1851 2002 1903; x_wconf 81' lang='grc' dir='ltr'>Περιελοῧσα</span> <span class='ocrx_word' id='word_1_533' title='bbox 2022 1849 2080 1888; x_wconf 76' lang='grc' dir='ltr'>τὸν</span> <span class='ocrx_word' id='word_1_534' title='bbox 2108 1843 2196 1888; x_wconf 63' lang='grc' dir='ltr'>οἶνόν</span> <span class='ocrx_word' id='word_1_535' title='bbox 2226 1866 2286 1888; x_wconf 89' lang='grc' dir='ltr'>σου</span> <span class='ocrx_word' id='word_1_536' title='bbox 2309 1851 2380 1889; x_wconf 83' lang='grc' dir='ltr'>ἀπὸ</span> 
     </span>
     <span class='ocr_line' id='line_1_76' title="bbox 1355 1910 2380 1963; baseline -0.001 -13"><span class='ocrx_word' id='word_1_537' title='bbox 1355 1916 1434 1960; x_wconf 74' lang='grc' dir='ltr'>σοῦ,</span> <span class='ocrx_word' id='word_1_538' title='bbox 1471 1912 1599 1950; x_wconf 78' lang='grc' dir='ltr'>ἄπελθε</span> <span class='ocrx_word' id='word_1_539' title='bbox 1637 1914 1676 1950; x_wconf 81' lang='grc' dir='ltr'>ἐκ</span> <span class='ocrx_word' id='word_1_540' title='bbox 1709 1910 1898 1963; x_wconf 86' lang='grc' dir='ltr'>προσώπου</span> <span class='ocrx_word' id='word_1_541' title='bbox 1930 1910 2073 1962; x_wconf 85' lang='grc' dir='ltr'>Κυρίου.</span> <span class='ocrx_word' id='word_1_542' title='bbox 2103 1910 2277 1950; x_wconf 75' lang='grc' dir='ltr'>Ἐνταῦθα</span> <span class='ocrx_word' id='word_1_543' title='bbox 2306 1911 2380 1962; x_wconf 86' lang='grc' dir='ltr'>μά-</span> 
     </span>
     <span class='ocr_line' id='line_1_77' title="bbox 1352 1971 2380 2026; baseline -0.002 -14"><span class='ocrx_word' id='word_1_544' title='bbox 1352 1973 1456 2012; x_wconf 88' lang='grc' dir='ltr'>λιστά</span> <span class='ocrx_word' id='word_1_545' title='bbox 1475 1976 1548 2012; x_wconf 80' lang='grc' dir='ltr'>ἐστι</span> <span class='ocrx_word' id='word_1_546' title='bbox 1566 1973 1628 2020; x_wconf 76' lang='grc' dir='ltr'>τὴν</span> <span class='ocrx_word' id='word_1_547' title='bbox 1644 1971 1845 2026; x_wconf 66' lang='grc' dir='ltr'>φιλοσοφίαν</span> <span class='ocrx_word' id='word_1_548' title='bbox 1857 1973 1918 2017; x_wconf 65' lang='grc' dir='ltr'>τῆς</span> <span class='ocrx_word' id='word_1_549' title='bbox 1936 1971 2096 2022; x_wconf 80' lang='grc' dir='ltr'>γυναικὸς</span> <span class='ocrx_word' id='word_1_550' title='bbox 2111 1973 2205 2011; x_wconf 83' lang='grc' dir='ltr'>ἰδεῖν.</span> <span class='ocrx_word' id='word_1_551' title='bbox 2219 1971 2303 2011; x_wconf 78' lang='grc' dir='ltr'>Ἐπὶ</span> <span class='ocrx_word' id='word_1_552' title='bbox 2319 1975 2380 2020; x_wconf 80' lang='grc' dir='ltr'>τῆς</span> 
     </span>
     <span class='ocr_line' id='line_1_78' title="bbox 1355 2029 2380 2082; baseline -0.003 -8"><span class='ocrx_word' id='word_1_553' title='bbox 1355 2035 1464 2080; x_wconf 80' lang='grc' dir='ltr'>οἰκίας</span> <span class='ocrx_word' id='word_1_554' title='bbox 1484 2039 1505 2082; x_wconf 84' lang='grc' dir='ltr'>ἡ</span> <span class='ocrx_word' id='word_1_555' title='bbox 1527 2035 1706 2082; x_wconf 80' lang='grc' dir='ltr'>ἀντίζη).ος</span> <span class='ocrx_word' id='word_1_556' title='bbox 1725 2034 1894 2078; x_wconf 81' lang='grc' dir='ltr'>ὠνείδιζεν</span> <span class='ocrx_word' id='word_1_557' title='bbox 1909 2049 1916 2056; x_wconf 88' lang='grc'><em>·</em></span> <span class='ocrx_word' id='word_1_558' title='bbox 1937 2029 2038 2081; x_wconf 65' lang='grc' dir='ltr'>ἦλθεν</span> <span class='ocrx_word' id='word_1_559' title='bbox 2059 2035 2106 2077; x_wconf 86' lang='grc' dir='ltr'>εἷς</span> <span class='ocrx_word' id='word_1_560' title='bbox 2129 2034 2186 2072; x_wconf 85' lang='grc' dir='ltr'>τὸν</span> <span class='ocrx_word' id='word_1_561' title='bbox 2206 2033 2300 2082; x_wconf 81' lang='grc' dir='ltr'>ναὸν,</span> <span class='ocrx_word' id='word_1_562' title='bbox 2319 2035 2380 2073; x_wconf 85' lang='grc' dir='ltr'>καὶ</span> 
     </span>
     <span class='ocr_line' id='line_1_79' title="bbox 1355 2093 2380 2149; baseline -0.003 -14"><span class='ocrx_word' id='word_1_563' title='bbox 1355 2099 1394 2137; x_wconf 84' lang='grc' dir='ltr'>τὸ</span> <span class='ocrx_word' id='word_1_564' title='bbox 1410 2097 1592 2149; x_wconf 75' lang='grc' dir='ltr'>παιδάριον</span> <span class='ocrx_word' id='word_1_565' title='bbox 1606 2099 1665 2134; x_wconf 69' lang='grc' dir='ltr'>τοῦ</span> <span class='ocrx_word' id='word_1_566' title='bbox 1680 2095 1797 2148; x_wconf 79' lang='grc' dir='ltr'>ἱερέως</span> <span class='ocrx_word' id='word_1_567' title='bbox 1811 2094 1931 2147; x_wconf 71' lang='grc' dir='ltr'>ῧὸρισε</span> <span class='ocrx_word' id='word_1_568' title='bbox 1943 2125 1952 2142; x_wconf 85' lang='grc'>,</span> <span class='ocrx_word' id='word_1_569' title='bbox 1970 2094 2028 2132; x_wconf 74' lang='grc' dir='ltr'>καὶ</span> <span class='ocrx_word' id='word_1_570' title='bbox 2048 2098 2065 2133; x_wconf 83' lang='grc' dir='ltr'><strong>ὃ</strong></span> <span class='ocrx_word' id='word_1_571' title='bbox 2081 2093 2192 2145; x_wconf 81' lang='grc' dir='ltr'>ἱερεὺς</span> <span class='ocrx_word' id='word_1_572' title='bbox 2211 2094 2380 2146; x_wconf 79' lang='grc' dir='ltr'>ἐπετίμη-</span> 
     </span>
     <span class='ocr_line' id='line_1_80' title="bbox 1357 2151 2379 2210; baseline -0.003 -14"><span class='ocrx_word' id='word_1_573' title='bbox 1357 2174 1425 2197; x_wconf 87' lang='grc' dir='ltr'>σεν.</span> <span class='ocrx_word' id='word_1_574' title='bbox 1457 2157 1591 2210; x_wconf 64' lang='grc' dir='ltr'>Ἔφυγε</span> <span class='ocrx_word' id='word_1_575' title='bbox 1620 2157 1677 2196; x_wconf 81' lang='grc' dir='ltr'>τὸν</span> <span class='ocrx_word' id='word_1_576' title='bbox 1699 2156 1786 2194; x_wconf 87' lang='grc' dir='ltr'>οἴκοι</span> <span class='ocrx_word' id='word_1_577' title='bbox 1818 2159 2000 2208; x_wconf 75' lang='grc' dir='ltr'>χειμῶνα,</span> <span class='ocrx_word' id='word_1_578' title='bbox 2019 2151 2121 2203; x_wconf 69' lang='grc' dir='ltr'>ἦλθεν</span> <span class='ocrx_word' id='word_1_579' title='bbox 2151 2158 2199 2199; x_wconf 85' lang='grc' dir='ltr'>εἰς</span> <span class='ocrx_word' id='word_1_580' title='bbox 2229 2156 2379 2207; x_wconf 84' lang='grc' dir='ltr'>λιμένα,</span> 
     </span>
     <span class='ocr_line' id='line_1_81' title="bbox 1357 2211 2378 2270; baseline -0.003 -13"><span class='ocrx_word' id='word_1_581' title='bbox 1357 2220 1415 2257; x_wconf 81' lang='grc' dir='ltr'>καὶ</span> <span class='ocrx_word' id='word_1_582' title='bbox 1433 2219 1575 2269; x_wconf 86' lang='grc' dir='ltr'>κύματα</span> <span class='ocrx_word' id='word_1_583' title='bbox 1593 2218 1698 2256; x_wconf 88' lang='grc' dir='ltr'>πάλιν</span> <span class='ocrx_word' id='word_1_584' title='bbox 1724 2211 1820 2269; x_wconf 65' lang='grc' dir='ltr'>εὗρεν</span> <span class='ocrx_word' id='word_1_585' title='bbox 1837 2233 1844 2240; x_wconf 93' lang='grc'><em>·</em></span> <span class='ocrx_word' id='word_1_586' title='bbox 1868 2211 1951 2263; x_wconf 65' lang='grc' dir='ltr'>ἦλθε</span> <span class='ocrx_word' id='word_1_587' title='bbox 1983 2216 2164 2270; x_wconf 71' lang='grc' dir='ltr'>φάρμακον</span> <span class='ocrx_word' id='word_1_588' title='bbox 2179 2218 2336 2264; x_wconf 62' lang='grc' dir='ltr'>3λαὸεἷν,</span> <span class='ocrx_word' id='word_1_589' title='bbox 2356 2222 2378 2265; x_wconf 86' lang='grc' dir='ltr'>ἡ</span> 
     </span>
     <span class='ocr_line' id='line_1_82' title="bbox 1359 2277 2378 2331; baseline -0.004 -13"><span class='ocrx_word' id='word_1_590' title='bbox 1359 2280 1393 2318; x_wconf 77' lang='grc' dir='ltr'>δὲ</span> <span class='ocrx_word' id='word_1_591' title='bbox 1422 2282 1458 2319; x_wconf 83' lang='grc' dir='ltr'>οὖ</span> <span class='ocrx_word' id='word_1_592' title='bbox 1496 2280 1598 2331; x_wconf 88' lang='grc' dir='ltr'>μόνον</span> <span class='ocrx_word' id='word_1_593' title='bbox 1629 2280 1690 2317; x_wconf 81' lang='grc' dir='ltr'>οὐκ</span> <span class='ocrx_word' id='word_1_594' title='bbox 1723 2277 1858 2324; x_wconf 63' lang='grc' dir='ltr'>ἔλαῧεν,</span> <span class='ocrx_word' id='word_1_595' title='bbox 1880 2277 1969 2316; x_wconf 80' lang='grc' dir='ltr'>ἀλλὰ</span> <span class='ocrx_word' id='word_1_596' title='bbox 1989 2277 2048 2315; x_wconf 84' lang='grc' dir='ltr'>καὶ</span> <span class='ocrx_word' id='word_1_597' title='bbox 2077 2277 2214 2328; x_wconf 80' lang='grc' dir='ltr'>πληγὴν</span> <span class='ocrx_word' id='word_1_598' title='bbox 2231 2278 2289 2316; x_wconf 78' lang='grc' dir='ltr'>διὰ</span> <span class='ocrx_word' id='word_1_599' title='bbox 2310 2279 2378 2315; x_wconf 86' lang='grc' dir='ltr'>τῶν</span> 
     </span>
     <span class='ocr_line' id='line_1_83' title="bbox 1357 2338 2380 2393; baseline -0.003 -14"><span class='ocrx_word' id='word_1_600' title='bbox 1357 2343 1494 2379; x_wconf 70' lang='grc' dir='ltr'>ὃνειῖῶν</span> <span class='ocrx_word' id='word_1_601' title='bbox 1524 2339 1810 2393; x_wconf 70' lang='grc' dir='ltr'>προσεκτήσατο,</span> <span class='ocrx_word' id='word_1_602' title='bbox 1830 2338 1888 2376; x_wconf 77' lang='grc' dir='ltr'>καὶ</span> <span class='ocrx_word' id='word_1_603' title='bbox 1916 2338 1955 2376; x_wconf 78' lang='grc' dir='ltr'>τὸ</span> <span class='ocrx_word' id='word_1_604' title='bbox 1980 2338 2078 2382; x_wconf 76' lang='grc' dir='ltr'>ἕλκος</span> <span class='ocrx_word' id='word_1_605' title='bbox 2101 2340 2233 2389; x_wconf 83' lang='grc' dir='ltr'>μᾶλλον</span> <span class='ocrx_word' id='word_1_606' title='bbox 2257 2339 2300 2376; x_wconf 83' lang='grc' dir='ltr'>δι’</span> <span class='ocrx_word' id='word_1_607' title='bbox 2320 2340 2380 2376; x_wconf 83' lang='grc' dir='ltr'>αὐ-</span> 
     </span>
     <span class='ocr_line' id='line_1_84' title="bbox 1358 2398 2379 2452; baseline -0.003 -12"><span class='ocrx_word' id='word_1_608' title='bbox 1358 2404 1426 2440; x_wconf 81' lang='grc' dir='ltr'>τῶν</span> <span class='ocrx_word' id='word_1_609' title='bbox 1444 2400 1651 2445; x_wconf 77' lang='grc' dir='ltr'>ἀνεξαίνετο.</span> <span class='ocrx_word' id='word_1_610' title='bbox 1671 2400 1767 2439; x_wconf 81' lang='grc' dir='ltr'>Ἴστε</span> <span class='ocrx_word' id='word_1_611' title='bbox 1782 2399 1849 2452; x_wconf 70' lang='grc' dir='ltr'>γὰρ</span> <span class='ocrx_word' id='word_1_612' title='bbox 1867 2401 1940 2443; x_wconf 78' lang='grc' dir='ltr'>πῶς</span> <span class='ocrx_word' id='word_1_613' title='bbox 1974 2403 2009 2438; x_wconf 84' lang='grc' dir='ltr'>αἱ</span> <span class='ocrx_word' id='word_1_614' title='bbox 2029 2398 2243 2450; x_wconf 74' lang='grc' dir='ltr'>ὁδυνώμεναι</span> <span class='ocrx_word' id='word_1_615' title='bbox 2270 2400 2379 2452; x_wconf 76' lang='grc' dir='ltr'>ψυχαὶ</span> 
     </span>
     <span class='ocr_line' id='line_1_85' title="bbox 1358 2459 2380 2517; baseline -0.003 -15"><span class='ocrx_word' id='word_1_616' title='bbox 1358 2464 1443 2517; x_wconf 78' lang='grc' dir='ltr'>πρὸς</span> <span class='ocrx_word' id='word_1_617' title='bbox 1459 2463 1520 2507; x_wconf 83' lang='grc' dir='ltr'>τὰς</span> <span class='ocrx_word' id='word_1_618' title='bbox 1540 2461 1712 2514; x_wconf 77' lang='grc' dir='ltr'>λοιδορίας</span> <span class='ocrx_word' id='word_1_619' title='bbox 1740 2461 1799 2499; x_wconf 79' lang='grc' dir='ltr'>καὶ</span> <span class='ocrx_word' id='word_1_620' title='bbox 1819 2460 1879 2504; x_wconf 85' lang='grc' dir='ltr'>τὰς</span> <span class='ocrx_word' id='word_1_621' title='bbox 1905 2460 2021 2514; x_wconf 62' lang='grc' dir='ltr'>ῧέρεις</span> <span class='ocrx_word' id='word_1_622' title='bbox 2041 2461 2242 2499; x_wconf 80' lang='grc' dir='ltr'>διάκεινται.</span> <span class='ocrx_word' id='word_1_623' title='bbox 2270 2459 2286 2480; x_wconf 64' lang='lat' dir='ltr'>b</span> <span class='ocrx_word' id='word_1_624' title='bbox 2305 2463 2380 2499; x_wconf 82' lang='grc' dir='ltr'>Κα-</span> 
     </span>
     <span class='ocr_line' id='line_1_86' title="bbox 1360 2522 2379 2576; baseline -0.002 -13"><span class='ocrx_word' id='word_1_625' title='bbox 1360 2526 1469 2576; x_wconf 82' lang='grc' dir='ltr'>θάπερ</span> <span class='ocrx_word' id='word_1_626' title='bbox 1487 2524 1554 2576; x_wconf 75' lang='grc' dir='ltr'>γὰρ</span> <span class='ocrx_word' id='word_1_627' title='bbox 1572 2522 1616 2561; x_wconf 81' lang='grc' dir='ltr'>τὰ</span> <span class='ocrx_word' id='word_1_628' title='bbox 1636 2522 1775 2573; x_wconf 82' lang='grc' dir='ltr'>μείζονα</span> <span class='ocrx_word' id='word_1_629' title='bbox 1794 2524 1862 2560; x_wconf 81' lang='grc' dir='ltr'>τῶν</span> <span class='ocrx_word' id='word_1_630' title='bbox 1881 2522 2103 2575; x_wconf 75' lang='grc' dir='ltr'>τραυμάτων,</span> <span class='ocrx_word' id='word_1_631' title='bbox 2123 2523 2160 2560; x_wconf 77' lang='grc' dir='ltr'>οὐ</span> <span class='ocrx_word' id='word_1_632' title='bbox 2175 2522 2239 2568; x_wconf 81' lang='grc' dir='ltr'>τὴν</span> <span class='ocrx_word' id='word_1_633' title='bbox 2255 2528 2379 2575; x_wconf 76' lang='grc' dir='ltr'>τυχοῦ-</span> 
     </span>
     <span class='ocr_line' id='line_1_87' title="bbox 1359 2582 2378 2637; baseline -0.001 -14"><span class='ocrx_word' id='word_1_634' title='bbox 1359 2601 1422 2624; x_wconf 88' lang='grc' dir='ltr'>σαν</span> <span class='ocrx_word' id='word_1_635' title='bbox 1440 2584 1604 2631; x_wconf 72' lang='grc' dir='ltr'>ἐπιὸολὴν</span> <span class='ocrx_word' id='word_1_636' title='bbox 1624 2587 1686 2630; x_wconf 69' lang='grc' dir='ltr'>τῆς</span> <span class='ocrx_word' id='word_1_637' title='bbox 1704 2583 1819 2637; x_wconf 75' lang='grc' dir='ltr'>χειρὸς</span> <span class='ocrx_word' id='word_1_638' title='bbox 1836 2582 2028 2634; x_wconf 82' lang='grc' dir='ltr'>ἀνεχόμενα</span> <span class='ocrx_word' id='word_1_639' title='bbox 2045 2614 2054 2630; x_wconf 91' lang='grc'>,</span> <span class='ocrx_word' id='word_1_640' title='bbox 2068 2582 2209 2634; x_wconf 76' lang='grc' dir='ltr'>χείρονα</span> <span class='ocrx_word' id='word_1_641' title='bbox 2227 2583 2358 2635; x_wconf 84' lang='grc' dir='ltr'>γίνεται</span> <span class='ocrx_word' id='word_1_642' title='bbox 2371 2600 2378 2607; x_wconf 95' lang='grc'><em>·</em></span> 
     </span>
     <span class='ocr_line' id='line_1_88' title="bbox 1358 2643 2378 2696; baseline -0.003 -11"><span class='ocrx_word' id='word_1_643' title='bbox 1358 2647 1447 2686; x_wconf 76' lang='grc' dir='ltr'>οὕτω</span> <span class='ocrx_word' id='word_1_644' title='bbox 1475 2645 1533 2683; x_wconf 75' lang='grc' dir='ltr'>καὶ</span> <span class='ocrx_word' id='word_1_645' title='bbox 1561 2649 1582 2692; x_wconf 87' lang='grc' dir='ltr'>ἡ</span> <span class='ocrx_word' id='word_1_646' title='bbox 1617 2644 1712 2696; x_wconf 73' lang='grc' dir='ltr'>ψυχὴ</span> <span class='ocrx_word' id='word_1_647' title='bbox 1743 2643 1982 2696; x_wconf 80' lang='grc' dir='ltr'>τεταραγμένη</span> <span class='ocrx_word' id='word_1_648' title='bbox 2002 2643 2210 2695; x_wconf 81' lang='grc' dir='ltr'>δυσάρεστός</span> <span class='ocrx_word' id='word_1_649' title='bbox 2228 2644 2266 2681; x_wconf 86' lang='grc' dir='ltr'>τέ</span> <span class='ocrx_word' id='word_1_650' title='bbox 2285 2648 2378 2692; x_wconf 81' lang='grc' dir='ltr'>ἐστι,</span> 
     </span>
     <span class='ocr_line' id='line_1_89' title="bbox 1358 2703 2379 2758; baseline -0.003 -12"><span class='ocrx_word' id='word_1_651' title='bbox 1358 2708 1417 2747; x_wconf 79' lang='grc' dir='ltr'>καὶ</span> <span class='ocrx_word' id='word_1_652' title='bbox 1437 2708 1521 2758; x_wconf 80' lang='grc' dir='ltr'>πρὸς</span> <span class='ocrx_word' id='word_1_653' title='bbox 1549 2706 1687 2744; x_wconf 86' lang='grc' dir='ltr'>ἅπαντα</span> <span class='ocrx_word' id='word_1_654' title='bbox 1709 2703 1944 2757; x_wconf 56' lang='grc' dir='ltr'>δυσχεραίνει,</span> <span class='ocrx_word' id='word_1_655' title='bbox 1964 2704 2023 2742; x_wconf 76' lang='grc' dir='ltr'>καὶ</span> <span class='ocrx_word' id='word_1_656' title='bbox 2044 2704 2110 2742; x_wconf 71' lang='grc' dir='ltr'>ὑπὸ</span> <span class='ocrx_word' id='word_1_657' title='bbox 2141 2709 2200 2743; x_wconf 81' lang='grc' dir='ltr'>τοῦ</span> <span class='ocrx_word' id='word_1_658' title='bbox 2217 2705 2379 2757; x_wconf 74' lang='grc' dir='ltr'>τυχόντος</span> 
     </span>
     <span class='ocr_line' id='line_1_90' title="bbox 1358 2764 2377 2819; baseline -0.003 -12"><span class='ocrx_word' id='word_1_659' title='bbox 1358 2769 1518 2807; x_wconf 82' lang='grc' dir='ltr'>δάκνεται</span> <span class='ocrx_word' id='word_1_660' title='bbox 1539 2767 1704 2819; x_wconf 75' lang='grc' dir='ltr'>ῥήματος.</span> <span class='ocrx_word' id='word_1_661' title='bbox 1728 2765 1818 2803; x_wconf 78' lang='grc' dir='ltr'>Ἀλλ’</span> <span class='ocrx_word' id='word_1_662' title='bbox 1842 2765 1935 2814; x_wconf 74' lang='grc' dir='ltr'>ὅμως</span> <span class='ocrx_word' id='word_1_663' title='bbox 1967 2764 2061 2802; x_wconf 79' lang='grc' dir='ltr'>οὐδὲν</span> <span class='ocrx_word' id='word_1_664' title='bbox 2080 2769 2230 2803; x_wconf 82' lang='grc' dir='ltr'>τοιοῦτον</span> <span class='ocrx_word' id='word_1_665' title='bbox 2253 2766 2377 2804; x_wconf 84' lang='grc' dir='ltr'>ἔπαθεν</span> 
     </span>
     <span class='ocr_line' id='line_1_91' title="bbox 1358 2826 2383 2882; baseline -0.001 -14"><span class='ocrx_word' id='word_1_666' title='bbox 1358 2835 1380 2877; x_wconf 78' lang='grc' dir='ltr'>ἡ</span> <span class='ocrx_word' id='word_1_667' title='bbox 1396 2829 1503 2882; x_wconf 86' lang='grc' dir='ltr'>γυνὴ,</span> <span class='ocrx_word' id='word_1_668' title='bbox 1526 2829 1726 2873; x_wconf 72' lang='grc' dir='ltr'>καὶταῦτα,</span> <span class='ocrx_word' id='word_1_669' title='bbox 1745 2831 1805 2864; x_wconf 80' lang='grc' dir='ltr'>τοῦ</span> <span class='ocrx_word' id='word_1_670' title='bbox 1821 2827 1943 2870; x_wconf 77' lang='grc' dir='ltr'>παιδὸς</span> <span class='ocrx_word' id='word_1_671' title='bbox 1962 2826 2238 2878; x_wconf 74' lang='grc' dir='ltr'>λοιδορουμένου.</span> <span class='ocrx_word' id='word_1_672' title='bbox 2257 2830 2300 2866; x_wconf 65' lang='lat' dir='ltr'>lii</span> <span class='ocrx_word' id='word_1_673' title='bbox 2322 2829 2383 2878; x_wconf 79' lang='grc' dir='ltr'>μὲν</span> 
     </span>
     <span class='ocr_line' id='line_1_92' title="bbox 1359 2883 2382 2942; baseline -0.003 -14"><span class='ocrx_word' id='word_1_674' title='bbox 1359 2885 1416 2930; x_wconf 71' lang='grc' dir='ltr'>οὖν</span> <span class='ocrx_word' id='word_1_675' title='bbox 1437 2892 1455 2928; x_wconf 80' lang='grc' dir='ltr'>ὁ</span> <span class='ocrx_word' id='word_1_676' title='bbox 1472 2888 1581 2942; x_wconf 75' lang='grc' dir='ltr'>ἱερεὺς</span> <span class='ocrx_word' id='word_1_677' title='bbox 1596 2883 1637 2935; x_wconf 65' lang='grc' dir='ltr'>ἦν</span> <span class='ocrx_word' id='word_1_678' title='bbox 1666 2891 1684 2926; x_wconf 84' lang='grc' dir='ltr'>ὁ</span> <span class='ocrx_word' id='word_1_679' title='bbox 1710 2886 1882 2939; x_wconf 63' lang='grc' dir='ltr'>ὑδρικὼς,</span> <span class='ocrx_word' id='word_1_680' title='bbox 1903 2889 1968 2940; x_wconf 73' lang='grc' dir='ltr'>οὐχ</span> <span class='ocrx_word' id='word_1_681' title='bbox 1989 2887 2079 2925; x_wconf 83' lang='grc' dir='ltr'>οὕτω</span> <span class='ocrx_word' id='word_1_682' title='bbox 2101 2888 2284 2937; x_wconf 77' lang='grc' dir='ltr'>θαυμαστὴ</span> <span class='ocrx_word' id='word_1_683' title='bbox 2301 2883 2343 2934; x_wconf 65' lang='grc' dir='ltr'>ἦν</span> <span class='ocrx_word' id='word_1_684' title='bbox 2359 2891 2382 2934; x_wconf 83' lang='grc' dir='ltr'>ἡ</span> 
     </span>
     <span class='ocr_line' id='line_1_93' title="bbox 1360 2947 2382 3000; baseline -0.004 -10"><span class='ocrx_word' id='word_1_685' title='bbox 1360 2949 1560 2995; x_wconf 85' lang='grc' dir='ltr'>ἀνεξικακία</span> <span class='ocrx_word' id='word_1_686' title='bbox 1574 2964 1582 2972; x_wconf 86' lang='grc'><em>·</em></span> <span class='ocrx_word' id='word_1_687' title='bbox 1612 2948 1651 2986; x_wconf 84' lang='grc' dir='ltr'>τὸ</span> <span class='ocrx_word' id='word_1_688' title='bbox 1680 2948 1747 3000; x_wconf 77' lang='grc' dir='ltr'>γὰρ</span> <span class='ocrx_word' id='word_1_689' title='bbox 1779 2948 1918 2999; x_wconf 82' lang='grc' dir='ltr'>μέγεθος</span> <span class='ocrx_word' id='word_1_690' title='bbox 1948 2953 2007 2986; x_wconf 75' lang='grc' dir='ltr'>τοῦ</span> <span class='ocrx_word' id='word_1_691' title='bbox 2037 2947 2253 2998; x_wconf 81' lang='grc' dir='ltr'>ἀξιώματος,</span> <span class='ocrx_word' id='word_1_692' title='bbox 2276 2949 2334 2987; x_wconf 83' lang='grc' dir='ltr'>καὶ</span> <span class='ocrx_word' id='word_1_693' title='bbox 2365 2952 2382 2986; x_wconf 89' lang='grc' dir='ltr'>ὁ</span> 
     </span>
     <span class='ocr_line' id='line_1_94' title="bbox 1358 3008 2378 3063; baseline -0.003 -13"><span class='ocrx_word' id='word_1_694' title='bbox 1358 3016 1420 3059; x_wconf 67' lang='grc' dir='ltr'>τῆς</span> <span class='ocrx_word' id='word_1_695' title='bbox 1440 3013 1550 3063; x_wconf 66' lang='grc' dir='ltr'>ἀρχῆς</span> <span class='ocrx_word' id='word_1_696' title='bbox 1569 3011 1668 3061; x_wconf 79' lang='grc' dir='ltr'>ὄγκος</span> <span class='ocrx_word' id='word_1_697' title='bbox 1683 3010 1742 3047; x_wconf 79' lang='grc' dir='ltr'>καὶ</span> <span class='ocrx_word' id='word_1_698' title='bbox 1758 3010 1908 3047; x_wconf 79' lang='grc' dir='ltr'>ἄκουσαν</span> <span class='ocrx_word' id='word_1_699' title='bbox 1930 3008 2035 3055; x_wconf 75' lang='grc' dir='ltr'>αὐτὴν</span> <span class='ocrx_word' id='word_1_700' title='bbox 2052 3009 2166 3047; x_wconf 79' lang='grc' dir='ltr'>ἔπειθε</span> <span class='ocrx_word' id='word_1_701' title='bbox 2182 3015 2378 3060; x_wconf 77' lang='grc' dir='ltr'>σωφρονεῖν.</span> 
     </span>
     <span class='ocr_line' id='line_1_95' title="bbox 1361 3069 2380 3123; baseline -0.004 -11"><span class='ocrx_word' id='word_1_702' title='bbox 1361 3073 1447 3112; x_wconf 67' lang='grc' dir='ltr'>Νυνὶ</span> <span class='ocrx_word' id='word_1_703' title='bbox 1467 3072 1501 3109; x_wconf 84' lang='grc' dir='ltr'>δὲ</span> <span class='ocrx_word' id='word_1_704' title='bbox 1522 3071 1597 3109; x_wconf 68' lang='grc' dir='ltr'>οὐδὲ</span> <span class='ocrx_word' id='word_1_705' title='bbox 1619 3071 1703 3122; x_wconf 77' lang='grc' dir='ltr'>πρὸς</span> <span class='ocrx_word' id='word_1_706' title='bbox 1723 3070 1761 3109; x_wconf 71' lang='grc' dir='ltr'>τὸ</span> <span class='ocrx_word' id='word_1_707' title='bbox 1778 3070 1960 3123; x_wconf 78' lang='grc' dir='ltr'>παιδάριον</span> <span class='ocrx_word' id='word_1_708' title='bbox 1984 3074 2042 3107; x_wconf 72' lang='grc' dir='ltr'>τοῦ</span> <span class='ocrx_word' id='word_1_709' title='bbox 2060 3069 2177 3120; x_wconf 78' lang='grc' dir='ltr'>ἱερέως</span> <span class='ocrx_word' id='word_1_710' title='bbox 2196 3070 2380 3123; x_wconf 40' lang='grc' dir='ltr'>ἐδυσχέρα-</span> 
     </span>
    </p>
   </div>
   <div class='ocr_carea' id='block_1_14' title="bbox 1374 3205 2378 3354">
    <p class='ocr_par' dir='ltr' id='par_1_15' title="bbox 1374 3205 2378 3354">
     <span class='ocr_line' id='line_1_96' title="bbox 1376 3205 2377 3252; baseline -0.006 -9"><span class='ocrx_word' id='word_1_711' title='bbox 1376 3219 1428 3243; x_wconf 86' lang='lat' dir='ltr'>tur</span> <span class='ocrx_word' id='word_1_712' title='bbox 1454 3212 1554 3243; x_wconf 81' lang='lat' dir='ltr'>matri</span> <span class='ocrx_word' id='word_1_713' title='bbox 1578 3209 1741 3244; x_wconf 78' lang='lat' dir='ltr'>Samuelis</span> <span class='ocrx_word' id='word_1_714' title='bbox 1768 3220 1848 3252; x_wconf 77' lang='lat' dir='ltr'>puer</span> <span class='ocrx_word' id='word_1_715' title='bbox 1875 3210 1942 3241; x_wconf 78' lang='lat' dir='ltr'>sire</span> <span class='ocrx_word' id='word_1_716' title='bbox 1962 3221 2074 3241; x_wconf 74' lang='lat' dir='ltr'>servus</span> <span class='ocrx_word' id='word_1_717' title='bbox 2095 3208 2168 3240; x_wconf 69' lang='lat' dir='ltr'>lle-li</span> <span class='ocrx_word' id='word_1_718' title='bbox 2196 3205 2377 3239; x_wconf 75' lang='lat' dir='ltr'>secundum</span> 
     </span>
     <span class='ocr_line' id='line_1_97' title="bbox 1374 3256 2378 3304; baseline -0.006 -9"><span class='ocrx_word' id='word_1_719' title='bbox 1374 3263 1464 3295; x_wconf 78' lang='lat' dir='ltr'>LXX</span> <span class='ocrx_word' id='word_1_720' title='bbox 1484 3264 1696 3304; x_wconf 67' lang='lat' dir='ltr'>Interpretes.</span> <span class='ocrx_word' id='word_1_721' title='bbox 1715 3263 1755 3293; x_wconf 77' lang='lat' dir='ltr'>At</span> <span class='ocrx_word' id='word_1_722' title='bbox 1773 3263 1805 3293; x_wconf 90' lang='lat' dir='ltr'>in</span> <span class='ocrx_word' id='word_1_723' title='bbox 1819 3259 1958 3292; x_wconf 60' lang='lat' dir='ltr'>liet-rato</span> <span class='ocrx_word' id='word_1_724' title='bbox 1973 3261 2051 3292; x_wconf 81' lang='lat' dir='ltr'>etin</span> <span class='ocrx_word' id='word_1_725' title='bbox 2066 3259 2204 3302; x_wconf 71' lang='lat' dir='ltr'>Vulgata</span> <span class='ocrx_word' id='word_1_726' title='bbox 2223 3258 2289 3301; x_wconf 83' lang='lat' dir='ltr'>ipse</span> <span class='ocrx_word' id='word_1_727' title='bbox 2306 3256 2378 3289; x_wconf 79' lang='lat' dir='ltr'>Heli</span> 
     </span>
     <span class='ocr_line' id='line_1_98' title="bbox 1375 3313 1991 3354; baseline -0.008 -7"><span class='ocrx_word' id='word_1_728' title='bbox 1375 3314 1462 3348; x_wconf 88' lang='lat' dir='ltr'>solus</span> <span class='ocrx_word' id='word_1_729' title='bbox 1480 3314 1647 3347; x_wconf 81' lang='lat' dir='ltr'>inducitur</span> <span class='ocrx_word' id='word_1_730' title='bbox 1663 3316 1789 3346; x_wconf 76' lang='lat' dir='ltr'>Annam</span> <span class='ocrx_word' id='word_1_731' title='bbox 1809 3313 1991 3354; x_wconf 76' lang='lat' dir='ltr'>increpans.</span> 
     </span>
    </p>
   </div>
  </div>
 </body>
</html>
