2566 3791
128 643 244 672 Hebrd
255 642 317 683 {J}-

128 1005 219 1034 Rom.
237 1014 268 1034 2.

125 1060 224 1099 Apoc.
242 1068 295 1088 20.

130 2047 309 2077 Rom.2‚12.

331 241 420 271 200

329 323 490 372 obsecro,
512 323 594 375 quis
612 332 662 362 est
680 325 743 374 qui
758 322 851 362 mala
870 325 1024 376 patitur,
1043 338 1087 361 an
1103 323 1165 374 qui
1185 321 1280 359 occi—

330 383 408 433 dit,
426 384 483 421 vel
515 385 577 436 qui
603 385 807 423 occiditur?
829 384 1057 422 Manifestum
1087 382 1184 433 quod
1218 380 1280 431 qui

331 445 474 485 occidit.
489 445 631 484 Etenim
646 445 781 483 occisus
797 445 859 482 ille
871 458 980 494 usque
995 443 1042 480 ad
1053 451 1171 480 nostra
1194 450 1280 478 tem-
1306 448 1332 477 D

331 521 420 559 pora
435 521 495 545 ore
508 507 668 545 omnium
685 507 909 554 decantatur,
931 503 1145 556 praedicatur
1164 511 1198 540 et
1217 516 1281 539 co—

332 576 479 606 ronatur
500 577 540 605 ut
563 566 723 606 veritatis
740 565 878 618 primus
896 564 994 602 testis
1009 580 1017 601 :
1035 564 1127 602 sicut
1144 562 1232 601 dicit
1249 571 1283 600 et

329 629 454 668 beatus
468 629 602 666 Paulus
615 643 622 663 :
635 629 815 665 Mortuus
827 626 935 664 Abel
948 627 1077 664 adhuc
1094 625 1278 677 loquitur.

330 689 400 729 Sed
418 688 479 740 qui
497 687 644 738 occidit,
664 687 772 737 etiam
794 696 879 725 tunc
896 686 1011 725 vitam
1028 685 1156 738 agebat
1176 685 1281 724 mise-

328 749 532 788 rabiliorem
551 762 659 800 quam
674 748 771 786 ullus
788 747 908 796 homo,
924 756 957 785 et
968 756 1089 800 postea
1104 746 1150 784 ab
1165 745 1281 784 omni-

329 809 397 848 bus
415 808 507 847 male
526 807 642 854 audit,
662 816 702 845 ut
720 807 970 845 abominabilis
986 808 1076 855 Deo,
1100 815 1133 844 et
1148 814 1187 844 ut
1205 820 1280 843 ma-

327 869 480 909 ledictus
504 884 524 908 a
545 868 670 908 divina
691 868 876 921 Scriptura
909 867 1108 906 traducitur
1121 883 1132 917 ;
1155 876 1188 904 et
1213 866 1281 904 hoc

328 930 475 983 quidem
497 930 534 969 in
554 928 719 983 praesenti
741 929 828 979 vita,
847 943 925 979 quae
948 928 1056 966 simul
1074 927 1279 966 intercidet:

329 1005 408 1044 quae
436 1001 555 1031 autem
573 992 611 1029 in
629 992 749 1029 futuro
778 990 906 1028 saeculo
933 990 1075 1041 utrique
1098 1002 1280 1027 occurrere

330 1055 504 1104 debeant,
526 1068 608 1091 cum
637 1052 830 1103 unicuique
854 1066 920 1104 pro
952 1065 1014 1090 suo
1034 1064 1140 1104 opere
1157 1049 1282 1088 reddet

328 1116 448 1168 justus
466 1116 485 1155 J
492 1113 599 1165 udex‚
623 1115 704 1164 quis
719 1127 834 1152 sermo
852 1112 970 1150 dicere
986 1121 1114 1165 posset,
1131 1111 1189 1149 vel
1203 1124 1281 1161 quae

331 1177 439 1226 bona,
461 1176 521 1215 vel
536 1189 614 1227 quae
629 1175 724 1213 mala
738 1175 755 1212 Ξ)
769 1175 913 1220 Nullus,
933 1173 1053 1212 nullus
1075 1173 1200 1226 plane,
1221 1186 1281 1209 ne-
1304 1200 1329 1230 E

332 1253 400 1290 que
420 1237 597 1291 jucunda,
608 1250 722 1288 neque
735 1236 851 1274 tristia
864 1235 1073 1274 narraverit.
1087 1234 1284 1273 Enimvero

332 1300 480 1339 Abelem
494 1298 642 1351 quidem
666 1298 703 1336 in
722 1312 830 1350 regno
849 1297 1030 1345 caelorum,
1049 1305 1083 1335 et
1101 1296 1281 1349 perpetuis

329 1361 560 1411 habitaculis,
582 1360 883 1413 patriarcharum,
901 1359 1158 1412 prophetarum
1176 1367 1281 1409 atque

327 1423 569 1476 apostolorum
585 1422 684 1460 chori
695 1430 728 1459 et
742 1421 903 1459 omnium
918 1429 1121 1458 sanctorum
1137 1433 1282 1471 congre-

327 1485 423 1537 gatio
435 1482 744 1537 suscipientsimul
760 1483 796 1520 in
811 1490 1022 1535 perpetuum
1037 1489 1279 1532 regnaturum,

328 1561 411 1585 cum
429 1547 525 1598 Rege
556 1544 700 1583 Christo
725 1546 824 1593 Jesu,
847 1543 1030 1595 unigenito
1048 1543 1115 1581 Dei
1137 1542 1228 1581 Filio
1247 1551 1280 1580 et

326 1607 534 1646 De0:hunc
560 1615 693 1655 autem,
715 1605 804 1643 Cain
825 1605 986 1655 inquam,
1004 1604 1163 1655 gehenna
1186 1603 1339 1670 ignis17⁰

325 1669 466 1721 aliaque
483 1667 701 1706 immortalia
729 1666 848 1704 omnia
878 1674 1052 1703 tormenta
1081 1664 1273 1717 excipient,
1300 1682 1326 1712 Α

325 1739 365 1768 ut
400 1729 577 1768 crucietur
609 1728 646 1765 in
680 1726 820 1765 infinita
861 1726 990 1764 saecula
1020 1734 1051 1763 et
1090 1739 1171 1763 cum
1212 1725 1275 1764 illo

325 1805 446 1830 omnes
463 1790 527 1842 qui
542 1789 674 1828 similia
690 1797 848 1841 egerunt,
861 1796 892 1826 et
911 1787 1067 1825 maxime
1085 1787 1122 1825 in
1138 1801 1196 1825 eos
1215 1787 1277 1838 qui

324 1853 481 1906 posthaec
512 1849 729 1904 turpissimis
762 1848 1010 1888 affectionibus
1050 1848 1144 1901 capti
1177 1857 1274 1897 sunt,

324 1923 456 1967 quanto
469 1913 583 1966 major
600 1926 703 1965 poena
726 1926 746 1949 a
766 1911 920 1950 Domino
940 1909 1100 1948 omnium
1120 1925 1276 1962 pronun-

322 1975 443 2013 tiatur.
474 1973 568 2013 Audi
597 1972 692 2011 enim
722 1973 866 2011 beatum
896 1971 1051 2010 Paulum
1078 1971 1275 2011 dicentem:

327 2037 568 2088 Quicumque
587 2037 692 2073 enim
707 2036 790 2072 sine
809 2034 890 2086 lege
905 2043 1178 2085 peccaverunt,
1195 2037 1278 2072 sine

323 2097 404 2149 lege
416 2098 598 2149 peribunt
614 2111 624 2131 :
638 2095 705 2133 hoc
723 2104 789 2145 est,
808 2094 977 2132 leviorem
995 2095 1107 2133 ferent
1124 2109 1277 2147 poenam,

322 2173 363 2196 eo
383 2157 478 2209 quod
497 2162 565 2195 non
581 2156 774 2194 habuerint
797 2155 912 2207 legem
930 2170 1008 2206 quae
1027 2155 1224 2194 minaretur
1245 2166 1279 2194 et

324 2219 515 2271 corrigeret
533 2219 607 2255 :Et
643 2219 875 2269 quicumque
909 2219 950 2253 in
982 2217 1063 2269 lege
1089 2231 1278 2269 peccave-

324 2289 432 2330 runt,
463 2294 532 2332 per
565 2280 684 2330 legem
724 2291 876 2330 quoque
897 2278 1192 2330 judicabuntur.
1231 2278 1277 2316 Hi

325 2351 457 2390 autem,
474 2339 602 2391 inquit,
619 2338 680 2390 qui
698 2337 820 2375 cadem
835 2337 971 2375 faciunt
989 2352 1068 2388 quae
1087 2338 1154 2386 illi,
1177 2348 1210 2376 et
1228 2338 1278 2376 le-

327 2403 382 2455 gis
396 2400 660 2440 adminiculum
677 2399 847 2445 habuere,
867 2399 1047 2450 graviores
1060 2408 1093 2437 et
1112 2399 1278 2438 intolera-
1303 2421 1326 2452 B

326 2463 473 2502 biliores
491 2460 716 2500 sustinebunt
735 2459 924 2498 cruciatu&
948 2459 996 2498 Et
1023 2460 1150 2498 merito
1169 2477 1177 2497 ι
1196 2461 1278 2512 quia

328 2539 441 2575 neque
464 2524 543 2571 lex,
560 2535 670 2573 neque
689 2521 784 2573 quod
809 2521 898 2559 alios
929 2530 979 2559 tot
1003 2521 1107 2560 malis
1126 2523 1280 2573 objectos

328 2585 499 2635 viderint,
519 2582 747 2623 modestiores
764 2591 797 2620 et
813 2582 976 2620 meliores
994 2597 1053 2621 eos
1071 2582 1280 2624 reddiderit.

328 2645 505 2693 Quocirca
526 2644 691 2692 obsecro,
714 2652 753 2680 ut
778 2642 836 2681 vel
867 2643 991 2681 saltem
1013 2657 1107 2681 nunc
1128 2644 1280 2682 aliorum

327 2705 611 2759 correptionibus
640 2704 799 2756 nosipsos
831 2703 1074 2753 emendemus,
1103 2714 1138 2743 et
1167 2705 1281 2743 vitam

330 2777 488 2805 nostram
522 2765 742 2817 corrigamus
770 2763 816 2802 ad
846 2765 991 2803 Domini
1021 2765 1259 2805 obedientiam
1271 2797 1281 2815 ‚

331 2827 429 2865 illius
454 2826 736 2877 obtemperantes
772 2823 994 2876 legibus:ut
1032 2840 1143 2877 neque
1171 2826 1280 2877 livor,

332 2901 446 2939 neque
474 2886 631 2935 invidia,
661 2900 773 2937 neque
802 2887 998 2938 corporalis
1028 2902 1144 2937 amor,
1171 2902 1283 2940 neque

332 2948 442 3001 liujus
459 2948 540 2985 vitae
557 2947 668 3000 gloria
688 2956 721 2985 ct
740 2947 910 2999 potentia,
932 2962 1043 3000 neque
1059 2949 1192 2989 ventris
1212 2965 1282 2988 vo-

333 3009 451 3061 luptas
462 3038 472 3057 ‚
493 3021 604 3059 neque
635 3008 704 3045 alia
731 3007 897 3058 quaedam
928 3009 1084 3049 absurda
1115 3012 1282 3064 concupi-

332 3070 461 3108 scentia
483 3068 685 3107 dominetur
710 3069 836 3108 aniinae
856 3079 888 3108 et
907 3071 1035 3110 rationi
1054 3081 1180 3111 nostrae
1197 3089 1204 3110 :
1221 3073 1281 3112 sed
1305 3103 1330 3133 C

331 3136 522 3190 expurgati
541 3135 587 3173 ab
607 3135 701 3173 omni
725 3150 838 3185 cceno,
860 3137 1113 3190 voluptateque
1145 3148 1280 3192 tempo—

334 3204 414 3254 rali,
430 3213 463 3242 ct
483 3201 563 3242 vale
578 3201 674 3243 dicto
690 3203 855 3244 omnibus
875 3203 1080 3245 soedissimis
1099 3206 1281 3245 absurdis-

374 3338 386 3352 ·
403 3328 501 3364 colb.
519 3340 602 3362 unus
618 3333 665 3363 καὶ
683 3339 740 3368 mn
756 3335 769 3364 ὀ
786 3340 843 3364 τῶν
860 3335 959 3374 ἁγίων.

372 3394 384 3407 ι
403 3382 509 3424 Aliqui
532 3384 763 3424 τιμωροὺμινοί,
783 3388 830 3416 καὶ
853 3390 964 3422 πάντας
988 3387 1052 3424 τοὺς
1080 3392 1117 3420 τὰ.
1141 3393 1333 3433 παραπλησια

328 3450 421 3478 ’.ο-ατο)
439 3441 643 3478 πεπραχότας.

762 240 800 271 5.
837 241 1016 272 JOANNIS
1051 239 1294 271 CHRYSOST.
1333 239 1540 271 ARCHIEP.
1578 240 1933 274 CONSTANTINOP-

1356 323 1511 372 λόμενος.
1540 323 1611 361 Καὶ
1630 323 1686 362 ἵνα
1706 325 1818 377 μάθῃς
1836 325 1890 365 ὅτι
1907 327 2009 366 τοῦτό
2025 328 2119 366 ἐστιν
2139 322 2284 376 ἀληθὲς,
2312 329 2378 381 ὅρα

1358 397 1416 432 μοι
1437 385 1582 422 ἐνταῦθα
1594 415 1604 432 ,
1624 385 1676 429 τίς
1693 387 1787 425 ἐστιν
1803 391 1821 426 ὁ
1839 391 1956 432 κακῶς
1974 389 2174 438 πεπονθὼς,
2195 394 2214 428 ὁ
2233 390 2379 435 ἀνελὼν,

1358 443 1380 489 ἢ
1399 447 1417 482 ὁ
1431 446 1645 498 ἀναιρεθείς;
1667 449 1782 494 Δῆλον
1800 450 1852 488 ὅτι
1877 453 1895 488 ὁ
1920 450 2062 490 ἀνελών.
2091 451 2161 490 Διὰ
2180 451 2238 500 τί;
2254 451 2341 490 c'On
2359 456 2380 490 ὁ

1360 506 1422 557 μὲν
1449 508 1640 559 ἀναιρεθεὶς
1667 509 1727 548 καὶ
1750 510 1854 563 μέχρι
1886 516 1945 550 τοῦ
1970 517 2028 551 νῦν
2039 513 2167 566 ᾅδεται
2191 513 2287 565 παρὰ
2306 519 2378 557 τοῖς

1358 568 1522 607 ἁπάντων
1545 570 1714 620 στόμασι,
1746 572 1806 609 καὶ
1836 572 2132 624 ἀνακηρύττεται,
2159 575 2219 612 καὶ
2243 590 2377 626 στεφα-

1356 634 1474 668 νοῦται
1485 661 1494 678 ,
1511 634 1557 675 ὡς
1572 635 1635 678 τῆς
1650 632 1813 678 ἀληθείας
1826 634 2079 686 πρωτόμαρτυς
2089 665 2099 682 ,
2118 635 2277 689 καθάπερ
2293 636 2377 687 φησὶ

1355 691 1415 729 καὶ
1436 695 1454 730 ὁ
1475 694 1645 743 μακάριος
1660 695 1819 738 Παῦλος·
1837 694 2036 734 Ἀποθανὼν
2053 693 2159 734 Ἄὸελ
2185 696 2237 734 ἔτι
2262 698 2376 735 λαλεῖ.

1355 752 1400 791 ‘O
1420 753 1455 792 δὲ
1482 755 1612 793 ἀνελὼν
1638 755 1698 794 καὶ
1726 755 1803 794 τότε
1830 757 1893 808 μὲν
1913 756 2138 809 ἐλεεινότερον
2157 757 2299 796 πάντων
2319 761 2379 797 ἂν·

1355 815 1503 867 Ορώπων
1526 816 1598 868 βίον
1626 817 1703 864 ἔζη,
1728 818 1818 868 μετὰ
1837 818 1873 857 δὲ
1889 822 2001 857 ταῦτα
2020 819 2118 871 παρὰ
2143 819 2283 858 πάντων
2301 825 2379 862 ταῖς

1355 877 1579 929 κατηγορίαις
1601 879 1791 929 βάλλεται,
1819 879 1878 917 καὶ
1905 883 1952 923 ὡς
1986 880 2172 929 βδελυκτὸς
2203 880 2300 932 παρὰ
2327 883 2378 934 τῷ

1354 940 1437 991 Θεῷ
1461 940 1520 978 καὶ
1544 941 1785 993 κατηραμένος
1802 941 1870 979 ὑπὸ
1896 945 1959 989 τῆς
1982 942 2074 985 θείας
2094 943 2238 995 Γραφῆς
2262 948 2378 997 παρα-

1355 1000 1613 1050 δειγματίζεται
1626 1018 1633 1024 ·
1653 1003 1712 1040 καὶ
1727 1006 1838 1040 ταῦτα
1855 1002 1916 1053 μὲν
1935 1005 1968 1041 ἐν
1987 1005 2038 1054 τῷ
2057 1003 2203 1055 παρόντι
2219 1003 2279 1041 καὶ
2298 1015 2380 1054 συγ-

1355 1062 1604 1115 καταλυομένῳ
1625 1062 1709 1116 βίῳ·
1726 1063 1771 1101 τὰ
1790 1063 1826 1103 δὲ
1841 1066 1876 1102 ἐν
1890 1067 1940 1116 τῷ
1963 1065 2124 1115 μέλλοντι
2140 1067 2240 1103 αἰῶνι
2260 1067 2378 1104 ἀπαν-

1355 1125 1461 1168 τῆσαι
1488 1123 1697 1176 ἀμφοτέροις
1715 1124 1920 1175 ὂρείλοντα,
1949 1125 2008 1162 καὶ
2039 1125 2268 1172 καταλλήλως
2292 1125 2377 1164 ἑκά-

1355 1198 1427 1235 στῳ
1442 1187 1503 1230 τῆς
1517 1186 1639 1223 ἑαυτοῦ
1661 1184 1818 1236 πράξεως
1837 1185 2028 1224 ἀπολαὸεἷν
2050 1185 2148 1238 παρὰ
2166 1189 2227 1224 τοῦ
2242 1185 2377 1224 δικαίου

1355 1248 1492 1297 κριτοῦ,
1508 1245 1559 1289 τίς
1574 1246 1675 1297 λόγος
1690 1250 1917 1299 παραστῆσαι
1929 1246 2131 1294 δυνήσεται,
2145 1246 2168 1293 ἢ
2190 1246 2234 1286 τὰ
2250 1247 2378 1299 ἀγαθὰ,

1355 1306 1377 1352 ἢ
1405 1305 1448 1344 τὰ
1478 1307 1637 1354 ἐναντία;
1661 1309 1740 1346 Οὐκ
1762 1307 1855 1346 ἔστιν
1878 1308 2010 1357 οὐδεὶς,
2036 1308 2115 1347 οὔτε
2143 1308 2189 1347 τὰ
2214 1308 2377 1361 χρηστὰ,

1355 1367 1431 1407 οὔτε
1447 1368 1491 1407 τὰ
1509 1369 1660 1420 λυπηρά.
1678 1370 1750 1408 Καὶ
1765 1369 1834 1422 γὰρ
1851 1371 1980 1409 ἐκεῖνον
1998 1370 2060 1421 μὲν
2080 1374 2102 1417 ἧ
2124 1370 2285 1420 βασιλεία
2306 1373 2377 1408 τῶν

1354 1432 1520 1483 οὐρανῶν,
1540 1429 1599 1468 καὶ
1619 1429 1751 1468 αἷώνιοι
1780 1430 1926 1480 σκηναὶ,
1945 1431 2005 1469 καὶ
2032 1434 2063 1470 οἱ
2080 1431 2179 1485 χοροὶ
2197 1447 2376 1485 πατριαρ-

1352 1492 1439 1543 χῶν,
1454 1493 1642 1544 προφητῶν
1664 1507 1702 1529 τε
1725 1492 1785 1530 καὶ
1802 1492 2019 1541 ἀποστόλων,
2040 1492 2126 1532 ἐκαὶ
2147 1492 2287 1532 πάντων
2306 1495 2377 1532 τῶν

1353 1551 1458 1602 ἁγίων
1479 1551 1598 1603 ὅμιλος
1624 1553 1844 1598 ὑποδέξονται
1868 1553 2193 1604 συμὸασιλεύσοντα
2213 1557 2261 1598 εἷς
2288 1556 2376 1593 αἰῶ-

1353 1629 1413 1657 νας
1432 1614 1679 1661 ἀτελευτήτους
1701 1616 1751 1666 τῷ
1771 1615 1909 1666 βασιλεῖ
1927 1615 2069 1667 Χριστῷ
2089 1614 2205 1663 Ἰησοῦ
2218 1646 2228 1664 ,
2246 1618 2296 1668 τῷ
2315 1619 2377 1654 τοῦ

1353 1675 1444 1713 Θεοῦ
1466 1681 1641 1726 μονογενεῖ
1667 1676 1743 1728 Υἱῷ
1773 1675 1832 1714 καὶ
1859 1677 1941 1729 Θεῷ
1958 1692 1965 1699 ·
2000 1680 2119 1715 τοῦτον
2147 1677 2184 1715 δὲ
2208 1681 2230 1725 ἡ
2253 1678 2377 1729 γέεννα

1350 1739 1410 1774 τοῦ
1435 1737 1541 1788 πυρὸς
1559 1736 1619 1775 καὶ
1637 1737 1681 1774 τὰ
1702 1738 1792 1775 ἄλλα
1817 1738 1954 1776 ἅπαντα
1984 1738 2141 1777 ἀθάνατα
2158 1739 2376 1791 βασανιστήσ

1353 1814 1408 1850 ρια
1424 1797 1635 1842 διαδέξονται
1648 1800 1696 1841 εἷς
1710 1800 1837 1842 αἰῶνας
1851 1798 2063 1850 ἀπεράντους
2077 1801 2375 1853 ὃτι[.ι.ωρούμενον,

1353 1859 1442 1910 μετὰ
1466 1859 1525 1897 καὶ
1547 1859 1688 1898 πάντων
1710 1862 1778 1898 τῶν
1801 1859 1845 1898 τὰ
1866 1860 2100 1911 παραπλήσια
2121 1862 2214 1913 αὐτῷ
2235 1875 2374 1915 πεπρα-

1351 1921 1478 1974 χότων,
1499 1921 1559 1959 καὶ
1584 1921 1737 1972 μάλιστα
1756 1921 1835 1966 τοὺς
1851 1922 1940 1972 μετὰ
1960 1925 2072 1960 ταῦτα
2094 1928 2165 1967 τοῖς
2184 1923 2378 1976 αἰσχίστοις

1352 1983 1497 2022 πάΟεσιν
1516 1982 1676 2030 ἁλόντας,
1691 1982 1761 2035 ὅσῳ
1775 1983 1833 2021 καὶ
1850 1982 1976 2034 μείζων
1993 1986 2014 2030 ἡ
2033 1984 2186 2038 τιμωρία
2201 1985 2300 2038 παρὰ
2315 1989 2376 2024 τοῦ

1353 2049 1466 2083 κοινοῦ
1486 2045 1664 2083 Δεσπότου
1689 2045 1883 2098 ἐκφέρεται.
1905 2043 2027 2083 Ἄκουε
2042 2045 2110 2097 γὰρ
2125 2049 2184 2084 τοῦ
2201 2046 2376 2100 μακαρίου

1354 2106 1496 2145 Παύλου
1519 2106 1694 2157 λέγοντος·
1713 2105 1820 2144 εΌσοι
1841 2106 1908 2157 γὰρ
1935 2105 2072 2156 ἀνόμως
2100 2107 2271 2159 ἥμαρτον,
2292 2108 2375 2147 ἀνό-

1355 2182 1428 2217 μως
1444 2167 1502 2204 καὶ
1522 2169 1747 2205 ἀπολοῦνται·
1764 2166 1956 2213 τουτέστιν,
1975 2167 2207 2220 ἐλαφροτέραν
2228 2170 2377 2216 ὑποστή-

1355 2243 1472 2265 σονται
1489 2243 1551 2273 τ·,ν
1577 2227 1762 2279 τιμωρίαν,
1788 2225 1844 2264 διὰ
1867 2227 1907 2265 τὸ
1931 2226 1979 2276 μὴ
2008 2226 2126 2279 ι’ἔχειν
2152 2228 2293 2281 ἔλεγχον
2312 2230 2375 2277 τὴν

1355 2291 1393 2326 ἐκ
1411 2293 1471 2326 τοῦ
1488 2288 1594 2338 νόμου
1617 2288 1764 2334 ἀπειλήν
1788 2303 1825 2325 τε
1851 2288 1911 2325 καὶ
1933 2287 2133 2339 διόρθωσιν·
2158 2290 2229 2327 Καὶ
2247 2290 2320 2329 ὅσοι
2340 2293 2374 2328 ἐν

1355 2349 1450 2401 νόμῳ
1480 2349 1651 2401 ἥμαρτον,
1683 2349 1740 2388 διὰ
1769 2348 1875 2399 νόμου
1907 2349 2146 2400 κριθήσονται.
2182 2344 2291 2389 Οὗτοι
2318 2351 2375 2399 δὲ,

1354 2411 1471 2463 φησὶν,
1501 2411 1532 2447 οἱ
1560 2409 1618 2448 καὶ
1651 2410 1739 2461 μετὰ
1769 2409 1833 2456 τὴν
1859 2413 1898 2448 ἐκ
1922 2414 1981 2448 τοῦ
2009 2411 2116 2461 νόμου
2141 2411 2302 2463 βοήθειαν
2332 2412 2376 2450 τὰ

1355 2473 1445 2511 αὐτὰ
1469 2472 1609 2515 ἐκείνοις
1633 2472 1870 2525 πεπραχότες,
1903 2471 2095 2526 βαρυτέρας
2121 2473 2180 2511 καὶ
2202 2476 2376 2527 ἀφορητο-

1354 2534 1456 2586 τέρας
1477 2536 1688 2585 ὑπομενοῦσι
1714 2534 1772 2572 καὶ
1798 2533 1858 2577 τὰς
1882 2535 2054 2578 κολάσεις.
2081 2535 2151 2573 Καὶ
2170 2535 2266 2586 μάλα
2285 2536 2376 2575 εἰκό-

1355 2610 1438 2639 τως·
1459 2594 1511 2634 ὅτι
1533 2596 1611 2634 οὔτε
1624 2599 1641 2634 ὁ
1660 2596 1762 2646 νόμος
1777 2626 1784 2639 ,
1813 2594 1890 2633 οὔτε
1912 2594 1951 2632 τὸ
1971 2599 1984 2616 ⁰
1997 2595 2133 2648 ἑτέρους
2152 2597 2236 2634 ἰδεῖν
2254 2597 2377 2636 τοσού-

1354 2671 1425 2699 τοις
1455 2662 1574 2700 κακσῑς
1605 2656 1865 2703 ὑποὲληθέντας
1891 2656 2186 2709 σωφρονεστέρους
2212 2657 2334 2701 αὐτοὺς
2353 2657 2376 2704 ἢ

1356 2717 1629 2770 ἐπιεικεστέρους
1662 2717 1911 2770 ἀπειργάσατο.
1948 2718 2011 2756 Διὸ
2050 2720 2265 2770 παρακαλῶ,
2311 2719 2377 2757 κᾶν

1356 2783 1437 2829 γοῦν
1466 2779 1536 2818 ἀπὸ
1561 2783 1621 2816 τοῦ
1643 2783 1700 2817 νῦν
1730 2784 1800 2822 τοῖς
1827 2778 1952 2830 ἑτέρων
1972 2779 2186 2830 παιδεύμασι
2207 2780 2377 2832 σωφρονίὲ

1358 2856 1472 2891 σωμεν
1490 2840 1650 2887 ἑαυτοὺς,
1679 2839 1737 2878 καὶ
1768 2840 1825 2877 τὸν
1859 2840 1931 2890 βίον
1958 2841 2016 2878 τὸν
2043 2842 2175 2879 ἑαυτῶν
2207 2840 2377 2892 ἷθύνωμεν

1355 2902 1441 2954 πρὸς
1459 2901 1522 2947 τὴν
1539 2907 1598 2940 τοῦ
1613 2902 1739 2953 Κυρίου
1755 2901 1949 2951 ὑποταγὴν,
1969 2906 2040 2944 τοῖς
2055 2902 2159 2939 αὐτοῦ
2180 2902 2378 2946 ὑπείκοντες

1355 2963 1492 3014 νόμοις·
1522 2965 1583 3002 καὶ
1613 2963 1702 3014 μήτε
1733 2963 1874 3015 φθόνος,
1904 2963 1992 3013 μήτε
2027 2963 2223 3014 βασκανία,
2246 2965 2333 3014 μήτε
2359 2967 2377 3002 ὁ

1355 3027 1424 3063 τῶν
1443 3025 1617 3075 σωμάτων
1641 3024 1725 3077 ἔρως
1743 3054 1752 3071 ,
1780 3024 1867 3075 μήτε
1886 3027 1907 3070 ἢ
1925 3029 1984 3063 τοῦ
2006 3025 2173 3078 παρόντος
2191 3025 2266 3075 βίου
2296 3025 2377 3069 δόξα

1355 3102 1391 3124 τε
1420 3086 1478 3124 καὶ
1507 3086 1691 3125 δυναστεία
1705 3115 1715 3132 ,
1737 3086 1825 3136 μήτε
1844 3089 1865 3131 ἡ
1887 3090 1947 3131 τῆς
1966 3086 2114 3138 γαστρὸς
2129 3085 2253 3133 ἡδονὴ,
2287 3087 2377 3137 μήτε

1356 3149 1445 3194 ἄλλη
1469 3164 1519 3190 τις
1545 3148 1672 3190 ἄτοπος
1699 3147 1866 3198 ἐπιῡυμία
1892 3147 2170 3200 κατακυριευέτω
2187 3151 2287 3198 ἡμῶν
2308 3152 2376 3187 τῶν

1354 3211 1387 3247 ἐν
1422 3212 1463 3260 τῇ
1492 3211 1587 3261 ψυχῇ
1620 3211 1818 3260 λογισμῶν·
1848 3209 1924 3246 ἀλλ’
1954 3209 2208 3261 ἐκκαθάραντες
2236 3209 2377 3253 ἑαυτοὺς

1415 3335 1430 3359 ί»
1446 3334 1507 3367 Sex
1527 3335 1602 3366 Mss.
1617 3343 1647 3367 et
1664 3332 1764 3365 Suvil.
1776 3338 1850 3376 ἔχειν
1867 3337 1987 3376 ἔλεγχον
2004 3331 2374 3375 rr2-2.Morel.c·;22'710-212.

1412 3398 1417 3409 <
1443 3387 1504 3419 Sex
1532 3387 1608 3421 Μεθ’.
1636 3395 1664 3418 rt
1692 3385 1791 3419 seuit.
1820 3389 1935 3431 :risa-⁴,-
1966 3388 2087 3424 εῐῑέτας.
2115 3384 2231 3419 Morel.
2259 3390 2376 3429 ἑτέρους

1368 3444 1447 3474 irin„
