2516 3791
713 175 755 204 ιΝ
795 173 895 204 ων.
934 173 1062 203 xxm.
1103 171 1261 202 enses.
1302 171 1457 200 nomn„
1498 172 1651 201 vani.
2076 159 2165 204 :3513

126 259 203 299 οὐδὲ
223 260 307 298 ὅπου
323 259 457 309 καταθῇ
475 259 538 304 τῆς
556 257 696 310 Σάρρας
710 257 749 295 τὸ
764 257 925 308 λείψανον
945 256 1121 308 ἐσχηκότα
1134 286 1143 302 ,
1216 253 1262 292 ab
1282 253 1360 306 ipsa
1386 253 1589 292 necessitate
1616 253 1821 305 compulsus
1843 262 1907 300 est,
1933 255 2017 292 emit
2042 270 2165 305 agi-nni

127 320 249 372 μέχρις
275 319 349 364 ὅτε,
370 319 429 356 καὶ
453 320 510 355 ὑπ’
533 319 639 364 αὐτῆς
668 321 729 364 τῆε,
749 318 901 368 ἀνάγκης
929 317 1144 367 ὠθούμενος,
1215 323 1248 352 et
1263 315 1500 367 speluncama
1515 315 1602 354 filiis
1618 315 1721 354 Cbct.
1738 315 1828 353 Nam
1850 314 1945 366 quod
1967 317 2168 368 spectabilis

124 379 284 427 ὠνήσατο
312 380 368 418 τὸν
393 379 497 430 ἀγρὸν
519 378 578 417 καὶ
606 379 645 417 τὸ
665 378 835 424 σπήλαιον
857 378 952 429 παρὰ
974 380 1043 415 τῶν
1062 379 1144 414 υἱῶν
1216 383 1305 413 essct
1323 375 1420 428 apud
1442 376 1672 424 Chananoeos,
1694 375 1779 414 audi
1805 376 1900 414 filios
1917 377 2007 414 Chet
2021 376 2069 414 ad
2087 391 2167 415 eum

127 441 209 480 Χέτ.
229 441 315 480 (Ότι
333 441 400 493 γὰρ
427 440 658 493 περίὸλεπτος
682 435 724 487 ἦν
743 440 838 493 παρὰ
859 446 928 483 τοῖς
947 439 1007 486 τὴν
1030 440 1146 477 Χανα-
1217 435 1437 482 ‹li‹·e1m·s‚(5.
1455 440 1534 475 Rea,-
1548 453 1573 475 (ι
1589 440 1671 476 Deo
1683 453 1721 476 es
1735 447 1774 476 tu
1790 441 1830 476 in
1844 441 1966 485 nobis,
1985 441 2024 476 in
2038 439 2168 476 electis
2188 449 2260 486 Cap.
2282 449 2329 476 φὶς.

124 502 222 540 ναίαν
250 504 413 550 οἰκοῦσιν,
444 503 547 540 ἄκουε
567 504 635 540 τῶν
655 504 738 540 υἱῶν
762 501 833 539 Χὲτ
859 495 946 552 ’πρὸς
966 501 1069 538 αὐτὸν
1088 503 1144 538 λε-
1157 533 1203 559 m
1218 499 1402 549 sepulcris
1422 503 1561 537 nostris
1580 502 1696 552 sepeli
1717 510 1909 539 mortuum
1929 510 2036 539 tuum
2055 516 2065 536 .·
2083 501 2169 539 nul—

125 561 254 613 γόντων
270 579 277 586 ·
300 563 467 607 Βασιλεὺς
487 563 583 615 παρὰ
600 565 693 601 Θεοῦ
724 562 765 602 σὺ
793 556 824 600 εἶ
841 564 874 600 ἐν
896 565 993 612 ἡμῖν,
1021 563 1056 599 ἐν
1076 568 1146 604 τοῖς
1171 572 1194 599 Α
1219 559 1279 596 lus
1293 563 1394 597 enim
1411 570 1582 599 nostrum
1595 564 1810 614 prohibebit
1827 565 2043 616 sepulcrum
2059 578 2170 602 suum

125 624 300 667 ἐκλεκτοῖς
320 624 502 676 μνημείοις
519 626 620 676 ἡμῶν
640 623 747 676 θάψον
772 624 829 662 τὸν
848 622 966 675 νεκρόν
985 637 1044 660 σου
1058 638 1066 645 ·
1086 625 1144 661 οὐ·
1219 633 1244 657 a
1264 629 1312 657 te.
1333 622 1508 659 Caeterum
1539 623 1623 660 vide
1653 625 1832 674 quomodo
1855 626 1974 677 justus
2003 625 2171 677 operibus

127 684 194 728 δεὶς
213 685 281 737 γὰρ
298 688 396 736 ἡμῶν
413 687 451 724 οὐ
472 685 520 736 μὴ
546 684 685 737 κωλύσῃ
702 685 742 722 τὸ
761 689 930 735 μνημεῖον
953 685 1057 721 αὐτοῦ
1078 684 1147 722 ἀπὸ
1218 680 1292 718 suis
1317 680 1441 719 doceat
1469 683 1550 720 illos
1580 698 1701 722 veram
1735 686 2015 738 philosophinn,
2046 695 2078 724 et
2102 701 2170 724 non

127 749 199 784 σοῦ.
217 745 307 784 Ἀλλ’
337 746 400 797 ὅρα
418 746 476 784 τὸν
500 746 644 792 δίκαιον,
664 745 756 788 ὅπως
784 744 962 787 κάκείνους
988 743 1146 782 παιδεύει
1218 741 1318 793 prius
1333 743 1420 780 velit
1434 743 1591 796 accipere
1616 755 1898 790 monumentum,
1914 762 2019 798 qnam
2032 750 2171 800 justum

126 807 169 844 δι’
197 809 310 845 αὐτῶν
330 809 398 844 τῶν
417 807 526 860 ἔργων
552 806 614 852 τὴν
640 805 769 844 οἰκείαν
794 805 1008 858 φιλοσοφίαν,
1030 805 1089 843 καὶ
1109 808 1147 844 οὗ
1218 802 1420 842 dinumeret
1446 805 1611 857 pretinm.
1639 807 1729 844 Nam
1754 807 1834 844 licet
1857 822 1933 853 vos,
1964 809 2099 859 inquit,
2124 811 2170 848 ita
2187 831 2212 848 v.
2234 820 2279 847 13.

125 866 291 919 πρότερον
316 867 478 919 ἀνέχεται
503 867 622 905 λαὸεῖν
652 866 692 904 τὸ
717 872 903 917 μνημεῖον,
922 866 1004 918 πρὶν
1024 867 1064 903 ἂν
1084 866 1147 914 τὴν
1217 863 1380 902 benevoli
1400 879 1482 917 erga
1508 881 1564 904 me
1588 867 1664 905 sitis
1690 884 1697 903 :
1721 877 1757 905 at
1777 882 1842 918 ego
1867 883 1933 906 non
1955 870 2083 921 patiar,
2106 871 2172 908 nisi

125 928 261 966 δικαίαν
277 928 481 981 καταὸάλλῃ
502 928 622 978 τιμήν.
651 930 695 966 Εἰ
722 928 789 980 γὰρ
817 928 876 965 καὶ
894 930 1010 978 ὑμεῖς,
1030 928 1147 980 φησὶν,
1219 925 1320 978 prius
1333 926 1495 965 debitum
1510 928 1665 980 pretinm
1694 928 1922 981 dependerim
1939 946 1945 966 :
1963 940 1994 968 et
2012 932 2062 969 sic
2080 933 2172 969 acci-

124 988 215 1027 οὕτω
238 989 318 1042 περὶ
346 989 408 1040 ἐμὲ
429 989 640 1040 εὐγνώμονες
665 989 848 1041 γεγόνατε,
878 989 955 1026 ἀλλ’
985 988 1054 1040 ἐγὼ
1085 991 1148 1027 οὐκ
1219 986 1317 1039 piam
1341 988 1556 1040 sepulcrum.
1577 988 1624 1026 Et
1641 999 1840 1037 numerata,
1872 991 2000 1042 inquit,
2025 994 2173 1044 pecnnia

125 1050 310 1101 ἀνέξομαι,
329 1053 358 1089 εἷ
387 1050 435 1102 μὴ
461 1050 626 1103 πρότερον
652 1050 716 1097 τὴν
740 1050 883 1090 δέουσαν
902 1050 1009 1101 τιμὴν
1038 1066 1142 1088 κοιτα-
1219 1049 1356 1102 accepit
1382 1060 1651 1089 monumentum
1680 1067 1687 1088 :
1719 1053 1779 1089 19.
1809 1053 1863 1090 Et
1889 1054 2061 1104 sepelivit
2084 1055 2173 1093 Sar-

125 1112 312 1163 ὅάλλοιμι,
331 1111 449 1150 λαθὼν
468 1114 551 1164 παρ’
575 1114 672 1162 ὑμῶν
690 1111 729 1150 τὸ
751 1117 936 1163 μνημεῖον.
959 1112 1028 1150 Καὶ
1049 1112 1147 1159 δοὺς,
1220 1123 1306 1147 ram
1332 1125 1490 1150 πότοι-ειη
1515 1126 1626 1151 suam
1643 1116 1684 1150 in
1696 1114 1880 1165 spelunca
1903 1117 1989 1166 agri
2011 1116 2172 1167 duplici,

127 1175 232 1226 φησὶ,
251 1174 290 1212 τὸ
305 1174 480 1227 ἀργύριον,
505 1173 609 1212 ἔλαὸε
630 1174 670 1212 τὸ
693 1179 861 1224 μνημεῖον
880 1189 887 1196 ·
911 1178 924 1194 ³
939 1173 997 1212 καὶ
1013 1172 1147 1225 Ἔθαψε
1221 1185 1306 1223 quoe
1320 1181 1376 1210 est
1391 1187 1411 1209 e
1424 1176 1580 1225 regione
1603 1175 1796 1212 Mambre.
1820 1174 1869 1212 Et
1885 1176 1945 1226 qni
1964 1184 2037 1213 tam
2058 1177 2175 1214 clarus

127 1236 268 1290 Σάρραν
289 1235 351 1283 τὴν
371 1241 518 1287 γυναῖκα
537 1236 641 1274 αὐτοῦ
665 1237 698 1273 ἐν
715 1237 764 1287 τῷ
782 1234 946 1288 σπηλαίῳ
964 1239 1024 1272 τοῦ
1041 1237 1147 1287 ἀγροῦ
1221 1242 1253 1270 et
1271 1234 1477 1285 spectabilis
1497 1244 1584 1283 erat,
1610 1236 1671 1287 qui
1693 1245 1829 1274 tantam
1850 1237 1949 1290 apud
1973 1239 2089 1276 Deum
2116 1238 2176 1276 ha-

126 1299 176 1349 τῷ
200 1298 334 1349 διπλῷ,
358 1299 378 1335 ὅ
405 1299 497 1335 ἐστιν
527 1296 694 1334 ἀπέναντι
724 1295 898 1348 Μαμὸρῆ.
928 1295 998 1333 Καὶ
1020 1299 1038 1333 ὁ
1060 1295 1148 1334 οὕτω
1174 1300 1196 1330 Β
1220 1293 1306 1332 bens
1325 1294 1510 1345 fiduciam,
1531 1306 1564 1334 et
1588 1297 1685 1349 apud
1717 1312 1838 1336 omnes
1857 1299 1927 1336 sere
1946 1299 2006 1350 qni
2027 1299 2075 1336 ibi
2099 1313 2179 1351 age-

125 1357 315 1409 περιφανὴς
334 1358 392 1395 καὶ
411 1357 660 1409 περίὸλεπτος,
681 1357 740 1395 καὶ
758 1356 929 1404 τοσαύτην
950 1356 1149 1410 παῤῥησίαν
1219 1355 1306 1394 bant
1326 1355 1362 1393 in
1383 1365 1480 1394 tanto
1506 1356 1641 1395 honore
1659 1368 1746 1407 erat,
1766 1367 1806 1396 ut
1824 1368 1857 1397 et
1872 1374 1891 1397 a
1908 1359 1992 1398 filiis
2011 1360 2100 1398 Chet
2118 1374 2179 1398 rex

125 1419 220 1471 παρὰ
249 1421 299 1471 τῷ
328 1420 411 1470 Θεῷ
441 1419 544 1471 ἔχων,
568 1417 626 1456 καὶ
654 1417 751 1470 παρὰ
768 1417 921 1463 πάντων,
951 1420 997 1460 ὡς
1025 1419 1149 1463 εἰπεῖν,
1220 1417 1483 1468 nominaretur,
1502 1433 1615 1470 neque
1632 1420 1823 1472 vestigium
1845 1421 1945 1474 pedis
1964 1422 2178 1475 possidebat.

125 1482 193 1517 τῶν
215 1479 333 1518 αὐτόθι
364 1478 535 1527 τοσαύτης
565 1478 750 1517 ἀπολαύων
781 1478 985 1532 θεραπείας,
1019 1481 1065 1522 ὡς
1090 1478 1149 1516 καὶ
1222 1479 1411 1532 Propterea
1431 1489 1465 1518 et
1484 1480 1610 1519 beatus
1634 1482 1766 1520 Paulus
1793 1483 1963 1522 virtutem
1980 1484 2067 1536 justi
2089 1499 2181 1537 prm-

124 1539 203 1583 τοὺς
230 1540 324 1584 υἱοὺς
351 1540 424 1580 Χὲτ
445 1539 593 1592 βασιλέα
612 1539 715 1578 αὐτὸν
734 1540 928 1590 ὀνομάζειν,
950 1539 1028 1578 οὐδὲ
1052 1542 1151 1591 βῆμα
1223 1539 1346 1578 dicans
1360 1550 1392 1579 et
1406 1541 1563 1580 scribens
1587 1542 1729 1581 dicebat
1747 1559 1754 1580 :
1774 1545 1852 1582 Per
1867 1545 1995 1597 sidem
2015 1549 2182 1598 peregri-
2196 1567 2378 1604 lic-hrain).

124 1601 227 1645 ποδὸς
251 1601 429 1648 ἐκέκτητο.
450 1601 517 1639 Διὰ
546 1604 648 1639 τοῦτο
674 1601 733 1639 καὶ
762 1605 780 1639 ὁ
809 1601 979 1653 μακάριος
1011 1602 1152 1644 Παῦλος
1227 1603 1395 1655 messuit
1412 1603 1454 1640 A
1459 1605 1622 1641 braham
1638 1607 1679 1641 in
1697 1613 1799 1643 terra
1810 1609 2076 1657 promissionis
2097 1608 2182 1645 vel-

125 1662 374 1715 ἀνακηρύττων
390 1666 450 1701 τοῦ
468 1661 602 1700 δικαίου
626 1661 747 1701 τούτου
767 1661 830 1709 τὴν
850 1661 991 1714 ἀρετὴν,
1011 1662 1152 1714 γράφων
1226 1665 1284 1701 uti
1310 1664 1456 1711 aliena,
1485 1678 1571 1702 cum
1599 1667 1640 1702 in
1679 1667 1942 1705 tabernaculis
1968 1669 2182 1706 habitasset

126 1722 244 1773 ἔλεγε·
265 1722 392 1761 Πίστει
421 1722 633 1775 παρῴκησεν
652 1721 812 1776 Ἀδραὰμ
844 1725 892 1765 εἷς
924 1721 986 1768 τὴν
1005 1725 1070 1772 γῆν
1092 1725 1155 1768 τῆς
1225 1736 1312 1761 cum
1343 1726 1458 1762 Isaac
1494 1734 1531 1763 et
1569 1726 1693 1763 Jacob
1728 1728 1977 1766 coheredibus
2012 1730 2183 1781 ejusdem

128 1784 356 1835 ἐπαγγελίας,
387 1786 433 1827 ὡς
467 1784 666 1836 ἀλλοτρίαν,
698 1785 733 1822 ἐν
767 1790 911 1831 σκηναῖς
942 1783 1155 1831 κατοικήσας
1223 1787 1504 1836 promissionis.
1523 1786 1660 1824 Deinde
1676 1786 1806 1826 docens
1826 1803 1901 1837 nos,
1920 1789 2097 1840 quomodo
2113 1789 2184 1828 fide

130 1844 220 1894 μετὰ
252 1844 375 1883 Ἰσαὰκ
407 1843 467 1882 καὶ
500 1844 630 1883 Ἰακὼὸ
663 1847 732 1882 τῶν
766 1844 1059 1898 συγ-κληρονόμων
1092 1848 1155 1892 τῆς
1226 1846 1435 1898 peregrinus
1454 1847 1576 1897 fuerit,
1598 1848 1760 1886 subdidit
1778 1865 1786 1886 ε
1802 1851 2066 1903 E.1·spectabat
2081 1854 2182 1889 enim
2199 1872 2380 1900 ibid.=-.1o.

129 1905 340 1957 ἐπαγγελίας
358 1909 420 1952 τῆς
439 1907 558 1951 αὖτῆς.
591 1899 679 1944 Εἶτα
698 1905 870 1944 διδάσκων
885 1909 979 1957 ἡμᾶς
999 1908 1073 1949 πῶς
1090 1906 1154 1944 πί-
1227 1907 1433 1945 habentem
1447 1909 1719 1961 fundamenta
1743 1913 1954 1959 civitatem,
1974 1916 2082 1965 cujus
2102 1916 2181 1965 opi·

130 1981 206 2004 στει
228 1965 450 2019 παρῴκησεν,
471 1966 646 2018 ἐπήγαγεν
660 1982 668 1989 ·
687 1966 889 2019 Ἐξεδέχετο
909 1967 977 2019 γὰρ
995 1966 1058 2014 τὴν
1078 1966 1155 2011 τοὺς
1224 1970 1294 2020 fex
1310 1976 1346 2006 et
1362 1969 1539 2007 conditor
1556 1978 1611 2007 est
1626 1971 1746 2008 Deus.
1770 1971 1862 2023 Spe,
1884 1972 2021 2023 inquit,
2045 1975 2182 2012 futuro-

128 2028 308 2077 θεμελίους
327 2026 476 2079 ἔχουσαν
492 2027 605 2075 πόλιν,
624 2021 666 2073 ἧς
681 2027 842 2080 τεχνίτης
866 2028 924 2066 καὶ
947 2028 1155 2081 δημιουργὸς
1179 2037 1203 2068 C
1227 2044 1307 2067 rum
1322 2028 1540 2081 despiciebat
1553 2031 1739 2082 praesentia
1755 2047 1766 2081 3
1784 2041 1817 2069 et
1833 2033 2095 2084 exspectatione
2108 2048 2183 2071 ma-

129 2091 147 2126 ὁ
174 2088 274 2132 Θεός.
294 2090 350 2140 Τῇ
377 2087 512 2136 ἐλπίδι,
535 2088 640 2141 φησὶ,
662 2092 731 2127 τῶν
753 2089 951 2139 μελλόντων
972 2089 1156 2141 ὑπερεώρα
1222 2090 1343 2142 joi-um
1359 2090 1535 2128 bonorum
1548 2119 1557 2136 ,
1577 2091 1696 2129 minus
1718 2092 1864 2130 curabat
1886 2107 1925 2131 ea
1943 2108 2022 2144 quae
2039 2095 2074 2132 in
2094 2109 2184 2148 prae-

129 2152 198 2188 τῶν
214 2148 408 2201 παρόντων,
431 2149 491 2187 καὶ
505 2152 548 2201 τῇ
568 2149 762 2201 προσδοκίᾳ
778 2151 848 2187 τῶν
867 2150 1034 2200 μειζόνων
1054 2150 1155 2188 ἔλατ·
1226 2150 1315 2188 senti
1333 2150 1409 2189 vita
1429 2161 1511 2189 sunt
1534 2167 1542 2188 :
1563 2161 1668 2204 atque
1692 2150 1769 2191 haec
1794 2162 1876 2192 ante
1899 2154 2031 2206 legem,
2053 2165 2086 2194 et
2105 2165 2185 2195 ante

127 2226 185 2249 τον
215 2209 390 2264 ἐφρόντιζε
409 2208 541 2247 τούτων
567 2212 637 2247 τῶν
656 2212 691 2248 ἐν
711 2213 762 2263 τῷ
790 2210 937 2264 παρόντι
970 2211 1036 2264 βίῳ
1052 2226 1060 2234 ·
1096 2211 1156 2250 καὶ
1227 2210 1555 2262 gratiam.Qualem
1569 2213 1680 2266 igitur
1693 2214 1904 2254 habebimus
1919 2230 1982 2255 nos
1991 2218 2184 2256 excusatio-

127 2277 236 2311 ταῦτα
251 2272 320 2324 πρὸ
335 2275 394 2310 τοῦ
416 2271 535 2322 νόμου,
552 2272 611 2310 καὶ
631 2272 700 2324 πρὸ
718 2276 781 2320 τῆς
795 2272 950 2326 χάριτος.
970 2272 1082 2312 Ποίαν
1096 2268 1154 2311 οῧν
1226 2286 1326 2320 nem,
1349 2272 1422 2323 dic,
1451 2287 1527 2322 oro,
1553 2274 1615 2325 qui
1638 2285 1718 2328 post
1748 2285 1800 2314 tot
1829 2277 2120 2330 pollicitationes,
2151 2289 2185 2317 et

128 2333 248 2385 ἕξομεν
266 2337 368 2385 ἡμεῖς
387 2333 590 2384 ἀπολογίαν,
611 2333 688 2371 εἰπέ
714 2349 793 2385 μοι,
815 2337 847 2372 οἵ
868 2334 958 2385 μετὰ
982 2334 1156 2378 τοσαύτας
1226 2333 1478 2386 promissiones
1510 2335 1748 2374 ineffabilium
1780 2337 1971 2389 honorum,
2005 2339 2185 2379 inhiamus

129 2395 337 2446 ἐπαγγελίας
354 2395 413 2432 καὶ
434 2394 496 2437 τὰς
515 2393 721 2447 ὑποσχέσεις
740 2397 810 2433 τῶν
832 2395 1042 2449 ἀποῤῥήτων
1063 2399 1155 2447 ἀγα-
1228 2395 1479 2447 praesentibus,
1499 2405 1532 2434 et
1560 2397 1712 2435 emimus
1738 2412 1858 2449 agros,
1881 2409 1914 2437 et
1942 2400 2075 2452 ubique
2099 2401 2184 2439 clari

128 2460 196 2495 θῶν
227 2456 314 2509 πρὸς
346 2455 389 2493 τὰ
422 2455 578 2507 παρόντα
609 2456 840 2507 ἐπτοημένοι,
873 2457 932 2495 καὶ
965 2455 1156 2507 ὠνούμενοι
1226 2469 1300 2494 esse
1333 2456 1532 2507 studemus,
1570 2459 1844 2511 colligimusque
1871 2461 1947 2498 haec
1973 2462 2090 2499 omnia
2120 2477 2184 2515 per

129 2517 278 2569 ἀγροὺς,
307 2517 365 2554 καὶ
394 2520 576 2568 πανταχοῦ
605 2516 850 2568 φαιδρύνεσθαι
878 2517 1128 2561 σπουδάζοντες
1144 2547 1154 2565 ,
1227 2518 1415 2557 avaritiam
1439 2528 1472 2557 et
1500 2520 1692 2572 rapinam?
1714 2531 1747 2558 et
1769 2521 1805 2558 id
1823 2521 1919 2572 quod
1945 2522 2068 2560 beatus
2098 2538 2181 2575 pro-

129 2578 188 2617 καὶ
203 2578 273 2616 ἀπὸ
297 2577 495 2622 πλεονεξίας
523 2576 583 2615 καὶ
599 2578 760 2629 ἁρπαγῆς
779 2581 893 2616 ταῦτα
914 2578 1053 2617 ἅπαντα
1073 2580 1156 2617 συλ-
1226 2579 1334 2631 pheta
1360 2594 1441 2618 cum
1468 2580 1622 2619 lamento
1650 2581 1792 2619 dicebat
1815 2598 1822 2618 ε
1845 2584 1910 2620 J'oe
1935 2586 1982 2621 iis
2007 2588 2073 2636 qui
2094 2599 2182 2623 con-

128 2637 310 2689 λέγοντες,
335 2638 395 2676 καὶ
426 2638 512 2690 ὅπερ
546 2641 564 2676 ὁ
597 2638 768 2690 μακάριος
807 2638 990 2691 προφήτης
1021 2642 1156 2691 θρηνῶν
1220 2642 1394 2693 jungunt
1418 2643 1574 2680 domum
1599 2643 1748 2689 domui,
1778 2651 1813 2681 et
1839 2657 1974 2695 agrum
2000 2660 2093 2697 agro
2114 2660 2180 2684 co-

130 2700 248 2751 ἔλεγε,
274 2703 375 2737 τοῦτο
411 2699 468 2738 διὰ
495 2702 564 2738 τῶν
593 2700 703 2752 ἔργων
735 2702 967 2753 πληροῦντες·
1001 2700 1092 2740 Οὐαὶ
1125 2703 1156 2739 οἱ
1226 2702 1379 2754 pulant,
1414 2711 1455 2740 ut
1490 2704 1586 2756 quid
1613 2718 1637 2741 a
1666 2707 1844 2756 proximo
1867 2707 2051 2757 sufferant
2077 2725 2084 2745 :
2116 2709 2184 2746 hoe

131 2760 360 2804 συνάπτοντες
379 2761 491 2800 οἰκίαν
507 2761 592 2814 πρὸς
607 2761 733 2810 οἰκίαν,
749 2762 808 2800 καὶ
824 2762 930 2814 ἀγρὸν
947 2763 1034 2816 πρὸς
1051 2761 1156 2816 ἀγρὸν
1180 2764 1205 2794 D
1229 2776 1292 2800 nos
1322 2764 1488 2815 operibus
1517 2764 1732 2817 implemus?
1754 2767 1877 2803 Annon
1903 2767 2062 2817 qnotidie
2084 2770 2183 2808 vide-

131 2821 342 2872 ἐγγίζοντες,
360 2821 418 2859 ἵνα
448 2825 510 2859 τοῦ
536 2822 686 2868 πλησίον
706 2822 904 2875 ἀφέλωνταί
933 2839 987 2871 τι,
1007 2820 1058 2862 Ἣ
1078 2824 1158 2876 οὐχὶ
1230 2836 1309 2861 mus
1333 2823 1443 2876 diripi
1472 2824 1661 2862 viduarum
1683 2825 1795 2873 bona,
1819 2826 1963 2878 spoliari
1986 2830 2183 2884 orphan05‚

130 2885 241 2920 ταῦτα
274 2883 350 2919 καθ’
380 2881 530 2927 ἑκάστην
557 2882 693 2935 ἡμέραν
721 2886 856 2936 ὁρῶμεν
883 2883 1070 2935 γινόμενα,
1099 2885 1159 2923 καὶ
1231 2883 1392 2922 infirmos
1419 2899 1438 2922 a
1462 2885 1669 2923 fortioribus
1696 2887 1876 2939 opprimi?
1909 2888 2044 2929 Verum
2069 2893 2186 2944 justus

131 2942 243 2995 χήρας
258 2942 322 2993 μὲν
338 2942 604 2994 ἁρπαζομένας,
621 2943 790 2995 ὀρφανοὺς
819 2944 856 2982 δὲ
885 2945 1160 2996 ἀποδυομένους,
1231 2943 1292 2983 ille
1328 2960 1549 2997 nequaqnam
1585 2947 1652 2994 sic;
1681 2947 1742 2985 sed
1775 2958 1808 2986 et
1840 2951 2043 3003 sepulcrum
2075 2968 2186 2992 emere

131 3003 191 3041 καὶ
214 3002 293 3046 τοὺς
312 3005 465 3047 ἀσθενεῖς
483 3003 550 3041 ὑπὸ
565 3006 634 3042 τῶν
655 3005 900 3058 δυνατωτέρων
919 3007 1162 3058 πιεζομένους;
1236 3021 1318 3046 cum
1346 3007 1476 3055 voluit,
1496 3007 1663 3058 quoniam
1693 3008 1786 3047 vidit
1814 3024 1871 3049 eos
1890 3027 1909 3050 a
1929 3014 2061 3064 quibus
2088 3017 2185 3067 petiit

132 3063 223 3102 Ἀλλ’
244 3065 311 3115 οὐχ
326 3063 434 3107 οὕτως
451 3068 469 3102 ὁ
491 3064 621 3109 δίκαιος
642 3059 739 3108 οὗτος
754 3080 762 3088 ·
782 3066 873 3103 ἀλλὰ
900 3067 960 3104 καὶ
991 3074 1160 3118 μνημεῖον
1235 3068 1320 3106 dare
1338 3067 1507 3117 volentes,
1524 3083 1591 3105 non
1617 3069 1718 3120 prins
1744 3072 1902 3123 accepit,
1925 3089 2030 3125 qnam
2049 3076 2185 3127 justum

131 3124 333 3169 ὠνήσασθαι
363 3126 560 3175 βουληθεὶς,
581 3125 701 3171 ἐπειδὴ
722 3120 810 3163 εἶδεν
839 3126 996 3177 ἑτοίμους
1025 3129 1160 3167 διαδοῦ-
1233 3128 1454 3181 dependisset
1483 3128 1648 3181 pretium.
1669 3130 1754 3169 Haec
1772 3131 1890 3183 itaque
1909 3145 2024 3174 mente
2042 3151 2184 3175 versan-

134 3199 191 3221 ναι
220 3185 446 3236 βουλομένους
470 3185 549 3230 τοὺς
578 3185 802 3233 αἰτηθέντας,
831 3189 869 3225 οὗ
895 3187 1064 3240 πρότερον
1081 3189 1158 3235 ἠνέ-
1234 3199 1306 3240 tes,
1332 3189 1471 3238 dilecti,
1497 3203 1560 3227 nos
1586 3189 1648 3240 qui
1671 3191 1738 3229 sub
1758 3193 1891 3244 gratia,
1916 3209 1996 3234 eum
2025 3199 2086 3248 qui
2108 3207 2187 3236 ante

2196 2609 2271 2640 [sai.
2286 2609 2314 2638 5.
2330 2611 2360 2640 8.

181 3307 195 3321 ·
221 3298 260 3329 In
279 3296 366 3330 Edit.
384 3299 498 3332 Morel.
513 3299 566 3332 hic
590 3300 675 3333 male
691 3301 819 3344 positus
839 3300 947 3334 suerat
965 3301 1146 3336 versiculus
1182 3309 1297 3349 Σάρρας
1313 3307 1418 3338 ἑκατὸν
1434 3309 1520 3339 εἴκοςι
1542 3308 1617 3340 ἑπτὰ
1635 3311 1703 3349 ἔτη,
1720 3312 1767 3342 καὶ
1785 3314 1924 3343 ἀπέθανε.
1944 3309 2043 3342 Secus
2063 3309 2187 3344 babent.

140 3349 192 3382 isse
215 3352 342 3393 primns
367 3363 440 3395 cap.
468 3353 509 3384 20
531 3353 688 3386 Genesis:
707 3359 821 3397 ἐγένετο
847 3357 896 3396 δὲ,
922 3359 1025 3401 φησὶν,
1044 3361 1061 3393 ὴ
1086 3362 1145 3396 ζωὴ
1182 3355 1282 3389 savii.
1303 3363 1333 3388 et
1350 3357 1427 3387 Mss.

1962 3407 1981 3416 .-

1962 3420 2025 3442 0¹7.
