2516 3791
729 208 768 238 IN
808 210 905 239 cxl).

111 288 172 329 θέα
192 305 251 340 μοι
275 294 334 328 τοῦ
353 291 598 344 φιλανθρώπου
625 294 716 330 (θεοῦ
738 292 800 338 τὴν
821 293 1041 345 φιλοτιμίαν,
1064 294 1137 337 πῶς

111 352 415 403 ἐπιδαψιλεύεται,
434 355 520 402 ὁμου
542 353 601 390 καὶ
620 352 658 390 τὸ
674 358 734 392 τοῦ
759 354 892 392 δικαίου
920 353 1061 406 σπέρμα
1078 356 1137 392 αὐ-

111 411 213 457 ξησαι
230 411 448 463 βουλόμενος,
468 413 526 451 καὶ
543 413 672 460 ταύτην
692 430 750 452 νυν
767 414 1009 467 ποθεινοτέραν
1029 430 1138 452 κατα·-

109 475 237 519 στῆσαι
257 489 306 510 τω
333 474 473 512 ἰἸακι)6.
503 475 572 513 Και
590 491 666 513 συνε
654 474 777 522 ε’λαῖἐ,
806 476 902 527 φησὶ,
928 476 1052 519 πάλιν,
1078 474 1137 512 καὶ

109 533 221 572 ἔτεκεν
242 514 312 572 υἱὸν
333 535 491 587 δεύτερον
514 538 564 588 τῷ
578 535 722 584 Ἰακὼὸ,
741 537 799 575 καὶ
821 530 927 583 εἶπεν,
945 535 999 574 ὅτι
1011 534 1139 581 ἤκουσε

110 594 236 647 Κύριος
253 596 305 633 ὅτι
325 601 513 647 μισοῦμαι,
532 613 590 635 και
613 597 841 651 προσέδωκέ
836 613 893 636 υ.οι
918 596 977 634 καὶ
998 610 1135 634 τουτον·

713 658 832 708 Eup-ed
830 675 870 696 )ν.
907 658 934 681 ⁸

1094 659 1115 667 συ

109 656 168 693 καὶ
199 657 342 696 ἐκάλεσε
369 658 408 696 τὸ
439 659 548 708 ὄνομα
581 660 683 697 αυτοῦ

109 719 168 768 ἀφ’
189 717 337 756 ἑκάστου
355 735 422 757 των
442 719 575 757 παίδων
596 723 794 771 εὐχαριστεῖ
813 735 863 756 τω
883 717 1058 770 1Δεσπότῃ,
1079 716 1138 754 καὶ

111 778 297 830 εὐγνώμων
349 780 483 831 γίνεται
522 781 601 834 περὶ
631 780 694 826 τὴν
735 779 943 833 εὐεργεσίαν.
984 778 1139 817 Ἤκουσε

109 840 190 893 γὰρ,
217 841 324 893 φησὶ,
347 845 365 879 6
389 842 533 893 Κύριος,
552 841 604 880 ὅτι
625 845 814 892 μισοῦμαι,
847 840 905 878 καὶ
938 839 1139 892 προσέδωκέ

111 917 171 952 μοι
188 902 247 940 καὶ
262 906 381 941 τοῦτον
395 919 402 926 ·
417 903 476 941 καὶ
500 902 556 941 διὰ
582 908 682 942 τοῦτο
705 902 874 941 Ἔκάλεσε
893 902 932 940 τὸ
947 902 1056 954 ὄνομα
1078 903 1140 940 αὖ·

110 966 169 1000 τοῦ
186 964 342 1014 Συμεών.

168 1136 266 1186 Εἶδες
293 1144 368 1185 πῶς
395 1145 458 1195 οὐχ
489 1143 621 1189 ἁπλῶς,
640 1140 718 1180 οὐδὲ
744 1144 791 1186 ὡς
813 1142 952 1194 ἔτυχεν,
975 1142 1051 1181 οὐδὲ
1078 1141 1141 1186 τὰς

106 1204 294 1254 ὀνομασίας
322 1211 392 1248 τοῖς
418 1203 635 1255 τικτομένοις
666 1203 835 1250 ἐπετίθει;
869 1203 1040 1242 Ἰἰκάλεσε
1072 1202 1140 1256 γὰρ

106 1265 207 1303 αὐτὸν
231 1264 424 1316 3Συμεὼν,
457 1264 576 1310 ἐπειδὴ
605 1264 731 1310 ἤκουσε
762 1264 899 1317 Κύριος.
930 1265 1046 1302 Τοῦτο
1072 1264 1140 1317 γὰρ

106 1326 335 1378 ἑρμηνεύεται
366 1326 405 1364 τὸ
442 1327 551 1376 ὄνομα
585 1329 628 1377 τῇ
661 1325 836 1378 Ἱβραϊκῃ
862 1325 1055 1379 διαλέκτω,
1086 1325 1139 1363 ὅτι

104 1386 271 1433 ἠκούσθη
301 1386 371 1424 Καὶ
398 1402 476 1425 συν·
463 1385 632 1425 ε’λαῧεν
613 1403 683 1433 ετι,
715 1401 776 1424 και
809 1386 924 1424 ἔτεκεν
952 1385 1048 1430 υἱὸν,
1078 1401 1139 1424 και

105 1452 220 1486 εἶπεν·
244 1450 278 1486 ἐν
298 1465 348 1486 τι)
367 1451 424 1486 νῦν
441 1464 553 1500 καιρω
576 1448 660 1500 πρὸς
677 1449 761 1498 ἐμοῦ
779 1447 878 1486 ἔσται
902 1448 956 1485 6’
938 1447 1025 1500 ανήρ
1049 1462 1138 1498 μου·

104 1509 228 1548 τέτοκα
247 1509 315 1562 γὰρ
336 1513 429 1548 αὐτὸ)
450 1516 541 1562 τρεῖς
569 1509 681 1552 υἱούς·
703 1509 762 1547 καὶ
792 1509 935 1547 ἐκάλεσε
963 1509 1004 1547 τὸ
1030 1508 1139 1559 ὄνομα

106 1574 198 1623 αὐτῳ
225 1572 322 1610 Λευί.
352 1574 457 1610 Δοκεῖ
487 1587 546 1621 μοι
574 1574 721 1610 ἐνταῦθα
743 1570 976 1617 αἰνίττεσθαι,
997 1570 1052 1610 ὅτι
1080 1585 1139 1608 και

104 1637 173 1672 τῶν
190 1633 250 1673 δύο
266 1634 456 1686 τεχθέντων
477 1633 612 1672 οὐδέπω
628 1633 770 1686 ἴσχυσεν
792 1635 839 1677 εἷς
852 1631 914 1678 τὴν
936 1647 1016 1686 περι
1031 1631 1138 1678 αὐτὴν

105 1694 256 1733 διάθεσιν
279 1694 536 1747 ἐφελκύσασθαι
562 1695 619 1732 τὸν
646 1694 771 1748 ἄνδρα,
799 1695 875 1732 ἀλλ’
900 1694 950 1732 ἔτι
980 1693 1069 1736 ὅλως
1095 1687 1136 1740 ἦν

105 1754 190 1809 πρὸς
208 1755 270 1802 τὴν
291 1755 432 1808 (Ραχὴλ
453 1756 619 1798 νενευκώς
635 1771 642 1778 ·
664 1755 722 1793 διὰ
741 1755 842 1793 τοῦτό
861 1770 965 1807 φησιν
978 1785 987 1802 ,
1004 1755 1065 1792 Ἐν
1085 1757 1135 1806 τῷ

105 1821 162 1855 νῦν
183 1820 294 1871 καιρῷ
321 1818 406 1869 πρὸς
434 1820 517 1868 ἐμοῦ
536 1818 634 1855 ἔσται
649 1820 667 1855 6
687 1816 775 1869 ἀνήρ
801 1832 880 1866 μου.
899 1816 1018 1868 Τάχα,
1037 1816 1136 1868 φησὶ,

106 1878 170 1916 κᾶν
199 1883 220 1926 ἡ
245 1879 425 1932 προσθήκη
456 1883 515 1917 τοῦ
544 1879 662 1932 τρίτου
682 1879 936 1931 παρασκευάσῃ
958 1878 1014 1916 τὸν
1031 1878 1139 1930 ἄνδρα

107 1941 269 1984 εὐνοικῶς
286 1956 367 1993 περι
387 1941 450 1992 ἐμὲ
467 1942 679 1987 διατεθῆναι.
701 1941 790 1979 Ἰδου
808 1941 876 1994 γὰρ
901 1942 996 1978 αὖτω
1015 1940 1140 1979 τέτοκα

106 2008 199 2065 τρεῖς
229 2002 331 2047 υἱούς.
354 2003 433 2040 ’Καὶ
463 2003 733 2042 συλλαὸουσα”
714 2019 786 2049 ετι,
815 2003 930 2041 ἔτεκεν
959 2003 1051 2050 υιὸν,
1081 2002 1140 2040 καὶ

107 2067 206 2102 εἰπε·
223 2080 280 2103 νυν
304 2064 355 2103 ἔτι
382 2069 483 2103 τοῦτο
513 2064 815 2116 ἐξομολογήσομαι
840 2081 890 2102 τω
914 2064 1058 2116 Κυρίω·
1082 2063 1140 2102 διὰ

106 2142 207 2165 τουτο
221 2126 364 2165 ἐκάλεσε
380 2126 420 2164 τὸ
435 2127 544 2176 ὄνομα
562 2129 664 2164 αὐτου
685 2126 829 2164 Ἰούδαν.
846 2126 933 2166 Τίὲ
914 2142 1008 2173 εστι,
1026 2127 1140 2164 Τουτο

107 2187 408 2238 ἐξομολογήσομαι
429 2189 478 2239 τῷ
493 2177 634 2239 Κυρίῳς
653 2188 705 2226 Τὸ
728 2186 1057 2238 Ἐξομολογήσομαι
1079 2187 1138 2223 ἐν-

107 2252 230 2295 ταῧθα,
250 2248 496 2301 εὖχαριστήσω
515 2249 575 2286 καὶ
594 2247 728 2291 δοξάσω
753 2247 856 2286 αὐτόν
874 2250 980 2296 ἐστιν,
1000 2246 1053 2286 ὅτι
1078 2246 1139 2284 καὶ

106 2310 272 2362 τέταρτον
292 2309 488 2362 προσέθηκέ
508 2326 568 2360 μοι
585 2309 674 2356 υἱὸν,
704 2309 763 2347 καὶ
790 2308 962 2356 τοσαύτην
993 2324 1052 2358 μοι
1074 2307 1138 2355 τὴν

108 2371 268 2422 εὐπορίαν
290 2370 482 2423 ἐχαρίσατο
497 2386 504 2394 ·
524 2370 584 2408 καὶ
605 2370 689 2422 ὅπερ
712 2370 782 2409 ἀπὸ
809 2373 872 2417 τῆς
894 2373 954 2407 τοῦ
975 2369 1138 2420 σώματος

108 2431 284 2484 ἀμορφίας
312 2434 360 2474 εἰς
384 2430 447 2477 τὴν
466 2431 564 2483 παρὰ
590 2435 650 2470 τοῦ
677 2432 798 2484 ἀνδρὸς
829 2431 960 2470 εὔνοιαν
990 2430 1135 2480 ἔμελλον

108 2492 438 2537 καταὸλάπτεσθαι,
453 2495 556 2530 τοῦτο
574 2495 596 2538 ἦ
614 2492 742 2531 τέκνων
766 2492 864 2546 παρὰ
881 2496 944 2539 τ”ῆς
962 2496 1021 2530 τοῦ
1042 2493 1136 2530 Θεοῦ

107 2553 367 2605 φιλανθρωπίας
381 2553 617 2607 χαρισθέντων
637 2568 695 2604 μοι
714 2553 797 2605 γονὴ
815 2552 1056 2606 διωρθώσατο,
1076 2553 1136 2592 καὶ

108 2617 171 2661 τῆς
188 2614 336 2666 ἀθυμίας
354 2614 416 2661 τὴν
436 2614 631 2667 ὑπερέολὴν
651 2616 870 2661 διεσκέδασε,
893 2614 981 2662 Ι’τὴν
998 2615 1055 2654 διὰ
1071 2614 1134 2661 τὴν

108 2677 282 2729 ἀμορφίαν
316 2676 528 2727 μισουμένην
555 2676 910 2728 παραμυθησάμενος,
937 2677 997 2715 καὶ
1024 2692 1133 2727 μετα-

110 2738 240 2784 στήσας
259 2738 299 2776 τὸ
316 2743 415 2788 μῖσος
431 2739 477 2782 εἷς
501 2737 565 2784 τὴν
590 2738 742 2790 ἀδελφὴν
761 2738 824 2784 τὴν
851 2739 952 2789 ἐμήν.
971 2741 1135 2778 Τεκοῦσα

110 2799 164 2844 δὲ,
193 2798 296 2850 φησὶ,
316 2798 374 2836 τὸν
395 2798 553 2846 Ἰούδαν,
579 2799 662 2846 ἔστη
682 2803 742 2837 τοῦ
769 2799 915 2838 τίκτειν.
938 2800 1075 2839 Ἰδοῧσα
1098 2800 1135 2838 δὲ

109 2859 261 2912 Ῥαχὴλ,
276 2858 330 2896 ὅτι
344 2860 382 2896 οὖ
405 2859 525 2897 τέτοκε
540 2863 589 2912 τῷ
606 2860 738 2899 Ἰακὼὸ
749 2892 758 2909 ,
779 2862 928 2908 ἐζήλωσε
946 2861 1009 2909 τὴν
1029 2863 1134 2900 ἀδελ-

108 2930 175 2984 φὴν
195 2931 320 2976 αὐτῆς,
348 2928 407 2966 καὶ
433 2923 507 2966 εἷπε
534 2931 583 2980 τῷ
609 2928 738 2968 Ἰακώὸ
753 2945 761 2953 ·
782 2929 837 2973 δός
866 2945 926 2980 μοι
953 2929 1058 2969 τέκνα
1077 2946 1084 2953 ·
1107 2932 1136 2968 εἰ

152 3052 166 3066 ⁵¹
191 3043 216 3072 A
243 3051 326 3072 voce
349 3031 507 3081 namque’
526 3037 624 3078 ymo
653 3038 800 3081 audivit,
823 3037 993 3072 derivatur
1018 3041 1121 3087 ΠΒΨ

110 3093 258 3128 Simeon.

154 3147 170 3171 b
196 3147 273 3177 Hoec
301 3143 391 3187 apud
407 3142 508 3177 Savil.
527 3141 642 3175 vitiata
668 3149 744 3175 sunt
768 3140 832 3174 hoc
847 3150 948 3184 pacto
967 3154 973 3173 :
992 3149 1046 3182 τὴν
1063 3148 1122 3188 γὰρ

109 3201 157 3232 διὰ
178 3204 233 3235 τήν
249 3202 400 3242 ἀμορφίαν
413 3201 593 3242 μισουμένην
613 3209 654 3237 με
672 3200 750 3237 πρὶν,
769 3200 817 3228 νῦν
829 3199 917 3233 αὐτὸς
933 3200 1041 3229 ἐπεῖται
1058 3210 1120 3230 πα·

109 3255 370 3295 ραμυθησάμενος.
394 3248 476 3288 Quae
501 3248 570 3288 ipse
592 3247 650 3279 Sat
660 3245 732 3277 llius
759 3253 939 3289 utcumque
965 3257 1121 3279 excusare

110 3310 263 3334 conatur.
281 3300 581 3342 Manuscriptorum
600 3297 744 3330 maxima
762 3309 839 3341 pars
855 3297 1032 3332 lectionem
1059 3310 1120 3331 no-

111 3361 215 3386 stram
238 3351 451 3385 confirmant.
467 3350 593 3394 [Coisl.
613 3357 666 3390 τὴν
682 3356 823 3393 ἀθυμίαν,
842 3356 875 3389 ἢν
892 3354 969 3395 εἶχον
991 3354 1039 3386 διὰ
1066 3358 1120 3390 τὴν

113 3412 264 3452 ἀμορφίαν
280 3411 442 3449 μισουμένη
458 3431 465 3445 ,
483 3409 775 3449 παραμυθητάμενος
787 3410 851 3435 etc.
870 3403 940 3436 Nisi
955 3402 1052 3436 verba
1072 3409 1120 3438 καὶ

947 208 1074 239 xxix.
1116 209 1276 239 GENES.

905 657 1037 695 ...κόπει
1063 673 1137 699 πως
1150 642 1197 708 ⁵2⁶
1210 661 1407 712 ritJ1li11m
1423 664 1633 700 secundum
1653 665 1815 710 Jac,‹›lm
1832 674 1866 702 ιι
1885 666 2012 702 dixit:

1317 210 1474 241 nomn..

1517 212 1607 242 ixl.
2070 196 2165 260 (ἧς)

1212 293 1328 331 minus
1341 293 1414 331 visa
1428 294 1629 333 liuuiilitate
1642 307 1717 332 mea
1735 294 1889 346 pra-buit
1904 294 1991 331 milii
2008 303 2166 346 partum,

1210 364 1354 406 propter
1371 370 1477 406 quem
1491 355 1636 407 diligar.
1652 356 1695 394 Et
1711 365 1828 408 specta
1846 354 1905 392 liic
1921 355 2060 403 iteruin,
2073 370 2164 406 quo-

1209 417 1316 455 modo
1332 419 1427 456 Deus
1442 418 1650 457 muneribus
1669 427 1802 457 certare
1820 419 1998 457 contendit
2017 433 2096 456 cuni
2114 434 2165 466 eo,

1209 486 1242 514 vt
1271 478 1442 517 beneficia
1471 481 1697 529 accumulat,
1718 480 1824 518 simul
1860 490 1893 518 et
1923 481 2011 533 justi
2046 494 2163 518 semen

1209 539 1385 589 augei·i‚et
1400 540 1491 578 lianc
1505 542 1618 591 magis
1635 542 1768 581 Jacobo
1783 542 1974 580 amabilem
1989 541 2089 579 reddi
2106 555 2167 578 vo-

1210 598 1295 636 lens.
1314 601 1376 637 55.
1394 603 1448 638 Et
1465 606 1652 654 concepit,
1684 603 1812 654 inquit,
1829 607 1981 649 1'!¹,‹r11m
2002 612 2165 655 etpepe-

2036 664 2165 701 ludi-

1211 722 1270 757 vlt
1289 722 1479 760 Dominus
1496 725 1600 775 quod
1619 726 1706 761 odio
1737 727 1883 763 habeor
1898 757 1908 772 ,
1930 735 1965 763 et
1987 728 2164 777 apposnit

1212 783 1307 819 milti
1320 791 1355 819 et
1372 783 1476 821 hunc
1484 800 1498 829 ;
1514 793 1549 822 et
1564 789 1720 824 vocavit
1737 801 1877 824 nomen
1892 790 1972 839 ejus
1985 788 2029 835 S)
2044 802 2166 824 meon.

1212 842 1363 880 Attende
1390 845 1569 894 quomodo
1596 860 1659 898 pei·
1693 846 1850 897 singulos
1883 862 2009 899 pueros
2038 847 2169 897 gratias

1210 903 1285 954 agit
1312 904 1493 954 Domino,
1514 915 1547 944 ct
1567 907 1613 945 ol)
1639 907 1811 945 beneficia
1837 917 1976 959 gratum
2009 908 2169 946 animuin

1211 963 1381 1003 declarat.
1400 965 1442 1003 A
1445 967 1567 1005 adivit
1582 967 1692 1018 enim,
1706 968 1832 1019 inquit,
1847 970 2055 1015 Dominus,
2067 969 2172 1022 ([ιιοιί

1212 1026 1300 1063 odio
1321 1027 1468 1065 habeor
1484 1057 1496 1078 ‚
1515 1037 1552 1066 et
1577 1033 1754 1081 apposuit
1775 1028 1871 1067 m‘z'ln'
1894 1033 2012 1068 etiam
2039 1032 2141 1068 hunc
2158 1046 2168 1065 .-

1211 1096 1394 1139 propterea
1416 1090 1577 1128 Vocavit
1601 1105 1739 1128 nomen
1759 1094 1842 1143 ejus
1856 1092 2041 1141 Symeon.

1262 1149 1299 1186 4.
1331 1149 1464 1188 Vidisti
1494 1151 1675 1201 quomodo
1701 1167 1770 1191 non
1801 1153 2037 1205 simpliciter,
2058 1166 2171 1203 neque

1209 1217 1338 1247 temere
1368 1209 1512 1249 nomina
1547 1212 1638 1250 natis
1671 1213 1870 1251 indiderit?
1894 1213 2046 1252 vocavit
2075 1213 2171 1250 enim

1208 1284 1291 1308 eum
1310 1271 1482 1323 Symeon,
1504 1273 1673 1324 quoniam
1692 1273 1837 1312 audivit
1852 1274 2042 1312 Dominus.
2061 1273 2172 1312 Nobis

1208 1331 1388 1382 siquidem
1411 1333 1588 1372 llebra'i'co
1605 1333 1772 1373 idiomate
1791 1350 1855 1388 per
1874 1336 1942 1374 hoc
1965 1349 2092 1373 nomen
2120 1336 2169 1373 si-

1208 1402 1350 1444 gnatur,
1371 1393 1470 1444 quod
1489 1394 1611 1433 audita
1642 1396 1701 1434 sit.
1725 1398 1790 1435 54.
1815 1400 1869 1435 Et
1898 1400 2072 1450 concepit
2103 1401 2171 1435 ite-

1208 1467 1308 1502 rum,
1333 1464 1370 1492 et
1386 1457 1693 1510 peperitsilium,
1713 1468 1749 1496 et
1771 1460 1902 1497 dixit.-
1929 1461 2047 1498 Nune
2075 1468 2170 1497 tem-

1161 1516 1183 1546 Β
1205 1519 1311 1567 poris
1328 1519 1436 1569 apud
1451 1532 1511 1556 me
1528 1528 1599 1556 erit
1617 1523 1684 1557 vit
1700 1534 1832 1566 meus;
1847 1524 1978 1573 peperi
2001 1523 2104 1558 enim
2139 1524 2173 1559 ei

1210 1586 1285 1617 tres
1285 1579 1325 1631 s
1313 1579 1431 1617 laos
1455 1589 1615 1632 propter
1628 1582 1702 1620 lzoc
1724 1586 1880 1621 vocavit
1905 1597 2045 1620 nomen
2064 1583 2173 1620 i'lltus

1208 1640 1313 1677 Levi.
1336 1639 1492 1679 Videtur
1525 1641 1617 1679 mihi
1644 1642 1703 1681 hic
1731 1643 1942 1694 significari,
1973 1658 2051 1682 eam
2081 1643 2172 1681 natis

1209 1699 1352 1738 duobus
1381 1701 1468 1738 filiis
1490 1702 1649 1740 nondum
1678 1704 1835 1755 potuisse
1858 1704 2002 1742 allicere
2024 1704 2144 1742 virum
2162 1735 2170 1748 ,

1209 1760 1271 1810 qui
1299 1760 1418 1798 adhuc.
1440 1761 1476 1799 in
1500 1762 1692 1800 Rachclem
1719 1764 1928 1816 propensior
1947 1773 2021 1801 crat
2056 1780 2064 1800 :
2094 1762 2173 1802 idco

1209 1820 1311 1868 dicit,
1331 1823 1448 1860 ,Nunc
1467 1826 1645 1875 temporis
1665 1825 1771 1875 apud
1787 1839 1847 1862 me
1867 1827 1939 1862 erit
1958 1827 2024 1862 vir
2048 1838 2169 1862 meus.

1211 1882 1385 1920 Fortassis
1415 1883 1568 1921 accessio
1606 1883 1701 1922 tertii
1734 1885 1854 1923 virum
1887 1900 2006 1924 meum
2046 1885 2172 1924 reddet

1210 1942 1437 1993 benevolum,
1455 1953 1489 1982 et
1508 1945 1636 1983 melius
1657 1945 1747 1983 mihi
1766 1946 1946 1984 affectum.
1969 1946 2062 1985 Ecce
2076 1947 2171 1985 enim

1212 2013 1282 2042 tres
1301 2004 1396 2043 filios
1417 2005 1448 2043 ei
1470 2006 1603 2058 peperi.
1624 2007 1686 2045 55.
1705 2009 1759 2045 Et
1788 2011 1958 2060 concepit
1976 2010 2171 2062 adlzucfl-

1212 2067 1320 2112 tizan,
1338 2081 1385 2104 ac
1398 2070 1558 2119 peperit,
1579 2076 1615 2105 et
1632 2069 1762 2106 dixit.-
1784 2070 1900 2107 Nunc
1917 2070 2046 2107 adhuc
2067 2071 2173 2107 istud

1210 2129 1425 2182 confitebor·
1452 2130 1658 2167 Domino.-
1688 2139 1892 2182 propterea
1918 2133 2077 2169 vocavit
2105 2146 2172 2168 no-

1211 2204 1300 2227 men
1325 2193 1407 2242 ejus
1425 2191 1586 2228 Judam.
1606 2191 1707 2238 Quid
1727 2201 1779 2230 cst
1795 2221 1807 2241 ‚
1827 2192 1943 2230 Istud
1961 2192 2173 2245 confitebor

1210 2252 1381 2288 Domino
1394 2255 1410 2288 Ρ
1438 2252 1662 2305 Confitebor
1678 2253 1736 2291 hic
1766 2252 1863 2291 idem
1881 2262 1932 2291 est
1949 2268 2010 2304 ac,
2029 2254 2174 2293 Gratias

1210 2325 1340 2363 agam,
1378 2321 1411 2350 et
1440 2312 1652 2364 glorificabo
1684 2328 1794 2362 eum,
1829 2314 1912 2366 quia
1940 2324 1974 2352 et
2005 2325 2173 2367 quartum

1209 2372 1299 2410 mihi
1319 2372 1450 2426 adjecit
1480 2373 1623 2423 filium,
1650 2384 1685 2412 et
1710 2384 1845 2413 tantam
1869 2376 1961 2413 mihi
1984 2376 2171 2415 abundan-

1209 2433 1294 2472 tiam
1323 2434 1495 2472 concessit
1523 2450 1530 2471 :
1558 2444 1592 2473 ct
1619 2449 1698 2486 quae
1729 2436 1776 2473 ob
1806 2437 1964 2489 corporis
1999 2437 2171 2475 deformi—

1208 2504 1316 2533 tatem
1335 2495 1379 2534 de
1396 2496 1467 2535 viri
1483 2510 1567 2548 erga
1586 2511 1642 2534 me
1657 2497 1905 2535 benevolentia
1922 2498 2169 2549 periclitatura

1208 2570 1306 2594 eram
1321 2587 1333 2606 ‚
1361 2570 1456 2594 nunc
1486 2557 1728 2609 procreatione
1752 2558 1908 2595 filiorum
1934 2573 1953 2596 a
1975 2560 2049 2596 Deo
2079 2558 2169 2596 milii

1207 2617 1302 2667 data,
1311 2627 1344 2656 et
1356 2618 1517 2656 moeroris
1528 2632 1674 2656 excessu
1687 2617 1863 2667 discusso,
1877 2633 1946 2667 ine,
1959 2634 2037 2669 quae
2050 2619 2095 2657 ob
2106 2619 2167 2657 de-

1206 2679 1423 2717 formitatem
1439 2678 1521 2716 odio
1540 2679 1710 2727 habebar,
1727 2679 1926 2717 consolatus
1939 2690 2003 2729 est,
2020 2681 2164 2718 odium-

1207 2755 1276 2792 que
1309 2740 1490 2778 transtulit
1514 2740 1549 2777 in
1581 2754 1737 2777 sororem
1772 2754 1899 2778 meam.
1934 2744 1983 2779 Ut
2019 2746 2165 2794 peperit

1208 2814 1338 2843 autem
1354 2806 1515 2852 Judam,
1534 2804 1664 2854 inquit,
1682 2808 1844 2842 cessavit
1852 2820 2000 2857 parere.
2014 2809 2028 2843 1
2043 2837 2049 2844 .
2066 2809 2164 2845 &cin
2182 2810 2258 2849 Cap.
2276 2811 2327 2839 30·

1209 2876 1338 2905 autem
1364 2867 1526 2903 vidisset
1557 2867 1704 2903 Rachel
1734 2869 1828 2918 quia
1857 2880 1934 2904 non
1957 2871 2162 2920 peperisset

1209 2930 1239 2967 J
1239 2930 1372 2974 ambo,
1394 2928 1579 2965 aemulata
1593 2935 1648 2965 est
1665 2928 1778 2964 Liam
1795 2941 1964 2966 sororem
1981 2926 2106 2977 suam,
2130 2938 2166 2967 et

1153 3039 1269 3081 5723?OE
1288 3037 1478 3079 &mommo
1492 3032 1719 3076 pareutlictice
1736 3032 1826 3066 dicta
1844 3035 1989 3078 accipias
2005 3063 2011 3077 ‚
2034 3039 2168 3079 partici—

1155 3086 1275 3131 piaque
1287 3092 1582 3133 παραμυθησάμενος
1595 3094 1627 3118 et
1642 3096 1836 3128 μεταστήσας
1852 3087 1894 3120 ad
1909 3089 2015 3121 Deum
2034 3090 2165 3131 reseras,

1155 3152 1222 3183 quo
1239 3138 1416 3171 durissima
1441 3138 1553 3170 eradit
1575 3138 1794 3181 constructio,
1812 3148 1869 3172 aut
1886 3140 2099 3174 scribendum
2121 3147 2169 3177 xi-

1155 3193 1253 3227 detur
1284 3197 1566 3235 παραμυθησαμένη
1583 3197 1632 3226 καὶ
1647 3201 1864 3235 μεταστήσαςα
1877 3221 1885 3234 ,
1916 3205 1989 3237 quae
2002 3195 2168 3237 pendeant

1154 3258 1172 3278 a
1191 3254 1272 3290 γονή,
1289 3251 1346 3276 aut
1362 3242 1639 3286 acquiescendum
1666 3245 1699 3287 in
1717 3245 1858 3277 leet-ione
1880 3246 1992 3279 savini
2010 3273 2018 3286 ‚
2038 3257 2168 3280 imitato

1153 3304 1263 3332 ἐσεῖταί
1279 3295 1335 3340 (de
1351 3307 1415 3338 qua
1433 3295 1540 3328 forma
1555 3295 1654 3328 adisis
1671 3297 1828 3329 Maittair.
1848 3298 1932 3331 Dial.
1953 3300 2011 3331 Gr.
2032 3312 2064 3341 p.
2081 3303 2143 3332 21³8
2158 3328 2165 3335 ,

1155 3354 1179 3383 Α
1191 3357 1201 3390 )
1215 3352 1248 3383 in
1262 3353 1344 3384 ἔσται
1356 3371 1366 3386 ,
1383 3360 1456 3391 quae
1469 3347 1670 3392 periphrasis
1690 3348 1935 3394 Clirysostomo
1950 3363 2015 3384 non
2034 3352 2165 3385 insolita

1154 3410 1215 3435 est.
1234 3403 1245 3444 ]
