2516 3791
149 736 174 754 ι.
194 722 267 757 Regr-
284 729 330 760 ¹9·

142 775 174 803 9.
206 773 250 793 Ιι).

152 1278 254 1306 Etml.
287 1283 338 1305 2¹.

341 129 431 189 87.)
800 141 839 171 s.
878 140 1058 171 JOtNNIS
1094 134 1337 167 cunrsos‘r.

1379 132 1585 163 metum).
1624 131 1984 162 CONSTANTHOP.

341 228 415 263 sim
435 228 500 262 vir
518 225 675 263 Ιιιιηιιιὶς
699 238 747 263 ac
769 225 915 261 nullius
927 223 1073 274 pretii?
1094 223 1210 268 Atque
1227 216 1294 254 de—
1320 219 1344 247 C
1369 214 1513 289 ὅρεῧσαί
1540 231 1584 264 με
1617 217 1666 266 τῷ
1694 216 1847 266 βασιλεῖ;
1874 214 1942 265 ἐγὼ
1974 212 2010 252 δὲ
2041 210 2130 265 ἀνὴρ
2153 212 2312 256 ταπεινὸς
2335 212 2394 251 καὶ

341 285 494 323 bebatur
519 287 587 323 hoc
605 285 765 335 honoris,
786 299 827 322 ac
852 296 982 320 merces
1005 290 1040 319 et
1066 278 1225 332 pensatio
1244 278 1296 315 la-

343 346 471 384 borum
489 362 496 383 :
515 361 640 386 verum
661 360 771 396 usque
797 344 885 382 adeo
909 357 967 380 cor
984 341 1140 379 habebat
1159 338 1295 377 contri-

344 417 433 456 tum,
454 417 492 445 ut
508 417 585 459 post
602 416 651 445 tot
670 421 724 444 res
743 419 824 443 cum
842 403 948 441 laude
967 411 1094 454 gestas,
1111 409 1190 453 post
1208 399 1297 437 adeo

342 468 568 521 splendidam
588 467 790 515 victoriam,
816 473 895 518 post
915 477 1119 516 expressam
1145 460 1297 514 promis-

343 531 493 579 sionem,
525 528 714 580 indignum
747 541 783 565 se
814 525 1010 578 judicaret,
1043 524 1106 575 qui
1140 522 1300 561 debitam

343 591 513 643 reciperet
538 589 748 636 mercedem,
775 587 884 638 idque
905 601 987 624 cum
1013 585 1130 623 denuo
1149 593 1236 622 esset
1263 597 1300 621 se

343 653 510 705 periculis
535 651 751 703 objecturus,
774 652 1010 700 Posteaquam
1036 657 1154 685 autem
1181 647 1300 684 hostes

344 713 534 761 devicerat,
551 726 592 749 ac
606 712 718 749 filiam
732 711 824 763 regis
841 718 1035 763 acceperat,
1047 722 1170 746 rursus
1184 707 1299 745 Psal-

346 776 452 813 lebat
482 775 628 819 David,
657 782 693 810 et
717 774 911 825 quoerebat
936 771 1032 810 Saul
1057 783 1143 807 eum
1163 770 1302 806 lancea

343 844 552 888 percutere,
571 843 605 872 et
619 836 805 886 percussit
816 833 971 871 :David
983 840 1113 869 autem
1129 831 1301 868 declina-

348 901 425 941 vit;
447 906 484 935 et
505 899 622 934 hasta
649 899 820 948 impacta
839 904 894 932 est
912 896 1069 946 parieti.
1093 894 1212 940 Quem
1232 904 1301 928 non

345 959 413 996 ista
443 958 500 996 vel
529 957 692 1009 apprime
719 956 975 1009 philosophum
1003 955 1051 992 ad
1080 952 1304 991 iracundiam

345 1019 581 1057 excitassent?
617 1019 720 1070 quis,
740 1018 806 1056 etsi
825 1017 924 1055 nulla
943 1017 1013 1054 alia
1031 1015 1201 1054 adfuisset
1220 1029 1304 1053 eau-

347 1094 398 1128 sa,
422 1080 547 1118 saltem
579 1089 618 1117 ut
643 1079 869 1117 securitatem
894 1078 964 1115 sibi
993 1086 1150 1130 pararet,
1173 1076 1306 1128 injuste

348 1142 576 1180 insidiantem
594 1157 664 1180 non
683 1141 894 1180 occidisset?
916 1141 1039 1191 Neque
1055 1140 1149 1177 enim
1178 1139 1214 1177 id
1242 1138 1304 1176 bo-

351 1203 539 1241 micidium
565 1203 702 1250 fuisset,
732 1203 792 1241 sed
822 1202 971 1241 modum
990 1217 1010 1240 a
1036 1203 1113 1253 lege
1144 1200 1306 1254 praeseri-

352 1274 456 1318 ptum
470 1265 742 1303 mansuetudine
759 1273 966 1317 superasset.
983 1265 1075 1302 Nam
1088 1263 1150 1301 illa
1162 1262 1307 1301 oculum

353 1341 419 1378 pro
438 1326 541 1364 oculo
566 1326 673 1378 jussit
692 1325 845 1364 effodere
865 1342 872 1362 :
891 1325 951 1363 hic
969 1334 1089 1363 autem
1112 1323 1195 1362 licet
1216 1322 1307 1361 occi-

353 1388 476 1435 disset,
506 1402 570 1440 pro
592 1388 707 1426 tribus
739 1387 943 1425 homicidiis
974 1401 1086 1424 unum
1119 1394 1308 1423 exacturus

354 1449 498 1497 fuisset,
521 1463 585 1499 pro
613 1449 746 1497 tribus,
771 1448 935 1499 inquam,
956 1446 1161 1485 homicidiis
1176 1476 1186 1495 ,
1210 1445 1309 1483 nulla

355 1511 535 1562 probabili
553 1510 598 1547 de
615 1524 721 1548 eausa
742 1509 897 1546 tentatis.
922 1509 1025 1546 Nihil
1041 1518 1158 1545 tamen
1179 1508 1310 1545 horum

355 1571 503 1609 tentavit
533 1570 677 1618 David,
698 1569 759 1607 sed
789 1569 908 1622 potius
937 1569 1064 1606 habuit
1080 1569 1216 1620 sugere,
1239 1577 1272 1605 et
1289 1582 1309 1605 a

354 1630 479 1683 patriis
508 1630 646 1668 aedibus
673 1629 850 1675 exsulare,
876 1638 983 1679 atque
1004 1642 1164 1665 erronem
1189 1628 1311 1680 profu-

353 1706 508 1743 gumque
527 1705 643 1743 agere,
662 1699 695 1729 et
715 1691 752 1728 in
771 1689 970 1727 calamitate
989 1689 1058 1726 sibi
1075 1688 1312 1726 necessarium

353 1768 479 1806 parare
498 1753 648 1801 victum,
669 1766 777 1803 quam
793 1751 867 1802 regi
889 1751 996 1789 caedis
1016 1750 1235 1789 occasionem
1250 1749 1312 1787 da-

355 1830 402 1853 re.
425 1817 499 1853 Nec
524 1814 619 1852 enim
639 1828 679 1851 eo
700 1813 897 1865 spectabat,
926 1821 966 1850 ut
990 1812 1148 1865 seipsum
1165 1812 1312 1850 ulcisce-

355 1886 466 1926 retur,
486 1875 547 1913 sed
565 1884 605 1913 ut
623 1875 727 1912 illum
746 1874 791 1912 ab
810 1889 849 1912 eo
868 1874 993 1911 morbo
1013 1874 1189 1912 liberaret.
1213 1874 1314 1911 Hanc

356 1939 402 1976 ob
431 1951 573 1975 causam
597 1936 643 1974 ab
672 1935 784 1973 oculis
804 1935 941 1973 inimici
966 1934 1143 1973 subduxit
1168 1949 1254 1982 sese,
1275 1943 1315 1971 ut

355 1999 494 2038 sedaret
512 2008 702 2045 tumorem,
722 1997 1014 2047 contraheretque
1038 1996 1203 2034 ardorem
1222 1997 1314 2035 ulce-

359 2061 409 2098 ris
428 2069 461 2097 et
482 2059 658 2099 invidiam
677 2058 868 2109 mitigaret.
890 2058 1010 2097 Satius
1025 2067 1090 2108 est,
1113 2058 1242 2110 inquit,
1259 2072 1315 2096 me

360 2121 531 2159 miserum
559 2134 646 2167 esse,
667 2119 923 2170 innumeraque
947 2119 1022 2171 pati
1047 2119 1188 2169 acerba,
1207 2134 1316 2170 quam

361 2182 458 2220 hunc
484 2181 582 2234 apud
612 2183 729 2219 Deum
760 2180 804 2218 de
835 2181 1031 2219 innocentis
1067 2181 1163 2219 caede
1191 2181 1318 2219 conde-

364 2243 491 2282 mnari.
507 2243 591 2280 Haec
609 2255 678 2279 non
697 2240 884 2278 audiamus
900 2250 1052 2290 tantum,
1068 2256 1196 2279 verum
1212 2242 1318 2279 etiam
1332 2264 1380 2289 752
1394 2239 1556 2290 πάσχειν,
1571 2236 1661 2274 ὥστε
1678 2237 1878 2280 ἀπαλλάξαι
1895 2236 1974 2280 τοὺς
1991 2238 2132 2291 ἐχθροὺς
2148 2241 2210 2284 τῆς
2224 2240 2309 2291 πρὸς
2322 2243 2416 2291 ἡμᾶς
2466 2265 2468 2271 ,
2488 2260 2491 2268 .

1369 278 1431 314 οὐκ
1456 275 1604 326 ἔντιιιος.
1629 275 1697 313 Καὶ
1717 274 1785 325 μὴν
1804 274 1924 327 ὀφειλὴ
1951 274 1991 312 τὸ
2009 280 2157 325 πρᾶγμα
2175 277 2230 320 ἡν,
2252 274 2312 311 καὶ
2334 290 2395 324 μι-

1368 337 1447 380 σθὸς
1466 336 1525 374 καὶ
1543 335 1772 379 ἀνταπόδοσις
1791 338 1858 373 τῶν
1884 335 2016 373 πόνων·
2035 335 2110 372 ἀλλ’
2126 333 2234 376 οὕτως
2249 328 2292 380 ἦν
2313 350 2393 372 συν-

1366 396 1602 449 τετριμμένην
1620 396 1709 448 ἔχων
1726 396 1790 443 τὴν
1805 396 1965 450 καρδίαν,
1990 395 2146 445 ὡςλμετὰ
2165 398 2319 433 τοσαῦτα
2333 409 2394 432 κα-

1367 458 1599 510 τορθώματα,
1619 458 1679 495 καὶ
1697 457 1864 509 λαμπρὰν
1881 457 1971 495 οὕτω
1991 456 2104 503 νίκην,
2123 455 2184 494 καὶ
2207 454 2395 507 ὑπόσχεσιν

1369 520 1660 571 ὡμολογημένην,
1685 519 1823 564 ἀνάξιον
1843 513 1930 556 εἶναι
1951 517 2102 568 νομίζειν
2122 520 2181 554 τοῦ
2200 516 2320 554 λαὸεἷν
2339 515 2396 554 τὸν

1369 582 1592 634 ὀφειλόμενον
1613 583 1707 632 αὐτῷ
1735 579 1878 631 μισθόν·
1900 580 1960 617 καὶ
1978 583 2088 617 ταῦτα
2113 577 2266 627 ἐνόμιζε,
2292 576 2397 614 πάλιν

1400 642 1508 681 έλλων
1527 641 1748 680 κινδυνεύειν.
1770 640 1916 687 Ἐπειδὴ
1948 639 1983 678 δὲ
2002 642 2070 677 τῶν
2090 637 2268 689 πολεμίων
2291 637 2398 689 ἐκρά-

1370 719 1476 751 τησε,
1497 703 1557 742 καὶ
1577 703 1641 750 τὴν
1669 702 1842 777 θυγατέρα
1859 701 1964 740 ἔλαὸε
1985 705 2045 739 τοῦ
2079 699 2250 752 βασιλέως
2261 729 2288 776 ,
2292 698 2397 736 πάλιν

1373 765 1581 817 ’litonum‘
1569 781 1586 803 0
1606 765 1735 812 Δαυιό,
1751 780 1810 802 και
1830 763 1945 809 ἐζητει
1960 763 2079 801 Σαοὺλ
2095 765 2154 799 τοῦ
2174 759 2327 804 πατάξαι
2342 760 2402 797 αὖ·

1375 840 1434 863 τον
1455 827 1490 863 ἐν
1508 842 1556 863 τι)
1572 825 1702 876 δόρατι,
1718 841 1777 863 και
1791 823 1957 868 ἐπάταξε·
1976 839 2036 861 και
2051 822 2219 868 ἐξεκλινεν
2235 824 2252 858 ὁ
2268 819 2402 858 Auni&-

1376 886 1436 924 καὶ
1463 886 1613 930 ἐπάταξε
1632 902 1672 924 TO
1702 900 1782 938 ΟΟρυ
1797 888 1831 924 ἐν
1847 902 1896 922 τυ)
1924 884 2045 936 τῦίγω.
2065 883 2156 921 Ιινα
2183 897 2244 920 Ουκ
2274 880 2314 917 ἂν
2342 880 2401 918 καὶ
2452 894 2455 938 L

1377 949 1446 985 τῶν
1467 948 1599 1000 σφόδρα
1618 948 1815 999 φιλοσοφεῖν
1836 946 2076 997 ἐπισταμένων
2101 947 2147 987 εἷς
2167 944 2273 993 θυμὸν
2292 945 2402 980 ταῦτα
2452 939 2455 963 l

1379 1008 1553 1060 ἐξήνεγκε,
1567 1009 1626 1046 καὶ
1646 1010 1676 1046 εἷ
1696 1006 1803 1058 μηδὲν
1823 1007 1952 1059 ἕτερον,
1972 1009 2035 1051 τῆς
2052 1005 2179 1048 οἰκείας
2192 1006 2404 1056 προνοοῦντα

1380 1070 1571 1122 ἀσφαλείας
1588 1070 1722 1108 ἔπεισεν
1742 1071 1874 1106 ἀνελεῖν
1894 1068 1951 1106 τὸν
1969 1067 2096 1109 ἀδίκως
2115 1064 2403 1111 ἐπιδουλεύοντα;
2455 1083 2457 1107 ι,

1381 1131 1474 1171 Οὐδὲ
1487 1132 1554 1184 γὰρ
1573 1132 1672 1184 φόνος
1689 1131 1729 1169 τὸ
1746 1137 1895 1182 πρᾶγμα
1912 1129 2033 1167 λοιπὸν
2051 1123 2110 1175 ἦν,
2130 1127 2221 1165 ἀλλὰ
2238 1125 2298 1164 καὶ
2313 1124 2404 1162 οὕτω
2456 1159 2457 1162 ,

1381 1194 1420 1232 τὸ
1436 1193 1560 1245 μέτρον
1577 1198 1636 1232 τοῦ
1654 1192 1760 1244 νόμου
1781 1192 1858 1229 τότε
1875 1189 2095 1243 ὑπερὸαίνειν
2115 1188 2269 1239 ἔμελλεν.
2285 1186 2404 1225 Ἐκεῖ-
2456 1192 2457 1197 ’

1381 1270 1436 1298 νος
1465 1255 1526 1306 μὲν
1540 1254 1607 1306 γὰρ
1623 1253 1798 1307 ὀφθαλμὸν
1828 1252 1904 1290 ἀντὶ
1922 1253 2100 1304 ὀφθαλμοῦ
2119 1249 2309 1301 ἐξορύττειν
2326 1246 2399 1286 ἐκέ-

1380 1317 1478 1354 λευεν
1492 1332 1499 1339 ·
1516 1310 1612 1359 οὗτος
1629 1315 1666 1354 δὲ
1685 1317 1714 1352 εἰ
1736 1314 1796 1352 καὶ
1815 1312 1973 1365 ἔσφαξεν,
1991 1312 2067 1350 ἀντὶ
2090 1314 2194 1364 τριῶν
2213 1311 2324 1362 φόνων
2344 1308 2405 1346 ἕνα

1382 1378 1560 1447 εἰργάζετο
1573 1406 1583 1423 ,
1613 1379 1718 1428 τριῶν
1753 1375 1864 1428 φόνων
1894 1374 2058 1424 οὐδεμίαν
2086 1372 2225 1423 εὔλογον
2255 1371 2404 1423 ἐχόντων

1380 1437 1567 1490 πρόφασιν.
1583 1437 1674 1476 ’m
1690 1436 1785 1486 ὅμως
1804 1435 1900 1474 ουόεν
1884 1435 2051 1473 ντούτων
2066 1433 2314 1508 ἐπεχείρησεν,
2329 1431 2405 1468 ἀλλ’

1381 1503 1499 1551 ᾑρεῖτο
1513 1504 1630 1551 φυγεῖν
1653 1500 1797 1548 μᾶλλον,
1825 1513 1885 1535 και
1910 1500 1972 1543 τῆς
1992 1494 2155 1547 πατρῴας
2170 1493 2281 1535 οἰκίας
2301 1494 2407 1530 ἐκπε-

1383 1567 1467 1608 σεῖν,
1487 1576 1545 1597 και
1574 1559 1755 1605 πλανήτης
1783 1563 1890 1604 εἰναι,
1917 1573 1976 1595 και
1996 1555 2232 1608 δραπετεύει),
2254 1570 2313 1592 και
2338 1569 2405 1591 τα-

1351 1653 1358 1662 ,
1382 1620 1696 1673 λαιπυρουμένος
1679 1620 1741 1666 τὴν
1760 1618 1952 1670 ἀναγκαίαν
1979 1617 2131 1668 πορίζειν
2149 1631 2292 1668 τροφὙν,
2315 1614 2338 1661 ἢ
2357 1630 2408 1652 w)

1387 1685 1524 1735 βασιλεῖ
1540 1681 1700 1733 γενέσθαι
1717 1684 1853 1733 σφαγῆς
1880 1679 1999 1722 αἴτιος.
2016 1681 2069 1717 Οὐ
2087 1677 2154 1729 γὰρ
2177 1677 2269 1720 ὅπως
2287 1676 2408 1714 ἑαυτὸν

1385 1744 1612 1791 ε’κδικῆσειεν,
1630 1743 1708 1780 ἀλλ’
1725 1742 1818 1786 ὅπως
1833 1744 1960 1779 ἐκεῖνον
1977 1738 2188 1783 ἀπαλλάξειε
2204 1742 2263 1776 τοῦ
2281 1737 2408 1780 πάθους

1385 1806 1539 1844 ἐσκόπει.
1556 1804 1624 1843 Διὰ
1643 1809 1743 1842 τοῦτο
1772 1806 1840 1841 τῶν
1856 1805 2043 1855 ὀφθαλμῶν
2076 1801 2197 1840 ἑαυτὸν
2217 1799 2410 1850 ὑπεξήγαγε
2462 1806 2465 1812 “

1386 1872 1445 1907 τοῦ
1463 1870 1605 1920 ἐχθροῦ,
1629 1865 1719 1904 ὥστε
1741 1869 1910 1918 ὑποσῧραι
1931 1865 1989 1903 τὸν
2011 1865 2126 1916 ὄγκον,
2148 1863 2208 1902 καὶ
2227 1866 2411 1901 καταστεῖ-

1386 1931 1446 1967 λαι
1468 1929 1531 1975 τὴν
1548 1927 1759 1981 φλεγμονὴν,
1776 1927 1835 1965 καὶ
1855 1926 2176 1978 παραμυθήσασθαι
2194 1923 2256 1971 τὴν
2275 1925 2410 1975 βασκα-

1387 1992 1475 2030 νίαν.
1498 1992 1640 2029 Βέλτιον
1663 1989 1743 2041 ἐμὲ,
1764 1989 1883 2042 φησὶν,
1902 1990 2198 2040 ταλαιπωρεῖσθαι
2217 1986 2275 2024 καὶ
2304 1983 2411 2036 μυρία

1389 2054 1538 2106 πάσχειν
1574 2052 1689 2097 δεινὰ,
1722 2050 1745 2098 ἢ
1777 2056 1896 2089 τοῦτον
1924 2051 2042 2090 ἀδίκου
2073 2056 2209 2105 σφαγῆς
2233 2052 2331 2106 παρὰ
2361 2047 2411 2096 τῷ

1391 2118 1474 2168 Θεῷ
1490 2114 1678 2167 κρίνεσθαι.
1694 2116 1817 2152 Ταῦτα
1837 2113 1885 2163 μὴ
1910 2113 2012 2165 μόνον
2032 2115 2230 2166 ἀκούωμεν,
2247 2115 2336 2154 ἀλλὰ
2354 2114 2413 2153 καὶ

1394 2176 1605 2229 μιμώμεθα,
1636 2175 1695 2213 καὶ
1728 2176 1844 2213 πάντα
1870 2176 2099 2227 ὑπομένωμεν
2131 2177 2190 2215 καὶ
2219 2183 2328 2215 ποιεῖν
2355 2178 2414 2215 καὶ
2464 2174 2468 2222 j

364 2305 573 2352 imitemur,
597 2303 689 2341 nihil
720 2316 788 2340 non
822 2302 993 2340 faciamus
1014 2312 1047 2340 et
1066 2303 1260 2355 patiamur,
1280 2312 1321 2339 ut
1346 2302 1370 2328 A
1396 2298 1605 2350 ἀπεχθείας·
1633 2297 1692 2335 καὶ
1723 2298 1770 2348 μὴ
1802 2301 1904 2336 τοῦτο
1937 2301 2107 2350 ζητῶμεν,
2141 2301 2171 2337 εἷ
2201 2301 2362 2348 δικαίως,
2392 2300 2414 2348 ἢ

366 2366 501 2406 inimici
515 2366 734 2403 simultatem
751 2379 833 2417 erga
851 2379 912 2402 nos
926 2365 1128 2417 deponaut;
1151 2379 1213 2402 nec
1227 2364 1322 2402 illud

367 2427 601 2479 inquiramus,
616 2435 737 2464 utrum
754 2426 892 2473 merito,
908 2440 952 2463 an
970 2426 1148 2463 immerito
1164 2426 1321 2464 malevo-

369 2490 445 2527 lum
472 2489 632 2526 animum
654 2502 736 2539 erga
762 2501 824 2524 nos
855 2495 994 2537 gerant,
1019 2486 1081 2524 sed
1110 2487 1177 2524 hoc
1204 2488 1322 2526 solum

373 2561 592 2604 spectemus,
618 2559 658 2586 ut
677 2550 780 2587 nobis
806 2549 943 2587 inimici
969 2563 1042 2587 esse
1067 2549 1244 2587 desinant.
1267 2550 1324 2587 Si-

375 2613 521 2665 quidem
545 2613 613 2650 hoc
642 2620 773 2663 spectat
803 2611 976 2658 medicus,
999 2620 1039 2648 ut
1057 2611 1181 2649 morbo
1200 2611 1326 2649 liberet

376 2685 566 2726 aegrotum,
588 2688 656 2711 non
684 2682 804 2711 utrum
819 2672 960 2721 merito,
984 2687 1028 2710 an
1057 2673 1233 2711 immerito
1256 2674 1326 2711 sibi

379 2737 544 2773 morbum
562 2734 790 2773 contraxerit.
813 2734 871 2771 Tu
887 2748 1030 2784 quoque
1046 2733 1156 2785 igitur
1170 2733 1327 2773 medicus

379 2812 414 2835 es
432 2798 506 2848 ejus
527 2796 587 2846 qui
614 2805 647 2832 te
673 2795 784 2833 laesit:
803 2809 914 2832 unum
933 2795 1000 2833 boc
1019 2810 1148 2846 quaere,
1175 2810 1245 2846 quo
1264 2810 1327 2848 pa-

380 2867 434 2896 cto
456 2857 507 2894 illi
526 2857 688 2894 morbum
705 2855 853 2894 adimas.
874 2856 917 2894 ld
944 2856 1040 2908 quod
1067 2857 1148 2895 fecit
1168 2857 1227 2895 hic
1246 2858 1329 2895 bea-

380 2929 450 2968 tus,
486 2928 672 2970 egestatem
707 2934 778 2971 prat
808 2918 960 2963 divitiis,
994 2919 1224 2957 solitudinem
1255 2936 1328 2973 prae

380 2981 508 3033 patria,
531 2980 667 3017 labores
686 2979 913 3031 periculaque
930 2994 1000 3032 prae
1017 2980 1153 3019 deliciis
1173 2995 1213 3019 ac
1231 2996 1329 3020 secu-

381 3043 498 3085 ritate,
520 3050 729 3094 perpmumn
751 3041 917 3079 exsilium
942 3055 1013 3093 prze
1042 3041 1180 3079 adibus
1205 3043 1330 3094 clegit,

384 3113 422 3141 ut
458 3104 561 3141 illum
595 3103 640 3140 ab
673 3101 755 3140 odio
799 3103 835 3140 in
868 3103 986 3154 ipsum
1016 3103 1330 3155 malevolentiaque

382 3165 560 3203 liberaret.
586 3167 632 3202 At
659 3178 721 3201 nec
752 3164 802 3201 sic
829 3163 973 3214 quidem
998 3164 1123 3202 melior
1149 3165 1261 3203 sactus
1281 3176 1330 3204 est

382 3226 488 3273 Saul,
508 3223 566 3261 sed
588 3223 872 3275 persequebatur,
891 3223 951 3261 sed
971 3224 1103 3275 ubique
1122 3226 1331 3264 circumibat

427 3341 440 3355 ι
462 3331 541 3373 Reg.
562 3341 644 3362 unus
663 3333 676 3363 ὸ
693 3334 840 3375 μακάριος
857 3329 939 3368 οὗτος
956 3334 1081 3369 {noima
1102 3338 1199 3366 maim
1230 3332 1314 3364 Alius
1330 3339 1418 3368 037,-

1397 2361 1523 2402 ἀδίκως
1552 2359 1637 2412 πρὸς
1655 2364 1749 2410 ἡμᾶς
1776 2360 2050 2412 ἀπεχθάνονται,
2071 2362 2148 2398 ἀλλ’
2173 2363 2283 2400 ἐκεῖνο
2302 2364 2416 2414 μόνον,

1396 2421 1488 2464 ὅπως
1509 2437 1599 2472 μνκε
1592 2421 1726 2459 ’τικαθ
1743 2425 1842 2472 ἡμων
1862 2422 2086 2473 εχθραίνοιεν.
2102 2422 2170 2460 Και
2186 2423 2253 2476 γὰρ
2269 2429 2287 2463 ὁ
2302 2425 2417 2477 ἰατρὸς
2468 2439 2470 2443 ’

1396 2490 1496 2524 τοῦτο
1517 2491 1659 2529 σκοπεῖ,
1695 2484 1787 2528 ὅπως
1820 2484 2029 2529 ἀπαλλάξειε
2057 2501 2116 2523 του
2141 2487 2336 2537 νοσήματος
2359 2489 2416 2527 τὸν

1397 2548 1550 2597 χάυ-νΟἮ
1555 2564 1593 2593 α,
1613 2561 1674 2584 Ουχ
1704 2548 1734 2583 δῖ
1760 2545 1920 2593 Οῑκαί(θ)ς,
1940 2546 1962 2592 ἢ
1983 2547 2110 2589 ἀῦῑκ(1)ς
2137 2546 2201 2593 τὴν
2223 2549 2374 2600 ἀρρ0)σ”“ῑ
2367 2565 2417 2586 -αν

1397 2612 1509 2661 ἑαυτῷ
1527 2624 1568 2645 ει
1545 2608 1731 2646 τεσπάσατ
1735 2622 1762 2644 0.
1793 2608 1862 2645 Καὶ
1891 2623 1932 2644 συ
1956 2608 2067 2646 τοίνυν
2097 2609 2211 2661 ἷατρος
2238 2614 2268 2647 εἰ
2285 2615 2344 2648 mu
2363 2612 2419 2650 λε-

1398 2670 1612 2716 λυπηκότος·
1635 2669 1669 2706 ἓι
1697 2669 1760 2715 ζη-
1750 2685 1793 2707 ει
1814 2668 1930 2718 μόνον,
1961 2669 2054 2712 ὅπως
2083 2672 2185 2707 αυτοῦ
2215 2671 2275 2718 τὴν
2304 2675 2417 2726 ἀρρυ-

1401 2733 1500 2771 στίαν
1533 2732 1667 2783 ἀνέὶῃς.
1702 2731 1751 2769 O
1782 2746 1839 2768 και
1858 2733 1901 2767 ι’ὃ
1928 2731 2096 2785 μακάριος
2127 2736 2223 2775 οὗτος
2255 2734 2420 2781 ἐποίησε,

1401 2811 1445 2833 πΞ
1448 2794 1522 2832 νίαν
1542 2795 1603 2831 ἀν’.
1609 2810 1618 2830 t
1635 2806 1683 2830 π]
1686 2807 1797 2838 Ουτθυ,
1820 2792 1967 2843 ΞρΤμίαν
1995 2793 2071 2830 ἀν’-1.
2097 2807 2279 2846 παῒρῑΟΟς,
2299 2795 2421 2838 πόνους
2468 2790 2471 2797 ⁴

1403 2856 1462 2895 καὶ
1482 2854 1656 2897 κινδύνους
1671 2854 1744 2891 ἀντὶ
1762 2857 1890 2906 τρυφῆς
1907 2854 1966 2892 καὶ
1987 2854 2103 2897 ἀδείας
2115 2884 2124 2901 ,
2146 2855 2257 2906 φυγὴν
2278 2858 2419 2902 διηνεκῆ

1405 2917 1481 2955 ἀντὶ
1498 2919 1560 2962 τῆς
1576 2916 1662 2954 οἴκοι
1683 2919 1788 2966 μον-ἧς
1808 2915 1986 2966 ἑλόμενος,
2013 2914 2068 2953 ἵνα
2088 2918 2214 2954 ἐκεῖνον
2238 2917 2420 2968 ἀπαλλάξῃ

1405 2982 1468 3024 vi<
1494 2979 1578 3030 πρὸς
1603 2978 1724 3015 ἑαυτὸν
1756 2977 1943 3029 ἀπεχθείας
1971 2977 2029 3014 καὶ
2057 2977 2194 3030 ἔχθρας.
2214 2978 2304 3017 Ἀλλ’
2327 2981 2421 3018 οὐδὲν

1406 3041 1482 3079 οὐδὲ
1504 3039 1611 3083 οὕτως
1632 3040 1812 3091 ἐκέρδανεν
1833 3043 1850 3076 ὁ
1870 3039 2003 3086 Σαοὺλ,
2027 3039 2102 3077 ἀλλ’
2125 3039 2246 3078 ἐδίωκε
2263 3042 2321 3078 καὶ
2336 3056 2421 3079 παν-

1405 3108 1514 3155 ταχοῦ
1532 3102 1667 3154 περι-ᾔει
1685 3104 1796 3149 ζητῶν
1816 3102 1872 3139 τὸν
1900 3101 2092 3147 ἠδικηκότα
2121 3101 2183 3151 μὲν
2215 3102 2322 3149 οὐδὲν,
2347 3103 2421 3140 ἀδι-

1406 3165 1554 3212 κηθέντα
1570 3164 1605 3202 δὲ
1625 3163 1668 3201 τὰ
1693 3165 1846 3216 ἔσχατα,
1870 3162 1928 3200 καὶ
1949 3162 2054 3215 μυρία
2074 3162 2176 3200 αὐτὸν
2199 3163 2275 3201 ἀντὶ
2294 3163 2422 3202 τούτων
2463 3181 2466 3183 “

1411 3226 1602 3273 ποιήσαντα
1624 3228 1755 3277 ἀγαθά·
1777 3225 1834 3262 καὶ
1868 3225 1926 3261 οὐκ

1391 3358 1428 3373 .,,

1959 3224 2080 3270 swan,
2108 3226 2154 3267 εἷς
2188 3224 2274 3262 αὐτὰ
2304 3224 2420 3263 λοιπὸν

2485 2246 2504 2274 ἰ
2487 2123 2505 2212 L...-
2499 2059 2505 2080 -
2500 2010 2505 2019 ⁴
