2516 3791
695 202 752 231 DE
789 201 956 231 DAVIDE
994 201 1051 231 ET
1085 200 1226 232 SAULE
1263 202 1448 234 ΙΙΟΜΙΙᾸᾸ
1489 205 1552 234 ΙΙΙ.
2055 194 2144 257 897

100 282 190 335 βίαις
204 284 262 322 τὸν
278 283 417 322 ἅπαντα
438 282 561 336 χρόνον
581 283 772 330 ἀνήλωσεν.
798 283 961 331 Ἀνῆλθον
975 284 1126 336 ἀμφότε-

97 359 148 397 ροι
170 343 426 396 προσεύξασθαι
443 346 491 386 εἰς
509 344 549 382 τὸ
567 344 671 397 ἱερόν.
692 339 782 384 Εἶτα
800 348 927 389 ἐκεῖνος
947 344 1030 389 στὰς
1047 344 1122 383 ἔλε-

95 421 172 456 γεν·
202 407 414 458 Εὐχαριστῶ
434 421 500 452 σοι,
519 405 642 457 Κύριε,
663 405 716 445 ὅτι
730 408 792 445 οὐκ
810 406 881 457 εἰμὶ
894 408 940 448 ὡς
957 408 988 444 οἱ
1008 405 1122 468 λοιποὶ

93 469 162 506 τῶν
184 465 389 518 ἀνθρώπων,
408 466 574 518 ἅρπαγες,
594 466 813 512 πλεονέκται,
837 468 906 505 οὐδ’
925 469 972 510 ὡς
991 469 1087 510 οὗτος
1104 469 1122 504 ὁ

94 526 257 574 τελώνης.
291 527 336 566 ‘O
357 526 392 566 δὲ
410 526 563 575 τελώνης
582 527 758 581 πόρ’ῥωθεν
780 527 890 572 ἑστὼς
906 558 915 575 ,
937 530 999 567 οὐκ
1017 527 1120 566 ἀνθύ·
1158 529 1167 539 '

93 587 231 640 ὅρισεν,
262 590 325 626 οὐκ
352 588 634 641 ἀντελοιδόρησεν
647 619 656 634 ,
688 590 751 627 οὐκ
775 583 849 628 εἶπε
866 592 978 628 ταῦτα
991 587 1035 627 τὰ
1053 590 1122 627 τῶν

91 651 229 688 πολλῶν
255 649 414 702 ῥήματα·
445 649 485 690 σὺ
519 650 554 688 δὲ
580 652 712 704 τολμᾷς
739 654 799 690 τοῦ
820 653 904 703 ἐμοῦ
923 653 1123 702 μεμνῆσθαι

93 710 184 762 βίου,
205 711 434 750 ε’πιλαῧέσθαι
451 711 487 751 δὲ
502 714 571 752 τῶν
587 713 666 763 ἐμοὶ
682 712 959 764 πεπραγμένιι)ν;
987 714 1041 750 Οὐ
1055 712 1122 765 γάρ

93 772 164 823 εἶμί
185 788 245 811 σου
264 773 431 824 βελτίων,
447 773 549 812 Εἴπω
563 774 608 812 τά
626 789 680 812 σοι
697 772 1044 825 πεπλημμελημένα,
1063 773 1122 811 καὶ

89 834 230 881 ποιήσω
273 834 452 886 μηδέποτέ
479 851 517 874 σε
547 838 615 874 τῶν
653 838 754 887 ἱερῶν
788 835 919 874 τούτων
957 835 1123 883 ἐπιὸἧναι

89 897 285 948 προθύρων.
310 896 422 935 Οὐδὲν
441 896 571 935 τούτων
592 889 667 934 εἶπε
687 899 755 934 τῶν
775 899 920 950 ψυχρῶν
942 896 1122 949 ῥημάτων,

90 957 111 995 ἃ
131 957 210 996 καθ’
229 956 380 1005 ἑκάστην
401 957 538 1010 ἡμέραν
563 958 736 1004 ἀλλήλους
753 958 940 1003 πλύνοντες
959 958 1121 1012 λέγομεν·

89 1017 181 1057 ἀλλὰ
212 1021 347 1071 πικρῶς
378 1019 542 1064 στενάξας
570 1018 630 1057 καὶ
648 1019 805 1065 πατάξας
826 1021 867 1059 τὸ
887 1024 1011 1068 στῆθος
1026 1051 1035 1069 ,
1061 1035 1121 1058 το-

89 1085 210 1119 σοῦτον
234 1075 309 1119 εἷπε
330 1079 446 1132 μόνον,
464 1080 646 1127 Ἱλάσθητί
667 1096 727 1132 μοι
742 1084 792 1133 τῷ
814 1082 1035 1134 ἁμαρτωλῷ,
1061 1081 1120 1120 καὶ

87 1145 239 1189 κατῆλθε
273 1142 552 1194 δεδικαιωμένος.
597 1137 698 1186 Εἶδες
732 1143 839 1196 τάχος
855 1161 864 1192 ;
899 1143 1120 1188 Κατεδέξατο

86 1204 236 1252 ὄνειδος,
264 1204 324 1242 καὶ
343 1204 537 1257 ἀπενίψατο
561 1204 689 1249 ὄνειδος
705 1220 713 1228 ·
739 1205 874 1258 ἐπέγνω
894 1205 939 1244 τὰ
959 1205 1119 1259 ἁμαρτή-

89 1280 199 1316 ματα,
218 1265 278 1303 καὶ
299 1264 448 1304 ἀπέθετο
466 1264 510 1303 τὰ
528 1265 790 1317 ἁμαρτήματα’
808 1266 867 1305 καὶ
886 1269 908 1313 ἡ
927 1267 1120 1319 κατηγορία

85 1328 149 1372 τῆς
166 1326 340 1379 ἁμαρτίας
360 1327 497 1379 γέγονεν
521 1327 696 1380 ἀναίρεσις
722 1330 785 1374 τῆς
805 1327 980 1382 ἁμαρτίας
995 1356 1004 1374 ,
1024 1329 1083 1367 καὶ
1102 1333 1121 1368 ὁ

88 1388 210 1442 ἐχθρὸς
229 1389 322 1427 ἄκων
347 1388 528 1440 εὐεργέτης
547 1388 749 1428 καθίστατο.
769 1389 872 1428 Πόσα
890 1389 958 1444 γὰρ
975 1390 1044 1428 ἔδει
1060 1407 1120 1429 κα-

87 1456 165 1501 μεῖν
193 1450 250 1489 τὸν
277 1450 432 1497 τελώνην
454 1449 679 1497 νηστεύοντα,
706 1456 969 1503 χαμευνοῦντα,
1007 1454 1118 1506 ἀγρυ-

85 1513 240 1548 πνοῦντα
253 1540 263 1559 ,
311 1509 356 1548 τὰ
394 1510 478 1548 ὄντα
511 1515 583 1554 τοῖς
615 1509 790 1561 δεομένοις
824 1510 1027 1563 παρέχοντα
1039 1542 1049 1560 ,
1083 1513 1118 1550 ἐν

84 1572 204 1625 σποδῷ
237 1571 296 1610 καὶ
324 1570 446 1624 σάκκῳ
471 1570 668 1622 καθήμενον
697 1573 733 1609 ἐν
761 1572 883 1624 πολλῷ
910 1575 960 1625 τῷ
988 1572 1117 1627 χρόνῳ,

83 1631 175 1671 ὥστε
204 1633 392 1679 δυνηθῆναι
418 1631 464 1670 τὰ
489 1631 732 1684 ἁμαρτήματα
761 1633 953 1672 ἀποθέσθαι
976 1636 1113 1682 ἐκεῖνα;

83 1693 154 1732 Καὶ
183 1697 241 1732 νῦν
274 1693 370 1732 οὐδὲν
397 1692 527 1732 τούτων
557 1693 732 1741 ποιήσας,
761 1693 818 1732 διὰ
836 1695 938 1747 ψιλοῦ
962 1694 1117 1749 ῥήματος

83 1762 200 1794 πᾶσαν
218 1754 367 1794 ἀπέθετο
379 1754 443 1801 τὴν
459 1753 584 1792 κακίαν
596 1770 603 1777 ·
621 1754 679 1793 καὶ
694 1754 738 1793 τὰ
752 1755 865 1802 ὀνείδη
879 1755 939 1793 καὶ
952 1759 988 1794 αἱ
1003 1757 1114 1796 λοιδο-

85 1816 155 1869 ρίαι
185 1820 246 1854 τοῦ
271 1816 430 1860 δόξαντος
459 1815 560 1853 αὐτὸν
585 1815 737 1868 ὑδρίζειν
757 1815 926 1870 στέφανον
948 1820 1042 1871 αὐτῷ
1063 1819 1114 1857 δι·

83 1877 270 1924 καιοσύνης
289 1878 470 1928 ἐκόμισαν,
490 1877 599 1930 χωρὶς
614 1877 769 1930 ἱδρώτων
783 1909 793 1927 ,
821 1878 881 1917 καὶ
897 1878 1031 1928 πόνων,
1051 1880 1112 1919 καὶ

81 1938 206 1994 χρόνου
242 1943 389 1991 μακροῦ.
423 1938 532 1991 “Ορ’ᾄς
551 1938 604 1976 ὅτι
629 1938 694 1977 κᾶν
715 1940 827 1987 ἀληθῆ
853 1956 905 1983 τις
923 1939 1008 1993 λέγῃ
1030 1941 1110 1994 περὶ

80 2004 196 2052 ἡμῶν,
207 2000 270 2039 κᾶν
286 2005 431 2039 τοιαῦτα
447 2001 536 2052 ἅπερ
550 2004 653 2051 ἡμεῖς
667 2003 800 2046 ἑαυτοῖς
816 2002 993 2054 σύνισμεν,
1008 2007 1110 2054 ἡμεῖς

81 2062 118 2101 δὲ
139 2061 198 2100 τὸν
227 2062 374 2112 λέγοντα
403 2061 451 2113 μὴ
472 2062 684 2114 ὑδρίσωμεν,
706 2062 797 2101 ἀλλὰ
814 2064 1032 2116 στενάξωμεν
1050 2081 1108 2104 πι-

80 2123 162 2176 κρὸν
177 2155 187 2172 ,
219 2123 278 2161 καὶ
307 2125 364 2163 τὸν
386 2123 476 2162 Θεὸν
510 2123 597 2175 ὑπὲρ
617 2127 685 2162 τῶν
705 2124 971 2176 ἁμαρτημάτων
991 2142 1108 2177 παρα-

80 2184 303 2236 καλέσωμεν,
332 2184 447 2223 πάντα
469 2185 688 2237 δυνησόμεθα
709 2187 900 2226 ἀποθέσθαι
919 2187 963 2226 τὰ
980 2191 1107 2240 πλημ-

81 2247 269 2298 μελήματα
285 2262 294 2293 ;
330 2246 436 2285 Οὕτω
455 2250 536 2299 γοῦν
556 2246 615 2285 καὶ
635 2241 732 2291 οὗτος
751 2249 939 2298 ἐδικαιώθη
956 2267 963 2275 ·
985 2251 1105 2298 ἐπειδὴ

79 2307 146 2360 γὰρ
162 2310 222 2346 οὐκ
242 2307 449 2359 ἀνθύὲρισεν
466 2310 593 2346 ἐκεῖνον
606 2336 616 2354 ,
635 2308 714 2347 ἀλλ’
731 2308 910 2355 ἐστέναξεν
930 2311 1019 2365 ὑπὲρ
1036 2315 1105 2351 τῶν

80 2369 214 2408 οἰκείων
243 2370 509 2421 ἁμαρτημάτων
525 2399 535 2417 ,
555 2372 709 2417 κατῆλθε
731 2371 998 2424 δεδικαιωμένος
1018 2376 1107 2426 μᾶλ-

82 2431 142 2467 λον
165 2423 273 2479 οὗτος,
295 2430 317 2476 ἢ
338 2432 476 2476 ἐκεῖνος.

130 2934 238 2987 Ὁρᾷς
265 2936 344 2973 ὅσον
374 2937 448 2988 ἔχει
470 2937 589 2989 κέρδος
611 2943 633 2986 ἡ
653 2943 721 2980 τῶν
741 2944 873 2995 ἐχθρῶν
893 2942 1012 2995 ὅὸρις,
1044 2943 1102 2981 ἐὰν

78 2995 273 3047 φιλοσόφως
298 2996 406 3043 αὐτὴν
431 2997 610 3051 φέρωμεν;
627 2999 741 3039 ”Οταν
760 3008 839 3054 γοῦν
856 3004 917 3042 καὶ
935 3003 1103 3055 ψευδόμε-

1196 302 1229 330 et
1261 293 1478 346 publicanus
1504 304 1620 342 erant,
1649 308 1802 346 quorum
1836 295 1895 334 liic
1924 298 2068 348 quidem
2100 299 2146 337 ad

1195 369 1371 393 summam
1399 370 1606 408 progressus
1626 366 1701 396 crat
1727 357 1917 406 malitiam,
1939 358 2028 397 alter
2045 374 2146 398 snm-

1196 429 1289 454 mam
1306 418 1702 471 exercelmtjustitiam,
1723 429 1762 458 ut
1780 419 1841 471 qui
1864 420 2048 459 facultates
2068 437 2148 459 suas

1194 486 1369 529 erogaret,
1389 478 1802 532 assiduequejejunarct,
1822 494 1934 534 purus
1949 495 1969 518 a
1984 483 2119 534 rapinis
2139 499 2147 519 z

1194 548 1315 577 contra
1343 539 1433 578 alter
1449 539 1484 577 in
1499 540 1635 593 rapinis
1653 556 1694 580 ac
1708 542 1887 582 violentiis
1907 543 1990 581 vita·
2011 553 2148 596 tempus

1194 614 1298 638 omne
1317 612 1571 641 consumserat.
1598 604 1714 642 Ambo
1737 604 1970 643 ascenderunt
1998 605 2031 643 in
2059 615 2148 644 tem-

1194 661 1296 714 plum
1315 662 1440 700 orandi
1458 664 1584 714 gratia.
1606 664 1669 702 llle
1682 674 1776 703 stans
1801 664 1941 704 dicebat
1959 682 1967 703 :
1987 667 2148 706 Gratias
2162 677 2344 708 Luc.18.11.

1193 737 1267 776 ago
1298 726 1381 774 tibi,
1410 725 1592 771 Domine,
1618 728 1802 778 quoniam
1832 741 1910 764 non
1939 742 2023 766 sum
2048 732 2146 767 sicut
2166 726 2212 747 ¹²·

1193 789 1322 824 caeteri
1349 787 1538 834 homines,
1558 802 1738 840 rapaces,
1755 792 1881 839 avari,
1899 805 2022 843 neque
2038 792 2148 830 velut

1193 847 1256 885 hic
1285 849 1533 899 publicanus.
1569 852 1615 887 At
1651 849 1867 902 publicanus
1897 852 2022 903 procul
2053 861 2150 891 stans

1193 922 1262 946 non
1278 910 1425 961 regessit
1447 909 1721 959 contumeliam,
1742 924 1856 962 neque
1876 912 2034 951 vicissim
2053 913 2148 951 dixit

1193 970 1414 1021 convicium,
1440 986 1510 1010 non
1541 972 1691 1025 protulit
1724 972 1789 1010 ista
1820 973 1984 1025 vulgaria
2011 975 2146 1014 verba:

1193 1032 1297 1070 Tune
1315 1032 1424 1072 audes
1439 1048 1525 1072 meae
1541 1033 1623 1072 vitae
1641 1033 1855 1072 mentionem
1868 1036 1982 1073 facere
2000 1051 2148 1088 meaque

1190 1094 1283 1133 sacta
1300 1095 1582 1148 reprehendere?
1600 1098 1726 1135 Annon
1754 1112 1834 1137 sum
1855 1107 1889 1137 te
1908 1100 2058 1139 melior?
2078 1102 2147 1139 Re-

1191 1155 1301 1194 feram
1321 1165 1379 1195 tua
1401 1167 1564 1210 peccata,
1586 1158 1740 1210 saxoque
1765 1173 1808 1198 ne
1828 1175 1996 1212 umquam
2016 1162 2050 1200 in
2071 1163 2148 1200 lia-c

1191 1231 1289 1256 sacra
1314 1219 1529 1258 conscendas
1555 1220 1658 1258 atria.
1684 1221 1806 1271 Nihil,
1835 1222 2005 1274 inquam,
2029 1224 2147 1263 istius-

1190 1279 1288 1317 modi
1304 1280 1519 1332 srigidorum
1532 1281 1724 1320 verborum
1740 1283 1910 1334 loquutus
1921 1294 1972 1323 est
1985 1285 2148 1338 publica-

1189 1355 1271 1391 nus,
1290 1343 1424 1393 quibus
1450 1344 1587 1381 utimur
1616 1344 1776 1394 quotidie
1798 1359 1860 1384 nos
1884 1356 2010 1385 mutuo
2026 1349 2147 1387 convi-

1189 1402 1255 1441 ciis
1269 1414 1513 1456 aspergentes;
1532 1404 1594 1442 sed
1613 1419 1733 1443 amare
1755 1407 1937 1459 suspirans
1955 1418 2148 1461 pectusque

1188 1464 1407 1516 percutiens,
1436 1465 1505 1503 hoc
1532 1474 1673 1504 tantum
1699 1466 1815 1516 dixit,
1843 1470 2041 1521 Propitius
2065 1481 2145 1510 esto
2161 1484 2346 1513 1l11'd.v.13.

1188 1527 1285 1563 mihi
1299 1530 1512 1578 peccatori,
1531 1536 1565 1565 et
1583 1526 1767 1566 descendit
1778 1529 2011 1581 justificatus.
2032 1532 2145 1572 Vides

1187 1587 1428 1626 celeritatem?
1453 1589 1601 1641 Accepit
1635 1589 1822 1641 probrum,
1855 1600 1889 1629 et
1916 1592 2031 1631 abluit
2061 1609 2143 1646 pro-

1189 1647 1317 1699 brum,
1339 1649 1485 1702 agnovit
1506 1659 1669 1703 peccata,
1691 1661 1725 1689 et
1740 1650 1905 1705 deposuit
1924 1664 2066 1706 peccata
2084 1671 2092 1692 :
2108 1666 2141 1695 et
2221 1666 2345 1695 Accusa-

1185 1710 1377 1750 criminum
1407 1712 1584 1750 accusatio
1608 1713 1699 1751 sacta
1721 1723 1772 1751 est
1798 1714 1852 1752 illi
1872 1716 2062 1756 criminum
2084 1734 2139 1758 re·
2155 1707 2194 1734 ¹³⁰
2209 1710 2344 1778 rjfflissffl

1185 1772 1328 1822 missio,
1349 1782 1383 1811 et
1400 1773 1513 1812 hostis
1541 1774 1692 1812 insciens
1717 1776 1832 1814 sactus
1865 1787 1916 1816 est
1947 1778 2137 1820 beneficus.
2154 1791 2297 1819 criminis.

1186 1833 1284 1880 Quot
1295 1832 1436 1871 labores
1451 1842 1549 1871 erant
1561 1833 1754 1886 publicano
1770 1835 1963 1887 subeundi,
1975 1838 2139 1890 jejunan-

1182 1892 1244 1943 do,
1259 1893 1362 1932 humi
1373 1894 1603 1944 dormiendo,
1620 1895 1820 1947 vigilando,
1838 1897 1931 1936 bona
1944 1913 2006 1937 sua
2021 1902 2139 1952 egenis

1181 1955 1439 2009 impartiendo,
1466 1957 1573 2009 longo
1594 1966 1754 2010 tempore
1774 1958 1812 1997 in
1841 1974 1941 1999 sacco
1963 1972 1996 2000 et
2022 1963 2138 2003 cinere.

1181 2017 1353 2068 sedendo,
1373 2027 1412 2056 ut
1426 2018 1487 2057 illa
1506 2028 1580 2057 tam
1599 2020 1710 2058 multa
1728 2030 1870 2073 peccata
1885 2034 2002 2075 posset
2021 2025 2135 2079 depo—

1181 2080 1290 2118 nere?
1310 2081 1356 2118 At
1374 2094 1470 2118 nunc
1489 2094 1569 2118 cum
1595 2080 1687 2118 nihil
1712 2081 1783 2119 tale
1810 2082 1955 2135 fecerit,
1978 2086 2135 2139 simplici

1180 2137 1289 2177 verbo
1317 2153 1459 2177 omnem
1479 2138 1644 2192 deposuit
1669 2139 1895 2191 iniquitatem
1916 2159 1923 2178 :
1945 2158 1985 2183 ac
2004 2147 2134 2198 probra

1181 2199 1410 2252 conviciaque
1417 2199 1588 2238 Pharisaei
1593 2230 1604 2250 ,
1619 2200 1683 2251 qui
1695 2200 1887 2242 videbatur
1899 2204 2003 2243 illum
2014 2218 2135 2246 contu-

1179 2261 1285 2300 melia
1312 2262 1468 2311 afficere,
1490 2261 1544 2299 illi
1563 2272 1776 2314 pepererunt
1787 2264 1936 2316 justitiae
1956 2281 2134 2319 coronam,

1178 2322 1286 2375 idque
1307 2322 1383 2361 sine
1403 2321 1611 2370 sudoribus,
1633 2323 1709 2362 sine
1730 2324 1929 2377 laboribus,
1949 2337 1983 2366 et
2003 2330 2136 2382 absque

1177 2385 1277 2437 longi
1296 2384 1468 2438 temporis
1487 2398 1598 2422 mora.
1621 2385 1779 2425 Videsne
1797 2401 1874 2439 nos,
1899 2389 2037 2429 etiamsi
2056 2393 2136 2443 quis

1177 2461 1262 2486 vera
1281 2446 1326 2485 de
1347 2446 1452 2485 nobis
1482 2446 1665 2499 praedicet,
1687 2463 1841 2499 quorum
1863 2465 1926 2489 nos
1946 2452 2015 2504 ipsi
2034 2454 2134 2493 nobis

1177 2509 1308 2548 conscii
1318 2508 1443 2558 simus,
1457 2509 1524 2546 ista
1534 2523 1619 2548 vero
1632 2509 1885 2561 praedicantem
1898 2526 1966 2551 non
1975 2513 2132 2553 vicissim

1177 2570 1438 2623 impetierimus
1455 2569 1669 2619 maledictis,
1692 2570 1754 2609 scd
1769 2586 1888 2610 amare
1902 2573 2133 2626 ingemiscen-

1177 2641 1246 2681 tes,
1266 2633 1382 2671 Deum
1401 2646 1468 2684 pro
1491 2630 1631 2669 delictis
1650 2633 1781 2671 nostris
1801 2633 2129 2687 imploraverimus,

1175 2692 1295 2732 omnia
1324 2701 1467 2745 peccata
1497 2691 1673 2746 deponere
1708 2695 1842 2747 posse?
1865 2696 1940 2735 Hoc
1969 2709 2072 2751 pacto
2098 2710 2130 2739 et

1176 2755 1235 2793 hic
1252 2754 1470 2807 justificatus
1496 2763 1547 2792 est
1571 2771 1578 2791 :
1599 2755 1768 2806 quoniam
1796 2757 1891 2796 enim
1910 2759 2128 2800 Pharis-‘enm

1176 2830 1245 2854 non
1270 2816 1368 2854 ultus
1397 2825 1448 2854 est
1476 2816 1664 2867 conviciis,
1695 2817 1758 2855 sed
1783 2833 1848 2870 pro
1876 2820 1950 2858 suis
1976 2824 2129 2881 peccatis

1176 2877 1361 2929 ingemuit,
1374 2877 1558 2916 descendit
1579 2878 1789 2928 justificatus
1805 2894 1876 2932 prae
1893 2881 1967 2921 illo.

1229 2939 1264 2977 5.
1293 2938 1408 2978 Vides
1429 2947 1603 2989 quantum
1628 2939 1754 2977 afferat
1774 2941 1940 2981 utilitatis
1966 2943 2125 2983 inimico·

1175 3014 1255 3037 rum
1291 2999 1542 3051 exprobratio,
1574 2999 1602 3037 si
1634 2999 1740 3038 modo
1770 3015 1847 3040 eam
1876 3003 2126 3057 philosophico

74 3070 126 3093 ⁹0²
162 3056 222 3093 καὶ
253 3057 479 3105 ἀληοῐύῡνῗες
519 3062 614 3109 ’ἡμᾶς
643 3062 825 3113 ὠφελῶσι,
858 3065 948 3108 τίνος
985 3063 1101 3102 ἕνεκεν
1114 3094 1160 3118 775
1174 3060 1424 3113 pertulerimus
1434 3060 1582 3098 animo?
1616 3060 1702 3099 mod
1717 3061 1747 3100 si
1761 3064 2009 3103 etmentientes
2023 3076 2055 3104 et
2071 3081 2126 3104 ve—

75 3117 270 3166 ἀλγοῦμεν,
288 3118 380 3162 τίνος
393 3119 507 3158 ἕνεκεν
528 3120 748 3172 δακνόμεθα,
770 3122 830 3162 Ἂν
848 3125 896 3175 μὴ
913 3125 955 3164 σὺ
973 3125 1099 3163 σαυτὸν
1123 3132 1147 3160 Α
1173 3136 1210 3159 ra
1222 3122 1404 3172 loquentes
1418 3120 1519 3159 nobis
1529 3123 1932 3173 prosunt,quamobrem
1945 3125 2125 3164 dolemus?

74 3176 324 3230 παραῧλάψης,
348 3181 527 3232 ἄνθρωπε,
553 3181 631 3220 οὔτε
654 3182 763 3234 φίλος,
785 3184 856 3222 οὔτ’
876 3186 1008 3238 ἐχθρὸς,
1027 3185 1099 3223 οὔτ’

74 3237 174 3280 αὐτός
205 3254 242 3276 σε
271 3242 288 3277 ὁ
319 3240 478 3286 διοίὸολος
497 3242 731 3295 παραῧλάψαι
753 3245 950 3291 δυνήσεται.
983 3246 1098 3285 “Οταν

73 3298 139 3349 γὰρ
162 3302 193 3337 οἱ
213 3299 427 3352 ὓίῗρίζοντες,
450 3305 481 3341 οἱ
501 3303 723 3352 δημεύοντες,
746 3309 776 3344 οἱ
801 3307 906 3359 μέχρι
923 3309 986 3353 τῆς
1010 3310 1098 3353 ζωῆς

74 3359 180 3405 αὐτῆς
214 3362 491 3407 Ξπιῧουλεύοντες
525 3365 704 3416 ὠφελῶσιν
740 3370 853 3416 ἡμᾶς,
889 3369 947 3406 καὶ
976 3371 1006 3405 οἱ
1035 3369 1096 3417 μὲν

75 3421 262 3471 μαρτυρίου
285 3423 452 3475 στέφανον
478 3428 560 3474 ἡμῖν
588 3426 761 3474 πλέκωσι,
783 3429 941 3480 καθάπερ
958 3430 1094 3467 ἀπεδεί-

1173 3197 1281 3234 quam
1306 3182 1353 3220 ob
1377 3196 1518 3220 causam
1547 3182 1711 3236 urimur?
1734 3185 1778 3221 Ni
1804 3185 1955 3237 teipsum
1978 3186 2125 3231 laseris,

1174 3243 1328 3287 elwino,
1347 3257 1457 3294 neque
1481 3243 1630 3292 amicus,
1653 3257 1765 3295 neque
1791 3245 1967 3291 inimicus,
1989 3260 2030 3283 ne
2051 3247 2124 3299 ips«-

1173 3303 1319 3355 quidem
1340 3303 1507 3341 diabolus
1530 3305 1658 3356 poterit
1675 3313 1708 3342 tc
1727 3304 1861 3342 lxi-dere.
1883 3304 2021 3343 Etenim
2043 3321 2122 3344 cuni

1173 3376 1203 3403 et
1224 3365 1246 3403 ii
1264 3366 1324 3417 qui
1343 3380 1403 3403 nos
1419 3365 1643 3403 contumeliis
1658 3366 1830 3409 afliciunt,
1847 3366 1906 3415 qui
1923 3366 2123 3410 traducunt.

1172 3427 1232 3477 qui
1256 3441 1365 3476 usqu(-
1385 3425 1428 3463 ad
1448 3426 1558 3477 ipsius
1580 3426 1658 3463 vit-'e
1678 3425 1866 3464 discrimen
1891 3426 2123 3474 insidiantur,
