2516 3791
661 220 702 250 ΙΝ
740 219 841 249 (ΣᾸΡ.
880 217 1014 248 xvttt.

85 312 199 352 ἕνεκεν
215 310 284 347 τῶν
300 307 420 347 εἴκοσι.
441 305 566 344 Πάντα
583 305 684 356 λόγον
701 301 902 354 ὑπερὸαίνει
922 300 980 338 καὶ
997 306 1113 337 πᾶσαν

86 358 216 412 ἔννοιαν
235 373 256 416 ἡ
274 373 332 408 τοῦ
356 367 535 407 Δεσπότσυ
559 365 742 418 ἀγαθότης.
760 364 824 406 Τίς
842 362 909 415 γὰρ
929 364 1030 413 ἡμῶν
1046 362 1114 398 τῶν

85 435 120 472 ἐν
140 433 236 485 μέσῳ
252 430 384 483 μυρίων
403 432 519 468 κακῶν
536 443 617 479 στρε

84 497 154 533 τῶν
188 495 363 545 ὁμογενῶν
389 493 503 544 ψῆφον
539 489 693 542 ἐκφέρων
729 487 882 539 τοσαύτῃ
914 484 1114 538 χρήσασθαι

85 555 347 608 συγκαταῧάσει
367 553 426 592 καὶ
455 550 720 605 φιλανθρωπία;

139 618 230 656 Ἀλλ’
251 616 346 668 ὅμως
365 618 384 654 ὁ
411 614 540 657 δίκαιος
570 607 667 655 οὗτος
692 613 781 664 ὁρῶν
803 609 862 647 τὸν
879 610 1030 647 πλοῦτον
1046 609 1169 667 τῆςωο
1288 658 1295 665 .
1404 658 1410 664 ·
1656 659 1661 664 ,
1703 659 1708 664 ,
1875 658 1882 665 ‚
2058 657 2063 663 ,
2092 657 2098 663 ,

883 669 973 708 ἀλλὰ
1004 668 1110 707 πάλιν
1133 677 1157 705 Α
1187 667 1328 696 mentia:
1347 660 1412 696 Dei
1430 688 1439 706 ,
1469 673 1537 696 non
1567 658 1751 707 subsistit,
1784 658 1845 697 sed
1872 668 2000 697 iterum
2028 657 2142 695 dicit:

83 684 144 719 τοῦ
179 681 272 718 Θεοῦ
310 675 570 731 φιλανθρωπίας
601 675 668 726 οὐχ
693 673 850 719 ἵσταται,

85 740 190 793 φησί·
207 739 268 786 Μή
291 754 344 783 τι,
364 738 470 790 Κύριε
483 766 493 784 ,
520 736 578 775 ἐὰν
598 734 742 781 λαλήσω
761 733 811 772 ἔτι
831 731 942 779 ἅπαξ;
962 730 1110 776 Ἐπειδὴ

84 802 152 854 γὰρ
167 801 297 853 ἄφατος
318 794 360 847 ἧν
383 802 406 846 ἡ
422 795 664 850 μακροθυμία,
691 794 749 832 διὰ
763 797 866 832 τοῦτο
882 789 1043 834 δεδοικὼς
1063 789 1113 840 μὴ

86 863 145 902 καὶ
164 865 212 905 εἷς
231 861 468 912 ἀγανάκτησιν
487 858 552 905 τὴν
574 858 651 896 κατ’
669 857 773 894 αὐτοῦ
795 854 947 900 κινήσειε
965 852 1024 890 τὸν
1042 867 1115 889 πα-

87 921 355 975 ρακαλούμενον,
375 919 479 973 φησί·
503 918 563 965 Μή
589 934 644 965 τι,
664 916 794 968 Κύριε;
816 914 877 960 Μὴ
894 912 1065 966 προπετές
1081 927 1116 949 τι

84 986 193 1031 ποιῶ;
214 982 263 1033 μὴ
280 979 508 1033 ἀναίσχυντόν
534 995 568 1017 τι
592 977 828 1027 ἐπιδείκνυμι;
859 974 908 1026 μὴ
932 973 1117 1025 καταγνώ-

84 1060 171 1088 σεως
200 1043 292 1088 ἄξιον
322 1048 471 1094 πρᾶγμα
499 1038 784 1092 διαπράττομαι,
808 1036 868 1075 ἐὰν
891 1035 1037 1083 λαλήσω
1066 1037 1117 1074 ἔτι

85 1105 199 1152 ἅπαξ;
218 1103 319 1143 Μετὰ
338 1106 400 1150 τῆς
426 1103 560 1149 πολλῆς
577 1100 712 1146 ἐκείνης
738 1097 952 1150 ἀγαθότητος
967 1097 1018 1135 ἔτι
1036 1095 1119 1148 μίαν

84 1166 216 1210 ἱκεσίαν
235 1165 330 1210 δέξαι
355 1165 438 1217 παρ’
454 1165 553 1214 ἐμοῦ.
573 1163 659 1202 Ἐὰν
675 1162 710 1200 δὲ
732 1163 914 1213 εὑρεθῶσιν
930 1161 1001 1203 ἐκεῖ
1015 1159 1098 1197 δέκα
1112 1175 1121 1206 ;

89 1227 160 1266 Καὶ
193 1220 286 1265 εἶπεν
299 1242 306 1251 ·
340 1227 378 1263 οὐ
409 1225 458 1276 μὴ
490 1224 652 1262 ἀπολέσω
678 1223 791 1262 ἕνεκεν
820 1223 889 1259 τῶν
919 1219 1016 1258 δέκα.
1050 1221 1120 1260 Καὶ

86 1287 209 1335 ἐπειδὴ
226 1287 413 1340 προλαὸὼν
430 1281 540 1333 εἶπεν,
557 1285 639 1323 'tiu
657 1283 750 1328 ἅπαξ
769 1282 931 1329 λαλήσω;
949 1281 1098 1327 Ἀπῆλθε
1110 1312 1119 1329 ,

88 1349 195 1401 φησὶ,
215 1348 361 1400 Κύριος,
381 1351 428 1391 ὡς
452 1346 630 1385 ἐπαύσατο
656 1346 773 1384 λαλῶν
788 1347 837 1396 τῷ
861 1342 1037 1395 Ἁδραάμ·
1059 1341 1118 1380 καὶ

88 1409 247 1462 Ἀδραὰμ
262 1408 477 1460 ὑπέστρεψεν
497 1409 544 1450 εἷς
565 1406 623 1444 τὸν
640 1406 745 1444 τόπον
770 1407 889 1443 αὐτοῦ.
913 1403 1037 1442 Εἴδετε
1056 1406 1117 1441 τοῦ

85 1471 266 1510 Δεσπότου
285 1470 349 1517 τὴν
369 1468 651 1521 συγκατοίὸασιν,
671 1467 778 1505 εἴδετε
805 1470 864 1504 τοῦ
899 1465 1031 1504 δικαίου
1052 1465 1116 1513 τὴν

90 1531 357 1584 φιλοστοργίαν,
376 1532 523 1582 ἐμάθετε
543 1529 606 1577 ὅση
634 1533 656 1576 ἡ
677 1527 777 1581 ἰσχὺς
801 1531 869 1566 τῶν
898 1526 960 1575 τὴν
989 1527 1117 1579 ἀρετὴν

85 1592 390 1645 μετιόντωνςἜὰν
405 1592 472 1645 γὰρ
488 1594 654 1645 εὓρεθῶσι
667 1620 676 1638 ,
689 1591 774 1643 φησὶ
787 1620 795 1635 ,
813 1589 897 1628 δέκα
917 1590 1059 1636 δίκαιοι,
1072 1590 1115 1627 δι’

86 1655 236 1699 ἐκείνους
259 1662 347 1694 πᾶσι
363 1654 426 1701 τὴν
443 1653 666 1706 συγχώρησιν
685 1656 753 1691 τῶν
770 1652 1028 1704 ἡμαρτημένων
1046 1652 1115 1689 δω-

87 1719 230 1767 ροῦμαι.
250 1718 304 1754 Οὐ
329 1717 445 1759 καλῶς
464 1715 595 1766 ἔλεγον,
615 1714 669 1753 ὅτι
697 1718 807 1752 ταῦτα
827 1712 940 1751 πάντα
960 1712 1115 1764 ἐγένετο,

84 1776 142 1815 ἵνα
170 1777 326 1828 μηδεμία
352 1777 592 1822 καταλίπηται
610 1781 681 1820 τοῖς
697 1776 785 1826 μετὰ
801 1778 911 1812 ταῦτα
931 1775 1117 1826 ἀναισχυν-

84 1843 201 1878 τοῦσιν
218 1838 414 1890 ἀντιλογίας
431 1838 571 1890 ἀφορμή
582 1855 590 1885 ;
625 1837 705 1876 Εἰσὶ
731 1837 800 1889 γὰρ
819 1835 942 1874 πολλοὶ
967 1838 1036 1874 τῶν
1053 1852 1117 1887 με-

86 1900 260 1950 μηνότων,
282 1901 477 1939 ἀκόλαστον
496 1901 656 1951 γλῶτταν
680 1897 838 1951 ἔχοντες,
861 1898 920 1935 καὶ
941 1899 1117 1936 αἰτιᾶσθαι

85 1960 288 2012 βουλόμενοι
316 1961 375 1999 καὶ
402 1961 578 2012 λέγοντες·
601 1960 692 2003 τίνος
715 1959 830 1998 ἕνεκεν
846 1959 1043 2011 ἐνεπρήσθη
1073 1958 1117 1997 τὰ

85 2022 245 2072 Σόδομα,
262 2023 304 2061 Εἰ
335 2022 576 2074 μακροθυμίας
592 2022 812 2068 ἀπήλαυσαν,
832 2021 914 2065 ἴσως
946 2021 986 2058 ἂν
1009 2036 1116 2071 μετε-

84 2084 224 2130 νόησαν.
241 2084 310 2122 Διὰ
335 2087 438 2122 τοῦτο
451 2083 602 2122 δείκνυσί
618 2099 672 2121 σοι
697 2087 783 2130 ῧτῆς
808 2082 932 2126 κακίας
950 2082 1014 2129 τὴν
1034 2082 1116 2120 ἐπί-

85 2161 203 2192 τασιν,
225 2146 285 2184 καὶ
307 2145 361 2183 ὅτι
383 2147 418 2183 ἐν
439 2144 592 2197 τοσούτῳ
610 2144 738 2191 πλήθει
758 2144 910 2190 τοσαύτη
929 2138 970 2190 ἦν
992 2143 1117 2187 σπάνις

84 2209 228 2258 ἄρετ’-ῆς,
247 2209 294 2250 ὡς
328 2206 445 2258 ἑτέρου
471 2205 660 2244 κλυδωνίου
690 2205 846 2244 τοιούτου
865 2206 1017 2250 δεῖσθαι,
1045 2199 1116 2243 οἷον

82 2268 250 2320 πρότερον
275 2266 447 2305 κατέλαὸε
463 2266 527 2313 τὴν
547 2266 763 2317 οἰκουμένην.
781 2266 872 2305 Ἀλλ’
892 2265 1011 2313 ἐπειδὴ
1032 2264 1117 2304 ὑπό-

86 2328 206 2381 σχεσίς
221 2330 296 2367 ἐστι
318 2331 378 2366 τοῦ
399 2330 509 2373 Θεοῦ,
537 2327 628 2366 ὥστε
653 2327 779 2378 μηκέτι
802 2327 967 2374 τοιαύτην
995 2328 1115 2365 ἐπενε-

82 2392 210 2443 χθῆναι
232 2389 419 2442 τιμωρίαν,
448 2390 504 2428 διὰ
532 2395 634 2428 τοῦτο
656 2389 773 2443 ἕτερον
794 2389 922 2442 τρόπον
946 2387 1116 2441 τιμωρίας

82 2451 227 2503 ἐπάγει,
246 2455 332 2502 ὁμοῦ
355 2451 534 2495 κάκείνους
560 2451 627 2490 ὑπὸ
644 2451 708 2499 τὴν
734 2451 904 2503 τιμωρίαν
921 2451 1015 2502 ἄγων
1027 2480 1036 2498 ,
1056 2448 1117 2488 καὶ

84 2519 156 2556 τοῖς
175 2513 253 2559 ἑξῆς
270 2513 381 2551 ἅπασι
409 2513 550 2559 διηνεκῆ
576 2512 640 2559 τὴν
659 2512 884 2551 διδασκαλίαν
911 2511 1116 2564 παρεχόμε-

81 2590 149 2618 νος.
165 2573 311 2621 Ἰίπειδὴ
334 2574 401 2626 γὰρ
418 2573 607 2627 ἀνέτρεψαν
635 2574 714 2618 τοὺς
728 2577 790 2621 τῆς
810 2573 944 2627 φύσεως
963 2573 1088 2624 νόμους
1105 2603 1115 2621 ,

83 2637 142 2674 καὶ
159 2636 254 2681 ξένας
269 2637 327 2674 καὶ
347 2636 569 2688 παρανόμους
584 2636 776 2684 ἐπενόησαν
793 2636 903 2687 μίξεις
914 2667 923 2683 ,
945 2635 1001 2673 διὰ
1015 2640 1116 2675 τοῦτο

83 2698 174 2742 ξένον
194 2698 366 2750 τιμωρίας
384 2698 442 2736 τὸν
462 2697 590 2751 τρόπον
612 2697 769 2750 ἐπήγαγε
786 2728 796 2746 ,
819 2697 875 2736 διὰ
893 2697 957 2745 τὴν
975 2697 1116 2735 ἐκείνων

82 2759 302 2811 παρανομίαν
330 2758 388 2797 καὶ
403 2761 467 2805 τῆς
483 2761 547 2810 γῆς
567 2758 629 2807 τὴν
655 2759 810 2812 γαστέρα
842 2758 1012 2810 πηρώσας
1025 2787 1035 2804 ,
1056 2760 1115 2798 καὶ
1137 2767 1162 2796 D

83 2819 286 2858 καταλιπὼν
306 2820 498 2870 ὑπόμνημα
516 2821 670 2867 διηνεκὲς
699 2828 775 2865 ταῖς
801 2821 890 2872 μετὰ
918 2823 1031 2859 ταῦτα
1053 2836 1116 2872 γε-

84 2886 195 2925 νεαῖς,
215 2879 306 2918 ὥστε
332 2880 381 2930 μὴ
402 2887 473 2925 τοῖς
506 2883 620 2925 αὐτοῖς
654 2883 856 2935 ἐπιχειρεῖν,
877 2881 933 2919 ἵνα
964 2881 1013 2932 μὴ
1044 2888 1114 2926 τοῖς

83 2943 200 2986 αὐτοῖς
219 2941 451 2995 περιπέσωσι.
474 2942 544 2980 Καὶ
555 2942 667 2986 ἔξεστι
681 2946 730 2995 τῷ
752 2943 953 2997 βουλομένῳ
971 2946 1018 2988 εἷς
1034 2943 1114 2987 τοὺς

82 3002 208 3046 τόπους
245 3005 465 3055 ἀφικνεῖσθαι
483 3002 654 3048 ἐκείνους,
689 3003 749 3042 καὶ
785 3007 868 3056 ὂρᾷν
900 3005 1008 3051 αὐτὴν
1024 3034 1034 3051 ,
1067 3007 1114 3048 ὡς

82 3066 203 3111 εἰπεῖν,
223 3063 287 3111 τὴν
306 3066 370 3115 γῆν
390 3066 527 3115 βοῶσαν
541 3063 599 3101 καὶ
619 3063 842 3103 δεικνύουσαν
863 3067 926 3112 τῆς
944 3065 1116 3118 τιμωρίας

82 3125 126 3164 τὰ
145 3126 246 3178 ἴχνη,
265 3126 324 3164 καὶ
345 3125 434 3176 μετὰ
453 3124 632 3164 τοσούτων
663 3127 750 3163 ἐτῶν
770 3127 929 3179 ἀριθμὸν,
962 3131 1008 3170 ὡς
1035 3127 1116 3180 χθὲς

84 3186 143 3225 καὶ
164 3186 285 3239 πρῴην
305 3186 517 3239 ἐπαχθείσης
527 3189 590 3233 τῆς
605 3186 896 3238 τιμωρίας,οῧτω
915 3188 1117 3241 καταφανὴς

84 3251 106 3294 ἡ
139 3249 376 3299 ἀγανάκτησις
409 3247 599 3288 δείκνυται.
635 3250 690 3286 Δι’
711 3248 748 3297 ὃ,
767 3251 987 3302 παρακαλῶ,
1015 3251 1050 3296 ἐξ
1067 3245 1115 3290 ὧν

85 3309 200 3362 ἕτεροι
221 3309 284 3358 τὴν
305 3310 404 3356 δίκην
434 3306 556 3349 ἔδοσαν
576 3313 677 3361 ἡμεῖς
697 3311 1003 3363 σωφρονιζώμεθα.
1024 3312 1115 3351 Ἀλλ’

163 3419 225 3451 Sea
240 3419 315 3451 MSS.
333 3427 382 3458 τῆς
400 3425 493 3458 αἰτίας
510 3427 562 3458 τὴν
581 3425 723 3454 ἐπίτασιν.

1053 211 1216 244 ΕΕΝΕΞ.

1256 211 1413 242 ΗΟΜΙΙ..
1455 209 1565 239 ΧΜΙ.

2043 196 2131 255 497

1183 308 1380 334 sermonem
1413 289 1628 331 transcendit
1656 299 1690 328 et
1717 303 1858 328 omnem
1890 290 2138 340 cogitationem

1183 355 1314 394 Donini
1336 354 1489 392 bonitas.
1511 352 1604 399 Quis
1617 351 1712 391 enim
1735 359 1907 397 nostrum,
1930 351 1992 402 qui
2013 351 2047 388 in
2071 365 2139 389 nle-

622 425 780 480 φομένων
795 424 907 464 εἵλετό
923 439 1008 462 ποτε
1024 422 1114 460 κατὰ
1181 416 1242 454 dio
1255 416 1476 454 infinitorum
1487 414 1662 453 malorum
1674 412 1988 459 versam11r‚vcllet
1998 412 2141 450 serendo

1181 477 1391 515 sententiam
1406 486 1528 515 contra
1546 475 1731 529 proximos
1748 483 1843 513 tanta
1855 474 1907 512 uti
1921 473 2142 526 indulgentia

1181 547 1289 590 atque
1309 538 1494 576 clementia
1510 537 1528 575 Ξ)

1237 600 1272 636 5.
1296 599 1678 650 Verumta1nenjustus
1693 597 1754 637 ille
1773 599 1897 637 videns
1913 596 2061 636 divitias
2075 596 2143 635 cle-

1186 720 1251 758 553.
1276 720 1492 771 Numquid,
1513 721 1704 766 Domine,
1728 724 1762 758 si
1777 721 1917 772 loquar
1938 721 2068 758 adhuc
2087 733 2144 758 se-

1185 779 1289 818 mel?
1303 781 1399 818 Nam
1421 779 1504 831 quia
1528 780 1722 818 ineffabilis
1740 790 1814 819 erat
1832 781 2015 819 tolerantia
2031 811 2040 829 ,
2062 794 2144 834 pro-

1184 849 1263 893 pter
1278 841 1346 879 hoc
1366 841 1541 880 reveritus
1560 855 1602 879 ne
1621 850 1654 879 et
1675 841 1953 893 indignationem
1973 842 2144 881 adversus

1186 916 1223 940 se
1241 912 1399 941 moveret
1413 903 1489 955 ejus
1505 903 1566 954 qui
1583 903 1787 955 rogabatur,
1802 901 1911 940 dicit:
1927 905 2144 956 Numquid,

1188 965 1358 1003 Domine
1373 969 1390 1002 Ρ
1417 966 1512 1003 Num
1550 965 1775 1003 temerarium
1811 963 1985 1015 quiddam
2022 966 2144 1004 facio?

1187 1026 1276 1066 dicit
1290 1043 1298 1064 :
1314 1041 1400 1065 num
1413 1026 1671 1080 impudentiam
1686 1041 1759 1080 pra:
1769 1040 1826 1064 me
1841 1026 1914 1064 fero
1925 1026 1942 1063 ἶ)
1955 1041 2040 1065 num
2056 1042 2146 1079 opus

1190 1088 1483 1127 condemnatione
1512 1088 1665 1140 dignum
1686 1087 1799 1137 facio,
1821 1087 1850 1126 si
1877 1087 2002 1139 loquar
2028 1088 2147 1126 adhuc

1191 1150 1324 1188 semel?
1347 1151 1416 1188 Pro
1437 1163 1565 1202 magna
1584 1159 1617 1188 et
1645 1148 1874 1188 inenarrabili
1900 1148 2056 1187 bonitate
2087 1158 2146 1186 tua

1190 1211 1307 1249 adhue
1327 1225 1434 1249 unam
1453 1211 1648 1250 orationem
1668 1210 1819 1263 accipito
1838 1224 1858 1248 a
1877 1225 1944 1248 me.
1961 1210 2000 1248 Si
2017 1219 2146 1248 autem

1191 1276 1340 1311 inventi
1351 1275 1512 1328 suerint
1531 1274 1616 1312 illic
1644 1274 1802 1311 decem?
1821 1274 1874 1311 Ec
1904 1274 2005 1310 dixit
2025 1291 2036 1311 .·
2058 1274 2148 1311 Non

1140 1352 1163 1381 B
1186 1336 1348 1386 perdam
1375 1345 1532 1386 propter
1551 1335 1695 1373 decem⁴
1714 1335 1761 1373 Et
1790 1335 1872 1386 qnia
1904 1335 2003 1387 prius
2027 1334 2145 1372 dixit:

1193 1396 1338 1434 Adhuc
1359 1396 1478 1434 semel
1496 1397 1667 1448 loquar?
1685 1397 1748 1435 55.
1769 1397 1897 1444 Abiit,
1920 1396 2048 1447 inquit,
2068 1397 2147 1434 Do-

1193 1459 1317 1496 minus
1325 1466 1531 1510 postquam
1547 1468 1763 1497 cessaverat
1781 1460 1889 1511 loqui
1903 1459 2096 1502 Abrahoe;
2111 1466 2146 1495 et

1189 1518 1397 1557 Abraham
1420 1532 1592 1558 reversus
1615 1529 1669 1558 est
1684 1522 1726 1558 in
1748 1522 1875 1558 locum
1896 1534 2020 1559 suum.
2041 1518 2146 1558 Vidi-

1188 1579 1251 1617 stis
1271 1580 1467 1618 Dominum
1495 1581 1541 1618 ad
1561 1591 1717 1620 nostram
1749 1581 1992 1619 infirmitatem
2021 1595 2056 1618 se
2080 1579 2147 1618 de-

1189 1640 1415 1680 mittentem?
1439 1641 1582 1680 vidistis
1600 1651 1634 1680 et
1646 1642 1733 1695 justi
1753 1656 1833 1694 erga
1850 1642 1938 1680 alios
1953 1642 2147 1679 affectum?

1188 1702 1367 1741 didicistis
1380 1713 1511 1755 quanta
1528 1703 1582 1741 vis
1598 1703 1642 1742 sit
1658 1718 1778 1742 eorum
1795 1704 1857 1755 qui
1869 1704 2036 1742 virtutem
2048 1717 2147 1741 exer-

1190 1765 1294 1802 cent?
1325 1765 1364 1803 Si
1395 1765 1490 1802 enim
1523 1765 1657 1804 inventi
1683 1766 1836 1814 suerint,
1868 1765 2002 1816 inquit,
2023 1764 2146 1803 decem

1184 1824 1288 1878 justi,
1306 1834 1448 1878 propter
1465 1826 1546 1865 illos
1565 1827 1731 1865 omnibus
1742 1826 1982 1865 remissionem
1995 1825 2147 1864 concedo

1189 1896 1427 1939 peccatorum.
1451 1889 1530 1927 Non
1551 1889 1640 1928 hene
1658 1889 1838 1937 dicebam,
1856 1889 1932 1927 haec
1951 1889 2069 1927 omnia
2095 1889 2147 1926 fa-

1189 1957 1244 1986 cta
1263 1963 1347 1998 esse,
1371 1959 1410 1987 ut
1429 1950 1526 1987 nulla
1543 1959 1663 2003 postea
1683 1950 1904 2002 relinquatur
1923 1949 2148 2003 impudenter

1188 2009 1414 2061 loquentibus
1446 2011 1708 2049 contradicendi
1733 2011 1902 2049 occasio?
1929 2011 2020 2049 Sunt
2052 2010 2146 2048 enim

1188 2071 1293 2109 multi
1317 2071 1580 2122 insanientium,
1600 2071 1660 2123 qui
1680 2072 1810 2110 infreni
1834 2071 1957 2123 lingua
1977 2080 2010 2109 et
2029 2084 2146 2123 repre-

1188 2131 1341 2170 hendere
1362 2142 1394 2170 et
1421 2133 1539 2171 dicere
1568 2132 1722 2171 audent:
1744 2133 1865 2179 Quare
1892 2133 2034 2170 incensa
2065 2140 2147 2169 sunt

1187 2191 1341 2231 Sodoma
1355 2193 1372 2230 Ξ)
1386 2194 1425 2232 Si
1441 2193 1613 2246 patienter
1628 2193 1766 2231 tulisset
1777 2207 1835 2231 eos
1850 2193 2041 2241 Dominus,
2059 2193 2148 2230 forte

1185 2255 1429 2306 poenitentiam
1447 2255 1609 2307 egissent.
1632 2255 1782 2307 Propter
1810 2255 1878 2293 hoc
1899 2254 2052 2293 ostendit
2082 2254 2147 2292 tibi

1185 2316 1352 2367 nequitiae
1368 2317 1678 2370 exsuperantiam3
1698 2317 1746 2354 ita
1761 2326 1799 2354 ut
1815 2317 1851 2355 in
1870 2326 1966 2355 tanta
1986 2316 2147 2354 multitu-

1185 2378 1268 2417 dine
1281 2387 1378 2417 tanta
1395 2378 1538 2418 virtutis
1550 2379 1697 2431 penuria
1713 2379 1833 2427 fuerit,
1848 2387 1886 2416 ut
1905 2379 1977 2416 alio
1991 2377 2146 2429 quodam

1184 2440 1324 2481 diluvio
1347 2441 1535 2494 indigeret,
1559 2451 1591 2480 et
1609 2442 1714 2493 quale
1734 2442 1835 2495 prius
1856 2441 1891 2479 in
1913 2440 2047 2479 mundo
2066 2440 2145 2477 suit.

1186 2502 1257 2541 Sed
1269 2503 1352 2554 quia
1373 2503 1559 2555 promissio
1577 2503 1642 2541 Dei
1663 2513 1726 2551 est,
1743 2512 1782 2540 ut
1802 2501 1870 2540 non
1884 2502 1976 2539 ultra
1996 2502 2066 2539 tale
2086 2501 2145 2538 in-

1186 2562 1321 2601 feratur
1342 2563 1574 2615 supplicium,
1599 2572 1781 2615 propterea
1803 2562 1912 2600 alium
1931 2575 2042 2613 poenae
2064 2574 2145 2598 mo—

1188 2624 1276 2662 dum
1299 2625 1489 2676 excogitat,
1508 2625 1615 2662 simul
1632 2624 1676 2661 de
1695 2624 1768 2662 illis
1793 2638 1914 2676 poenas
1936 2637 2091 2669 sumens,
2113 2631 2147 2660 et

1188 2686 1337 2738 posteris
1353 2685 1520 2724 omnibus
1540 2694 1745 2738 perpetuam
1759 2684 1918 2736 praebens
1933 2683 2145 2722 doctrinam.

1188 2746 1369 2793 Quoniam
1401 2746 1496 2784 enim
1529 2755 1663 2783 naturae
1692 2745 1785 2795 leges
1815 2745 2082 2793 subverterant,
2113 2753 2147 2782 et

1187 2808 1319 2846 alienos
1339 2807 1551 2857 illicitosque
1582 2807 1826 2857 excogitarant
1854 2806 1987 2856 coitus,
2012 2805 2147 2844 idcirco

1186 2870 1370 2908 insolitum
1417 2868 1587 2921 supplicii
1630 2868 1779 2906 modum
1817 2867 1960 2906 induxit
2000 2877 2148 2921 propter

1186 2932 1331 2969 illorum
1358 2929 1614 2980 iniquitatem:
1649 2939 1682 2968 et
1713 2938 1812 2968 terrae
1838 2929 1976 2968 viscera
2006 2926 2147 2967 inutilia

1185 2992 1358 3040 reddens,
1383 3000 1416 3029 et
1449 2990 1572 3028 relicto
1608 2990 1759 3043 posteris
1785 2990 2002 3029 monimento
2023 3005 2147 3043 perpe-

1187 3064 1248 3092 tuo
1262 3084 1272 3103 ‚
1302 3061 1340 3090 ut
1375 3066 1419 3090 ne
1458 3051 1580 3089 eadem
1618 3052 1774 3103 aggressi
1811 3052 1848 3090 in
1886 3052 2025 3090 easdem
2059 3052 2146 3089 inci-

1186 3116 1272 3155 dant
1299 3129 1432 3168 poenas.
1460 3114 1557 3151 Licet
1585 3123 1704 3152 autem
1740 3114 1873 3153 volenti
1903 3114 1948 3152 ad
1979 3115 2055 3152 loca
2084 3113 2146 3151 illa

1188 3192 1331 3231 pergere
1356 3175 1478 3214 videre
1511 3176 1625 3229 ipsam
1657 3185 1787 3215 terram
1803 3208 1814 3227 ,
1847 3187 1886 3215 ut
1917 3178 1963 3215 ita
1997 3177 2114 3214 dicam
2131 3203 2142 3223 ‚

1189 3244 1399 3283 clamantem
1413 3251 1445 3280 ct
1460 3242 1699 3281 ostendentem
1715 3243 1880 3296 supplicii
1902 3243 2049 3293 vestigia
2068 3251 2145 3293 post

1193 3323 1262 3350 tani
1277 3311 1408 3350 multos
1419 3324 1544 3357 annos,
1556 3310 1657 3361 quasi
1674 3310 1748 3349 lieri
1765 3310 1820 3350 vel
1835 3310 1941 3349 hodie
1956 3310 2142 3361 impressa:
