2516 3791
661 202 704 233 ΙΝ
740 202 840 233 mv.
880 200 1006 232 xxxi.

82 291 158 332 πιόν
189 305 270 337 σου,
301 291 354 327 ὅτι
383 288 426 326 τὰ
464 287 541 325 κατ’
568 286 708 336 ἐθισμὸν
737 288 807 323 τῶν
837 286 1008 335 γυναικῶν
1039 281 1099 333 μοί

79 356 182 392 ἐστιν.
205 349 391 402 ΊΙρεύνησι
408 347 444 386 δὲ
462 347 584 386 Αάὸαν
603 348 638 385 ἐν
655 347 725 399 ὅλῳ
740 348 790 399 τῷ
804 346 889 398 οἴκῳ
904 347 1022 392 αὐτῆς,
1039 341 1099 382 καὶ

78 414 142 465 οὐχ
158 406 244 464 εὗρε.

128 471 249 517 Πολλὴ
272 473 333 516 τῆς
350 468 489 521 Ῥαχὴλ
516 471 539 515 ἠ
558 467 734 514 “σύνεσις,
756 467 799 505 δι’
823 460 864 512 ἧς
891 466 949 505 τὸν
975 464 1098 505 Autem

74 531 383 584 παρακρούσασθαι
396 530 548 582 ἴσχυσεν.
561 528 794 568 Ἀκουέτωσαν
813 528 844 564 οἱ
858 527 910 565 ἔτι
925 527 969 578 τῇ
982 525 1098 577 πλάνῃ

73 592 357 647 προστετηκότες,
381 591 440 629 καὶ
459 593 526 628 τῶν
545 588 696 628 εἰδώλων
721 587 785 635 τὴν
810 585 993 641 θεραπείαν
1018 584 1098 639 περὶ

72 655 201 692 πολλοῦ
216 653 425 703 ποιούμενοι.
440 650 591 697 Ἐθηκεν
608 649 742 695 αὐτοὺς,
757 647 874 701 φησὶν,
890 647 958 686 ὑπὸ
969 645 1013 684 τὰ
1029 646 1096 684 σά-

71 729 191 766 γματα
208 716 276 752 τῶν
291 713 479 763 καμήλων,
496 711 555 749 καὶ
579 710 782 748 ἐπεκάθισεν
799 710 926 751 αὐτοῖς.
951 706 998 745 Τί
1018 706 1097 746 τού·

71 791 140 814 των
172 773 532 826 καταγελαστότερον;
563 773 610 809 Οἱ
644 771 737 823 λόγῳ
761 769 1007 820 τετιμημένοι,
1037 769 1097 807 καὶ

72 836 243 882 τοσαύτης
257 835 455 879 ἀξιωθέντες
469 831 654 885 προεδρίας
670 831 768 884 παρὰ
783 835 846 878 τῆς
860 835 920 869 τοῦ
935 834 1027 869 Θεοῦ
1041 847 1097 884 φι-

69 896 300 950 λανθρωπίας,
310 895 422 939 λίθους
432 894 659 940 ἀναισθήτους
669 892 870 945 θεραπεύειν
881 891 1097 944 καταδέχον-

69 974 142 1003 ται,
161 958 220 996 καὶ
234 959 296 996 οὐκ
310 955 598 1007 ἐγκαλύπτονται,
613 954 689 993 οὐδὲ
713 954 950 1005 λαμὸάνουσιν
965 952 1096 992 ἔννοιάν

68 1035 146 1057 τινα
160 1022 222 1065 τῆς
234 1017 404 1064 τοσαύτης
418 1016 576 1062 ἀτοπίας,
591 1015 682 1054 ἀλλὰ
698 1015 858 1067 καθάπερ
875 1014 1097 1066 βοσκήματα,

68 1079 159 1119 οὕτω
173 1083 216 1130 τῇ
233 1077 398 1132 συνηθείᾳ
415 1078 630 1128 ἀπάγονται,
648 1076 717 1115 Διὰ
741 1081 842 1115 τοῦτο
866 1076 926 1114 καὶ
954 1078 1094 1115 Παῦλος

67 1141 165 1193 ἔλεγε
192 1140 356 1193 γράφων,
386 1140 516 1178 Οἴδατε
542 1138 618 1185 ὅτι,
645 1137 702 1176 ὅτε
731 1138 810 1185 ἔθνη
840 1131 914 1185 ἦτε,
944 1137 1030 1189 πρὸς
1051 1137 1096 1176 τὰ

66 1203 193 1241 εἴδωλα
211 1201 255 1240 τὰ
274 1201 394 1253 ἄφωνα
409 1202 455 1244 ὡς
483 1200 522 1238 ἂν
545 1200 671 1251 ἤγεσθε
691 1198 918 1250 ἀπαγόμενοι.
940 1199 1009 1237 Καὶ
1031 1214 1095 1236 κα-

67 1265 134 1307 λῶς
154 1256 241 1309 εἶπε,
257 1262 315 1301 Τὰ
341 1262 472 1314 ἄφωνα.
502 1262 549 1300 Οἱ
577 1260 693 1314 φωνὴν
719 1260 870 1312 ἔχοντες,
899 1259 959 1296 καὶ
987 1261 1094 1305 ἀκοῆς

66 1325 125 1362 καὶ
154 1324 255 1375 λόγου
285 1322 502 1375 μετέχοντες,
532 1322 618 1374 πρὸς
654 1321 698 1360 τὰ
727 1320 902 1372 μηδεμίαν
931 1320 1092 1369 αἴσθησιν

65 1386 208 1437 ἔχοντα,
227 1387 272 1428 ὡς
292 1385 402 1434 ἄλογα
429 1383 615 1434 ἀπάγεσθε.
645 1385 714 1421 Καὶ
737 1381 839 1426 ποίας
867 1383 909 1420 ἂν
929 1383 960 1420 οἱ
984 1387 1093 1420 τοιοῦ-

64 1462 116 1485 τοι
138 1445 345 1497 συγγνώμης
370 1444 530 1496 τύχοιεν;
553 1443 644 1483 Ἀλλ’
662 1443 791 1494 ἴδωμεν
814 1444 907 1488 ὅπως
925 1447 943 1482 δ
959 1443 1092 1489 δίκαιος

64 1509 183 1547 λοιπὸν
210 1508 385 1559 θαρρήσας
409 1506 448 1545 ἔκ
464 1521 502 1544 τε
517 1509 586 1544 τῶν
609 1505 706 1560 παρὰ
730 1510 790 1544 τοῦ
816 1506 940 1544 Λάὸαν
960 1508 1090 1557 ὁμολο-

63 1569 250 1621 γηθέντων,
265 1568 323 1605 καὶ
342 1567 377 1612 ἐξ
398 1569 447 1605 ὧν
463 1567 628 1618 οὐδεμίαν
645 1567 786 1618 εὔλογον
802 1566 916 1606 αἰτίαν
934 1563 1011 1622 εἶρε
1029 1571 1093 1615 τῆς

62 1633 139 1669 κατ’
169 1632 274 1668 αὐτοῦ
299 1629 484 1681 μέμψεως,
505 1627 540 1666 τί
565 1644 688 1681 φησιν;
711 1628 880 1681 Ὠργίσθη
906 1629 941 1668 δὲ
961 1629 1092 1668 Ἰακὼὸ

64 1692 122 1730 καὶ
141 1690 341 1742 ἐμαχέσατο
364 1693 414 1742 τῷ
432 1689 574 1737 Λάὸαν,
595 1690 654 1728 καὶ
672 1684 781 1728 εἶπεν.
809 1690 903 1743 ”Ορα
929 1694 1004 1734 πῶς
1029 1691 1089 1729 καὶ

65 1754 122 1792 διὰ
137 1755 198 1799 τῆς
214 1752 332 1803 μάχης
351 1753 412 1797 τῆς
428 1751 556 1794 οἰκείας
574 1754 689 1804 ψυχῆς
710 1752 920 1790 ἐκκαλύτι-τει
932 1751 995 1799 τὴν
1013 1755 1091 1806 ἀρε·

65 1815 139 1862 τήν.
165 1813 212 1852 Τί
235 1814 273 1851 τὸ
298 1813 456 1863 ἀδίκημά
480 1829 565 1863 μου,
581 1813 706 1866 φησίν;
727 1813 749 1860 ἢ
776 1812 811 1851 τί
830 1813 870 1852 τὸ
896 1813 1092 1867 ἁμάρτημά

65 1893 148 1927 μου,
172 1875 227 1913 ὅτι
251 1874 461 1919 κατεδίωξας
480 1875 592 1914 ὀπίσω
615 1891 697 1926 μου;
713 1874 817 1918 Τίνος
833 1875 960 1922 ἕνεκεν,
989 1875 1092 1929 φησὶ,

65 1937 154 1987 μετὰ
170 1937 340 1984 τοσαύτης
355 1939 466 1988 δρμῆς
490 1936 702 1980 κατεδίωξάς
725 1952 790 1986 με;
812 1943 909 1975 ποῖον
935 1937 1092 1987 ἀδίκημα

64 2000 224 2049 ἐγκαλεῖν
241 1998 349 2050 ἔχων;
370 2004 467 2036 ποῖον
483 1997 694 2051 ἁμάρτημα;
712 1997 781 2035 Καὶ
799 2000 836 2036 οὐ
856 1998 958 2049 μόνον
974 2002 1090 2046 τοῦτο,

64 2059 154 2097 ἀλλὰ
174 2060 232 2097 καὶ
258 2058 432 2106 τοσαύτην
459 2058 558 2110 ὕὸριν
582 2061 666 2109 ἡμῖν
699 2058 889 2111 ἐπήγαγες,
919 2058 1012 2098 ὥστε
1031 2058 1091 2097 καὶ

64 2123 245 2173 ἐρευνῆσαι
271 2120 386 2158 πάντα
407 2118 451 2157 τὰ
477 2121 512 2157 ἐν
538 2122 588 2171 τῷ
614 2119 700 2171 οἴκῳ
732 2136 810 2170 μου.
839 2122 872 2158 T
876 2120 887 2158 ί
907 2114 1001 2172 εὗρες
1020 2120 1090 2159 ἀπὸ

62 2182 201 2219 πάντων
221 2183 352 2218 σκευῶν
375 2185 435 2218 τοῦ
459 2179 553 2218 οἴκου
573 2195 653 2226 σου;
674 2180 745 2224 Θὲς
763 2175 830 2218 ὧδε
852 2180 1005 2219 ἐναντίον
1019 2183 1088 2219 τῶν

62 2242 217 2294 ἀδελφῶν
236 2257 297 2279 σου
314 2240 373 2278 καὶ
388 2242 456 2278 τῶν
481 2241 638 2293 ἀδελφῶν
659 2257 725 2291 μου
737 2269 747 2286 ,
769 2241 828 2278 καὶ
844 2241 1083 2292 ἐλεγξάτωσαι

62 2302 128 2341 ἀνὰ
151 2302 257 2354 μέσον
275 2305 343 2340 τῶν
365 2302 424 2340 δύο
442 2304 555 2352 ἡμῶν.
576 2303 610 2340 Τ
612 2301 782 2350 οσαύτην,
803 2303 921 2355 φησὶν,
947 2304 1087 2355 ἔρευναν

62 2364 310 2414 ποιησάμενος,
330 2358 398 2415 ἆρα
420 2362 594 2409 ἠδυνήθης
608 2380 643 2402 τι
660 2366 770 2416 εὸρείν
793 2367 862 2403 τῶν
880 2364 929 2415 μὴ
959 2380 1090 2417 προση-

1045 198 1208 229 OENES.

1249 198 1406 230 uomit..
1449 200 1559 230 Lvu.

2029 191 2122 252 64⁷,

1168 299 1298 328 autem
1325 299 1381 330 est
1414 293 1555 330 zaban
1575 293 1616 330 in
1637 300 1719 331 tota
1737 293 1852 332 domo
1871 299 1966 349 ejus,
1990 306 2025 335 et
2049 312 2125 335 non

1123 351 1146 382 C
1167 353 1329 390 invenit.

1218 459 1255 494 (i.
1287 459 1418 509 Magna
1446 459 1613 497 Rachelis
1643 459 1798 509 solertia,
1817 474 1881 513 per
1900 475 2006 513 quam
2022 461 2125 499 deiu-

1165 516 1249 556 dere
1272 520 1388 571 potuit
1413 519 1610 559 Labrinum.
1630 521 1787 560 Audiant
1809 522 1870 574 qui
1897 522 2016 561 adhuc
2035 538 2127 562 erru-

1166 580 1267 618 ribus
1280 589 1362 618 sunt
1377 580 1525 629 addicti,
1540 591 1573 619 et
1591 582 1832 621 idololatriam
1848 586 1966 634 magui
1983 585 2128 623 fficium.

1167 642 1306 679 Posuit
1335 655 1382 678 ea
1401 643 1532 679 subter
1552 651 1770 682 stramenta
1797 647 2049 690 camelorum,
2073 647 2129 684 in-

1166 701 1258 753 quit,
1279 711 1316 740 et
1329 704 1427 740 sedit
1457 716 1571 755 super
1589 718 1646 742 ea.
1663 704 1762 751 Quid
1785 706 1841 743 liis
1861 707 1975 757 magis
1995 707 2130 745 ridicu-

1166 763 1268 801 lum?
1289 764 1363 812 Qui
1380 763 1516 802 ratione
1532 765 1674 817 przrditi
1690 776 1802 813 erant,
1820 777 1852 804 et
1871 777 2004 806 tantam
2023 769 2129 806 mise-

1166 825 1319 864 ricordia
1331 826 1398 864 Dei
1411 827 1589 877 assequuti
1602 829 1740 866 fuerant
1751 828 1978 880 dignitatem,
1993 831 2130 883 lapides

1166 900 1269 924 sensu
1293 901 1428 925 vacuos
1450 896 1576 940 putant
1605 889 1796 928 colendos:
1818 904 1879 928 nee,
1909 891 2019 944 pudet
2054 907 2127 941 eos,

1167 961 1230 985 nec
1249 957 1383 986 tantam
1404 961 1524 986 secum
1542 959 1707 1002 reputant
1731 951 2005 1001 absurditatem,
2028 953 2088 992 scd
2108 967 2128 991 a

1167 1009 1428 1048 consuetudine
1455 1010 1554 1061 quasi
1589 1025 1674 1049 oves
1712 1012 1968 1052 abducuntur?
1990 1014 2128 1054 Idcirco

1167 1071 1298 1109 Paulus
1316 1086 1458 1123 quoque
1487 1072 1643 1111 scribens
1673 1073 1816 1112 dicebat
1840 1091 1848 1112 ε
1870 1075 1984 1114 Scitis
2003 1091 2128 1130 quan-

1165 1133 1214 1169 do
1237 1141 1369 1184 gentes
1392 1136 1524 1180 eratis,
1556 1135 1611 1172 ad
1639 1135 1747 1173 idola
1781 1145 1889 1175 muta
1920 1146 2129 1190 utcumque

1164 1194 1410 1232 ducebamini
1425 1203 1574 1234 euntes.
1594 1195 1638 1234 Et
1659 1206 1753 1235 recte
1771 1197 1881 1248 dixit,
1901 1200 2030 1237 Muta.
2054 1200 2127 1247 Qui

1164 1269 1302 1303 vocem,
1318 1255 1450 1307 inquit,
1474 1256 1616 1294 habetis
1632 1266 1665 1295 et
1684 1272 1799 1307 aures,
1820 1267 1854 1296 et
1877 1259 2025 1298 rationis
2044 1261 2129 1299 estis

1166 1316 1377 1369 participes,
1399 1316 1446 1355 ad
1475 1331 1515 1355 ca
1534 1331 1614 1368 quae
1642 1318 1783 1357 nullum
1808 1333 1952 1359 sensum
1977 1321 2126 1367 habent,

1164 1377 1256 1416 sicut
1287 1378 1393 1416 bruta
1427 1378 1661 1417 abducimini.
1695 1379 1743 1418 Et
1775 1381 1917 1433 qualem
1947 1383 2009 1434 qui
2042 1384 2130 1422 tales

1165 1453 1247 1482 sunt
1264 1444 1406 1482 veniam
1425 1445 1638 1483 merentur?
1653 1445 1725 1484 Sed
1745 1447 1934 1486 videamus
1950 1449 2129 1500 quomoda

1161 1505 1280 1558 justus
1311 1520 1406 1544 nunc
1440 1505 1611 1545 fiduciam
1638 1509 1827 1561 acceperit,
1857 1509 1991 1562 partim
2017 1525 2062 1549 cx
2087 1511 2130 1549 iis

1165 1581 1243 1618 quae
1265 1568 1388 1606 Laban
1409 1569 1588 1607 confessus
1609 1579 1674 1620 est,
1696 1571 1827 1623 partim
1857 1572 2027 1623 quoniam
2049 1574 2129 1611 nut-

1164 1628 1241 1666 lum
1270 1628 1403 1667 crimen
1434 1639 1555 1668 contra
1583 1644 1619 1668 se
1648 1631 1832 1671 invenerat
1857 1633 2129 1686 reprehensione

1165 1689 1333 1741 dignum,
1362 1690 1449 1741 quid
1478 1690 1596 1729 dicit?
1636 1694 1700 1731 56.
1733 1696 1865 1733 Iratus
1894 1704 1949 1733 est
1980 1705 2124 1741 nutem,

1166 1750 1294 1802 inquit,
1308 1752 1446 1799 Jacob,
1472 1762 1508 1790 et
1524 1755 1722 1792 contendit
1745 1768 1833 1793 cum
1848 1757 2000 1803 Laium,
2017 1766 2053 1794 ec
2070 1758 2128 1794 di-

1117 1825 1140 1855 Ε
1165 1815 1237 1850 xit.
1264 1813 1362 1851 Vide
1385 1813 1564 1865 quomodo
1582 1815 1690 1853 etiam
1714 1817 1974 1869 exposnilando
1999 1817 2126 1857 animm

1165 1887 1237 1911 suae
1253 1873 1423 1912 virtutem
1439 1874 1586 1927 detegit.
1610 1877 1703 1927 Quoe
1722 1879 1915 1930 injustitia
1938 1893 2036 1925 mea,
2061 1881 2128 1918 vel

1166 1936 1271 1986 quod
1295 1945 1498 1987 peccatum
1531 1951 1670 1984 meum,
1705 1937 1837 1990 inquit,
1872 1941 1978 1992 quod
2000 1955 2127 1993 perse-

1165 2006 1306 2050 quutus
1325 2012 1364 2036 es
1381 1999 1467 2036 me?
1488 1998 1619 2047 Quare,
1637 1999 1766 2050 inquit,
1794 2009 1891 2038 tanto
1915 2001 2051 2054 impetu
2072 2001 2127 2040 in-

1164 2068 1318 2098 sectatus
1340 2073 1376 2098 es
1395 2060 1475 2098 me.o
1493 2061 1637 2112 qualem
1662 2062 1874 2114 injustitiam
1904 2062 1994 2101 mihi
2028 2072 2127 2116 potes

1163 2121 1407 2174 exprobrare?
1437 2121 1542 2173 quale
1577 2123 1792 2175 peccatum?
1817 2124 1942 2175 Neque
1968 2123 2004 2162 id
2028 2125 2126 2172 satis,

1164 2181 1232 2220 nisi
1250 2191 1284 2219 et
1300 2191 1435 2220 tantam
1466 2183 1780 2235 superinduxisscs
1810 2184 2127 2239 contumeliam,ut

1162 2243 1370 2281 scrutareris
1393 2243 1513 2281 omnia
1539 2258 1618 2295 quae
1637 2244 1672 2282 in
1692 2244 1800 2283 domo
1822 2259 1913 2284 mea.
1937 2247 1999 2284 57.
2025 2247 2129 2298 Quid

1162 2306 1347 2342 invenisti
1379 2305 1428 2342 de
1458 2307 1635 2344 omnibus
1669 2309 1779 2345 vasis
1811 2321 1897 2360 quoe
1934 2309 1977 2345 in
2011 2307 2125 2346 domo

1162 2369 1260 2403 tua?
1278 2367 1390 2404 Pone
1413 2367 1477 2405 hic
1510 2380 1642 2405 coram
1658 2368 1860 2421 fratribus
1885 2371 1960 2408 tuis
1983 2378 2019 2407 ec
2030 2371 2124 2423 sra-

1120 1078 1144 1108 D

63 2424 193 2462 κόντων
223 2439 304 2474 μοι,
331 2424 354 2470 ἢ
381 2426 448 2461 τῶν
475 2438 530 2461 σοι
561 2424 814 2476 διαφερόντωπ
841 2426 886 2464 Εἰ
918 2429 1027 2479 εὗρες,
1051 2426 1088 2462 ἐν
1101 2457 1149 2481 553
1164 2429 1286 2465 tribus
1318 2430 1426 2474 meis,
1464 2437 1502 2466 et
1531 2429 1712 2481 judicent
1755 2432 1859 2468 inter
1905 2444 1974 2469 nos
2014 2432 2124 2470 duos.

63 2487 113 2537 τῷ
139 2485 235 2538 μέσῳ
258 2485 458 2538 παράγαγε,
480 2484 537 2522 ἵνα
552 2487 583 2522 οἱ
610 2485 767 2530 συνόντες
791 2502 850 2536 μοι
872 2487 932 2525 καὶ
951 2488 982 2525 οἱ
1000 2486 1089 2537 μετὰ

63 2551 123 2586 σοῦ
140 2547 415 2600 παραγενόμενοι
433 2545 496 2592 τὴν
517 2546 688 2598 διάκρισιν
711 2547 940 2595 ποιήσωνται.
965 2548 1089 2587 Ἐπει-

63 2607 104 2654 δὴ
133 2602 220 2646 εἶδεν
257 2607 438 2646 ἀνεύθυνον
473 2606 593 2645 ἑαυτὸν
628 2608 663 2645 ἐν
697 2607 807 2647 ἅπασι
837 2609 1087 2661 γεγενημένον,

62 2668 195 2714 πολλὴν
221 2669 340 2707 λοιπὸν
367 2667 567 2721 παρρησίαν
597 2669 808 2721 προσλαὸὼν
834 2673 1087 2722 ἀπαριθμεῖται

62 2728 125 2775 τὴν
145 2729 296 2777 εὔνοιαν,
313 2729 354 2775 ἣν
381 2729 460 2781 περὶ
487 2729 588 2768 αὐτὸν
613 2731 647 2768 ἐν
667 2730 773 2769 παντὶ
798 2733 848 2783 τῷ
873 2731 990 2784 χρόνῳ
1007 2733 1087 2771 ἕπε-

64 2789 215 2836 δείξατο,
238 2789 298 2827 καί
322 2805 406 2842 φησι
424 2805 432 2813 ·
452 2789 577 2828 Ταῦτά
592 2806 651 2841 μοι
665 2791 794 2830 εἴκοσιν
821 2791 894 2840 ἔτη.
912 2791 1015 2831 Μετὰ
1030 2793 1088 2831 τὸν

64 2850 219 2901 κάματον
234 2852 301 2887 τῶν
323 2850 494 2889 τοσούτων
527 2853 614 2889 ἐτῶν
628 2852 771 2900 τούτων,
785 2853 880 2904 ἤμην
897 2853 992 2898 ἄξιος
1004 2853 1091 2892 ταύ-

64 2927 126 2958 της
139 2914 200 2958 τῆς
215 2911 365 2964 ῧὸρεως,
378 2912 502 2951 Ταῦτά
520 2928 580 2963 μοι
596 2913 722 2953 εἴκοσιν
737 2915 811 2963 ἔτη.
829 2916 992 2969 Σήμερον
1006 2916 1091 2955 εἴκο·

65 2987 120 3010 σιν
137 2974 224 3010 ε’τῶν
243 2974 389 3026 ἀριθμὸν
402 2973 473 3025 ἔχω
487 2976 521 3012 ἐν
540 2976 590 3025 τῷ
605 2974 690 3028 οἴκῳ
705 2978 755 3028 τῷ
775 2978 838 3028 σῷ.
858 2976 917 3015 Τὰ
930 2976 1093 3031 πρόὲῗατά

65 3048 125 3072 σου
149 3034 208 3072 καὶ
236 3036 273 3072 αἱ
292 3029 386 3085 αἶγές
413 3049 475 3072 σου
502 3036 563 3072 οὐκ
590 3035 861 3083 ἠτεκνώθηοαν·
885 3037 1002 3090 κριοὺς
1022 3041 1091 3077 τῶν

64 3093 249 3146 προὸάτων
261 3110 321 3134 σου
338 3097 377 3133 οὗ
394 3094 592 3147 κατέφαγον
608 3111 616 3118 ·
633 3095 848 3149 θηριάλωτον
865 3100 927 3136 οὐκ
943 3098 1092 3151 ἐνήνοχα

67 3169 135 3192 σοι.
164 3155 259 3206 Ἐγὼ
277 3156 480 3194 ἁπετίννυον
499 3159 582 3210 παρ’
607 3158 776 3207 ἐμαυτοῦ,
792 3158 982 3210 κλέμματα
998 3161 1092 3211 ἡμέ·

1115 2495 1140 2524 Α
1163 2488 1296 2539 Tanto,
1315 2488 1445 2540 inquit,
1461 2489 1632 2527 scrutinio
1649 2490 1753 2539 facto,
1769 2491 1966 2544 potuistine
1985 2492 2125 2543 aliquid

1161 2549 1322 2589 invenire
1356 2550 1453 2602 quod
1484 2550 1530 2588 ad
1556 2565 1614 2589 me
1640 2565 1709 2589 non
1737 2553 1909 2601 attineat,
1941 2553 2000 2591 vel
2028 2553 2125 2605 quod

1159 2620 1264 2650 tuum
1292 2612 1367 2650 sit?
1386 2612 1425 2650 Si
1453 2611 1636 2659 invenisti,
1665 2613 1786 2664 profer
1814 2613 1850 2651 in
1880 2613 2055 2662 medium,
2085 2623 2125 2652 ut

1160 2676 1220 2724 qui
1238 2673 1297 2711 hic
1313 2671 1442 2710 adsunt
1467 2672 1564 2725 apud
1579 2686 1637 2710 me
1647 2682 1680 2710 et
1696 2682 1741 2721 te,
1754 2673 1934 2726 judicium
1960 2674 2123 2714 reddant.

1160 2733 1339 2780 Quoniam
1367 2732 1457 2772 vidit
1485 2747 1520 2771 se
1545 2733 1767 2786 inculpatum
1790 2735 1826 2773 in
1847 2736 2031 2786 omnibus,
2048 2751 2123 2775 ma-

1159 2808 1227 2846 gna
1250 2803 1365 2832 sumta
1392 2793 1541 2841 fiducia,
1563 2805 1748 2834 enumerat
1776 2796 1948 2835 beneficia
1967 2812 2045 2849 quae
2070 2799 2122 2836 illi

1158 2870 1220 2908 per
1248 2869 1352 2893 omne
1382 2863 1524 2907 tempus
1553 2855 1731 2905 exhibuit,
1752 2865 1785 2895 et
1812 2857 1928 2909 inquit
1949 2875 1958 2895 :
1978 2859 2041 2898 58.
2069 2861 2126 2897 lli

1159 2925 1248 2955 sune
1280 2918 1424 2968 viginti
1458 2919 1568 2962 anni,
1601 2918 1740 2969 quibus
1770 2927 1896 2956 tecum
1925 2933 2024 2958 sum.
2055 2921 2123 2958 Pro

1159 2977 1281 3016 labore
1310 2986 1359 3015 tot
1379 2991 1569 3026 annorum,
1589 2977 1736 3017 haccine
1762 2979 1896 3032 dignus
1915 2995 2011 3020 eram
2040 2996 2122 3020 con-

1159 3038 1331 3077 tumelia?
1352 3040 1406 3076 lli
1430 3040 1527 3075 mihi
1550 3041 1694 3091 viginti
1717 3043 1825 3078 anni.
1845 3040 1961 3081 Hodie
1991 3042 2122 3094 viginti

1159 3114 1334 3138 annorum
1351 3099 1529 3151 complevi
1550 3098 1586 3137 in
1602 3098 1713 3138 domo«
1723 3109 1783 3139 tua
1798 3115 2002 3140 numerum.
2023 3106 2123 3141 Ores

1162 3168 1237 3198 111oe
1251 3169 1287 3198 et
1304 3174 1431 3211 caprae
1444 3168 1519 3197 tnae
1532 3161 1682 3199 steriles
1697 3175 1775 3199 non
1787 3163 1963 3214 suerunt,
1982 3167 2123 3202 arietes

68 3229 127 3266 ρας
162 3216 221 3253 καὶ
254 3217 446 3267 κλέμματα
477 3217 610 3260 νυκτός.
644 3218 839 3269 Ἐγενόμην
866 3223 928 3267 τῆς
960 3221 1094 3275 ἡμέρας
1116 3236 1137 3265 B
1163 3224 1291 3259 ovium
1325 3229 1480 3258 tuarum
1515 3234 1592 3258 non
1619 3223 1770 3260 comedi
1792 3239 1803 3259 .·
1824 3225 1886 3261 59.
1917 3234 2070 3276 captum
2097 3239 2122 3261 a

67 3276 313 3327 στι-(καιόμενος
335 3280 386 3329 τῷ
411 3277 581 3328 καύματι,
605 3279 665 3316 καὶ
689 3281 740 3331 τῷ
768 3283 912 3333 παγετῷ
942 3283 1005 3328 τῆς
1034 3298 1090 3321 νυ-

1152 3283 1250 3335 sera
1271 3283 1342 3319 tibi
1372 3294 1450 3318 non
1480 3282 1608 3319 attuli.
1631 3284 1716 3335 Ego
1749 3285 1924 3337 satisfeci
1951 3286 1998 3323 de
2021 3299 2119 3322 men.

109 3408 121 3423 ⁸
146 3398 248 3432 Saxil.
263 3406 293 3432 ct
310 3399 455 3443 quinque
470 3400 544 3433 Mss.
566 3404 681 3440 σόυεπις.
702 3406 748 3436 καὶ
776 3406 853 3441 ὅπως
878 3409 928 3438 τὸν
954 3409 1063 3439 Aiga-a.
1090 3403 1204 3438 morel.
1225 3413 1259 3436 ut
1281 3404 1311 3436 ³u
1331 3410 1440 3443 textu,
1459 3403 1514 3446 qui
1533 3403 1614 3437 benc
1629 3403 1748 3438 tubere
1764 3405 1906 3439 xidetur.

2147 1041 2331 1071 1.Cor.12.
