<?xml version="1.0" encoding="UTF-8"?>
<!DOCTYPE html PUBLIC "-//W3C//DTD XHTML 1.0 Transitional//EN"
    "http://www.w3.org/TR/xhtml1/DTD/xhtml1-transitional.dtd">
<html xmlns="http://www.w3.org/1999/xhtml" xml:lang="en" lang="en">
 <head>
  <title>
</title>
<meta http-equiv="Content-Type" content="text/html;charset=utf-8" />
  <meta name='ocr-system' content='tesseract 3.04.00' />
  <meta name='ocr-capabilities' content='ocr_page ocr_carea ocr_par ocr_line ocrx_word'/>
</head>
<body>
  <div class='ocr_page' id='page_1' title='image "./operaomniaquaeex04johnuoft/operaomniaquaeex04johnuoft_0110.png"; bbox 0 0 2483 3791; ppageno 0'>
   <div class='ocr_carea' id='block_1_1' title="bbox 311 193 371 236">
    <p class='ocr_par' dir='ltr' id='par_1_1' title="bbox 311 193 371 236">
     <span class='ocr_line' id='line_1_1' title="bbox 311 193 371 236; baseline 0 -15"><span class='ocrx_word' id='word_1_1' title='bbox 311 193 371 236; x_wconf 71' lang='grc'>90</span> 
     </span>
    </p>
   </div>
   <div class='ocr_carea' id='block_1_2' title="bbox 310 271 1344 3251">
    <p class='ocr_par' dir='ltr' id='par_1_2' title="bbox 310 271 1344 3251">
     <span class='ocr_line' id='line_1_2' title="bbox 310 271 1262 323; baseline -0.004 -12"><span class='ocrx_word' id='word_1_2' title='bbox 310 271 466 311; x_wconf 87' lang='lat' dir='ltr'>hominis</span> <span class='ocrx_word' id='word_1_3' title='bbox 494 271 704 310; x_wconf 82' lang='lat' dir='ltr'>formatione</span> <span class='ocrx_word' id='word_1_4' title='bbox 738 271 856 311; x_wconf 86' lang='lat' dir='ltr'><strong>dicere</strong></span> <span class='ocrx_word' id='word_1_5' title='bbox 889 271 1050 323; x_wconf 86' lang='lat' dir='ltr'>coepisse,</span> <span class='ocrx_word' id='word_1_6' title='bbox 1081 280 1115 309; x_wconf 89' lang='lat' dir='ltr'>et</span> <span class='ocrx_word' id='word_1_7' title='bbox 1151 284 1262 322; x_wconf 85' lang='lat' dir='ltr'>angu-</span> 
     </span>
     <span class='ocr_line' id='line_1_3' title="bbox 310 332 1262 385; baseline -0.002 -14"><span class='ocrx_word' id='word_1_8' title='bbox 310 333 377 372; x_wconf 82' lang='lat' dir='ltr'>stia</span> <span class='ocrx_word' id='word_1_9' title='bbox 406 332 574 385; x_wconf 83' lang='lat' dir='ltr'>temporis</span> <span class='ocrx_word' id='word_1_10' title='bbox 600 332 827 385; x_wconf 78' lang='lat' dir='ltr'>praepeditos,</span> <span class='ocrx_word' id='word_1_11' title='bbox 846 333 1033 370; x_wconf 84' lang='lat' dir='ltr'>lectionem</span> <span class='ocrx_word' id='word_1_12' title='bbox 1049 341 1157 370; x_wconf 83' lang='lat' dir='ltr'>totam</span> <span class='ocrx_word' id='word_1_13' title='bbox 1177 346 1262 383; x_wconf 89' lang='lat' dir='ltr'>per—</span> 
     </span>
     <span class='ocr_line' id='line_1_4' title="bbox 311 391 1263 443; baseline -0.005 -11"><span class='ocrx_word' id='word_1_14' title='bbox 311 395 417 432; x_wconf 85' lang='lat' dir='ltr'>ficere</span> <span class='ocrx_word' id='word_1_15' title='bbox 455 407 524 431; x_wconf 92' lang='lat' dir='ltr'>non</span> <span class='ocrx_word' id='word_1_16' title='bbox 561 393 718 432; x_wconf 78' lang='lat' dir='ltr'>valentes</span> <span class='ocrx_word' id='word_1_17' title='bbox 732 423 743 443; x_wconf 92' lang='lat'>,</span> <span class='ocrx_word' id='word_1_18' title='bbox 775 394 812 431; x_wconf 93' lang='lat' dir='ltr'>in</span> <span class='ocrx_word' id='word_1_19' title='bbox 842 393 1001 430; x_wconf 82' lang='lat' dir='ltr'>doctrina</span> <span class='ocrx_word' id='word_1_20' title='bbox 1030 391 1075 430; x_wconf 88' lang='lat' dir='ltr'>de</span> <span class='ocrx_word' id='word_1_21' title='bbox 1108 392 1263 428; x_wconf 84' lang='lat' dir='ltr'>ferarum</span> 
     </span>
     <span class='ocr_line' id='line_1_5' title="bbox 312 451 1264 501; baseline -0.005 -8"><span class='ocrx_word' id='word_1_22' title='bbox 312 455 464 494; x_wconf 82' lang='lat' dir='ltr'>utilitate</span> <span class='ocrx_word' id='word_1_23' title='bbox 495 454 603 491; x_wconf 85' lang='lat' dir='ltr'>finem</span> <span class='ocrx_word' id='word_1_24' title='bbox 638 454 780 501; x_wconf 83' lang='lat' dir='ltr'>fecisse,</span> <span class='ocrx_word' id='word_1_25' title='bbox 806 453 1050 500; x_wconf 87' lang='lat' dir='ltr'>ostendentes,</span> <span class='ocrx_word' id='word_1_26' title='bbox 1082 451 1264 489; x_wconf 87' lang='lat' dir='ltr'>hominem</span> 
     </span>
     <span class='ocr_line' id='line_1_6' title="bbox 311 510 1265 568; baseline -0.006 -15"><span class='ocrx_word' id='word_1_27' title='bbox 311 525 456 568; x_wconf 85' lang='lat' dir='ltr'>propter</span> <span class='ocrx_word' id='word_1_28' title='bbox 474 513 751 551; x_wconf 81' lang='lat' dir='ltr'>inobedientiam</span> <span class='ocrx_word' id='word_1_29' title='bbox 766 527 785 550; x_wconf 83' lang='lat' dir='ltr'>a</span> <span class='ocrx_word' id='word_1_30' title='bbox 804 512 1023 564; x_wconf 81' lang='lat' dir='ltr'>principatu,</span> <span class='ocrx_word' id='word_1_31' title='bbox 1037 525 1145 562; x_wconf 88' lang='lat' dir='ltr'>quem</span> <span class='ocrx_word' id='word_1_32' title='bbox 1163 510 1265 562; x_wconf 83' lang='lat' dir='ltr'>prius</span> 
     </span>
     <span class='ocr_line' id='line_1_7' title="bbox 312 571 1265 628; baseline -0.006 -14"><span class='ocrx_word' id='word_1_33' title='bbox 312 590 419 628; x_wconf 87' lang='lat' dir='ltr'>super</span> <span class='ocrx_word' id='word_1_34' title='bbox 439 589 496 612; x_wconf 86' lang='lat' dir='ltr'>eas</span> <span class='ocrx_word' id='word_1_35' title='bbox 521 574 685 620; x_wconf 80' lang='lat' dir='ltr'>habebat,</span> <span class='ocrx_word' id='word_1_36' title='bbox 702 572 891 610; x_wconf 81' lang='lat' dir='ltr'>excidisse.</span> <span class='ocrx_word' id='word_1_37' title='bbox 908 572 1016 610; x_wconf 84' lang='lat' dir='ltr'>Unde</span> <span class='ocrx_word' id='word_1_38' title='bbox 1041 571 1149 622; x_wconf 88' lang='lat' dir='ltr'>hodie</span> <span class='ocrx_word' id='word_1_39' title='bbox 1168 571 1265 622; x_wconf 88' lang='lat' dir='ltr'>quod</span> 
     </span>
     <span class='ocr_line' id='line_1_8' title="bbox 311 632 1311 686; baseline -0.005 -13"><span class='ocrx_word' id='word_1_40' title='bbox 311 636 489 686; x_wconf 87' lang='lat' dir='ltr'>reliquum</span> <span class='ocrx_word' id='word_1_41' title='bbox 524 643 575 671; x_wconf 91' lang='lat' dir='ltr'>est</span> <span class='ocrx_word' id='word_1_42' title='bbox 608 633 799 671; x_wconf 82' lang='lat' dir='ltr'>reddemus</span> <span class='ocrx_word' id='word_1_43' title='bbox 813 663 822 681; x_wconf 87' lang='lat'>,</span> <span class='ocrx_word' id='word_1_44' title='bbox 857 642 963 683; x_wconf 83' lang='lat' dir='ltr'>atque</span> <span class='ocrx_word' id='word_1_45' title='bbox 994 633 1043 671; x_wconf 83' lang='lat' dir='ltr'>ita</span> <span class='ocrx_word' id='word_1_46' title='bbox 1078 632 1164 671; x_wconf 87' lang='lat' dir='ltr'>hinc</span> <span class='ocrx_word' id='word_1_47' title='bbox 1199 646 1264 674; x_wconf 91' lang='lat' dir='ltr'>vos</span> <span class='ocrx_word' id='word_1_48' title='bbox 1286 638 1311 668; x_wconf 89' lang='lat' dir='ltr'><strong>E</strong></span> 
     </span>
     <span class='ocr_line' id='line_1_9' title="bbox 312 694 1265 734; baseline 0 -1"><span class='ocrx_word' id='word_1_49' title='bbox 312 696 543 734; x_wconf 76' lang='lat' dir='ltr'>dimittemus.</span> <span class='ocrx_word' id='word_1_50' title='bbox 563 694 610 732; x_wconf 93' lang='lat' dir='ltr'>Et</span> <span class='ocrx_word' id='word_1_51' title='bbox 637 703 677 732; x_wconf 87' lang='lat' dir='ltr'>ut</span> <span class='ocrx_word' id='word_1_52' title='bbox 702 694 920 732; x_wconf 79' lang='lat' dir='ltr'>manifestior</span> <span class='ocrx_word' id='word_1_53' title='bbox 940 695 1044 734; x_wconf 82' lang='lat' dir='ltr'>vobis</span> <span class='ocrx_word' id='word_1_54' title='bbox 1067 709 1182 733; x_wconf 88' lang='lat' dir='ltr'>sermo</span> <span class='ocrx_word' id='word_1_55' title='bbox 1202 708 1265 733; x_wconf 90' lang='lat' dir='ltr'>no-</span> 
     </span>
     <span class='ocr_line' id='line_1_10' title="bbox 313 755 1266 808; baseline -0.002 -13"><span class='ocrx_word' id='word_1_56' title='bbox 313 766 384 796; x_wconf 88' lang='lat' dir='ltr'>ster</span> <span class='ocrx_word' id='word_1_57' title='bbox 405 757 473 804; x_wconf 88' lang='lat' dir='ltr'>sit,</span> <span class='ocrx_word' id='word_1_58' title='bbox 503 770 616 808; x_wconf 86' lang='lat' dir='ltr'>operae</span> <span class='ocrx_word' id='word_1_59' title='bbox 645 755 800 807; x_wconf 88' lang='lat' dir='ltr'>pretium</span> <span class='ocrx_word' id='word_1_60' title='bbox 830 756 937 793; x_wconf 82' lang='lat' dir='ltr'>fuerit</span> <span class='ocrx_word' id='word_1_61' title='bbox 961 756 1175 805; x_wconf 86' lang='lat' dir='ltr'>meminisse,</span> <span class='ocrx_word' id='word_1_62' title='bbox 1203 756 1266 794; x_wconf 87' lang='lat' dir='ltr'>ubi</span> 
     </span>
     <span class='ocr_line' id='line_1_11' title="bbox 313 815 1266 867; baseline -0.001 -11"><span class='ocrx_word' id='word_1_63' title='bbox 313 828 399 857; x_wconf 85' lang='lat' dir='ltr'>tunc</span> <span class='ocrx_word' id='word_1_64' title='bbox 417 817 566 855; x_wconf 88' lang='lat' dir='ltr'>missum</span> <span class='ocrx_word' id='word_1_65' title='bbox 583 815 771 854; x_wconf 82' lang='lat' dir='ltr'>fecerimus</span> <span class='ocrx_word' id='word_1_66' title='bbox 790 831 1000 867; x_wconf 85' lang='lat' dir='ltr'>sermonem,</span> <span class='ocrx_word' id='word_1_67' title='bbox 1016 827 1057 856; x_wconf 90' lang='lat' dir='ltr'>ut</span> <span class='ocrx_word' id='word_1_68' title='bbox 1073 816 1155 855; x_wconf 88' lang='lat' dir='ltr'>inde</span> <span class='ocrx_word' id='word_1_69' title='bbox 1174 818 1266 855; x_wconf 79' lang='lat' dir='ltr'>facto</span> 
     </span>
     <span class='ocr_line' id='line_1_12' title="bbox 314 878 1268 931; baseline -0.001 -14"><span class='ocrx_word' id='word_1_70' title='bbox 314 880 436 929; x_wconf 84' lang='lat' dir='ltr'>initio,</span> <span class='ocrx_word' id='word_1_71' title='bbox 455 893 532 929; x_wconf 88' lang='lat' dir='ltr'>quae</span> <span class='ocrx_word' id='word_1_72' title='bbox 554 878 690 929; x_wconf 84' lang='lat' dir='ltr'>reliqua</span> <span class='ocrx_word' id='word_1_73' title='bbox 716 887 798 916; x_wconf 86' lang='lat' dir='ltr'>sunt</span> <span class='ocrx_word' id='word_1_74' title='bbox 821 878 1044 931; x_wconf 79' lang='lat' dir='ltr'>impleamus.</span> <span class='ocrx_word' id='word_1_75' title='bbox 1061 879 1136 918; x_wconf 85' lang='lat' dir='ltr'>Ubi</span> <span class='ocrx_word' id='word_1_76' title='bbox 1155 879 1268 931; x_wconf 80' lang='lat' dir='ltr'>igitur</span> 
     </span>
     <span class='ocr_line' id='line_1_13' title="bbox 315 938 1268 978; baseline -0.001 0"><span class='ocrx_word' id='word_1_77' title='bbox 315 941 423 978; x_wconf 86' lang='lat' dir='ltr'>finem</span> <span class='ocrx_word' id='word_1_78' title='bbox 446 938 589 977; x_wconf 87' lang='lat' dir='ltr'>dicendi</span> <span class='ocrx_word' id='word_1_79' title='bbox 615 938 795 976; x_wconf 77' lang='lat' dir='ltr'>fecimus?</span> <span class='ocrx_word' id='word_1_80' title='bbox 816 939 908 977; x_wconf 90' lang='lat' dir='ltr'>Cum</span> <span class='ocrx_word' id='word_1_81' title='bbox 933 939 1095 978; x_wconf 78' lang='lat' dir='ltr'>diximus</span> <span class='ocrx_word' id='word_1_82' title='bbox 1122 940 1166 978; x_wconf 90' lang='lat' dir='ltr'>de</span> <span class='ocrx_word' id='word_1_83' title='bbox 1195 940 1268 977; x_wconf 89' lang='lat' dir='ltr'>illis</span> 
     </span>
     <span class='ocr_line' id='line_1_14' title="bbox 315 1001 1268 1051; baseline -0.001 -12"><span class='ocrx_word' id='word_1_84' title='bbox 315 1001 447 1051; x_wconf 75' lang='lat' dir='ltr'>verbis,</span> <span class='ocrx_word' id='word_1_85' title='bbox 475 1003 687 1038; x_wconf 80' lang='lat' dir='ltr'>Faciamus</span> <span class='ocrx_word' id='word_1_86' title='bbox 721 1001 914 1038; x_wconf 79' lang='lat' dir='ltr'>hominem</span> <span class='ocrx_word' id='word_1_87' title='bbox 935 1003 1146 1039; x_wconf 84' lang='lat' dir='ltr'>secundum</span> <span class='ocrx_word' id='word_1_88' title='bbox 1172 1004 1268 1038; x_wconf 91' lang='lat' dir='ltr'>ima-</span> 
     </span>
     <span class='ocr_line' id='line_1_15' title="bbox 314 1063 1267 1115; baseline -0.002 -15"><span class='ocrx_word' id='word_1_89' title='bbox 314 1066 444 1115; x_wconf 77' lang='lat' dir='ltr'>ginem</span> <span class='ocrx_word' id='word_1_90' title='bbox 471 1071 656 1108; x_wconf 82' lang='lat' dir='ltr'>nostram,</span> <span class='ocrx_word' id='word_1_91' title='bbox 676 1070 711 1100; x_wconf 85' lang='lat' dir='ltr'>et</span> <span class='ocrx_word' id='word_1_92' title='bbox 731 1063 939 1099; x_wconf 84' lang='lat' dir='ltr'>secundum</span> <span class='ocrx_word' id='word_1_93' title='bbox 957 1063 1267 1107; x_wconf 82' lang='lat' dir='ltr'>similitudinem,</span> 
     </span>
     <span class='ocr_line' id='line_1_16' title="bbox 318 1123 1321 1174; baseline -0.002 -13"><span class='ocrx_word' id='word_1_94' title='bbox 318 1132 355 1161; x_wconf 86' lang='lat' dir='ltr'>et</span> <span class='ocrx_word' id='word_1_95' title='bbox 381 1124 629 1160; x_wconf 78' lang='lat' dir='ltr'>dominentur</span> <span class='ocrx_word' id='word_1_96' title='bbox 653 1124 820 1174; x_wconf 80' lang='lat' dir='ltr'>piscihus</span> <span class='ocrx_word' id='word_1_97' title='bbox 844 1125 958 1168; x_wconf 84' lang='lat' dir='ltr'>mari,</span> <span class='ocrx_word' id='word_1_98' title='bbox 977 1131 1014 1160; x_wconf 84' lang='lat' dir='ltr'>et</span> <span class='ocrx_word' id='word_1_99' title='bbox 1048 1123 1271 1160; x_wconf 81' lang='lat' dir='ltr'>volucribus</span> <span class='ocrx_word' id='word_1_100' title='bbox 1298 1126 1321 1155; x_wconf 74' lang='grc' dir='ltr'>Α</span> 
     </span>
     <span class='ocr_line' id='line_1_17' title="bbox 318 1183 1273 1235; baseline -0.001 -13"><span class='ocrx_word' id='word_1_101' title='bbox 318 1185 417 1230; x_wconf 84' lang='lat' dir='ltr'>coeli,</span> <span class='ocrx_word' id='word_1_102' title='bbox 433 1183 514 1234; x_wconf 85' lang='lat' dir='ltr'>quia</span> <span class='ocrx_word' id='word_1_103' title='bbox 532 1192 616 1221; x_wconf 85' lang='lat' dir='ltr'>tunc</span> <span class='ocrx_word' id='word_1_104' title='bbox 631 1197 744 1221; x_wconf 88' lang='lat' dir='ltr'>sermo</span> <span class='ocrx_word' id='word_1_105' title='bbox 755 1183 931 1235; x_wconf 75' lang='lat' dir='ltr'>prolixior</span> <span class='ocrx_word' id='word_1_106' title='bbox 944 1183 1026 1234; x_wconf 87' lang='lat' dir='ltr'>fuit,</span> <span class='ocrx_word' id='word_1_107' title='bbox 1039 1193 1073 1221; x_wconf 87' lang='lat' dir='ltr'>et</span> <span class='ocrx_word' id='word_1_108' title='bbox 1087 1192 1209 1221; x_wconf 84' lang='lat' dir='ltr'>natum</span> <span class='ocrx_word' id='word_1_109' title='bbox 1222 1192 1273 1221; x_wconf 86' lang='lat' dir='ltr'>est</span> 
     </span>
     <span class='ocr_line' id='line_1_18' title="bbox 319 1244 1275 1297; baseline 0.001 -15"><span class='ocrx_word' id='word_1_110' title='bbox 319 1245 421 1284; x_wconf 86' lang='lat' dir='ltr'>uobis</span> <span class='ocrx_word' id='word_1_111' title='bbox 445 1245 593 1297; x_wconf 82' lang='lat' dir='ltr'>pelagus</span> <span class='ocrx_word' id='word_1_112' title='bbox 617 1244 800 1295; x_wconf 82' lang='lat' dir='ltr'>quoddam</span> <span class='ocrx_word' id='word_1_113' title='bbox 822 1244 1087 1293; x_wconf 83' lang='lat' dir='ltr'>sententiarum,</span> <span class='ocrx_word' id='word_1_114' title='bbox 1104 1259 1168 1283; x_wconf 84' lang='lat' dir='ltr'>nec</span> <span class='ocrx_word' id='word_1_115' title='bbox 1192 1259 1275 1283; x_wconf 85' lang='lat' dir='ltr'>con-</span> 
     </span>
     <span class='ocr_line' id='line_1_19' title="bbox 319 1305 1275 1357; baseline 0.002 -14"><span class='ocrx_word' id='word_1_116' title='bbox 319 1320 469 1354; x_wconf 87' lang='lat' dir='ltr'>cessum,</span> <span class='ocrx_word' id='word_1_117' title='bbox 480 1314 520 1343; x_wconf 79' lang='lat' dir='ltr'>ut</span> <span class='ocrx_word' id='word_1_118' title='bbox 540 1305 688 1343; x_wconf 82' lang='lat' dir='ltr'>ulterius</span> <span class='ocrx_word' id='word_1_119' title='bbox 705 1305 1011 1357; x_wconf 78' lang='lat' dir='ltr'>progrederemur,</span> <span class='ocrx_word' id='word_1_120' title='bbox 1024 1307 1085 1345; x_wconf 92' lang='lat' dir='ltr'>sed</span> <span class='ocrx_word' id='word_1_121' title='bbox 1103 1307 1275 1345; x_wconf 84' lang='lat' dir='ltr'>hactenus</span> 
     </span>
     <span class='ocr_line' id='line_1_20' title="bbox 318 1366 1314 1420; baseline 0.003 -17"><span class='ocrx_word' id='word_1_122' title='bbox 318 1366 494 1418; x_wconf 83' lang='lat' dir='ltr'>producto</span> <span class='ocrx_word' id='word_1_123' title='bbox 508 1381 678 1415; x_wconf 86' lang='lat' dir='ltr'>sermone,</span> <span class='ocrx_word' id='word_1_124' title='bbox 688 1367 866 1417; x_wconf 81' lang='lat' dir='ltr'>sequentia</span> <span class='ocrx_word' id='word_1_125' title='bbox 882 1381 949 1405; x_wconf 92' lang='lat' dir='ltr'>non</span> <span class='ocrx_word' id='word_1_126' title='bbox 961 1367 1156 1420; x_wconf 77' lang='lat' dir='ltr'>attigimus.</span> <span class='ocrx_word' id='word_1_127' title='bbox 1169 1368 1277 1407; x_wconf 88' lang='lat' dir='ltr'>Unde</span> <span class='ocrx_word' id='word_1_128' title='bbox 1306 1372 1314 1378; x_wconf 79' lang='grc'><em>’</em></span> 
     </span>
     <span class='ocr_line' id='line_1_21' title="bbox 319 1428 1276 1481; baseline 0.001 -15"><span class='ocrx_word' id='word_1_129' title='bbox 319 1443 414 1466; x_wconf 87' lang='lat' dir='ltr'>nunc</span> <span class='ocrx_word' id='word_1_130' title='bbox 447 1428 699 1478; x_wconf 78' lang='lat' dir='ltr'>necessarium,</span> <span class='ocrx_word' id='word_1_131' title='bbox 727 1437 767 1466; x_wconf 85' lang='lat' dir='ltr'>ut</span> <span class='ocrx_word' id='word_1_132' title='bbox 796 1428 936 1467; x_wconf 82' lang='lat' dir='ltr'>caritati</span> <span class='ocrx_word' id='word_1_133' title='bbox 964 1438 1091 1468; x_wconf 81' lang='lat' dir='ltr'>vestrae</span> <span class='ocrx_word' id='word_1_134' title='bbox 1122 1444 1200 1481; x_wconf 85' lang='lat' dir='ltr'>quae</span> <span class='ocrx_word' id='word_1_135' title='bbox 1225 1444 1276 1467; x_wconf 92' lang='lat' dir='ltr'>se-</span> 
     </span>
     <span class='ocr_line' id='line_1_22' title="bbox 319 1488 1276 1542; baseline 0.002 -16"><span class='ocrx_word' id='word_1_136' title='bbox 319 1499 479 1541; x_wconf 82' lang='lat' dir='ltr'>quuntur</span> <span class='ocrx_word' id='word_1_137' title='bbox 498 1489 677 1541; x_wconf 82' lang='lat' dir='ltr'>legantur,</span> <span class='ocrx_word' id='word_1_138' title='bbox 695 1499 733 1527; x_wconf 84' lang='lat' dir='ltr'>ut</span> <span class='ocrx_word' id='word_1_139' title='bbox 759 1488 847 1527; x_wconf 85' lang='lat' dir='ltr'>scire</span> <span class='ocrx_word' id='word_1_140' title='bbox 867 1490 1010 1542; x_wconf 86' lang='lat' dir='ltr'>possitis</span> <span class='ocrx_word' id='word_1_141' title='bbox 1029 1505 1192 1541; x_wconf 84' lang='lat' dir='ltr'>quaenam</span> <span class='ocrx_word' id='word_1_142' title='bbox 1214 1504 1276 1529; x_wconf 87' lang='lat' dir='ltr'>vo-</span> 
     </span>
     <span class='ocr_line' id='line_1_23' title="bbox 319 1551 1279 1604; baseline 0.001 -16"><span class='ocrx_word' id='word_1_143' title='bbox 319 1551 375 1589; x_wconf 84' lang='lat' dir='ltr'>bis</span> <span class='ocrx_word' id='word_1_144' title='bbox 390 1551 525 1589; x_wconf 87' lang='lat' dir='ltr'>dicturi</span> <span class='ocrx_word' id='word_1_145' title='bbox 544 1551 667 1589; x_wconf 83' lang='lat' dir='ltr'>simus.</span> <span class='ocrx_word' id='word_1_146' title='bbox 685 1551 813 1589; x_wconf 87' lang='lat' dir='ltr'>Statim</span> <span class='ocrx_word' id='word_1_147' title='bbox 830 1551 941 1602; x_wconf 83' lang='lat' dir='ltr'>igitur</span> <span class='ocrx_word' id='word_1_148' title='bbox 953 1551 1077 1589; x_wconf 77' lang='lat' dir='ltr'>divina</span> <span class='ocrx_word' id='word_1_149' title='bbox 1093 1552 1279 1604; x_wconf 80' lang='lat' dir='ltr'>Scriptura</span> 
     </span>
     <span class='ocr_line' id='line_1_24' title="bbox 321 1612 1278 1664; baseline 0 -14"><span class='ocrx_word' id='word_1_150' title='bbox 321 1612 486 1651; x_wconf 83' lang='lat' dir='ltr'>subdidit</span> <span class='ocrx_word' id='word_1_151' title='bbox 505 1628 513 1648; x_wconf 78' lang='lat' dir='ltr'>t</span> <span class='ocrx_word' id='word_1_152' title='bbox 536 1613 601 1650; x_wconf 58' lang='lat'>27.</span> <span class='ocrx_word' id='word_1_153' title='bbox 617 1613 777 1664; x_wconf 83' lang='lat' dir='ltr'>Etfecit</span> <span class='ocrx_word' id='word_1_154' title='bbox 792 1613 898 1650; x_wconf 84' lang='lat' dir='ltr'>Deus</span> <span class='ocrx_word' id='word_1_155' title='bbox 916 1613 1127 1657; x_wconf 73' lang='lat' dir='ltr'>lionzinern5</span> <span class='ocrx_word' id='word_1_156' title='bbox 1145 1627 1278 1651; x_wconf 82' lang='lat' dir='ltr'>secun-</span> 
     </span>
     <span class='ocr_line' id='line_1_25' title="bbox 323 1674 1279 1725; baseline 0 -14"><span class='ocrx_word' id='word_1_157' title='bbox 323 1675 414 1712; x_wconf 79' lang='lat' dir='ltr'>dum</span> <span class='ocrx_word' id='word_1_158' title='bbox 429 1675 637 1724; x_wconf 81' lang='lat' dir='ltr'>imaginem</span> <span class='ocrx_word' id='word_1_159' title='bbox 655 1674 732 1710; x_wconf 89' lang='lat' dir='ltr'>Dei</span> <span class='ocrx_word' id='word_1_160' title='bbox 743 1674 840 1725; x_wconf 81' lang='lat' dir='ltr'>fecit</span> <span class='ocrx_word' id='word_1_161' title='bbox 863 1674 993 1718; x_wconf 84' lang='lat' dir='ltr'>illum;</span> <span class='ocrx_word' id='word_1_162' title='bbox 1014 1675 1230 1711; x_wconf 83' lang='lat' dir='ltr'>masculum</span> <span class='ocrx_word' id='word_1_163' title='bbox 1244 1681 1279 1711; x_wconf 79' lang='lat' dir='ltr'>et</span> 
     </span>
     <span class='ocr_line' id='line_1_26' title="bbox 312 1734 1280 1787; baseline -0.002 -14"><span class='ocrx_word' id='word_1_164' title='bbox 312 1735 511 1787; x_wconf 77' lang='lat' dir='ltr'>feminam</span> <span class='ocrx_word' id='word_1_165' title='bbox 525 1734 629 1786; x_wconf 83' lang='lat' dir='ltr'>fecit</span> <span class='ocrx_word' id='word_1_166' title='bbox 665 1734 768 1771; x_wconf 83' lang='lat' dir='ltr'>illos.</span> <span class='ocrx_word' id='word_1_167' title='bbox 792 1734 856 1772; x_wconf 60' lang='lat' dir='ltr'>QS.</span> <span class='ocrx_word' id='word_1_168' title='bbox 887 1735 941 1772; x_wconf 81' lang='lat' dir='ltr'>Et</span> <span class='ocrx_word' id='word_1_169' title='bbox 974 1734 1170 1772; x_wconf 76' lang='lat' dir='ltr'>benedixit</span> <span class='ocrx_word' id='word_1_170' title='bbox 1200 1735 1280 1772; x_wconf 83' lang='lat' dir='ltr'>illis</span> 
     </span>
     <span class='ocr_line' id='line_1_27' title="bbox 324 1796 1327 1847; baseline -0.003 -13"><span class='ocrx_word' id='word_1_171' title='bbox 324 1797 431 1834; x_wconf 76' lang='lat' dir='ltr'>Deus</span> <span class='ocrx_word' id='word_1_172' title='bbox 459 1797 590 1833; x_wconf 85' lang='lat' dir='ltr'>dicens</span> <span class='ocrx_word' id='word_1_173' title='bbox 608 1811 618 1831; x_wconf 81' lang='grc'>.-</span> <span class='ocrx_word' id='word_1_174' title='bbox 638 1796 806 1833; x_wconf 76' lang='lat' dir='ltr'>Crescite</span> <span class='ocrx_word' id='word_1_175' title='bbox 825 1804 861 1834; x_wconf 85' lang='lat' dir='ltr'>et</span> <span class='ocrx_word' id='word_1_176' title='bbox 890 1796 1221 1847; x_wconf 75' lang='lat' dir='ltr'>multiplicamini,</span> <span class='ocrx_word' id='word_1_177' title='bbox 1245 1804 1281 1834; x_wconf 82' lang='lat' dir='ltr'>et</span> <span class='ocrx_word' id='word_1_178' title='bbox 1305 1803 1327 1831; x_wconf 87' lang='lat' dir='ltr'><strong>B</strong></span> 
     </span>
     <span class='ocr_line' id='line_1_28' title="bbox 325 1857 1282 1909; baseline -0.001 -14"><span class='ocrx_word' id='word_1_179' title='bbox 325 1858 482 1909; x_wconf 82' lang='lat' dir='ltr'>implete</span> <span class='ocrx_word' id='word_1_180' title='bbox 505 1865 662 1906; x_wconf 85' lang='lat' dir='ltr'>terram,</span> <span class='ocrx_word' id='word_1_181' title='bbox 684 1865 722 1894; x_wconf 79' lang='lat' dir='ltr'>et</span> <span class='ocrx_word' id='word_1_182' title='bbox 745 1857 998 1894; x_wconf 83' lang='lat' dir='ltr'>dominemini</span> <span class='ocrx_word' id='word_1_183' title='bbox 1021 1859 1080 1894; x_wconf 80' lang='lat' dir='ltr'>ei.-</span> <span class='ocrx_word' id='word_1_184' title='bbox 1100 1865 1135 1894; x_wconf 81' lang='lat' dir='ltr'>et</span> <span class='ocrx_word' id='word_1_185' title='bbox 1161 1858 1282 1894; x_wconf 80' lang='lat' dir='ltr'>(lomi-</span> 
     </span>
     <span class='ocr_line' id='line_1_29' title="bbox 327 1918 1284 1969; baseline 0.002 -14"><span class='ocrx_word' id='word_1_186' title='bbox 327 1920 472 1956; x_wconf 86' lang='lat' dir='ltr'>nemini</span> <span class='ocrx_word' id='word_1_187' title='bbox 487 1919 656 1969; x_wconf 81' lang='lat' dir='ltr'>piscibus</span> <span class='ocrx_word' id='word_1_188' title='bbox 677 1920 811 1967; x_wconf 81' lang='lat' dir='ltr'>maris,</span> <span class='ocrx_word' id='word_1_189' title='bbox 828 1926 864 1955; x_wconf 82' lang='lat' dir='ltr'>et</span> <span class='ocrx_word' id='word_1_190' title='bbox 883 1918 1115 1956; x_wconf 81' lang='lat' dir='ltr'>volatilibus</span> <span class='ocrx_word' id='word_1_191' title='bbox 1135 1919 1235 1964; x_wconf 75' lang='lat' dir='ltr'>coelt,</span> <span class='ocrx_word' id='word_1_192' title='bbox 1248 1927 1284 1957; x_wconf 78' lang='lat' dir='ltr'>et</span> 
     </span>
     <span class='ocr_line' id='line_1_30' title="bbox 327 1980 1284 2031; baseline 0.001 -15"><span class='ocrx_word' id='word_1_193' title='bbox 327 1981 506 2017; x_wconf 81' lang='lat' dir='ltr'>omnibus</span> <span class='ocrx_word' id='word_1_194' title='bbox 518 1980 732 2031; x_wconf 81' lang='lat' dir='ltr'>pecoribus,</span> <span class='ocrx_word' id='word_1_195' title='bbox 747 1987 783 2016; x_wconf 85' lang='lat' dir='ltr'>et</span> <span class='ocrx_word' id='word_1_196' title='bbox 799 1981 904 2016; x_wconf 85' lang='lat' dir='ltr'>omni</span> <span class='ocrx_word' id='word_1_197' title='bbox 921 1987 1041 2028; x_wconf 80' lang='lat' dir='ltr'>terroe,</span> <span class='ocrx_word' id='word_1_198' title='bbox 1054 1988 1091 2017; x_wconf 83' lang='lat' dir='ltr'>et</span> <span class='ocrx_word' id='word_1_199' title='bbox 1108 1982 1284 2018; x_wconf 80' lang='lat' dir='ltr'>omnibus</span> 
     </span>
     <span class='ocr_line' id='line_1_31' title="bbox 328 2041 1285 2094; baseline 0 -15"><span class='ocrx_word' id='word_1_200' title='bbox 328 2041 530 2094; x_wconf 76' lang='lat' dir='ltr'>reptilibus</span> <span class='ocrx_word' id='word_1_201' title='bbox 568 2042 788 2092; x_wconf 78' lang='lat' dir='ltr'>repentibus</span> <span class='ocrx_word' id='word_1_202' title='bbox 829 2055 941 2092; x_wconf 79' lang='lat' dir='ltr'>super</span> <span class='ocrx_word' id='word_1_203' title='bbox 982 2049 1137 2079; x_wconf 79' lang='lat' dir='ltr'>terram.</span> <span class='ocrx_word' id='word_1_204' title='bbox 1167 2043 1285 2079; x_wconf 83' lang='lat' dir='ltr'>Pauca</span> 
     </span>
     <span class='ocr_line' id='line_1_32' title="bbox 328 2101 1287 2151; baseline 0 -12"><span class='ocrx_word' id='word_1_205' title='bbox 328 2111 411 2140; x_wconf 86' lang='lat' dir='ltr'>sunt</span> <span class='ocrx_word' id='word_1_206' title='bbox 440 2102 564 2148; x_wconf 73' lang='lat' dir='ltr'>verba,</span> <span class='ocrx_word' id='word_1_207' title='bbox 591 2101 653 2138; x_wconf 86' lang='lat' dir='ltr'>scd</span> <span class='ocrx_word' id='word_1_208' title='bbox 687 2115 837 2151; x_wconf 81' lang='lat' dir='ltr'>magnus</span> <span class='ocrx_word' id='word_1_209' title='bbox 868 2101 1072 2139; x_wconf 86' lang='lat' dir='ltr'>reconditus</span> <span class='ocrx_word' id='word_1_210' title='bbox 1100 2102 1287 2140; x_wconf 81' lang='lat' dir='ltr'>thesaurus</span> 
     </span>
     <span class='ocr_line' id='line_1_33' title="bbox 328 2161 1287 2214; baseline -0.002 -14"><span class='ocrx_word' id='word_1_211' title='bbox 328 2163 362 2200; x_wconf 89' lang='lat' dir='ltr'>iu</span> <span class='ocrx_word' id='word_1_212' title='bbox 377 2172 448 2200; x_wconf 90' lang='lat' dir='ltr'>tam</span> <span class='ocrx_word' id='word_1_213' title='bbox 460 2162 583 2214; x_wconf 87' lang='lat' dir='ltr'>paucis</span> <span class='ocrx_word' id='word_1_214' title='bbox 596 2161 726 2200; x_wconf 82' lang='lat' dir='ltr'>verbis.</span> <span class='ocrx_word' id='word_1_215' title='bbox 742 2161 881 2213; x_wconf 88' lang='lat' dir='ltr'>Spiritu</span> <span class='ocrx_word' id='word_1_216' title='bbox 894 2161 987 2199; x_wconf 87' lang='lat' dir='ltr'>enim</span> <span class='ocrx_word' id='word_1_217' title='bbox 1003 2162 1149 2212; x_wconf 85' lang='lat' dir='ltr'>loquens</span> <span class='ocrx_word' id='word_1_218' title='bbox 1162 2163 1287 2199; x_wconf 83' lang='lat' dir='ltr'>beatus</span> 
     </span>
     <span class='ocr_line' id='line_1_34' title="bbox 329 2221 1288 2275; baseline -0.002 -14"><span class='ocrx_word' id='word_1_219' title='bbox 329 2223 389 2261; x_wconf 85' lang='lat' dir='ltr'>hie</span> <span class='ocrx_word' id='word_1_220' title='bbox 415 2222 599 2275; x_wconf 80' lang='lat' dir='ltr'>propheta,</span> <span class='ocrx_word' id='word_1_221' title='bbox 620 2236 713 2259; x_wconf 89' lang='lat' dir='ltr'>nunc</span> <span class='ocrx_word' id='word_1_222' title='bbox 739 2236 801 2259; x_wconf 88' lang='lat' dir='ltr'>nos</span> <span class='ocrx_word' id='word_1_223' title='bbox 826 2236 951 2259; x_wconf 82' lang='lat' dir='ltr'>arcana</span> <span class='ocrx_word' id='word_1_224' title='bbox 974 2221 1138 2272; x_wconf 75' lang='lat' dir='ltr'>quaedam</span> <span class='ocrx_word' id='word_1_225' title='bbox 1164 2221 1288 2259; x_wconf 83' lang='lat' dir='ltr'>docere</span> 
     </span>
     <span class='ocr_line' id='line_1_35' title="bbox 331 2281 1285 2335; baseline -0.004 -13"><span class='ocrx_word' id='word_1_226' title='bbox 331 2284 421 2323; x_wconf 84' lang='lat' dir='ltr'>vult.</span> <span class='ocrx_word' id='word_1_227' title='bbox 433 2285 523 2321; x_wconf 88' lang='lat' dir='ltr'>Nam</span> <span class='ocrx_word' id='word_1_228' title='bbox 536 2291 723 2335; x_wconf 82' lang='lat' dir='ltr'>postquam</span> <span class='ocrx_word' id='word_1_229' title='bbox 739 2281 1067 2329; x_wconf 79' lang='lat' dir='ltr'>dixit,Faciamus</span> <span class='ocrx_word' id='word_1_230' title='bbox 1081 2283 1285 2330; x_wconf 78' lang='lat' dir='ltr'>hominem,</span> 
     </span>
     <span class='ocr_line' id='line_1_36' title="bbox 332 2342 1290 2393; baseline -0.003 -9"><span class='ocrx_word' id='word_1_231' title='bbox 332 2355 365 2384; x_wconf 85' lang='lat' dir='ltr'>et</span> <span class='ocrx_word' id='word_1_232' title='bbox 385 2345 588 2389; x_wconf 77' lang='lat' dir='ltr'>consilium,</span> <span class='ocrx_word' id='word_1_233' title='bbox 607 2352 652 2393; x_wconf 87' lang='lat' dir='ltr'>et,</span> <span class='ocrx_word' id='word_1_234' title='bbox 671 2352 708 2380; x_wconf 93' lang='lat' dir='ltr'>ut</span> <span class='ocrx_word' id='word_1_235' title='bbox 729 2343 776 2379; x_wconf 85' lang='lat' dir='ltr'>ita</span> <span class='ocrx_word' id='word_1_236' title='bbox 792 2342 925 2393; x_wconf 86' lang='lat' dir='ltr'>dicam,</span> <span class='ocrx_word' id='word_1_237' title='bbox 942 2342 1102 2380; x_wconf 84' lang='lat' dir='ltr'>studium</span> <span class='ocrx_word' id='word_1_238' title='bbox 1121 2343 1290 2381; x_wconf 84' lang='lat' dir='ltr'>adhibuit</span> 
     </span>
     <span class='ocr_line' id='line_1_37' title="bbox 332 2403 1288 2457; baseline -0.004 -12"><span class='ocrx_word' id='word_1_239' title='bbox 332 2406 492 2445; x_wconf 89' lang='lat' dir='ltr'>omnium</span> <span class='ocrx_word' id='word_1_240' title='bbox 514 2405 661 2457; x_wconf 79' lang='lat' dir='ltr'>Opifex,</span> <span class='ocrx_word' id='word_1_241' title='bbox 683 2413 722 2441; x_wconf 89' lang='lat' dir='ltr'>ut</span> <span class='ocrx_word' id='word_1_242' title='bbox 742 2404 810 2441; x_wconf 84' lang='lat' dir='ltr'>hoc</span> <span class='ocrx_word' id='word_1_243' title='bbox 831 2403 1007 2441; x_wconf 84' lang='lat' dir='ltr'>schemate</span> <span class='ocrx_word' id='word_1_244' title='bbox 1027 2404 1201 2441; x_wconf 86' lang='lat' dir='ltr'>formandi</span> <span class='ocrx_word' id='word_1_245' title='bbox 1223 2404 1288 2442; x_wconf 79' lang='lat' dir='ltr'>lio-</span> 
     </span>
     <span class='ocr_line' id='line_1_38' title="bbox 333 2464 1290 2518; baseline -0.004 -12"><span class='ocrx_word' id='word_1_246' title='bbox 333 2468 439 2506; x_wconf 87' lang='lat' dir='ltr'>minis</span> <span class='ocrx_word' id='word_1_247' title='bbox 467 2466 678 2518; x_wconf 84' lang='lat' dir='ltr'>dignitatem</span> <span class='ocrx_word' id='word_1_248' title='bbox 705 2464 915 2514; x_wconf 85' lang='lat' dir='ltr'>ostenderet,</span> <span class='ocrx_word' id='word_1_249' title='bbox 931 2474 964 2502; x_wconf 89' lang='lat' dir='ltr'>et</span> <span class='ocrx_word' id='word_1_250' title='bbox 992 2474 1072 2502; x_wconf 88' lang='lat' dir='ltr'>ante</span> <span class='ocrx_word' id='word_1_251' title='bbox 1105 2465 1290 2502; x_wconf 79' lang='lat' dir='ltr'>formatio-</span> 
     </span>
     <span class='ocr_line' id='line_1_39' title="bbox 333 2525 1339 2577; baseline -0.005 -10"><span class='ocrx_word' id='word_1_252' title='bbox 333 2544 412 2567; x_wconf 86' lang='lat' dir='ltr'>nem</span> <span class='ocrx_word' id='word_1_253' title='bbox 432 2528 539 2566; x_wconf 88' lang='lat' dir='ltr'>etiam</span> <span class='ocrx_word' id='word_1_254' title='bbox 566 2526 722 2575; x_wconf 84' lang='lat' dir='ltr'>doceret,</span> <span class='ocrx_word' id='word_1_255' title='bbox 743 2534 918 2576; x_wconf 86' lang='lat' dir='ltr'>quantum</span> <span class='ocrx_word' id='word_1_256' title='bbox 947 2525 1189 2577; x_wconf 77' lang='lat' dir='ltr'>principatum</span> <span class='ocrx_word' id='word_1_257' title='bbox 1217 2526 1290 2563; x_wconf 86' lang='lat' dir='ltr'>for·</span> <span class='ocrx_word' id='word_1_258' title='bbox 1314 2539 1339 2568; x_wconf 82' lang='lat' dir='ltr'>c</span> 
     </span>
     <span class='ocr_line' id='line_1_40' title="bbox 334 2586 1293 2638; baseline -0.005 -9"><span class='ocrx_word' id='word_1_259' title='bbox 334 2590 465 2629; x_wconf 85' lang='lat' dir='ltr'>maudo</span> <span class='ocrx_word' id='word_1_260' title='bbox 479 2587 616 2626; x_wconf 84' lang='lat' dir='ltr'>homini</span> <span class='ocrx_word' id='word_1_261' title='bbox 633 2587 781 2624; x_wconf 84' lang='lat' dir='ltr'>daturus</span> <span class='ocrx_word' id='word_1_262' title='bbox 801 2596 903 2624; x_wconf 85' lang='lat' dir='ltr'>esset.</span> <span class='ocrx_word' id='word_1_263' title='bbox 925 2586 1048 2638; x_wconf 88' lang='lat' dir='ltr'>ltaque</span> <span class='ocrx_word' id='word_1_264' title='bbox 1065 2586 1159 2623; x_wconf 76' lang='lat' dir='ltr'>dixit</span> <span class='ocrx_word' id='word_1_265' title='bbox 1181 2602 1188 2622; x_wconf 92' lang='lat'>:</span> <span class='ocrx_word' id='word_1_266' title='bbox 1214 2588 1293 2624; x_wconf 89' lang='lat' dir='ltr'>Fa-</span> 
     </span>
     <span class='ocr_line' id='line_1_41' title="bbox 334 2648 1292 2699; baseline -0.008 -9"><span class='ocrx_word' id='word_1_267' title='bbox 334 2654 484 2690; x_wconf 81' lang='lat' dir='ltr'>ciamus</span> <span class='ocrx_word' id='word_1_268' title='bbox 517 2651 711 2689; x_wconf 79' lang='lat' dir='ltr'>hominem</span> <span class='ocrx_word' id='word_1_269' title='bbox 739 2648 949 2686; x_wconf 81' lang='lat' dir='ltr'>seeundum</span> <span class='ocrx_word' id='word_1_270' title='bbox 983 2650 1191 2699; x_wconf 83' lang='lat' dir='ltr'>imaginem</span> <span class='ocrx_word' id='word_1_271' title='bbox 1231 2660 1292 2684; x_wconf 89' lang='lat' dir='ltr'>no-</span> 
     </span>
     <span class='ocr_line' id='line_1_42' title="bbox 335 2707 1295 2758; baseline -0.006 -8"><span class='ocrx_word' id='word_1_272' title='bbox 335 2721 470 2758; x_wconf 82' lang='lat' dir='ltr'>stram,</span> <span class='ocrx_word' id='word_1_273' title='bbox 495 2720 529 2748; x_wconf 76' lang='lat' dir='ltr'>et</span> <span class='ocrx_word' id='word_1_274' title='bbox 550 2710 760 2748; x_wconf 77' lang='lat' dir='ltr'>secundum</span> <span class='ocrx_word' id='word_1_275' title='bbox 792 2709 1104 2753; x_wconf 82' lang='lat' dir='ltr'>similitudinem;</span> <span class='ocrx_word' id='word_1_276' title='bbox 1121 2707 1295 2752; x_wconf 77' lang='lat' dir='ltr'>subdidit,</span> 
     </span>
     <span class='ocr_line' id='line_1_43' title="bbox 338 2767 1297 2822; baseline -0.006 -11"><span class='ocrx_word' id='word_1_277' title='bbox 338 2775 391 2811; x_wconf 80' lang='lat' dir='ltr'>Et</span> <span class='ocrx_word' id='word_1_278' title='bbox 408 2774 657 2810; x_wconf 81' lang='lat' dir='ltr'>dominentur</span> <span class='ocrx_word' id='word_1_279' title='bbox 670 2771 840 2822; x_wconf 81' lang='lat' dir='ltr'>piscibus</span> <span class='ocrx_word' id='word_1_280' title='bbox 858 2772 988 2807; x_wconf 78' lang='lat' dir='ltr'>maris.</span> <span class='ocrx_word' id='word_1_281' title='bbox 1003 2769 1100 2808; x_wconf 84' lang='lat' dir='ltr'>Vide</span> <span class='ocrx_word' id='word_1_282' title='bbox 1118 2767 1297 2819; x_wconf 87' lang='lat' dir='ltr'>quomodo</span> 
     </span>
     <span class='ocr_line' id='line_1_44' title="bbox 338 2829 1295 2872; baseline -0.005 -1"><span class='ocrx_word' id='word_1_283' title='bbox 338 2834 454 2872; x_wconf 87' lang='lat' dir='ltr'>statim</span> <span class='ocrx_word' id='word_1_284' title='bbox 484 2833 529 2870; x_wconf 85' lang='lat' dir='ltr'>ab</span> <span class='ocrx_word' id='word_1_285' title='bbox 555 2832 653 2870; x_wconf 89' lang='lat' dir='ltr'>initio</span> <span class='ocrx_word' id='word_1_286' title='bbox 683 2832 847 2868; x_wconf 85' lang='lat' dir='ltr'>latentem</span> <span class='ocrx_word' id='word_1_287' title='bbox 875 2830 976 2867; x_wconf 86' lang='lat' dir='ltr'>nobis</span> <span class='ocrx_word' id='word_1_288' title='bbox 1011 2830 1217 2867; x_wconf 83' lang='lat' dir='ltr'>thesaurum</span> <span class='ocrx_word' id='word_1_289' title='bbox 1238 2829 1295 2867; x_wconf 90' lang='lat' dir='ltr'>de-</span> 
     </span>
     <span class='ocr_line' id='line_1_45' title="bbox 339 2890 1295 2944; baseline -0.005 -12"><span class='ocrx_word' id='word_1_290' title='bbox 339 2903 522 2932; x_wconf 84' lang='lat' dir='ltr'>monstrat.</span> <span class='ocrx_word' id='word_1_291' title='bbox 540 2892 675 2944; x_wconf 79' lang='lat' dir='ltr'>Spiritu</span> <span class='ocrx_word' id='word_1_292' title='bbox 693 2891 786 2929; x_wconf 87' lang='lat' dir='ltr'>euim</span> <span class='ocrx_word' id='word_1_293' title='bbox 803 2891 929 2929; x_wconf 84' lang='lat' dir='ltr'>divino</span> <span class='ocrx_word' id='word_1_294' title='bbox 944 2891 1090 2942; x_wconf 84' lang='lat' dir='ltr'>loquens</span> <span class='ocrx_word' id='word_1_295' title='bbox 1110 2890 1295 2942; x_wconf 80' lang='lat' dir='ltr'>propheta,</span> 
     </span>
     <span class='ocr_line' id='line_1_46' title="bbox 340 2951 1296 3007; baseline -0.005 -14"><span class='ocrx_word' id='word_1_296' title='bbox 340 2971 417 3007; x_wconf 84' lang='lat' dir='ltr'>qua·</span> <span class='ocrx_word' id='word_1_297' title='bbox 440 2954 594 2992; x_wconf 85' lang='lat' dir='ltr'>noudum</span> <span class='ocrx_word' id='word_1_298' title='bbox 628 2952 882 3001; x_wconf 78' lang='lat' dir='ltr'>subsistebant,</span> <span class='ocrx_word' id='word_1_299' title='bbox 901 2952 1002 3002; x_wconf 86' lang='lat' dir='ltr'>quasi</span> <span class='ocrx_word' id='word_1_300' title='bbox 1023 2951 1248 2989; x_wconf 78' lang='lat' dir='ltr'>subsistentia</span> <span class='ocrx_word' id='word_1_301' title='bbox 1264 2960 1296 2988; x_wconf 86' lang='lat' dir='ltr'>et</span> 
     </span>
     <span class='ocr_line' id='line_1_47' title="bbox 341 3011 1294 3063; baseline -0.006 -9"><span class='ocrx_word' id='word_1_302' title='bbox 341 3019 431 3054; x_wconf 85' lang='lat' dir='ltr'>sacta</span> <span class='ocrx_word' id='word_1_303' title='bbox 456 3015 567 3053; x_wconf 76' lang='lat' dir='ltr'>videt.</span> <span class='ocrx_word' id='word_1_304' title='bbox 583 3015 701 3060; x_wconf 87' lang='lat' dir='ltr'>Quare</span> <span class='ocrx_word' id='word_1_305' title='bbox 731 3027 830 3063; x_wconf 74' lang='lat' dir='ltr'>erge,</span> <span class='ocrx_word' id='word_1_306' title='bbox 851 3012 921 3059; x_wconf 82' lang='lat' dir='ltr'>die,</span> <span class='ocrx_word' id='word_1_307' title='bbox 944 3013 1100 3061; x_wconf 81' lang='lat' dir='ltr'>obsecro,</span> <span class='ocrx_word' id='word_1_308' title='bbox 1123 3022 1162 3050; x_wconf 87' lang='lat' dir='ltr'>ut</span> <span class='ocrx_word' id='word_1_309' title='bbox 1185 3011 1294 3059; x_wconf 81' lang='lat' dir='ltr'>dixit,</span> 
     </span>
     <span class='ocr_line' id='line_1_48' title="bbox 344 3074 1297 3122; baseline -0.007 -6"><span class='ocrx_word' id='word_1_310' title='bbox 344 3081 554 3116; x_wconf 81' lang='lat' dir='ltr'>Faciamus</span> <span class='ocrx_word' id='word_1_311' title='bbox 569 3078 775 3121; x_wconf 77' lang='lat' dir='ltr'>homiuem,</span> <span class='ocrx_word' id='word_1_312' title='bbox 792 3089 885 3111; x_wconf 87' lang='lat' dir='ltr'>nunc</span> <span class='ocrx_word' id='word_1_313' title='bbox 905 3074 1011 3122; x_wconf 81' lang='lat' dir='ltr'>dixit,</span> <span class='ocrx_word' id='word_1_314' title='bbox 1023 3076 1076 3112; x_wconf 83' lang='lat' dir='ltr'>Et</span> <span class='ocrx_word' id='word_1_315' title='bbox 1096 3074 1297 3111; x_wconf 77' lang='lat' dir='ltr'>dominen-</span> 
     </span>
     <span class='ocr_line' id='line_1_49' title="bbox 345 3135 1297 3187; baseline -0.006 -10"><span class='ocrx_word' id='word_1_316' title='bbox 345 3143 431 3177; x_wconf 74' lang='lat' dir='ltr'>tur?</span> <span class='ocrx_word' id='word_1_317' title='bbox 445 3137 635 3176; x_wconf 75' lang='lat' dir='ltr'>Occultum</span> <span class='ocrx_word' id='word_1_318' title='bbox 656 3135 757 3172; x_wconf 72' lang='lat' dir='ltr'>nobis</span> <span class='ocrx_word' id='word_1_319' title='bbox 777 3145 1035 3173; x_wconf 78' lang='lat' dir='ltr'>sacramentum</span> <span class='ocrx_word' id='word_1_320' title='bbox 1051 3135 1111 3172; x_wconf 82' lang='lat' dir='ltr'>hic</span> <span class='ocrx_word' id='word_1_321' title='bbox 1121 3135 1196 3187; x_wconf 83' lang='lat' dir='ltr'>jam</span> <span class='ocrx_word' id='word_1_322' title='bbox 1214 3149 1297 3172; x_wconf 75' lang='lat' dir='ltr'>eou-</span> 
     </span>
     <span class='ocr_line' id='line_1_50' title="bbox 346 3196 1344 3251; baseline -0.003 -14"><span class='ocrx_word' id='word_1_323' title='bbox 346 3208 528 3251; x_wconf 76' lang='lat' dir='ltr'>s‹=quenter</span> <span class='ocrx_word' id='word_1_324' title='bbox 561 3197 727 3235; x_wconf 84' lang='lat' dir='ltr'>declarat.</span> <span class='ocrx_word' id='word_1_325' title='bbox 753 3197 910 3243; x_wconf 84' lang='lat' dir='ltr'>Quinam</span> <span class='ocrx_word' id='word_1_326' title='bbox 943 3196 1196 3234; x_wconf 73' lang='lat' dir='ltr'>dominentur?</span> <span class='ocrx_word' id='word_1_327' title='bbox 1216 3197 1298 3234; x_wconf 81' lang='lat' dir='ltr'>Mu-</span> <span class='ocrx_word' id='word_1_328' title='bbox 1318 3203 1344 3234; x_wconf 89' lang='lat' dir='ltr'>D</span> 
     </span>
    </p>
   </div>
   <div class='ocr_carea' id='block_1_3' title="bbox 348 3314 1349 3407">
    <p class='ocr_par' dir='ltr' id='par_1_3' title="bbox 348 3314 1349 3407">
     <span class='ocr_line' id='line_1_51' title="bbox 391 3314 1349 3354; baseline -0.001 -7"><span class='ocrx_word' id='word_1_329' title='bbox 391 3319 406 3341; x_wconf 87' lang='grc'>1·</span> <span class='ocrx_word' id='word_1_330' title='bbox 424 3315 558 3348; x_wconf 75' lang='lat' dir='ltr'>Coisliu.</span> <span class='ocrx_word' id='word_1_331' title='bbox 585 3324 653 3349; x_wconf 64' lang='grc' dir='ltr'>τότε</span> <span class='ocrx_word' id='word_1_332' title='bbox 677 3324 727 3353; x_wconf 70' lang='grc' dir='ltr'>τῆ,-</span> <span class='ocrx_word' id='word_1_333' title='bbox 751 3319 947 3354; x_wconf 49' lang='lat' dir='ltr'>&amp;Quali-15.</span> <span class='ocrx_word' id='word_1_334' title='bbox 974 3317 1064 3349; x_wconf 74' lang='lat' dir='ltr'>Intra</span> <span class='ocrx_word' id='word_1_335' title='bbox 1089 3314 1204 3348; x_wconf 84' lang='lat' dir='ltr'>Morel.</span> <span class='ocrx_word' id='word_1_336' title='bbox 1226 3319 1263 3348; x_wconf 77' lang='grc' dir='ltr'>τὰ</span> <span class='ocrx_word' id='word_1_337' title='bbox 1293 3318 1349 3347; x_wconf 75' lang='grc' dir='ltr'>λεί-</span> 
     </span>
     <span class='ocr_line' id='line_1_52' title="bbox 348 3367 775 3407; baseline -0.007 -7"><span class='ocrx_word' id='word_1_338' title='bbox 348 3384 452 3403; x_wconf 56' lang='grc' dir='ltr'>πςυτγ,</span> <span class='ocrx_word' id='word_1_339' title='bbox 470 3367 529 3399; x_wconf 67' lang='lat' dir='ltr'>Alii</span> <span class='ocrx_word' id='word_1_340' title='bbox 548 3373 585 3400; x_wconf 73' lang='grc' dir='ltr'>τὰ</span> <span class='ocrx_word' id='word_1_341' title='bbox 607 3372 775 3407; x_wconf 47' lang='lat' dir='ltr'>&gt;attiguum</span> 
     </span>
    </p>
   </div>
   <div class='ocr_carea' id='block_1_4' title="bbox 734 186 1937 219">
    <p class='ocr_par' dir='ltr' id='par_1_4' title="bbox 734 186 1937 219">
     <span class='ocr_line' id='line_1_53' title="bbox 734 186 1937 219; baseline -0.002 0"><span class='ocrx_word' id='word_1_342' title='bbox 734 189 772 219; x_wconf 87' lang='lat' dir='ltr'>S.</span> <span class='ocrx_word' id='word_1_343' title='bbox 810 187 1001 219; x_wconf 81' lang='lat' dir='ltr'><strong>JOANNIS</strong></span> <span class='ocrx_word' id='word_1_344' title='bbox 1033 186 1286 219; x_wconf 79' lang='lat' dir='ltr'>CHRYSOST.</span> <span class='ocrx_word' id='word_1_345' title='bbox 1328 187 1537 218; x_wconf 85' lang='lat' dir='ltr'><strong>ARCHIEP.</strong></span> <span class='ocrx_word' id='word_1_346' title='bbox 1576 186 1937 217; x_wconf 77' lang='lat' dir='ltr'>CONSTANTlNOI&#39;.</span> 
     </span>
    </p>
   </div>
   <div class='ocr_carea' id='block_1_5' title="bbox 1333 267 2391 3240">
    <p class='ocr_par' dir='ltr' id='par_1_5' title="bbox 1333 267 2391 3240">
     <span class='ocr_line' id='line_1_54' title="bbox 1336 267 2351 323; baseline 0 -16"><span class='ocrx_word' id='word_1_347' title='bbox 1336 270 1498 320; x_wconf 83' lang='grc' dir='ltr'>ἀγάπην,</span> <span class='ocrx_word' id='word_1_348' title='bbox 1521 269 1582 306; x_wconf 83' lang='grc' dir='ltr'>καὶ</span> <span class='ocrx_word' id='word_1_349' title='bbox 1610 269 1649 306; x_wconf 81' lang='grc' dir='ltr'>τὸ</span> <span class='ocrx_word' id='word_1_350' title='bbox 1677 268 1779 322; x_wconf 78' lang='grc' dir='ltr'>χρέος</span> <span class='ocrx_word' id='word_1_351' title='bbox 1807 269 2020 320; x_wconf 81' lang='grc' dir='ltr'>ἐκτίσωμεν,</span> <span class='ocrx_word' id='word_1_352' title='bbox 2055 267 2138 319; x_wconf 78' lang='grc' dir='ltr'>ὅπερ</span> <span class='ocrx_word' id='word_1_353' title='bbox 2172 268 2351 323; x_wconf 59' lang='grc' dir='ltr'>ὀφείλομεν</span> 
     </span>
     <span class='ocr_line' id='line_1_55' title="bbox 1333 329 2353 382; baseline 0 -14"><span class='ocrx_word' id='word_1_354' title='bbox 1333 333 1425 380; x_wconf 81' lang='grc' dir='ltr'>ὑμῖν.</span> <span class='ocrx_word' id='word_1_355' title='bbox 1443 329 1538 368; x_wconf 86' lang='grc' dir='ltr'>Ἴστε</span> <span class='ocrx_word' id='word_1_356' title='bbox 1556 329 1623 382; x_wconf 83' lang='grc' dir='ltr'>γὰρ</span> <span class='ocrx_word' id='word_1_357' title='bbox 1643 330 1781 374; x_wconf 82' lang='grc' dir='ltr'>πάντως</span> <span class='ocrx_word' id='word_1_358' title='bbox 1807 330 1867 368; x_wconf 70' lang='grc' dir='ltr'>καὶ</span> <span class='ocrx_word' id='word_1_359' title='bbox 1888 330 2084 381; x_wconf 83' lang='grc' dir='ltr'>μέμνησθε,</span> <span class='ocrx_word' id='word_1_360' title='bbox 2105 330 2159 368; x_wconf 74' lang='grc' dir='ltr'>ὅτι</span> <span class='ocrx_word' id='word_1_361' title='bbox 2188 331 2267 382; x_wconf 79' lang='grc' dir='ltr'>περὶ</span> <span class='ocrx_word' id='word_1_362' title='bbox 2291 335 2353 378; x_wconf 74' lang='grc' dir='ltr'>τῆς</span> 
     </span>
     <span class='ocr_line' id='line_1_56' title="bbox 1334 389 2353 443; baseline 0.001 -15"><span class='ocrx_word' id='word_1_363' title='bbox 1334 395 1394 428; x_wconf 78' lang='grc' dir='ltr'>τοῦ</span> <span class='ocrx_word' id='word_1_364' title='bbox 1430 389 1612 442; x_wconf 84' lang='grc' dir='ltr'>ἀνθρώπου</span> <span class='ocrx_word' id='word_1_365' title='bbox 1647 391 1865 434; x_wconf 87' lang='grc' dir='ltr'>διαπλάσεως</span> <span class='ocrx_word' id='word_1_366' title='bbox 1899 390 2085 443; x_wconf 81' lang='grc' dir='ltr'>ἀρξάμενοι</span> <span class='ocrx_word' id='word_1_367' title='bbox 2117 391 2353 442; x_wconf 81' lang='grc' dir='ltr'>διαλέγεσθαι,</span> 
     </span>
     <span class='ocr_line' id='line_1_57' title="bbox 1336 449 2354 502; baseline 0.001 -15"><span class='ocrx_word' id='word_1_368' title='bbox 1336 449 1403 488; x_wconf 78' lang='grc' dir='ltr'>ὑπὸ</span> <span class='ocrx_word' id='word_1_369' title='bbox 1419 454 1478 488; x_wconf 77' lang='grc' dir='ltr'>τοῦ</span> <span class='ocrx_word' id='word_1_370' title='bbox 1493 455 1614 501; x_wconf 78' lang='grc' dir='ltr'>καιροῦ</span> <span class='ocrx_word' id='word_1_371' title='bbox 1630 450 1942 502; x_wconf 78' lang='grc' dir='ltr'>στενοχωρηθέντες</span> <span class='ocrx_word' id='word_1_372' title='bbox 1961 453 2021 489; x_wconf 75' lang='grc' dir='ltr'>οὐκ</span> <span class='ocrx_word' id='word_1_373' title='bbox 2038 450 2230 502; x_wconf 81' lang='grc' dir='ltr'>ἰσχύσαμεν</span> <span class='ocrx_word' id='word_1_374' title='bbox 2249 452 2354 488; x_wconf 80' lang='grc' dir='ltr'>παντὶ</span> 
     </span>
     <span class='ocr_line' id='line_1_58' title="bbox 1338 510 2356 563; baseline -0.001 -14"><span class='ocrx_word' id='word_1_375' title='bbox 1338 511 1529 555; x_wconf 78' lang='grc' dir='ltr'>ἐπεξελθεῖν</span> <span class='ocrx_word' id='word_1_376' title='bbox 1550 513 1600 563; x_wconf 81' lang='grc' dir='ltr'>τῷ</span> <span class='ocrx_word' id='word_1_377' title='bbox 1623 510 1891 562; x_wconf 82' lang='grc' dir='ltr'>ἀναγνώσματι,</span> <span class='ocrx_word' id='word_1_378' title='bbox 1918 514 1994 549; x_wconf 86' lang='grc' dir='ltr'>ἀλλ’</span> <span class='ocrx_word' id='word_1_379' title='bbox 2026 513 2073 555; x_wconf 89' lang='grc' dir='ltr'>εἰς</span> <span class='ocrx_word' id='word_1_380' title='bbox 2091 512 2149 550; x_wconf 81' lang='grc' dir='ltr'>τὸν</span> <span class='ocrx_word' id='word_1_381' title='bbox 2178 512 2258 563; x_wconf 84' lang='grc' dir='ltr'>περὶ</span> <span class='ocrx_word' id='word_1_382' title='bbox 2288 515 2356 549; x_wconf 90' lang='grc' dir='ltr'>τῶν</span> 
     </span>
     <span class='ocr_line' id='line_1_59' title="bbox 1337 570 2358 625; baseline 0 -15"><span class='ocrx_word' id='word_1_383' title='bbox 1337 572 1465 625; x_wconf 81' lang='grc' dir='ltr'>Θηρίων</span> <span class='ocrx_word' id='word_1_384' title='bbox 1481 571 1582 623; x_wconf 89' lang='grc' dir='ltr'>λόγον</span> <span class='ocrx_word' id='word_1_385' title='bbox 1599 570 1662 618; x_wconf 85' lang='grc' dir='ltr'>τὴν</span> <span class='ocrx_word' id='word_1_386' title='bbox 1685 571 1913 609; x_wconf 77' lang='grc' dir='ltr'>διδασκαλίαν</span> <span class='ocrx_word' id='word_1_387' title='bbox 1934 572 2139 623; x_wconf 81' lang='grc' dir='ltr'>ἐτελέσαμεν</span> <span class='ocrx_word' id='word_1_388' title='bbox 2157 572 2358 619; x_wconf 81' lang='grc' dir='ltr'>δεικνύντες,</span> 
     </span>
     <span class='ocr_line' id='line_1_60' title="bbox 1336 632 2359 685; baseline -0.001 -15"><span class='ocrx_word' id='word_1_389' title='bbox 1336 632 1388 670; x_wconf 81' lang='grc' dir='ltr'>ὅτι</span> <span class='ocrx_word' id='word_1_390' title='bbox 1409 632 1471 679; x_wconf 83' lang='grc' dir='ltr'>τὴν</span> <span class='ocrx_word' id='word_1_391' title='bbox 1492 635 1569 670; x_wconf 88' lang='grc' dir='ltr'>κατ’</span> <span class='ocrx_word' id='word_1_392' title='bbox 1588 633 1698 670; x_wconf 79' lang='grc' dir='ltr'>αὐτῶν</span> <span class='ocrx_word' id='word_1_393' title='bbox 1718 632 1830 684; x_wconf 83' lang='grc' dir='ltr'>ἀρχὴν</span> <span class='ocrx_word' id='word_1_394' title='bbox 1848 632 2015 685; x_wconf 79' lang='grc' dir='ltr'>πρότερον</span> <span class='ocrx_word' id='word_1_395' title='bbox 2033 632 2122 684; x_wconf 83' lang='grc' dir='ltr'>ἔχων</span> <span class='ocrx_word' id='word_1_396' title='bbox 2136 636 2153 670; x_wconf 92' lang='lat'>6</span> <span class='ocrx_word' id='word_1_397' title='bbox 2168 633 2359 685; x_wconf 76' lang='grc' dir='ltr'>ἅνθρωπος,</span> 
     </span>
     <span class='ocr_line' id='line_1_61' title="bbox 1338 693 2360 747; baseline -0.001 -15"><span class='ocrx_word' id='word_1_398' title='bbox 1338 694 1394 733; x_wconf 79' lang='grc' dir='ltr'>διὰ</span> <span class='ocrx_word' id='word_1_399' title='bbox 1415 695 1478 741; x_wconf 79' lang='grc' dir='ltr'>τὴν</span> <span class='ocrx_word' id='word_1_400' title='bbox 1498 697 1560 741; x_wconf 68' lang='grc' dir='ltr'>τῆς</span> <span class='ocrx_word' id='word_1_401' title='bbox 1575 696 1758 747; x_wconf 69' lang='grc' dir='ltr'>παρακοῆς</span> <span class='ocrx_word' id='word_1_402' title='bbox 1771 693 1948 745; x_wconf 84' lang='grc' dir='ltr'>ἁμαρτίαν</span> <span class='ocrx_word' id='word_1_403' title='bbox 1969 694 2096 741; x_wconf 87' lang='grc' dir='ltr'>ταύτην</span> <span class='ocrx_word' id='word_1_404' title='bbox 2114 694 2284 746; x_wconf 76' lang='grc' dir='ltr'>ἀφῃρέθη.</span> <span class='ocrx_word' id='word_1_405' title='bbox 2297 694 2360 732; x_wconf 82' lang='grc' dir='ltr'>Διὸ</span> 
     </span>
     <span class='ocr_line' id='line_1_62' title="bbox 1339 754 2360 808; baseline -0.002 -14"><span class='ocrx_word' id='word_1_406' title='bbox 1339 756 1534 808; x_wconf 86' lang='grc' dir='ltr'>βουλόμεθα</span> <span class='ocrx_word' id='word_1_407' title='bbox 1564 755 1717 807; x_wconf 77' lang='grc' dir='ltr'>σήμερον</span> <span class='ocrx_word' id='word_1_408' title='bbox 1743 754 1788 792; x_wconf 80' lang='grc' dir='ltr'>τὰ</span> <span class='ocrx_word' id='word_1_409' title='bbox 1824 755 2013 805; x_wconf 84' lang='grc' dir='ltr'>λειπόμενα</span> <span class='ocrx_word' id='word_1_410' title='bbox 2042 757 2123 805; x_wconf 84' lang='grc' dir='ltr'>ὑμῖν</span> <span class='ocrx_word' id='word_1_411' title='bbox 2156 755 2360 799; x_wconf 77' lang='grc' dir='ltr'>ἀποδόντες,</span> 
     </span>
     <span class='ocr_line' id='line_1_63' title="bbox 1338 816 2362 869; baseline -0.002 -13"><span class='ocrx_word' id='word_1_412' title='bbox 1338 818 1445 862; x_wconf 77' lang='grc' dir='ltr'>οὕτως</span> <span class='ocrx_word' id='word_1_413' title='bbox 1461 821 1552 868; x_wconf 79' lang='grc' dir='ltr'>ὑμᾶς</span> <span class='ocrx_word' id='word_1_414' title='bbox 1567 820 1719 856; x_wconf 74' lang='grc' dir='ltr'>ἐντεῦθεν</span> <span class='ocrx_word' id='word_1_415' title='bbox 1737 817 1960 869; x_wconf 82' lang='grc' dir='ltr'>ἀποπέμψαι.</span> <span class='ocrx_word' id='word_1_416' title='bbox 1976 817 2067 855; x_wconf 84' lang='grc' dir='ltr'>Ἀλλ’</span> <span class='ocrx_word' id='word_1_417' title='bbox 2080 817 2136 854; x_wconf 81' lang='grc' dir='ltr'>ἵνα</span> <span class='ocrx_word' id='word_1_418' title='bbox 2151 820 2230 868; x_wconf 81' lang='grc' dir='ltr'>ὑμῖν</span> <span class='ocrx_word' id='word_1_419' title='bbox 2251 816 2362 869; x_wconf 72' lang='grc' dir='ltr'>σαφὴς</span> 
     </span>
     <span class='ocr_line' id='line_1_64' title="bbox 1339 878 2361 930; baseline -0.002 -14"><span class='ocrx_word' id='word_1_420' title='bbox 1339 881 1439 929; x_wconf 78' lang='grc' dir='ltr'>ἡμῶν</span> <span class='ocrx_word' id='word_1_421' title='bbox 1471 883 1488 917; x_wconf 99' lang='lat'>6</span> <span class='ocrx_word' id='word_1_422' title='bbox 1517 878 1617 930; x_wconf 80' lang='grc' dir='ltr'>λόγος</span> <span class='ocrx_word' id='word_1_423' title='bbox 1633 878 1793 929; x_wconf 82' lang='grc' dir='ltr'>γένηται,</span> <span class='ocrx_word' id='word_1_424' title='bbox 1815 880 2002 929; x_wconf 84' lang='grc' dir='ltr'>ἀναγκαῖον</span> <span class='ocrx_word' id='word_1_425' title='bbox 2023 881 2112 928; x_wconf 76' lang='grc' dir='ltr'>ὑμᾶς</span> <span class='ocrx_word' id='word_1_426' title='bbox 2139 879 2361 927; x_wconf 71' lang='grc' dir='ltr'>ὑπομνῆσαι,</span> 
     </span>
     <span class='ocr_line' id='line_1_65' title="bbox 1339 938 2362 989; baseline -0.002 -12"><span class='ocrx_word' id='word_1_427' title='bbox 1339 943 1405 978; x_wconf 72' lang='grc' dir='ltr'>ποῦ</span> <span class='ocrx_word' id='word_1_428' title='bbox 1427 938 1443 960; x_wconf 74' lang='lat'>¹³</span> <span class='ocrx_word' id='word_1_429' title='bbox 1459 939 1537 982; x_wconf 75' lang='grc' dir='ltr'>τότε,</span> <span class='ocrx_word' id='word_1_430' title='bbox 1557 939 1618 986; x_wconf 72' lang='grc' dir='ltr'>τὴν</span> <span class='ocrx_word' id='word_1_431' title='bbox 1640 938 1866 976; x_wconf 75' lang='grc' dir='ltr'>διδασκαλίαν</span> <span class='ocrx_word' id='word_1_432' title='bbox 1885 938 2141 989; x_wconf 87' lang='grc' dir='ltr'>κατελύσαμεν,</span> <span class='ocrx_word' id='word_1_433' title='bbox 2160 939 2217 976; x_wconf 78' lang='grc' dir='ltr'>ἵνα</span> <span class='ocrx_word' id='word_1_434' title='bbox 2234 941 2362 976; x_wconf 82' lang='grc' dir='ltr'>ἐκεῖθεν</span> 
     </span>
     <span class='ocr_line' id='line_1_66' title="bbox 1340 998 2362 1051; baseline -0.001 -14"><span class='ocrx_word' id='word_1_435' title='bbox 1340 1000 1544 1051; x_wconf 75' lang='grc' dir='ltr'>ἀρξάμενοι,</span> <span class='ocrx_word' id='word_1_436' title='bbox 1569 1000 1658 1038; x_wconf 72' lang='grc' dir='ltr'>οὕτω</span> <span class='ocrx_word' id='word_1_437' title='bbox 1681 999 1726 1037; x_wconf 85' lang='grc' dir='ltr'>τὰ</span> <span class='ocrx_word' id='word_1_438' title='bbox 1752 998 1916 1037; x_wconf 84' lang='grc' dir='ltr'>λείποντα</span> <span class='ocrx_word' id='word_1_439' title='bbox 1944 999 2267 1051; x_wconf 81' lang='grc' dir='ltr'>ἀναπληρώσωμεν.</span> <span class='ocrx_word' id='word_1_440' title='bbox 2287 1002 2362 1038; x_wconf 73' lang='grc' dir='ltr'>Ποῦ</span> 
     </span>
     <span class='ocr_line' id='line_1_67' title="bbox 1342 1055 2365 1111; baseline 0.001 -14"><span class='ocrx_word' id='word_1_441' title='bbox 1342 1055 1399 1098; x_wconf 64' lang='grc' dir='ltr'>οἶν</span> <span class='ocrx_word' id='word_1_442' title='bbox 1421 1061 1480 1098; x_wconf 76' lang='grc' dir='ltr'>τὸν</span> <span class='ocrx_word' id='word_1_443' title='bbox 1512 1060 1614 1111; x_wconf 89' lang='grc' dir='ltr'>λόγον</span> <span class='ocrx_word' id='word_1_444' title='bbox 1644 1060 1722 1098; x_wconf 87' lang='grc' dir='ltr'>τότε</span> <span class='ocrx_word' id='word_1_445' title='bbox 1749 1060 2010 1109; x_wconf 60' lang='grc' dir='ltr'>κατελύσαμεν,</span> <span class='ocrx_word' id='word_1_446' title='bbox 2041 1060 2208 1103; x_wconf 73' lang='grc' dir='ltr'>Εἶπόντες</span> <span class='ocrx_word' id='word_1_447' title='bbox 2237 1063 2284 1103; x_wconf 87' lang='grc' dir='ltr'>εἰς</span> <span class='ocrx_word' id='word_1_448' title='bbox 2314 1061 2365 1108; x_wconf 82' lang='grc' dir='ltr'>τὸ,</span> 
     </span>
     <span class='ocr_line' id='line_1_68' title="bbox 1343 1120 2366 1172; baseline 0 -13"><span class='ocrx_word' id='word_1_449' title='bbox 1343 1121 1555 1171; x_wconf 75' lang='grc' dir='ltr'>Ποιήσωμεν</span> <span class='ocrx_word' id='word_1_450' title='bbox 1577 1121 1755 1172; x_wconf 74' lang='grc' dir='ltr'>ἄνθρωπον</span> <span class='ocrx_word' id='word_1_451' title='bbox 1777 1122 1853 1157; x_wconf 81' lang='grc' dir='ltr'>κατ’</span> <span class='ocrx_word' id='word_1_452' title='bbox 1874 1120 1988 1157; x_wconf 80' lang='grc' dir='ltr'>εἰκόνα</span> <span class='ocrx_word' id='word_1_453' title='bbox 2003 1120 2190 1172; x_wconf 74' lang='grc' dir='ltr'>ἡμετέραν,</span> <span class='ocrx_word' id='word_1_454' title='bbox 2207 1121 2266 1160; x_wconf 83' lang='grc' dir='ltr'>καὶ</span> <span class='ocrx_word' id='word_1_455' title='bbox 2289 1123 2366 1159; x_wconf 74' lang='grc' dir='ltr'>καθ’</span> 
     </span>
     <span class='ocr_line' id='line_1_69' title="bbox 1344 1180 2368 1233; baseline 0 -13"><span class='ocrx_word' id='word_1_456' title='bbox 1344 1181 1510 1233; x_wconf 78' lang='grc' dir='ltr'>ὁμοίωσιν</span> <span class='ocrx_word' id='word_1_457' title='bbox 1523 1210 1532 1227; x_wconf 88' lang='grc'>,</span> <span class='ocrx_word' id='word_1_458' title='bbox 1563 1181 1621 1218; x_wconf 80' lang='grc' dir='ltr'>καὶ</span> <span class='ocrx_word' id='word_1_459' title='bbox 1649 1180 1853 1232; x_wconf 84' lang='grc' dir='ltr'>ἀρχέτωσαν</span> <span class='ocrx_word' id='word_1_460' title='bbox 1871 1184 1938 1218; x_wconf 87' lang='grc' dir='ltr'>τῶν</span> <span class='ocrx_word' id='word_1_461' title='bbox 1956 1181 2081 1232; x_wconf 90' lang='grc' dir='ltr'>ἰχθύων</span> <span class='ocrx_word' id='word_1_462' title='bbox 2097 1184 2159 1227; x_wconf 75' lang='grc' dir='ltr'>τῆς</span> <span class='ocrx_word' id='word_1_463' title='bbox 2177 1182 2368 1231; x_wconf 82' lang='grc' dir='ltr'>θαλάσσης,</span> 
     </span>
     <span class='ocr_line' id='line_1_70' title="bbox 1345 1241 2369 1292; baseline -0.001 -11"><span class='ocrx_word' id='word_1_464' title='bbox 1345 1242 1404 1281; x_wconf 79' lang='grc' dir='ltr'>καὶ</span> <span class='ocrx_word' id='word_1_465' title='bbox 1422 1245 1489 1279; x_wconf 84' lang='grc' dir='ltr'>τῶν</span> <span class='ocrx_word' id='word_1_466' title='bbox 1506 1244 1674 1280; x_wconf 83' lang='grc' dir='ltr'>πετεινῶν</span> <span class='ocrx_word' id='word_1_467' title='bbox 1693 1246 1752 1279; x_wconf 76' lang='grc' dir='ltr'>τοῦ</span> <span class='ocrx_word' id='word_1_468' title='bbox 1774 1242 1931 1292; x_wconf 74' lang='grc' dir='ltr'>οὐρανοῦ,</span> <span class='ocrx_word' id='word_1_469' title='bbox 1950 1241 2069 1289; x_wconf 77' lang='grc' dir='ltr'>ἐπειδὴ</span> <span class='ocrx_word' id='word_1_470' title='bbox 2092 1243 2139 1285; x_wconf 85' lang='grc' dir='ltr'>εἷς</span> <span class='ocrx_word' id='word_1_471' title='bbox 2153 1241 2240 1279; x_wconf 75' lang='grc' dir='ltr'>πολὺ</span> <span class='ocrx_word' id='word_1_472' title='bbox 2259 1244 2369 1292; x_wconf 70' lang='grc' dir='ltr'>μῆκος</span> 
     </span>
     <span class='ocr_line' id='line_1_71' title="bbox 1346 1300 2369 1355; baseline -0.001 -14"><span class='ocrx_word' id='word_1_473' title='bbox 1346 1307 1363 1341; x_wconf 89' lang='lat'>6</span> <span class='ocrx_word' id='word_1_474' title='bbox 1381 1302 1481 1353; x_wconf 81' lang='grc' dir='ltr'>λόγος</span> <span class='ocrx_word' id='word_1_475' title='bbox 1501 1302 1658 1348; x_wconf 82' lang='grc' dir='ltr'>ἐξετάθη,</span> <span class='ocrx_word' id='word_1_476' title='bbox 1677 1301 1736 1339; x_wconf 82' lang='grc' dir='ltr'>καὶ</span> <span class='ocrx_word' id='word_1_477' title='bbox 1753 1300 1841 1339; x_wconf 76' lang='grc' dir='ltr'>πολὺ</span> <span class='ocrx_word' id='word_1_478' title='bbox 1859 1301 2010 1353; x_wconf 80' lang='grc' dir='ltr'>πέλαγος</span> <span class='ocrx_word' id='word_1_479' title='bbox 2024 1306 2109 1353; x_wconf 77' lang='grc' dir='ltr'>ἡμῖν</span> <span class='ocrx_word' id='word_1_480' title='bbox 2137 1303 2262 1355; x_wconf 77' lang='grc' dir='ltr'>ἐτέχθη</span> <span class='ocrx_word' id='word_1_481' title='bbox 2285 1319 2369 1350; x_wconf 89' lang='grc' dir='ltr'>νοη-</span> 
     </span>
     <span class='ocr_line' id='line_1_72' title="bbox 1349 1362 2369 1416; baseline 0 -15"><span class='ocrx_word' id='word_1_482' title='bbox 1349 1364 1489 1416; x_wconf 83' lang='grc' dir='ltr'>μάτων,</span> <span class='ocrx_word' id='word_1_483' title='bbox 1511 1366 1549 1402; x_wconf 83' lang='grc' dir='ltr'>οὐ</span> <span class='ocrx_word' id='word_1_484' title='bbox 1579 1362 1805 1415; x_wconf 73' lang='grc' dir='ltr'>συνεχωρήθη</span> <span class='ocrx_word' id='word_1_485' title='bbox 1835 1364 1919 1412; x_wconf 81' lang='grc' dir='ltr'>ἡμῖν</span> <span class='ocrx_word' id='word_1_486' title='bbox 1951 1363 2148 1416; x_wconf 86' lang='grc' dir='ltr'>περαιτέρω</span> <span class='ocrx_word' id='word_1_487' title='bbox 2168 1365 2369 1415; x_wconf 84' lang='grc' dir='ltr'>προελθεῖν,</span> 
     </span>
     <span class='ocr_line' id='line_1_73' title="bbox 1348 1422 2372 1476; baseline -0.001 -13"><span class='ocrx_word' id='word_1_488' title='bbox 1348 1425 1438 1463; x_wconf 83' lang='grc' dir='ltr'>ἀλλὰ</span> <span class='ocrx_word' id='word_1_489' title='bbox 1460 1424 1567 1476; x_wconf 83' lang='grc' dir='ltr'>μέχρι</span> <span class='ocrx_word' id='word_1_490' title='bbox 1585 1423 1704 1462; x_wconf 90' lang='grc' dir='ltr'>τούτου</span> <span class='ocrx_word' id='word_1_491' title='bbox 1728 1423 1869 1466; x_wconf 86' lang='grc' dir='ltr'>στάντες</span> <span class='ocrx_word' id='word_1_492' title='bbox 1888 1424 1956 1459; x_wconf 78' lang='grc' dir='ltr'>τῶν</span> <span class='ocrx_word' id='word_1_493' title='bbox 1976 1422 2052 1470; x_wconf 73' lang='grc' dir='ltr'>ἑξῆς</span> <span class='ocrx_word' id='word_1_494' title='bbox 2071 1425 2133 1462; x_wconf 81' lang='grc' dir='ltr'>οὐκ</span> <span class='ocrx_word' id='word_1_495' title='bbox 2153 1423 2372 1476; x_wconf 70' lang='grc' dir='ltr'>ἐφηψάμεθα.</span> 
     </span>
     <span class='ocr_line' id='line_1_74' title="bbox 1348 1482 2375 1537; baseline -0.001 -13"><span class='ocrx_word' id='word_1_496' title='bbox 1348 1485 1479 1537; x_wconf 85' lang='grc' dir='ltr'>Διόπερ</span> <span class='ocrx_word' id='word_1_497' title='bbox 1499 1487 1686 1536; x_wconf 84' lang='grc' dir='ltr'>ἀναγκαῖον</span> <span class='ocrx_word' id='word_1_498' title='bbox 1704 1488 1762 1522; x_wconf 74' lang='grc' dir='ltr'>νῦν</span> <span class='ocrx_word' id='word_1_499' title='bbox 1782 1483 1889 1530; x_wconf 71' lang='grc' dir='ltr'>αὐτὴν</span> <span class='ocrx_word' id='word_1_500' title='bbox 1909 1482 1972 1530; x_wconf 76' lang='grc' dir='ltr'>τὴν</span> <span class='ocrx_word' id='word_1_501' title='bbox 1990 1484 2195 1523; x_wconf 76' lang='grc' dir='ltr'>ἀκολουθίαν</span> <span class='ocrx_word' id='word_1_502' title='bbox 2213 1487 2375 1536; x_wconf 79' lang='grc' dir='ltr'>ἀναγνῶ-</span> 
     </span>
     <span class='ocr_line' id='line_1_75' title="bbox 1349 1544 2375 1598; baseline -0.001 -13"><span class='ocrx_word' id='word_1_503' title='bbox 1349 1563 1405 1585; x_wconf 92' lang='grc' dir='ltr'>ναι</span> <span class='ocrx_word' id='word_1_504' title='bbox 1423 1547 1479 1585; x_wconf 80' lang='grc' dir='ltr'>ἐπὶ</span> <span class='ocrx_word' id='word_1_505' title='bbox 1495 1550 1556 1593; x_wconf 67' lang='grc' dir='ltr'>τῆς</span> <span class='ocrx_word' id='word_1_506' title='bbox 1573 1545 1743 1598; x_wconf 79' lang='grc' dir='ltr'>ὑμετέρας</span> <span class='ocrx_word' id='word_1_507' title='bbox 1763 1544 1918 1597; x_wconf 81' lang='grc' dir='ltr'>ἀγάπης,</span> <span class='ocrx_word' id='word_1_508' title='bbox 1939 1544 1993 1582; x_wconf 82' lang='grc' dir='ltr'>ἵνα</span> <span class='ocrx_word' id='word_1_509' title='bbox 2014 1546 2140 1583; x_wconf 75' lang='grc' dir='ltr'>εἰδέναι</span> <span class='ocrx_word' id='word_1_510' title='bbox 2156 1545 2282 1598; x_wconf 82' lang='grc' dir='ltr'>ἔχοιτε,</span> <span class='ocrx_word' id='word_1_511' title='bbox 2297 1546 2375 1584; x_wconf 89' lang='grc' dir='ltr'>τίνα</span> 
     </span>
     <span class='ocr_line' id='line_1_76' title="bbox 1351 1601 2375 1658; baseline 0 -12"><span class='ocrx_word' id='word_1_512' title='bbox 1351 1608 1442 1647; x_wconf 79' lang='grc' dir='ltr'>ἐστὶν</span> <span class='ocrx_word' id='word_1_513' title='bbox 1457 1639 1467 1657; x_wconf 96' lang='grc'>,</span> <span class='ocrx_word' id='word_1_514' title='bbox 1487 1608 1508 1645; x_wconf 80' lang='grc' dir='ltr'>ἃ</span> <span class='ocrx_word' id='word_1_515' title='bbox 1531 1608 1702 1658; x_wconf 86' lang='grc' dir='ltr'>μέλλομεν</span> <span class='ocrx_word' id='word_1_516' title='bbox 1723 1609 1812 1658; x_wconf 78' lang='grc' dir='ltr'>ἐρεῖν</span> <span class='ocrx_word' id='word_1_517' title='bbox 1830 1606 1916 1658; x_wconf 76' lang='grc' dir='ltr'>πρὸς</span> <span class='ocrx_word' id='word_1_518' title='bbox 1935 1609 2037 1656; x_wconf 78' lang='grc' dir='ltr'>ὑμᾶς.</span> <span class='ocrx_word' id='word_1_519' title='bbox 2058 1607 2195 1651; x_wconf 78' lang='grc' dir='ltr'>Εὐθέως</span> <span class='ocrx_word' id='word_1_520' title='bbox 2213 1601 2270 1646; x_wconf 62' lang='grc' dir='ltr'>οἶν</span> <span class='ocrx_word' id='word_1_521' title='bbox 2291 1609 2375 1655; x_wconf 81' lang='grc' dir='ltr'>ἐπή-</span> 
     </span>
     <span class='ocr_line' id='line_1_77' title="bbox 1350 1666 2374 1721; baseline -0.001 -14"><span class='ocrx_word' id='word_1_522' title='bbox 1350 1685 1455 1721; x_wconf 90' lang='grc' dir='ltr'>γαγεν</span> <span class='ocrx_word' id='word_1_523' title='bbox 1473 1672 1494 1715; x_wconf 76' lang='grc' dir='ltr'>ἡ</span> <span class='ocrx_word' id='word_1_524' title='bbox 1514 1668 1589 1707; x_wconf 85' lang='grc' dir='ltr'>θεία</span> <span class='ocrx_word' id='word_1_525' title='bbox 1609 1668 1753 1720; x_wconf 72' lang='grc' dir='ltr'>Γραφή·</span> <span class='ocrx_word' id='word_1_526' title='bbox 1787 1666 1857 1705; x_wconf 78' lang='grc' dir='ltr'>Καὶ</span> <span class='ocrx_word' id='word_1_527' title='bbox 1887 1666 2048 1713; x_wconf 81' lang='grc' dir='ltr'>ἐποίησεν</span> <span class='ocrx_word' id='word_1_528' title='bbox 2071 1671 2089 1706; x_wconf 87' lang='lat'>6</span> <span class='ocrx_word' id='word_1_529' title='bbox 2112 1668 2200 1712; x_wconf 82' lang='grc' dir='ltr'>Θεὸς</span> <span class='ocrx_word' id='word_1_530' title='bbox 2228 1669 2285 1707; x_wconf 80' lang='grc' dir='ltr'>τὸν</span> <span class='ocrx_word' id='word_1_531' title='bbox 2311 1669 2374 1706; x_wconf 83' lang='grc' dir='ltr'>ἅν-</span> 
     </span>
     <span class='ocr_line' id='line_1_78' title="bbox 1352 1726 2375 1781; baseline 0 -15"><span class='ocrx_word' id='word_1_532' title='bbox 1352 1732 1488 1781; x_wconf 88' lang='grc' dir='ltr'>θρωπον</span> <span class='ocrx_word' id='word_1_533' title='bbox 1505 1744 1512 1751; x_wconf 88' lang='grc'><em>·</em></span> <span class='ocrx_word' id='word_1_534' title='bbox 1532 1729 1608 1766; x_wconf 75' lang='grc' dir='ltr'>κατ’</span> <span class='ocrx_word' id='word_1_535' title='bbox 1629 1726 1745 1765; x_wconf 86' lang='grc' dir='ltr'>εἰκόνα</span> <span class='ocrx_word' id='word_1_536' title='bbox 1761 1729 1852 1765; x_wconf 76' lang='grc' dir='ltr'>Θεοῦ</span> <span class='ocrx_word' id='word_1_537' title='bbox 1872 1726 2030 1772; x_wconf 79' lang='grc' dir='ltr'>ἐποίησεν</span> <span class='ocrx_word' id='word_1_538' title='bbox 2047 1726 2148 1764; x_wconf 80' lang='grc' dir='ltr'>αὐτόν</span> <span class='ocrx_word' id='word_1_539' title='bbox 2167 1742 2175 1750; x_wconf 80' lang='grc'><em>·</em></span> <span class='ocrx_word' id='word_1_540' title='bbox 2192 1728 2296 1779; x_wconf 80' lang='grc' dir='ltr'>ἄρσεν</span> <span class='ocrx_word' id='word_1_541' title='bbox 2316 1728 2375 1766; x_wconf 80' lang='grc' dir='ltr'>καὶ</span> 
     </span>
     <span class='ocr_line' id='line_1_79' title="bbox 1354 1785 2375 1838; baseline -0.001 -10"><span class='ocrx_word' id='word_1_542' title='bbox 1354 1792 1439 1835; x_wconf 79' lang='grc' dir='ltr'>θῆλυ</span> <span class='ocrx_word' id='word_1_543' title='bbox 1458 1788 1619 1835; x_wconf 80' lang='grc' dir='ltr'>ἐποίησεν</span> <span class='ocrx_word' id='word_1_544' title='bbox 1639 1785 1774 1831; x_wconf 78' lang='grc' dir='ltr'>αὐτούς.</span> <span class='ocrx_word' id='word_1_545' title='bbox 1798 1787 1866 1825; x_wconf 82' lang='grc' dir='ltr'>Καὶ</span> <span class='ocrx_word' id='word_1_546' title='bbox 1888 1786 2073 1838; x_wconf 79' lang='grc' dir='ltr'>εὐλόγησεν</span> <span class='ocrx_word' id='word_1_547' title='bbox 2096 1788 2216 1832; x_wconf 77' lang='grc' dir='ltr'>αὐτοὺς</span> <span class='ocrx_word' id='word_1_548' title='bbox 2236 1792 2253 1827; x_wconf 89' lang='lat'>6</span> <span class='ocrx_word' id='word_1_549' title='bbox 2273 1790 2375 1836; x_wconf 81' lang='grc' dir='ltr'>Θεὸς,</span> 
     </span>
     <span class='ocr_line' id='line_1_80' title="bbox 1352 1848 2378 1902; baseline -0.001 -13"><span class='ocrx_word' id='word_1_550' title='bbox 1352 1850 1464 1902; x_wconf 85' lang='grc' dir='ltr'>λέγων</span> <span class='ocrx_word' id='word_1_551' title='bbox 1480 1866 1487 1874; x_wconf 89' lang='grc'><strong><em>·</em></strong></span> <span class='ocrx_word' id='word_1_552' title='bbox 1517 1848 1719 1896; x_wconf 75' lang='grc' dir='ltr'>αὖξάνεσθε,</span> <span class='ocrx_word' id='word_1_553' title='bbox 1745 1849 1804 1886; x_wconf 82' lang='grc' dir='ltr'>καὶ</span> <span class='ocrx_word' id='word_1_554' title='bbox 1830 1848 2061 1896; x_wconf 86' lang='grc' dir='ltr'>πληθύνεσθε,</span> <span class='ocrx_word' id='word_1_555' title='bbox 2081 1849 2140 1887; x_wconf 81' lang='grc' dir='ltr'>καὶ</span> <span class='ocrx_word' id='word_1_556' title='bbox 2169 1850 2378 1902; x_wconf 79' lang='grc' dir='ltr'>πληρώσατε</span> 
     </span>
     <span class='ocr_line' id='line_1_81' title="bbox 1353 1909 2378 1962; baseline -0.002 -13"><span class='ocrx_word' id='word_1_557' title='bbox 1353 1910 1416 1957; x_wconf 86' lang='grc' dir='ltr'>τὴν</span> <span class='ocrx_word' id='word_1_558' title='bbox 1437 1914 1517 1962; x_wconf 63' lang='grc' dir='ltr'>γῆν,</span> <span class='ocrx_word' id='word_1_559' title='bbox 1539 1910 1598 1948; x_wconf 79' lang='grc' dir='ltr'>καὶ</span> <span class='ocrx_word' id='word_1_560' title='bbox 1626 1909 1922 1960; x_wconf 84' lang='grc' dir='ltr'>κατακυριεύσατε</span> <span class='ocrx_word' id='word_1_561' title='bbox 1943 1910 2050 1955; x_wconf 68' lang='grc' dir='ltr'>αὐτῆς</span> <span class='ocrx_word' id='word_1_562' title='bbox 2063 1925 2070 1932; x_wconf 87' lang='grc'><strong><em>·</em></strong></span> <span class='ocrx_word' id='word_1_563' title='bbox 2089 1910 2149 1947; x_wconf 78' lang='grc' dir='ltr'>καὶ</span> <span class='ocrx_word' id='word_1_564' title='bbox 2166 1911 2292 1962; x_wconf 77' lang='grc' dir='ltr'>ἄρχετε</span> <span class='ocrx_word' id='word_1_565' title='bbox 2309 1914 2378 1949; x_wconf 78' lang='grc' dir='ltr'>τῶν</span> 
     </span>
     <span class='ocr_line' id='line_1_82' title="bbox 1356 1963 2380 2023; baseline 0 -14"><span class='ocrx_word' id='word_1_566' title='bbox 1356 1970 1483 2023; x_wconf 84' lang='grc' dir='ltr'>ἰχθύων</span> <span class='ocrx_word' id='word_1_567' title='bbox 1500 1974 1560 2017; x_wconf 67' lang='grc' dir='ltr'>τῆς</span> <span class='ocrx_word' id='word_1_568' title='bbox 1580 1969 1768 2018; x_wconf 84' lang='grc' dir='ltr'>θαλάσσης,</span> <span class='ocrx_word' id='word_1_569' title='bbox 1788 1969 1848 2008; x_wconf 84' lang='grc' dir='ltr'>καὶ</span> <span class='ocrx_word' id='word_1_570' title='bbox 1868 1972 1935 2007; x_wconf 86' lang='grc' dir='ltr'>τῶν</span> <span class='ocrx_word' id='word_1_571' title='bbox 1955 1973 2123 2008; x_wconf 83' lang='grc' dir='ltr'>πετεινῶν</span> <span class='ocrx_word' id='word_1_572' title='bbox 2144 1975 2204 2009; x_wconf 80' lang='grc' dir='ltr'>τοῦ</span> <span class='ocrx_word' id='word_1_573' title='bbox 2223 1963 2380 2023; x_wconf 76' lang='grc' dir='ltr'>οὐρανοῦ,</span> 
     </span>
     <span class='ocr_line' id='line_1_83' title="bbox 1356 2030 2382 2084; baseline 0 -14"><span class='ocrx_word' id='word_1_574' title='bbox 1356 2032 1415 2070; x_wconf 80' lang='grc' dir='ltr'>καὶ</span> <span class='ocrx_word' id='word_1_575' title='bbox 1436 2032 1577 2070; x_wconf 82' lang='grc' dir='ltr'>πάντων</span> <span class='ocrx_word' id='word_1_576' title='bbox 1601 2033 1670 2069; x_wconf 83' lang='grc' dir='ltr'>τῶν</span> <span class='ocrx_word' id='word_1_577' title='bbox 1701 2034 1856 2078; x_wconf 80' lang='grc' dir='ltr'>κτηνῶν,</span> <span class='ocrx_word' id='word_1_578' title='bbox 1886 2030 1945 2068; x_wconf 74' lang='grc' dir='ltr'>καὶ</span> <span class='ocrx_word' id='word_1_579' title='bbox 1978 2030 2095 2078; x_wconf 82' lang='grc' dir='ltr'>πάσης</span> <span class='ocrx_word' id='word_1_580' title='bbox 2117 2034 2180 2078; x_wconf 74' lang='grc' dir='ltr'>τῆς</span> <span class='ocrx_word' id='word_1_581' title='bbox 2207 2036 2292 2084; x_wconf 79' lang='grc' dir='ltr'>γῆς,</span> <span class='ocrx_word' id='word_1_582' title='bbox 2322 2032 2382 2071; x_wconf 79' lang='grc' dir='ltr'>καὶ</span> 
     </span>
     <span class='ocr_line' id='line_1_84' title="bbox 1356 2091 2381 2145; baseline 0.001 -15"><span class='ocrx_word' id='word_1_583' title='bbox 1356 2093 1496 2130; x_wconf 87' lang='grc' dir='ltr'>πάντων</span> <span class='ocrx_word' id='word_1_584' title='bbox 1528 2095 1596 2130; x_wconf 80' lang='grc' dir='ltr'>τῶν</span> <span class='ocrx_word' id='word_1_585' title='bbox 1630 2093 1784 2143; x_wconf 79' lang='grc' dir='ltr'>ἑρπετῶν</span> <span class='ocrx_word' id='word_1_586' title='bbox 1816 2094 1885 2128; x_wconf 86' lang='grc' dir='ltr'>τῶν</span> <span class='ocrx_word' id='word_1_587' title='bbox 1920 2091 2093 2143; x_wconf 83' lang='grc' dir='ltr'>ἑρπόντων</span> <span class='ocrx_word' id='word_1_588' title='bbox 2131 2092 2188 2130; x_wconf 81' lang='grc' dir='ltr'>ἐπὶ</span> <span class='ocrx_word' id='word_1_589' title='bbox 2216 2096 2278 2139; x_wconf 70' lang='grc' dir='ltr'>τῆς</span> <span class='ocrx_word' id='word_1_590' title='bbox 2306 2097 2381 2145; x_wconf 88' lang='grc' dir='ltr'>γ’ῆς.</span> 
     </span>
     <span class='ocr_line' id='line_1_85' title="bbox 1357 2151 2383 2206; baseline 0 -15"><span class='ocrx_word' id='word_1_591' title='bbox 1357 2153 1502 2206; x_wconf 83' lang='grc' dir='ltr'>Βραχέα</span> <span class='ocrx_word' id='word_1_592' title='bbox 1520 2152 1564 2190; x_wconf 81' lang='grc' dir='ltr'>τὰ</span> <span class='ocrx_word' id='word_1_593' title='bbox 1586 2152 1739 2204; x_wconf 76' lang='grc' dir='ltr'>ῥήματα,</span> <span class='ocrx_word' id='word_1_594' title='bbox 1761 2151 1850 2189; x_wconf 82' lang='grc' dir='ltr'>ἀλλὰ</span> <span class='ocrx_word' id='word_1_595' title='bbox 1872 2151 1980 2193; x_wconf 76' lang='grc' dir='ltr'>πολὺς</span> <span class='ocrx_word' id='word_1_596' title='bbox 2001 2155 2018 2190; x_wconf 92' lang='lat'>6</span> <span class='ocrx_word' id='word_1_597' title='bbox 2036 2152 2232 2203; x_wconf 82' lang='grc' dir='ltr'>ἐγκείμενος</span> <span class='ocrx_word' id='word_1_598' title='bbox 2255 2157 2383 2200; x_wconf 86' lang='grc' dir='ltr'>θησαυ-</span> 
     </span>
     <span class='ocr_line' id='line_1_86' title="bbox 1361 2212 2383 2266; baseline 0.001 -15"><span class='ocrx_word' id='word_1_599' title='bbox 1361 2214 1415 2265; x_wconf 78' lang='grc' dir='ltr'>ρὸς</span> <span class='ocrx_word' id='word_1_600' title='bbox 1436 2219 1507 2256; x_wconf 88' lang='grc' dir='ltr'>τοῖς</span> <span class='ocrx_word' id='word_1_601' title='bbox 1523 2213 1672 2264; x_wconf 81' lang='grc' dir='ltr'>βραχέσι</span> <span class='ocrx_word' id='word_1_602' title='bbox 1686 2212 1818 2255; x_wconf 82' lang='grc' dir='ltr'>τούτοις</span> <span class='ocrx_word' id='word_1_603' title='bbox 1834 2212 1977 2264; x_wconf 79' lang='grc' dir='ltr'>ῥήμασι.</span> <span class='ocrx_word' id='word_1_604' title='bbox 1999 2212 2181 2263; x_wconf 84' lang='grc' dir='ltr'>Πνεύματι</span> <span class='ocrx_word' id='word_1_605' title='bbox 2195 2214 2263 2265; x_wconf 81' lang='grc' dir='ltr'>γὰρ</span> <span class='ocrx_word' id='word_1_606' title='bbox 2282 2218 2383 2266; x_wconf 80' lang='grc' dir='ltr'>φθεγ-</span> 
     </span>
     <span class='ocr_line' id='line_1_87' title="bbox 1359 2268 2382 2327; baseline 0.001 -15"><span class='ocrx_word' id='word_1_607' title='bbox 1359 2275 1504 2326; x_wconf 85' lang='grc' dir='ltr'>γόμενος</span> <span class='ocrx_word' id='word_1_608' title='bbox 1526 2278 1542 2312; x_wconf 89' lang='lat'>6</span> <span class='ocrx_word' id='word_1_609' title='bbox 1573 2274 1742 2327; x_wconf 80' lang='grc' dir='ltr'>μακάριος</span> <span class='ocrx_word' id='word_1_610' title='bbox 1765 2268 1860 2317; x_wconf 66' lang='grc' dir='ltr'>οἶτος</span> <span class='ocrx_word' id='word_1_611' title='bbox 1880 2274 2079 2327; x_wconf 78' lang='grc' dir='ltr'>προφήτης,</span> <span class='ocrx_word' id='word_1_612' title='bbox 2100 2274 2282 2327; x_wconf 73' lang='grc' dir='ltr'>ἀπόρρητά</span> <span class='ocrx_word' id='word_1_613' title='bbox 2306 2291 2382 2313; x_wconf 86' lang='grc' dir='ltr'>τινα</span> 
     </span>
     <span class='ocr_line' id='line_1_88' title="bbox 1359 2330 2383 2387; baseline 0 -14"><span class='ocrx_word' id='word_1_614' title='bbox 1359 2340 1454 2387; x_wconf 76' lang='grc' dir='ltr'>ἡμᾶς</span> <span class='ocrx_word' id='word_1_615' title='bbox 1491 2339 1548 2374; x_wconf 78' lang='grc' dir='ltr'>νῦν</span> <span class='ocrx_word' id='word_1_616' title='bbox 1589 2335 1763 2373; x_wconf 71' lang='grc' dir='ltr'>διδάσκειν</span> <span class='ocrx_word' id='word_1_617' title='bbox 1804 2334 1976 2386; x_wconf 79' lang='grc' dir='ltr'>βούλεται.</span> <span class='ocrx_word' id='word_1_618' title='bbox 2006 2335 2152 2382; x_wconf 78' lang='grc' dir='ltr'>Ἐπειδὴ</span> <span class='ocrx_word' id='word_1_619' title='bbox 2186 2335 2253 2387; x_wconf 83' lang='grc' dir='ltr'>γὰρ</span> <span class='ocrx_word' id='word_1_620' title='bbox 2288 2330 2383 2383; x_wconf 70' lang='grc' dir='ltr'>εἷπε,</span> 
     </span>
     <span class='ocr_line' id='line_1_89' title="bbox 1360 2395 2386 2449; baseline -0.001 -15"><span class='ocrx_word' id='word_1_621' title='bbox 1360 2397 1574 2447; x_wconf 74' lang='grc' dir='ltr'>Ποιήσωμεν</span> <span class='ocrx_word' id='word_1_622' title='bbox 1603 2395 1801 2449; x_wconf 75' lang='grc' dir='ltr'>ἄνθρωπον,</span> <span class='ocrx_word' id='word_1_623' title='bbox 1834 2395 1893 2433; x_wconf 80' lang='grc' dir='ltr'>καὶ</span> <span class='ocrx_word' id='word_1_624' title='bbox 1927 2395 2072 2447; x_wconf 77' lang='grc' dir='ltr'>βουλὴν,</span> <span class='ocrx_word' id='word_1_625' title='bbox 2103 2399 2149 2440; x_wconf 86' lang='grc' dir='ltr'>ὡς</span> <span class='ocrx_word' id='word_1_626' title='bbox 2180 2398 2303 2444; x_wconf 85' lang='grc' dir='ltr'>εἰπεῖν,</span> <span class='ocrx_word' id='word_1_627' title='bbox 2324 2396 2386 2434; x_wconf 69' lang='grc' dir='ltr'>καὶ</span> 
     </span>
     <span class='ocr_line' id='line_1_90' title="bbox 1363 2457 2386 2511; baseline -0.003 -14"><span class='ocrx_word' id='word_1_628' title='bbox 1363 2458 1484 2511; x_wconf 70' lang='grc' dir='ltr'>σκέψιν</span> <span class='ocrx_word' id='word_1_629' title='bbox 1516 2457 1732 2511; x_wconf 83' lang='grc' dir='ltr'>προσέθηκεν</span> <span class='ocrx_word' id='word_1_630' title='bbox 1756 2460 1774 2495; x_wconf 83' lang='grc' dir='ltr'><strong><em>ὃ</em></strong></span> <span class='ocrx_word' id='word_1_631' title='bbox 1797 2460 1866 2496; x_wconf 79' lang='grc' dir='ltr'>τῶν</span> <span class='ocrx_word' id='word_1_632' title='bbox 1895 2457 2056 2495; x_wconf 87' lang='grc' dir='ltr'>ἁπάντων</span> <span class='ocrx_word' id='word_1_633' title='bbox 2080 2458 2301 2509; x_wconf 79' lang='grc' dir='ltr'>δημιουργὸς,</span> <span class='ocrx_word' id='word_1_634' title='bbox 2328 2457 2386 2495; x_wconf 79' lang='grc' dir='ltr'>διὰ</span> 
     </span>
     <span class='ocr_line' id='line_1_91' title="bbox 1363 2517 2388 2571; baseline -0.003 -13"><span class='ocrx_word' id='word_1_635' title='bbox 1363 2524 1421 2559; x_wconf 70' lang='grc' dir='ltr'>τοῦΙ</span> <span class='ocrx_word' id='word_1_636' title='bbox 1445 2519 1627 2571; x_wconf 78' lang='grc' dir='ltr'>σχήματος</span> <span class='ocrx_word' id='word_1_637' title='bbox 1651 2519 1771 2556; x_wconf 87' lang='grc' dir='ltr'>τούτου</span> <span class='ocrx_word' id='word_1_638' title='bbox 1798 2517 1862 2565; x_wconf 82' lang='grc' dir='ltr'>τὴν</span> <span class='ocrx_word' id='word_1_639' title='bbox 1889 2517 1993 2567; x_wconf 75' lang='grc' dir='ltr'>τιμὴν</span> <span class='ocrx_word' id='word_1_640' title='bbox 2025 2517 2302 2568; x_wconf 79' lang='grc' dir='ltr'>ἐπιδεικνύμενος</span> <span class='ocrx_word' id='word_1_641' title='bbox 2324 2517 2388 2565; x_wconf 72' lang='grc' dir='ltr'>τὴν</span> 
     </span>
     <span class='ocr_line' id='line_1_92' title="bbox 1363 2578 2387 2631; baseline -0.002 -13"><span class='ocrx_word' id='word_1_642' title='bbox 1363 2580 1444 2631; x_wconf 72' lang='grc' dir='ltr'>περὶ</span> <span class='ocrx_word' id='word_1_643' title='bbox 1462 2585 1521 2618; x_wconf 75' lang='grc' dir='ltr'>τοῦ</span> <span class='ocrx_word' id='word_1_644' title='bbox 1539 2579 1725 2630; x_wconf 82' lang='grc' dir='ltr'>μέλλοντος</span> <span class='ocrx_word' id='word_1_645' title='bbox 1747 2578 2039 2627; x_wconf 80' lang='grc' dir='ltr'>διαπλάττεσθαι,</span> <span class='ocrx_word' id='word_1_646' title='bbox 2058 2578 2117 2617; x_wconf 84' lang='grc' dir='ltr'>καὶ</span> <span class='ocrx_word' id='word_1_647' title='bbox 2136 2579 2204 2630; x_wconf 83' lang='grc' dir='ltr'>πρὸ</span> <span class='ocrx_word' id='word_1_648' title='bbox 2222 2582 2283 2625; x_wconf 76' lang='grc' dir='ltr'>τῆς</span> <span class='ocrx_word' id='word_1_649' title='bbox 2310 2580 2387 2616; x_wconf 81' lang='grc' dir='ltr'>δια-</span> 
     </span>
     <span class='ocr_line' id='line_1_93' title="bbox 1365 2639 2388 2692; baseline -0.002 -13"><span class='ocrx_word' id='word_1_650' title='bbox 1365 2641 1525 2683; x_wconf 87' lang='grc' dir='ltr'>πλάσεως</span> <span class='ocrx_word' id='word_1_651' title='bbox 1552 2639 1703 2684; x_wconf 75' lang='grc' dir='ltr'>ἐδίδαξεν</span> <span class='ocrx_word' id='word_1_652' title='bbox 1722 2644 1836 2690; x_wconf 78' lang='grc' dir='ltr'>ἡμᾶς·</span> <span class='ocrx_word' id='word_1_653' title='bbox 1858 2639 1917 2678; x_wconf 81' lang='grc' dir='ltr'>καὶ</span> <span class='ocrx_word' id='word_1_654' title='bbox 1936 2639 1975 2677; x_wconf 85' lang='grc' dir='ltr'>τὸ</span> <span class='ocrx_word' id='word_1_655' title='bbox 2000 2639 2142 2691; x_wconf 84' lang='grc' dir='ltr'>μέγεθος</span> <span class='ocrx_word' id='word_1_656' title='bbox 2169 2643 2231 2686; x_wconf 81' lang='grc' dir='ltr'>τῆς</span> <span class='ocrx_word' id='word_1_657' title='bbox 2257 2642 2388 2692; x_wconf 81' lang='grc' dir='ltr'>ἀρχῆς,</span> 
     </span>
     <span class='ocr_line' id='line_1_94' title="bbox 1367 2697 2388 2753; baseline -0.003 -13"><span class='ocrx_word' id='word_1_658' title='bbox 1367 2697 1407 2748; x_wconf 62' lang='grc' dir='ltr'>ἧς</span> <span class='ocrx_word' id='word_1_659' title='bbox 1439 2702 1558 2751; x_wconf 83' lang='grc' dir='ltr'>μέλλει</span> <span class='ocrx_word' id='word_1_660' title='bbox 1591 2701 1793 2753; x_wconf 77' lang='grc' dir='ltr'>ἐγχειρίζειν</span> <span class='ocrx_word' id='word_1_661' title='bbox 1820 2703 1870 2752; x_wconf 84' lang='grc' dir='ltr'>τῷ</span> <span class='ocrx_word' id='word_1_662' title='bbox 1900 2701 2183 2751; x_wconf 78' lang='grc' dir='ltr'>δημιουργεῖσθαι</span> <span class='ocrx_word' id='word_1_663' title='bbox 2215 2699 2388 2750; x_wconf 84' lang='grc' dir='ltr'>μέλλοντι.</span> 
     </span>
     <span class='ocr_line' id='line_1_95' title="bbox 1368 2756 2391 2813; baseline -0.004 -12"><span class='ocrx_word' id='word_1_664' title='bbox 1368 2762 1489 2801; x_wconf 77' lang='grc' dir='ltr'>Εἰπὼν</span> <span class='ocrx_word' id='word_1_665' title='bbox 1510 2756 1581 2810; x_wconf 62' lang='grc' dir='ltr'>οἷν,</span> <span class='ocrx_word' id='word_1_666' title='bbox 1604 2761 1816 2812; x_wconf 77' lang='grc' dir='ltr'>Ποιήσωμεν</span> <span class='ocrx_word' id='word_1_667' title='bbox 1836 2761 2015 2813; x_wconf 84' lang='grc' dir='ltr'>ἄνθρωπον</span> <span class='ocrx_word' id='word_1_668' title='bbox 2039 2763 2114 2798; x_wconf 84' lang='grc' dir='ltr'>κατ’</span> <span class='ocrx_word' id='word_1_669' title='bbox 2135 2759 2249 2798; x_wconf 82' lang='grc' dir='ltr'>εἰκόνα</span> <span class='ocrx_word' id='word_1_670' title='bbox 2267 2759 2391 2810; x_wconf 84' lang='grc' dir='ltr'>ἡμετέ-</span> 
     </span>
     <span class='ocr_line' id='line_1_96' title="bbox 1371 2820 2391 2876; baseline -0.003 -15"><span class='ocrx_word' id='word_1_671' title='bbox 1371 2841 1450 2876; x_wconf 84' lang='grc' dir='ltr'>ραν,</span> <span class='ocrx_word' id='word_1_672' title='bbox 1479 2823 1539 2861; x_wconf 79' lang='grc' dir='ltr'>καὶ</span> <span class='ocrx_word' id='word_1_673' title='bbox 1566 2823 1646 2862; x_wconf 79' lang='grc' dir='ltr'>καθ’</span> <span class='ocrx_word' id='word_1_674' title='bbox 1677 2822 1864 2874; x_wconf 81' lang='grc' dir='ltr'>ὁμοίωσιν,</span> <span class='ocrx_word' id='word_1_675' title='bbox 1885 2821 2061 2873; x_wconf 76' lang='grc' dir='ltr'>ἐπήγαγε·</span> <span class='ocrx_word' id='word_1_676' title='bbox 2088 2820 2158 2859; x_wconf 80' lang='grc' dir='ltr'>Καὶ</span> <span class='ocrx_word' id='word_1_677' title='bbox 2186 2820 2391 2873; x_wconf 80' lang='grc' dir='ltr'>ἀρχέτωσαν</span> 
     </span>
     <span class='ocr_line' id='line_1_97' title="bbox 1368 2881 2391 2937; baseline -0.005 -14"><span class='ocrx_word' id='word_1_678' title='bbox 1368 2888 1436 2923; x_wconf 83' lang='grc' dir='ltr'>τῶν</span> <span class='ocrx_word' id='word_1_679' title='bbox 1466 2884 1591 2937; x_wconf 83' lang='grc' dir='ltr'>ἰχθύων</span> <span class='ocrx_word' id='word_1_680' title='bbox 1611 2888 1673 2931; x_wconf 68' lang='grc' dir='ltr'>τῆς</span> <span class='ocrx_word' id='word_1_681' title='bbox 1703 2883 1892 2930; x_wconf 83' lang='grc' dir='ltr'>θαλάσσης.</span> <span class='ocrx_word' id='word_1_682' title='bbox 1913 2881 2011 2933; x_wconf 61' lang='grc' dir='ltr'>σΟρα</span> <span class='ocrx_word' id='word_1_683' title='bbox 2037 2885 2111 2925; x_wconf 82' lang='grc' dir='ltr'>πῶς</span> <span class='ocrx_word' id='word_1_684' title='bbox 2136 2884 2175 2920; x_wconf 82' lang='grc' dir='ltr'>ἐκ</span> <span class='ocrx_word' id='word_1_685' title='bbox 2197 2881 2391 2934; x_wconf 80' lang='grc' dir='ltr'>προοιμίων</span> 
     </span>
     <span class='ocr_line' id='line_1_98' title="bbox 1368 2942 2390 2999; baseline -0.003 -16"><span class='ocrx_word' id='word_1_686' title='bbox 1368 2947 1425 2985; x_wconf 74' lang='grc' dir='ltr'>τὸν</span> <span class='ocrx_word' id='word_1_687' title='bbox 1456 2945 1626 2999; x_wconf 74' lang='grc' dir='ltr'>θησαυρὸν</span> <span class='ocrx_word' id='word_1_688' title='bbox 1654 2948 1738 2996; x_wconf 77' lang='grc' dir='ltr'>ἡμῖν</span> <span class='ocrx_word' id='word_1_689' title='bbox 1774 2945 1832 2982; x_wconf 84' lang='grc' dir='ltr'>τὸν</span> <span class='ocrx_word' id='word_1_690' title='bbox 1856 2943 2133 2995; x_wconf 78' lang='grc' dir='ltr'>ἐγκεκρυμμένον</span> <span class='ocrx_word' id='word_1_691' title='bbox 2160 2942 2390 2981; x_wconf 80' lang='grc' dir='ltr'>ὑποδείκνυσι.</span> 
     </span>
     <span class='ocr_line' id='line_1_99' title="bbox 1371 3001 2391 3058; baseline -0.006 -13"><span class='ocrx_word' id='word_1_692' title='bbox 1371 3008 1553 3058; x_wconf 85' lang='grc' dir='ltr'>Πνεύματι</span> <span class='ocrx_word' id='word_1_693' title='bbox 1569 3006 1636 3057; x_wconf 79' lang='grc' dir='ltr'>γὰρ</span> <span class='ocrx_word' id='word_1_694' title='bbox 1652 3009 1664 3025; x_wconf 77' lang='lat'><strong>³</strong></span> <span class='ocrx_word' id='word_1_695' title='bbox 1677 3005 1757 3057; x_wconf 85' lang='grc' dir='ltr'>θείῳ</span> <span class='ocrx_word' id='word_1_696' title='bbox 1778 3003 2007 3056; x_wconf 80' lang='grc' dir='ltr'>φθεγγόμενος</span> <span class='ocrx_word' id='word_1_697' title='bbox 2021 3007 2039 3042; x_wconf 87' lang='lat'>6</span> <span class='ocrx_word' id='word_1_698' title='bbox 2057 3003 2236 3056; x_wconf 76' lang='grc' dir='ltr'>προφήτης</span> <span class='ocrx_word' id='word_1_699' title='bbox 2247 3033 2256 3050; x_wconf 89' lang='grc'>,</span> <span class='ocrx_word' id='word_1_700' title='bbox 2275 3001 2391 3041; x_wconf 76' lang='grc' dir='ltr'>καὶτὰ</span> 
     </span>
     <span class='ocr_line' id='line_1_100' title="bbox 1370 3064 2389 3119; baseline -0.004 -13"><span class='ocrx_word' id='word_1_701' title='bbox 1370 3068 1517 3119; x_wconf 71' lang='grc' dir='ltr'>μηδέπω</span> <span class='ocrx_word' id='word_1_702' title='bbox 1539 3068 1719 3119; x_wconf 62' lang='grc' dir='ltr'>ὑφεστῶτα</span> <span class='ocrx_word' id='word_1_703' title='bbox 1740 3069 1785 3108; x_wconf 80' lang='grc' dir='ltr'>ὡς</span> <span class='ocrx_word' id='word_1_704' title='bbox 1806 3068 1989 3117; x_wconf 67' lang='grc' dir='ltr'>ὑφεστῶτα</span> <span class='ocrx_word' id='word_1_705' title='bbox 2005 3065 2063 3103; x_wconf 83' lang='grc' dir='ltr'>καὶ</span> <span class='ocrx_word' id='word_1_706' title='bbox 2081 3064 2295 3116; x_wconf 84' lang='grc' dir='ltr'>γεγενημένα</span> <span class='ocrx_word' id='word_1_707' title='bbox 2314 3066 2389 3116; x_wconf 74' lang='grc' dir='ltr'>ὁρᾷ.</span> 
     </span>
     <span class='ocr_line' id='line_1_101' title="bbox 1368 3122 2391 3176; baseline -0.007 -8"><span class='ocrx_word' id='word_1_708' title='bbox 1368 3130 1471 3173; x_wconf 84' lang='grc' dir='ltr'>Τίνος</span> <span class='ocrx_word' id='word_1_709' title='bbox 1486 3122 1541 3167; x_wconf 58' lang='grc' dir='ltr'>οὖν</span> <span class='ocrx_word' id='word_1_710' title='bbox 1563 3128 1689 3173; x_wconf 79' lang='grc' dir='ltr'>ἕνεκεν,</span> <span class='ocrx_word' id='word_1_711' title='bbox 1705 3127 1780 3165; x_wconf 83' lang='grc' dir='ltr'>εἰπέ</span> <span class='ocrx_word' id='word_1_712' title='bbox 1799 3140 1871 3176; x_wconf 88' lang='grc' dir='ltr'>μοι,</span> <span class='ocrx_word' id='word_1_713' title='bbox 1888 3124 2015 3163; x_wconf 81' lang='grc' dir='ltr'>εἰπών·</span> <span class='ocrx_word' id='word_1_714' title='bbox 2034 3125 2242 3175; x_wconf 75' lang='grc' dir='ltr'>Ποιήσωμεν</span> <span class='ocrx_word' id='word_1_715' title='bbox 2261 3124 2391 3174; x_wconf 83' lang='grc' dir='ltr'>ἄνθρω-</span> 
     </span>
     <span class='ocr_line' id='line_1_102' title="bbox 1370 3185 2389 3240; baseline -0.009 -10"><span class='ocrx_word' id='word_1_716' title='bbox 1370 3207 1452 3237; x_wconf 85' lang='grc' dir='ltr'>πον,</span> <span class='ocrx_word' id='word_1_717' title='bbox 1473 3195 1529 3228; x_wconf 69' lang='grc' dir='ltr'>νῦν</span> <span class='ocrx_word' id='word_1_718' title='bbox 1550 3189 1656 3240; x_wconf 83' lang='grc' dir='ltr'>λέγει,</span> <span class='ocrx_word' id='word_1_719' title='bbox 1679 3187 1748 3226; x_wconf 67' lang='grc' dir='ltr'>Καὶ</span> <span class='ocrx_word' id='word_1_720' title='bbox 1770 3186 1993 3239; x_wconf 68' lang='grc' dir='ltr'>ἀρχέτωσαν,</span> <span class='ocrx_word' id='word_1_721' title='bbox 2010 3185 2186 3224; x_wconf 85' lang='grc' dir='ltr'>Λανθάνον</span> <span class='ocrx_word' id='word_1_722' title='bbox 2207 3201 2240 3222; x_wconf 83' lang='grc' dir='ltr'>τι</span> <span class='ocrx_word' id='word_1_723' title='bbox 2258 3185 2389 3236; x_wconf 65' lang='grc' dir='ltr'>μυστή-</span> 
     </span>
    </p>
   </div>
   <div class='ocr_carea' id='block_1_6' title="bbox 1430 3304 2291 3352">
    <p class='ocr_par' dir='ltr' id='par_1_6' title="bbox 1430 3304 2291 3352">
     <span class='ocr_line' id='line_1_103' title="bbox 1430 3304 2291 3352; baseline -0.006 -9"><span class='ocrx_word' id='word_1_724' title='bbox 1430 3323 1441 3336; x_wconf 75' lang='lat'>·=</span> <span class='ocrx_word' id='word_1_725' title='bbox 1461 3311 1515 3343; x_wconf 85' lang='lat' dir='ltr'>Sic</span> <span class='ocrx_word' id='word_1_726' title='bbox 1532 3309 1645 3343; x_wconf 77' lang='lat' dir='ltr'>Mox-cl.</span> <span class='ocrx_word' id='word_1_727' title='bbox 1665 3318 1698 3342; x_wconf 81' lang='lat' dir='ltr'>et</span> <span class='ocrx_word' id='word_1_728' title='bbox 1715 3308 1842 3352; x_wconf 82' lang='lat' dir='ltr'>aliquot</span> <span class='ocrx_word' id='word_1_729' title='bbox 1858 3309 1950 3349; x_wconf 65' lang='lat' dir='ltr'>Msc.;</span> <span class='ocrx_word' id='word_1_730' title='bbox 1971 3312 2036 3349; x_wconf 68' lang='grc' dir='ltr'>θείῳ</span> <span class='ocrx_word' id='word_1_731' title='bbox 2053 3305 2144 3339; x_wconf 79' lang='lat' dir='ltr'>deest</span> <span class='ocrx_word' id='word_1_732' title='bbox 2162 3307 2192 3339; x_wconf 87' lang='lat' dir='ltr'>in</span> <span class='ocrx_word' id='word_1_733' title='bbox 2210 3304 2291 3338; x_wconf 78' lang='lat' dir='ltr'>aliis.</span> 
     </span>
    </p>
   </div>
  </div>
 </body>
</html>
