2516 3791
109 646 222 677 Grn.8.
237 656 288 676 21.

313 175 406 221 316

306 287 339 316 et
353 278 400 316 ab
418 276 514 316 omni
535 276 727 318 formidine
745 277 914 325 solutum,
930 276 966 313 in
977 289 1143 326 magnam
1159 288 1257 312 secu-

307 337 448 376 ritatem
476 347 509 376 et
534 337 797 390 jucunditatem
825 336 1059 383 inducturus,
1079 333 1259 386 promittit

308 399 376 451 ipsi
397 414 433 437 se
462 398 638 451 ejusmodi
657 411 796 450 poenam
819 397 913 434 ultra
942 410 1011 433 non
1040 409 1114 433 csse
1134 395 1258 433 illatu-

306 473 403 499 rum.

357 523 396 558 ἱ).
415 520 464 557 Et
481 518 624 569 quidem
644 516 783 569 pridem
815 525 848 554 et
869 525 950 554 ante
973 514 1258 554 benedictionem

305 580 373 617 hoc
403 579 613 631 promiserat
634 577 768 625 dicens,
791 576 1095 628 quemadmodum
1113 576 1258 614 audivi-

304 640 381 687 stis,
404 642 495 678 Non
517 640 703 692 adjiciam
724 639 829 676 ultra
858 647 900 676 ut
920 638 1153 676 maledicam
1185 646 1259 675 ter·-
1283 644 1306 674 E

303 716 355 739 roe
376 701 543 739 :etiamsi
579 699 767 738 hominum
803 699 940 737 malitia
967 699 1151 748 increscat,
1188 712 1259 736 non

302 771 419 800 tamen
441 775 504 814 ego
514 761 712 798 humanum
733 759 915 811 genustali
932 759 1119 812 subjiciam
1132 773 1255 812 poenae.

303 823 397 860 Nam
407 821 636 860 monstrando
648 821 862 859 ineffabilem
878 835 979 858 suam
987 820 1258 872 benignitatem,

305 885 466 938 idipsum
486 899 581 922 nunc
601 882 717 921 denuo
730 882 920 934 promittit,
937 892 977 919 ut
994 882 1083 919 bene
1101 881 1259 919 considat

301 947 433 998 justus,
456 959 520 983 nec
539 945 667 996 cogitet
690 943 787 995 apud
811 958 860 991 se,
875 957 916 980 ac
934 943 1153 980 dicat:Cum
1173 942 1259 980 olim

304 1006 585 1044 benedictionem
605 1004 723 1057 generi
734 1013 853 1042 nostro
869 1003 1038 1051 dedisset,
1054 1012 1087 1040 et
1100 1012 1139 1040 ut
1152 1003 1258 1041 valde

304 1067 604 1119 multiplicaretur
620 1065 760 1113 effecit;
783 1078 1005 1102 communem
1022 1072 1137 1102 tamen
1158 1063 1256 1101 illam

303 1129 464 1166 omnium
478 1127 752 1165 internecionem
768 1125 916 1163 invexit.
930 1126 979 1163 Ut
995 1124 1105 1176 igitur
1117 1139 1256 1163 omnem

303 1203 322 1226 e
348 1189 622 1240 cogitationibus
648 1187 747 1224 illius
781 1185 975 1223 tumultum
999 1185 1206 1238 expelleret,
1223 1195 1257 1223 et

302 1259 397 1288 certo
417 1259 589 1288 constaret
600 1249 667 1301 ipsi
688 1262 756 1286 non
779 1248 852 1285 fore
868 1247 960 1285 ultra
981 1261 1054 1285 rem
1076 1247 1252 1285 similem:

302 1311 633 1360 Quemadmodum,
648 1309 777 1360 inquit,
799 1309 979 1347 diluvium
994 1323 1039 1347 ex
1056 1309 1255 1347 misericor·
1268 1344 1314 1368 271

301 1372 361 1410 dia
373 1372 518 1423 induxi,
543 1381 584 1409 ut
601 1380 634 1409 et
650 1370 788 1408 malitia
803 1369 1032 1422 impediatur,
1045 1383 1157 1421 neque
1166 1371 1256 1409 ulte·
1281 1381 1307 1410 Α

302 1434 377 1471 rius
396 1432 563 1486 progredi
584 1432 707 1485 possit,
739 1432 786 1469 ita
808 1441 841 1469 et
864 1445 958 1469 nunc
978 1431 1101 1469 eadem
1117 1431 1256 1469 miseri-

303 1495 423 1532 cordia
443 1495 612 1547 polliceor
638 1507 694 1531 me
714 1492 750 1530 id
776 1507 845 1530 non
874 1492 968 1530 ultra
993 1492 1185 1540 facturum,
1217 1501 1256 1530 ut

304 1555 454 1608 seposito
482 1555 577 1592 omni
595 1568 744 1592 moerore
767 1562 974 1606 praesentem
996 1553 1110 1591 vitam
1126 1553 1256 1591 transi-

305 1615 407 1667 gatis.
432 1615 519 1652 ldeo
556 1614 650 1652 dixit
672 1629 679 1650 :
698 1616 801 1651 Ecce
833 1621 961 1651 statuo
983 1621 1257 1650 testamentum

306 1690 446 1723 meum,
463 1675 530 1712 hoc
541 1683 613 1724 est,
636 1683 780 1726 paetum
800 1673 890 1710 ineo.
920 1673 1020 1711 Sicut
1036 1672 1070 1709 in
1091 1673 1257 1710 humanis

303 1736 454 1788 negotiis
471 1735 500 1773 si
527 1735 608 1786 quis
626 1734 803 1787 promittit
821 1733 971 1784 aliquid,
989 1742 1132 1785 pactum
1159 1733 1257 1782 facit,

304 1811 469 1848 magnam
482 1797 642 1848 praebens
662 1794 886 1833 securitatem
908 1811 915 1831 :
940 1794 989 1831 ita
1001 1802 1034 1831 et
1050 1794 1166 1831 bonus
1185 1795 1258 1832 Do-

302 1857 420 1896 minus
436 1858 549 1908 inquit
559 1873 566 1893 :
577 1859 680 1895 Ecce
689 1864 818 1894 statuo
832 1863 1104 1893 testamentum
1113 1869 1253 1893 meum.

301 1919 454 1956 Etbene
469 1918 577 1965 dixit,
604 1918 756 1967 Statuo,
775 1931 841 1970 pro
860 1930 913 1964 ρο,
942 1916 1041 1967 quod
1068 1925 1133 1964 est,
1164 1916 1256 1955 Ecce

301 1993 366 2031 ego
381 1980 538 2018 instauro
550 1994 587 2017 ea
599 1993 676 2030 quae
691 1993 734 2016 ex
750 1987 977 2030 peccatorum
996 1977 1152 2030 pernicie
1166 1978 1256 2016 acci-

301 2040 438 2089 derant,
460 2049 493 2078 et
522 2041 657 2078 Statue
679 2047 952 2076 testamentum
975 2052 1100 2075 meum
1118 2040 1254 2076 vobis-—

303 2115 389 2138 cum
411 2110 446 2138 et
463 2115 550 2138 cum
567 2103 711 2138 semine
730 2108 860 2137 vestro
870 2107 957 2150 post
973 2112 1056 2136 vos.
1077 2098 1172 2138 Vide
1186 2099 1256 2136 cle-

303 2161 471 2198 mentiam
506 2159 651 2198 Domini
665 2175 676 2210 3
700 2158 801 2209 quasi
826 2159 959 2197 diceret
981 2174 988 2195 :
1008 2159 1089 2196 Non
1116 2167 1257 2197 tantum

304 2221 491 2259 vobiscum
521 2229 638 2258 statuo
666 2228 825 2271 pactum,
856 2218 916 2256 scd
948 2228 982 2256 et
1008 2219 1052 2256 iis
1093 2219 1155 2269 qui
1192 2234 1255 2258 vos

302 2291 508 2332 sequentur,
540 2280 667 2319 stabile
701 2289 734 2317 et
761 2279 907 2316 firmum
939 2279 1014 2317 fore
1050 2280 1254 2330 pronuntio.

303 2346 426 2381 Postea
446 2352 485 2380 ut
517 2356 616 2380 suam
637 2341 792 2379 declaret
822 2340 1086 2388 liberalitatem,
1107 2340 1223 2391 inquit
1244 2357 1252 2378 :

302 2406 354 2442 Ec
377 2406 483 2441 omni
508 2406 649 2441 anima?
677 2404 828 2439 viventi
848 2403 1062 2445 vobiscum,
1094 2415 1119 2438 α
1141 2402 1256 2440 vola—

303 2465 433 2502 tilibus
454 2473 488 2501 et
510 2478 535 2501 a
557 2465 772 2515 pecoribus,
787 2471 824 2499 et
840 2463 1016 2499 omnibus
1037 2464 1165 2500 bestiis
1183 2471 1256 2500 ter-

301 2540 366 2572 roe,
387 2538 637 2577 quaecumque
670 2531 762 2561 sunt
795 2524 997 2560 vobiscum
1014 2537 1061 2560 ea:
1081 2525 1256 2561 omnibus

301 2599 386 2637 qua’
401 2599 553 2637 egressa
573 2592 662 2622 sunt
681 2598 728 2621 ez·
748 2596 844 2620 arca
860 2599 874 2626 ‚·
892 2590 928 2619 et
947 2590 1120 2619 statuam
1136 2591 1254 2621 testa-

303 2656 472 2684 mentum
508 2660 633 2683 meum
661 2647 862 2682 ‘vobiscum
881 2659 891 2679 .·
908 2652 944 2681 et
966 2657 1043 2680 non
1073 2647 1258 2683 morietur

303 2710 427 2745 munis
447 2721 538 2744 caro
558 2707 663 2744 ultra
684 2708 733 2743 ab
747 2718 852 2757 aqua
869 2705 1034 2752 dil1wii;
1053 2713 1087 2742 et
1107 2719 1185 2743 non
1199 2706 1257 2743 ul-

303 2777 364 2804 tra
381 2770 452 2805 erit
472 2769 662 2804 diluvium
675 2780 800 2818 aquoe,
815 2774 857 2803 ut
869 2774 1091 2817 corrumpat
1107 2780 1258 2804 omnem
1281 2774 1304 2804 C

303 2837 457 2866 terram.
479 2827 613 2866 Vidisti
632 2836 816 2879 pactorum
834 2826 1143 2877 magnitudinem?
1161 2827 1256 2864 vidi-

302 2889 345 2926 sti
358 2889 631 2940 promissionum
645 2888 859 2926 ineffabilem
875 2887 1152 2926 liberalitatem?
1168 2889 1258 2927 Con-

302 2951 417 2987 sidera
446 2949 622 3000 quomodo
651 2948 906 2999 benignitatem
925 2962 1025 2986 suam
1048 2948 1165 2987 denuo
1197 2964 1257 2987 us-

303 3025 371 3060 que
387 3010 430 3047 ad
449 3011 554 3047 bruta
568 3019 599 3047 et
615 3010 704 3046 seras
719 3009 900 3055 extendat,
913 3018 946 3046 ct
958 3009 1084 3047 merito
1100 3009 1256 3060 quidem.

304 3070 409 3117 Quod
426 3071 519 3108 <mim
547 3085 636 3122 sa‘pc
655 3069 745 3115 dixi,
774 3069 842 3106 hoc
871 3078 904 3107 ct
924 3083 1017 3107 nunc
1040 3069 1134 3108 dico.
1161 3071 1254 3108 Nam

759 191 796 221 S.
835 192 1020 222 JOANMS
1056 190 1295 222 CHRYSOST.

303 3133 385 3182 quia
402 3140 546 3184 propter
566 3130 746 3168 hominem
779 3130 856 3168 liaec
869 3130 1040 3183 producta
1062 3140 1157 3181 sunt,
1175 3131 1253 3169 ideo

303 3203 336 3230 et
358 3194 500 3230 illorum
520 3191 774 3229 beneficiorum
796 3199 931 3242 partein
946 3191 1075 3229 habent
1090 3207 1169 3242 qua*
1186 3192 1250 3230 lio·

304 3255 389 3292 mini
405 3267 564 3291 concessa
574 3261 668 3289 sunt.
690 3251 735 3288 Et
748 3252 891 3289 videtur
907 3252 1050 3303 quiue-111
1066 3266 1253 3292 commune

348 3373 359 3386 ι·
386 3360 516 3403 Aliquot
536 3360 608 3391 Πᾶς.
629 3365 738 3401 &puem-

1335 189 1360 219 A
1367 190 1524 220 RCHIEP
1532 209 1543 219 .
1581 189 1750 220 CONSTA
1757 191 1918 222 NTINOP
1926 210 1936 220 .

1333 272 1429 316 δέους
1444 273 1548 311 αὐτὸν
1568 274 1827 323 ἀπαλλάττων,
1858 273 1918 313 καὶ
1946 274 1982 312 ἐν
2019 273 2118 325 ἀδείᾳ
2154 275 2267 325 πολλῇ
2300 274 2360 312 καὶ

1331 332 1479 385 εὐθυμία
1497 332 1681 379 καθιστὰς,
1700 335 1922 386 ὑπισχνεῖται
1938 334 2032 385 αὐτῷ
2052 334 2178 385 μηκέτι
2196 334 2359 382 τοιαύτην

1330 393 1505 445 τιμωρίαν
1522 393 1724 445 ἐπαγαγεῖν.

2273 472 2288 483 .

1383 514 1454 554 Καὶ
1473 517 1574 553 τοῦτο
1596 513 1659 566 μὲν
1674 514 1742 561 ἤδη
1758 515 1816 553 καὶ
1833 515 1901 567 πρὸ
1915 518 1978 562 τῆς
2007 515 2164 568 εὐλογίας
2186 516 2359 568 ὑπέσχετό

1330 576 1454 628 λέγων,
1471 575 1630 628 καθάπερ
1650 575 1824 621 ἠκούσατε
1836 606 1846 623 ,
1865 575 1918 614 ὅτι
1937 578 1990 614 Οὐ
2006 580 2184 628 προστιθῶ
2203 577 2359 630 καταρά-

1331 642 1458 676 σασθαι
1478 636 1540 683 τὴν
1556 640 1639 688 γῆν·
1661 638 1690 674 εἷ
1721 636 1781 674 καὶ
1807 639 1839 674 οἱ
1874 636 2050 689 ἄνθρωποι
2082 637 2127 675 τὰ
2145 640 2208 683 τῆς
2235 637 2360 680 κακίας

1332 698 1579 745 ἐπιτείνουσιν,
1601 699 1677 736 ἀλλ’
1699 697 1794 748 ὅμως
1830 696 1899 748 ἐγὼ
1921 698 2037 736 οὐκέτι
2066 697 2211 752 τοιούτῳ
2246 701 2361 737 ἐπιτι-

1333 759 1403 812 μίῳ
1425 759 1613 798 ὑποέάλλω
1630 759 1670 797 τὸ
1699 761 1768 797 τῶν
1788 757 1981 810 ἀνθρώπων
1999 757 2108 810 γένος.
2128 759 2271 804 Δεικνὺς
2291 758 2360 811 γὰρ

1333 823 1436 859 αὐτοῦ
1465 821 1528 868 τὴν
1563 820 1692 873 ἄφατον
1728 818 1991 872 φιλανθρωπίαν
2027 820 2087 858 καὶ
2123 821 2230 859 πάλιν
2260 825 2361 859 τοῦτο

1332 883 1574 933 ὓπισινεῖται,
1587 881 1644 919 ῗνα
1661 883 1798 934 θαρρεῖν
1819 880 1884 932 ἔχῃ
1904 883 1921 918 ὃ
1941 879 2091 928 δίκαιος,
2115 881 2175 919 καὶ
2196 881 2243 932 μὴ
2262 881 2360 933 λογί-

1331 943 1449 985 ζεσθαι
1467 944 1544 979 καθ’
1563 941 1683 979 ἑαυτὸν
1703 941 1761 978 καὶ
1774 940 1886 993 λέγειν
1900 956 1908 964 ·
1929 941 1988 979 καὶ
2003 941 2070 988 ἤδη
2086 941 2243 993 εὐλογίας
2256 940 2359 984 ἀξιώ-

1331 1017 1394 1046 σας
1413 1001 1452 1040 τὸ
1471 999 1566 1054 γένος
1594 1002 1633 1040 τὸ
1651 1001 1842 1054 ἡμέτερον,
1865 1002 1925 1040 καὶ
1952 1004 1999 1046 εἷς
2017 1003 2149 1048 πλῆθος
2169 1002 2360 1042 ἐπιδιδόναι

1329 1062 1621 1115 παρασκευάσας,
1652 1062 1716 1109 τὴν
1735 1061 1978 1116 πανωλεθρίαν
2009 1062 2137 1110 ταύτην
2171 1063 2359 1115 ἐπήγαγεν.

1329 1122 1395 1162 Ἵν’
1413 1117 1470 1161 οῧν
1488 1122 1603 1161 πάντα
1631 1123 1772 1175 θόρυὸον
1797 1122 1927 1174 ἐκὸάλῃ
1959 1125 1999 1161 ἐκ
2034 1125 2103 1161 τῶν
2123 1125 2226 1161 αὐτοῦ
2259 1125 2360 1175 λογι-

1331 1187 1450 1235 σμῶν,
1485 1184 1545 1223 καὶ
1577 1185 1827 1237 πληροφορηθῇ
1865 1186 1911 1228 ὡς
1942 1183 2058 1223 οὐκέτι
2095 1184 2195 1222 ἔσται
2239 1187 2358 1223 τοῦτο·

1330 1245 1449 1298 ὥσπερ
1462 1247 1529 1298 γὰρ
1541 1277 1551 1294 ,
1566 1245 1669 1297 φησὶ,
1683 1245 1741 1283 τὸν
1758 1245 2004 1295 κατακλυσμὸν
2023 1244 2078 1283 διὰ
2098 1245 2359 1298 φιλανθρωπίαν

1332 1307 1525 1359 ἐπήγαγον,
1543 1306 1637 1344 ὥστε
1658 1306 1722 1353 τὴν
1742 1305 1867 1344 κακίαν
1887 1305 2034 1358 ἐγκόψαι
2044 1337 2055 1354 ,
2075 1306 2134 1344 καὶ
2161 1305 2208 1356 μὴ
2231 1321 2359 1358 περαι-

1332 1368 1420 1420 τέρω
1441 1366 1563 1412 αὐτοὺς
1581 1369 1775 1420 προὸἧναι,
1791 1366 1882 1405 οὕτω
1896 1367 1956 1404 καί
1972 1372 2029 1405 νῒὶν
2051 1366 2108 1405 διὰ
2126 1366 2190 1412 τὴν
2209 1368 2359 1417 ἐμαυτοῦ

1330 1428 1591 1481 φιλανθρωπίαν
1614 1428 1875 1479 ἐπαγγέλλομαι
1902 1427 2028 1478 μηκέτι
2055 1433 2155 1466 τοῦτο
2187 1428 2359 1477 ποιήσειν,

1329 1489 1387 1527 ἵνα
1406 1490 1521 1536 πάσης
1542 1489 1690 1540 ἀθυμίας
1706 1490 1802 1533 ἐκτὸς
1822 1488 2014 1540 διάγοντες,
2034 1488 2124 1527 οὕτω
2143 1489 2207 1535 τὴν
2224 1494 2359 1542 παροῦ-

1332 1567 1395 1589 σαν
1416 1550 1504 1598 ζωὴν
1528 1551 1699 1598 διανύητε.
1730 1551 1797 1589 Διὰ
1816 1549 1918 1588 τοῦτό
1936 1565 2039 1602 φησιν
2053 1566 2060 1574 ·
2084 1550 2172 1589 Ἰδοὺ
2191 1550 2359 1602 ἀνίστημι

1330 1611 1392 1658 τὴν
1415 1612 1581 1659 διαθήκην
1612 1627 1700 1663 μου,
1719 1614 1812 1651 τοῦτ’
1845 1611 1943 1659 ἔστι,
1972 1611 2144 1657 συνθήκας
2177 1617 2357 1663 ποιοῦμαι.

1331 1673 1502 1726 Καθάπερ
1523 1673 1581 1712 ἐπὶ
1612 1675 1680 1710 τῶν
1716 1673 1940 1725 ἀνθρωπίνων
1966 1673 2183 1725 πραγμάτων
2218 1674 2358 1712 ἐπειδάν

1330 1749 1383 1776 τις
1405 1733 1664 1785 ἐπαγγέλληταί
1685 1749 1717 1771 τι
1733 1763 1743 1780 ,
1772 1732 1966 1772 συντίθεται
1982 1733 2041 1770 καὶ
2059 1732 2190 1776 πολλὴν
2207 1733 2357 1786 παρέχει

1331 1793 1394 1841 τὴν
1414 1794 1651 1846 πληροφορίαν
1666 1809 1673 1817 ·
1693 1793 1783 1832 οὕτω
1814 1793 1873 1832 καὶ
1901 1797 1918 1831 ὃ
1950 1793 2075 1846 ἀγαθὸς
2097 1795 2278 1841 Δεσπότης
2297 1811 2359 1847 φηι

1331 1854 1405 1893 σίν·
1429 1854 1519 1893 Ἰδοὺ
1554 1855 1719 1906 ἀνίστημι
1749 1854 1812 1901 τὴν
1843 1855 2010 1902 διαθήκην
2032 1870 2109 1905 μου.
2144 1855 2214 1893 Καὶ
2241 1857 2358 1900 καλῶς

1330 1910 1441 1964 εἶπεν,
1462 1915 1662 1967 Ἀνίστημι,
1679 1915 1755 1953 ἀντὶ
1771 1920 1848 1964 τοῦ,
1864 1915 1935 1954 ἰδοὺ
1956 1914 2024 1967 ἐγὼ
2054 1918 2186 1954 ἀνανεῶ
2205 1915 2269 1963 τὴν
2289 1917 2356 1955 ὑπὸ

1329 1980 1398 2015 τῶν
1418 1977 1716 2030 παραπτωμάτων
1746 1976 1986 2029 πανωλεθρίαν
2023 1978 2135 2014 αὐτῶν
2162 1977 2355 2029 γεγενημέ-

1328 2053 1389 2084 νην
1404 2069 1413 2085 ,
1448 2037 1507 2075 καὶ
1530 2037 1711 2088 Ἀνίστημι
1740 2037 1804 2084 τὴν
1826 2036 1992 2084 διαθήκην
2014 2053 2079 2087 μου
2102 2040 2182 2088 ὑμῖν
2214 2037 2273 2075 καὶ
2304 2041 2355 2091 τῷ

1329 2098 1507 2151 σπέρματι
1525 2101 1622 2148 ὑμῶν
1652 2100 1727 2148 μεθ’
1747 2102 1848 2149 ὑμᾶς.
1870 2097 1968 2151 ζΌροι
1999 2098 2259 2150 φιλανθρωπίαν
2281 2101 2353 2138 Δε-

1329 2157 1458 2197 σπότου
1473 2174 1481 2182 ·
1514 2161 1551 2196 οὐ
1583 2158 1686 2208 μόνον
1708 2157 1831 2210 μέχρις
1861 2161 1979 2209 ὑμῶν,
2006 2159 2131 2210 φησὶν,
2152 2158 2274 2209 ἵστημι
2296 2159 2359 2203 τὰς

1329 2219 1521 2266 συνθήκας,
1553 2219 1644 2257 ἀλλὰ
1664 2219 1723 2257 καὶ
1745 2219 1830 2272 πρὸς
1849 2218 1925 2262 τοὺς
1946 2222 2020 2269 μεθ’
2051 2222 2139 2269 ὑμᾶς
2160 2220 2359 2272 γινομένους

1328 2279 1456 2323 ταύτας
1483 2279 1625 2332 βεὲαίας
1656 2280 1848 2332 ἀποφαίνω.
1872 2274 1962 2318 Εἶτα
1980 2279 2037 2318 ἵνα
2057 2280 2119 2327 τὴν
2135 2280 2264 2319 οἰκείαν
2283 2284 2357 2320 ἐπι-

1329 2340 1482 2386 δείξηται
1508 2341 1728 2392 φιλοτιμίαν,
1759 2340 1864 2394 φησί·
1897 2340 1967 2379 Καὶ
1993 2341 2089 2392 πάσῃ
2129 2343 2224 2394 ψυχῇ
2264 2342 2357 2393 ζώσῃ

1331 2402 1407 2452 μεθ’
1435 2405 1544 2452 ὑμῶν,
1565 2402 1634 2440 ἀπὸ
1661 2402 1811 2454 ῧόρνέων
1832 2402 1892 2440 καὶ
1916 2403 1984 2440 ἀπὸ
2002 2405 2154 2449 κτηνῶν,
2182 2403 2241 2441 καὶ
2270 2410 2358 2442 πᾶσι

1329 2469 1398 2506 τοῖς
1419 2463 1549 2516 θηρίοις
1571 2466 1632 2509 τ’ἦς
1652 2465 1734 2514 γ’ῆς,
1754 2462 1817 2501 ὅσα
1839 2464 1914 2514 μεθ’
1934 2465 2031 2513 ὑμῶν
2047 2462 2116 2501 ἀπὸ
2132 2463 2271 2501 πάντων
2288 2467 2357 2502 τῶν

1329 2524 1532 2568 ἐξελθόντων
1552 2526 1591 2562 ἐκ
1610 2526 1672 2570 τῆς
1690 2525 1840 2562 κιὸωτοῦ
1854 2539 1861 2546 ·
1883 2523 1942 2562 καὶ
1967 2524 2085 2570 στήσω
2104 2523 2167 2570 τὴν
2188 2524 2357 2572 διαθήκην

1331 2600 1394 2634 μου
1412 2585 1497 2637 πρὸς
1523 2588 1634 2636 ὑμᾶς,
1658 2585 1716 2623 καὶ
1739 2587 1800 2624 οὐκ
1821 2586 2044 2623 ἀποθανεῖται
2074 2591 2170 2622 πᾶσα
2199 2584 2284 2638 σὰρξ
2305 2585 2356 2623 ἔτι

1329 2646 1471 2685 ἀπὸτοῦ
1493 2646 1616 2689 ὕδατος
1650 2652 1710 2686 τοῦ
1746 2649 2014 2695 κατακλυσμοῦ,
2034 2645 2094 2682 καὶ
2115 2645 2229 2684 οὐκέτι
2257 2645 2356 2684 ἔσται

1329 2707 1574 2757 κατακλυσμὸς
1594 2706 1734 2753 ὕδατος,
1767 2709 1996 2759 καταφθεῖραι
2030 2712 2147 2743 πᾶσαν
2184 2705 2247 2753 τὴν
2277 2710 2354 2759 γῆν.

1330 2761 1430 2810 Εἶδες
1461 2771 1639 2814 συνθηκῶν
1672 2767 1838 2820 μέγεθος;
1876 2760 1960 2810 εἶδες
1982 2765 2202 2817 ὑποσχέσεων
2224 2767 2354 2819 ἄφατον

1329 2828 1549 2880 φιλοτιμίαν;
1574 2828 1705 2867 Σκόπει
1741 2832 1815 2872 πῶς
1849 2827 1953 2866 πάλιν
1985 2827 2128 2865 ἐκτείνει
2161 2830 2264 2866 αὐτοῦ
2291 2828 2354 2875 τὴν

1330 2890 1590 2941 φιλανθρωπίαν
1611 2890 1669 2928 καὶ
1696 2890 1802 2942 μέχρι
1821 2892 1888 2928 τῶν
1903 2888 2038 2940 ἀλόγων
2052 2888 2112 2926 καὶ
2128 2892 2196 2927 τῶν
2213 2889 2354 2942 θηρίων,

1329 2949 1388 2987 καὶ
1404 2949 1557 2994 εἰκότως.
1579 2949 1699 3004 εὈπερ
1717 2950 1784 3003 γὰρ
1800 2949 1968 2992 πολλάκις
1985 2944 2092 2997 εἶπον,
2108 2954 2208 2988 τοῦτο
2222 2950 2281 2988 καὶ
2296 2954 2353 2988 νῦν

1329 3028 1433 3063 φημι.
1452 3011 1599 3058 Ἐπειδὴ
1615 3011 1684 3064 γὰρ
1703 3011 1760 3049 διὰ
1778 3012 1835 3049 τὸν
1851 3012 2032 3064 ἄνθρωπον
2048 3013 2157 3047 ταῦτα
2168 3010 2332 3063 παρήχθη
2344 3042 2354 3060 ,

1328 3072 1385 3110 διὰ
1403 3077 1502 3110 τοῦτο
1521 3072 1579 3110 καὶ
1598 3077 1708 3110 ταῦτα
1727 3077 1882 3110 κοινωνεῖ
1904 3076 1962 3109 νῦν
1982 3074 2043 3114 τῖς
2077 3071 2274 3123 εὐεργεσίας
2292 3076 2354 3119 τῆς

1327 3135 1375 3175 εἷς
1393 3133 1449 3170 τὸν
1474 3133 1652 3184 ἄνθρωπον
1668 3132 1862 3184 γινομένης.
1884 3131 1953 3169 Καὶ
1975 3132 2067 3169 δοκεῖ
2091 3131 2152 3181 μὲν
2171 3131 2267 3178 κοινὴ
2298 3149 2354 3184 γε·

1326 3194 1443 3231 νέσθαι
1457 3198 1478 3240 ἡ
1501 3194 1649 3240 διαθήκη
1670 3194 1729 3231 καὶ
1749 3193 1833 3246 πρὸς
1853 3192 1952 3230 αὐτὸν
1976 3191 2135 3244 καὶπρὸς
2153 3193 2196 3230 τὰ
2218 3194 2326 3242 ἄλογα
2343 3225 2352 3241 ,

1326 3256 1387 3292 οὐκ
1405 3254 1478 3292 ἔστι
1496 3254 1530 3292 δὲ
1547 3259 1659 3293 τοῦτο.
1681 3254 1750 3293 Καὶ
1777 3253 1844 3305 γὰρ
1875 3253 1933 3291 καὶ
1955 3258 2054 3293 τοῦτο
2083 3254 2138 3292 διὰ
2168 3254 2230 3302 τὴν
2248 3257 2351 3294 αὐτοῦ
