2516 3791
223 541 269 563 557

276 180 367 245 796
723 188 761 218 S.
799 182 976 217 JOANNIS
1009 176 1252 211 CHRYSOST.
1290 173 1492 204 ARcfflEP.
1532 168 1882 200 CONSTANTINOP.

283 316 2306 366 fl

1046 481 1590 570 MONITUM

1119 686 1184 722 ΑΙ)
1213 683 1414 723 SERMON
1419 680 1489 719 EM

380 853 679 919 QUOMODO
713 845 1051 900 OPORTEAT
1087 841 1398 891 FRATRUM
1432 837 1722 887 PECCATA
1759 837 2059 886 ARGUERE
2075 874 2088 896 ,
2120 853 2223 884 ETc.

901 1016 987 1057 QUI
1030 1013 1122 1044 EST
1165 1011 1333 1042 NONUS
1375 1010 1424 1040 IN
1460 999 1709 1040 GENESIM.

338 1190 405 1227 Hic
430 1199 556 1236 sermo,
580 1185 686 1235 longo
706 1189 786 1235 post
799 1188 877 1218 octo
905 1178 992 1216 alios
1019 1175 1188 1228 temporis
1215 1173 1403 1212 intervallo
1432 1172 1590 1223 habitus,
1610 1172 1647 1209 in
1665 1171 1732 1211 hae
1757 1171 1846 1209 serie
1864 1171 2002 1224 positus
2021 1170 2102 1222 fuit,
2130 1185 2201 1210 non
2221 1172 2330 1210 modo

285 1251 368 1303 quia
394 1250 430 1288 in
450 1248 512 1287 illo
530 1246 575 1285 de
594 1244 775 1283 Abraham
793 1250 827 1280 et
846 1240 891 1278 de
909 1240 984 1278 Noe
1004 1237 1171 1291 pluribus
1197 1236 1330 1287 agitur,
1349 1233 1411 1272 sed
1432 1233 1538 1272 etiam
1556 1233 1639 1284 quia
1659 1246 1729 1271 non
1758 1246 1871 1284 pauca
1899 1233 1959 1271 hie
1975 1233 2153 1271 habentur
2180 1233 2329 1284 similia,

286 1314 358 1351 imo
374 1311 496 1350 eadem
517 1321 605 1362 pene
623 1320 700 1358 quae
719 1304 755 1342 in
783 1300 951 1340 Homiliis
970 1300 1007 1338 in
1027 1298 1208 1338 Genesim.
1229 1297 1336 1334 Hunc
1359 1308 1464 1348 porro
1487 1295 1693 1332 Sermonem
1711 1293 1835 1332 eodem
1860 1294 1987 1331 habuit
2005 1308 2096 1332 anno
2119 1309 2189 1345 quo
2208 1294 2333 1332 Homi-

285 1374 351 1411 lias
370 1371 515 1423 triginta
535 1369 625 1407 duas
641 1366 776 1419 priores
794 1363 831 1401 in
846 1361 1025 1410 Genesim,
1041 1368 1075 1398 et
1088 1371 1159 1410 quo
1178 1356 1354 1395 Homilias
1369 1357 1406 1394 in
1427 1355 1648 1408 principium
1668 1356 1853 1405 Actorum,
1879 1364 1912 1393 et
1938 1355 1983 1393 de
2004 1355 2199 1394 mutatione
2218 1355 2333 1393 nomi-

287 1448 386 1472 num.
410 1433 524 1484 Cujus
549 1426 790 1478 chronologiae
807 1423 982 1463 rationem
1007 1419 1222 1472 explicatam
1239 1417 1350 1455 habes
1376 1417 1413 1455 in
1431 1416 1569 1455 Monito
1587 1415 1632 1454 ad
1662 1416 1836 1454 Homilias
1863 1416 1899 1454 in
1917 1416 2136 1469 principium
2163 1419 2334 1455 Actorum

289 1496 405 1532 Tomo
420 1494 458 1541 5,
471 1507 507 1545 p.
528 1492 592 1540 47,
608 1490 761 1539 itemque
789 1485 825 1523 in
843 1484 982 1523 Monito
1001 1480 1047 1519 ad
1064 1479 1240 1518 Homilias
1255 1478 1300 1515 de
1325 1477 1519 1515 mutatione
1538 1477 1724 1515 nominum
1745 1475 1867 1515 eodem
1886 1478 2002 1515 Tomo
2026 1492 2062 1530 p.
2084 1479 2147 1516 97.
2166 1478 2247 1524 Quo
2266 1491 2334 1515 au-

288 1565 360 1594 tem
375 1568 467 1592 anno
484 1553 561 1590 haec
581 1559 678 1588 tanta
698 1545 933 1585 homiliarum
955 1552 1228 1590 sermonumque
1247 1538 1351 1577 series
1370 1539 1594 1591 pronuntiata
1616 1539 1724 1577 fuerit
1735 1568 1745 1588 7
1765 1538 1926 1576 nondum
1944 1539 2125 1590 potuimus
2140 1538 2336 1590 deprehen-

290 1617 387 1655 dere.
407 1613 504 1653 Illud
535 1611 652 1650 solum
682 1621 745 1661 pro
769 1614 863 1644 certo
880 1604 1134 1656 exploratoque
1153 1599 1326 1638 habemus
1347 1613 1466 1638 omnes
1496 1607 1575 1651 post
1593 1613 1726 1636 annum
1745 1598 1821 1636 587
1849 1599 1990 1637 habitas
2020 1599 2138 1637 fuisse.
2165 1599 2218 1637 Ea
2236 1599 2281 1638 de
2301 1615 2339 1638 re

290 1677 374 1716 vide
393 1689 473 1727 quae
492 1672 653 1712 diximus
677 1670 714 1708 in
731 1666 870 1708 Monito
885 1665 932 1703 ad
951 1663 1125 1702 Homilias
1150 1661 1186 1699 in
1206 1660 1424 1714 principium
1444 1662 1630 1710 Actorum,
1650 1668 1755 1709 atque
1776 1659 1813 1697 in
1832 1659 2042 1698 Praefatione
2057 1659 2104 1698 ad
2119 1659 2215 1698 hune
2231 1675 2339 1712 quar-

292 1750 369 1778 tum
391 1739 562 1776 Tomum'.

345 1800 525 1850 sequutus
543 1805 595 1835 est
618 1794 678 1833 hic
696 1794 820 1832 Sermo
845 1788 1042 1828 Homiliam
1056 1785 1250 1825 secundam
1269 1784 1313 1823 de
1337 1784 1532 1823 mutatione
1557 1783 1761 1833 nominum3
1784 1797 1867 1821 nam
1885 1782 1965 1821 duae
1995 1783 2132 1836 priores
2158 1783 2203 1822 de
2228 1792 2341 1821 muta-

295 1862 387 1900 tione
400 1859 587 1899 nominum
603 1854 760 1894 homiliae
775 1853 835 1890 hic
853 1856 1187 1896 commemorantur,
1202 1860 1329 1899 nempe
1346 1860 1444 1884 num.
1463 1848 1478 1883 1
1505 1854 1540 1883 et
1566 1859 1666 1883 num.
1688 1845 1725 1882 5.
1745 1845 1787 1882 In
1803 1844 1871 1883 hoc
1892 1859 2051 1884 sermone
2074 1844 2218 1898 perinde
2238 1854 2344 1897 atque

296 1924 331 1960 in
347 1919 629 1975 praecedentibus
643 1917 688 1955 de
707 1913 903 1953 mutatione
919 1911 1105 1950 nominum
1121 1908 1280 1947 homiliis
1299 1908 1404 1959 longo
1417 1906 1590 1959 prooemio
1606 1920 1690 1944 usus
1706 1914 1756 1943 est
1772 1906 2047 1959 Chrysostomus
2064 1922 2072 1943 :
2087 1906 2173 1944 hinc
2194 1906 2344 1957 querelae

296 1983 420 2036 populi
433 1979 662 2028 Antiocheni‚
682 1977 768 2014 hinc
788 1973 1077 2027 reprehensiones
1095 1971 1142 2009 ob
1165 1970 1315 2008 nimiam
1333 1968 1587 2021 prooemiorum
1606 1966 1878 2019 longitudinem.
1895 1968 2005 2020 Cujus
2026 1967 2268 2019 quaerimoniae
2287 1981 2346 2005 oc-

298 2045 434 2082 casione
453 2041 578 2095 paucis
595 2038 725 2091 elapsis
739 2037 865 2075 diebus
884 2035 986 2073 illam
1013 2032 1058 2071 de
1081 2030 1237 2070 ferendis
1256 2029 1587 2084 reprehensionibus
1606 2028 1792 2068 homiliam
1818 2028 1958 2080 hahuit,
1988 2043 2096 2080 quam
2122 2043 2185 2068 nos
2204 2029 2240 2067 in
2260 2028 2348 2067 serie

299 2105 540 2144 Homiliarum
555 2102 600 2140 de
616 2099 811 2139 mutatione
831 2096 1019 2135 nominum
1039 2093 1224 2146 posuimus
1242 2108 1280 2145 p.
1306 2093 1395 2142 115,
1413 2092 1458 2129 Τ.
1477 2093 1514 2129 5.

354 2163 600 2217 Interpretatio
621 2160 746 2200 Latina
763 2168 815 2198 est
824 2156 1013 2197 Frontonis
1032 2154 1167 2194 Ducaei.

330 2312 616 2320 ‘ff

311 2323 430 2330 ,ᾤ

652 2429 823 2471 SERMO
842 2427 911 2467 IX·
1286 2443 1308 2470 A
1725 2428 1890 2465 ΛΟΓΟΣ
1924 2426 1964 2465 0‘.

316 2561 514 2615 Quomodo
530 2564 703 2611 oporteat
717 2556 889 2607 fratrum
904 2557 1067 2603 peccata
1083 2560 1258 2600 arguere,
1335 2550 1397 2593 Εἰς
1418 2550 1473 2597 τὸ,
1493 2552 1566 2594 πῶς
1587 2551 1637 2588 δεῖ
1654 2554 1818 2604 e’vrznnsssw
1838 2560 1907 2596 roz<
1930 2556 1999 2592 τῶν
2019 2555 2174 2606 ἀδελφῶν
2195 2553 2354 2608 ἁμαρ-π,-

365 2633 399 2663 et
419 2622 523 2676 quod
547 2632 678 2658 eorum
696 2617 837 2656 salutis
856 2626 991 2652 curam
1011 2611 1152 2648 habere
1171 2622 1262 2647 con·
1389 2628 1492 2662 μασι,
1513 2612 1572 2650 χαὶ
1599 2612 1651 2650 ὅτι
1670 2614 1739 2665 χρὴ
1760 2617 1821 2660 τῆς
1840 2615 1968 2653 τούτων
1991 2616 2164 2667 σωτηρίας
2184 2589 2340 2668 προνοεῖᾲ

368 2688 511 2731 veniat,
531 2691 567 2721 et
582 2694 702 2733 quare
719 2678 871 2717 Abram
886 2682 1052 2713 vocatus
1065 2674 1116 2710 sit
1130 2670 1262 2708 Abra-
1387 2673 1446 2710 καὶ
1461 2673 1517 2711 διὰ
1531 2673 1564 2710 τί
1579 2673 1719 2726 ’Agma
1733 2674 1893 2727 Ἀδραὰμ
1907 2676 2048 2724 ἐκλήθη,
2059 2677 2119 2715 καὶ
2133 2680 2179 2722 εἷς
2193 2678 2233 2716 τὸ
2247 2647 2356 2716 ὅνοωζ

368 2749 472 2792 ham,
490 2753 525 2782 et
542 2744 589 2780 de
606 2743 759 2779 nomine
776 2739 858 2776 Νοέ
874 2753 884 2772 .·
901 2735 1007 2788 quod
1022 2733 1263 2785 nonsrustra
1389 2739 1448 2773 τοῦ
1468 2737 1546 2773 Νῶε
1558 2750 1565 2757 ·
1576 2734 1629 2773 ὅτι
1645 2738 1709 2788 οὐχ
1724 2737 1843 2781 ἁπλῶς
1858 2741 1967 2776 ταῦτα
1983 2742 2013 2778 οἱ
2030 2739 2158 2778 δίκαιοι
2174 2717 2357 2778 ἕχαλοῧᾷτο

369 2814 436 2844 aut
452 2808 534 2843 sine
550 2815 669 2841 causa
678 2802 776 2853 justi
793 2798 855 2836 illi
853 2798 1011 2850 suerint
1028 2796 1088 2832 his
1101 2794 1262 2830 nomini-
1390 2797 1432 2835 τὰ
1451 2797 1626 2846 ὀνόματα,
1646 2797 1735 2835 ἀλλὰ
1754 2802 1794 2845 τῆ
1811 2802 1871 2837 τοῦ
1887 2802 1978 2839 Θεοῦ
1998 2800 2188 2839 Οἷχονοαία,

372 2869 440 2905 bus
455 2864 655 2917 appellati,
674 2862 741 2901 sed
756 2863 814 2899 ita
829 2859 1076 2910 dispensante
1089 2857 1164 2893 Dei
1178 2867 1264 2906 pro·
1780 2842 1784 2850 ’
2113 2838 2119 2851 “
2166 2841 2171 2852 “

375 2928 556 2966 videntia.

374 3070 389 3104 1
405 3097 411 3104 .
436 3062 544 3103 Haud.
559 3060 708 3100 difficile
723 3060 811 3097 foret
829 3071 873 3096 ex
891 3055 1139 3107 consequentia
1155 3067 1268 3107 nuper
1393 3051 1437 3088 Εἰ
1458 3048 1519 3099 μὲν
1538 3042 1580 3095 ἦν
1599 3048 1741 3086 δυνατὸν
1761 3050 1840 3098 ὑμῖν
1861 3049 2005 3095 εἰδέναι,
2025 3049 2058 3085 τί
2078 3047 2140 3098 μὲν
2160 3051 2243 3098 ἡμῖν
2262 3048 2359 3100 εἴρη-

320 3130 498 3168 dictorum
512 3119 873 3178 praesentissermonis
889 3131 1025 3157 sumere
1042 3116 1267 3170 prooemium,
1338 3125 1396 3148 ται
1412 3140 1421 3157 ,
1441 3109 1474 3146 τί
1495 3109 1529 3147 δὲ
1545 3109 1810 3157 ὑπολελειπται,
1827 3110 1885 3148 καὶ
1900 3113 1965 3148 ποῦ
1983 3108 2044 3160 μὲν
2066 3109 2122 3146 τὸν
2139 3109 2240 3160 λόγον
2257 3125 2359 3147 κατε-

319 3188 497 3241 siquidem
521 3185 610 3225 scire
629 3181 774 3235 possetis
794 3180 882 3231 quid
906 3193 1019 3231 nuper
1037 3192 1057 3216 a
1076 3178 1179 3216 nobis
1205 3177 1266 3215 di-
1339 3171 1490 3221 λύσαμεν
1515 3171 1650 3223 πρῴην,
1676 3171 1779 3209 πόθεν
1804 3170 1839 3210 δὲ
1867 3171 1968 3209 αὐτὸν
1995 3171 2146 3224 σήμερον
2179 3170 2359 3210 ἀνελέσθαι

318 3261 427 3299 ctum,
443 3258 477 3286 et
493 3243 671 3299 quomodo
697 3241 819 3279 finitus
848 3240 952 3278 suerit
982 3253 1109 3277 sermo.
1129 3240 1267 3277 Verum
1293 3238 1312 3268 Β
1339 3232 1429 3287 χρὴ,
1450 3233 1573 3276 εὐθέως
1600 3232 1644 3269 τὰ
1671 3232 1837 3283 προοίμια
1867 3232 1935 3270 ἀπὸ
1965 3234 2027 3277 τῆς
2058 3232 2260 3275 ἀκολουθίας
2290 3234 2358 3269 τῶν

317 3312 399 3363 quia
415 3308 574 3362 plerique
591 3319 636 3343 ex
653 3305 696 3342 iis
709 3302 770 3354 qui
787 3315 897 3353 nuper
916 3301 1061 3349 afluere,
1079 3298 1183 3337 hodie
1197 3312 1265 3336 non
1340 3295 1460 3347 πρῴην
1481 3294 1670 3346 εἰρημένων
1686 3293 1904 3344 ἐποιησάμην
1924 3293 1976 3331 ἄν,
1994 3293 2142 3339 Ἐπειδὴ
2163 3292 2198 3331 82:
2215 3293 2273 3331 καὶ
2290 3296 2356 3330 τῶν

314 3375 454 3421 adsunt,
469 3379 500 3409 ct
517 3383 561 3408 cx
581 3367 623 3406 iis
636 3365 697 3415 qui
713 3378 806 3403 nunc
820 3362 963 3407 adsunt,
978 3376 1090 3413 nuper
1106 3361 1261 3409 abluere,
1340 3359 1414 3396 τότε
1448 3356 1647 3402 ἀκηκοότων
1687 3358 1786 3405 ημῶν
1827 3354 1948 3392 πολλοὶ
1983 3353 2133 3404 σήμερον
2174 3354 2211 3391 οὐ
2243 3353 2356 3404 παρ-ν’,-
