2516 3791
113 383 138 401 ι.
153 374 233 403 Tim.
249 374 279 404 6.

113 423 157 443 to.

108 1304 131 1322 x.
154 1297 230 1324 Tim.
246 1294 275 1324 6.

103 1338 133 1366 8.

311 149 402 207 440
755 165 791 194 s.
831 165 1014 195 JOANMS
1050 165 1289 194 cum‘sosr.

308 258 499 283 avarorum
523 246 681 295 fraudes,
702 246 828 296 caedes,
855 246 1057 293 latrocinia,
1079 254 1112 282 et
1141 244 1255 281 omnis

309 305 435 344 animae
464 307 672 359 corruptio?
693 309 816 345 Nonne
834 307 917 357 quia
934 305 1016 356 plus
1035 303 1255 355 concupisci-

309 379 388 404 mus
413 381 522 418 quam
550 367 652 404 nobis
676 366 869 417 congruit?
889 365 991 402 Sicut
1009 364 1103 401 enim
1121 363 1256 400 Paulus

306 426 464 465 radicem
477 427 637 465 omnium
650 426 825 463 malorum
840 424 1027 462 avaritiam
1037 424 1180 463 vocavit
1189 439 1196 460 :
1205 424 1257 462 sic

306 501 376 525 non
403 486 620 525 aberraverit
639 486 732 535 quis,
749 485 778 522 si
793 485 926 522 fontem
954 485 1116 523 omnium
1140 485 1258 523 malo-

305 561 386 585 rum
405 546 501 583 dicat
530 543 860 581 immoderationem
872 573 883 591 ,
902 552 937 581 et
955 542 1189 595 cupiditatem
1208 542 1256 580 il-

306 607 377 643 lam
392 617 494 641 usum
503 601 785 653 transgrediendi
800 601 967 640 omnihus
982 602 1018 639 in
1032 602 1148 640 rebus.
1164 603 1257 641 Nam

305 665 335 702 si
345 664 517 701 vellemus
531 662 567 700 in
583 662 773 711 alimentis,
782 671 816 700 et
831 662 1003 711 vestibus,
1013 671 1048 700 et
1061 661 1255 700 domiciliis

304 733 338 761 et
353 723 434 761 aliis
450 722 696 775 corporalibus
715 722 851 760 cunctis
871 723 998 761 usibus
1016 723 1107 760 nihil
1126 723 1256 762 immo·

303 784 382 823 dice
401 782 663 835 concupiscere,
688 781 752 820 sed
776 781 970 820 necessaria
995 791 1133 820 tantum
1153 797 1254 833 quae-

303 859 393 895 rere,
405 843 528 882 multis
541 843 682 881 damnis
695 843 906 881 liberaretur
921 843 1118 881 humanum
1133 857 1254 895 genus.

357 1043 392 1080 5.
411 1043 547 1080 Verum
566 1040 683 1079 nescio
703 1040 766 1092 qui
785 1041 861 1091 fiat,
881 1049 919 1078 ut
938 1054 1060 1079 omnes
1073 1050 1107 1078 et
1122 1040 1255 1092 singuli

303 1117 368 1155 pro
404 1103 477 1141 suis
506 1102 646 1140 viribus
681 1102 841 1140 avaritiae
881 1101 1006 1139 morbo
1036 1101 1253 1153 laboremus,

303 1177 500 1213 numquam
517 1163 686 1200 enitentes
706 1171 744 1200 ut
768 1162 861 1200 intra
879 1161 1096 1200 necessitatis
1112 1177 1255 1201 manea-

304 1237 384 1261 mus
405 1223 548 1271 limites,
565 1222 625 1260 sed
644 1223 750 1275 plane
766 1231 887 1260 contra
906 1222 1140 1274 apostolieum
1157 1237 1254 1261 man-

304 1283 450 1331 datum,
467 1283 564 1334 quod
582 1283 691 1332 dicit,
710 1285 907 1321 Habentes
928 1286 1076 1321 victum
1094 1294 1131 1322 et
1153 1288 1255 1322 ami-

305 1354 422 1391 ctum,
443 1346 503 1383 his
519 1347 692 1382 contenti
706 1346 860 1390 erimus,
880 1344 998 1381 omnia
1019 1344 1181 1394 facimus,
1196 1359 1255 1383 ne-

305 1405 452 1444 scientes
466 1419 528 1443 nos
543 1406 588 1443 dc
597 1404 764 1442 omnibus
775 1418 853 1455 quae
867 1405 956 1442 ultra
974 1419 1078 1442 usum
1093 1414 1254 1444 nostrum

306 1475 400 1516 sunt,
419 1465 595 1503 rationem
619 1465 766 1503 daturos
797 1478 881 1513 esse,
902 1465 1000 1515 quod
1018 1466 1123 1504 abusi
1142 1466 1254 1504 simus

304 1527 438 1565 divinis
456 1527 678 1565 muneribus.
697 1527 775 1564 Non
793 1526 886 1564 enim
905 1527 983 1564 haec
997 1527 1098 1565 nobis
1115 1542 1254 1566 conces-

305 1588 351 1625 sit
370 1597 408 1625 ut
434 1602 497 1625 nos
514 1596 651 1624 tantum
673 1587 722 1624 eis
746 1595 890 1624 utamur
906 1587 990 1625 :sed
1010 1597 1043 1625 et
1063 1597 1102 1625 ut
1122 1589 1256 1640 proxi-

305 1663 446 1686 morum
477 1647 712 1698 indigentiam
741 1647 978 1686 sublevemus.
1009 1648 1119 1696 Quali
1147 1649 1256 1700 igitur

304 1709 411 1747 xenia
433 1707 605 1760 dignandi
622 1717 716 1756 sunt,
732 1707 795 1758 qui
812 1717 845 1745 et
861 1708 897 1746 in
917 1708 1138 1747 vestimentis
1155 1710 1257 1748 mul-

307 1780 376 1806 tam
389 1769 583 1808 vanitatem
599 1776 786 1816 ostentant,
798 1777 831 1805 et
848 1777 887 1806 ut
905 1769 1084 1807 vermium
1097 1779 1257 1809 texturas

305 1839 452 1880 gestent,
473 1828 616 1867 solliciti
636 1837 730 1878 sunt,
750 1828 917 1880 quodque
935 1830 1205 1881 gravissimum,
1219 1831 1256 1869 in

305 1891 360 1928 his
391 1890 602 1942 superbiunt
619 1905 626 1925 :
643 1903 733 1940 quos
758 1889 944 1941 oportebat
975 1891 1121 1941 rubore,
1143 1900 1254 1942 metu,

307 1966 346 1989 ae
366 1961 517 1989 tremore
535 1950 658 1999 teneri,
680 1949 776 2000 quod
793 1950 861 2002 ipsi
885 1950 1033 2001 quidem
1053 1952 1100 1989 ob
1120 1953 1257 1991 nullam

308 2011 510 2058 utilitatem,
526 2025 639 2061 neque
654 2011 840 2048 necessarii
856 2025 940 2049 usus
956 2012 1068 2063 gratia
1078 2028 1088 2061 ;
1103 2013 1166 2051 sed
1183 2023 1259 2052 tan-

308 2083 385 2109 tum
397 2073 442 2109 ob
458 2071 648 2111 vanitatem
665 2080 699 2108 et
714 2071 853 2109 inanem
870 2072 1035 2123 gloriam,
1046 2083 1079 2111 et
1094 2083 1134 2112 ut
1148 2075 1258 2126 vulgo

310 2147 349 2170 ac
368 2133 567 2170 forensibus
593 2131 820 2169 admirationi
841 2132 926 2182 sint,
955 2133 1088 2172 talibus
1108 2134 1257 2173 induan-

310 2204 390 2232 tur:
405 2194 492 2231 dum
525 2193 684 2245 ejusdcm
713 2201 847 2230 naturae
879 2207 1021 2232 consors
1052 2196 1261 2234 obambulat

310 2255 442 2303 nudus,
468 2254 531 2304 qui
559 2268 669 2304 neque
700 2253 916 2291 crassissima
947 2264 1044 2292 veste
1063 2256 1208 2294 amicire
1225 2271 1262 2295 se

311 2325 424 2367 potest
445 2330 453 2351 τ
473 2324 506 2352 et
541 2329 654 2364 neque
687 2323 812 2351 natura
844 2315 891 2352 ad
919 2316 1260 2356 commiserationem

312 2378 508 2426 ducuntur,
545 2389 656 2426 neque
690 2375 901 2413 conscientia
933 2375 978 2413 ad
1011 2376 1262 2428 opitulandum

314 2438 480 2490 proximo
511 2451 568 2475 eos
593 2436 738 2474 incitat:
755 2450 868 2486 neque
895 2437 1064 2474 memoria
1094 2438 1262 2478 horrendi

312 2499 409 2536 illius
437 2498 524 2547 diei,
549 2511 662 2548 neque
690 2496 858 2547 gehenna}
890 2497 1009 2547 timor,
1040 2512 1151 2550 neque
1181 2515 1262 2552 pro-

312 2560 520 2598 missionum
540 2557 761 2609 magnitudo,
776 2571 889 2608 nequc
909 2557 999 2596 istuc
1019 2559 1148 2610 ipsum,
1163 2561 1262 2611 quod

312 2620 511 2659 communis
536 2619 714 2657 Dominus
742 2627 858 2656 noster
887 2628 927 2656 ut
949 2619 1018 2657 sibi
1046 2621 1138 2659 facta
1158 2636 1261 2660 usur-

313 2693 374 2736 pat
402 2698 479 2734 quae
511 2681 687 2734 proximis
718 2680 811 2717 fiunt
831 2695 838 2716 :
859 2679 920 2718 scd
947 2681 1049 2731 quasi
1077 2681 1260 2734 lapideum

313 2759 372 2782 cor
391 2743 574 2791 haberent,
596 2751 629 2779 et
647 2754 715 2778 non
732 2739 891 2792 ejusdem
913 2749 1046 2779 naturae
1065 2753 1194 2792 essent,
1213 2744 1261 2789 ita

312 2819 347 2841 se
361 2813 485 2856 putant
500 2803 546 2840 ob
561 2802 715 2840 vestium
735 2800 870 2838 cultum
887 2801 995 2839 ctiam
1011 2801 1092 2840 aliis
1105 2803 1261 2843 homini-

311 2865 379 2902 bus
410 2863 606 2916 superiores
637 2877 724 2912 esse,
751 2876 818 2899 non
850 2862 1107 2914 perpendentes
1140 2879 1260 2903 secum

309 2923 567 2976 quantisinalis
581 2924 713 2975 scipsos
733 2922 907 2960 obnoxios
927 2922 1089 2973 reddant,
1101 2924 1162 2975 qui
1178 2940 1259 2963 con-

309 2985 443 3023 credita
458 2984 525 3022 sibi
539 2998 557 3021 a
577 2984 730 3021 Domino
749 2983 841 3020 male
859 2982 1077 3034 dispensent,
1094 2995 1127 3023 et
1143 2986 1256 3024 nolint

308 3046 487 3085 conservis
515 3054 651 3097 partem
674 3043 862 3082 concedere
880 3061 886 3080 :
905 3044 968 3083 secl
998 3046 1117 3097 potius
1135 3062 1155 3085 a
1175 3062 1253 3086 ver-

307 3108 427 3145 mibus
440 3105 594 3144 consumi
610 3105 862 3157 permittentes,
875 3105 1072 3157 graviorem
1088 3107 1253 3160 gehennae

348 3230 360 3244 ·
385 3222 484 3255 “i-'arm
506 3223 588 3257 ἡμεῖς
606 3221 723 3250 ἅπαντα
741 3222 925 3260 πράττομεν.
945 3217 1005 3248 nic
1023 3217 1146 3250 crebris
1164 3230 1309 3260 person-*1¹

304 3270 542 3304 mutationibus
558 3269 659 3299 utitur
675 3266 952 3310 (Ilirysostomus,
970 3268 1086 3313 incipit
1102 3272 1188 3303 enim
1206 3283 1223 3303 a
1241 3272 1308 3314 pri-

303 3336 354 3356 ma
375 3320 509 3365 plurali,
526 3320 602 3352 ltine
631 3318 671 3350 atl
701 3319 830 3351 tertiam
859 3320 1040 3361 pluralem.
1063 3321 1248 3367 deindeque
1265 3324 1306 3356 ad

300 3374 479 3409 &fundam
497 3372 691 3415 <iugularem
709 3370 856 3413 procedit
874 3399 882 3413 ‚
900 3371 1099 3419 demumque.
1117 3374 1157 3408 ad
1178 3377 1307 3409 tertiam

1331 163 1519 193 ARctssEP
1528 183 1537 191 .
1577 163 1658 192 CON
1667 163 1915 194 STANTINOP
1924 185 1933 193 .

1327 247 1370 295 τῇ
1397 244 1547 296 γαστρί;
1576 245 1692 283 Πόθεν
1717 245 1753 284 δὲ
1780 247 1815 284 αἱ
1840 251 2016 298 μοιχεῖαι,
2043 249 2077 286 αἱ
2103 254 2282 300 πορνεῖαι,
2312 250 2348 287 αἱ

1327 305 1504 356 ἁρπαγαὶ,
1530 306 1566 342 αἱ
1590 305 1804 353 πλεονεξίαι,
1830 310 1862 345 οἱ
1880 307 1996 360 φόνοι,
2025 311 2059 346 αἱ
2086 311 2268 360 λῃστεῖαι,
2288 309 2349 348 καὶ

1326 371 1424 402 πᾶσα
1443 367 1506 410 τῆς
1523 366 1640 418 ψυχῆς
1657 369 1679 412 ἡ
1697 368 1889 420 διαφθορά;
1908 370 1961 406 Οὗ
1981 368 2038 407 διὰ
2056 369 2095 408 τὸ
2112 373 2172 407 τοῦ
2193 370 2350 412 πλείονος

1327 424 1482 476 ἐφίεσθαι
1500 428 1562 471 τ’ἧς
1581 426 1797 479 συμμετρίας
1804 444 1814 475 ;
1831 427 1971 480 ‘'flou-ep
1996 428 2064 480 γὰρ
2085 429 2179 481 ῥίζαν
2198 433 2268 468 τῶν
2287 446 2350 468 κα-

1326 488 1396 523 κῶν
1429 484 1592 523 ἇπάντων
1623 485 1687 533 τὴν
1717 488 1945 539 φιλαργυρίαν
1968 492 1986 527 ὁ
2006 490 2147 534 Παῦλος
2168 491 2346 536 ἐκάλεσεν,

1326 544 1433 590 οὕτως
1451 548 1512 584 οὐκ
1527 546 1569 584 ἄν
1584 562 1635 590 τις
1650 546 1800 600 ἁμάρτοι
1821 547 1938 599 πηγὴν
1962 551 2030 586 τῶν
2048 553 2166 587 κακῶν
2186 550 2352 588 ἁπάντων

1325 608 1535 658 προσκαλῶν
1557 607 1621 654 τὴν
1641 608 1822 662 ἀμετρίαν,
1842 609 1900 647 καὶ
1919 609 1961 647 τὸ
1978 610 2041 656 τὴν
2059 610 2182 663 χρείαν
2198 613 2249 662 ἐφ’
2267 611 2351 649 ἑκά-

1327 685 1407 708 στου
1428 669 1611 721 βούλεσθαι
1630 673 1724 721 ἡμᾶς
1737 671 1970 723 ὃπερὲαίνειν,
1984 673 2030 711 Εἰ
2046 671 2114 724 γὰρ
2135 672 2351 723 ε’ὅουλόμεθα

1325 732 1385 769 καὶ
1401 733 1436 769 ἐν
1451 735 1494 782 τῇ
1514 734 1643 783 τροφῇ,
1664 731 1724 769 καὶ
1741 734 1776 770 ἐν
1788 738 1859 775 τοῖς
1876 731 2065 784 ἐνδύμασι,
2086 733 2146 772 καὶ
2162 736 2196 772 ἐν
2213 740 2285 777 τοῖς
2303 737 2352 772 οἱ·

1326 793 1479 842 κήμασι,
1500 792 1560 829 καὶ
1587 795 1716 836 ε’νταῖς
1730 792 1864 845 χρείαις
1881 799 1958 837 ταῖς
1983 793 2107 838 ἄλλαις
2134 801 2211 838 ταῖς
2227 810 2350 846 σωμα·

1325 859 1440 896 τικαῖς
1465 853 1513 903 μὴ
1540 855 1652 891 αὐτῶν
1680 854 1854 906 ἐφίεσθαι,
1879 854 1969 893 ἀλλὰ
1992 855 2036 893 τὰ
2053 858 2225 907 ἀναγκαῖα
2247 856 2352 907 μόνον

1328 916 1516 961 ἐπιζητεῖν,
1542 914 1655 951 πολλ’”
1624 931 1674 960 ης
1704 913 1743 952 ἂν
1763 914 1876 965 λύμης
1900 916 2108 963 ἀπήλλακτο
2132 917 2172 955 τὸ
2197 920 2266 955 τῶν
2288 919 2350 955 ἀν-

1327 974 1475 1027 θρώπων
1492 974 1534 1025 γε’
1535 991 1603 1037 νος.

1379 1035 1470 1074 Αλλ’
1487 1038 1549 1073 οὐκ
1565 1030 1627 1073 οἶδ’
1642 1035 1736 1080 ὅπως
1754 1037 1930 1080 ἕκαστος
1913 1054 2015 1088 ημων
2031 1038 2123 1076 κατα
2142 1055 2206 1085 ττν
2228 1043 2355 1077 ἑαυτοῦ

1327 1098 1383 1136 δυ
1380 1112 1471 1148 αμιν
1497 1096 1537 1134 τὸ
1558 1112 1619 1142 της
1638 1096 1837 1140 πλεονεξίας
1860 1098 1998 1148 νόσημα
2026 1098 2228 1149 δεξάμενος,
2250 1102 2352 1152 φιλο-

1327 1163 1431 1196 νεικεῖ
1457 1157 1632 1208 μηδέποτε
1658 1157 1740 1196 εἴσω
1759 1161 1827 1195 τῶν
1846 1161 1908 1204 τ’ἧς
1927 1159 2048 1211 χρείας
2065 1158 2154 1211 ὅρων
2173 1159 2354 1211 γίνεσθαι,

1326 1221 1402 1259 ἀλλ’
1434 1219 1643 1263 ἀπεναντίας
1671 1223 1714 1271 τῇ
1745 1221 1960 1272 ἄποστολικῇ
1989 1221 2191 1274 παραινέσει
2220 1225 2264 1274 τῇ
2293 1223 2354 1260 λε-

1325 1281 1453 1333 γούσῃ,
1471 1281 1639 1333 Ἔχοντες
1659 1281 1846 1334 διατροφὰς
1863 1282 1924 1319 καὶ
1943 1282 2201 1332 σκεπάσματα,
2220 1283 2357 1327 τούτοις

1325 1342 1625 1394 ἀρκεσθησόμεθα,
1639 1347 1652 1363 ³
1662 1342 1769 1385 οὕτως
1783 1346 1886 1393 ἡμεῖς
1898 1343 2036 1381 ἅπαντα
2056 1344 2273 1396 πράττομεν,
2291 1346 2354 1383 οὒκ

1325 1403 1450 1447 εἰδότες
1473 1405 1520 1447 ὡς
1544 1403 1684 1441 πάντων
1711 1406 1780 1441 τῶν
1805 1403 1893 1455 ὑπὲρ
1915 1404 1979 1450 τὴν
2004 1404 2126 1456 χρείαν
2153 1405 2218 1451 τὴν
2246 1407 2353 1457 ἀναγ-

1326 1465 1428 1503 καίαν
1445 1464 1584 1507 εὐθύνας
1601 1465 1660 1502 καὶ
1684 1464 1786 1516 λόγον
1811 1465 1991 1517 ὑφέξομεν,
2017 1468 2063 1508 ὡς
2081 1468 2118 1504 οὗ
2135 1465 2279 1510 δεόντως
2297 1483 2357 1505 κε·
2397 1466 2400 1469 ’

1326 1525 1497 1578 χρημένοι
1534 1531 1604 1568 τοῖς
1633 1524 1731 1578 παρὰ
1759 1529 1818 1563 τοῦ
1848 1525 2026 1564 Δεσπότου
2059 1529 2144 1577 ἡμῖν
2174 1543 2356 1579 παρασχε-

1327 1590 1444 1625 θεῖσιν.
1471 1588 1525 1624 Οὐ
1555 1586 1623 1638 γὰρ
1651 1585 1709 1623 ἵνα
1739 1588 1786 1629 εἰς
1815 1586 2009 1624 ἀπόλαυσιν
2043 1588 2218 1642 ἡμετέραν
2249 1589 2358 1639 μόνον

1328 1646 1621 1698 ἀποχρησάμεθα,
1648 1651 1758 1684 ταῦτα
1777 1649 1862 1697 ἡμῖν
1880 1647 2100 1699 παρέσχετο,
2121 1648 2232 1687 ἂλλ’“
2220 1665 2274 1687 ινα
2294 1666 2355 1688 και

1327 1723 1397 1745 των
1409 1709 1598 1770 ὁμογενῶν
1618 1706 1681 1753 τὴν
1707 1707 1839 1745 ἔνδειαν
1861 1708 2212 1760 παρααυθησωμεθα.
2243 1710 2358 1752 Ποίας

1329 1767 1369 1805 ἂν
1391 1771 1448 1807 οὖν
1469 1771 1536 1805 εἷεν
1552 1783 1763 1819 συγγνωμης
1786 1766 1873 1812 ἄξιοι
1893 1771 1924 1806 οἳ
1947 1784 2006 1806 και
2022 1770 2057 1806 ἐν
2074 1769 2249 1821 ἐσθήμασι
2272 1772 2357 1809 πολ-

1328 1830 1392 1876 λὴν
1416 1828 1479 1876 τὴν
1508 1828 1709 1880 βλακείαν’
1695 1828 1993 1879 επιδεικνύμενοι,
2022 1830 2083 1868 καὶ
2112 1829 2158 1868 τα
2180 1833 2248 1869 τῶν
2267 1847 2358 1869 σκω-

1327 1891 1444 1938 λήκων
1477 1890 1617 1940 νήματα
1647 1867 1920 1942 περιὸάλλεσθαι
1949 1891 2219 1940 σπουδάζοντες,
2247 1892 2287 1930 τὸ
2320 1892 2358 1930 δὲ

1329 1950 1593 2004 χαλεπώτατον,
1619 1966 1692 1991 και
1702 1950 1759 1988 ἐπι
1779 1950 1914 1994 τούτοις
1932 1950 2023 2003 μέγα
2039 1956 2238 2004 φρονοῦντες
2253 1983 2262 2001 ,
2283 1954 2360 1992 δέον

1331 2012 1507 2062 ἐνκαλύπ-
1495 2015 1606 2050 »εσθαι
1622 2011 1682 2050 καὶ
1699 2011 1889 2050 δεδοικέναι
1914 2012 1974 2050 καὶ
2000 2012 2158 2065 τρέμειν,
2181 2013 2236 2052 ὅτι
2258 2013 2361 2056 αὐτὸς

1333 2072 1394 2123 μὲν
1414 2074 1462 2116 εἷς
1478 2072 1574 2111 οὐδὲν
1593 2072 1667 2110 δέον
1685 2071 1762 2110 οὐδὲ
1778 2072 1899 2124 γρείας
1915 2072 2047 2122 ἕνεκεν,
2072 2073 2163 2112 ἀλλὰ
2192 2073 2361 2126 βλακείας

1331 2133 1390 2171 καὶ
1415 2132 1607 2176 κενοδοξίας
1629 2133 1745 2184 χάριν,
1774 2132 1834 2170 καὶ
1856 2132 1946 2170 ὥστε
1981 2134 2048 2172 ὑπὸ
2079 2136 2147 2171 τῶν
2181 2134 2358 2186 ἀγοραίων

1332 2197 1590 2244 θαυμασθῆναι,
1606 2197 1749 2231 τοιαῦτα
1769 2192 1989 2245 περίκεισαι·
2008 2197 2026 2232 ὃ
2045 2194 2081 2232 δὲ
2100 2198 2163 2241 τῆς
2179 2197 2284 2242 αὐτῆς
2304 2211 2360 2234 σοι

1333 2255 1464 2307 φύσεως
1485 2255 1666 2307 τυγχάνων
1688 2255 1817 2306 γυμνὸς
1835 2255 2020 2307 περίεισιν,
2051 2255 2126 2294 οὐδὲ
2147 2256 2251 2308 ἁδρὸν
2271 2257 2357 2306 ἱμά-

1333 2332 1404 2354 τιον
1437 2316 1688 2368 περιὲαλέσθαι
1718 2316 1827 2368 ἔχων·
1855 2332 1914 2354 και
1938 2315 2052 2363 οὕτε-ἧ
2069 2317 2168 2369 φύσις
2196 2316 2282 2364 αὐτὴ
2311 2319 2360 2361 εἷς

1334 2377 1551 2427 συμπάθειάν
1574 2393 1611 2415 σε
1631 2376 1747 2424 ἕλκει,
1767 2376 1906 2414 οὐδὲτὸ
1926 2378 2078 2422 συνειδὸς
2094 2377 2253 2430 διεγείρει
2273 2379 2361 2431 πρὸς

1334 2439 1396 2484 τὴν
1419 2437 1603 2489 ἀντίληψιν
1623 2442 1682 2475 ταῦ
1710 2441 1915 2488 ὁμογενοῦς,
1939 2437 2017 2476 οὔτε
2036 2443 2058 2485 ἡ
2080 2438 2191 2477 ἔννοια
2214 2441 2276 2485 τῆς
2299 2454 2362 2491 φο-

1334 2499 1437 2549 ίερᾶς
1453 2498 1587 2550 ἡμέρας
1601 2498 1754 2545 ἐκείνης,
1771 2497 1849 2536 οὔτε
1867 2501 1929 2545 τ’ἧς
1943 2499 2080 2550 γεέννης
2098 2503 2116 2538 ὃ
2135 2499 2259 2551 ’9όὸοῇ
2279 2500 2359 2538 οὔτε

1333 2562 1400 2597 τῶν
1415 2562 1631 2611 ἐπαγγελιῶν
1651 2560 1690 2598 τὸ
1708 2560 1849 2611 μέγεθος
1864 2591 1873 2607 ,
1896 2560 1973 2598 οὔτε
1988 2561 2027 2598 τὸ
2049 2561 2151 2598 αὐτὸν
2166 2561 2224 2599 τὸν
2244 2562 2362 2600 κοινὸν

1333 2624 1434 2672 ’ἡμῶν
1451 2620 1632 2666 Δεσπότην
1650 2621 1813 2659 ἁπάντων
1832 2623 2040 2660 οἰκειοῦσθαι
2053 2621 2097 2659 τὰ
2114 2623 2161 2665 εἷς
2176 2621 2254 2666 τοὺς
2267 2625 2357 2673 ὁμο-

1334 2699 1372 2733 γε
1375 2699 1441 2726 νεις
1460 2681 1544 2732 γινό
1520 2698 1648 2720 αενα·
1665 2684 1721 2720 ἀλ
1712 2682 1756 2720 Λὰ
1772 2681 1929 2734 καθάπερ
1948 2682 2082 2729 >totvm-,v
2097 2683 2243 2734 καρδίαν
2261 2683 2359 2736 εχσν-

1335 2759 1389 2787 τες
1400 2774 1409 2790 ,
1430 2742 1489 2780 καὶ
1507 2742 1571 2786 ἔξω
1585 2744 1647 2787 τῆς
1664 2758 1796 2794 φυσεως
1811 2742 1904 2786 ὄντες
1916 2773 1925 2789 ,
1941 2743 2031 2781 οὕτω
2046 2743 2223 2793 νομίζουσι
2236 2745 2359 2784 λοιπὸν

1335 2804 1391 2843 διὰ
1412 2819 1475 2850 την
1494 2806 1562 2841 τίον
1580 2803 1729 2853 ἱματίων
1749 2803 1937 2855 περιῧολὴν
1954 2821 2012 2842 και
2030 2804 2195 2857 ἀνώτεροι
2215 2807 2278 2851 τῆς
2293 2809 2358 2844 ἀν-

1334 2864 1508 2917 θρωπίνης
1534 2864 1665 2916 φύσεως
1692 2858 1798 2911 εἶναι,
1815 2867 1876 2902 οὐκ
1895 2868 2085 2909 ἐννοοῦντες
2104 2865 2194 2904 ὅσων
2211 2867 2356 2905 ὑπευθύ-

1330 2943 1407 2970 νους
1419 2924 1559 2968 ἑαυτοὺς
1573 2929 1772 2971 καθιστᾶσι,
1791 2929 1907 2969 κακῶς
1924 2928 2182 2977 οἰκονομοῦντες
2199 2927 2244 2965 τὰ
2259 2929 2357 2978 παρὰ

1331 2991 1390 3026 τοῦ
1417 2986 1592 3025 Δεσπότνυ
1621 2988 1737 3028 αὐτοῖς
1766 2987 1976 3036 ἐμπιστευθέ
1962 3003 2065 3035 εντα,
2090 3003 2149 3025 και
2176 2989 2213 3026 οὗ
2235 2990 2356 3038 βουλό-

1749 3046 1852 3066 ὴΝῆΙ

1331 3064 1426 3098 μενοι
1445 3052 1516 3090 τοῖς
1534 3046 1729 3089 συνδούλοις
1778 3055 1909 3085 ὀιοοναι
1934 3063 1968 3084 τι
1991 3047 2116 3098 μέρος,
2145 3051 2221 3086 ἀλλ’
2246 3049 2357 3095 ἡδέως

1331 3110 1470 3159 ἀφέντες
1490 3107 1556 3146 ὑπὸ
1572 3109 1639 3145 τῶν
1664 3109 1779 3154 σητῶν
1796 3106 1882 3145 αὐτα
1895 3108 2234 3158 καταναλίσκεσθαι,
2253 3111 2356 3162 δαψι-

1343 3219 1504 3262 pluralem
1525 3218 1622 3251 redit,

1386 3273 1401 3295 ¹·
1425 3269 1525 3303 Stuil.
1543 3279 1574 3302 et
1600 3282 1654 3302 sex
1682 3271 1757 3304 Mss.
1775 3274 1881 3304 διὶέναι
1908 3287 1939 3304 το
1965 3278 2087 3316 μέτρον.
2105 3271 2218 3304 More-l.
2239 3279 2270 3305 ct
2296 3273 2349 3306 alii

1343 3327 1448 3358 ctiam
1469 3338 1495 3356 τι
1512 3328 1622 3365 μέρος,
1639 3330 1666 3353 et
1688 3322 1733 3354 sic
1752 3322 1871 3363 legerat
1891 3323 2058 3366 interpres
2077 3324 2227 3356 Latin-ts.
