2516 3791
309 187 404 234 666
737 203 776 233 5.
814 203 991 234 mamus
1027 200 1268 232 cunvsos‘r.
1307 200 1512 232 affictum».
1550 201 1900 232 consumtum.

305 288 385 324 suis
407 301 416 321 :
440 285 580 323 Tollite
598 286 687 323 deos
707 286 855 323 alienos
871 299 891 322 e
908 285 1032 322 medio
1049 285 1193 329 vestri,
1218 290 1256 319 et
1326 282 1457 322 Ἰακὼὸ
1486 285 1536 335 τῷ
1571 283 1655 336 οἴκῳ
1688 285 1792 322 αὐτοῦ
1822 283 1883 322 καὶ
1908 290 1996 322 πᾶσι
2027 289 2098 326 τοῖς
2130 285 2204 334 μετ’
2227 285 2352 321 αὐτοῦ·

303 346 585 398 purificamini,
603 355 638 384 et
660 355 805 384 mutate
823 346 943 384 stolas
963 353 1138 390 vestras,
1155 344 1192 381 5.
1222 351 1258 380 et
1326 342 1435 396 ἄρατε
1456 343 1535 388 τοὺς
1559 343 1652 388 θεοὺς
1666 344 1745 388 τοὺς
1761 344 1962 396 ἀλλοτρίους
1978 347 2016 382 ἐκ
2037 344 2141 395 μέσου
2160 345 2271 393 ὑμῶν,
2294 342 2353 380 καὶ

306 410 470 459 surgite,
488 415 524 444 et
550 408 803 444 ascendamus
821 408 862 443 in
882 405 1047 451 Boellzel,
1073 413 1109 442 et
1119 405 1257 456 sacia·
1326 405 1577 457 καθαρίσθητε,
1609 405 1670 444 καὶ
1699 405 1893 450 ἀλλάξασθε
1920 406 1982 449 τὰς
2010 404 2136 448 στολὰς
2153 407 2263 455 ὑμῶν,
2292 403 2352 442 καὶ

308 481 390 505 mus
405 468 485 505 illie
501 467 627 504 altare
638 468 821 511 Domino,
842 468 908 518 qui
925 466 1126 503 exaudivit
1142 479 1201 502 me
1216 467 1259 502 in
1328 466 1537 510 ἀναστάντες
1552 466 1735 517 ἀναδῶμεν
1753 469 1799 511 εἰς
1813 466 1960 514 Βαιθὴλ,
1984 467 2042 505 καὶ
2065 466 2265 516 ποιήσωμεν
2283 468 2354 503 ἐκεῖ

307 529 370 565 die
388 527 632 580 afflictionis,
659 529 726 578 qui
733 527 819 579 fuit
837 540 1006 573 mecum,
1031 534 1067 564 et
1087 526 1258 564 salvavit
1328 527 1570 580 θυσιαστήριον
1584 530 1632 579 τῷ
1648 527 1768 579 Κυρίῳ
1782 530 1832 579 τῷ
1848 526 2079 566 ἐπακούσαντί
2101 542 2165 577 μου
2186 528 2220 563 ἐν
2237 525 2354 577 ἡμέρᾳ

309 602 368 625 me
403 590 444 624 in
477 590 547 624 via
574 601 652 639 qua
673 587 886 625 ambulavi.
918 586 1170 626 Animadverte
1197 586 1257 623 hic
1328 587 1474 640 θλίψεως
1490 618 1499 636 ,
1522 588 1557 631 ὃς
1575 582 1616 635 ἦν
1635 590 1708 639 μετ’
1728 590 1824 639 ἐμοῦ,
1845 588 1904 626 καὶ
1923 587 2067 626 διέσωσέ
2087 602 2129 637 με
2147 588 2182 624 ἐν
2202 589 2244 637 τῇ
2265 587 2352 637 ὁδῷ,

303 649 391 701 justi
420 647 657 686 obedientiam
684 657 719 686 et
750 648 914 701 pietatem
944 648 980 686 in
1011 650 1140 686 Deum.
1162 647 1257 694 Quia
1327 643 1352 700 ᾗ
1369 649 1571 702 ἐπορεύθην.
1594 651 1727 688 Σκόπει
1749 655 1808 688 τοῦ
1827 649 1960 688 δικαίου
1979 649 2085 688 πάλιν
2111 647 2173 695 τὴν
2194 645 2352 693 ὑπακοὴν

306 708 447 746 audivit.
469 707 674 746 :Ascende
692 712 733 746 in
753 709 904 747 Baetlzel
913 739 925 756 ,
948 718 985 747 et
992 711 1070 762 sac
1096 710 1223 747 altare
1245 723 1256 743 ··
1328 710 1387 748 καὶ
1414 711 1453 749 τὸ
1474 711 1643 763 φιλόθεον.
1657 710 1804 758 Ἐπειδὴ
1823 711 1983 757 ἤκουσεν,
2003 709 2167 756 Ἀνάὸηθι
2189 710 2235 750 εἷς
2260 709 2352 745 Βαι-

307 769 441 807 vocatis
451 799 462 817 ‚
483 769 598 821 inquit
613 800 622 818 ‚
652 770 818 808 omnibus
839 770 930 819 suis,
963 770 1076 818 dixit,
1117 770 1258 807 Tollite
1329 771 1395 818 θὴλ
1408 802 1418 820 ,
1435 773 1494 810 καὶ
1507 773 1652 820 ποίησον
1667 773 1924 825 θυσιαστήριον,
1938 771 2088 814 καλέσας
2102 775 2116 791 ·”
2128 770 2260 812 πάντας
2275 767 2354 812 τοὺς

308 831 410 868 deos.
435 829 567 876 Quales
581 859 592 879 ‚
625 830 758 868 dixerit
791 831 890 881 quis,
922 830 1035 869 deos?
1071 832 1258 881 Nusquam
1329 835 1431 872 αὐτοῦ
1449 828 1541 873 εἶπεν
1556 850 1563 858 ·
1578 834 1614 873 Ἄ
1623 849 1703 887 ρατε
1722 834 1799 878 τοὺς
1816 833 1921 877 θεούς.
1946 833 2072 876 Ποίους
2085 862 2094 878 ,
2121 832 2160 870 ἄν
2177 848 2228 875 τις
2242 830 2352 877 εἴποι,

308 890 402 928 enim
428 890 592 929 videmus
612 891 730 943 ipsum
750 890 919 929 habuisse
951 890 1035 929 deos
1054 907 1061 927 :
1077 891 1123 928 ab
1154 889 1258 928 initio
1329 894 1441 941 020653
1457 897 1622 944 Οὐδαμοῦ
1638 895 1705 947 γάρ
1721 898 1814 935 ἐστιν
1831 897 1912 933 ἰδεῖν
1928 893 2021 937 θεοὺς
2034 894 2135 932 αὐτὸν
2150 890 2327 945 ἐσχηκότα
2344 905 2352 914 ·

308 951 401 989 enim
427 953 494 989 Dei
518 952 633 989 cultor
664 952 732 989 suit
754 953 885 1003 justus.
923 952 1138 1003 significans
1169 952 1258 989 forte
1280 959 1303 988 C
1328 954 1456 993 ἄνωθεν
1475 955 1542 1010 γὰρ
1561 957 1619 994 καὶ
1641 956 1675 1001 ἐξ
1697 960 1809 1009 ἀρχῆς
1828 955 1981 1008 φιλόθεος
2004 950 2045 1002 ἦν
2063 959 2080 992 ὃ
2099 954 2241 996 δίκαιος.
2259 951 2351 990 Ἀλλ’

308 1012 391 1050 deos
412 1013 532 1050 Laban
548 1042 557 1061 ‚
578 1027 666 1063 quos
686 1012 819 1050 Rachel
835 1012 1081 1061 subtraxerat,
1103 1011 1183 1050 ideo
1202 1011 1258 1049 di·
1328 1008 1563 1067 αἷνιττόμενος
1591 1018 1672 1061 ἴσως
1702 1017 1780 1061 τοὺς
1799 1018 1893 1061 θεοὺς
1911 1017 1990 1060 τοὺς
2011 1020 2070 1054 τοῦ
2096 1015 2231 1059 Ademit,
2253 1012 2308 1056 οὓς
2329 1015 2351 1058 ἠ

308 1070 361 1108 xit
381 1086 388 1106 :
406 1070 584 1116 Quoniam
611 1071 741 1122 gratias
764 1071 878 1109 acturi
898 1085 1020 1109 sumus
1046 1085 1130 1109 vero
1160 1073 1256 1121 Deo,
1326 1075 1466 1128 Ῥαχὴλ
1475 1072 1517 1124 ἦν
1533 1078 1726 1130 ὑφελομένη
1739 1109 1748 1126 ,
1766 1079 1822 1116 διὰ
1837 1078 1937 1117 τοῦτό
1952 1094 2054 1130 φησιν
2068 1092 2076 1099 ·
2093 1075 2211 1121 ἐπειδὴ
2229 1074 2353 1126 μέλλο-

307 1131 366 1182 qui
383 1145 520 1183 semper
537 1140 670 1169 tantam
689 1132 757 1170 mei
777 1146 898 1169 curam
919 1133 1046 1183 gessit,
1066 1133 1198 1170 auferte
1227 1133 1257 1171 si
1327 1153 1388 1187 μεν
1406 1140 1456 1190 τῷ
1476 1140 1630 1191 ἀληθινῷ
1651 1141 1746 1191 Θεῷ,
1762 1143 1811 1192 τῷ
1827 1139 1880 1177 ἀεί
1897 1155 1955 1189 μοι
1971 1138 2033 1185 τὴν
2050 1139 2133 1190 παρ’
2151 1138 2254 1174 αὐτοῦ
2270 1150 2354 1186 προ-

309 1205 379 1241 qua
393 1200 474 1229 sunt
487 1191 522 1228 in
537 1191 637 1229 vobis
649 1191 756 1240 idola,
768 1194 821 1230 Et
832 1193 1109 1245 purificamini,
1124 1202 1160 1231 et
1175 1207 1257 1230 mu-
1327 1199 1470 1238 στασίαν
1487 1200 1657 1252 νείμαντι,
1674 1200 1735 1245 τὰς
1747 1201 1970 1255 εὐχαριστίας
1985 1199 2179 1252 ἀναφέρειν,
2197 1197 2354 1248 ἐξάρατε,

310 1259 389 1289 tate
406 1253 526 1290 stolas
548 1261 717 1299 ῬΒ-ἳῖἵάς)
741 1262 774 1290 et
795 1253 845 1290 Sic
864 1252 911 1290 ad
930 1252 1108 1291 civitatem
1134 1268 1257 1306 perge·
1328 1260 1359 1298 εἴ
1370 1263 1449 1299 τινοί
1468 1264 1559 1300 ἐστιν
1579 1265 1659 1313 ὑμῖν
1677 1262 1823 1310 εἴδωλα,
1847 1262 1916 1301 Καὶ
1933 1261 2188 1313 καθαρίσασθε,
2208 1258 2268 1296 καὶ
2289 1261 2354 1296 ἀλ-

309 1325 410 1362 111115,
433 1321 466 1350 et
485 1312 580 1349 intus
595 1313 727 1351 etforis
745 1313 906 1351 mundati
923 1313 1029 1351 simul
1046 1314 1156 1352 ibitis.
1176 1316 1255 1353 Non
1325 1321 1474 1366 λάξαςθε
1493 1322 1553 1367 τὰς
1576 1322 1699 1368 στολὰς
1725 1327 1836 1374 ὑμῶν,
1868 1323 1927 1361 καὶ
1955 1322 2063 1365 οὕτως
2091 1321 2148 1360 ἐπὶ
2166 1320 2229 1367 τὴν
2250 1319 2353 1358 πόλιν

307 1372 424 1410 solum
445 1373 597 1411 vestium
618 1373 731 1412 nitore
757 1375 948 1426 puritatem
975 1374 1151 1414 declarate
1164 1407 1175 1426 7
1195 1376 1257 1414 sed
1326 1383 1539 1434 ὁρμήσομεν,
1560 1383 1618 1421 καὶ
1638 1383 1758 1427 ἔξωθεν
1779 1384 1839 1422 καὶ
1869 1384 1995 1421 ἔσωθεν
2015 1381 2157 1426 ἑαυτοὺς
2175 1380 2354 1433 καθάραν-

307 1445 389 1470 cum
417 1433 612 1485 abjectione
634 1434 809 1472 idolorum
840 1435 1038 1487 purificatis
1070 1437 1253 1488 cogitatio·
1325 1460 1392 1492 τες,
1412 1444 1502 1482 οὕτω
1530 1445 1719 1483 συνέλθετε,
1742 1445 1801 1492 Μὴ
1822 1445 1923 1496 μόνον
1943 1448 1985 1491 τῆ
2007 1448 2075 1482 τῶν
2095 1443 2243 1494 ἱματίων
2265 1458 2350 1494 φαι-

306 1493 412 1531 nibus
433 1494 560 1531 mentis
588 1494 817 1533 ascendamus
833 1495 879 1533 ad
893 1496 1039 1533 Baethel.
1060 1498 1097 1535 4.
1117 1499 1172 1536 Et
1191 1500 1255 1536 de·
1325 1505 1467 1558 δρότηῃ
1487 1506 1549 1553 τὴν
1571 1505 1792 1558 καθαρότητα
1814 1489 2020 1554 δεικνύντες,
2041 1505 2130 1543 ἀλλὰ
2146 1504 2205 1542 καὶ
2220 1506 2263 1555 τῇ
2283 1505 2352 1542 τῶν

306 1554 458 1601 derunt,
480 1554 613 1604 inquit,
636 1556 760 1593 Jacob
779 1556 868 1593 deos
888 1557 1145 1606 alienos(n0n
1162 1559 1257 1597 enim
1326 1566 1476 1604 εἰδώλων
1505 1567 1686 1621 ἀφαιρέσει
1710 1567 1789 1611 τοὺς
1807 1566 1995 1618 λογισμοὺς
2023 1571 2086 1613 τῆς
2113 1566 2265 1608 διανοίας
2295 1569 2352 1604 ε’κ-

306 1623 404 1651 erant
418 1614 620 1666 ipsorum),
637 1625 674 1653 et
690 1619 846 1654 inaures
863 1631 948 1669 quoe
961 1621 1003 1654 in
1020 1621 1180 1658 auribus
1194 1634 1255 1658 eo-
1325 1628 1538 1681 καθάραντες
1552 1659 1561 1676 ,
1590 1629 1698 1672 οὕτως
1719 1628 1918 1679 ἀνέλθωμεν
1944 1628 2001 1666 ἐπὶ
2021 1627 2084 1673 τὴν
2106 1628 2251 1674 Bato-kk.
2280 1628 2352 1666 Καὶ

305 1689 402 1713 '‘Hm-
424 1676 528 1713 FOI'IG
556 1678 651 1714 enim
676 1685 709 1715 et
739 1677 814 1715 haeC
842 1677 943 1729 Signa
966 1679 1128 1729 quaedam
1159 1691 1257 1719 erant
1325 1688 1470 1738 ἔδωκαν,
1490 1689 1593 1742 φησὶ,
1620 1693 1668 1742 τῷ
1692 1689 1822 1727 Ἰακὼὸ
1838 1688 1915 1732 τοὺς
1937 1688 2032 1732 Θεοὺς
2051 1688 2126 1732 τοὺς
2152 1688 2351 1742 ἀλλοτρίους

304 1741 451 1780 istorum
472 1740 651 1779 idolorum
666 1772 678 1791 ‚
698 1741 778 1780 ideo
792 1751 825 1780 et
838 1743 914 1781 haec
926 1757 1008 1782 cum
1019 1743 1089 1783 diis
1102 1746 1256 1784 afferunt
1325 1752 1384 1798 (οὐ
1405 1751 1471 1803 γὰρ
1489 1747 1578 1799 ἦσαν
1602 1754 1755 1799 αὐτῶν),
1778 1751 1837 1789 καὶ
1859 1751 1903 1789 τὰ
1923 1749 2047 1789 ἐνώτια
2062 1749 2107 1787 τὰ
2130 1752 2163 1788 ἐν
2180 1757 2250 1794 τοῖς
2268 1751 2351 1789 ὠσὶν

304 1801 490 1840 Jacob.Et
508 1804 709 1841 abscondit
724 1818 772 1841 ea
785 1805 914 1842 subter
943 1807 1200 1844 terebinthum
1215 1810 1256 1845 in
1325 1813 1449 1849 αὐτῶν.
1472 1811 1575 1857 Ἴσως
1604 1812 1672 1865 γὰρ
1707 1811 1766 1850 καὶ
1789 1815 1901 1849 ταῦτα
1928 1810 2086 1862 σύμὸολοί
2110 1826 2187 1848 τινα
2216 1804 2258 1857 ἦν
2282 1813 2350 1848 τῶν

303 1865 460 1903 Secimis
472 1896 484 1913 ,
507 1875 543 1904 et
562 1868 730 1918 perdidit
763 1882 809 1905 ea
829 1882 947 1920 usque
968 1871 1009 1906 in
1027 1880 1256 1921 praesentem
1277 1878 1302 1908 D
1325 1871 1475 1911 εἰδώλων
1493 1873 1645 1921 ἐκείνων,
1666 1874 1718 1911 διὸ
1749 1873 1808 1911 καὶ
1830 1872 1915 1911 αὐτὰ
1938 1872 2026 1924 μετὰ
2044 1875 2112 1909 τῶν
2137 1875 2222 1910 θεῶν
2244 1887 2352 1925 προσ-

305 1927 418 1963 diem.
441 1926 680 1975 Abscondit,
703 1928 836 1979 inquit,
854 1943 919 1976 ea,
940 1939 977 1968 et
999 1932 1191 1981 perdidit,
1215 1941 1257 1970 ut
1325 1933 1465 1986 φέρουσι
1497 1938 1546 1987 τῷ
1571 1934 1712 1973 Ἰακώὸ.
1743 1935 1813 1973 Καὶ
1839 1934 1985 1987 ἔκρυψεν
2014 1932 2119 1982 αὐτὰ,
2146 1933 2262 1985 φησὶν,
2283 1934 2352 1972 ὑπὸ

303 1987 373 2039 ipsi
392 1987 519 2025 erroris
547 1988 639 2026 sewi
664 2003 819 2027 errorem
840 1991 1056 2042 effugerent,
1080 2001 1113 2030 et
1133 1993 1255 2031 nullus
1323 1993 1386 2041 τὴν
1410 1995 1604 2048 τερέὸινθον
1623 1996 1685 2044 τὴν
1707 1999 1740 2035 ἐν
1761 1995 1954 2046 Σηκίμοις,
1974 1995 2033 2032 καὶ
2061 1994 2238 2033 ἀπώλεσεν
2262 1994 2351 2034 αὐτὰ

305 2047 411 2084 etiam
426 2048 516 2086 alius
535 2063 580 2087 ex
598 2049 641 2087 iis
657 2049 829 2089 damnum
842 2052 1013 2104 acciperet
1026 2054 1185 2105 posthac.
1208 2055 1255 2094 Et
1323 2053 1387 2098 ἕως
1401 2059 1463 2103 τῆς
1483 2057 1633 2111 σήμερον
1652 2056 1798 2109 ἡμέρας.
1815 2056 1991 2108 ”Εκρυψῑ,
2012 2056 2132 2108 emh,
2156 2056 2263 2103 αὐτὰι
2287 2058 2345 2094 καὶ

305 2108 472 2145 cumhaec
482 2109 599 2146 omnia
610 2110 882 2162 fecissetjustus,
898 2113 935 2150 5.
949 2113 992 2150 A
995 2115 1077 2161 biit,
1088 2114 1216 2165 inquit,
1230 2131 1255 2154 a
1324 2115 1514 2165 ἀπώλεσεν,
1534 2117 1624 2155 ὥστε
1653 2119 1712 2157 καὶ
1735 2117 1856 2161 αὐτοὺς
1874 2117 1952 2160 τοὺς
1971 2122 2033 2164 τῆς
2060 2118 2194 2164 πλάνης
2213 2118 2351 2162 δούλους

305 2168 479 2216 Secimis,
496 2178 529 2206 et
549 2170 727 2207 contendit
748 2171 793 2208 ad
809 2172 957 2210 Baethel.
974 2174 1106 2214 Iterum
1131 2175 1191 2213 hic
1204 2185 1255 2213 at-
1322 2179 1384 2225 τὴν
1402 2178 1536 2225 πλάνην
1558 2180 1746 2230 διαφυγεῖν,
1766 2178 1826 2216 καὶ
1854 2179 1985 2228 μηδένα
2007 2179 2121 2230 ἕτερον
2142 2179 2204 2225 τὴν
2225 2179 2258 2223 ἐξ
2286 2180 2350 2216 αὐ-

306 2228 583 2280 tendequantam
594 2231 669 2282 ejus
682 2232 973 2271 curamhabuerit
986 2236 1093 2284 Deus,
1105 2245 1138 2273 et
1148 2251 1255 2287 quam
1323 2242 1390 2277 τῶν
1412 2239 1525 2289 λύμην
1555 2238 1727 2282 δέξασθαι.
1756 2238 1826 2276 Καὶ
1849 2243 1961 2276 ταῦτα
1984 2239 2121 2276 ἅπαντα
2154 2239 2348 2291 διαπραξά-

306 2289 494 2341 diligenter
525 2291 709 2343 Scriptura
750 2306 811 2330 nos
840 2294 959 2331 omnia
992 2295 1124 2334 doceat.
1165 2298 1255 2337 Cum
1325 2299 2116 2351 μενοςὸδίκαιος,’1ἰξῇρε,φησὶν,ἐκΣηκίμων,
2132 2300 2191 2338 καὶ
2205 2303 2353 2340 ἐποιεῖτο

308 2363 468 2401 egressus
494 2352 588 2388 enim
607 2361 695 2389 esset
709 2353 826 2404 justus
846 2368 890 2391 ex
918 2354 1086 2404 Secinlis,
1109 2359 1255 2397 Factus
1275 2365 1300 2394 E
1324 2361 1385 2408 τὴν
1417 2361 1528 2414 ὁρμὴν
1556 2363 1602 2405 εἷς
1628 2360 1690 2408 τὴν
1712 2361 1858 2406 Βαιθήλ.
1880 2360 1971 2398 Ἀλλ’
2000 2361 2063 2412 ὅρα
2089 2378 2148 2412 μοι
2166 2363 2272 2400 πάλιν
2292 2367 2352 2401 τοῦ

307 2420 361 2448 est
377 2415 493 2449 timor
502 2413 579 2449 Dei
586 2426 835 2464 superomnes
850 2417 1025 2454 civitates
1042 2419 1256 2457 incircuitu
1325 2425 1416 2461 Θεοῦ
1448 2422 1512 2468 τὴν
1543 2422 1622 2474 περὶ
1643 2422 1743 2460 αὐτὸν
1763 2421 1984 2472 κηδεμονίαν,
2002 2421 2062 2460 καὶ
2083 2425 2156 2465 πῶς
2186 2426 2279 2474 ἡμᾶς
2299 2424 2352 2461 δι-

307 2485 463 2517 eorum,
485 2480 521 2509 et
542 2486 619 2509 non
635 2477 855 2526 persequuti
876 2485 963 2513 sunt
981 2477 1086 2528 filios
1113 2481 1250 2519 Israel.
1325 2483 1444 2522 δάσκει
1473 2487 1494 2530 ἡ
1525 2483 1646 2536 Γραφὴ
1679 2483 1817 2521 ἅπαντα
1850 2486 1979 2535 σαφῶς.
2013 2483 2230 2528 Ἐξελθόντος
2260 2484 2349 2537 γὰρ,

307 2532 420 2571 Vides
436 2541 566 2582 quanta
585 2533 809 2585 providentia
823 2564 833 2583 ,
850 2544 883 2573 et
901 2550 1008 2586 quam
1021 2538 1166 2577 evidens
1182 2541 1256 2593 ejus
1325 2545 1409 2597 φησι
1421 2576 1430 2592 ‚
1449 2548 1507 2583 τοῦ
1528 2545 1660 2583 δικαίου
1680 2547 1719 2583 ἐκ
1741 2544 1924 2596 Σηκίμων,
1953 2545 2114 2597 Ἐγένετο
2135 2545 2238 2596 φόὲος
2257 2548 2350 2584 Θεοῦ

308 2593 537 2631 subsidium?
559 2595 667 2633 Irruit
686 2596 799 2646 enim,
816 2597 952 2648 inquit,
976 2614 1080 2652 super
1100 2615 1157 2640 cos
1179 2617 1255 2642 mc·
1326 2605 1382 2644 ἐπὶ
1403 2606 1463 2650 τὰς
1485 2605 1601 2649 πόλεις
1630 2605 1692 2650 τὰς
1716 2605 1832 2658 κύκλῳ
1854 2607 1980 2653 αὐτῶν,
2000 2606 2059 2643 καὶ
2081 2609 2118 2644 οὐ
2140 2606 2349 2652 κατεδίωξαν

308 2664 365 2692 tus
378 2685 388 2703 ‚
406 2664 438 2692 et
455 2669 522 2692 non
543 2657 746 2707 persequuti
771 2667 854 2696 sunt
871 2659 961 2697 illos.
986 2662 1078 2698 Nam
1106 2663 1189 2713 quia
1209 2665 1256 2702 ti-
1325 2666 1436 2705 ὀπίσω
1464 2670 1531 2705 τῶν
1552 2670 1633 2705 υἱῶν
1657 2667 1811 2720 Ἰσραήλ.
1834 2660 1933 2709 Εἶδες
1954 2667 2046 2712 πόση
2065 2670 2086 2712 ἡ
2107 2666 2271 2719 πρόνοια,
2292 2667 2351 2705 καὶ

309 2715 426 2753 mchat
458 2716 526 2753 hoc
558 2717 695 2768 justus,
728 2727 761 2756 et
786 2717 927 2756 dicebat
953 2735 960 2755 :
981 2722 1085 2759 Mihi
1112 2739 1257 2775 parvus
1325 2730 1399 2770 πῶς
1417 2726 1588 2779 ἱ’ἐναργὴς
1606 2730 1627 2773 ἡ
1648 2729 1730 2779 παρ’
1754 2729 1856 2765 αὐτοῦ
1873 2726 2053 2779 ἀντίληψις
2075 2727 2350 2778 ἐγένετοςἘπέ-

311 2791 488 2815 numerus
516 2787 593 2823 est,
619 2786 655 2815 et
672 2779 830 2818 delebor
843 2796 854 2816 .·
872 2791 989 2819 narrat
1016 2784 1194 2833 quomodo
1212 2786 1257 2824 ti-
1325 2804 1409 2826 πεσε
1430 2788 1498 2841 γὰρ
1517 2790 1570 2826 ἐπ’
1596 2787 1716 2831 αὐτοὺς
1736 2788 1856 2840 φόὸος,
1873 2788 1932 2825 καὶ
1949 2789 1986 2826 οὐ
2009 2787 2220 2832 κατεδίωξαν
2237 2788 2351 2826 ὀπίσω

309 2851 405 2874 more
429 2851 486 2875 eos
507 2837 711 2888 invadente,
734 2839 828 2891 ipsos
856 2844 1060 2893 persequuti
1086 2859 1154 2883 non
1175 2847 1314 2899 sint-57⁵
1327 2851 1450 2887 αὐτῶν.
1481 2849 1627 2896 Ἐπειδὴ
1654 2849 1720 2902 γὰρ
1754 2855 1854 2888 τοῦτο
1888 2849 2050 2887 ἐδεδοίκει
2069 2852 2086 2887 ὃ
2106 2849 2258 2897 δίκαιος,
2291 2849 2351 2887 καὶ

309 2898 401 2935 Nam
420 2897 561 2948 quando
576 2900 672 2937 Deus
685 2914 790 2938 suum
804 2902 982 2940 auxilium
994 2904 1119 2943 afferre
1137 2907 1258 2946 volue-
1280 2912 1304 2941 Α
1326 2910 1458 2961 ἔλεγεν·
1476 2910 1678 2962 Ὀλιγοστός
1697 2912 1786 2961 εἰμι,
1804 2910 1863 2948 καὶ
1883 2910 2153 2961 ἐκτριὸἤσομαι·
2175 2910 2232 2948 διὰ
2251 2910 2352 2948 τοῦτό

309 2957 368 3005 rit,
382 2957 556 2996 invalidos
567 2960 726 2998 fortiores
736 2963 986 3013 potentibus‚et
994 2979 1126 3017 paucos
1136 2977 1256 3019 poten·
1326 2988 1442 3023 φησιν,
1458 2971 1564 3024 φόνῖου
1583 2974 1696 3015 αὐτοῖς
1712 2971 1934 3016 ἐπιπεσόντος
1953 2975 1990 3010 οὐ
2010 2971 2158 3009 κατεδίω
2180 2987 2219 3009 αν
2237 2971 2350 3009 ὀπίσω

309 3018 414 3056 tiores
437 3019 600 3070 pluribus
621 3021 722 3070 facit,
742 3022 901 3074 nihilque
915 3025 1054 3064 beatius
1075 3036 1126 3065 est
1141 3031 1255 3081 coqui
1327 3035 1452 3072 αὐτῶν.
1475 3033 1587 3071 εὈτοιν
1617 3032 1684 3086 γὰρ
1717 3034 1816 3076 αὐτὸς
1850 3033 2016 3083 βούληται
2050 3032 2112 3079 τὴν
2145 3031 2253 3084 ῥοπὴν
2286 3031 2348 3078 τὴν

311 3094 503 3146 supernum
521 3080 696 3119 auxilium
712 3094 921 3134 assequutus
939 3095 1001 3124 cst.
1019 3089 1056 3126 6.
1070 3090 1123 3127 Et
1139 3093 1253 3137 abiit,
1325 3096 1407 3144 παρ’
1438 3095 1560 3131 ἑαυτοῦ
1596 3096 1811 3145 εἰσενεγκεῖν,
1837 3094 1896 3131 καὶ
1926 3091 2004 3136 τοὺς
2032 3094 2182 3135 ἀσθενεῖς
2211 3095 2349 3144 ἰσχυρο-

311 3150 441 3191 lnquit,
454 3142 576 3179 Jacob
587 3145 627 3178 in
643 3143 803 3190 luzam,
819 3160 903 3197 quoe
915 3156 970 3185 est
985 3151 1141 3189 interra
1153 3153 1256 3190 Cha·
1325 3153 1442 3205 τέρους
1469 3156 1536 3191 τῶν
1557 3155 1709 3192 δυνατῶν
1738 3153 1968 3205 ἀπεργάζεται
1984 3183 1993 3201 ,
2025 3152 2102 3196 τοὺς
2129 3152 2262 3204 ὀλίγους
2280 3154 2349 3190 τῶν

312 3216 432 3248 natm,
465 3216 548 3254 quoe
564 3211 617 3240 est
635 3204 796 3251 Boethel,
812 3215 847 3243 et
867 3211 990 3247 munis
1007 3212 1171 3262 populus
1189 3218 1256 3266 qui
1325 3215 1491 3253 πλειόνων
1510 3215 1781 3266 δυνατωτέρους,
1796 3214 1855 3253 καὶ
1878 3214 1972 3252 οὐδὲν
1992 3213 2030 3251 ἂν
2051 3214 2183 3266 γένοιτο
2200 3229 2349 3265 μακαρι-

310 3271 391 3299 erut
407 3276 494 3300 cum
505 3277 561 3299 eo.
581 3264 615 3299 7.
630 3265 665 3300 E
670 3272 680 3300 l
694 3266 900 3317 (edificavit
913 3270 967 3306 ibi
980 3271 1120 3319 altare,
1135 3282 1171 3312 et
1184 3289 1252 3313 vo-
1326 3277 1484 3329 στότερον
1504 3280 1562 3315 τοῦ
1585 3275 1647 3324 τὴν
1672 3277 1801 3314 ἄνωθεν
1825 3275 2110 3325 ἐπισπασαμένου
2135 3275 2254 3329 ῥοπήν.
2279 3274 2348 3313 Καὶ

350 3397 362 3410 2
381 3385 494 3427 [Coisl.
512 3385 607 3419 addit
624 3394 717 3431 φησίν,
735 3389 825 3431 quod
843 3389 918 3434 {egit
934 3392 1135 3438 lutei-pres]
1387 3402 1400 3424 h
1418 3400 1569 3444 Quinque
1588 3401 1664 3437 MSS·
1684 3406 1817 3445 ἐνεργής,
1833 3410 1899 3432 nou
1918 3398 2012 3432 mule„

2432 3743 2445 3791 11
