2516 3791
734 207 776 237 ΙΝ
813 207 915 237 CAP-
955 207 1001 237 Χ.
1039 204 1198 236 GENES.

97 293 196 345 χάνει
226 291 269 331 τὰ
300 290 500 344 ὑπάρξαντα
527 293 611 341 ἡμῖν
644 291 678 328 ἐν
707 292 792 342 αὐτῇ
820 289 946 340 ἀγαθά.
967 289 1028 328 Ἐν
1053 287 1120 342 γὰρ

96 353 207 405 ταύτῃ
231 355 250 392 ὁ
278 353 416 405 χρόνιος
445 351 548 399 ἐλύθη
576 350 745 401 πόλεμος,
776 352 920 395 θάνατος
952 350 1120 397 ἐσὸέσθη,

97 414 233 466 κατάρα
253 413 423 466 ἀνῃρέθη,
444 418 504 452 τοῦ
526 412 687 451 διαὸόλου
706 416 728 459 ἡ
749 412 907 465 τυραννὶς
926 411 1097 458 κατελύθη
1110 441 1119 457 ,

97 476 139 514 τὰ
159 475 265 522 σκεύη
282 477 387 513 αὐτοῦ
407 475 583 527 διηρπάγη
597 502 606 519 ,
620 477 712 513 Θεοῧ
731 473 935 524 καταλλαγὴ
955 473 1040 527 πρὸς
1062 474 1122 510 ἀν·
1144 480 1168 510 C

97 536 252 588 θρώπους
271 535 427 587 γέγονεν,
442 536 583 588 οὐρανὸς
609 535 757 587 βάσιμος
775 535 927 586 γέγονεν,
947 534 1122 586 ἄνθρωποι

97 604 167 641 τοῖς
190 597 349 668 ἀγγέλοις
378 598 626 648 συνεμίγησαν,
650 597 693 634 τὰ
718 599 887 635 διεστῶτα
912 595 1088 646 συνήφθη,
1103 597 1121 632 ὁ

98 659 256 711 φραγμὸς
272 658 461 711 περιῃρέθη
474 689 482 705 ,
501 657 540 696 τὸ
555 660 709 710 κλεῖθρον
729 656 880 732 ἀνῃρέθη
893 686 902 703 ,
917 659 934 693 ὁ
953 657 1014 701 τῆς
1029 653 1120 706 εἰρή-

99 736 160 765 νης
173 719 261 766 Θεὸς
278 719 518 772 εἰρηνοποίησε
533 719 576 756 τὰ
592 719 664 756 ἄνω
682 717 741 755 καὶ
757 717 800 754 τὰ
817 716 874 754 ἐπι
891 719 953 762 τῆς
967 718 1042 765 γῆς.
1053 713 1121 752 Διὰ

99 783 201 818 τοῦτο
217 780 329 818 τοίνυν
348 779 503 830 μεγάλην
522 778 584 825 τὴν
604 778 780 828 ἑὸδομαδα
799 791 845 815 κα
869 791 988 827 οιμεν,
1001 773 1121 820 ἐπειδὴ

100 844 262 878 τοσοῦτον
281 843 412 886 πλῆθος
434 841 572 891 δωρεῶν
593 842 678 890 ἡμῖν
705 842 738 877 ἐν
767 841 852 889 αὐτῇ
881 838 1086 891 κεχάρισται
1106 841 1124 876 ὁ

103 900 294 948 Δεσπότης.
310 900 378 939 Διὰ
396 905 495 939 τοῦτο
510 900 631 938 πολλοὶ
651 899 710 937 καὶ
730 899 790 946 τὴν
813 899 973 946 νηστείαν
996 898 1124 937 ἐπιτεί-

103 978 216 1009 νουσι,
233 962 291 1000 καὶ
311 961 502 1014 ἀγρυπνίας
518 961 576 1000 καὶ
596 960 808 1012 παννυχίδας
825 959 936 1012 ἱερὰς,
950 960 1009 998 καὶ
1028 962 1125 1008 ἐλεη-

105 1023 256 1074 μοσύνας
276 1023 545 1070 ἐπιδείκνυνται,
566 1022 756 1066 δεικνύντες
785 1024 829 1061 δι’
859 1016 906 1060 ῶν
933 1022 1126 1076 πράττουσι

104 1084 166 1132 τὴν
192 1085 311 1135 τιμὴν,
336 1084 377 1131 ἣν
404 1085 483 1136 περὶ
514 1084 577 1131 τὴν
599 1083 777 1134 ἑὸδομάδα
806 1084 958 1135 ἔχουσιν.
988 1085 1031 1122 Εἰ
1058 1083 1126 1136 γὰρ

105 1150 124 1184 ὃ
142 1146 323 1192 Δεσπότης
340 1150 492 1184 τοσαῦτα
511 1147 546 1183 ἐν
566 1147 655 1196 αὐτῇ
678 1148 761 1195 ἡμῖν
783 1144 897 1196 ἀγαθὰ
914 1144 1125 1196 ἐδωρήσατο,

107 1211 180 1250 πῶς
207 1207 284 1259 οὐχὶ
306 1207 364 1245 καὶ
383 1211 476 1258 ἡμᾶς
494 1206 682 1258 προσήκει,
698 1206 741 1243 δι’
767 1200 814 1244 ῶν
842 1205 1038 1256 δυνάμεθα,
1063 1205 1126 1252 τὴν

108 1270 194 1306 αἰδῶ
216 1269 275 1306 καὶ
298 1267 362 1315 τὴν
386 1268 492 1318 τιμὴν
517 1267 794 1316 ἐπιδείκνυσθαι,
817 1268 886 1306 Καὶ
915 1267 983 1319 γὰρ
1012 1267 1072 1305 καὶ
1096 1270 1128 1306 ot

108 1331 280 1380 βασιλεῖς,
308 1329 351 1366 δι’
382 1323 428 1366 ὧν
457 1331 595 1367 ποιοῦσι
623 1328 682 1366 καὶ
709 1329 826 1376 αὐτοὶ,
856 1329 1018 1374 δηλοῦσιν
1048 1327 1126 1367 ὅσον

106 1390 222 1442 ἔχουσι
245 1389 283 1427 τὸ
302 1393 418 1440 θαῦμα
436 1389 565 1428 τούτων
589 1392 658 1427 τῶν
678 1392 814 1427 σεπτῶν
838 1391 993 1440 ἡμερῶν,
1013 1388 1129 1426 κελεύ-

106 1465 226 1493 σαντες
259 1449 451 1503 ἐκεχειρίαν
484 1449 639 1493 ἅπαντας
665 1449 758 1501 ἔχειν
787 1448 865 1493 τοὺς
891 1449 936 1487 τὰ
964 1450 1129 1489 πολιτικὰ

105 1512 369 1560 οἷκονομοῧντας
399 1510 610 1562 πράγματα,
631 1510 690 1548 καὶ
709 1513 777 1548 τῶν
807 1510 1043 1562 δικαστηρίων
1069 1511 1132 1556 τὰς

106 1570 209 1624 θύρας
227 1571 436 1619 ἀποκλείειν,
453 1571 513 1609 καὶ
542 1578 612 1612 πᾶν
637 1564 725 1615 εἶδος
750 1571 867 1623 μάχης
897 1572 956 1609 καὶ
984 1574 1130 1624 φιλονει-

106 1632 182 1675 κίας
212 1632 430 1680 ἐλαύνεσθαι,
449 1633 506 1671 ῗνα
526 1633 614 1683 μετὰ
641 1634 773 1678 πολλῆς
801 1633 951 1686 ἡσυχίας
973 1633 1031 1670 καὶ
1058 1649 1128 1684 γα-

106 1694 213 1740 λήνης
245 1693 301 1745 ἐξῇ
329 1693 415 1745 πρὸς
438 1693 502 1740 τὴν
534 1697 602 1732 τῶν
640 1697 885 1744 πνευματικῶν
914 1694 1127 1746 κατόρθωσιν

107 1756 314 1806 ἐπείγεσθαι.
334 1755 405 1793 Καὶ
424 1757 462 1793 οὐ
481 1759 580 1793 τοῦτο
603 1755 717 1805 μόνον,
738 1755 828 1793 ἀλλὰ
853 1755 912 1794 καὶ
932 1755 1054 1807 ἑτέραν
1074 1771 1128 1807 φι-

107 1816 268 1867 λοτιμίαν
288 1817 559 1855 ἐπιδείκνυνται·
578 1815 657 1860 τοὺς
677 1817 716 1855 τὸ
736 1816 975 1868 δεσμωτήριον
998 1819 1129 1854 οἰκοῦν-

109 1894 170 1921 τας
187 1881 310 1930 ἀφιᾶσι
321 1880 388 1915 τῶν
405 1878 624 1928 δεσμῶν,καὶ
640 1877 730 1915 κατὰ
746 1877 890 1927 δύναμιν
909 1877 1129 1928 ἀνθρωπίνην

110 1944 298 1990 μιμοῦνται
313 1939 370 1977 τὸν
390 1941 520 1976 ἑαυτῶν
539 1939 911 1990 Δεσπότην.Καθάπερ
927 1938 994 1992 γὰρ
1013 1938 1130 1986 αὐτὸς,

109 2001 124 2021 ¹¹
140 2002 222 2053 φησὶ
235 2032 243 2048 ,
259 2006 319 2039 τοῦ
339 2002 496 2052 χαλεποῦ
518 1999 757 2053 δεσμωτηρίου
776 2002 845 2038 τῶν
866 2000 1130 2052 ἁμαρτημάτων

109 2065 202 2112 ἡμᾶς
232 2062 365 2109 ἀνίησι,
386 2061 445 2099 καὶ
471 2063 539 2099 τῶν
569 2060 700 2112 μυρίων
726 2063 864 2112 ἀγαθῶν
891 2061 1041 2115 παρέχει
1067 2062 1131 2109 τὴν

109 2123 313 2169 ἀπόλαυσιν,
341 2121 398 2160 τὸν
430 2122 532 2159 αὐτὸν
559 2121 600 2168 δὴ
632 2121 760 2172 τρόπον
789 2121 848 2158 καὶ
884 2125 996 2171 ἡμᾶς,
1026 2123 1130 2174 φησὶ,

107 2184 276 2236 προσήκει
293 2178 342 2226 οἶς
361 2182 535 2233 δυνάμεθα
551 2183 707 2233 μιμητὰς
723 2183 884 2233 γενέσθαι
900 2186 962 2230 τῆς
982 2188 1042 2222 τοῦ
1060 2186 1129 2222 Δε-

107 2245 235 2284 σπότου
250 2244 519 2297 φιλανθρωπίας.
532 2244 643 2282 Ἴδετε
657 2246 730 2287 πῶς
749 2243 805 2281 διὰ
823 2244 965 2283 πάντων
984 2245 1130 2289 ἕκαστος

106 2309 206 2357 ἡμῶν
229 2306 380 2344 δείκνυσι
404 2305 467 2351 τὴν
495 2306 581 2343 αἰδῶ
600 2305 659 2342 καὶ
684 2299 748 2352 τὴν
767 2304 887 2355 τιμὴν,
902 2306 944 2352 ἣν
969 2307 1050 2359 περὶ
1069 2307 1130 2350 τὰς

105 2366 240 2418 ἡμέρας
265 2366 389 2418 ἔχομεν
416 2365 477 2410 τὰς
504 2369 572 2404 τῶν
597 2365 768 2404 τοσούτων
788 2369 927 2418 ἀγαθῶν
947 2367 1130 2421 προξένους

106 2432 190 2478 ἡμῖν
210 2427 459 2480 γεγενημέναςς
473 2428 540 2466 Διὰ
557 2432 659 2466 τοῦτο
675 2430 888 2480 παρακαλῶ,
905 2432 964 2468 νῦν
985 2431 1130 2481 μᾶλλον,

109 2491 136 2528 εἶ
154 2489 214 2527 καί
228 2504 312 2527 ποτε
331 2488 472 2535 ἄλλοτε,
489 2489 604 2527 πάντα
619 2490 786 2543 λογισμὸν
801 2490 962 2540 βιωτικὸν
983 2491 1157 2555 ιιίπωσοί-2

110 2565 227 2600 μενοι,
247 2550 306 2588 καὶ
327 2550 366 2587 τὸ
384 2565 446 2596 της
465 2550 656 2593 διανοίας”
636 2566 736 2600 ομμα
756 2550 906 2603 καθαρὸν
928 2551 988 2590 καὶ
1006 2553 1056 2590 διε
1042 2567 1129 2603 εγη-
1143 2531 1181 2597 ΖΑ

109 2627 216 2664 γερμε
201 2610 274 2649 ’νον
295 2610 450 2662 ἔχοντες,
469 2610 577 2654 οὕτως
596 2613 742 2649 ἐνταυθα
760 2611 1058 2664 παραγενώμεθα,
1071 2613 1131 2652 καὶ

111 2672 231 2723 μηδεὶς
253 2671 367 2710 εἰσιὼν
387 2673 434 2714 εἷς
459 2671 523 2717 τὴν
550 2671 739 2718 ἐκκλησίαν
770 2672 936 2723 βιωτικὰς
964 2674 1132 2726 ἐπισυρέ-

111 2737 182 2771 σθω
208 2733 410 2785 φροντίδας,
430 2731 487 2770 ἵνα
514 2732 613 2776 ἀξίαν
644 2736 712 2771 τῶν
750 2733 864 2772 πόνων
888 2741 952 2781 τὴν
978 2736 1131 2787 ἀμοιὲὴν

112 2793 250 2840 Meam,
266 2793 372 2837 οὕτως
400 2794 517 2832 οἴκαδε
536 2794 720 2847 ἐπανέλθῃ.
748 2794 843 2848 Φέρε
862 2790 919 2834 οἶν
945 2795 1049 2835 πάλιν
1068 2796 1132 2844 τὴν

114 2855 243 2901 συνήθη
261 2855 434 2906 τράπεζαν
452 2858 534 2906 ὑμῖν
552 2858 777 2909 παραθῶμεν,
793 2857 854 2895 καὶ
873 2860 912 2896 ἐκ
929 2860 999 2896 τῶν
1018 2858 1132 2912 πρόσ-

114 2930 220 2967 φατον
244 2916 530 2966 ἀναγνωσθέντων
549 2917 646 2970 παρὰ
670 2921 730 2956 τοῦ
759 2919 932 2970 μακαρίου
956 2919 1134 2963 Μωϋσέως

116 2976 330 3027 ἑστιάσωμεν
353 2979 449 3027 ὑμῶν
471 2976 534 3024 τὴν
552 2978 704 3030 ἀγάπην,
720 2979 808 3018 αὐτὰ
826 2979 870 3018 τὰ
889 2980 1134 3031 ἀνεγνωσμένα

114 3039 160 3080 εἷς
181 3037 284 3087 μέσον
299 3039 380 3087 ὑμῖν
397 3038 590 3089 προθέντες,
604 3039 794 3083 δεικνύντες
808 3043 870 3086 τῆς
884 3040 976 3084 θείας
991 3042 1134 3092 Γραφῆς

115 3098 178 3144 τὴν
192 3097 382 3150 ἀκρίὸειαν.
395 3097 540 3145 Ἐπειδὴ
556 3098 624 3151 γὰρ
640 3099 736 3144 τέλος
754 3101 902 3147 ἐπέθηκε
916 3104 959 3153 τῇ
977 3101 1137 3153 διηγήσει

118 3160 161 3208 τῇ
180 3158 270 3196 κατὰ
283 3159 339 3197 τὸν
362 3161 458 3206 Νῶε,
476 3162 515 3198 ἐκ
532 3164 592 3199 τοῦ
609 3160 695 3212 Σὴμ
711 3162 876 3200 λοιπον”
854 3162 982 3214 ηρξατο
1000 3178 1062 3209 της
1082 3178 1138 3213 γε·

119 3218 316 3270 νεαλογίας,
339 3219 399 3257 καί
417 3236 519 3272 φησι,
542 3222 612 3260 Καὶ
638 3225 688 3259 τῶ
713 3221 798 3272 Σὴμ
823 3222 1054 3273 ἐγεννήθησαν
1080 3239 1139 3261 και

123 3281 215 3332 αὐτῷ
233 3296 339 3332 πατρι
362 3281 502 3320 πάντων
524 3285 591 3320 τῶν
615 3285 698 3321 υἱῶν
716 3282 849 3336 Ἕὸερ,
865 3284 1004 3336 ἀδελφῷ
1023 3284 1119 3335 Ἰάφε
1108 3287 1140 3322 -θ
1166 3292 1188 3322 Β

1238 204 1394 234 nonu„
1434 186 1556 234 xxx.'
2050 193 2140 251 343

1193 295 1316 339 repta;
1338 287 1434 325 Deus
1453 285 1659 324 hominibus
1671 285 1916 323 reconciliatus
1936 297 1998 334 est,
2018 289 2143 326 caeium

1195 347 1410 400 penetrabile
1420 347 1552 385 sactum
1565 355 1631 396 est,
1645 345 1805 384 homines
1817 359 1898 383 cum
1908 347 2043 397 angelis
2054 361 2144 385 com-

1195 408 1300 446 mixti
1319 417 1413 457 sunt,
1427 422 1506 459 quae
1527 407 1710 446 distabant
1729 407 1914 458 conjuncta
1934 415 2030 454 sunt,
2046 421 2144 459 sepes

1193 469 1348 519 sublata,
1377 478 1516 521 septum
1538 476 1727 517 remotum,
1742 468 1839 506 Deus
1869 467 1965 520 pacis
1996 467 2143 519 pacifica

1194 531 1275 568 fecit
1298 531 1428 579 omnia,
1457 544 1534 581 qua:
1562 531 1598 568 in
1617 528 1714 568 caelis
1733 538 1767 567 et
1786 542 1864 580 quae
1881 528 1916 566 in
1934 528 2049 567 terris.
2071 528 2145 566 Hac

1194 591 1314 641 itaque
1331 591 1376 628 de
1388 605 1491 628 causa
1507 604 1671 641 magnam
1688 588 1951 627 hebdomadam
1965 603 2145 637 vocamus,

1193 650 1277 700 quia
1292 659 1425 688 tantam
1440 651 1542 687 nobis
1556 650 1732 688 donorum
1747 650 2016 688 multitudinem
2032 650 2067 688 in
2083 650 2145 687 illa

1193 711 1343 762 largitus
1368 720 1420 748 est
1438 711 1626 749 Dominus.
1648 711 1695 748 Et
1715 710 1849 749 idcirco
1870 710 1974 748 multi
1993 719 2027 748 ct
2045 711 2145 762 jeju-

1195 771 1295 809 nium
1309 771 1513 820 intendunt,
1530 779 1563 808 et
1577 770 1734 822 vigilias,
1748 780 1781 808 et
1795 771 2074 823 pernoctationes
2091 786 2148 808 sa-

1195 845 1285 881 cras,
1301 840 1334 869 et
1348 831 1601 884 eleemosynas,
1617 830 1700 868 binc
1711 830 1917 868 exhibentes
1933 844 2026 879 eum,
2042 845 2147 882 quem

1196 891 1429 930 hebdomadae
1455 891 1540 929 huic
1567 899 1750 943 praestant,
1782 890 1962 928 honorem.
1994 892 2087 928 Nam
2120 892 2149 928 si

1197 953 1375 992 Dominus
1398 953 1482 991 talia
1501 953 1594 991 bona
1616 953 1650 990 in
1674 951 1735 990 illa
1751 951 1853 990 nobis
1873 950 2035 1003 donavit,
2058 966 2149 1003 quo-

1198 1011 1304 1050 modo
1323 1026 1392 1051 non
1418 1021 1450 1050 et
1470 1026 1532 1050 nos
1550 1011 1732 1061 debemus,
1751 1019 1924 1062 quantum
1943 1024 2148 1062 possumus,

1198 1073 1431 1111 reverentiam
1459 1082 1492 1112 et
1523 1073 1692 1111 honorem
1724 1071 1933 1110 ostendere?
1955 1071 2150 1111 Enimvero

1199 1135 1432 1187 Imperatores
1446 1135 1515 1187 ipsi
1529 1134 1636 1186 gestis
1649 1133 1722 1172 suis
1734 1132 1915 1171 declarant
1929 1146 2036 1183 quam
2046 1147 2149 1172 vene-

1199 1196 1329 1234 rabiles
1353 1196 1433 1234 illos
1455 1196 1530 1234 dies
1552 1196 1718 1246 habeant,
1743 1193 1949 1233 mandantes
1971 1204 2009 1232 ut
2030 1195 2150 1233 omni-
2163 1212 2269 1235 sancia.

1198 1257 1268 1294 bus
1287 1257 1358 1295 sint
1377 1256 1529 1295 inducia:
1547 1266 1582 1295 et
1607 1256 1703 1295 feriae
1726 1256 1769 1294 iis
1792 1255 1855 1306 qui
1877 1255 2046 1294 civilibus
2065 1257 2151 1294 fun-

1201 1327 1334 1369 guntur
1353 1318 1515 1369 negotiis,
1532 1327 1641 1369 utque
1659 1316 1871 1356 claudantur
1891 1317 1982 1355 fores
1997 1316 2154 1369 judicio-

1201 1393 1294 1428 rum,
1303 1387 1334 1416 et
1345 1378 1572 1416 eliminentur
1583 1392 1704 1416 omnes
1715 1378 1833 1416 litium
1844 1386 1877 1415 et
1891 1378 2155 1416 contentionum

1201 1439 1349 1492 species,
1371 1453 1439 1491 quo
1467 1453 1595 1492 magna
1617 1439 1874 1490 tranquillitate
1905 1453 1945 1476 ac
1969 1439 2085 1489 quiete
2113 1438 2155 1476 li-

1203 1510 1278 1540 ceat
1293 1501 1338 1539 ad
1357 1501 1558 1554 spiritualia
1577 1511 1671 1539 recte
1687 1500 1904 1554 perficienda
1921 1500 2098 1538 festinare.
2110 1499 2158 1537 Et

1202 1577 1271 1602 non
1291 1564 1358 1601 hoc
1375 1563 1503 1612 solum,
1523 1562 1585 1601 sed
1600 1571 1634 1601 et
1651 1563 1759 1600 aliam
1777 1562 2027 1600 liberalitatem
2043 1570 2161 1600 osten-

1201 1623 1293 1662 dunt
1308 1639 1316 1660 ε
1332 1638 1390 1662 eos
1405 1624 1499 1661 enim
1514 1623 1574 1674 qui
1588 1623 1623 1661 in
1639 1623 1842 1661 carceribus
1857 1632 1955 1673 sunt,
1971 1637 1991 1660 a
2005 1622 2159 1661 vinculis

1202 1685 1360 1734 solvunt,
1374 1693 1407 1722 et
1421 1698 1485 1736 pro
1498 1684 1653 1721 humana
1665 1683 1833 1721 facultate
1845 1683 2042 1721 Dominum
2053 1696 2159 1721 suum

1203 1742 1402 1783 imitantur.
1418 1745 1518 1783 Sicut
1546 1744 1641 1781 enim
1666 1744 1741 1796 ipse
1770 1758 1790 1781 a
1817 1744 1920 1795 gravi
1947 1757 2010 1781 nos
2037 1757 2159 1795 pecca-

1203 1816 1320 1845 torum
1336 1819 1475 1843 carcere
1494 1805 1634 1854 liberat,
1651 1813 1684 1841 ct
1694 1804 1890 1842 innumeris
1901 1803 2006 1842 bonis
2020 1803 2132 1840 afficit
2150 1819 2157 1839 ε

1202 1867 1326 1906 eodem
1351 1866 1457 1905 modo
1477 1875 1510 1904 et
1531 1865 1634 1903 nobis
1659 1879 1724 1918 pro
1746 1865 1843 1904 virili
1864 1865 2067 1903 faciendum
2088 1874 2154 1915 est,

1204 1939 1244 1967 ut
1276 1929 1387 1967 simus
1421 1928 1616 1966 imitatores
1647 1926 1902 1966 misericordia:
1924 1927 2070 1964 Domini
2092 1927 2160 1965 Dei

1204 1991 1331 2030 nostri.
1351 1989 1506 2030 Vidistis
1542 1987 1721 2039 quomodo
1752 1987 1886 2039 singuli
1923 1988 1959 2026 in
1993 1987 2159 2026 omnibus

1204 2052 1381 2104 specimen
1405 2050 1554 2088 edamus
1581 2050 1658 2100 ejus
1684 2049 1829 2086 honoris
1859 2063 1901 2086 ac
1941 2049 2159 2097 reverentiae,

1204 2127 1313 2165 quam
1331 2112 1543 2151 exhibemus
1566 2110 1693 2148 diebus
1714 2109 1760 2147 iis
1777 2109 1838 2160 qui
1861 2109 1963 2148 nobis
1983 2119 2034 2148 tot
2048 2110 2161 2148 bono-

1203 2188 1286 2211 rum
1304 2187 1417 2211 causae
1434 2181 1517 2210 sunt
1532 2170 1712 2209 ?Proinde
1730 2184 1817 2222 rogo
1830 2184 1924 2208 nunc
1940 2170 1971 2208 si
1988 2185 2159 2222 umquam

1203 2235 1304 2284 alias,
1322 2244 1361 2272 ut
1382 2233 1534 2286 repulsis
1559 2231 1790 2271 saecularibus
1813 2231 2103 2283 cogitationibus,
2126 2242 2159 2270 et

1203 2305 1319 2334 mente
1336 2304 1489 2349 purgata
1507 2308 1548 2332 ac
1569 2293 1674 2345 vigili
1697 2293 1768 2330 huc
1786 2293 2048 2331 conveniamus.
2066 2294 2158 2332 Nul-

1201 2357 1258 2396 lus
1279 2356 1462 2395 ecclesiam
1495 2356 1675 2407 ingressus
1698 2353 1883 2392 saeculares
1909 2367 2012 2392 curas
2039 2368 2157 2393 secum

1201 2418 1320 2469 ducat,
1331 2428 1371 2457 ut
1385 2418 1494 2469 digna
1507 2417 1672 2454 laborum
1687 2414 1848 2454 mercede
1858 2425 2013 2468 recepta,
2028 2416 2157 2454 iterum

1202 2479 1351 2518 domum
1372 2477 1552 2532 proficisci
1571 2477 1686 2519 liceat.
1715 2478 1791 2528 Age
1814 2476 1926 2528 igitur
1952 2485 2156 2514 consuetam

1176 2532 1307 2581 5vobis
1321 2553 1478 2578 mensam
1492 2539 1621 2576 iterum
1637 2551 1889 2590 proponamus,
1905 2547 1939 2575 et
1957 2537 2029 2574 de
2019 2537 2062 2575 iis
2077 2551 2156 2588 quae

1203 2603 1293 2640 lecta
1317 2610 1398 2640 sunt
1415 2614 1461 2638 ex
1477 2600 1581 2637 beato
1598 2600 1712 2648 Mose,
1735 2598 1872 2636 caritati
1892 2607 2017 2636 vestrae
2035 2599 2155 2637 convi-

1203 2664 1304 2702 vium
1320 2675 1500 2715 paremus,
1521 2659 1644 2697 eadem
1660 2659 1735 2711 ipsa
1750 2660 1784 2696 in
1802 2659 1960 2696 medium
1977 2658 2154 2698 adducen-

1204 2734 1255 2764 tes
1274 2733 1308 2762 et
1331 2722 1526 2761 indicantes
1549 2720 1681 2758 divina:
1702 2720 1895 2771 Scripturae
1915 2719 2150 2771 diligentiam.

1205 2788 1294 2824 Nam
1312 2793 1500 2837 postquam
1515 2781 1671 2819 historiae
1691 2780 1736 2818 de
1753 2781 1857 2818 beato
1873 2781 1948 2818 Noe'
1963 2782 2069 2819 [inem
2089 2781 2147 2819 im-

1206 2847 1342 2902 posuit,
1369 2843 1608 2897 genealogiam
1637 2850 1888 2891 consequenter
1905 2855 1925 2879 a
1944 2842 2026 2880 Sem
2054 2854 2160 2880 exors

1205 2911 1318 2957 ditur,
1340 2917 1373 2945 et
1396 2905 1484 2943 dicit
1502 2920 1509 2941 :
1528 2905 1570 2942 Ἣ
1587 2905 1661 2941 ,Et
1678 2903 1764 2941 Sem
1788 2906 1873 2940 nati
1893 2912 1997 2950 sunt,
2028 2912 2064 2943 et
2085 2907 2158 2956 ipsi
2174 2913 2249 2939 Gen.
2271 2917 2316 2937 ιο.

1205 2974 1311 3025 patri
1329 2970 1502 3009 omnium
1512 2961 1685 3017 filiorun'z
1700 2966 1841 3014 Heber,
1850 2965 1974 3017 fratri
1985 2966 2158 3017 Japhech

1210 3035 1368 3086 majoris
1373 3031 1469 3083 filii.
1479 3026 1619 3066 Deinde
1630 3026 1786 3064 confecto
1800 3026 1984 3064 nominum
1999 3028 2159 3079 catalogo

1210 3095 1260 3133 ait
1276 3111 1283 3131 :
1299 3095 1363 3132 Q5,
1386 3093 1435 3129 Et
1457 3091 1585 3128 Ileber
1605 3090 1688 3125 nati
1703 3096 1791 3126 sunt
1813 3089 1890 3126 duo
1905 3089 2000 3140 filii,
2021 3103 2161 3127 nomen

1212 3160 1281 3195 nni
1295 3154 1443 3194 Phalec
1462 3167 1472 3187 :
1495 3153 1586 3203 quia
1606 3152 1648 3186 in
1671 3150 1806 3187 diebus
1824 3150 1933 3200 illius
1959 3151 2084 3188 divisa
2107 3159 2160 3188 est

1214 3229 1330 3258 terra.
1351 3212 1544 3253 Considera
1563 3209 1741 3262 quomodo
1760 3210 1854 3262 signi
1867 3225 1935 3249 non
1954 3212 2066 3250 multo
2086 3225 2163 3263 post

1216 3278 1328 3319 futuri
1346 3273 1604 3329 praescientiam
1622 3272 1795 3311 vocabulo
1811 3271 1884 3311 nati
1901 3272 2001 3324 pueri
2019 3272 2165 3316 indidit,

170 3405 184 3428 ¹¹
203 3410 284 3441 Φησὶ.
309 3405 386 3438 Uaec
404 3415 466 3437 vox
493 3416 560 3438 non
577 3404 629 3438 hic
654 3403 772 3447 modo,
788 3403 846 3438 sed
863 3406 961 3439 ctiam
981 3404 1093 3438 multis
1111 3404 1181 3437 auis
1198 3402 1231 3436 in
1246 3400 1326 3434 locis
1342 3396 1432 3442 apud
1447 3395 1723 3440 Chrysostomum
1739 3406 1980 3438 supervacanea
2000 3394 2139 3428 videtur.

2196 1081 2350 1110 Justitium

2206 1124 2351 1151 indictum

2164 1165 2347 1193 hebdomada
