2483 3791
155 1617 301 1644 Dominus

110 1663 139 1685 et
166 1659 244 1686 Deus
265 1659 301 1686 de

111 1700 197 1727 Patre
209 1706 237 1728 et
249 1700 300 1727 Fi-

110 1740 163 1769 lio.

324 230 407 285 140
752 241 790 271 s.
828 240 1015 271 JoANtws

315 323 497 361 hominem
515 337 533 360 e
553 323 700 375 pulvere
725 323 887 373 formari,
911 336 979 360 non
1001 330 1052 359 est
1071 320 1201 358 minus.
1222 319 1270 358 Et

314 384 397 423 vide
425 384 555 422 iterum
585 383 764 434 quomodo
789 383 913 421 divina
935 382 1120 433 Scriptura
1152 379 1270 418 verbis

313 455 441 484 nostrae
457 445 656 483 infirmitati
675 443 914 482 accommodis
933 456 996 480 usa
1018 441 1073 479 sit.
1089 443 1144 479 Et
1162 454 1271 478 acee-

311 510 382 558 pit,
397 506 526 557 inquit,
543 519 663 543 unam
686 513 880 542 costarum
905 503 1024 541 illius,
1044 502 1098 540 Ne
1113 501 1271 538 humano

313 582 411 605 more
438 566 590 617 accipias
618 578 695 616 quae
719 564 908 612 dicuntur,
935 562 997 600 sed
1016 575 1131 600 crassa
1159 560 1268 599 verba

312 629 476 666 humanae
503 625 740 664 imbecillitati
769 624 956 663 convenire
996 623 1140 674 cogites.
1174 623 1268 660 Nam

312 689 380 727 nisi
408 688 464 725 his
493 687 612 726 verbis
633 686 819 738 Scriptura
844 684 968 722 fuisset
994 698 1069 732 usa,
1088 682 1268 734 quomodo

311 760 385 788 tam
410 763 537 787 arcana
565 747 736 801 mysteria
764 747 900 785 discere
926 743 1188 798 potuissemus?
1216 744 1268 781 Ne

312 810 424 862 igitur
437 809 556 849 verbis
574 818 712 846 tantum
730 807 864 845 addicti
879 807 1002 854 simus,
1020 804 1082 843 sed
1095 804 1214 843 omnia
1228 813 1268 842 ut

1050 238 1293 270 CHRYSOST.
1335 237 1456 267 ARCH
1466 237 1553 267 1131).
1585 236 1939 267 CONSTANTINOP-

1343 319 1473 366 ταύτην
1503 319 1564 366 τὴν
1597 319 1764 372 πλευρὰν,
1784 320 1990 372 ᾠκοδόμησε
2016 319 2143 371 Κύριος
2170 322 2187 356 ὑ
2205 321 2294 363 Θεὸς
2323 322 2369 365 εἰς

1343 387 1502 430 γυναῖκα.
1528 379 1733 431 Παράδοξον
1767 381 1808 419 τὸ
1841 381 2036 433 εἰρημένον,
2056 380 2116 417 καὶ
2149 383 2253 418 νικῶν
2281 381 2370 431 μετὰ

1342 441 1475 487 πολλῆς
1493 443 1556 486 τῆς
1574 441 1769 493 ὓπερὸολῆς
1783 441 1841 480 τὸν
1858 441 2029 493 ἡμέτερον
2043 441 2224 493 λογισμόν.
2242 442 2369 480 Τοιαῦ-

1342 516 1387 539 τα
1407 501 1476 554 γὰρ
1492 502 1631 539 ἅπαντα
1648 501 1694 539 τὰ
1709 502 1806 554 παρὰ
1822 506 1882 540 τοῦ
1908 503 2100 540 Δεσπότου.
2122 503 2195 540 Τοῦ
2210 501 2278 555 γὰρ
2300 503 2369 541 ἀπὸ

1342 566 1404 600 τοῦ
1421 563 1504 614 χοὸς
1523 564 1725 608 πλασθῆναι
1741 563 1800 601 τὸν
1817 563 1996 615 ἄνθρωπον
2014 565 2076 600 οὐκ
2094 561 2238 600 ἔλαττον
2255 566 2367 602 τοῦτο.

1343 623 1412 662 Καὶ
1431 622 1496 675 ὅρα
1515 622 1579 670 τὴν
1607 622 1869 674 συγκατάὸασιν
1890 625 1953 669 τῆς
1977 623 2068 666 θείας
2094 624 2255 675 Γραφῆς,
2278 623 2370 668 ὅσοις

1344 685 1477 737 ῥήμασι
1505 685 1676 737 κέχρηται
1697 684 1754 722 διὰ
1783 684 1846 731 τὴν
1876 684 2051 738 ἡμετέραν
2081 685 2271 723 ἀσθένειαν.
2300 685 2370 723 Καὶ

1341 745 1464 793 ἔλαὸε,
1484 746 1589 798 φησὶ,
1608 746 1690 797 μίαν
1709 747 1778 783 τῶν
1794 748 1953 797 πλευρῶν
1977 747 2093 784 αὐτοῦ.
2113 745 2174 794 Μὴ
2195 746 2371 797 ἀνθρωπί·

1341 823 1406 851 νως
1420 807 1521 859 δέχου
1537 807 1582 845 τὰ
1601 807 1772 858 λεγόμενα
1784 837 1794 855 ,
1815 807 1906 845 ἀλλὰ
1925 807 1988 854 τὴν
2010 807 2200 859 παχύτητα
2219 811 2287 846 τῶν
2309 807 2367 845 λέ-

312 886 378 924 par
397 880 448 908 est
466 870 510 908 de
530 871 604 908 Deo
633 870 836 907 sentiamus.
859 865 1159 917 Quandoquidem
1178 865 1266 903 dum
1281 867 1423 922 118ξεων
1440 872 1482 919 τῇ
1507 868 1665 919 ἀσθενείᾳ
1684 868 1819 919 λογίζου
1844 871 1887 919 τῇ
1909 868 2122 920 ἀνθρωπίνῃ.
2153 870 2197 906 Εἰ
2226 867 2294 921 γὰρ
2320 868 2369 918 μὴ

312 931 455 979 dicitur,
466 930 643 982 Accepit,
659 939 691 967 et
705 929 823 967 omnia
839 928 938 972 talia,
953 937 1097 979 propter
1110 937 1267 964 nostram
1292 935 1319 963 A
1340 927 1470 971 τούτοις
1486 934 1555 979 τοῖς
1572 928 1724 980 ῥήμασιν
1746 929 1920 981 ἐχρήσατο
1935 959 1945 976 ,
1962 932 2038 972 πῶς
2054 928 2094 965 ἂν
2111 931 2231 979 μαθεῖν
2248 929 2369 975 ἠδυνή-

314 993 559 1030 infirmitatem
580 992 628 1028 ita
650 990 745 1027 dicta
766 999 859 1027 sunt.
878 988 1132 1026 Animadverte
1150 996 1269 1025 autem

314 1052 492 1103 quomodo
511 1061 544 1089 et
562 1051 622 1087 hic
640 1049 763 1088 eadem
778 1063 842 1086 usa
858 1058 910 1086 est
925 1047 1189 1097 consuetudine,
1198 1061 1287 1097 qua*

313 1127 437 1164 supra,
459 1126 541 1149 cum
562 1111 606 1148 de
624 1111 740 1148 Adam
758 1118 888 1160 ageret.
906 1110 998 1147 Nam
1017 1117 1057 1145 ut
1072 1107 1124 1145 ibi
1144 1108 1265 1158 semel,

313 1188 353 1211 ac
368 1174 514 1222 iterum,
531 1182 564 1210 et
579 1172 708 1224 saepius
720 1170 830 1219 dixit,
843 1171 879 1207 E
884 1179 897 1207 t
910 1172 1059 1221 accepit
1074 1171 1267 1208 Dominus

314 1237 420 1273 Deus
451 1237 646 1272 hominem
667 1249 677 1269 .·
694 1242 728 1270 et
747 1232 888 1280 iterum,
909 1233 963 1269 Et
989 1234 1169 1283 praecepit
1186 1232 1267 1269 Do—

314 1299 440 1333 minus
454 1297 561 1333 Deus
572 1295 614 1332 A
617 1295 675 1332 doe
694 1309 705 1329 .·
723 1302 756 1331 et
772 1293 915 1339 iterum,
931 1293 1121 1343 Dixitque
1135 1293 1268 1329 Domi—

314 1371 385 1395 nus
404 1358 511 1394 Deus
533 1372 542 1392 .·
565 1358 777 1393 Faciamus
794 1354 856 1391 illi
868 1354 1085 1406 adjutorem
1101 1353 1266 1391 similem

314 1418 376 1455 illi
394 1433 404 1453 :
423 1418 473 1455 sic
488 1426 521 1455 et
535 1430 629 1454 nunc
640 1415 771 1466 inquit,
787 1416 842 1454 Et
854 1415 1063 1468 aedificavit
1073 1415 1266 1452 Dominus

314 1480 421 1517 Deus
446 1488 608 1525 costam,
641 1491 759 1531 quam
791 1479 940 1528 accepit
977 1479 1026 1514 ab
1057 1475 1206 1525 Adam,
1225 1479 1267 1513 in

315 1541 514 1577 mulierem
526 1556 541 1584 ,·
571 1548 605 1577 et
643 1538 749 1591 paulo
782 1537 965 1590 superius,
1008 1538 1061 1575 Et
1109 1539 1267 1575 immisit

315 1603 507 1639 Dominus
526 1601 631 1638 Deus
646 1613 841 1637 excessura
858 1601 899 1635 in
910 1598 1047 1635 Adam
1068 1613 1079 1634 .·
1100 1607 1140 1635 ut
1152 1597 1268 1636 discas
1293 1616 1316 1646 Β

315 1662 451 1700 nullam
471 1661 587 1699 Patris
603 1670 637 1698 et
656 1659 739 1698 Filii
757 1659 1000 1697 diversitatem
1012 1659 1077 1697 has
1096 1658 1268 1697 dictiones

315 1724 474 1762 indicare
490 1739 497 1759 ε
513 1722 597 1773 quia
612 1721 798 1771 utriusque
817 1730 869 1758 est
887 1735 958 1758 una
973 1719 1136 1770 essentia,
1155 1720 1268 1758 indis-

314 1784 531 1822 criminatim
564 1781 770 1820 nominibus
808 1780 884 1819 istis
925 1780 1109 1832 Scriptura
1141 1780 1264 1818 utitur.

313 1846 406 1884 Ecce
424 1845 534 1897 igitur
550 1853 583 1882 et
601 1844 692 1882 hanc
709 1841 1014 1892 consuetudinem,
1034 1856 1116 1879 cum
1131 1841 1177 1879 de
1193 1842 1266 1880 for-

312 1906 466 1945 matione
480 1905 640 1943 mulieris
652 1904 742 1956 agit,
762 1903 928 1942 similiter
940 1902 1108 1952 servavit,
1119 1902 1240 1941 dicens
1256 1918 1263 1939 :

313 1968 367 2006 Et
389 1968 597 2017 (edificavit
617 1967 811 2003 Dominus
833 1965 939 2002 Deus
966 1973 1128 2010 costam,
1148 1977 1266 2016 quam

314 2030 463 2080 accepit
479 2030 527 2065 ab
543 2026 693 2073 Adam,
711 2029 752 2063 in
767 2026 980 2062 mulierem.
995 2024 1094 2071 Quid
1110 2039 1194 2076 ergo
1207 2025 1267 2062 hie

313 2088 433 2126 dicent
459 2087 632 2134 haeretici,
654 2087 717 2137 qui
736 2086 854 2124 omnia
878 2086 1054 2123 curiosius
1081 2087 1267 2139 explorare

314 2149 454 2197 volunt,
467 2157 499 2185 et
510 2148 713 2186 Conditoris
728 2147 888 2185 omnium
900 2147 1161 2198 generationem
1175 2162 1267 2185 com-

314 2208 542 2261 prehendisse
556 2223 592 2246 se
605 2208 756 2261 putant.⁰
773 2207 864 2255 Quis
880 2221 993 2244 sermo
1007 2207 1074 2244 hoc
1091 2208 1269 2260 explicare

314 2270 468 2322 poterit?
489 2284 566 2319 quae
600 2283 697 2306 mens
725 2267 1045 2320 comprehendere?
1063 2269 1183 2306 Unam
1210 2283 1268 2307 co-

315 2340 420 2380 stam,
441 2330 573 2381 inquit,
593 2330 750 2381 accepit3
774 2338 807 2366 et
828 2328 1006 2379 quomodo
1027 2343 1071 2366 ex
1084 2329 1151 2366 hac
1167 2330 1269 2368 unica

316 2401 409 2429 costa
423 2401 536 2429 totum
556 2391 685 2428 animal
703 2389 894 2427 formavit?
908 2388 956 2426 Et
970 2388 1057 2439 quid
1068 2389 1162 2439 dico,
1180 2405 1270 2441 quo-
1295 2405 1320 2435 C

316 2452 420 2490 modo
440 2467 485 2490 ex
500 2452 566 2489 hac
579 2465 647 2489 una
661 2450 793 2488 animal
813 2449 1004 2488 formavit?
1017 2449 1096 2498 Dic,
1112 2450 1268 2500 obsecro,

316 2513 494 2565 quomodo
512 2513 644 2551 ablatio
660 2513 753 2550 faeta
768 2512 846 2550 est?
860 2510 1038 2563 quomodo
1053 2511 1178 2560 Adam,
1189 2527 1271 2550 cum

316 2575 513 2613 auferretur
541 2583 654 2622 costa,
674 2587 743 2611 non
770 2572 900 2611 sensit?
923 2571 995 2611 Sed
1021 2571 1112 2609 nihil
1140 2573 1266 2612 horum

316 2636 435 2673 dicere
457 2635 588 2687 poteris
613 2651 620 2671 :
645 2649 738 2672 unus
763 2634 859 2672 enim
881 2642 1018 2671 tantum
1038 2633 1115 2682 scit,
1137 2633 1197 2684 qui
1221 2643 1271 2672 est

317 2697 393 2748 ipse
430 2695 612 2734 Conditor.
634 2695 739 2742 Quod
773 2694 804 2733 si
835 2694 911 2731 haec
938 2707 1016 2744 quae
1043 2694 1079 2731 in
1107 2694 1271 2732 manibus

318 2766 414 2805 sunt,
430 2766 464 2794 et
485 2756 649 2794 animalis
669 2756 767 2794 illius
787 2754 884 2806 quod
903 2755 1005 2793 nobis
1020 2768 1124 2793 carne
1142 2769 1270 2807 cogna—

319 2827 395 2854 tum
432 2827 483 2855 est
522 2817 769 2855 formationem
807 2830 878 2854 non
915 2815 1271 2868 comprehendimus;

319 2879 440 2928 quanti
467 2877 585 2915 dclirii
609 2886 642 2915 et
657 2876 819 2915 amentiae
838 2876 946 2915 fuerit
962 2876 1137 2914 curiosius
1156 2876 1273 2927 inqui-

320 2952 396 2975 rere
411 2934 489 2988 iluae
511 2938 621 2989 ipsius
639 2937 843 2976 Conditoris
862 2946 958 2988 sunt,
974 2945 1007 2974 et
1022 2936 1140 2975 dicere
1159 2951 1196 2975 se
1212 2936 1272 2975 illa

320 2997 636 3050 comprehendere,
667 3012 820 3049 quorum
851 3011 966 3049 neque
995 2997 1209 3050 incorporeae
1240 3006 1274 3036 et

317 3060 449 3098 divinae
483 3059 634 3097 virtutes
655 3060 790 3111 justam
828 3059 1010 3098 scientiam
1046 3059 1190 3108 habent,
1212 3058 1273 3097 sed

318 3135 399 3158 cum
418 3123 544 3158 timore
566 3129 598 3158 ct
617 3129 767 3158 tremore
789 3120 824 3157 in
846 3119 989 3158 assidua
1013 3119 1272 3171 glorificatione
1294 3125 1318 3155 D

317 3181 571 3233 perseverant?

371 3244 407 3279 5.
439 3243 491 3280 Et
518 3241 725 3293 (edificavit
759 3243 948 3280 Dominus
978 3242 1085 3279 Deus
1107 3249 1267 3290 costam,

318 3317 434 3353 quarn
464 3305 608 3353 accepit
638 3304 686 3338 ab
712 3302 858 3350 Adam,
880 3305 920 3339 in
941 3302 1151 3340 mulierem.
1176 3301 1271 3342 Vide

356 3421 366 3431 ¹·
388 3416 501 3451 ραειειν
521 3413 762 3449 κατειλημμένα,
782 3408 825 3439 sic
851 3406 985 3449 quidam
1004 3408 1079 3438 Mss.

1342 993 1450 1039 θημεν
1469 993 1580 1026 ταῦτα
1600 989 1645 1027 τὰ
1668 989 1852 1041 ἀπόρρητα
1869 989 2064 1042 μυστήρια;
2084 989 2144 1035 Μὴ
2165 995 2236 1032 τοῖς
2257 989 2371 1040 ῥήμα-

1341 1066 1394 1089 σιν
1437 1044 1495 1086 οὖν
1530 1049 1645 1100 μόνοις
1688 1050 1985 1100 ἐναπομείνωμεν,
2037 1050 2126 1088 ἀλλὰ
2172 1053 2370 1102 θεοπρεπῶς

1343 1109 1481 1147 ἅπαντα
1501 1111 1634 1159 νοῶμεν
1657 1113 1704 1152 ὡς
1724 1110 1781 1148 ἐπὶ
1803 1113 1906 1149 Θεοῦ.
1941 1111 1995 1148 Τὸ
2022 1110 2110 1163 γὰρ,
2132 1110 2289 1160 Ἔλαὸε,
2311 1111 2370 1150 καὶ

1341 1169 1407 1208 ὅσα
1424 1175 1585 1218 τοιαῦτα,
1599 1170 1657 1209 διὰ
1673 1170 1735 1218 τὴν
1751 1171 1930 1209 ἀσθένειαν
1948 1171 2011 1218 τὴν
2024 1171 2197 1225 ἡμετέραν
2218 1172 2367 1224 εἴρηται.

1341 1231 1474 1269 Σκόπει
1494 1231 1530 1270 δὲ
1560 1234 1633 1274 πῶς
1654 1231 1713 1269 καὶ
1734 1233 1880 1270 ἐνταῦθα
1895 1232 2000 1270 πάλιν
2021 1235 2064 1284 τῇ
2087 1233 2172 1284 αὐτῇ
2207 1233 2369 1285 συνηθείᾳ

1341 1293 1539 1347 ἐχρήσατο,
1560 1287 1583 1345 ἧ
1602 1293 1661 1331 καὶ
1681 1293 1740 1331 ἐπὶ
1756 1297 1815 1331 τοῦ
1837 1293 1958 1344 Ἀδάμ.
1979 1294 2121 1346 εὨσπερ
2133 1294 2202 1347 γὰρ
2220 1297 2291 1333 ἐκεῖ
2310 1295 2370 1332 καὶ

1341 1353 1456 1403 ἅπαξ,
1487 1355 1546 1393 καὶ
1573 1355 1742 1407 δεύτερον,
1763 1354 1823 1394 καὶ
1854 1355 2023 1399 πολλάκις
2042 1349 2136 1402 εἶπε,
2165 1355 2234 1393 Καὶ
2266 1355 2370 1393 ἔλαὸε

1340 1416 1467 1469 Κύριος
1485 1420 1504 1455 ὁ
1525 1418 1612 1460 Θεὸς
1632 1417 1689 1455 τὸν
1719 1417 1913 1468 ἄνθρωπον,
1937 1417 1972 1455 ὃν
1993 1416 2123 1455 ἔπλασε
2136 1433 2144 1440 ·
2165 1416 2224 1455 καὶ
2245 1417 2364 1465 πάλιν,

1341 1477 1411 1515 Kat
1437 1477 1631 1516 ἐνετείλατο
1650 1477 1775 1531 Κύριος
1805 1482 1823 1517 ὃ
1843 1476 1932 1521 Θεὸς
1953 1480 2002 1529 τῷ
2019 1478 2146 1528 Ἀδάμ·
2167 1478 2226 1516 καὶ
2250 1477 2371 1525 πάλιν,

1341 1539 1412 1577 Καὶ
1445 1533 1521 1577 εἶπε
1551 1539 1678 1590 Κύριος
1709 1542 1727 1576 ὃ
1746 1539 1856 1587 Θεὸς,
1878 1538 2080 1589 ποιήσωμεν
2113 1539 2207 1592 αὐτῷ
2244 1538 2367 1589 βοηθὸν

1342 1603 1420 1639 κατ’
1438 1600 1559 1638 αὐτόν·
1581 1600 1671 1638 οὕτω
1691 1600 1750 1636 καὶ
1781 1603 1839 1636 νῦν
1863 1615 1966 1652 φησι,
1985 1599 2056 1638 Καὶ
2075 1600 2280 1651 ᾦκόδομησε
2294 1599 2371 1638 Κύ-

1344 1679 1413 1715 ριος
1438 1665 1455 1700 ὃ
1481 1662 1572 1704 Θεὸς
1598 1659 1661 1707 τὴν
1679 1660 1847 1714 πλευρὰν,
1867 1661 1909 1707 ἣν
1928 1660 2032 1699 ἔλαὸε
2051 1661 2121 1699 ἀπὸ
2148 1664 2207 1698 τοῦ
2240 1660 2368 1711 Ἀδὰμ,

1341 1726 1388 1767 εἷς
1418 1727 1589 1773 γυναῖκα·
1613 1721 1673 1759 καὶ
1710 1721 1890 1774 ἀνωτέρω,
1912 1722 1982 1760 Καὶ
2011 1721 2160 1760 ἐπέὸαλε
2193 1721 2321 1772 Κύριος
2351 1725 2369 1759 ὁ

1339 1784 1428 1828 Θεὸς
1450 1783 1614 1821 ἔκστασιν
1630 1783 1686 1821 ἐπὶ
1711 1782 1770 1820 τὸν
1791 1782 1902 1833 Ἀδάμ
1915 1798 1922 1805 ·
1941 1782 1997 1820 ἵνα
2025 1782 2138 1834 μάθῃς
2159 1785 2204 1826 ὡς
2222 1781 2368 1832 οὐδεμία

1339 1845 1488 1898 διαφορά
1512 1847 1585 1883 ἐστι
1604 1843 1744 1896 Πατρὸς
1765 1844 1824 1882 καὶ
1846 1845 1933 1882 Υἱοῦ
1952 1845 1986 1881 ἐν
2005 1850 2081 1888 ταῖς
2098 1843 2245 1891 λέξεσιν,
2273 1843 2363 1881 ἀλλὰ

1339 1905 1395 1944 διὰ
1410 1906 1450 1943 τὸ
1479 1904 1560 1955 μίαν
1581 1897 1668 1942 εἶναι
1698 1903 1761 1950 τὴν
1778 1904 1896 1942 οὐσίαν
1917 1903 2137 1956 ἀμφοτέρων,
2167 1903 2366 1956 ἀδιαφόρως

1338 1969 1359 2012 ἡ
1382 1966 1410 2004 Γ
1414 1964 1504 2017 ραφὴ
1525 1965 1695 2017 κέχρηται
1717 1971 1785 2008 τοῖς
1805 1965 1984 2015 ὀνόμασιν.
2006 1964 2094 2003 Ἰδοὺ
2119 1968 2199 2016 γοῦν
2228 1964 2289 2002 καὶ
2308 1961 2367 2001 ἐπὶ

1338 2030 1399 2073 τῆς
1415 2025 1634 2070 διαπλάσεως
1646 2030 1708 2072 τῆς
1723 2026 1886 2078 γυναικὸς
1904 2029 1947 2077 τῇ
1968 2028 2055 2076 αὐτῇ
2077 2024 2242 2078 συνηθείᾳ
2263 2023 2367 2078 ἐχρή-

1340 2103 1426 2127 σατο
1457 2090 1623 2133 εἰποῦσα,
1646 2088 1716 2125 Καὶ
1749 2087 1954 2139 ᾠκοδόμησε
1985 2086 2112 2138 Κύριος
2141 2089 2158 2124 ὁ
2187 2085 2277 2129 Θεὸς
2303 2084 2368 2132 τὴν

1340 2148 1506 2199 πλευρὰν,
1527 2148 1568 2194 ἣν
1588 2147 1711 2185 ἔλαὲεν
1731 2148 1800 2186 ἀπὸ
1827 2152 1887 2185 τοῦ
1914 2147 2046 2198 Ἀδὰμ,
2073 2149 2119 2190 εἰς
2141 2151 2302 2197 γυναῖκα.
2321 2146 2370 2184 Τί

1343 2208 1382 2246 ἂν
1402 2209 1530 2246 εἴποιεν
1547 2211 1693 2246 ἐνταῦθα
1713 2210 1744 2246 οἱ
1766 2209 1951 2259 αἱρετικοὶ,
1971 2211 2001 2246 οἱ
2031 2208 2146 2246 πάντα
2173 2206 2364 2259 περιεργά-

1343 2273 1461 2314 ζεσθαι
1480 2269 1699 2319 βουλόμενοι,
1720 2269 1778 2306 καὶ
1796 2274 1855 2308 τοῦ
1877 2271 2088 2321 δημιουργοῦ
2108 2271 2177 2306 τῶν
2196 2268 2285 2308 ὅλων
2304 2266 2368 2313 τὴν

1344 2331 1502 2382 γέννησιν
1536 2330 1783 2383 κατειληφέναι
1815 2330 1986 2381 οἷόμενοι;
2004 2332 2110 2373 Ποῖος
2139 2329 2239 2380 λόγος
2269 2334 2369 2367 τοῦτο

1346 2394 1556 2443 ἑρμηνεῦσαι
1585 2391 1748 2437 δύναται;
1775 2397 1870 2435 ποῖος
1900 2397 1975 2435 νοῦς
2009 2391 2242 2438 καταλαὸεῖν;
2272 2389 2368 2427 Μίαν

1345 2452 1509 2502 πλευρὰν,
1530 2451 1645 2504 φησὶν,
1666 2451 1786 2490 ἔλαθε·
1806 2452 1866 2490 καὶ
1887 2454 1960 2495 πῶς
1991 2453 2031 2490 ἐκ
2052 2451 2179 2498 ταύτης
2202 2453 2264 2496 τῆς
2287 2456 2370 2502 μιᾶς

1345 2513 1384 2550 τὸ
1403 2513 1480 2551 ὅλον
1509 2514 1593 2557 ζῶον
1617 2511 1802 2560 διέπλασε;
1821 2512 1868 2551 Τί
1887 2512 1923 2550 δὲ
1942 2512 2034 2563 λέγω
2046 2540 2055 2558 ,
2073 2514 2147 2555 πῶς
2172 2513 2211 2549 ἐκ
2240 2511 2369 2558 ταύτης

1344 2577 1406 2620 τῆς
1423 2580 1504 2624 μιᾶς
1520 2574 1559 2612 τὸ
1578 2576 1663 2618 ζῶον
1686 2574 1892 2622 διέπλασεν,
1910 2572 2001 2612 Εἰπέ
2016 2589 2075 2624 μοι
2093 2575 2167 2616 πῶς
2185 2575 2206 2617 ἡ
2228 2571 2370 2623 ἀφαίρε-

1345 2650 1398 2678 σις
1416 2634 1533 2685 γέγονε
1541 2652 1550 2683 ;
1566 2638 1639 2677 πῶς
1665 2634 1822 2681 αἴσθησιν
1850 2637 1911 2672 οὐκ
1932 2634 2035 2672 {karse
2055 2635 2118 2679 τῆς
2137 2632 2368 2684 ἀφαιρέσεωςς

1345 2695 1436 2734 Ἀλλ’
1454 2695 1550 2734 οὐδὲν
1570 2695 1698 2734 τούτων
1720 2695 1849 2747 δυνήσῃ
1877 2697 2005 2732 εἰπεῖν·
2037 2692 2137 2743 μόνος
2155 2691 2222 2744 γὰρ
2241 2694 2368 2734 ἐκεῖνος

1345 2750 1432 2793 οἶδεν
1449 2759 1466 2794 ὁ
1479 2756 1540 2803 τὴν
1559 2755 1786 2809 δημιουργίαν
1804 2754 2050 2806 ἐργασάμενος.
2066 2755 2111 2791 Εἰ
2126 2753 2240 2790 τοίνυν
2258 2757 2367 2791 ταῦτα

1343 2816 1387 2854 τὰ
1409 2819 1442 2855 ἐν
1465 2817 1589 2869 χερσὶ,
1612 2816 1671 2854 καὶ
1703 2815 1747 2854 τὰ
1776 2819 1838 2862 τῆς
1859 2814 2081 2857 διαπλάσεως
2108 2816 2168 2850 τοῦ
2184 2816 2368 2863 ὁμογενοῦς

1343 2879 1426 2927 ἡμῖν
1447 2880 1556 2929 εὑρεῖν
1580 2875 1666 2921 ζώου
1686 2877 1725 2914 οὗ
1754 2874 2085 2925 καταλαμὸάνομεν,
2105 2873 2215 2920 πόσης
2243 2873 2283 2910 ἂν
2313 2872 2367 2919 εἴη

1344 2937 1467 2988 μανίας
1492 2937 1551 2975 καὶ
1583 2934 1852 2988 παραφροσύνης
1872 2934 1916 2972 τὰ
1954 2934 2045 2973 κατὰ
2068 2935 2126 2972 τὸν
2158 2933 2369 2984 δημιουργὸν

1343 2999 1649 3051 περιεργάζεσθαι,
1682 2996 1742 3034 καὶ
1767 2997 1882 3034 ἐκεῖνα
1905 2995 2072 3047 Ωφάσκειν
2098 2993 2367 3045 κατειληφέναι,

1342 3053 1390 3097 ὧν
1410 3060 1486 3097 οὔτε
1506 3060 1541 3096 αἱ
1561 3057 1742 3108 ἀσώματοι
1763 3058 1821 3094 καὶ
1850 3060 1938 3094 θεῖαι
1956 3055 2117 3107 δυνάμεις
2143 3055 2206 3102 τὴν
2236 3054 2364 3107 ἀκριὸἥ

1343 3123 1467 3171 γνῶσιν
1484 3119 1636 3170 ἔχουσιν,
1654 3117 1744 3155 ἀλλὰ
1765 3117 1853 3167 μετὰ
1868 3117 1975 3168 φόὸου
2001 3117 2060 3154 καὶ
2078 3115 2207 3168 τρόμου
2227 3114 2367 3159 δοξολο-

1343 3186 1465 3231 γοῦσαι
1486 3180 1650 3225 διηνεκῶς
1671 3178 1884 3225 διατελοῦσι,

1396 3240 1464 3280 Καὶ
1481 3239 1685 3292 ᾠκοδόμησε
1696 3269 1705 3286 ,
1723 3238 1825 3290 φησὶ,
1844 3238 1968 3291 Κύριος
1983 3240 2001 3276 ὁ
2017 3237 2106 3280 Θεὸς
2122 3236 2186 3284 τὴν
2201 3235 2368 3288 πλευρὰν,

1342 3303 1382 3347 ἣν
1400 3301 1522 3339 mem
1544 3300 1612 3338 ἀπὸ
1630 3303 1690 3337 τοῦ
1708 3298 1833 3349 Ἀδὰμ,
1848 3301 1894 3342 εἷς
1911 3305 2068 3350 γυναῖκα.
2084 3297 2180 3349 “opu
2193 3300 2255 3343 τῆς
2272 3298 2366 3347 Γρα-
