2516 3791
826 173 1009 203 JOANMS
1046 173 1128 202 etin
1136 173 1156 201 Y
1165 171 1284 200 SOST.

338 160 433 217 428
749 174 786 203 s.

331 266 406 295 tur.
426 255 563 296 Deinde
579 255 662 306 quia
682 269 791 308 supra
809 264 971 292 naturam
985 261 1059 290 erat
1078 251 1280 303 promissio,

336 327 370 355 et
388 316 552 356 vincebat
570 316 763 354 humanam
781 315 954 352 rationem
973 317 1162 362 (magnam
1189 310 1284 348 enim

337 377 373 415 in
391 391 430 415 eo
446 377 685 415 turbationem
701 375 902 412 excitabant
917 382 967 410 tot
981 381 1117 409 naturae
1133 371 1284 423 impedi-

337 443 468 482 menta,
493 443 650 470 senectus
670 433 757 483 ejus,
787 441 820 468 et
850 429 945 480 quod
968 430 1056 467 Sara
1086 430 1215 466 sterilis
1242 444 1284 467 ac

337 503 436 530 utero
464 501 622 530 emortuo
646 495 770 540 esset),
801 499 906 541 auget
936 490 1111 528 Dominus
1133 490 1284 542 promis-

337 568 456 590 sorum
475 550 771 601 magnitudinem,
796 560 833 587 ut
847 551 965 602 justus
979 550 1025 588 ad
1044 551 1284 603 promittentis

335 611 580 648 liberalitatem
595 609 798 661 respiciens,
813 609 903 647 bene
916 619 1042 661 speret,
1060 609 1284 660 confidatque

334 671 384 708 sic
413 679 634 707 eventurum.
658 670 695 707 5.
719 671 868 707 Eduxit
895 679 1024 707 autem
1053 683 1138 707 eum
1145 672 1280 721 foras,

334 740 371 768 et
401 732 501 768 dixit
536 734 571 768 ei
593 731 777 782 :Suspice
806 734 847 767 in
875 731 1091 779 coelum,et
1125 744 1284 768 numera

333 792 482 837 stellas,
505 794 538 830 si
549 795 692 843 poteris
716 805 918 828 numerare
932 805 1009 831 eas.
1032 793 1086 828 Et
1102 791 1202 828 dixit
1216 794 1252 828 ei
1269 807 1280 827 .·
1303 807 1327 836 E

332 852 395 890 Sic
411 855 481 890 erit
500 866 629 890 semen
651 861 772 889 tuum.
795 853 832 889 6.
858 853 912 889 Et
937 853 1102 889 credidit
1128 852 1282 889 Abram

332 913 432 958 Deo,
475 921 512 949 et
547 921 768 963 reputatum
805 920 860 948 est
898 912 960 948 illi
999 914 1041 947 in
1070 914 1279 962 justitiam.

332 972 452 1017 Quare
465 971 652 1019 indicavit,
672 971 767 1021 quod
786 971 933 1008 duxerit
947 985 1028 1008 eum
1047 971 1170 1008 foras?
1187 971 1281 1017 Quia

333 1032 427 1070 enim
451 1032 613 1084 superius
633 1031 746 1080 dixit,
768 1046 850 1068 eum
871 1031 907 1068 in
922 1031 1060 1069 visione
1082 1031 1194 1069 noctis
1218 1046 1282 1083 ap-

332 1093 491 1145 paruisse
520 1092 588 1140 illi,
607 1106 647 1128 ae
672 1092 782 1129 verba
802 1092 863 1128 illa
889 1091 920 1129 ei
943 1092 1132 1142 loquutum
1151 1092 1280 1129 fuisse:

334 1169 428 1192 nunc
445 1163 564 1191 autem
586 1153 662 1192 vult
685 1153 713 1190 ei
738 1153 934 1200 ostendere,
953 1167 1061 1203 quam
1080 1153 1283 1190 innumera-

333 1215 423 1253 biles
442 1214 512 1252 sint
541 1214 576 1251 in
602 1214 688 1251 caelo
707 1213 830 1261 stellae,
856 1214 973 1264 inquit
992 1230 999 1250 :
1017 1215 1167 1252 Eduxit
1197 1227 1283 1250 eum

332 1278 457 1327 foras,
475 1284 511 1312 et
523 1276 621 1312 dizit
639 1290 650 1310 .·
667 1275 821 1326 Suspice
834 1277 876 1310 in
888 1275 1039 1320 coelzcm,
1063 1283 1098 1311 et
1122 1287 1284 1310 numera

335 1337 480 1381 stellas,
502 1338 535 1373 si
559 1337 702 1386 poteris
725 1348 791 1372 eas
816 1335 1073 1373 dinumerare.
1104 1336 1157 1371 Et
1184 1334 1285 1370 dixit

335 1400 399 1434 ei:
418 1397 480 1434 Sic
509 1398 580 1433 erit
612 1409 742 1433 semen
776 1403 897 1432 tuum.
930 1396 1105 1445 Magnum
1133 1393 1285 1445 promis-

335 1472 427 1505 sum,
463 1457 585 1507 ingens
619 1455 863 1508 promissionis
900 1454 1138 1506 magnitudo:
1163 1453 1224 1492 sed
1254 1455 1284 1491 si

334 1517 446 1569 ipsam
467 1516 704 1568 promittentis
725 1516 894 1554 virtutem
917 1515 1165 1565 cogitabimus,
1194 1515 1286 1552 nihil

334 1577 436 1614 nobis
464 1576 650 1628 apparebit
681 1590 861 1627 magnum.
897 1576 970 1622 Qui
995 1575 1088 1612 enim
1121 1574 1165 1612 de
1194 1584 1286 1612 terra

334 1652 462 1689 corpus
481 1638 665 1686 formavit,
688 1647 720 1674 et
741 1638 838 1687 quod
867 1652 935 1675 non
955 1646 1044 1681 erat,
1078 1636 1114 1674 id
1139 1646 1176 1674 ut
1196 1645 1286 1674 esset

333 1698 427 1746 fecit,
448 1706 482 1735 et
497 1697 656 1735 condidit
673 1698 792 1735 omnia
805 1712 884 1747 quae
905 1697 1087 1747 videntur,
1106 1697 1166 1735 ille
1179 1697 1285 1734 etiam

332 1759 416 1796 dare
434 1758 565 1810 poterit
582 1772 661 1808 que
682 1772 789 1809 supra
812 1767 976 1797 natuiam
995 1766 1090 1795 sunt.

385 1821 422 1858 5.
443 1818 579 1858 Vidisti
609 1819 753 1856 Domini
784 1818 1061 1857 liberalitatemff
1092 1819 1285 1868 Postquam
1310 1838 1333 1865 A

333 1881 427 1919 enim
440 1880 548 1929 dixit,
565 1880 728 1930 Absque
739 1880 850 1931 prole
865 1881 1041 1917 dimittor
1044 1880 1196 1930 ,quasi
1189 1879 1285 1931 apud

332 1947 452 1990 portas
473 1910 597 1974 moitis
617 1937 802 1986 exsistens,
820 1947 854 1975 et
872 1938 963 1975 nihil
977 1938 1134 1990 amplius
1146 1938 1286 1989 operari
1329 1953 1332 1957 ’

333 1999 454 2035 valens
478 2007 517 2035 ut
534 2006 763 2049 procreentur
782 1998 901 2045 liberi,
925 1998 975 2035 sic
995 1999 1102 2037 verba
1121 1998 1183 2035 illa
1202 2012 1285 2050 pro-

336 2059 432 2107 tulit,
458 2058 581 2096 dicens
602 2074 609 2094 :
635 2059 764 2096 Filius
790 2060 926 2096 fflasec
946 2059 1170 2095 vernaculae
1192 2073 1285 2096 meae

336 2122 443 2158 heres
461 2133 565 2156 meus
587 2121 671 2156 erit.
695 2118 781 2156 ldeo
801 2119 923 2157 volens
938 2119 1106 2171 spiritum
1124 2119 1199 2170 ejus
1215 2119 1287 2156 eri-

335 2195 428 2231 gere,
448 2188 481 2217 et
507 2193 642 2217 novum
662 2179 822 2229 vigorem
847 2179 956 2216 menti
976 2178 1119 2228 addere,
1145 2179 1190 2216 ab
1218 2179 1287 2216 im-

335 2241 488 2278 minente
508 2240 633 2277 timore
651 2253 733 2276 eum
756 2239 896 2287 liberat,
925 2240 1228 2290 promissioneque
1247 2255 1287 2278 ac

335 2300 418 2337 doni
434 2298 681 2350 magnitudine
701 2309 854 2336 mentem
873 2300 948 2351 ejus
961 2300 1079 2351 erigit,
1103 2300 1287 2338 ostenden-

335 2363 382 2399 do
407 2362 589 2398 stellarum
612 2361 894 2410 multitudinem,
913 2370 947 2399 et
967 2362 1206 2413 promittendo
1225 2377 1287 2400 na-

335 2422 485 2459 scituros
503 2436 548 2459 ex
561 2436 600 2458 eo
616 2422 687 2459 illis
704 2436 805 2473 pares
824 2422 976 2469 futuros,
993 2422 1029 2460 in
1044 2423 1175 2460 bonam
1190 2438 1287 2475 spem

335 2483 494 2520 adducit.
526 2482 665 2521 Videns
699 2482 794 2519 enim
824 2483 972 2520 Domini
1000 2484 1284 2535 promissionem,
1310 2510 1331 2538 13
1361 2494 1370 2507 ³

339 2543 465 2595 rejecta
496 2543 592 2579 omni
626 2542 783 2579 humana
811 2542 966 2591 ratione,
999 2552 1033 2580 et
1060 2558 1171 2594 neque
1188 2544 1289 2582 adse

336 2605 466 2655 ipsum,
478 2603 644 2653 nequead
658 2604 783 2641 Saram
794 2602 911 2641 minus
923 2604 1156 2655 procreationi
1169 2614 1287 2657 aptam

338 2665 530 2716 respiciens
547 2679 554 2699 :
569 2663 629 2701 sed
654 2664 899 2716 praetermissis
922 2665 1089 2703 humanis
1108 2666 1286 2713 omnibus,

335 2725 447 2762 sciens
468 2726 581 2761 Deum
595 2739 694 2775 posse
712 2724 818 2762 etiam
833 2739 884 2773 ea,
902 2740 981 2775 quae
999 2740 1105 2777 supra
1123 2736 1287 2765 naturam

336 2794 429 2831 sunt,
446 2784 583 2833 largiri,
606 2785 713 2822 iidem
735 2785 862 2823 habuit
879 2785 1000 2835 dictis,
1023 2787 1161 2824 nullam
1179 2787 1286 2825 dubi-

337 2845 501 2882 tationem
528 2845 730 2891 admittens,
756 2861 869 2897 neque
891 2861 973 2884 cum
995 2847 1090 2885 dicta
1118 2849 1191 2886 liaec
1206 2850 1286 2887 fue-

336 2916 429 2953 runt,
450 2906 638 2943 haesitavit.
657 2907 731 2945 lIoc
745 2908 839 2945 enim
854 2922 946 2946 verae
964 2907 1047 2945 fidei
1063 2918 1127 2958 est,
1142 2910 1284 2959 quando

337 2966 583 3018 p1·‹›111issiones
603 2981 669 3004 non
689 2968 884 3006 secundum
902 2969 1060 3017 solitum,
1077 2978 1111 3007 et
1130 2970 1283 3008 homini-

337 3035 402 3071 bus
426 3033 609 3083 cognitum
638 3048 770 3072 morem
789 3044 885 3085 sunt,
911 3035 939 3073 si
964 3050 1026 3074 nos
1045 3037 1285 3088 promittentis

380 3138 393 3151 ⁴
420 3137 612 3182 [Apion-mou
636 3138 827 3172 addidimus
852 3152 867 3171 e
886 3140 986 3173 Coisl.
1003 3149 1035 3173 et
1052 3141 1154 3174 Sax'il.
1169 3144 1200 3174 in
1225 3154 1343 3186 marg,

336 3191 388 3234 qui
409 3194 440 3224 iu
460 3199 488 3223 ιι
493 3199 571 3222 xtu
567 3209 593 3225 ι
598 3194 637 3233 ;.]

1295 1800 1343 1824 370

1324 170 1513 201 ARCHIEP
1522 190 1532 200 .
1570 172 1909 203 CONSTANTINOP
1918 192 1927 201 .

1354 251 1559 304 στείρωσις,
1577 254 1640 298 τῆς
1673 254 1809 306 μήτρας
1840 256 1861 300 ἡ
1887 253 2105 327 νέκρωσις),
2140 255 2301 293 ἐπιτείνει
2322 258 2383 302 τῆς

1354 311 1564 362 ἐπαγγελίας
1582 311 1621 350 τὸ
1640 312 1842 364 μέγεθος,“
1829 329 1882 351 ινα
1903 314 1988 366 πρὸς
2004 314 2068 360 τὴν
2087 330 2147 352 του
2173 317 2385 366 ἐπαγγειλα-

1355 369 1459 415 μένου
1493 372 1696 422 φιλοτιμίαν
1728 377 1866 425 ἀφορῶν
1906 377 2042 426 θαῤῥεῖν
2077 377 2096 411 ὁ
2130 374 2260 416 δίκαιος
2299 375 2380 426 ἔγῃ.

1354 430 1455 476 Ἐξή
1445 447 1531 482 γαγε
1548 432 1584 470 δὲ
1599 434 1701 472 αὐτὸν
1717 433 1803 481 ἔξω,
1825 433 1928 485 φησι,
1957 434 2016 471 καὶ
2036 438 2128 472 εἶπεν
2150 435 2267 486 αὐτῷ·
2298 435 2384 472 ἀνοί-

1356 491 1483 543 ὅλεψον
1504 494 1551 535 εἷς
1570 492 1629 530 τὸν
1652 493 1808 543 ουρανὸν,
1829 493 1889 531 καὶ
1909 493 2102 546 ἀρίθμησον
2122 493 2201 538 τους
2219 493 2382 546 ἀστέρας,

1355 554 1385 590 εἰ
1418 553 1547 605 δυνήσῃ
1591 553 1823 606 ἐξαριθμῆσαι
1858 553 1992 597 αὐτούς.
2026 555 2096 592 Καὶ
2133 548 2247 592 εἶπεν·
2275 554 2384 598 οὕτως

1353 612 1452 651 ἔσται
1468 615 1508 651 τὸ
1521 614 1662 666 σπέρμα
1682 630 1754 652 σου.
1777 613 1846 652 Καὶ
1859 613 2057 652 ἐπίστευσεν
2071 613 2211 665 Ἄδραμ
2223 617 2272 666 τῷ
2287 617 2384 666 Θεῷ,

1352 674 1412 712 καὶ
1434 674 1595 725 ελογίσθη
1617 677 1712 713 αὐτῶ
1732 677 1778 717 εἷς
1807 673 2040 721 δικαιοσύνην.
2058 674 2161 717 Τίνος
2185 675 2286 712 ἕνεκα
2306 677 2385 713 ἐπε-

1353 750 1553 785 σημηνατο,
1581 735 1635 774 οτι
1655 734 1715 773 Ε’ζ
1702 750 1849 786 ςηγαγεν
1883 735 1986 773 αὐτὸν
2024 734 2106 783 ἔξω,
2139 735 2286 782 Ἐπειδὴ
2315 735 2384 788 γὰρ

1353 795 1516 847 ἀνωτέρω
1541 800 1659 844 εἶπεν,
1687 796 1741 834 ὅτι
1777 799 1810 834 ἐν
1841 795 2002 872 ὁράματι
2026 799 2088 842 τῆς
2124 797 2244 840 νυκτὸς
2271 796 2385 848 ὀφθεὶς

1353 858 1447 908 αὖτῳ
1474 856 1518 894 τὰ
1537 857 1624 908 πρὸς
1650 856 1750 895 αὐτὸν
1775 857 1965 903 ἐποιήσατο
1989 857 2151 908 ρήματα,
2170 857 2329 908 βούλεται
2350 858 2385 897 δὲ

1352 918 1446 968 αὐτῷ
1467 917 1573 961 δεῖξαι
1591 921 1659 955 τῶν
1680 918 1836 969 ἀστέρων
1851 920 1918 955 τῶν
1940 920 1974 956 ἐν
1990 920 2039 969 τῷ
2066 920 2202 970 οὐρανῷ
2235 918 2275 956 τὸ
2304 919 2385 956 ἀνα-

1353 977 1541 1028 ρίθμητον,
1565 977 1690 1028 φησὶν,
1712 977 1906 1029 Ἑξήγαγεν
1928 979 2029 1016 αὐτὸν
2057 977 2138 1024 ἔξω,
2171 979 2230 1016 καὶ
2266 972 2361 1016 εἶπεν
2376 994 2384 1002 ·

1353 1037 1550 1089 ἀνάόλεψον
1575 1040 1624 1081 εἰς
1656 1038 1713 1076 τὸν
1750 1038 1920 1090 οὐρανὸν,
1959 1038 2019 1075 καὶ
2049 1038 2274 1090 *ἀρίθμησον
2307 1038 2385 1082 τοὺς

1354 1098 1525 1149 ἀστέρας,
1553 1100 1582 1136 εἰ
1602 1098 1734 1150 δυνήσῃ
1761 1099 1992 1149 ἐξαριθμῆσαι
2022 1098 2156 1142 αὐτούς.
2178 1099 2248 1137 Καὶ
2272 1093 2385 1138 εἶπεν·

1353 1158 1460 1203 οὕτως
1480 1159 1577 1198 ἔσται
1608 1160 1647 1197 τὸ
1679 1159 1821 1210 σπέρμα
1841 1174 1913 1197 σου.
1952 1158 2057 1210 Μέγα
2092 1159 2132 1197 τὸ
2158 1160 2365 1211 ἐπάγγελμα
2375 1190 2386 1208 ,

1352 1219 1441 1258 πολὺ
1460 1220 1499 1257 τὸ
1519 1219 1662 1270 μέγεθος
1681 1222 1742 1265 τῆς
1761 1218 1986 1271 ὑποσχέσεως
2004 1234 2012 1242 ·
2035 1219 2114 1257 ἀλλ’
2132 1219 2190 1257 ἐὰν
2210 1219 2272 1266 τὴν
2289 1219 2386 1257 δύνα-

1355 1296 1414 1330 μιν
1434 1296 1493 1318 του
1521 1280 1761 1332 υποσχοιιένου
1788 1280 2020 1330 ἐννοήσωμεν,
2041 1278 2116 1318 οὐδὲ
2119 1296 2136 1317 ν
2156 1283 2241 1330 ἡμῖν
2268 1286 2385 1332 φανεῖ-

1353 1356 1411 1378 ται
1434 1340 1537 1391 μέγα.
1553 1340 1597 1378 Ὁ
1615 1340 1683 1393 γὰρ
1703 1340 1771 1378 ἀπὸ
1801 1343 1864 1390 (ἧς
1899 1356 2003 1390 σωμα
2027 1339 2246 1387 διαπλάσας,
2267 1339 2326 1377 καὶ
2345 1341 2385 1378 ἐκ

1354 1417 1414 1439 του
1437 1400 1485 1451 μὴ
1502 1401 1597 1444 ὄντος
1610 1404 1658 1445 εἷς
1677 1401 1716 1438 τὸ
1734 1405 1821 1439 εἶναι
1834 1416 1976 1453 παραγα
1979 1417 2067 1452 γων,
2089 1401 2147 1438 καὶ
2168 1400 2386 1453 δημιουργή-

1356 1476 1418 1504 σας
1447 1461 1584 1499 ἅπαντα
1608 1461 1654 1499 τὰ
1685 1461 1862 1512 ὁρώμενα,
1883 1465 1981 1505 οὗτος
2011 1461 2070 1500 καὶ
2097 1460 2141 1499 τὰ
2178 1461 2266 1512 ὑπὲρ
2285 1461 2385 1514 φύσιν

1356 1522 1608 1573 χαρίσασθαι
1590 1536 1785 1569 ουνησεται.

1408 1819 1510 1870 Εἶδες
1538 1825 1716 1864 Δεσπότου
1749 1826 1972 1878 φιλοτιμίαν,
2001 1826 2150 1875 Ἐπειδὴ
2173 1827 2242 1881 γὰρ
2270 1822 2386 1875 εἶπεν,

1356 1885 1568 1937 Ἀπολύομαι
1583 1887 1724 1930 ἄτεκνος
1736 1916 1745 1932 ,
1766 1887 1827 1924 καὶ
1842 1887 1969 1926 ὡσανεὶ
1985 1888 2067 1939 περὶ
2084 1888 2190 1932 αὐτὰς
2211 1893 2270 1927 τοῦ
2289 1890 2387 1927 θανᾶ-

1354 1962 1413 1985 του
1433 1946 1493 1990 τὰς
1516 1947 1619 2000 θύρας
1633 1947 1832 2000 τυγχάνων,
1852 1948 1911 1986 καὶ
1939 1950 2002 1986 οὐκ
2029 1947 2080 1986 ἔτι
2099 1951 2221 1989 λοιπὸν
2240 1951 2385 2002 ἐνεργῆ-

1355 2024 1413 2046 σαι
1433 2008 1620 2059 δυνάμενος
1656 2009 1741 2060 πρὸς
1775 2009 2020 2057 παιδοποιίαν,
2042 2009 2132 2048 οὕτω
2167 2010 2212 2049 τὰ
2244 2010 2387 2063 ῥήματα

1355 2070 1469 2106 ἐκεῖνα
1506 2069 1689 2121 προήκατο
1714 2069 1848 2119 λέγων,
1881 2069 1933 2107 ὅτι
1964 2070 2034 2109 ἱ’Ὁ
2066 2071 2137 2114 υἱὸς
2167 2071 2295 2109 Μασὲκ
2326 2075 2387 2118 τῆς

1354 2131 1547 2179 οἷκογενοῦς
1568 2144 1632 2179 μου
1654 2129 1911 2179 κληρονομήσει
1932 2145 1987 2180 με.
2007 2130 2076 2168 Διὰ
2101 2135 2203 2168 τοῦτο
2233 2133 2387 2176 ἀναστῆ-

1355 2206 1414 2227 σαι
1431 2191 1533 2227 αὐτοῦ
1555 2189 1761 2238 βουλόμενος
1775 2188 1814 2226 τὸ
1830 2189 1992 2241 φρόνημα
2004 2218 2013 2235 ,
2033 2190 2093 2228 καὶ
2112 2190 2313 2240 ἀκμάζοντα
2327 2191 2385 2229 τὸν

1354 2250 1520 2300 λογισμὸν
1543 2249 1775 2302 ἐργάσασθαι,
1797 2250 1856 2286 καὶ
1877 2255 1937 2288 τοῦ
1957 2250 2052 2294 δέους
2083 2251 2187 2289 αὐτὸν
2204 2251 2386 2289 ἀπαλλάτ-

1355 2326 1407 2348 τει
1426 2316 1485 2349 τοῦ
1501 2310 1720 2359 ἐπικειμένου
1732 2341 1742 2357 ,
1758 2311 1817 2348 καὶ
1833 2315 1875 2362 τῇ
1899 2311 2088 2362 ὑποσχέσει
2116 2313 2253 2363 ἀνορθοῑ
2282 2314 2386 2349 αὐτοῦ

1355 2371 1416 2417 τὴν
1435 2371 1601 2418 διάνοιαν,
1618 2371 1677 2409 καὶ
1695 2374 1743 2423 τῷ
1763 2371 1898 2422 μεγέθει
1919 2375 1981 2417 τῆς
1999 2373 2145 2423 δωρεᾶς,
2162 2371 2286 2424 καὶτῷ
2302 2375 2386 2410 ὑπο-

1357 2431 1464 2475 δεῖξαι
1493 2434 1562 2468 τῶν
1594 2431 1748 2482 ἀστέρων
1769 2431 1807 2468 τὸ
1827 2433 1983 2479 πλῆθος,
2019 2432 2078 2470 καὶ
2113 2432 2226 2479 ἐξίσης
2254 2432 2386 2470 τούτων

1357 2492 1629 2544 επαγγείλασθαι
1648 2492 1854 2542 γενήσεσθαι
1873 2492 1951 2536 τοὺς
1969 2491 2208 2543 τικτομένους,
2229 2495 2276 2535 εἷς
2294 2509 2384 2544 χρη-

1357 2553 1439 2597 στὰς
1461 2554 1592 2604 ἤγαγεν
1613 2553 1714 2591 αὐτὸν
1736 2553 1889 2597 ἐλπίδας.
1908 2553 2024 2607 Ὁρῶν
2040 2553 2107 2605 γὰρ
2126 2558 2185 2591 τοῧ
2207 2553 2385 2592 Δεσπότου

1356 2614 1419 2661 τὴν
1456 2614 1665 2665 ἐπαγγελίαν
1678 2644 1687 2661 ,
1725 2614 1784 2651 καὶ
1823 2614 1939 2652 πάντα
1971 2613 2184 2666 ἀνθρώπινον
2220 2615 2386 2664 λογισμὸν

1357 2675 1648 2724 ἀποσεισάμενος,
1663 2675 1722 2711 καὶ
1737 2673 1814 2712 οὔτε
1831 2675 1915 2726 πρὸς
1933 2675 2053 2713 ἑαυτὸν
2076 2674 2156 2712 ἰδὼν
2169 2703 2179 2721 ,
2199 2674 2277 2712 οὔτε
2304 2675 2387 2727 πρὸς

1356 2735 1420 2782 τὴν
1437 2735 1554 2787 Σάραν
1576 2734 1719 2772 πλείονα
1739 2735 1931 2785 κωλύματα
1956 2736 2122 2787 ἔχουσαν,
2142 2736 2232 2773 ἀλλὰ
2252 2736 2297 2773 τὰ
2326 2739 2387 2774 ἀν·-

1357 2795 1513 2847 θρώπινα
1524 2795 1638 2832 πάντα
1653 2794 1806 2847 ὑπερὸὰς
1821 2826 1830 2843 ,
1851 2795 1911 2833 καὶ
1931 2795 2029 2838 εἰδὼς
2043 2796 2096 2833 ὅτι
2115 2797 2256 2839 δυνατὸς
2270 2800 2287 2834 ὁ
2300 2797 2388 2838 Θεὸς

1359 2858 1418 2895 καὶ
1437 2857 1481 2895 τὰ
1506 2856 1591 2908 ὑπὲρ
1609 2856 1710 2908 φύσιν
1733 2856 1975 2910 δωρήσασθαι,
1996 2857 2167 2910 ἐθάρρησε
2192 2862 2264 2900 τοῖς
2291 2859 2389 2909 εἰρη-

1360 2917 1494 2967 μένοις,
1515 2917 1573 2955 καὶ
1607 2917 1771 2968 οὐδεμίαν
1802 2917 2013 2970 ἀμφιὸολίαν
2035 2917 2192 2964 ἐδέξατο,
2219 2917 2295 2956 οὐδὲ
2322 2917 2389 2956 ἐδί·

1357 2994 1463 3016 στασε
1484 2978 1570 3029 πρὸς
1588 2978 1633 3016 τὰ
1658 2979 1817 3031 ῥηθέντα.
1839 2981 1954 3017 Τοῦτο
1975 2979 2042 3030 γὰρ
2061 2981 2198 3025 ἀληθῶς
2217 2978 2366 3022 πίστεως
2379 3009 2388 3025 ,

1356 3038 1437 3076 ὅταν
1460 3039 1508 3089 μὴ
1532 3039 1622 3077 κατὰ
1651 3040 1870 3092 ἀνθρωπίνην
1894 3039 2098 3078 ἀκολουθίαν
2118 3039 2301 3090 γινομένης
2327 3043 2391 3086 τῆς

1382 3151 1479 3175 runt:
1497 3156 1591 3176 secus
1608 3144 1661 3176 alii
1678 3157 1810 3183 omnes,
1834 3156 1975 3187 quorum
1994 3144 2388 3189 quidamsiliumpmcn—

1379 3197 1515 3232 r‹1l‹›r',15
1547 3195 1599 3227 alii
1615 3196 1739 3240 silium
1767 3197 1974 3239 pocillator-ts
1991 3222 1997 3235 ‚
2025 3195 2079 3227 atii
2093 3196 2216 3239 ῘιΙιιιηι
2241 3198 2391 3240 prasicu'

379 3256 391 3268 ··
416 3256 458 3275 ι)
456 3249 511 3281 ιὸς
527 3248 628 3277 3125}ae
644 3252 695 3281 τῆς
711 3250 770 3277 vim
761 3261 804 3286 7-
810 3247 1077 3288 202„11021'1l11‹s
1094 3248 1347 3278 maseato-mm.-
1380 3248 1494 3277 domm
1521 3247 1830 3280 vertunt.Vide'1n
1860 3247 2015 3290 ltozxnptis
2042 3247 2180 3287 uostris,
2197 3256 2229 3302 <t
2252 3250 2284 3281 in
2310 3256 2388 3280 nota

337 3296 422 3326 r¹llltt
447 3307 539 3329 maa*
562 3296 639 3326 §lira
665 3294 716 3325 Ιιίι·
734 3297 1045 3337 iutwipretatiouum
1073 3298 1269 3331 dixe-istuis:
1290 3300 1346 3331 Se-

337 3355 510 3390 tttttgtltlt
531 3347 1130 3392 inu-rpr-‹ivslm-1101n‹111›r0·p=ium
1152 3354 1232 3383 ἰῐκσέ
1237 3365 1250 3382 κ
1269 3349 1346 3382 ‹›‘:-ss‹

1383 3297 1516 3331 iliidemn
