2516 3791
813 224 872 254 on
912 222 1032 252 ΛΝΝΑ
1067 218 1216 251 εηιιΜο
1252 218 1314 248 iv.
2005 203 2096 249 85⁷,

47 316 101 356 δία
115 345 125 364 ,
143 314 202 354 καὶ
219 313 264 353 τὰ
291 312 440 364 δυσχερῆ
462 308 564 348 εὐθέα
591 308 788 355 καθίστησι.
809 306 953 353 Ταύτην
973 305 1032 344 καὶ
1052 307 1072 343 ὃ

45 376 214 432 μακάριος
233 373 343 413 Δαυὶδ
362 370 543 425 κατώρθου
559 386 566 394 ·
588 370 641 409 διὸ
665 371 725 409 καὶ
744 368 878 420 ἔλεγεν·
895 368 1069 412 Ἑπτάκις

44 443 106 487 τῆς
130 438 264 490 ἡμέρας
282 433 398 488 ᾔνησά
419 449 457 473 σε
488 432 546 472 ἐπὶ
567 431 611 470 τὰ
631 431 787 483 κρίματα
812 434 874 478 τῆς
893 428 1071 468 δικαιοσύ-

43 517 104 549 νης
121 515 193 539 σου.
224 499 269 536 Ei.
296 496 331 535 δὲ
355 493 517 547 βασιλεὺς
542 493 630 546 ἀνὴρ
661 493 801 544 μυρίαις
823 490 1072 545 βαπτιζόμενος

44 560 221 617 φροντίσι,
242 558 302 598 καὶ
320 556 538 608 πανταχόθεν
555 554 842 609 περιελκόμενος,
863 551 1073 596 τοσαυτάκις

44 625 106 669 τῆς
125 620 259 674 ἡμέρας
275 618 465 672 παρεκάλει
480 618 537 656 τὸν
554 617 658 661 Θεὸν,
676 616 754 654 τίνα
771 616 810 653 ἂν
828 615 970 668 ἔχοιμεν
987 616 1074 652 ἀπο-

43 682 162 736 λογίαν
178 682 200 728 ἢ
221 679 429 734 συγγνώμην
445 682 565 730 ἡμεῖς,
580 677 752 725 τοσαύτην
767 676 898 730 σχολὴν
914 675 1072 727 ἄγοντες,

44 743 165 795 καὶμὴ
182 746 336 795 συνεχῶς
350 741 452 780 αὐτὸν
464 739 692 786 ἱκετεύοντες,
706 738 766 776 καὶ
782 742 893 775 ταῦτα
910 740 1073 775 τοσοῦτον

45 806 228 858 μέλλοντες
249 807 468 856 καρποῦσθαι
492 800 631 852 κέρδος;
649 798 847 852 Ἀμήχανον
866 798 934 851 γὰρ
950 828 960 845 ,
982 797 1074 848 ἀμή-

43 884 166 921 χανον,
192 867 372 918 ἄνθρωπον
407 863 496 916 μετὰ
526 866 588 909 τῆς
614 859 861 914 προσηκούσης
877 858 1073 912 προθυμίας

46 929 242 982 εὐχόμενον,
255 926 315 965 καὶ
325 927 599 978 παρακαλοῦντα
611 924 669 961 τὸν
680 922 770 962 Θεὸν
783 926 946 975 συνεχῶς,
959 923 1073 975 ἁμαρ-

44 995 115 1029 τεῖν
129 1004 227 1029 ποτε.
250 987 320 1027 Καὶ
335 990 409 1030 πῶς
421 1017 430 1033 ,
445 985 513 1037 ἐγὼ
532 984 637 1037 λέγω.
653 984 698 1023 ‘O
718 984 952 1038 διαθερμάνας
969 983 1074 1021 αὐτοῦ

44 1052 108 1099 τὴν
127 1050 292 1096 διάνοιαν,
311 1048 372 1087 καὶ
385 1047 447 1095 τὴν
462 1047 576 1100 ψυχὴν
598 1046 818 1094 ἀναστήσας,
839 1046 899 1084 καὶ
917 1046 1002 1098 πρὸς
1015 1044 1073 1083 τὸν

43 1113 185 1168 οὐρανὸν
195 1112 312 1151 ἑαυτὸν
324 1110 536 1162 μετοικίσας,
552 1109 611 1148 καὶ
625 1109 716 1148 οὕτω
735 1108 792 1146 τὸν
809 1108 992 1155 Δεσπότην
1014 1107 1072 1146 τὸν

45 1178 169 1214 ἑαυτοῦ
186 1173 353 1220 καλέσας,
374 1172 516 1211 καὶτῶν
537 1170 802 1223 ἁμαρτημάτων
826 1169 1073 1221 ἀναμνησθεὶς,

45 1236 103 1276 καὶ
128 1235 208 1289 περὶ
227 1238 288 1281 τῆς
309 1233 566 1286 συγχωρήσεως
589 1232 720 1270 τούτων
743 1235 838 1284 αὐτῷ
862 1231 1073 1284 διαλεχθεὶς,

44 1297 104 1338 καὶ
118 1296 368 1350 παρακαλέσας
382 1295 486 1333 ἵλεων
506 1294 665 1346 γενέσθαι
684 1293 745 1332 καὶ
763 1294 908 1346 ἥμερον,
925 1294 994 1332 ἀπὸ
1011 1295 1074 1339 τῆς

45 1362 80 1400 ἔν
105 1365 176 1404 τοῖς
210 1358 324 1410 λόγοις
357 1356 488 1400 τούτοις
518 1355 698 1407 διατριὸἧς
725 1362 842 1394 πᾶσαν
872 1354 1074 1393 ἀποτίθεται

46 1421 212 1475 βιωτικὴν
244 1419 428 1473 φροντίδα,
449 1417 509 1456 καὶ
533 1421 742 1471 πτεροῦται,
763 1416 824 1456 καὶ
850 1419 920 1455 τῶν
942 1419 1075 1468 ἀνθρω-

44 1483 153 1523 πίνων
181 1485 300 1521 παθῶν
322 1479 538 1534 ὑψηλότερος
564 1478 719 1531 γίνεται·
753 1479 818 1517 κᾶν
859 1478 981 1531 ἐχθρὸν
1016 1477 1072 1531 ἴδῃ

47 1545 136 1599 μετὰ
158 1545 223 1592 τὴν
250 1543 368 1597 εὐχὴν,
391 1545 453 1581 οὐκ
478 1542 529 1581 ἔτι
551 1544 598 1585 ὡς
620 1542 743 1594 ἐχθρὸν
762 1541 905 1592 ὄψεται·
926 1540 991 1579 κᾶν
1010 1557 1075 1594 γυ-

45 1612 149 1646 ναῖκα
166 1605 350 1658 εὔμορφον,
372 1606 410 1642 οὗ
430 1603 762 1649 κατακλασθήσεται
788 1603 875 1655 πρὸς
897 1601 962 1649 τὴν
983 1603 1073 1655 ὄψιν,

43 1671 104 1706 τοῦ
126 1666 234 1718 πυρὸς
260 1670 320 1704 τοῦ
349 1665 441 1704 κατὰ
472 1664 535 1711 τὴν
567 1663 671 1716 εὐχὴν
697 1664 791 1702 ἔνδον
813 1663 995 1714 μένοντος,
1015 1662 1074 1701 καὶ

44 1728 163 1766 πάντα
184 1729 311 1766 ἄτοπον
337 1727 504 1778 λογισμὸν
525 1726 770 1777 διωθουμένου.
793 1725 886 1763 Ἀλλ’
908 1724 984 1764 ἐπεὶ
1011 1727 1071 1762 ἀν·
1085 1755 1132 1779 737

45 1789 201 1842 θρώπους
216 1789 316 1833 ὄντας
331 1789 421 1831 εἰκὸς
440 1787 500 1826 καὶ
519 1789 568 1831 εἰς
589 1786 759 1839 ρᾳθυμίαν
780 1788 959 1838 ἐμπεσεῖν,
982 1788 1073 1825 ἐπει-

46 1850 108 1889 δὰν
124 1851 280 1903 παρέλθῃ
300 1850 362 1900 μία
379 1850 437 1887 καὶ
457 1849 598 1901 δευτέρα
618 1847 693 1901 ὥρα
708 1847 767 1886 καὶ
783 1848 884 1902 τρίτη
906 1849 993 1900 μετὰ
1009 1848 1072 1895 τὴν

45 1912 165 1965 εὐχὴν,
201 1911 259 1950 καὶ
290 1911 364 1962 ἴδῃς
387 1910 448 1958 τὴν
479 1910 667 1962 γενομένην
687 1925 741 1948 σοι
760 1909 958 1962 Θερμότητα
983 1909 1074 1948 κατὰ

47 1975 169 2027 μικρὸν
193 1976 353 2026 ὑποῤῥεῖν
372 1971 579 2023 μέλλουσαν,
600 1971 711 2025 δράμε
728 1971 867 2023 ταχέως
890 1972 995 2010 πάλιν
1016 1973 1074 2009 ἐπὶ

45 2035 108 2083 τὴν
128 2035 249 2088 εὐχὴν,
277 2035 336 2074 καὶ
354 2032 613 2086 καταψυγεῖσάν
645 2048 705 2071 σου
734 2032 797 2078 τὴν
827 2032 978 2071 διάνοιαν
999 2033 1073 2086 θέρ-

46 2114 165 2151 μανον.
188 2099 260 2137 Κᾶν
282 2101 383 2135 τοῦτο
407 2090 510 2146 ποιῇς
539 2096 595 2134 διὰ
619 2097 734 2142 πάσης
759 2099 821 2143 τῆς
847 2095 982 2148 ἡμέρας
1000 2126 1009 2142 ,
1031 2095 1075 2134 τὰ

46 2159 172 2212 μεταξὺ
193 2159 431 2210 διαλείμματα
453 2161 496 2210 τῇ
517 2156 706 2204 πυκνότητι
723 2160 792 2195 τῶν
809 2160 920 2210 εὐχῶν
939 2158 1076 2211 διαθερ-

47 2222 192 2274 μαίνων,
216 2224 253 2260 οὐ
274 2220 396 2264 δώσεις
420 2223 470 2273 τῷ
499 2219 651 2271 διαὸολῳ
681 2219 841 2272 ἀφορμὴν
863 2219 923 2257 καὶ
943 2219 1073 2258 εἴσοδον

45 2284 138 2323 κατὰ
155 2286 224 2322 τῶν
243 2286 312 2321 σῶν
332 2283 523 2333 λογισμῶν.
542 2280 612 2320 Καὶ
636 2281 721 2332 ὅπερ
749 2280 1074 2334 ἀριστοποιούμενοι

45 2345 106 2384 καὶ
137 2345 248 2383 πίνειν
284 2344 468 2395 μέλλοντες
495 2345 675 2393 ποιοῦμεν,
703 2341 842 2379 ἐπειδὰν
874 2342 1001 2392 ἴδωμεν
1034 2342 1075 2380 τὸ

46 2407 65 2426 *
81 2405 270 2458 θερμανθὲν
288 2405 381 2457 ὕδωρ
407 2403 620 2455 καταψυγὲν,
642 2403 698 2442 ἐπὶ
725 2406 786 2450 τ’ἧς
818 2403 970 2456 ἐσχάρας
990 2402 1075 2442 αὐτὸ

46 2467 185 2518 τίθεμεν
206 2466 326 2512 πάλιν,
355 2465 446 2502 ὥστε
474 2465 767 2517 διαθερμανθῆναι
798 2464 952 2517 ταχέως·
973 2467 1074 2502 τοῦτο

48 2529 108 2567 καὶ
124 2531 270 2567 ἐνταῦθα
288 2530 458 2577 ποιῶμεν,
473 2525 532 2564 καὶ
550 2526 710 2577 καθάπερ
729 2528 782 2565 ἐπ’
800 2526 994 2579 ἀνθράκων,
1012 2527 1074 2571 τῆς

47 2593 152 2643 εὐχῆς
164 2620 174 2636 ,
190 2589 338 2632 τιθέντες
350 2591 451 2639 ἡμῶν
468 2588 506 2626 τὸ
520 2587 635 2638 στόμα
649 2617 659 2633 ,
679 2588 769 2627 οὕτω
785 2587 890 2626 πάλιν
911 2587 1074 2626 ἀνάπτω-

49 2667 111 2702 μεν
128 2654 229 2702 ἡμῶν
249 2650 312 2698 τὴν
336 2650 488 2688 διάνοιαν
509 2651 556 2693 εἷς
576 2648 769 2696 εὐλάὸειαν,
797 2649 857 2687 καὶ
883 2648 1074 2700 μιμώμεθα

45 2711 124 2756 τοὺς
140 2712 351 2762 οἰκοδόμους.
377 2710 446 2750 Καὶ
463 2710 531 2763 γὰρ
551 2713 676 2751 ἐκεῖνοι
706 2710 867 2754 πλίνθους
889 2710 1075 2762 μέλλοντες

49 2774 254 2823 οἰκοδομεῖν,
274 2772 331 2811 διὰ
360 2774 400 2811 τὸ
428 2776 491 2819 τῆς
521 2772 606 2820 ὕλης
637 2772 761 2825 σαθρὸν
789 2771 899 2817 ξύλοις
928 2777 1074 2824 μακροῖς

49 2834 304 2887 ἀποσοίγγουσι
328 2834 391 2880 τὴν
421 2833 624 2886 οἰκοδομὴν,
655 2834 715 2872 καὶ
743 2834 820 2874 οὐδὲ
855 2833 913 2873 διὰ
943 2836 1074 2872 πολλοῦ

47 2900 147 2934 τοῦτο
165 2897 304 2933 ποιοῦσι
322 2899 381 2933 τοῦ
409 2895 663 2946 διαστήματος,
694 2896 785 2935 ἀλλὰ
805 2897 848 2934 δι’
867 2895 1002 2948 ὀλίγου,
1017 2895 1074 2934 ἵνα

48 2960 92 3009 τῇ
121 2956 312 3003 πυκνότητι
340 2959 409 2994 τῶν
430 2955 538 3000 ξύλων
564 2956 693 2995 τούτων
725 2957 986 3011 ἀσφαλεστέραν
1010 2957 1073 3004 τὴν

49 3018 222 3064 συνθήκην
256 3019 324 3055 τῶν
352 3016 504 3055 πλίνθων
536 3016 764 3069 ἐργάσωνται.
789 3019 905 3058 Τοῦτο
935 3019 995 3057 καὶ
1031 3017 1073 3056 σὺ

48 3077 206 3125 ποίησον,
225 3077 284 3115 καὶ
303 3077 365 3121 τὰς
386 3076 552 3129 βιωτικὰς
569 3077 708 3130 πράξεις
735 3079 893 3126 ἁπάσας,
914 3079 1074 3131 καθάπερ

49 3139 285 3192 ’ἱμαντώσεσί
304 3155 375 3179 τισι
395 3139 515 3187 ξύλων,
535 3141 578 3191 τῇ
599 3139 761 3194 συνεχείᾳ
778 3144 846 3179 τῶν
863 3144 974 3194 εὐχῶν
996 3143 1074 3180 δια-

1139 301 1274 351 facilia,
1296 310 1330 339 et
1354 315 1400 340 ex
1424 300 1594 339 tortuosis
1612 309 1718 339 recta.
1740 300 1841 339 Hanc
1861 301 1985 339 beatus
2003 317 2096 353 quo-

1139 377 1208 415 quc
1242 362 1364 401 David
1391 361 1608 411 adhibebat;
1640 362 1721 400 ideo
1755 362 1897 401 dicebat
1922 363 2097 415 :Septies
2114 380 2201 408 psat,
2231 379 2298 409 ΗΒ,

1141 427 1182 462 in
1195 426 1259 463 die
1275 425 1439 463 laudavi
1454 424 1821 476 tepropterjudicia
1830 426 1994 475 justitioe
2013 434 2098 462 tute.
2118 420 2186 460 ’δί-

1096 497 1119 527 1)
1141 486 1248 532 Quod
1267 486 1296 524 si
1314 499 1392 535 rex,
1415 486 1565 523 infinitis
1588 485 1682 523 curis
1698 485 1900 535 immersus,
1920 494 1952 523 et
1973 486 2007 523 in
2028 495 2102 524 tam

1140 548 1241 586 varia
1263 547 1466 595 distractus,
1483 547 1584 585 toties
1602 547 1634 585 in
1651 547 1710 585 dic
1729 547 1941 600 precabatur
1959 549 2075 585 Deum
2092 563 2100 584 :

1140 624 1247 662 quam
1261 609 1503 647 defensionem
1519 618 1580 647 aut
1600 609 1741 647 veniam
1762 609 1892 647 babere
1906 609 2102 662 poterimus

1143 686 1220 715 nos,
1235 671 1297 723 qui
1321 671 1466 709 intanto
1485 671 1557 709 otio
1579 671 1758 722 degimus,
1777 685 1841 708 nec
1858 680 1974 708 tamen
1996 671 2101 708 illum

1141 732 1283 771 assidue
1301 746 1461 782 oramus,
1484 732 1590 784 idque
1619 747 1700 770 cum
1723 731 1806 769 inde
1825 741 1944 770 tantus
1963 733 2102 770 fruetus

1141 794 1188 832 sit
1214 794 1316 832 nobis
1338 794 1606 847 proventurus?
1636 793 1862 846 Impossibile
1892 794 2001 840 enim,
2027 794 2096 831 im-

1141 856 1312 908 possibile
1339 865 1404 906 cst,
1426 856 1588 907 inquam,
1613 855 1794 893 bominem
1815 869 1885 906 qua
1911 855 2010 893 decet
2029 856 2103 894 ala-

1141 918 1267 956 critate
1299 926 1511 970 precantem,
1533 926 1567 955 ct
1598 917 1740 955 assidue
1772 918 1887 954 Deum
1923 926 2099 965 orantem,

1142 993 1312 1030 umquam
1339 978 1374 1016 in
1403 987 1588 1032 peccatum
1610 978 1777 1017 incidere.
1793 978 1836 1016 Id
1865 992 1934 1030 qua
1965 979 2103 1017 ratione

1142 1041 1218 1087 fiat,
1233 1041 1310 1094 jam
1319 1040 1481 1079 dicturus
1497 1055 1587 1079 sum.
1607 1041 1680 1088 Qui
1697 1049 1851 1078 mentem
1868 1054 1969 1078 suam
1983 1055 2103 1078 accen·

1140 1102 1210 1152 dit,
1227 1111 1260 1140 et
1275 1102 1433 1141 animam
1452 1103 1565 1140 erexit
1586 1112 1690 1154 atque
1709 1102 1755 1141 ad
1777 1102 1925 1140 caelcstia
1947 1112 2104 1141 transtu·

1097 1176 1121 1205 E
1142 1164 1199 1211 lit,
1215 1173 1248 1201 et
1265 1164 1312 1201 ita
1330 1164 1527 1202 Dominum
1542 1178 1647 1201 snum
1664 1164 1861 1209 invocavit,
1880 1163 2105 1215 peccatisque

1143 1225 1178 1262 in
1199 1225 1410 1263 memoriam
1427 1224 1652 1273 reductis,de
1666 1239 1788 1262 eorum
1804 1224 2009 1261 remissione
2023 1237 2106 1261 cum

1142 1286 1206 1324 illo
1233 1286 1464 1337 colloquutus
1491 1295 1562 1333 est,
1593 1286 1779 1323 obsecrans
1804 1294 1843 1322 ut
1872 1285 2034 1337 placatus
2065 1299 2107 1322 ac

1142 1347 1320 1400 propitius
1340 1347 1410 1385 sibi
1427 1360 1501 1384 esse
1520 1345 1701 1397 dignetur,
1717 1345 1746 1383 is
1767 1354 1845 1397 post
1862 1345 1949 1383 tales
1968 1345 2106 1383 oratio-

1143 1422 1203 1446 nes
1236 1422 1378 1446 omnem
1417 1407 1600 1461 praesentis
1621 1406 1705 1445 vitae
1736 1420 1860 1444 curam
1887 1407 2024 1458 abjicit,
2045 1421 2108 1459 spe

1147 1469 1312 1521 erigitur,
1330 1483 1371 1507 ac
1409 1483 1516 1522 supra
1547 1482 1670 1507 omnes
1701 1468 1876 1506 humanas
1905 1468 2110 1506 affectiones

1148 1531 1350 1582 extollitur3
1375 1540 1409 1569 ct
1435 1531 1510 1569 sive
1537 1530 1725 1569 inimicum
1760 1539 1838 1583 post
1869 1530 2110 1582 precationem

1147 1592 1290 1641 viderit,
1307 1593 1384 1644 jam
1415 1606 1484 1630 non
1511 1602 1696 1643 tamquam
1717 1591 1903 1629 inimicum
1927 1592 2073 1644 aspiciet
2097 1608 2105 1629 :

1149 1653 1225 1691 sive
1238 1653 1424 1692 mulierem
1444 1654 1651 1701 formosam,
1666 1653 1743 1704 ejus
1755 1662 1900 1704 aspectu
1921 1666 1989 1691 non
2005 1653 2108 1690 fran-

1149 1724 1262 1767 getur,
1275 1715 1427 1752 durante
1437 1715 1556 1752 adhuc
1575 1715 1658 1766 igne
1676 1728 1740 1767 per
1754 1714 1994 1766 precationem
2014 1715 2110 1752 intus

1097 1794 1123 1822 Α
1148 1790 1293 1814 accenso
1317 1785 1349 1814 et
1368 1790 1508 1814 omnem
1542 1774 1738 1813 absurdam
1767 1775 2018 1826 cogitationem
2042 1775 2111 1813 de-

1147 1838 1311 1890 pellente.
1329 1837 1400 1876 Sed
1420 1837 1591 1888 quoniam
1614 1836 1777 1874 homines
1806 1850 1886 1874 cum
1914 1837 2038 1885 simus,
2055 1837 2111 1874 sa-

1154 1899 1222 1938 cile
1235 1898 1280 1937 ad
1296 1899 1484 1952 segnitiem
1500 1898 1712 1947 relabimur,
1724 1907 1848 1935 exacta
1867 1912 1937 1935 una
1954 1898 2111 1936 alterave

1147 1970 1209 1999 aut
1235 1961 1339 2000 tertia
1365 1970 1445 2014 post
1472 1960 1712 2013 precationem
1742 1959 1845 2009 hora,
1869 1959 1932 1997 ubi
1961 1959 2109 1997 senseris

1147 2023 1341 2076 pristinum
1362 2023 1466 2061 illum
1497 2023 1674 2060 fervorem
1701 2021 1879 2074 paulatim
1905 2021 2107 2073 frigescere,

1147 2099 1289 2124 recurre
1310 2084 1523 2136 quantocius
1547 2082 1593 2121 ad
1621 2097 1766 2136 preces,
1796 2083 2111 2134 frigescentemque

1147 2156 1301 2185 mentem
1333 2160 1456 2184 rursus
1488 2143 1650 2182 accende.
1670 2143 1715 2181 Id
1741 2143 1771 2181 si
1800 2157 1864 2195 per
1883 2152 1994 2181 totam
2012 2141 2111 2180 diem

1146 2210 1284 2258 feceris,
1305 2223 1367 2262 per
1392 2207 1581 2246 intervalla
1614 2205 1748 2244 crebris
1778 2204 2043 2258 precationibus
2076 2212 2111 2241 te

1147 2271 1267 2324 ipsum
1288 2269 1499 2318 accendens,
1517 2282 1588 2306 non
1602 2267 1706 2305 dabis
1729 2267 1950 2305 occasionem
1964 2265 2110 2304 diabolo

1146 2341 1207 2370 aut
1242 2333 1357 2370 ullum
1397 2330 1443 2369 ad
1481 2339 1559 2368 tuas
1604 2329 1834 2381 cogitationes
1874 2327 2029 2366 aditum.
2063 2327 2110 2365 Et

1146 2391 1453 2445 quemadmodum
1468 2391 1503 2429 in
1523 2390 1732 2444 apparando
1745 2389 1909 2443 prandio,
1921 2403 2003 2428 cum
2024 2397 2109 2441 potu

1147 2469 1236 2508 opus
1252 2464 1316 2503 est,
1335 2455 1362 2493 si
1385 2467 1477 2505 aqua
1501 2452 1618 2492 calida
1637 2453 1815 2504 frigescat,
1837 2451 1886 2490 ad
1903 2451 2024 2489 focum
2041 2450 2108 2488 ad·
2125 2439 2243 2507 ἑὶίἳξΧο,
2272 2478 2316 2506 sa-

2154 2395 2315 2434 Compara-

2227 2448 2317 2476 pran-

1147 2526 1282 2555 motam
1297 2515 1523 2555 calefacimus
1544 2530 1552 2551 :
1574 2514 1622 2551 ita
1642 2523 1675 2551 et
1695 2513 1755 2551 hic
1774 2512 1976 2550 faciendum
1991 2521 2056 2560 est,
2077 2521 2110 2549 et
2125 2521 2200 2548 luis.

1098 2593 1121 2623 Β
1147 2593 1186 2617 os
1206 2587 1369 2616 nostrum
1390 2576 1436 2614 ad
1459 2575 1682 2628 precationes
1702 2574 1803 2625 quasi
1823 2573 1870 2611 ad
1889 2587 2023 2626 prunas
2041 2572 2108 2611 ad-

1148 2639 1378 2687 movendum,
1393 2647 1433 2675 ut
1451 2638 1520 2675 hoc
1539 2645 1641 2689 pacto
1661 2650 1760 2674 mens
1775 2635 1821 2673 ad
1845 2635 2014 2688 pietatem
2030 2649 2110 2673 rur-

1148 2716 1228 2741 sum
1246 2698 1472 2739 accendatur.
1486 2698 1675 2736 Imitemur
1694 2697 1801 2735 etiam
1820 2696 1941 2734 fabros
1959 2710 2110 2735 ezemen-

1148 2764 1256 2802 tarios
1280 2778 1287 2798 :
1310 2762 1350 2800 hi
1369 2761 1464 2800 enim
1484 2761 1622 2812 quotics
1641 2758 1817 2797 lateritius
1835 2758 1954 2811 paries
1976 2758 2112 2796 exaedi-

1148 2823 1311 2863 ficandus
1324 2832 1388 2871 est,
1404 2823 1450 2860 ob
1467 2821 1698 2873 fragilitatem
1714 2819 1871 2858 materiae
1894 2833 1976 2857 eum
1996 2819 2114 2872 longis

1148 2886 1254 2937 lignis
1269 2885 1460 2935 stringunt,
1478 2882 1585 2934 idque
1605 2896 1673 2920 non
1695 2895 1758 2934 per
1777 2881 1882 2932 longa
1900 2881 2108 2927 interstitia,

1149 2946 1209 2986 sed
1235 2961 1298 2999 per
1318 2945 1472 2993 modica,
1493 2953 1530 2982 ut
1554 2957 1742 2996 compages
1762 2942 1914 2980 laterum
1937 2943 2048 2980 tutior
2067 2943 2112 2980 sit

1148 3008 1195 3047 ob
1213 3008 1392 3059 lignorum
1413 3005 1663 3057 frequentiam.
1682 3004 1782 3042 Idem
1803 3003 1880 3056 ipse
1893 3018 2035 3055 quoque
2054 3005 2112 3043 fa-

1149 3070 1231 3117 cito,
1256 3078 1289 3108 et
1308 3069 1399 3107 sicut
1421 3068 1473 3106 illi
1494 3066 1730 3119 ligaminibus
1750 3065 1895 3117 ligneis,
1918 3065 1966 3103 ita
1990 3075 2027 3103 tu
2051 3080 2112 3103 ste-

1150 3130 1331 3169 cularibus
1356 3129 1509 3182 negotiis
1537 3127 1757 3181 precationes
1779 3127 1924 3165 crebras
1957 3127 2112 3178 interpo-

96 3245 112 3261 ⁴
136 3244 259 3278 Calidae
275 3256 367 3288 aquae
385 3253 500 3287 potum
519 3244 552 3276 iu
568 3243 718 3277 Sabbato
735 3253 901 3278 memorat.
915 3246 1065 3279 Justinus
1098 3244 1156 3277 sed
1171 3244 1272 3277 etium
1287 3242 1439 3286 exemplo
1456 3242 1604 3286 quodam
1621 3252 1661 3274 cx
1679 3239 1852 3274 ruderibus
1867 3241 1971 3283 petito
1988 3238 2111 3270 confir-

54 3295 139 3329 Dial.
157 3308 234 3329 cum
250 3296 431 3341 Tryphone
450 3310 481 3340 p.
499 3297 578 3339 2-163
595 3305 784 3329 memorant
799 3305 832 3330 et
844 3297 920 3339 alii;
939 3296 994 3331 hic
1006 3310 1065 3330 au-
1099 3298 1264 3329 max-imus
1279 3297 1310 3328 iu
1329 3294 1414 3327 libro
1431 3295 1647 3337 Antiquitatis
1664 3292 1897 3336 explanatione
1915 3299 1946 3322 et
1963 3288 2115 3321 schema-

56 3355 122 3380 tem
140 3346 181 3380 de
197 3347 394 3391 quotidiano
413 3361 469 3381 usu
487 3349 624 3383 dicitur.

136 3400 217 3441 Reg.
238 3406 396 3443 ἱμάντωτὶν
409 3417 474 3436 τινα
494 3406 588 3442 ξύλον.
609 3403 690 3443 Quae
707 3403 774 3435 sint
792 3407 967 3446 ὶμαυτὼσεις
983 3403 1069 3436 mul-

57 3451 98 3484 tis
111 3449 369 3494 explanavimus,
379 3461 411 3486 et
425 3465 491 3486 uon
510 3454 702 3487 testimonio
717 3461 848 3486 tantum
863 3455 1070 3498 Hieronymi,

1101 3349 1189 3381 tibus
1209 3346 1390 3388 illustratae,
1412 3347 1511 3380 Tom.
1532 3347 1564 3385 3,
1583 3359 1615 3389 p.
1638 3347 1720 3385 3-10,
1734 3356 1817 3387 qum,
1844 3344 1876 3375 ni
1894 3341 2007 3383 fallor,
2027 3340 2113 3373 lectu

1104 3401 1204 3445 digna
1223 3408 1313 3433 sunt.
