2433 3775
785 215 828 245 ΙΝ
864 215 964 245 CAP-
1008 214 1035 242 Ι.

123 302 284 353 τείναμεν
302 303 398 353 ὑμῶν
415 300 476 347 τὴν
489 299 640 339 διάνοιαν
656 305 726 344 τοῖς
740 299 960 351 λεπτοτέροις
978 297 1147 349 νοήμασι·

124 364 177 403 διὸ
193 363 364 418 προσήκει
385 363 491 415 μέχρι
508 361 628 400 τούτου
649 364 776 408 στῆσαι
791 361 848 400 τὸν
868 359 983 411 λόγον,
1004 358 1148 411 ι’παρα-

103 424 341 467 καλέσαντας
367 426 465 474 ὑμῶν
493 422 556 470 τὴν
585 422 724 474 ἀγάπην
745 425 942 473 μεμνῆσθαι
970 423 1038 459 τῶν
1059 422 1152 473 εἰρη-

127 485 254 537 μένων,
269 486 329 524 καλ,
353 485 406 524 ἀεὶ
420 485 551 523 τούτων
565 483 704 523 ἔναυλον
726 483 818 537 ἔχειν
835 484 899 530 τὴν
919 483 1074 535 μνήμην,
1095 482 1154 520 καὶ

129 548 219 599 μετὰ
240 550 303 594 τ’ῆς
322 549 488 595 αἷσθητῆς
505 547 696 600 τραπέζης,
724 546 865 586 ἐπειδὰν
885 548 1038 584 ἐντεῦθεν
1062 544 1153 589 ἐξέλ-

128 613 212 657 θητε
225 640 235 657 ,
250 609 460 662 παρατίθετε
472 609 530 647 καὶ
545 608 609 657 τὴν
624 607 865 660 πνευματικὴν
880 605 1066 659 τράπεζαν.
1087 605 1155 643 Καὶ

129 671 259 723 λεγέτω
292 670 355 722 μέν
388 687 465 709 τινα
492 673 561 708 τῶν
587 672 733 708 ἐνταῦθα
765 667 958 721 λεχθέντων
995 670 1012 705 6
1044 666 1153 719 ἀνήρ·

130 732 287 771 ἀκουέτω
307 732 342 770 δὲ
361 736 382 779 ἡ
402 732 508 783 γυνὴ,
530 730 798 782 μανθανέτωσαν
822 729 857 768 δὲ
884 728 943 767 καὶ
963 730 994 766 οἱ
1011 728 1131 770 παῖδες
1145 757 1154 774 ‚

133 793 413 832 διδασκέσθωσαν
448 791 482 830 δὲ
523 791 583 830 καὶ
617 795 648 829 οἱ
689 791 837 838 οἰκέται,
886 789 946 828 καὶ
988 787 1157 835 ἐκκλησία

131 853 251 892 λοιπὸν
288 853 437 905 γενέσθω
466 857 487 899 ἡ
525 851 634 899 οἷκία,
676 851 732 889 ἵνα
769 850 1005 903 φυγαδεύηται
1044 849 1106 900 μὲν
1142 851 1160 886 6

132 914 291 958 διάδολος
319 915 378 952 καὶ
406 912 600 967 δραπετεύῃ
623 917 641 951 6
664 912 812 966 πονηρὸς
846 912 980 962 δαίμων
1014 912 1160 958 ἐκεῖνος,

134 976 194 1016 καὶ
227 976 348 1029 ἐχθρὸς
390 978 452 1022 τῆς
487 974 661 1027 σωτηρίας
698 978 760 1021 τῆς
796 974 971 1025 ἡμετέρας
984 989 991 996 ·
1033 974 1161 1011 ἐπανα-

134 1036 291 1084 παύηται
322 1036 357 1076 δὲ
388 1037 504 1076 αὐτόθι
531 1040 553 1083 ἡ
583 1041 643 1075 τοῦ
671 1036 770 1088 ἁγίου
798 1035 1006 1087 Πνεύματος
1037 1034 1161 1087 χάρις,

134 1098 195 1136 καὶ
227 1105 324 1137 πᾶσα
361 1099 479 1151 εἰρήνη
516 1099 576 1136 καὶ
609 1097 753 1149 ὁμόνοια
786 1096 1050 1150 οπεριστοιχίζῃ
1084 1093 1163 1138 τοὺς

136 1162 362 1204 ἐνοικοῦντας.
384 1159 470 1199 Ἐὰν
501 1159 567 1212 γὰρ
595 1162 663 1198 τῶν
694 1160 761 1207 ἤδη
793 1160 960 1213 πρότερον
992 1158 1162 1212 ῥηθέντων

140 1222 402 1273 μνημονεύητε,
436 1223 495 1261 καὶ
524 1222 568 1260 τὰ
607 1221 695 1273 μετὰ
724 1225 836 1260 ταῦτα
871 1220 1165 1272 καταὸαλλόμενα

139 1283 396 1336 προθυμότερον
416 1283 556 1331 δέξησθε
568 1313 577 1330 ,
595 1284 655 1322 καὶ
674 1286 773 1333 ἡμεῖς
797 1282 886 1334 μετὰ
901 1282 1059 1326 πλείονος
1077 1281 1166 1328 ἀϊῆς

139 1345 333 1398 προθυμίας
350 1345 409 1383 καὶ
429 1348 492 1392 τῆς
511 1344 691 1396 δαψιλείας
714 1346 858 1395 ἐροῦμεν
874 1344 918 1382 τὰ
941 1343 1010 1382 ὑπὸ
1028 1346 1090 1390 τῆς
1105 1345 1165 1381 τοῦ

138 1407 233 1444 Θεοῦ
253 1405 397 1457 χάριτος
417 1405 680 1458 χορηγούμενα,
703 1404 843 1443 ἐπειδὰν
866 1404 994 1456 ἴδωμεν
1010 1407 1080 1443 τῶν
1099 1404 1166 1451 ἤδη

142 1466 431 1515 καταὸληθέντων
454 1467 516 1514 τὴν
534 1467 701 1520 βλάστην.
717 1466 821 1505 Ἐπεὶ
841 1465 901 1505 καὶ
914 1465 1065 1518 γηπόνος
1085 1465 1167 1505 ὅταν

142 1529 198 1581 ἴδῃ
222 1528 268 1568 τὰ
295 1528 483 1582 σπέρματα
502 1527 678 1582 φυόμενα,
700 1527 789 1580 μετὰ
807 1529 942 1574 πολλῆς
959 1530 1023 1575 τῆς
1046 1530 1170 1580 προθυ-

142 1591 225 1642 μίας
240 1593 464 1644 περισκοπῶν
482 1590 544 1635 τὰς
560 1589 711 1644 ἀρούρας
723 1621 732 1638 ,
753 1589 900 1642 ἑτοίμως
913 1590 974 1628 καὶ
993 1589 1095 1642 ἔτερα
1115 1605 1175 1628 κα-

141 1653 330 1692 ταὸάλλειν
351 1651 538 1704 ἐπείγεται.

197 1714 260 1752 Ἵν’
278 1707 336 1752 οὖν
363 1713 640 1768 προθυμοτέρους
659 1717 754 1766 ἡμᾶς
772 1714 984 1769 ἐργάσησθε,
1009 1714 1079 1752 τῶν
1105 1714 1172 1762 ἤδη

143 1776 314 1829 ῥηθέντων
333 1777 472 1828 ἀσφαλῆ
487 1775 550 1822 τὴν
569 1775 726 1828 φυλακὴν
745 1776 980 1825 ἐπιδείξασθε,
1005 1776 1064 1815 καὶ
1084 1776 1174 1828 μετὰ

144 1841 213 1876 τῶν
241 1839 351 1890 ὀρθῶν
380 1837 565 1889 δογμάτων
592 1837 672 1889 περὶ
700 1837 762 1884 τὴν
789 1841 848 1876 τοῦ
869 1837 943 1889 βίου
970 1837 1173 1888 ἐπιμέλειαν

145 1898 279 1946 πολλὴν
295 1898 486 1945 ποιήσασθε
499 1898 563 1945 τὴν
579 1898 744 1945 σπουδήν.
763 1899 950 1951 Λαμψάτω
963 1899 1030 1951 γὰρ
1043 1929 1053 1947 ,
1068 1898 1153 1951 φησὶ
1165 1928 1174 1946 ,

147 1960 187 1998 τὸ
206 1963 278 2012 φῶς
293 1961 390 2010 ὑμῶν
414 1959 608 2012 ἔμπροσθεν
633 1963 701 1998 τῶν
735 1959 940 2014 ἀνθρώπων,
961 1959 1055 2004 ὅπως
1076 1960 1176 1998 ἴδωσι

148 2022 192 2059 τὰ
218 2020 310 2059 καλὰ
331 2021 416 2074 ἔργα
438 2023 548 2072 ὑμῶν,
572 2020 632 2059 καὶ
647 2020 817 2065 δοξάσωσι
836 2022 893 2060 τὸν
915 2022 1060 2074 Πατέρα
1079 2024 1175 2072 ὑμῶν

148 2084 207 2122 τὸν
238 2084 273 2120 ἐν
305 2089 375 2126 τοῖς
407 2084 580 2135 οὐρανοῖς·
604 2082 660 2120 ἵνα
686 2082 746 2120 καὶ
770 2085 788 2120 6
813 2082 885 2134 βίος
913 2086 1082 2135 συμφωνῇ
1106 2087 1178 2125 τοῖς

150 2144 322 2195 δόγμασι,
342 2143 401 2181 καὶ
426 2143 470 2182 τὰ
497 2143 656 2195 δόγματα
675 2141 830 2195 κηρύττῃ
850 2143 908 2182 τὸν
935 2144 1024 2195 βίον.
1052 2142 1180 2188 Πίστις

149 2205 217 2258 γὰρ
241 2205 350 2257 χωρὶς
368 2204 477 2257 ἔργων
498 2204 604 2256 νεκρά
619 2205 707 2252 ἐστι,
727 2205 786 2243 καὶ
804 2204 888 2259 ἔργα
908 2204 1017 2258 χωρὶς
1029 2204 1180 2248 πίστεως

151 2266 257 2318 νεκρά
276 2269 364 2305 ἐστι.
387 2266 464 2304 Κᾶν
489 2265 558 2319 γὰρ
579 2265 740 2317 δόγματα
756 2265 892 2318 ἔχωμεν
922 2269 1025 2319 ὑγιῆ,
1048 2267 1123 2319 βίου
1145 2265 1181 2304 δὲ

153 2330 353 2379 ἀμελῶμεν,
373 2326 469 2366 οὐδὲν
501 2330 586 2378 ἡμῖν
618 2328 740 2380 ὄφελος
765 2327 865 2367 ἔσται
882 2331 952 2367 τῶν
975 2328 1180 2380 δογμάτων·

151 2389 257 2428 πάλιν
279 2389 319 2428 ἂν
337 2389 412 2441 βίου
436 2389 499 2441 μὲν
519 2389 770 2441 ἐπιμελώμεθα
782 2420 792 2438 ,
809 2390 890 2443 περὶ
906 2390 951 2430 τὰ
973 2390 1132 2442 δόγματα
1147 2390 1182 2429 δὲ

152 2451 378 2504 χωλεύωμεν,
413 2451 488 2490 οὐδὲ
521 2451 629 2495 οὕτως
654 2451 752 2490 ἔσται
780 2469 815 2490 τι
846 2452 967 2505 κέρδος
991 2455 1090 2505 ἡμῖν.
1121 2452 1185 2491 Διὸ

153 2513 325 2567 προσήκει
344 2513 557 2565 ἑκατέρωθεν
581 2516 667 2564 ἡμῖν
683 2514 746 2561 τὴν
765 2513 952 2566 οἰκοδομὴν
973 2514 1101 2563 ταύτην
1121 2514 1184 2562 τὴν

155 2574 394 2626 πνευματικὴν
414 2575 679 2628 συνιεσφίγήθαι·
701 2576 779 2620 Πᾶς
790 2575 872 2629 γὰρ,
884 2576 1001 2629 φησὶν,
1017 2580 1034 2615 6
1051 2575 1186 2615 ἀκούων

159 2651 224 2686 μου
244 2636 322 2681 τοὺς
340 2636 462 2687 λόγους
482 2635 630 2691 τούτους>
646 2635 706 2674 καὶ
722 2639 831 2675 ποιῶν
847 2636 968 2681 αὐτοὺς
980 2665 989 2683 ,
1010 2638 1186 2684 ὁμοιωθή-

159 2713 257 2736 σεται
273 2697 372 2749 ἀνδρὶ
387 2696 556 2750 φρονίμῳ.
573 2696 668 2751 ‘'Opot
680 2700 756 2741 πῶς
771 2700 808 2736 οὐ
825 2697 928 2749 μόνον
945 2698 1081 2738 ἀκούειν
1095 2702 1189 2749 ἡμᾶς

163 2759 337 2810 βούλεται,
358 2759 449 2798 ἀλλὰ
467 2759 527 2797 καὶ
549 2764 673 2804 ποιεῖν,
690 2759 750 2796 καὶ
766 2758 824 2798 διὰ
843 2763 912 2798 τῶν
929 2758 1039 2813 ἔργων
1059 2759 1188 2798 ἐπιδεί-

159 2824 305 2859 κνυσθαι
332 2819 397 2866 τὴν
417 2819 590 2868 ὑπακοὴν,
610 2819 669 2857 καὶ
684 2824 803 2858 τοῦτον
826 2819 889 2871 μὲν
914 2820 1079 2874 φρόνιμον
1102 2821 1189 2859 ἐκά-

160 2883 240 2920 λεσε
253 2909 262 2927 ,
277 2881 336 2920 τὸν
356 2880 401 2919 τὰ
425 2881 510 2933 ἔργα
526 2887 597 2924 τοῖς
612 2881 726 2933 λόγοις
746 2880 920 2920 ἀκόλουθα
947 2881 1192 2933 ἐπιδεικνύμε-

163 2957 234 2987 νον,
263 2942 321 2980 τὸν
346 2942 381 2980 δὲ
402 2942 509 2994 μέχρι
527 2944 596 2980 τῶν
617 2942 730 2994 λόγων
745 2941 945 2993 ἱστάμενον,
967 2943 1083 2997 μωρὸν
1109 2943 1191 2981 ὠνό-

167 3018 299 3054 μασεν·
331 3003 482 3047 εἰκότως.
509 3003 555 3043 Ὁ
585 3003 654 3057 γὰρ
685 3007 853 3051 τοιοῦτος,
888 3004 1007 3056 φησὶν,
1041 3004 1100 3043 ἐπὶ
1130 3004 1194 3051 τὴν

211 3128 227 3153 ¹³
250 3126 345 3170 Regii
367 3130 648 3172 παρακαλέσαντες,
676 3134 710 3159 et.
736 3125 784 3158 sic
807 3125 918 3170 posuit
943 3126 1106 3169 savinus,
1123 3127 1180 3170 qui

167 3178 254 3219 lianc
266 3186 382 3211 notam
400 3178 519 3211 habet:
534 3180 679 3212 «Omnes
695 3191 779 3223 quos
792 3179 994 3221 inspeximus
1006 3177 1084 3212 libri
1100 3190 1181 3211 con-

169 3231 334 3272 sentiunt,
351 3231 454 3263 etiam
475 3232 570 3275 Regii
596 3233 748 3266 Lutetiae.
779 3232 1017 3265 Grammaticae
1045 3229 1180 3274 quidem

171 3284 256 3317 ratio
279 3283 426 3326 postulat
443 3289 733 3330 παρακαλῇς-παρ
760 3282 816 3317 sed
840 3291 892 3316 tot
917 3285 1039 3326 passim
1065 3295 1183 3316 occur-

172 3342 250 3366 runt
265 3336 299 3366 ‘iu
310 3334 374 3368 hoc
390 3335 587 3378 politissimo
601 3336 764 3380 scriptore
774 3361 783 3379 ‚
795 3337 828 3368 in
840 3334 906 3368 boc
917 3334 1051 3378 quidem
1066 3347 1202 3381 genere·

195 3389 385 3431 ςο>οιιορανῆ
396 3412 404 3426 ,
419 3395 456 3419 ut
469 3387 549 3420 nihii
578 3398 695 3422 contra
715 3387 876 3421 librorum
892 3398 1089 3421 consensum
1107 3389 1186 3420 inno

338 3453 432 3477 ΤΟΜ.
466 3454 519 3477 iv.

1075 211 1236 242 enisus.
1278 210 1432 239 nomi„
1453 191 1457 194 ⁴
1476 210 1518 238 ιι.

2122 215 2129 239 ¹
2148 214 2168 255 7

1223 301 1376 332 mentem
1389 301 1545 331 vestr-‘nn
1564 291 1813 330 subtilioribus
1829 292 2008 329 sententiis
2024 294 2173 330 ιιίιιιιιιιιι

1176 371 1201 400 D
1221 354 1390 394 torsimus
1401 369 1413 405 5
1445 353 1524 392 ideo
1549 353 1608 392 hic
1636 366 1832 391 sermonem
1866 353 1988 391 sistere
2020 368 2082 404 par
2115 364 2162 390 (nst

1227 417 1407 468 Rogamus
1419 424 1537 454 autem
1554 414 1734 453 caritatem
1751 423 1904 451 vesti-ani
1916 444 1925 461 ‚
1947 422 1986 451 ιιι
2001 413 2175 450 dictorum

1225 477 1303 515 sitis
1318 491 1508 525 memores,
1523 485 1557 514 et
1573 489 1711 528 semper
1730 475 1805 512 lia-c
1824 474 1994 512 memoria
2011 474 2154 511 teneatis
2172 490 2177 509 z

1224 547 1331 590 atquc
1352 554 1418 576 una
1433 552 1513 575 cuni
1534 537 1692 575 sensibili
1714 550 1830 574 mensa
1845 566 1855 585 ‚
1875 550 1957 573 euin
1982 535 2063 573 hinc
2085 535 2180 572 aliie—

1226 599 1325 649 ritis,
1351 600 1519 652 apponite
1551 608 1584 636 et
1618 598 1839 652 spiritualem
1875 611 2044 635 mensam.
2080 597 2182 633 Dicat

1227 660 1284 698 vir
1310 660 1428 711 aliqua
1459 675 1605 709 eorum,
1634 674 1712 710 qua:
1741 673 1835 696 nunc
1861 658 1920 695 liic
1948 667 2030 696 sunt
2055 657 2149 695 dieta
2173 673 2179 692 :

1226 721 1348 759 audiat
1369 721 1512 770 mulier,
1527 721 1666 758 discant
1683 720 1798 772 pueri,
1815 719 1953 757 discant
1966 728 1999 757 ct
2013 718 2183 756 domesti—

1229 781 1259 818 ci
1272 811 1282 830 ‚
1301 782 1433 832 fiatque
1465 782 1592 820 domus
1621 781 1765 819 eeclesia
1779 810 1789 828 ,
1808 790 1845 817 ιιι
1863 781 2040 831 effugetur
2058 779 2183 817 diabo-

1231 842 1308 891 lus,
1329 843 1364 880 in
1397 843 1521 895 sugam
1552 850 1712 880 vertatur
1744 842 1859 879 nialus
1890 841 1950 878 ille
1977 840 2131 886 damon,
2152 850 2185 878 et

1232 903 1400 942 inimicus
1428 903 1553 941 salutis
1585 912 1711 940 nostra:
1734 919 1742 939 :
1763 902 1959 953 requiescat
1992 911 2109 939 autem
2137 902 2186 939 ibi

1233 965 1392 1018 Spiritus
1407 965 1515 1003 sancti
1531 964 1643 1016 gratia
1658 994 1666 1010 ‚
1687 973 1720 1002 et
1735 964 1850 1002 omnis
1867 977 1937 1015 pax
1953 972 1986 1000 et
2000 963 2187 1000 eoncordia

1234 1027 1373 1065 muniat
1391 1026 1643 1064 inhabitantes.
1660 1026 1750 1063 Nam
1771 1025 1800 1063 si
1819 1038 1941 1063 eorum
1956 1024 2117 1076 quaejam
2133 1023 2189 1060 di-

1187 1106 1211 1136 Ε
1235 1097 1290 1127 cta
1307 1097 1410 1137 sunt,
1431 1101 1605 1126 memores
1623 1086 1762 1125 fueritis
1775 1117 1785 1136 ,
1801 1095 1835 1124 et
1851 1086 1984 1138 majore
2003 1085 2121 1123 studio
2138 1099 2189 1129 ca,

1236 1163 1314 1202 quae
1346 1149 1496 1202 posthac
1528 1147 1738 1187 seminaturi
1774 1162 1915 1197 sumus,
1949 1146 2191 1199 susceperitis,

1236 1225 1299 1249 nos
1321 1224 1464 1261 quoque
1490 1210 1617 1262 majori
1636 1208 1756 1247 studio
1777 1218 1883 1259 atque
1904 1208 2065 1246 ubertate
2090 1207 2190 1246 dice-

1238 1287 1317 1311 mus
1337 1286 1416 1324 quae
1435 1272 1540 1310 nobis
1558 1270 1803 1324 suppeditabit
1836 1270 1950 1323 gratia
1971 1269 2054 1320 Dei,
2072 1270 2101 1306 si
2118 1283 2195 1321 ger-

1239 1334 1376 1373 minare
1406 1333 1606 1374 viderimus
1633 1346 1672 1371 ea
1700 1347 1779 1383 quae
1809 1345 1902 1370 nunc
1927 1345 1947 1369 a
1976 1331 2078 1369 nobis
2102 1330 2197 1369 dicta

1240 1404 1333 1434 sunt.
1367 1394 1671 1446 Quandoquidem
1705 1402 1740 1432 et
1765 1393 1923 1445 agricola
1951 1385 2033 1430 cum
2064 1391 2197 1431 viderit

1193 1498 1226 1523 Β
1243 1457 1376 1496 semina
1399 1456 1494 1495 nasei
1508 1487 1519 1507 ,
1535 1456 1670 1509 majore
1690 1455 1872 1493 alacritate
1891 1469 1978 1492 arva
1999 1453 2198 1493 considerat

1199 1513 1225 1564 A
1244 1528 1277 1558 et
1296 1518 1446 1570 excolit,
1463 1527 1568 1570 atque
1584 1518 1653 1555 alia
1673 1531 1784 1555 serere
1803 1516 1917 1569 gestit.

1301 1713 1336 1751 5.
1367 1713 1418 1750 Ut
1432 1711 1543 1764 igitur
1559 1710 1749 1750 alacriores
1768 1723 1833 1748 nos
1851 1708 2010 1748 reddatis
2023 1739 2033 1759 ,
2050 1710 2127 1762 jam
2148 1708 2202 1746 di-

1246 1783 1387 1813 ctorum
1413 1784 1547 1813 certam
1568 1773 1768 1812 custodiam
1796 1773 2052 1821 demonstrate,
2069 1781 2104 1810 et
2124 1786 2206 1810 eum

1245 1845 1347 1874 rectae
1378 1835 1465 1873 fidei
1498 1835 1729 1886 dogmatibus
1750 1834 1862 1872 vitam
1879 1847 2022 1884 quoque
2053 1842 2207 1872 vestram

1246 1896 1437 1948 diligenter
1457 1905 1588 1934 curate.
1606 1897 1753 1933 Luceat
1772 1894 1879 1938 enim,
1899 1893 2037 1944 inquit,
2056 1895 2124 1932 lux
2137 1908 2204 1932 ve·
2215 1899 2331 1930 Mau'v.

1247 1967 1331 1996 stra
1345 1971 1478 1995 coram
1497 1958 1731 2003 hominibus,
1750 1964 1791 1994 ut
1817 1956 1980 1993 videant
2007 1969 2123 2007 opera
2138 1969 2207 1993 ve-

1248 2028 1331 2058 stra
1343 2021 1458 2065 hona,
1479 2027 1513 2056 et
1524 2018 1745 2071 glorificent
1758 2019 1921 2055 Patrem
1939 2025 2127 2063 vestrum,
2142 2019 2209 2068 qui

1248 2082 1291 2117 in
1319 2080 1425 2118 ecelis
1450 2087 1507 2117 est
1525 2094 1536 2114 :
1554 2087 1593 2116 ut
1613 2087 1648 2116 et
1663 2078 1738 2116 vita
1763 2085 1929 2115 consonet
1949 2076 2037 2115 fidei
2061 2076 2210 2128 dogma-

2220 1950 2267 1970 10.

2350 1897 2379 1926 5.

1250 2141 1346 2179 tibus
1359 2170 1371 2191 ‚
1387 2149 1422 2178 et
1437 2138 1607 2191 dogmata
1623 2137 1816 2191 praedicent
1840 2137 1964 2177 vitam.
1982 2138 2100 2176 Fides
2117 2137 2210 2175 enirn
2221 2148 2293 2177 Jac.
2310 2156 2336 2177 2·
2358 2143 2409 2173 26.

1250 2205 1334 2241 sine
1360 2203 1538 2255 operibus
1563 2209 1719 2238 mortua
1745 2208 1815 2247 est,
1845 2208 1878 2237 et
1909 2213 2017 2251 opera
2041 2199 2117 2237 sine
2141 2199 2214 2237 fide

1206 2271 1229 2300 B
1251 2272 1393 2301 mortua
1409 2270 1503 2300 sunt.
1523 2261 1616 2300 Nam
1631 2260 1713 2299 licet
1731 2274 1856 2298 sanam
1876 2269 2059 2298 teneamus
2079 2259 2213 2298 doctri-

1253 2339 1357 2374 nam,
1381 2324 1411 2362 si
1430 2314 1544 2362 vitam
1562 2322 1802 2374 negligamus,
1821 2322 1912 2359 nihil
1931 2321 2035 2360 nobis
2059 2321 2217 2374 proderit

1253 2385 1420 2426 doctrina
1453 2400 1460 2421 :
1492 2398 1635 2431 rursus,
1670 2383 1700 2421 si
1734 2383 1817 2421 vitae
1848 2386 1971 2421 euram
2005 2382 2217 2434 diligentem

1256 2447 1469 2499 gesserimus
1483 2476 1492 2494 ,
1519 2445 1556 2483 in
1578 2444 1665 2483 fidei
1684 2453 1804 2482 autem
1826 2443 1968 2496 placitis
1992 2444 2217 2482 claudicave-

1256 2509 1392 2559 rimus,
1413 2521 1526 2558 neque
1548 2506 1598 2545 sic
1618 2505 1721 2544 nobis
1739 2504 1877 2556 aliquid
1893 2505 1983 2542 lueri
1999 2505 2115 2543 suerit.
2135 2505 2220 2542 Ideo

1259 2565 1425 2609 convenit
1451 2568 1619 2619 utrinque
1637 2567 1831 2605 aedificium
1860 2566 1928 2603 hoe
1955 2575 2114 2604 nostrum
2144 2565 2218 2618 spi-

1261 2632 1389 2670 rituale
1418 2628 1631 2669 communiri
1660 2643 1667 2665 z
1693 2630 1830 2666 Omnis
1852 2626 1962 2676 enim,
1994 2626 2124 2677 inquit,
2153 2628 2345 2679 quiMauh.
2366 2644 2395 2672 7.

1262 2695 1373 2731 audit
1395 2694 1464 2730 hos
1485 2703 1679 2729 sermones
1710 2703 1826 2734 meos,
1853 2696 1890 2726 et
1909 2690 2009 2740 jacit
2025 2701 2102 2735 eos,
2122 2692 2220 2727 assi-
2233 2679 2283 2717 ²4·

1263 2757 1467 2795 milabitur
1490 2754 1578 2789 viro
1605 2751 1799 2803 prudenti.
1815 2748 1911 2789 Vide
1942 2749 2122 2800 quomodo
2151 2765 2221 2789 non

1265 2819 1383 2857 solum
1401 2814 1525 2854 audire
1546 2828 1609 2852 nos
1626 2812 1728 2861 velit,
1744 2811 1807 2849 sed
1826 2811 1933 2849 etiam
1954 2811 2068 2850 faeere
2090 2822 2123 2850 et
2138 2802 2223 2865 ope-

1267 2880 1367 2918 ribus
1394 2875 1632 2916 obedientiam
1659 2872 1828 2912 exhibere
1854 2889 1862 2910 :
1890 2873 1986 2911 hune
2011 2873 2224 2926 prudentem

1268 2939 1427 2987 vocavit,
1454 2937 1517 2988 qui
1537 2935 1704 2988 operibus
1728 2948 1904 2973 sermones
1926 2935 2226 2985 subsequentibus

1219 3013 1243 3043 C
1269 3000 1482 3053 conspicuus
1510 2998 1554 3036 sit
1580 3012 1588 3033 :
1611 2995 1672 3048 qui
1695 3009 1779 3034 vero
1809 3004 1948 3035 tantum
1975 2994 2022 3033 ad
2049 3009 2226 3034 sermones

1217 3123 1362 3158 tandum
1381 3131 1567 3155 censeam.»
1583 3122 1622 3152 At
1634 3117 1749 3152 Morel.
1766 3126 1799 3160 et
1817 3117 1946 3162 aliquot
1962 3120 2040 3151 Mss.
2055 3125 2229 3165 παρακαλε-

1218 3193 1324 3215 nvn,-
1352 3175 1489 3208 halent.
1505 3172 1513 3217 1
1531 3173 1608 3204 Mox
1634 3171 1737 3205 Savil.
1763 3172 1798 3204 in
1827 3179 1919 3204 testu
1945 3177 2180 3216 παρατιθεςᾶκι,
2199 3174 2230 3203 iu

1217 3242 1322 3270 marg.
1339 3226 1554 3274 παρατίθετε.]

1262 3291 1272 3301 ⁶
1289 3280 1392 3314 San-il.
1412 3283 1633 3324 περιστοιχίζῃ,
1653 3275 1708 3309 alii
1725 3281 1999 3322 περιστοιχίξηται,
2017 3285 2048 3308 et
2066 3276 2112 3308 sic
2132 3275 2231 3309 habet

1219 3334 1333 3367 Murci.

1255 3389 1259 3405 ¹
1278 3385 1331 3419 Sir
1351 3383 1452 3417 San-il.
1475 3384 1512 3415 ln
1531 3381 1603 3415 aliis
1623 3391 1674 3419 τῖς
1691 3386 1859 3425 πέρ’)θκιιίας
1876 3380 1978 3412 deest.

2025 3434 2044 3445 ,-

2036 3450 2046 3470 )
