2433 3775
778 158 824 189 lx
859 158 960 188 (ΞΗ).
1003 157 1031 186 l.

109 255 127 290 6
145 249 293 304 πονηρὸς
312 247 448 300 δαίμων
471 243 599 290 ἐκεῖνος
625 243 684 283 καὶ
701 242 821 296 ἐχθρὸς
843 243 905 288 τῆς
921 240 1052 294 φύσεως
1070 243 1132 288 τῆς

1071 156 1096 185 (1
1103 157 1128 186 13
1135 156 1215 186 >elis
1225 177 1233 186 .

1274 158 1434 189 nomn.
1476 158 1504 188 1.
2134 164 2156 204 7

1206 248 1322 289 ratus,
1342 240 1389 277 ad
1417 249 1569 278 mortem
1599 239 1853 278 condemnatus
1883 249 1945 279 est.
1981 241 2159 288 Quoniam

107 310 281 365 ἡμετέρας
296 310 358 357 τὴν
379 311 412 349 ἐν
432 311 483 361 τῷ
502 305 706 361 παραδείσῳ
722 303 898 356 διαγωγὴν
922 306 982 342 τοῦ
997 317 1132 355 πρωτο-
1157 314 1180 345 Β
1206 300 1301 339 enim
1318 301 1568 354 malignusillc
1577 299 1759 339 daemonet
1772 300 1881 338 nostri
1896 302 2032 351 generis
2047 302 2161 339 iuimi-

107 372 276 419 πλάστου,
296 370 355 409 καὶ
376 370 434 409 τὸν
452 367 697 421 ἀταλαίπωρον
719 365 792 418 βίον
821 367 970 415 ἐκεῖνον,
988 364 1048 404 καὶ
1066 363 1133 412 ὅτι,

107 433 266 486 καθάπερ
288 432 444 485 ἄγγελος,
459 429 550 470 οὕτω
567 429 707 480 σώματι
726 425 1036 479 συμπεπλεγμένος
1055 426 1132 472 διῆ-

107 511 164 546 γεν
185 493 242 532 ἐπὶ
261 495 323 540 τῆς
341 496 404 545 γῆς
417 520 427 538 ,
448 490 654 543 βουλόμενος
683 489 784 528 αὐτὸν
812 487 1044 527 ὑποσκελίσαι
1073 487 1133 527 καὶ

108 555 321 594 καταῧαλεῖν
342 553 456 592 ἐλπίδι
480 552 646 605 μειζόνων
670 551 911 604 ὑποσχέσεων,
931 549 990 588 καὶ
1010 552 1079 587 τῶν
1099 549 1133 587 ἐν

109 617 230 670 χερσὶν
251 614 406 660 ἐξέὸαλε.
433 614 608 653 Τοσοῦτόν
629 614 703 652 ἐστι
721 613 761 652 τὸ
780 611 829 664 μὴ
851 610 965 664 μένειν
986 609 1044 648 ἐπὶ
1066 612 1133 647 τῶν

109 677 246 716 οἰκείων
266 678 367 729 ὅρων,
384 675 475 715 ἀλλὰ
492 679 560 714 τῶν
578 674 742 726 μειζόνων
760 672 929 725 ἐφίεσθαι.
949 671 1018 709 Καὶ
1035 674 1136 709 τοῦτο

110 740 194 778 αὐτὸ
213 739 327 785 δηλῶν
347 736 450 789 σοφός
468 753 519 780 τις
540 735 637 786 ἔλεγε
656 750 663 758 ·
683 734 812 785 Φθόνῳ
831 732 866 771 δὲ
887 731 1049 771 διαὸόλου
1068 732 1133 770 θά-

108 815 208 843 νατος
226 801 385 846 εἰσῆλθεν
405 799 453 841 εἷς
471 797 528 835 τὸν
557 796 700 847 κόσμον.
718 789 819 838 Εἶδες
833 823 843 840 ,
868 792 1044 846 ἀγαπητὲ,
1062 795 1137 836 πῶς

107 863 147 899 ἐκ
180 859 372 912 προοιμίων
402 858 436 903 ἐξ
464 857 662 910 ἀδηφαγίας
691 859 708 895 6
741 855 884 900 θάνατος
912 855 975 903 τὴν
1006 854 1136 894 εἴσοδον

107 922 228 974 ἔσχεν,
251 919 384 959 Σκόπει
414 918 449 958 δὲ
479 917 582 957 πάλιν
615 917 674 956 καὶ
701 916 790 968 μετὰ
815 919 927 955 ταῦτα
952 916 1016 964 τὴν
1042 915 1135 954 θείαν

108 984 138 1021 Γ
140 982 249 1035 ραφὴν
268 986 528 1035 κατηγοροῦσαν
552 982 706 1032 συνεχῶς
732 982 795 1027 τ’ῆς
823 981 976 1032 τρυφῆς,
996 978 1056 1018 καὶ
1081 977 1138 1015 λέ-

107 1060 235 1097 γουσαν
251 1044 335 1083 ποτὲ
356 1043 431 1094 μὲν,
453 1042 640 1082 Ἐκάθισεν
660 1045 678 1080 6
696 1041 778 1086 λαὸς
793 1047 927 1095 φαγεῖν,
945 1040 1004 1079 καὶ
1028 1046 1136 1087 πιεῖν,

108 1107 167 1146 καὶ
192 1107 388 1152 ἀνέστησαν
403 1104 550 1150 παίζειν·
568 1104 692 1144 ἄλλοτε
716 1102 775 1153 δὲ,
797 1102 1024 1156 Ἔφαγε,κα“ι
1044 1102 1139 1150 ἔπιε,

108 1176 169 1215 καὶ
203 1175 393 1222 ἕλιπάνθη,
423 1174 484 1212 καὶ
519 1173 697 1226 ἐπαχύνθη
710 1203 719 1220 ,
756 1172 816 1210 καὶ
857 1171 1092 1211 ἀπελάκτισεν
1123 1175 1140 1210 6

109 1237 349 1290 ἡγαπημένος.
369 1236 441 1275 Καὶ
455 1238 484 1275 οἱ
500 1235 543 1274 τὰ
559 1234 702 1286 Σόδομα
719 1234 754 1273 δὲ
778 1236 951 1277 οἰκοῦντες
969 1233 1058 1284 μετὰ
1071 1235 1139 1271 τῶν

110 1299 225 1337 ἄλλων
252 1301 371 1336 κακῶν
393 1300 545 1335 ἐντεῦθεν
564 1296 628 1342 τὴν
655 1295 896 1348 ἀπαραίτητον
923 1294 1029 1347 ὀργὴν
1050 1294 1141 1333 ἐκεί-

109 1375 169 1406 νην
189 1358 447 1396 ἐπεσπάσαντο.
473 1356 638 1395 Ἄκουσον
659 1356 724 1409 γὰρ
745 1360 806 1394 τοῦ
825 1355 1004 1408 προφήτου
1021 1355 1138 1408 λε’γον-

108 1436 164 1464 τος
176 1436 183 1443 ·
202 1419 218 1439 ¹’
228 1421 344 1458 Τοῦτο
362 1418 402 1456 τὸ
419 1417 587 1470 ἀνόμημα
607 1418 775 1469 Σοδόμων
787 1448 797 1467 ,
821 1417 874 1458 ὅτι
894 1419 929 1455 ἐν
953 1419 1140 1468 πλησμονῇ

110 1483 224 1535 ἄρτων
253 1481 474 1520 ε’σπατοίλων.
502 1480 672 1533 Καθάπερ
692 1478 760 1533 γὰρ
786 1479 883 1531 πηγή
902 1495 954 1523 τις
980 1477 1041 1517 καὶ
1065 1477 1142 1533 ῥίζα

110 1544 274 1596 τυγχάνει
296 1545 364 1582 τῶν
386 1545 506 1582 κακῶν
527 1542 706 1581 ἁπάντων.

165 1783 267 1834 Εἶδες
286 1791 348 1836 τῆς
375 1789 572 1842 ἀδηφαγίας
590 1789 653 1837 τὴν
686 1789 841 1841 βλάὸην;
864 1788 962 1841 Ὅρα
991 1804 1051 1839 μοι
1079 1787 1146 1826 πά-

113 1853 168 1889 λιν
207 1855 268 1898 τῆς
312 1851 473 1897 νηστείας
511 1856 526 1876 ‘³
551 1851 596 1890 τὰ
640 1851 910 1902 κατορθώματα.
959 1848 1146 1901 Τεσσαροὶ-

114 1929 220 1952 κοντα
245 1916 386 1965 ἡμερῶν
410 1912 573 1960 νηστείαν
601 1912 860 1963 ἐπιδειξάμενος
883 1915 902 1951 6
922 1911 1031 1963 μέγας
1061 1912 1147 1949 Μω-

116 1977 269 2020 σῆς,τῆς
293 1973 496 2024 νομοθεσίας
512 1973 573 2017 τὰς
594 1973 733 2017 πλάκας
752 1973 873 2012 λαὸεῖν
894 1973 1048 2020 ἠδυνήθη
1066 1987 1073 1995 ·
1089 1971 1148 2010 καὶ

116 2035 235 2082 ἐπειδὴ
268 2034 444 2073 κατελθὼν
464 2029 533 2072 εἶδε
551 2040 611 2073 τοῦ
638 2037 723 2074 λαοῦ
754 2035 818 2081 τὴν
848 2032 1090 2086 παρανομίαν,
1108 2033 1148 2075 ἃς

117 2096 206 2147 μετὰ
225 2096 397 2143 τοσαύτης
421 2095 628 2150 προσεδρίας
647 2095 767 2134 λαὸεῖν
786 2096 919 2148 ἴσχυσε,
941 2094 1070 2138 ταύτας
1091 2094 1146 2147 ῥί-

115 2160 181 2210 ψας
207 2155 430 2204 συνέκλασεν,
457 2157 586 2195 ἄτοπον
607 2150 696 2195 εἶναι
714 2157 956 2208 λογισάμενος,
979 2155 1148 2207 μεθύοντα

116 2219 198 2257 λαὸν
226 2218 285 2256 καὶ
310 2222 582 2270 παρανομοῦντα
607 2218 812 2269 νομοθεσίαν
836 2217 1018 2257 Δεσπότου
1045 2217 1147 2262 δέξα-

116 2284 207 2318 σθαι.
237 2279 301 2318 Διὸ
335 2280 394 2317 καὶ
423 2279 550 2332 ἑτέρων
578 2280 684 2319 πάλιν
715 2280 979 2332 τεσσαράκοντα
1006 2282 1148 2332 ἡμερῶν

116 2341 276 2388 νηστείας
301 2341 423 2388 ἐδεήθη
450 2343 468 2379 ὁ
499 2342 692 2393 θαυμάσιος
712 2344 840 2386 ἐκεῖνος
869 2341 1064 2394 προφήτης,
1093 2340 1149 2379 ἵνα

119 2403 245 2454 δυνηθῇ
263 2401 325 2446 τὰς
345 2402 402 2440 διὰ
421 2401 485 2449 τὴν
509 2403 734 2456 παρανομίαν
759 2404 871 2442 αὐτῶν
888 2402 1151 2459 ἀσυντριὸείσας

118 2463 256 2507 πλάκας
279 2464 386 2502 πάλιν
415 2463 545 2502 ἄνωθεν
573 2463 757 2515 δεξάμενος
776 2471 1009 2519 κατενεγκεῖν.
1037 2464 1108 2503 Καὶ
1134 2466 1151 2501 ὁ

121 2524 229 2576 μέγας
260 2524 296 2563 δὲ
314 2523 439 2568 ἸΙλίας
465 2524 639 2563 τοσούτων
658 2529 800 2578 ἡμερῶν
820 2526 984 2574 νηστείαν
1013 2525 1147 2564 ἐπεδεί-

122 2585 224 2632 ξατο,
244 2586 304 2624 καὶ
330 2585 391 2633 τὴν
414 2591 475 2626 τοῦ
501 2587 648 2625 θανάτου
669 2587 856 2640 τυραννίδα
883 2588 1072 2641 διαφυγὼν,
1092 2587 1152 2626 καὶ

123 2647 212 2699 μετὰ
243 2647 385 2700 πυρίνου
406 2648 563 2700 ἅρματος
590 2652 638 2693 ὡς
665 2651 713 2692 εἷς
740 2650 798 2689 τὸν
818 2651 959 2703 οὐρανὸν
985 2648 1152 2697 ἀνελθὼν,

123 2709 182 2750 καὶ
202 2708 338 2747 οὐδέπω
358 2709 417 2747 καὶ
435 2709 588 2762 τήμερον
611 2711 760 2750 θανάτου
781 2716 904 2763 πεῖραν
927 2711 1060 2750 λαὸών.
1084 2710 1152 2749 Καὶ

122 2773 141 2808 6
166 2768 255 2821 ἀνὴρ
283 2769 318 2808 δὲ
334 2772 403 2808 τῶν
431 2773 635 2822 ἐπιθυμιῶν,
661 2773 799 2810 πολλῶν
823 2775 964 2824 ἡμερῶν
991 2772 1152 2820 νηστείαν

123 2830 399 2881 ἐπιδειξάμενος,
420 2831 528 2876 οὕτως
552 2832 684 2881 ἠξιώθη
712 2837 775 2881 τῆς
801 2837 1004 2885 θαυμαστῆς
1023 2833 1155 2879 ἐκείνης

125 2891 295 2935 ὀπτασίας
308 2920 318 2937 ,
337 2892 372 2935 ὃς
391 2893 451 2931 καὶ
470 2897 539 2932 τῶν
563 2895 710 2935 λεόντων
737 2895 795 2934 τὸν
824 2896 932 2944 θυμὸν
949 2896 1156 2948 ἐχαλίνωσε,

126 2951 185 2990 καὶ
221 2954 270 2995 εἰς
297 2953 483 3004 προὸἄτων
517 2956 721 3007 ἡμερότητα
760 2957 986 3007 μετέστησεν,
1022 2959 1060 2996 οὗ
1092 2956 1156 3005 τὴν

126 3012 225 3064 φύσιν
250 3013 458 3064 μεταὸαλὼν
471 3043 480 3060 ,
500 3016 591 3056 ἀλλὰ
610 3019 672 3063 τῆς
695 3017 882 3070 θηριωδίας
905 3018 1075 3071 μενούσης
1093 3017 1157 3068 τὴν

126 3074 328 3126 προαίρεσιν
348 3076 512 3128 ἀμείψας.
530 3076 654 3130 Ταύτῃ
681 3079 740 3117 καὶ
769 3081 801 3118 Ν
807 3086 948 3118 ινευῖται
965 3079 1154 3133 χρησάμε-

126 3151 179 3173 νοι
203 3135 267 3182 τὴν
290 3136 465 3189 ἀπόφασιν
485 3139 740 3180 ἀνεκαλέσαντο
757 3144 818 3179 τοῦ
839 3140 1038 3190 Δεσπότου,
1066 3141 1156 3192 μετὰ

129 3198 197 3234 τῶν
214 3198 405 3251 ἀνθρώπων
425 3199 485 3238 καὶ
504 3199 544 3238 τὸ
567 3204 636 3240 τῶν
659 3202 794 3254 ἀλόγων
815 3202 913 3255 γένος
929 3203 1061 3251 ταύτην
1075 3204 1156 3241 ἐπι-

176 3309 192 3332 b
208 3309 288 3352 neg.
307 3322 389 3344 unus
406 3320 494 3348 τοῦτο
511 3320 568 3360 γὰρ
586 3322 630 3349 τό.

180 3370 191 3382 Γ
210 3360 286 3404 Reg-
304 3369 436 3402 νηάτεὶας
453 3370 486 3399 τὸ
502 3371 697 3412 κατόρθωμα.

1170 1857 1194 1886 D

1176 2528 1198 2557 E

1184 3110 1200 3133 5

1206 376 1269 400 cus
1289 361 1383 402 vidit
1401 363 1559 415 primum
1578 371 1761 416 parentem
1779 362 1814 400 iu
1834 361 2000 414 paradiso
2019 378 2162 401 versan-

1207 433 1290 473 tem,
1310 424 1491 476 vitamque
1512 423 1612 462 illam
1640 423 1790 462 miseriae
1810 432 2010 476 expertem,
2030 432 2063 461 et
2082 438 2160 461 euiu

1205 485 1268 537 qui
1285 485 1444 539 corporis
1459 486 1510 524 sic
1525 499 1685 524 annexus
1700 493 1786 533 erat,
1800 493 1983 536 tamquam
1996 484 2161 536 angelum

1207 561 1313 600 super
1332 556 1462 586 terram
1481 561 1597 599 agere,
1620 547 1743 586 volens
1763 545 1868 584 illum
1887 546 2115 598 supplantare
2131 555 2164 584 et

1206 608 1359 661 dejicere
1371 609 1589 662 ampliorum
1604 608 1852 647 remissionum
1862 622 1935 661 spe,
1944 608 2006 646 illu
2013 622 2048 646 m
2059 607 2165 646 etiam

1208 669 1253 708 iis
1272 684 1350 720 quae
1371 670 1407 707 in
1429 670 1594 708 manibus
1614 670 1769 708 habebat
1798 669 1979 722 spoliavit.
2007 669 2165 707 Tantum

1208 739 1259 769 cst
1276 731 1411 768 malum
1437 744 1505 768 non
1525 745 1561 769 se
1586 731 1765 769 continere
1782 732 1873 769 intra
1888 730 2050 784 proprios
2067 729 2166 768 limi-

1208 791 1338 839 tcs‚sed
1351 791 1547 843 majoribus
1562 791 1711 831 inhiare.
1724 791 1770 829 Et
1783 791 1875 829 istuc
1891 792 2008 844 ipsum
2025 792 2166 844 sapiens

1209 851 1357 904 quidam
1375 852 1560 891 declarans
1575 851 1717 890 dicebat
1732 868 1739 889 :
1754 854 1913 891 Invidia
1932 862 2060 891 autem
2083 855 2167 891 dia-
2183 869 2257 906 5¹¹l'·
2284 864 2370 906 224,

1212 914 1291 951 boli
1309 928 1411 952 mors
1431 917 1593 952 intravit
1610 916 1649 951 in
1666 915 1867 952 mundum.
1888 913 2013 963 Vides,
2029 913 2167 964 dilecte,

1210 973 1390 1026 quomodo
1419 975 1465 1013 ab
1488 975 1590 1013 initio
1610 974 1732 1013 statim
1759 989 1804 1012 ex
1829 974 1976 1028 crapula
2000 989 2096 1013 mors
2115 975 2167 1013 in-

1212 1050 1374 1089 gressum
1389 1036 1542 1075 habuit?
1554 1037 1749 1076 Considera
1765 1045 1883 1075 autem
1899 1036 2029 1074 iterum
2044 1046 2077 1075 et
2092 1045 2170 1090 post

1213 1097 1288 1136 haec
1306 1098 1471 1137 divinam
1492 1099 1716 1152 Scripturam
1734 1097 1887 1137 subinde
1903 1098 2050 1136 delicias
2071 1098 2171 1137 incu-

1213 1168 1346 1198 santcm
1385 1174 1426 1198 ac
1462 1159 1639 1198 dicentem
1676 1159 1810 1198 alicubi
1839 1175 1847 1197 ε
1869 1160 1973 1199 Sedit
2004 1160 2170 1212 populus
2187 1170 2288 1215 131011.
2319 1169 2370 1199 32.

1214 1222 1452 1260 manducare
1467 1230 1503 1260 et
1523 1223 1662 1269 bibere,
1681 1230 1718 1259 et
1737 1230 1987 1262 surrexerunt
2011 1222 2142 1259 ludere
2152 1237 2167 1266 ;
2185 1211 2216 1238 ⁰·

1212 1282 1300 1320 alibi
1318 1296 1400 1322 vero
1411 1299 1419 1320 :
1430 1285 1482 1322 Et
1496 1284 1676 1331 comedit,
1689 1292 1725 1321 et
1740 1285 1846 1330 bibit,
1860 1292 1897 1322 et
1909 1285 2171 1335 impinguatus
2189 1299 2277 1327 Dm,
2307 1300 2358 1329 32.

1213 1353 1283 1392 est,
1306 1354 1343 1384 et
1371 1348 1628 1394 incrassatus,
1650 1354 1687 1384 et
1704 1346 1969 1383 recalcitravit
1991 1345 2169 1383 dilectus.
2193 1341 2239 1371 ¹5·

1214 1405 1312 1453 Quin
1325 1415 1358 1444 et
1368 1405 1608 1446 Sodomorum
1623 1406 1747 1444 incolae
1758 1405 2058 1459 indeprecabilem
2071 1405 2172 1444 illam

1214 1465 1306 1505 iram
1332 1481 1416 1507 cum
1433 1481 1479 1506 ex
1498 1467 1578 1506 aliis
1606 1467 1711 1506 malis
1729 1477 1805 1506 tuin
1824 1467 1910 1506 hinc
1928 1467 1996 1505 sibi
2024 1468 2172 1506 accersi-

1214 1538 1354 1568 verunt.
1386 1529 1483 1568 Audi
1512 1529 1608 1568 enim
1627 1529 1841 1583 prophetam
1862 1529 2037 1568 dicentem
2055 1545 2063 1566 ε
2078 1531 2173 1568 Hoec
2189 1541 2298 1571 Eam,
2328 1538 2376 1570 16.

1215 1594 1404 1645 iniquitas
1421 1593 1688 1640 Sodomorum,
1715 1593 1820 1645 quod
1838 1595 1879 1630 in
1897 1595 2078 1631 satietate
2096 1606 2172 1645 pa-
2188 1595 2239 1637 49-

1217 1668 1309 1692 num
1341 1655 1611 1694 lasciviebant.
1654 1654 1805 1692 Morbus
1844 1654 1939 1694 enim
1982 1653 2042 1692 ille
2073 1654 2174 1705 quasi

1216 1715 1322 1754 radix
1338 1725 1371 1754 et
1390 1717 1468 1755 fons
1485 1716 1633 1768 quidam
1652 1716 1830 1755 malorum
1851 1715 2013 1754 omnium
2033 1725 2095 1755 est.

1271 1778 1309 1816 5.
1326 1777 1461 1817 Vidisti
1482 1777 1637 1830 crapulae
1656 1777 1934 1815 nocumentum?
1954 1776 2050 1818 Vide
2069 1777 2176 1816 etiam
2210 1824 2216 1830 “
2354 1824 2360 1831 '

1214 1838 1341 1891 jejunii
1356 1838 1527 1890 praeclara
1546 1838 1714 1878 facinora.
1732 1838 1978 1889 Quadraginta
1999 1838 2074 1877 dies
2094 1853 2175 1876 cum
2190 1824 2293 1892 1¹:320ae
2328 1832 2377 1859 ²⁴'

1213 1899 1407 1952 jejunasset
1427 1912 1576 1951 maguus
1595 1901 1728 1949 Moses,
1750 1899 1839 1951 legis
1859 1899 1999 1938 tabulas
2016 1899 2176 1952 accipere
2191 1913 2220 1936 rt
2245 1905 2295 1952 5⁷⁵¹·
2332 1903 2377 1933 18.

1218 1960 1334 2013 potuit
1352 1976 1359 1997 :
1375 1970 1406 1999 et
1428 1960 1612 2011 quoniam,
1637 1969 1676 1998 ut
1707 1959 1905 2009 descendit,
1931 1959 2024 2000 vidit
2050 1961 2175 2013 populi
2191 1955 2219 1976 ⁰¹
2244 1947 2283 1975 ”³²
2328 1955 2375 1984 '9‘

1219 2021 1461 2073 iniquitatem,
1484 2035 1571 2072 quas
1591 2035 1672 2059 cum
1693 2030 1790 2059 tanto
1811 2021 1945 2071 studio,
1965 2030 1999 2060 et
2020 2020 2173 2058 assidui-
2224 2034 2377 2072 ,Ji-junium

1219 2091 1303 2131 tate,
1323 2082 1481 2134 accipere
1499 2081 1631 2134 potuit,
1656 2096 1713 2120 eas
1732 2082 1886 2134 abjectas
1908 2082 2089 2132 contrivit,
2109 2082 2174 2120 ab—
2212 2076 2379 2145 8ξέῖέΗῇ

1219 2143 1371 2181 surdum
1390 2157 1464 2181 esse
1479 2156 1637 2193 censens,
1659 2143 1800 2181 ebrium
1818 2151 1851 2182 et
1867 2143 2175 2196 praevaricatorem
2191 2158 2380 2187 mmmmm-

1218 2205 1394 2258 populum
1406 2205 1501 2257 leges
1514 2219 1533 2243 a
1549 2205 1705 2244 Domino
1717 2205 1878 2245 conditas
1893 2205 2062 2258 accipere.
2077 2208 2175 2254 Qua-
2192 2209 2283 2271 ¹I},¹:]‹·)d
2305 2241 2338 2270 3'

1219 2276 1364 2320 propter
1382 2266 1499 2305 denuo
1518 2266 1757 2318 quadraginta
1776 2266 1917 2306 dierum
1932 2267 2069 2320 Jejunio
2087 2281 2175 2320 opus
2193 2264 2241 2313 23
2289 2263 2293 2267 ’
2327 2256 2355 2278 ⁴*

1218 2327 1347 2366 habuit
1387 2327 1621 2366 admirandus
1653 2328 1714 2366 ille
1747 2328 1934 2381 propheta,
1967 2337 2008 2366 ut
2037 2328 2176 2367 tabulas

1219 2398 1366 2443 propter
1394 2389 1555 2442 ipsorum
1590 2388 1815 2440 iniquitatem
1846 2389 2014 2428 contritas
2046 2389 2176 2428 iterum

1220 2465 1373 2504 superne
1387 2460 1546 2503 receptas
1561 2449 1773 2504 deportaret.
1790 2450 1958 2490 Totidem
1973 2451 2113 2490 dierum
2123 2453 2175 2504 Je-

1218 2512 1362 2565 junium
1373 2521 1406 2550 et
1418 2525 1569 2563 magnus
1581 2512 1700 2550 Helias
1710 2512 2075 2564 t1·ansegit‚vitataque
2086 2527 2175 2552 mor·
2190 2529 2220 2558 3,
2240 2527 2316 2564 Reg.
2332 2534 2377 2564 ¹9·

1222 2571 1625 2626 tistyrannide‚etcuri·u
1634 2572 1735 2624 igneo
1745 2573 1845 2623 quasi
1856 2573 1891 2610 in
1902 2573 2029 2611 caelum
2038 2582 2175 2626 raptus,
2191 2571 2221 2600 8.

1220 2635 1329 2674 etiam
1348 2647 1460 2684 usque
1480 2633 1516 2671 in
1536 2632 1628 2671 hanc
1647 2633 1744 2671 diem
1759 2642 1909 2671 mortem
1924 2646 1993 2670 non
2009 2642 2176 2685 expertus

1223 2706 1286 2736 est.
1319 2696 1388 2736 Vir
1419 2709 1561 2746 quoque
1584 2694 1855 2743 desideriorum,
1875 2704 2016 2747 peracto
2044 2694 2176 2733 multo·
2197 2709 2274 2736 [ian.
2300 2705 2380 2735 ioi3.

1224 2773 1305 2797 rum
1318 2757 1459 2795 dierum
1470 2755 1620 2808 jejunio,
1634 2754 1881 2793 admirandam
1896 2755 1995 2794 illam
2005 2755 2179 2795 visionem

1225 2829 1349 2858 nactus
1369 2827 1440 2867 cst,
1472 2826 1505 2855 ct
1537 2817 1680 2854 leonum
1709 2816 1865 2854 furorem
1895 2816 2124 2869 compescuit*
2143 2816 2178 2854 in

1226 2881 1420 2931 oviumque
1446 2877 1755 2916 mansuetudinem
1775 2877 1899 2928 vertit,
1927 2892 1995 2916 non
2016 2886 2180 2916 naturam

1226 2950 1460 2986 commutans,
1476 2939 1537 2977 sed
1554 2939 1692 2978 feritate
1710 2948 1871 2978 manente
1889 2940 2086 2992 appetitum
2103 2953 2180 2977 mu-

1227 3013 1342 3044 tatum
1372 3002 1552 3041 cohibens.
1583 3001 1658 3039 Hoc
1680 3001 1817 3053 jejunio
1844 3010 1878 3039 et
1907 3001 2077 3040 Ninivitae
2110 3001 2276 3048 usi,.lo,·:ae
2304 3003 2331 3032 3·
2351 3011 2365 3040 7

1229 3066 1437 3107 sententiam
1452 3065 1597 3104 Domini
1612 3075 1838 3115 revocarunt,
1851 3066 2044 3104 efficientes
2059 3075 2097 3103 ut
2114 3075 2183 3104 tam

1181 3148 1204 3176 Α
1227 3136 1388 3188 jumenta
1408 3146 1515 3184 quam
1535 3131 1697 3171 homines
1716 3132 1805 3171 illud
1824 3133 2057 3185 susciperent,
2079 3143 2112 3172 et
2135 3134 2186 3171 sie

1233 3199 1458 3240 abscedentes
1470 3199 1716 3251 unusquisque
1731 3215 1751 3238 a
1771 3200 1874 3238 malis
1893 3200 2038 3248 studiis,
2054 3201 2097 3238 ad
2113 3201 2184 3239 ele—

1224 3315 1241 3339 «ἱ
1257 3313 1311 3347 Sic,
1338 3312 1442 3347 Savil.
1466 3321 1499 3346 et
1522 3324 1638 3347 omnes
1658 3324 1741 3357 pene
1764 3314 1862 3357 Mss.3
1884 3314 1999 3349 Moron.
2033 3315 2188 3348 mendoso

1182 3371 1332 3411 συντρῖψαι
1355 3369 1482 3404 πλάκας.
