2433 3775
67 730 140 755 tien.
163 738 169 755 Ι
200 728 247 757 26.

64 1703 242 1733 1.'I⁷71ess.5.

62 1753 106 1773 ιι.

61 2023 68 2040 ι
98 2015 198 2043 Thess.
213 2024 240 2044 2.

62 2065 106 2087 ¹¹!—

270 194 327 237 7O
701 194 738 223 S.
776 195 955 226 JOANMS
990 196 1232 226 CHRYSOST.

264 273 439 322 fruamur,
455 275 569 326 gratia
584 284 618 313 et
643 275 928 316 miserationibus
947 278 1120 329 unigeniti
1139 278 1214 329 ejus

266 333 363 382 Filii,
390 335 538 385 quicum
574 336 670 374 Patri
706 336 814 374 simul
845 347 1035 389 sanctoque
1063 337 1216 389 Spiritui

265 392 311 429 sit
327 391 452 443 gloria,
471 392 677 446 imperium,
699 393 828 443 honor,
850 408 942 433 nunc
961 405 994 433 et
1016 408 1163 446 semper,
1183 404 1215 431 et

266 452 302 489 in
321 452 446 490 saecula
468 453 690 491 saeculorum.
708 456 834 490 Amen.

569 596 778 634 HOMILIA
809 597 912 635 VIII.

266 721 311 758 Et
341 717 436 756 dixit
457 719 554 756 Deus
576 734 583 754 :
608 718 794 757 Faciamus
812 719 995 757 hominem
1022 720 1218 761 secundum

316 780 508 834 imaginem
533 789 691 818 nostram
722 789 755 818 et
784 780 979 818 secundum
1009 781 1218 821 similitudi-

315 856 396 881 nem
412 849 467 879 :et
485 840 713 879 dominentur
724 841 883 893 piscibus
901 842 1022 892 maris,
1038 851 1073 881 et
1090 843 1219 882 volati-

314 904 411 941 libus
441 902 531 952 caeli,
549 912 582 940 et
612 902 819 954 pecoribus,
847 912 881 941 et
907 903 1044 950 bestiis,
1070 913 1104 942 et
1137 905 1217 943 uni-

314 979 424 1003 versae
440 973 554 1013 terrae,
576 972 609 1002 et
623 964 787 1002 omnibus
804 964 994 1016 reptilibus
1012 966 1216 1018 repentibus

315 1039 420 1078 super
438 1034 580 1063 terram.

317 1153 351 1188 1.
379 1151 453 1202 Age
476 1158 510 1188 et
535 1149 656 1199 hodie,
678 1150 760 1200 quia
777 1150 908 1188 alacres
928 1150 1004 1188 lieri
1024 1164 1103 1202 quae
1122 1149 1217 1188 dixi-
1241 1155 1264 1184 F.

263 1225 342 1249 mus
353 1210 517 1259 audistis,
525 1224 602 1261 quae
612 1224 732 1248 recens
741 1210 830 1248 lecta
841 1219 935 1257 sunt,
945 1210 1084 1248 caritati
1092 1220 1217 1250 vestrae

261 1285 527 1324 proponamus,
543 1270 644 1324 prius
671 1280 786 1309 tamen
804 1285 869 1309 vos
895 1271 1142 1318 cohortantes,
1178 1286 1217 1315 ut

261 1332 452 1384 diligenter
469 1331 674 1370 auscultetis
692 1346 732 1369 ea
763 1346 843 1382 quae
870 1331 1061 1381 dicuntur,
1081 1341 1115 1370 et
1137 1347 1216 1384 quae

262 1394 362 1446 prius
375 1393 472 1432 dicta
487 1402 580 1441 sunt,
594 1393 686 1431 bene
701 1393 737 1430 in
755 1402 871 1430 mente
888 1402 1005 1431 vestra
1021 1393 1214 1446 reponatis,

262 1464 300 1493 ut
317 1469 360 1494 ne
377 1456 510 1493 frustra
527 1464 561 1493 et
579 1454 757 1493 incassum
775 1454 933 1493 laborem
962 1464 1100 1493 tantum
1125 1455 1216 1494 fera-

261 1530 351 1554 mus.
369 1516 447 1554 Hoc
466 1516 560 1554 enim
577 1515 735 1554 studium
756 1524 916 1554 nostrum
935 1525 1001 1565 est,
1023 1525 1062 1554 ut
1081 1517 1156 1555 vim
1175 1531 1214 1554 ae

260 1591 400 1615 sensum
417 1591 541 1615 eorum
557 1591 635 1628 quae
654 1576 785 1628 scripta
802 1576 872 1615 sint
889 1586 1052 1615 accurate
1071 1578 1189 1616 sciatis
1204 1594 1210 1614 :

259 1647 364 1689 atque
382 1638 429 1676 ita
449 1647 487 1676 ut
507 1651 576 1676 non
602 1638 719 1676 solum
744 1638 903 1688 teneatis,
928 1638 990 1677 sed
1009 1647 1041 1676 et
1059 1639 1211 1677 aliorum

260 1699 422 1751 magistri
451 1691 546 1749 sitis}
577 1708 616 1737 ut
646 1697 807 1751 possitis,
841 1698 1036 1737 secundum
1069 1699 1212 1738 beatum

261 1760 428 1807 Paulum,
451 1774 543 1798 unus
575 1760 727 1798 alterum
756 1759 946 1798 aedificare.
968 1761 1062 1799 Nam
1093 1762 1121 1800 si
1150 1776 1214 1801 vos

259 1821 479 1874 profeceritis
497 1821 533 1858 in
554 1820 730 1871 Domino,
758 1829 792 1858 et
819 1820 855 1858 in
883 1821 1128 1873 spiritualium
1147 1823 1215 1860 do—

258 1883 371 1921 ctrina
386 1883 543 1934 aliquem
561 1882 761 1934 profectum
775 1881 1014 1933 ostenderitis,
1029 1883 1136 1921 etiam
1152 1898 1215 1923 nos

259 1944 393 1995 ingenti
413 1943 577 1982 afficietis
600 1943 735 1981 laetitia.
750 1943 836 1980 Haec
864 1943 959 1981 enim
975 1952 1094 1982 nostra
1109 1945 1216 1983 fuerit

260 2014 333 2044 tota
353 2005 588 2058 prosperitas,
608 2014 642 2043 et
659 2018 797 2043 summa
813 2004 1001 2043 festivitas.
1029 2006 1122 2057 Quoe
1143 2021 1213 2045 no-

261 2076 343 2105 stra
362 2080 459 2119 spes,
480 2067 547 2104 vel
573 2067 773 2119 gaudium,
800 2066 868 2104 vel
885 2079 1054 2116 corona,
1075 2068 1214 2123 inquit,

259 2128 504 2179 gloriationis
519 2131 535 2163 P
549 2140 684 2164 annon
703 2135 740 2164 et
759 2140 846 2173 vos,
864 2136 897 2164 et
913 2137 1071 2165 vestrum
1091 2142 1214 2167 secun-

260 2187 349 2225 dum
364 2189 479 2225 Deum
492 2186 775 2225 incrementum?
791 2188 922 2225 Omnes
935 2187 1029 2225 enim
1041 2187 1213 2238 doctores,

262 2249 323 2299 qui
343 2248 467 2287 vident
481 2247 676 2300 discipulos
696 2247 857 2300 priorum
869 2247 1060 2286 lectionum
1081 2263 1214 2288 memo—

260 2310 351 2348 riam
377 2309 496 2347 animo
514 2309 604 2347 bene
621 2317 752 2358 tenere,
772 2307 1007 2361 operibusque
1026 2309 1112 2362 ipsis
1129 2311 1209 2349 fru-

261 2379 358 2408 ctum
375 2370 530 2421 aliquem
552 2368 734 2417 exhibere,
755 2369 888 2421 majore
905 2369 1086 2408 alacritate
1105 2380 1139 2409 et
1157 2386 1210 2410 se—
1237 2381 1259 2410 Β

260 2431 444 2482 quentium
464 2431 699 2482 cognitionem
725 2430 894 2482 praebent.
918 2430 965 2469 Et
984 2445 1046 2469 nos
1071 2447 1211 2484 quoque

259 2502 392 2543 quanto
411 2493 526 2544 magis
542 2501 695 2530 mentem
715 2500 868 2529 vestram
892 2492 996 2544 erigi,
1023 2502 1056 2531 et
1074 2493 1210 2532 deside-

260 2555 353 2592 rium
373 2567 540 2603 crescere,
562 2553 805 2603 rationemque
823 2553 897 2590 alas
917 2567 1094 2592 assumere
1112 2555 1210 2594 vidc-

261 2630 358 2664 mus,
383 2623 479 2652 tanto
504 2613 693 2652 alacriores
713 2613 900 2652 reddimur
915 2644 924 2662 ,
949 2623 988 2652 ut
1009 2615 1209 2655 uberiorem

260 2676 460 2714 doctrinam
486 2689 735 2727 proponamus.
763 2674 905 2721 Quanto
932 2675 1025 2713 enim
1045 2676 1126 2728 plus
1145 2692 1208 2716 vo-

262 2738 316 2775 bis
326 2737 575 2789 profundimus
586 2735 943 2782 fluentorumhorum
957 2736 1210 2790 spiritualium,

261 2808 357 2836 tanto
392 2798 493 2835 nobis
514 2807 546 2835 ct
573 2797 704 2834 ssuenta
734 2806 816 2834 sunt
843 2797 997 2835 auctiora
1013 2827 1023 2846 ,
1041 2798 1210 2837 nimirum

262 2870 404 2913 propter
436 2859 707 2897 aedificationem
731 2867 882 2897 vestram
897 2888 907 2908 ,
928 2868 961 2897 et
981 2869 1123 2912 propter
1150 2875 1210 2899 ve-

261 2931 413 2959 strarum
436 2921 635 2958 animarum
654 2920 844 2958 utilitatem
861 2935 868 2956 :
891 2934 959 2958 non
975 2920 1069 2959 enim
1088 2921 1123 2958 in
1142 2921 1209 2959 hac

261 2998 364 3021 causa
380 2982 552 3032 contingit
565 2981 597 3018 id
612 2980 710 3031 quod
723 2981 758 3018 in
771 2981 1031 3033 pecuniis.lllic
1044 2982 1137 3020 enim
1150 2983 1210 3033 qui

259 3053 446 3095 argentum
468 3044 584 3082 vicino
612 3043 879 3090 dinumeravit,
904 3043 1084 3082 imminuit
1111 3059 1210 3082 suam

260 3105 506 3153 substantiam,
519 3113 551 3141 et
563 3113 692 3155 quanto
707 3104 787 3155 plus
802 3114 975 3153 numerat,
988 3105 1210 3143 tantominus
1234 3115 1256 3142 (ἰ

260 3166 413 3219 possidet
430 3166 587 3218 pecuniae
605 3181 611 3201 ε
629 3165 685 3202 hic
703 3174 819 3203 autom
840 3166 944 3218 plane
960 3180 1058 3204 secus
1073 3166 1191 3217 agitur

260 3227 461 3265 Tunccnim
474 3225 653 3263 saciiltates
669 3235 794 3264 nostra*
809 3226 890 3279 plus
900 3236 1114 3275 accrescunt,
1127 3236 1208 3265 tunc

300 3344 310 3357 ³·
331 3334 407 3375 [ἴως’.
429 3343 510 3364 unus
537 3339 573 3365 r).
597 3340 751 3376 ⁷3:273.er
776 3341 831 3366 τῶν
854 3340 1111 3377 ἀναγνωτθένττ.»ν,
1128 3332 1183 3368 scd
1211 3345 1257 3364 >c-

255 3385 363 3418 cunda
382 3396 479 3417 manu
498 3385 668 3426 scripturn.

1271 197 1459 226 ARCHIEP
1468 217 1477 226 .
1516 198 1599 226 CON
1607 198 1714 228 STAN
1721 200 1825 229 ΤΙΝΟ
1832 200 1853 228 l'
1861 220 1870 229 .

1241 282 1265 310 D
1288 279 1380 316 Θεοῦ
1396 278 1676 329 φιλανθρωπίας,
1703 281 1823 332 χάριτι
1842 281 1901 319 καὶ
1917 284 2108 333 οἷκτιρμοῖς
2128 286 2186 320 τοῦ
2208 299 2309 333 μονο-

1288 340 1404 388 γενοῦς
1423 338 1510 374 Υἱοῧ
1534 340 1657 387 αὐτοῦ,
1684 340 1761 389 μεθ’
1777 335 1815 378 οὗ
1841 344 1891 393 τῷ
1909 342 2025 393 Πατρὶ
2055 341 2128 392 ἅμα
2147 345 2197 395 τῷ
2220 343 2309 395 ἁγίῳ

1288 396 1474 447 Πνεύματι
1495 398 1596 447 δόξα,
1622 401 1773 452 κράτος,
1801 402 1909 452 τιμὴ,
1936 407 1993 441 νῦν
2011 403 2070 441 καὶ
2093 403 2164 450 ἀεὶ,
2185 403 2243 441 καὶ
2262 405 2308 447 εἰς

1289 457 1366 500 τοὺς
1382 460 1510 501 αἰῶνας
1529 462 1597 497 τῶν
1618 460 1764 500 αἰώνων.
1791 462 1912 512 Ἀμήν.

1677 602 1854 639 omnm
1875 603 1937 658 η’,

1289 721 1358 759 Καὶ
1377 715 1472 759 εἶπεν
1491 718 1620 766 ὁγΘεός
1636 739 1643 746 ·
1667 723 1871 774 ποιήσωμεν
1893 724 2073 777 ἄνθρωπον
2098 726 2176 763 κατ’
2197 727 2311 765 εἰκόνα

1341 784 1530 836 ἡμετέραν,
1550 785 1609 822 καὶ
1629 788 1706 823 καθ’
1729 786 1894 836 ὁμοίωσιν
1908 801 1917 809 ·
1937 786 1996 825 καὶ
2017 788 2220 840 ἀρχέτωσαν
2242 791 2309 826 τῶν

1341 845 1468 897 ἰχθύων
1490 849 1551 892 τῆς
1570 846 1765 895 θαλάσσης,
1782 847 1841 885 καὶ
1860 851 1929 885 τῶν
1949 852 2116 886 πετεινῶν
2130 853 2190 887 τοῦ
2205 851 2311 902 οὖρα-

1339 908 1408 952 νοῦ,
1431 904 1490 942 καὶ
1507 907 1576 942 τῶν
1597 907 1758 953 κτηνῶν,
1779 906 1839 944 καὶ
1859 908 1926 943 τῶν
1950 906 2093 957 θηρίων,
2115 908 2175 945 καὶ
2195 908 2310 951 πάσης

1339 964 1402 1008 τῆς
1424 964 1509 1014 γῆς,
1535 963 1595 1000 καὶ
1614 964 1754 1002 πάντων
1781 968 1850 1002 τῶν
1873 966 2027 1016 ἑρπετῶν
2048 967 2116 1002 τῶν
2136 965 2309 1018 ἑρπόντων

1338 1022 1395 1060 ε’πὶ
1411 1026 1473 1069 τ’ἧς
1490 1027 1565 1074 γῆς.

1341 1147 1437 1200 Φέρε
1457 1148 1516 1185 καὶ
1539 1149 1711 1200 σήμερον,
1732 1149 1854 1195 ἐπειδὴ
1879 1148 1969 1199 μετὰ
1990 1151 2122 1197 πολλῆς
2137 1153 2200 1197 τῆς
2218 1167 2309 1204 προ-

1287 1210 1411 1260 θυμίας
1442 1209 1616 1255 ἧκώσατε
1644 1210 1725 1262 χθὲς
1756 1214 1826 1248 τῶν
1853 1210 1939 1262 παρ’
1966 1214 2068 1262 ἡμῶν
2099 1212 2312 1264 λεγομένων,

1285 1276 1298 1291 ³
1309 1272 1353 1310 τὰ
1371 1271 1570 1325 πρόσφατον
1589 1272 1853 1323 ἀναγνωσθέντα
1868 1275 2052 1325 προθῶμεν
2070 1272 2128 1311 ἐπὶ
2146 1276 2209 1319 τῆς
2226 1276 2311 1324 ὖμε-

1285 1335 1387 1386 τέρας
1403 1333 1554 1385 ἀγάπης,
1573 1332 1740 1385 πρότερον
1757 1334 1868 1372 ἐκεῖνο
1886 1333 2193 1386 παρακαλέσαντες
2207 1337 2310 1385 ὑμᾶς,

1287 1395 1377 1446 μετὰ
1406 1393 1585 1446 ἀκριὸείας
1614 1393 1801 1445 προσέχειν
1832 1400 1903 1437 τοῖς
1928 1394 2150 1446 λεγομένοις,
2186 1396 2245 1433 καὶ
2266 1395 2312 1433 τὰ

1284 1456 1439 1509 πρότερα
1472 1453 1733 1492 ἐναποτίθεσθαι
1772 1456 1869 1505 ὑμῶν
1903 1457 1946 1506 τῇ
1982 1455 2136 1506 διανοίᾳ,
2169 1454 2226 1493 ἵνα
2260 1455 2309 1506 μὴ

1287 1518 1399 1569 μάτην
1417 1516 1477 1554 καὶ
1499 1517 1574 1568 εἰκῇ
1595 1520 1757 1554 τοσοῦτον
1777 1516 1880 1554 πόνον
1899 1516 2142 1568 ὑπομένωμεν.
2171 1517 2224 1556 Τὸ
2243 1517 2313 1570 γὰρ

1285 1577 1562 1627 σπουδαζόμενον
1576 1580 1674 1626 ἡμῖν,
1692 1576 1780 1627 μετὰ
1798 1578 1976 1629 ἀκριέείας
1990 1581 2079 1627 ὑμᾶς
2096 1578 2222 1617 εἰδέναι
2239 1581 2312 1617 τῶν

1238 1672 1269 1696 58
1286 1637 1536 1691 γεγραμμένων
1551 1636 1612 1684 τὴν
1630 1636 1788 1687 δύναμιν,
1803 1637 1893 1676 ὥστε
1904 1637 1952 1688 μὴ
1969 1638 2070 1688 μόνον
2090 1641 2180 1689 ὑμᾶς
2198 1642 2310 1678 ταῦτα

1239 1710 1264 1738 A
1285 1700 1517 1745 ἐπίστασθαι,
1541 1697 1631 1736 ἀλλὰ
1650 1698 1709 1736 καὶ
1738 1699 1866 1750 ἑτέροις
1896 1700 2122 1743 διδασκάλους
2140 1699 2308 1751 γίνεσθαι,

1285 1761 1342 1799 ἵνα
1364 1760 1508 1808 δύνησθε
1521 1790 1531 1808 ,
1549 1758 1640 1797 κατὰ
1657 1760 1714 1797 τὸν
1737 1760 1908 1811 μακάριον
1928 1762 2067 1798 Παῦλον
2080 1791 2089 1808 ,
2111 1764 2156 1805 εἷς
2175 1761 2232 1799 τὸν
2249 1761 2308 1800 ἕνα

1288 1823 1492 1872 οἰκοδομεῖν.
1522 1821 1610 1859 Ἐὰν
1627 1821 1695 1872 γὰρ
1711 1823 1809 1871 ὑμεῖς
1825 1821 2046 1873 προκόπτητε
2057 1823 2090 1860 ἐν
2106 1821 2238 1874 Κυρίῳ,
2249 1823 2309 1860 καὶ

1286 1883 1367 1934 περὶ
1382 1882 1445 1929 τὴν
1466 1884 1534 1920 τῶν
1555 1884 1798 1931 πνευματικῶν
1820 1881 2044 1920 διδασκαλίαν
2059 1882 2212 1920 ἓπίδοσίν
2231 1898 2308 1921 τινα

1288 1943 1524 1983 ἐπιδείκνυσθε
1539 1972 1548 1990 ,
1569 1942 1701 1989 πολλὴν
1735 1942 1794 1980 καὶ
1813 1946 1896 1992 ἡμῖν
1916 1943 2080 1995 παρέξετε
2099 1943 2162 1991 τὴν
2182 1946 2311 1996 εὖφρο-

1288 2004 1403 2052 σύνην.
1435 2007 1550 2043 Τοῦτο
1570 2003 1637 2055 γὰρ
1656 2006 1756 2054 ἡμῶν
1777 2004 1868 2041 ἐστιν
1888 2005 1908 2049 ἡ
1929 2009 2026 2041 πᾶσα
2043 2006 2229 2057 εὖημερία,
2249 2005 2310 2043 καὶ

1286 2069 1307 2111 ἠ
1327 2065 1473 2118 μεγίστη
1496 2064 1610 2116 ἑορτή.
1642 2064 1706 2108 Τίς
1727 2063 1795 2116 γὰρ
1816 2067 1917 2114 ἡμῶν
1936 2067 1956 2110 ἡ
1980 2065 2096 2110 ἐλπὶς,
2116 2064 2139 2110 ἢ
2157 2065 2269 2118 χαρὰ,
2285 2065 2309 2112 ἢ

1287 2126 1450 2178 στέφανος
1462 2157 1470 2172 ,
1489 2126 1572 2178 φησὶ
1587 2156 1596 2171 ,
1614 2125 1842 2176 καυχήσεως,
1862 2124 1884 2171 ἢ
1905 2126 1981 2177 οὐχὶ
1998 2126 2056 2163 καὶ
2078 2129 2188 2177 ὑμεῖς,
2207 2127 2266 2165 καὶ
2285 2131 2307 2173 ἡ

1284 2187 1434 2240 ὑμετέρα
1453 2187 1543 2225 κατὰ
1559 2187 1647 2225 Θεὸν
1662 2186 1835 2233 ἐπίδοσις,
1860 2187 1961 2225 Ἐπεὶ
1976 2187 2035 2225 καὶ
2053 2190 2120 2225 τῶν
2141 2189 2309 2227 διδασκά-

1284 2251 1352 2286 λων
1384 2249 1527 2292 ἕκαστος
1539 2279 1548 2296 ,
1578 2247 1715 2286 ἐπειδὰν
1745 2248 1801 2299 ἴδῃ
1836 2247 1893 2284 τὸν
1927 2247 2206 2299 μαθητευόμενον
2238 2251 2307 2286 τῶν

1283 2309 1460 2362 προτέρων
1479 2308 1702 2360 διδαγμάτων
1716 2308 1778 2355 τὴν
1796 2308 1937 2358 μνήμην
1957 2308 2110 2360 ἀκριῧῶς
2129 2309 2308 2358 ἐμπήξαν-

1285 2387 1328 2408 τα
1353 2374 1395 2421 τῇ
1421 2370 1574 2422 διανοίᾳ,
1607 2370 1665 2407 καὶ
1694 2369 1752 2407 τὸν
1780 2369 1913 2420 καρπὸν
1934 2368 1990 2406 διὰ
2009 2372 2078 2406 τῶν
2099 2368 2208 2422 ἔργων
2229 2373 2307 2409 ἐπι-

1283 2432 1513 2482 δεικνύμενον,
1547 2431 1634 2481 μετὰ
1662 2430 1817 2474 πλείονος
1842 2433 1903 2476 τῆς
1925 2429 2120 2482 προθυμίας
2147 2430 2206 2468 καὶ
2237 2434 2306 2469 τῶν

1284 2493 1361 2539 ἑξῆς
1375 2492 1436 2539 τὴν
1447 2495 1571 2543 γνῶσιν
1585 2493 1678 2543 αὐτῷ
1694 2490 2028 2543 παρακατατίθεται.
2045 2491 2114 2528 Καὶ
2125 2493 2226 2541 ἡμεῖς
2241 2492 2307 2529 τοί-

1285 2570 1341 2591 νυν
1360 2553 1430 2605 ὅσῳ
1452 2553 1491 2590 ἂν
1511 2553 1637 2603 ἴδωμεν
1655 2555 1752 2602 ὑμῶν
1771 2552 1833 2599 τὴν
1854 2552 2006 2590 διάνοιαν
2023 2551 2306 2605 διεγηγερμένην,

1285 2615 1415 2653 καὶτὸν
1436 2614 1538 2653 πόθον
1560 2614 1800 2664 αὐξανόμενον,
1820 2614 1879 2651 καὶ
1895 2613 1952 2650 τὸν
1971 2614 2137 2664 λογισμὸν
2154 2615 2306 2666 ἐπτερω-

1286 2677 1410 2726 μένον,
1436 2676 1586 2729 τοσούτῳ
1618 2676 1724 2714 πλέον
1754 2677 2006 2728 προθυμότεροι
2034 2674 2201 2726 γινόμεθα
2221 2677 2307 2727 πρὸς

1284 2738 1323 2776 τὸ
1360 2737 1610 2790 δαψιλεστέραν
1641 2740 1722 2788 ὑμῖν
1751 2735 1950 2789 προτιθέναι
1979 2735 2042 2782 τὴν
2065 2735 2304 2776 διδασκαλίαν.

1284 2799 1386 2852 εΌσῳ
1406 2799 1472 2851 γὰρ
1495 2799 1534 2836 ἂν
1560 2799 1703 2837 πλείονα
1727 2797 1962 2850 ῧπροχέωμεν
1990 2800 2070 2848 ὑμῖν
2102 2797 2147 2835 τὰ
2166 2797 2305 2848 νάματα

1285 2865 1394 2898 ταῦτα
1415 2861 1458 2898 τὰ
1477 2859 1695 2911 πνευματικὰ
1708 2889 1717 2906 ,
1742 2858 1894 2910 τοσούτῳ
1917 2858 1976 2896 καὶ
2001 2861 2084 2908 ἡμῖν
2104 2857 2243 2902 αὔξεται
2261 2860 2306 2898 τὰ

1284 2925 1346 2967 τῆς
1372 2924 1534 2973 ἐπιρροῆς
1563 2921 1619 2959 διὰ
1637 2919 1699 2966 τὴν
1721 2919 1905 2969 οἰκοδομὴν
1931 2919 1994 2965 τὴν
2025 2918 2195 2972 ὑμετέραν
2211 2950 2220 2967 ,
2248 2920 2305 2958 διὰ

1284 2982 1347 3029 τὴν
1378 2982 1546 3034 ὠφέλειαν
1565 2984 1633 3019 τῶν
1659 2980 1834 3032 ὑμετέρων
1861 2982 2003 3031 ψυχῶν·
2026 2980 2103 3017 οὐδὲ
2124 2980 2191 3033 γάρ
2212 2983 2303 3019 ἐστιν

1284 3046 1428 3082 ἐνταῦθα
1454 3044 1649 3093 συμῧῆναι,
1668 3042 1755 3093 ὅπερ
1774 3042 1831 3079 ἐπὶ
1850 3043 1917 3078 τῶν
1937 3041 2130 3093 ιχρημάτων
2150 3040 2304 3090 γίνεσθαι

1284 3104 1384 3147 εἰκός.
1408 3104 1504 3142 Ἰἶκεῐ
1526 3103 1587 3154 μὲν
1608 3103 1675 3155 γὰρ
1694 3107 1712 3140 ὃ
1728 3102 1939 3140 καταῧαλὼν
1955 3104 2004 3154 τῷ
2021 3101 2166 3148 πλησίον
2183 3102 2222 3139 τὸ
2238 3103 2301 3153 ἀρ-

1283 3167 1416 3217 γύριον,
1445 3166 1627 3210 ἠλάττωσε
1653 3163 1715 3210 τὴν
1747 3163 1874 3201 οἰκείαν
1908 3161 2130 3213 περιουσίαν,
2156 3161 2215 3198 καὶ
2232 3163 2302 3213 ὅσῳ

1284 3229 1322 3264 ἂν
1356 3226 1496 3264 πλείονα
1530 3225 1713 3275 καταὸάλῃ
1731 3255 1738 3266 ,
1767 3223 1918 3273 τοσούτῳ
1945 3222 2003 3260 καὶ
2031 3222 2073 3259 τὰ
2100 3224 2160 3268 τῆς
2188 3224 2301 3265 οὐσίας

1337 3343 1349 3355 ’Ἰ
1367 3330 1501 3363 (ini-sliu.
1523 3345 1710 3374 ⁷³.'¹“Z5‘¹.'¹-⁵‘²·
1736 3333 1801 3373 ''afar-1
1831 3336 1868 3364 τ’).
1899 3336 2018 3362 νάματα.
2042 3336 2138 3363 πάντα.
2156 3336 2204 3363 τά.
2225 3329 2300 3361 Mox

1296 3383 1380 3415 ulem
1400 3388 1466 3425 ὑμῖν
1483 3388 1647 3422 wgo-³222:
