2516 3791
697 235 739 264 ΙΝ
785 234 885 264 (ἶΑΡ.
926 233 1038 262 xvii.

136 323 195 369 τοῦ
217 319 384 372 βασιλέως
403 320 472 356 τῶν
493 317 657 369 Γεράρων
672 317 753 368 περὶ
773 316 833 364 τὴν
853 316 972 369 Σάραν
993 316 1161 368 ἐπήρεια,

136 382 194 421 καὶ
225 381 445 432 παραχρῆμα
473 382 495 425 ἡ
528 378 624 431 παρὰ
652 381 712 416 τοῦ
748 379 842 417 Θεοῦ
875 373 1162 430 ἅντίληψις.’Κα“ι

135 446 244 482 ταῦτα
268 442 407 480 ἅπαντα
437 443 526 493 ὁρῶν
557 443 576 478 6
604 440 734 483 δίκαιος
755 440 843 491 μετὰ
875 439 936 486 τὴν
971 439 1163 491 ὑπόσχεσιν

134 502 269 548 ἐκείνην
288 505 382 555 αὐτῷ
408 501 664 553 συμῧαίνοντα,
683 503 747 540 οὐκ
774 501 960 540 ἐσαλεύετο
977 500 1035 539 τὸν
1063 501 1159 549 λογι-

134 564 327 619 (ξμὸν,οὖδὲ
359 563 641 616 περιειργάζετο,
677 564 768 607 τίνος
801 564 915 602 ἕνεκεν
945 565 963 600 6
996 560 1161 606 τοιαύτην

134 622 344 678 επαγγελίειν
364 625 548 676 δεξάμενος
566 625 741 668 τοσούτοις
766 624 826 664 καὶ
844 624 1011 665 τοιούτοις
1033 636 1161 673 πειρα-

134 692 235 737 σμοῖς
253 689 330 725 καθ’
350 686 502 734 ἑκάστην
518 685 812 740 περιπίπτει,καὶ
824 687 860 723 ἐν
878 683 1033 736 τοσούτῳ
1046 682 1162 735 χρόνῳ

134 741 170 778 ἐν
190 749 338 802 ἀπαιδίᾳ
354 749 527 801 διαμένει·
555 749 645 788 ἀλλὰ
672 748 827 801 φιλόθεος
845 748 894 785 ὢν
915 746 974 785 καὶ
993 747 1057 784 οὐκ
1084 747 1161 783 ἀνε-

134 809 280 861 χόμενος
304 814 347 863 τῇ
369 811 528 862 ἀσθενείᾳ
552 812 622 848 τῶν
649 809 784 848 οἰκείων
814 810 992 860 λογισμῶν
1024 805 1162 845 ὑποὸα-

134 874 205 910 λεῖν
223 872 267 910 τὰ
288 872 384 925 παρὰ
410 875 469 910 τοῦ
488 874 581 911 Θεοῦ
608 871 796 923 γινόμενα,
825 869 884 909 καὶ
916 869 1076 921 ἔστεργε,
1104 867 1163 906 καὶ

135 936 212 983 μεθ’
230 933 356 979 ἡδονῆς
375 932 516 984 ἐδέχετο
534 932 578 971 τὰ
593 933 644 984 τῷ
662 933 746 984 Θεῷ
762 931 940 970 δοκοῦντα.

187 994 258 1034 Καὶ
277 993 366 1045 μετὰ
382 992 524 1031 δέκατον
543 993 702 1031 ἐνιαυτὸν
721 990 897 1043 λαμὸάνει
913 992 972 1030 τὸν
990 989 1162 1041 Ἰσμαὴλ,

133 1054 192 1093 τὸν
221 1054 291 1094 ἀπὸ
318 1058 381 1102 τῆς
422 1053 635 1102 παιδίσκης,
667 1053 726 1092 καὶ
762 1055 811 1098 εἷς
852 1057 974 1091 τοῦτον
1008 1052 1165 1114 ἐνόμὲζεν

135 1118 230 1168 αὐτῷ
255 1115 375 1154 λοιπὸν
411 1113 456 1153 τὰ
485 1117 548 1161 τῆς
572 1114 782 1166 ἐπαγγελίας
809 1116 1074 1166 πεπληρῶσθαι.
1099 1115 1165 1152 Ἠν

135 1176 202 1228 γὰρ
221 1179 239 1214 6
261 1175 501 1228 πατριάρχης,
522 1176 640 1228 φησὶν,
666 1175 770 1222 ἡνίκα
797 1174 922 1228 ἐτέχθη
945 1177 962 1212 6
993 1173 1164 1224 Ἰσμαὴλ,

136 1239 222 1276 ἐτῶν
241 1238 452 1289 ὀγδοήκοντα
483 1237 531 1281 ἕξ.
556 1236 660 1275 Ἀλλὰ
691 1236 799 1275 πάλιν
818 1237 944 1287 ἑτέρων
974 1236 1165 1287 δεκατριῶν

137 1301 224 1337 ἐτῶν
244 1298 387 1351 ἀριθμὸν
411 1298 589 1350 γυμνάσας
617 1301 635 1336 6
654 1297 897 1350 φιλάνθρωπος
916 1298 1007 1340 Θεὸς
1033 1300 1092 1335 τοῦ
1112 1298 1164 1334 δι·

137 1359 236 1398 καίου
266 1360 330 1407 τὴν
348 1358 539 1409 ὑπομονὴν,
557 1358 636 1397 τότε
656 1358 720 1406 τὴν
741 1358 871 1397 οἰκείαν
898 1357 1088 1410 ὑπόσχεσιν
1118 1359 1166 1401 εἷς

137 1421 236 1472 ἔργον
267 1420 353 1471 ἄγει.
381 1419 529 1467 Ἐπειδὴ
560 1419 628 1472 γὰρ
663 1413 731 1458 εἶδε
763 1420 905 1463 ἶ’καλῶς
935 1418 1094 1471 καθάπερ
1129 1419 1165 1456 ἐν

135 1480 360 1534 χωνευτηρίῳ
379 1480 435 1518 διὰ
458 1486 520 1519 τοῦ
546 1480 680 1532 μήκους
697 1485 758 1519 τοῦ
791 1481 917 1534 χρόνου
948 1480 988 1518 τὸ
1021 1479 1166 1532 χρυσίον

137 1541 360 1595 ἔκκαθαρθὲν,
390 1543 450 1581 καὶ
477 1542 728 1595 λαμπροτέραν
756 1542 816 1581 καὶ
851 1541 1080 1596 φαιδροτέραν
1105 1546 1166 1580 τοῦ

137 1603 271 1643 δικαίου
305 1603 368 1651 τὴν
402 1603 529 1656 ἀρετὴν
568 1606 821 1656 ἀναφανεῖσαν·
858 1603 1007 1650 εΗνίκα,
1046 1603 1166 1656 φησὶν,

136 1665 273 1717 ἐγένετο
287 1664 428 1717 Ἄδραμ
453 1667 540 1704 ἐτῶν
574 1663 920 1714 ἐννενηκονταεννέα,
941 1664 1042 1718 ὤφθη
1070 1666 1166 1717 αὐτῷ

139 1726 244 1765 πάλιν
281 1730 299 1765 6
331 1726 434 1770 Θεός.
465 1726 535 1765 Καὶ
568 1726 660 1770 τίνος
696 1727 812 1765 ἕνεκεν
843 1729 1008 1765 τοσοῦτον
1041 1726 1165 1778 χρόνον

140 1788 447 1840 ἐμακροθύμησεν;
467 1790 549 1840 Οὐχ
565 1788 622 1826 ἵνα
637 1791 697 1826 τοῦ
715 1788 849 1827 δικαίου
871 1788 973 1840 μόνον
996 1787 1060 1835 τὴν
1082 1789 1167 1824 ὑπο-

141 1849 261 1900 μονὴν,
287 1848 346 1887 καὶ
375 1848 439 1896 τὴν
465 1849 600 1896 πολλὴν
633 1849 759 1902 ἀρετὴν
796 1849 1072 1900 καταμάθωμεν,
1088 1850 1165 1887 ἀλλ’

138 1910 194 1948 ἵνα
210 1911 270 1948 καὶ
289 1913 350 1957 τῆς
367 1913 472 1948 αὐτοῦ
500 1910 678 1961 δυνάμεως
703 1911 766 1959 τὴν
792 1910 990 1964 ὑπερὸολὴν
1021 1910 1164 1961 ἴδωμεν.

137 1973 266 2010 Ἥνίκα
284 1972 352 2024 γὰρ
371 1972 608 2024 ἀπηγόρευσεν
626 1975 648 2018 ἡ
669 1971 787 2024 φύσις,
814 1972 873 2011 καὶ
892 1972 978 2025 πρὸς
1001 1970 1064 2019 τὴν
1083 1987 1170 2009 παι·

139 2033 295 2070 δοποιίαν
318 2031 440 2070 λοιπὸν
459 2032 636 2084 ἄχρηστος
664 2027 719 2080 ἧν,
748 2032 1086 2085 καταμαρανθέντων
1104 2034 1166 2070 αὖ-

139 2098 198 2131 τοῦ
219 2095 287 2131 τῶν
315 2095 442 2144 μελῶν,
468 2093 527 2131 καὶ
552 2094 824 2146 κατεψυγμένων
850 2095 918 2133 ὑπὸ
946 2097 1004 2132 τοῦ
1029 2093 1167 2145 γήρως,

138 2154 216 2192 τότε
245 2154 304 2192 καὶ
332 2158 393 2192 τοῦ
420 2154 554 2192 δικαίου
584 2154 648 2203 τὴν
676 2155 804 2208 ἀρετὴν
834 2155 1078 2200 ε’κκαλύπτων,
1107 2153 1167 2192 καὶ

138 2216 201 2264 τὴν
229 2215 360 2254 οἰκείαν
381 2214 514 2258 δεικνὺς
541 2215 700 2267 δύναμιν,
722 2216 766 2254 τὰ
794 2218 858 2262 τῆς
886 2214 1098 2267 ἐπαγγελίας
1118 2215 1167 2257 εἷς

138 2278 237 2330 ἔργον
266 2277 354 2329 ἄγει.
371 2275 465 2315 Ἀλλ’
481 2279 671 2329 ἀναγκαῖον
696 2281 843 2317 ἀκοῦσαι
876 2277 936 2316 καὶ
964 2278 1080 2315 αὐτῶν
1097 2278 1166 2314 τῶν

137 2339 235 2391 παρὰ
266 2343 326 2377 τοῦ
363 2340 456 2377 Θεοῦ
489 2339 575 2392 πρὸς
607 2340 711 2378 αὐτὸν
744 2339 931 2393 ῥηθέντων.
962 2338 1164 2391 Γενομένῳ,

139 2401 259 2453 φησὶν,
288 2400 382 2451 αὐτῷ
418 2401 504 2438 ἐτῶν
539 2400 866 2449 ἐννενηκονταεννέα
894 2400 993 2454 ὤφθη
1029 2401 1125 2452 αὐτῷ
1149 2402 1168 2438 6

139 2461 247 2507 Θεὸς,
280 2460 339 2498 καὶ
368 2453 464 2498 εἶπεν
492 2463 598 2513 αὐτῷ.
617 2461 734 2501 αΟταν
765 2461 801 2500 δὲ
829 2461 1000 2514 ἀκούσῃς,
1029 2461 1167 2514 Ὤφθη,

141 2521 249 2572 μηδὲν
274 2522 434 2560 ταπεινὸν
455 2521 649 2570 ὑπόπτευε,
682 2524 772 2575 μηδὲ
801 2523 946 2576 νομίσῃς
977 2523 1168 2576 ὀφθαλμοῖς

140 2582 267 2634 σαρκὸς
284 2584 428 2634 ὁρᾶσθαι
453 2582 516 2630 τὴν
546 2583 638 2622 θείαν
658 2584 793 2632 ἐκείνην
822 2584 882 2622 καὶ
913 2584 1087 2637 ἄφθαρτον
1106 2583 1169 2622 δύ-

140 2659 256 2694 ναμιν,
283 2642 362 2682 ἀλλ’
389 2644 541 2688 εὔσεὸῶς
574 2645 712 2685 ἅπαντα
727 2647 810 2685 νόει.
838 2645 956 2699 Ὠφθη
989 2640 1048 2684 οῧν
1073 2646 1169 2698 αὐτῷ

141 2707 159 2743 6
175 2703 281 2751 Θεὸς,
304 2704 380 2743 ἀντὶ
405 2709 484 2754 τοῦ,
501 2708 563 2753 τῆς
592 2709 676 2760 παρ’
705 2709 811 2746 αὐτοῦ
841 2706 1000 2756 δηλονότι
1031 2706 1170 2746 ἐπισκέ-

142 2769 232 2819 ψεως
251 2766 352 2804 αὑτὸν
371 2767 497 2812 ἠξίωσε
509 2798 519 2816 ,
540 2761 599 2808 καί
625 2770 718 2815 ἄξιον
743 2770 847 2809 αὐτὸν
864 2769 1089 2822 ἡγησάμενος
1106 2772 1170 2816 τῆς

143 2829 226 2878 παρ’
248 2828 370 2866 ἑαυτοῦ
386 2828 571 2880 προνοίας,
587 2831 701 2883 πολλῇ
721 2830 939 2884 κεχρημένος
961 2834 1006 2883 τῇ
1037 2847 1168 2883 συγκα-

143 2887 310 2934 ταὲάσει,
332 2887 391 2925 καὶ
418 2889 632 2942 διαλέγεται,
663 2892 723 2930 καί
757 2908 882 2945 φησιν·
917 2891 1014 2944 Ἐγώ
1045 2895 1120 2944 εἶμι
1152 2895 1170 2931 6

144 2947 233 2991 Θεός
253 2963 333 2985 σου·
352 2949 530 3001 εὖαρέστει
548 2952 702 2990 ἐναντίον
728 2969 817 3004 μου,
841 2953 902 2992 καὶ
929 2952 1026 3005 γίνου
1053 2954 1169 3005 ἄμεμ-

145 3024 248 3057 πτος,
265 3009 323 3047 καὶ
342 3009 494 3060 θήσομαι
511 3011 576 3059 τὴν
594 3013 762 3062 διαθήκην
789 3031 854 3067 μου
877 3014 944 3053 ἀνὰ
963 3013 1070 3066 μέσον
1087 3017 1172 3067 ἐμοῦ

146 3070 206 3108 καὶ
230 3070 296 3108 ἀνὰ
325 3070 430 3122 μέσον
463 3087 546 3121 σου,
568 3073 627 3112 καὶ
660 3076 826 3122 πληθυνῶ
857 3091 896 3114 σε
927 3075 1072 3129 σφόδρα.
1100 3077 1172 3116 Καὶ

147 3131 268 3169 ἔπεσεν
296 3131 434 3185 Ἀὅραμ
461 3134 518 3172 ἐπὶ
543 3135 728 3187 πρόσωπον
751 3138 866 3176 αὐτοῦ.
887 3137 1010 3184 Πολλὴ
1039 3141 1099 3177 τοῦ
1125 3139 1173 3176 δι-

148 3191 246 3229 καίου
275 3195 297 3239 ἡ
330 3195 598 3246 εὐγνωμοσύνη,
630 3197 900 3250 ὑπερὲάλλουσα
937 3202 997 3237 τοῦ
1043 3201 1173 3251 ἀγαθοῦ

149 3253 241 3289 Θεοῦ
271 3255 294 3299 ἡ
328 3254 409 3306 περὶ
438 3255 541 3299 αὐτὸν
570 3258 823 3310 φιλανθρωπία.
839 3258 937 3311 Ἐγὼ
973 3259 1042 3312 γάρ
1078 3263 1175 3313 εἶμι,

151 3312 254 3363 φησὶν
263 3341 274 3359 ,
300 3315 318 3351 6
340 3314 429 3359 Θεός
454 3331 534 3354 σου·
560 3319 744 3371 μονονουχὶ
771 3319 904 3372 λέγων,
931 3322 948 3358 6
980 3321 1086 3374 μέχρι
1116 3325 1175 3359 τοῦ

1077 231 1237 262 GENES.

1277 231 1434 261 nomn„
1475 230 1630 260 xxxix.
2098 222 2188 282 43¹.)

1236 328 1348 367 neque
1372 314 1547 352 curiosius
1573 313 1795 365 disquirebat
1816 328 1924 366 quare
1947 326 2088 368 accepta
2112 332 2190 369 pro-

1235 376 1404 414 missione
1420 376 1497 424 tali,
1518 375 1555 414 in
1575 384 1689 415 tantas
1706 375 1862 427 talesque
1878 377 2084 414 tentationes
2105 393 2189 429 quo-

1234 436 1322 474 tidie
1342 436 1528 483 incideret,
1545 446 1578 476 et
1595 446 1692 475 tanto
1714 446 1871 489 tempore
1885 447 2041 476 maneret
2058 439 2189 490 absque

1234 498 1343 549 prole.
1360 499 1485 536 Noluit
1509 499 1602 537 enim
1633 507 1752 551 utpote
1776 498 1872 552 pius,
1892 498 2058 538 humanis
2085 502 2189 539 ratio-

1234 558 1339 596 nibus
1359 574 1398 597 ea
1420 574 1499 610 quae
1526 574 1546 598 a
1568 561 1644 597 Deo
1675 559 1806 598 {iebant
1835 561 2024 613 subjicere,
2052 571 2087 600 ct
2105 562 2188 601 boni

1234 621 1456 670 consulebat,
1491 631 1660 672 grateque
1701 622 1917 675 suscipiebat
1962 638 2190 676 quincumque

1235 682 1309 720 Deo
1330 683 1469 720 fuerant
1488 682 1574 720 visa.

1290 988 1326 1024 Ω.
1351 986 1398 1025 Et
1418 995 1498 1040 post
1515 986 1697 1025 decimum
1720 1001 1852 1026 annum
1881 992 2035 1043 suscepit
2067 993 2192 1030 Ismar-

1238 1047 1306 1085 lcm
1334 1062 1379 1086 ex
1397 1048 1546 1097 ancilla,
1566 1058 1757 1102 posteaque
1784 1050 1820 1088 in
1853 1051 1916 1089 illo
1945 1055 2083 1104 putavit
2114 1070 2193 1107 pro-

1239 1107 1443 1145 missionem
1473 1108 1755 1162 adimplendam.
1794 1109 1883 1148 Erat
1917 1112 2012 1150 enim
2046 1116 2194 1165 patriar-

1239 1169 1328 1217 cha,
1363 1168 1505 1220 quando
1539 1179 1643 1208 natus
1677 1179 1729 1209 est
1767 1170 1799 1209 ei
1836 1172 1988 1223 Ismad,
2023 1188 2195 1213 annorum

1238 1229 1416 1281 octoginta
1442 1244 1516 1269 sex.
1538 1230 1610 1270 Sed
1628 1232 1757 1270 itemm
1776 1232 1947 1272 tredecim
1975 1235 2076 1274 annis
2095 1251 2196 1275 exer-

1238 1300 1338 1329 cetur
1355 1305 1375 1328 a
1394 1291 1549 1343 benigno
1569 1293 1645 1332 Deo
1657 1294 1734 1347 ejus
1749 1294 1935 1347 patientia,
1953 1296 2065 1335 donec
2085 1298 2197 1350 ipsius

1238 1352 1425 1405 promissio
1454 1352 1657 1406 impleatur.
1686 1355 1780 1393 Nam
1803 1356 1886 1408 quia
1905 1358 2016 1410 probe
2038 1369 2196 1405 noverat,

1238 1413 1542 1465 quemadmodum
1561 1429 1690 1454 aurum
1705 1416 1742 1455 in
1761 1417 1903 1457 fornace
1929 1420 2098 1472 temporis
2115 1420 2198 1458 diu-

1239 1475 1420 1521 turnitate,
1455 1475 1504 1514 ita
1533 1477 1672 1529 justum
1700 1479 1872 1531 purgari,
1902 1481 2048 1533 ejusque
2079 1481 2198 1520 virtu-

1238 1544 1311 1574 tem
1337 1536 1523 1576 clariorem
1543 1547 1576 1576 et
1596 1538 1828 1578 illustriorem
1846 1540 1924 1579 sieri
1942 1557 1949 1578 :
1967 1543 2002 1579 1.
2031 1543 2197 1593 Quando
2213 1555 2289 1594 Cap.
2311 1563 2354 1590 ¹7-

1226 1599 1369 1652 factus
1396 1607 1454 1637 est
1485 1600 1640 1638 Abram
1666 1615 1859 1640 annorum
1890 1608 2108 1656 nonaginta
2130 1620 2197 1642 no-

1190 1668 1214 1698 Ε
1243 1673 1339 1706 vem,
1355 1659 1485 1711 inquit,
1506 1665 1686 1714 apparuit
1701 1667 1738 1701 ei
1754 1667 1859 1702 Deus
1876 1667 2026 1703 iterum.
2050 1667 2095 1704 Et
2111 1682 2199 1718 qua-

1240 1733 1361 1757 renam
1394 1729 1492 1759 tanto
1531 1731 1688 1775 tempore
1718 1723 1888 1763 distulit?
1909 1727 1960 1764 Ut
1984 1741 2053 1766 non
2081 1728 2197 1766 solum

1236 1779 1325 1831 justi
1355 1781 1564 1832 patientiam
1593 1792 1626 1821 et
1656 1784 1824 1823 virtutem
1857 1785 2054 1836 discamus,
2075 1789 2136 1827 sed
2165 1799 2198 1827 et

1242 1840 1451 1880 immensam
1485 1842 1598 1895 ipsius
1636 1845 1831 1897 potentiam
1874 1847 2066 1887 videamus.
2106 1851 2198 1889 Cum

1242 1901 1336 1938 enim
1356 1901 1447 1940 nihil
1466 1903 1542 1955 spei
1560 1913 1595 1942 et
1610 1907 1884 1959 exspectationis
1900 1918 1989 1947 esset
2008 1910 2044 1947 in
2075 1921 2198 1949 natura

1241 1976 1318 2013 quae
1344 1962 1390 2000 ad
1418 1965 1673 2016 procreandam
1702 1967 1839 2020 prolem
1874 1969 2013 2008 inutilis
2043 1981 2130 2016 erat,
2167 1981 2200 2010 et

1243 2023 1401 2061 membra
1418 2038 1490 2076 prae
1506 2036 1683 2065 senectute
1695 2027 1867 2080 languida
1882 2039 1913 2068 et
1927 2030 2057 2082 frigida
2074 2043 2200 2079 essent,

1242 2092 1326 2122 tunc
1351 2084 1494 2124 tandem
1521 2087 1610 2139 justi
1643 2088 1815 2128 virtutem
1849 2090 2002 2141 detexit,
2032 2102 2065 2130 et
2099 2109 2199 2132 suam

1241 2145 1434 2197 potentiam
1469 2146 1662 2198 indicavit,
1695 2150 1967 2202 promissionem
2004 2152 2198 2206 implendo.

1240 2205 1312 2244 Sed
1330 2219 1446 2258 operae
1468 2209 1625 2260 pretium
1645 2219 1710 2257 est,
1730 2219 1770 2248 ut
1792 2211 1922 2250 iterum
1951 2213 2140 2253 audiamus
2161 2230 2199 2254 ea

1180 2300 1227 2326 597
1240 2267 1317 2319 ipsa
1351 2282 1429 2319 quae
1461 2283 1542 2308 cum
1570 2271 1635 2310 illo
1669 2273 1767 2311 Deus
1798 2273 1967 2325 loquutus
1998 2285 2049 2314 est
2078 2278 2198 2315 verba.

1192 2338 1216 2367 Α
1244 2327 1340 2366 Cum
1361 2329 1502 2381 sactus
1533 2333 1636 2370 enim
1670 2342 1781 2378 esset,
1818 2334 1948 2385 inquit,
1987 2341 2201 2391 nonaginta

1242 2402 1380 2428 novem
1401 2404 1614 2442 annorum,
1635 2397 1815 2446 apparuit
1831 2398 1867 2434 ei
1887 2397 2016 2447 Deus,
2037 2407 2074 2436 et
2103 2400 2201 2437 dixit

1243 2451 1290 2486 ei.
1304 2450 1397 2489 Cum
1414 2460 1534 2490 autem
1547 2453 1717 2504 audieris,
1733 2456 1943 2507 Apparuit,
1957 2458 2050 2496 nihil
2064 2459 2201 2498 humile

1242 2512 1445 2565 suspiceris,
1467 2527 1580 2565 neque
1600 2524 1702 2567 putes
1724 2517 1836 2555 oculis
1864 2518 2066 2557 carnalibus
2085 2520 2199 2558 videri

1241 2572 1404 2612 divinam
1418 2573 1520 2612 illam
1538 2584 1572 2613 et
1590 2576 1899 2629 incorruptibilem
1919 2581 2124 2630 potentiam,
2139 2580 2199 2619 sed
2215 2602 2311 2635 ‘mm
2331 2611 2402 2627 ocu-

1241 2635 1299 2688 pie
1316 2635 1435 2674 omnia
1455 2636 1624 2689 intellige.
1645 2639 1841 2690 Apparuit
1860 2640 1990 2691 igitur,
2008 2645 2045 2679 ei
2063 2644 2170 2681 Deus
2184 2660 2197 2681 .·
2213 2641 2248 2667 ¹³⁵
2276 2652 2331 2668 ‘¹0¹²
2358 2652 2399 2668 Η·

1242 2696 1310 2735 hoc
1325 2707 1388 2746 est,
1404 2697 1609 2736 visitatione
1628 2713 1691 2737 sua
1707 2699 1811 2737 illum
1823 2699 1992 2752 dignatus
2009 2712 2075 2751 est,
2093 2713 2126 2742 et
2144 2704 2200 2742 di·
2213 2682 2311 2710 dem*

1243 2770 1352 2808 gnum
1369 2756 1476 2795 duxit
1497 2771 1579 2795 eum
1601 2759 1702 2810 cujus
1720 2773 1842 2797 curam
1860 2770 1993 2812 ageret,
2015 2777 2100 2801 usus
2119 2778 2200 2802 ma-

1244 2832 1311 2871 gna
1337 2818 1508 2856 sermonis
1527 2820 1829 2872 attemperatione.
1860 2822 1973 2862 Dixit
2007 2828 2124 2874 enim,
2143 2826 2201 2864 in-

1244 2880 1332 2932 quit,
1353 2881 1406 2917 ad
1420 2893 1527 2917 eum.-
1541 2881 1628 2933 Ego
1647 2895 1731 2919 sum
1753 2882 1860 2921 Deus
1880 2892 1993 2930 tuus;
2013 2886 2126 2942 place
2142 2901 2203 2925 co-

1245 2955 1329 2979 ram
1347 2954 1418 2990 me,
1433 2949 1469 2978 et
1485 2950 1566 2979 esto
1583 2943 1941 2995 irreprehensibilis,
1957 2948 1993 2984 a.
2010 2956 2047 2984 et
2060 2961 2204 2999 ponam

1246 3011 1517 3041 testamentum
1545 3016 1669 3041 meum
1693 3005 1794 3042 inter
1819 3019 1880 3044 me
1902 3015 1939 3045 et
1962 3009 2064 3046 inter
2086 3018 2141 3058 tc,
2168 3019 2203 3048 et

1247 3065 1515 3116 multiplicabo
1531 3072 1567 3102 te
1586 3065 1717 3103 valde.
1738 3067 1774 3105 5.
1792 3067 1846 3104 Et
1862 3070 2030 3119 procidit
2049 3071 2202 3109 Abram

1198 3142 1220 3172 B
1247 3126 1515 3179 superjacient
1531 3138 1653 3163 suam.
1667 3126 1799 3178 Magna
1806 3129 1894 3180 justi
1910 3131 2081 3182 probitas,
2092 3132 2205 3170 excel-

1247 3186 1323 3225 lens
1337 3186 1419 3224 item
1442 3186 1707 3225 clementissimi
1722 3189 1787 3227 Dei
1806 3189 1842 3227 in
1862 3190 1967 3230 illum
1988 3192 2200 3244 benignitas,

1248 3255 1334 3306 Ego
1351 3267 1448 3302 sum,
1465 3253 1593 3304 inquit,
1610 3254 1716 3293 Deus
1732 3264 1838 3295 tuus:
1853 3259 1953 3309 quasi
1967 3258 2111 3309 diceret,
2129 3259 2205 3311 Ego

1251 3334 1328 3358 sum
1347 3319 1409 3370 qui
1431 3333 1542 3371 usque
1564 3319 1599 3359 in
1620 3335 1772 3374 praesens
1789 3337 1843 3362 res
1865 3333 1943 3363 tuas
1963 3326 2072 3364 variis
2092 3325 2206 3364 modi>

2244 2555 2323 2584 Deus
2337 2566 2403 2584 eor-

195 3431 208 3443 *
235 3425 337 3458 καλῶς
355 3420 446 3454 deest
464 3426 494 3456 in
513 3423 627 3457 noret.
643 3437 650 3466 ς
666 3424 722 3458 scd
740 3423 880 3459 habetur
906 3427 939 3460 in
959 3426 1060 3461 Savit.
1079 3435 1112 3460 et
1130 3428 1162 3459 iu
1190 3426 1264 3459 ›ts-s.

1935 3476 1974 3508 31
