2516 3791
346 146 436 191 882

342 253 449 282 stans.
470 244 571 283 Sicut
599 244 692 282 enim
712 259 802 297 saepe
820 246 1054 296 Imperatores
1073 257 1213 291 eorum,
1233 243 1295 293 qui

343 305 484 357 egregie
500 319 536 343 se
554 305 592 343 in
605 306 771 358 pugilum
787 305 978 344 certamine
1000 314 1198 357 gesserunt,
1216 314 1296 343 ante

341 376 448 418 caput
462 376 629 404 coronant
648 366 811 404 dextram
830 375 893 403 aut
910 365 1046 417 pugilis
1066 376 1128 404 aut
1146 380 1294 419 pancra-

341 428 454 466 tiastae
474 445 481 464 :
501 429 549 466 ita
564 438 596 466 et
611 430 707 466 Deus
723 443 867 466 manum
883 427 986 466 illam
1004 429 1199 478 coronavit,
1215 444 1295 480 quae

341 489 502 540 gladium
545 503 677 541 purum
712 489 868 541 potuerit
905 489 1074 539 educere,
1107 505 1296 542 ensemque
1317 504 1340 533 Β

341 551 418 588 Deo
447 549 546 587 nullo
576 550 746 601 sanguine
780 551 1060 589 contaminatum
1094 551 1295 602 ostendere,

341 611 494 662 denique
524 610 694 649 adversus
719 620 854 650 tantam
875 611 1068 650 iracundiae
1098 614 1291 665 procellam

341 671 512 710 resistere.
529 672 608 709 Non
630 685 790 723 egressus
808 682 860 711 est
879 682 1018 725 gestans
1034 674 1152 712 Saulis
1169 674 1293 713 diade-

342 748 419 782 ma,
447 732 508 770 sed
535 747 694 785 egressus
712 743 763 772 est
783 743 921 786 gestans
942 749 1107 773 coronam
1123 736 1270 788 justitiae
1281 752 1292 787 3

341 809 409 833 non
439 808 599 846 egressus
628 804 679 833 est
706 805 845 847 gestans
868 797 961 848 regis
989 812 1206 850 purpuream
1235 812 1296 836 ve-

341 867 443 905 stem,
466 856 528 894 sed
540 870 700 907 egressus
713 867 764 895 est
783 858 934 896 amictus
951 858 1174 896 humanitate
1194 869 1297 897 natu-

340 932 417 955 ram
430 917 625 955 humanam
639 928 828 971 superante
838 949 848 967 ,
865 919 962 970 quod
981 920 1132 972 pallium
1144 929 1195 957 est
1209 935 1297 970 qua-

341 979 396 1017 vis
424 979 511 1016 stola
524 979 821 1030 magnificentius.
835 979 1007 1031 Egressus
1020 989 1071 1018 est
1084 995 1102 1018 e
1117 981 1297 1033 spelunca,

212 1055 333 1084 Confert
343 1048 439 1078 tanta
453 1054 535 1078 cum
555 1040 666 1091 gloria
680 1071 690 1088 ,
715 1055 796 1079 cum
813 1050 943 1092 quanta
960 1050 1031 1080 tres
1045 1042 1146 1094 pueri
1167 1042 1297 1095 egressi
1319 1057 1343 1087 c

149 1097 292 1125 Davidem

344 1111 424 1140 sunt
438 1117 456 1140 c
473 1102 611 1140 camino
626 1102 781 1142 ardente.
796 1105 888 1141 Nam
904 1112 944 1142 ut
974 1104 1053 1142 illos
1074 1118 1143 1142 non
1163 1104 1299 1143 exussit

144 1149 210 1166 cum
240 1139 333 1166 trihus
347 1165 354 1170 ,

143 1181 255 1217 pneris.

143 1221 224 1249 Dan.
243 1220 272 1249 3.

151 2836 232 2862 Dm.
256 2836 301 2872 ¹¹4.

344 1165 454 1215 lgnis,
478 1164 527 1202 ita
547 1164 605 1202 hic
625 1178 692 1202 non
714 1165 946 1217 conflagravit
974 1165 1035 1203 irae
1055 1164 1230 1203 incendio.
1251 1165 1298 1203 Et

345 1226 417 1264 illis
428 1225 573 1277 quidem
590 1225 674 1264 foris
684 1226 776 1264 nihil
789 1226 897 1278 ignis,
913 1226 948 1264 in
961 1241 1032 1278 quo
1045 1226 1295 1277 versabantur,

343 1287 463 1325 nocuit
480 1303 487 1323 :
504 1287 566 1324 hic
585 1301 671 1325 vero
693 1301 774 1324 cum
790 1287 886 1325 intus
902 1286 1049 1325 haberet
1062 1287 1231 1326 carbones
1244 1302 1299 1325 ac-

341 1362 481 1395 censos,
506 1362 587 1386 cum
613 1348 699 1386 foris
732 1348 872 1386 videret
899 1348 1086 1387 diabolum
1120 1350 1299 1387 caminum

341 1409 607 1456 incendentem,
627 1409 672 1447 ab
693 1409 830 1447 inimici
857 1419 1064 1463 conspectU,
1095 1411 1141 1448 ab
1169 1411 1300 1448 exhor-

339 1474 472 1511 tatione
501 1474 680 1520 militum‚
710 1489 728 1512 a
747 1474 915 1512 facilitate
925 1475 1131 1527 perficiendi
1152 1475 1296 1525 caedem,

339 1549 358 1573 a
379 1535 569 1573 solitudine
588 1549 711 1573 eorum
729 1535 790 1586 qui
812 1535 913 1574 Sauli
940 1545 1083 1588 possent
1101 1536 1293 1586 auxiliari,

339 1610 358 1633 a
377 1596 640 1648 proeteritorum
656 1597 843 1645 memoria,
863 1611 883 1634 a
901 1597 1102 1634 futurorum
1118 1598 1297 1649 periculo-

338 1672 420 1695 rum
454 1666 551 1695 metu
578 1657 777 1708 (siquidem
807 1657 883 1696 haec
913 1667 946 1696 et
965 1658 1173 1707 sarmentis,
1193 1659 1295 1711 pice,

338 1719 499 1771 stipulis,
522 1733 564 1757 ac
601 1719 734 1757 caeteris
760 1719 948 1769 omnibus,
979 1720 1112 1771 quibus
1134 1720 1295 1759 caminus
1321 1721 1342 1750 ὓ

337 1780 398 1818 ille
428 1780 649 1833 Babylonius
677 1780 954 1830 incendebatur,
987 1781 1197 1820 lucidiorem
1229 1796 1295 1820 ex-

338 1842 495 1879 citabant
539 1842 764 1890 ssammam),
785 1851 904 1880 tamen
923 1857 993 1880 non
1019 1842 1152 1880 exarsit
1171 1842 1294 1881 David

338 1918 449 1955 neque
462 1904 537 1941 ullo
549 1913 650 1956 pacto
666 1903 715 1941 sic
724 1903 959 1952 fuitaffectus,
971 1913 1009 1942 ut
1018 1913 1292 1943 consentaneum

339 1974 414 2002 erat
446 1980 529 2003 eum
551 1964 645 2002 effici
669 1981 676 2001 :
698 1964 759 2003 sed
779 1965 893 2003 exivit
911 1980 1048 2018 purus,
1084 1975 1117 2003 et
1142 1965 1293 2004 intuitus

339 2026 476 2064 inimici
503 2026 649 2073 faciem,
680 2026 766 2064 binc
792 2025 948 2064 maxime
981 2026 1108 2064 sumsit
1133 2027 1295 2065 animum

339 2088 466 2126 fortem
499 2102 540 2125 ac
570 2087 872 2140 philosophicum.
907 2088 999 2125 Cum
1029 2088 1124 2126 enim
1157 2088 1297 2127 videret

340 2149 444 2186 illum
468 2148 642 2196 dormire,
672 2163 712 2186 ac
746 2163 888 2187 manere
910 2149 1132 2187 immobilem
1147 2180 1156 2195 ,
1183 2164 1298 2201 neque

340 2209 537 2261 quidquam
556 2224 656 2262 posse
669 2210 795 2258 facere,
813 2225 876 2248 suo
891 2225 973 2248 cum
992 2211 1110 2249 animo
1126 2212 1296 2263 loquutus

341 2280 392 2308 est
411 2286 418 2306 :
441 2271 516 2308 Ubi
538 2284 631 2307 nunc
651 2270 710 2307 ille
728 2271 857 2308 furor?
879 2271 942 2308 ubi
964 2271 1026 2308 illa
1046 2272 1208 2310 malitia?
1229 2273 1292 2310 ubi

343 2340 394 2370 tot
416 2332 572 2380 technae,
605 2340 655 2369 tot
687 2330 854 2369 insidiae?
874 2331 1045 2370 Abierunt
1065 2333 1183 2370 omnia
1209 2333 1293 2384 illa,
1323 2337 1345 2366 F·

340 2393 593 2445 perieruntque
606 2392 727 2443 exigui
748 2393 862 2431 somni
875 2392 1020 2431 incursu
1038 2409 1045 2430 :
1061 2394 1155 2446 jacet
1173 2395 1299 2445 alliga-

342 2464 400 2492 tus
421 2468 484 2491 rex
498 2483 508 2503 ,
533 2468 615 2491 cum
639 2454 731 2491 nihil
751 2454 880 2492 horum
897 2468 960 2492 nos
980 2469 1093 2506 neque
1121 2456 1300 2507 cogitave-

342 2515 455 2553 rimus
469 2545 478 2557 ,
496 2529 607 2565 neque
624 2515 890 2567 perfecerimus.
919 2516 1169 2568 Conspiciebat
1198 2517 1301 2555 illum

344 2575 599 2624 dormientem,
630 2591 670 2614 ac
705 2575 748 2613 dc
779 2585 893 2614 morte
923 2576 1092 2614 omnibus
1121 2578 1302 2616 communi

347 2637 680 2690 philosophabatur.
705 2638 858 2675 Somnus
877 2638 972 2675 enim
992 2637 1081 2675 nihil
1105 2638 1206 2676 aliud
1228 2648 1301 2689 est,

345 2713 453 2749 quam
466 2713 561 2736 mors
587 2698 799 2750 temporaria
811 2729 819 2744 ,
835 2708 869 2736 et
883 2698 1112 2749 quotidianus
1127 2699 1300 2738 interitus.

352 2760 457 2798 Haud
475 2760 719 2813 intempestive
732 2760 811 2810 quis
824 2760 884 2797 hic
898 2760 1097 2798 meminerit
1111 2761 1217 2799 etiam
1232 2763 1304 2799 Da-

352 2822 467 2859 nielis.
487 2821 799 2867 Quemadmodum
827 2822 920 2860 enim
944 2821 1005 2860 ille
1023 2822 1210 2860 ascondita
1225 2823 1304 2860 lacu

351 2883 525 2934 superatis
551 2883 633 2920 feris
654 2882 836 2931 leonibus,
861 2883 906 2920 ita
928 2893 961 2921 et
979 2883 1039 2920 hic
1057 2898 1075 2920 e
1097 2898 1201 2936 specu
1223 2898 1304 2936 pro-

351 2943 430 2991 diit,
445 2943 525 2980 aliis
543 2943 663 2980 bestiis
677 2943 779 2993 longe
797 2944 1007 2982 szevioribus
1025 2944 1191 2983 devictis.
1213 2947 1302 2983 Nam
1316 2983 1330 2990 „

351 3005 549 3055 sicutjusto
568 3004 618 3040 illi
636 3004 750 3041 leones
766 3004 849 3041 hinc
866 3014 972 3055 atquc
992 3005 1075 3042 hinc
1091 3005 1303 3053 assidebant,
1330 3021 1351 3048 Α

350 3067 398 3103 ita
413 3065 507 3102 hune
520 3065 685 3101 omuibus
702 3065 862 3102 leonibus
877 3066 1090 3104 efferatiores
1102 3082 1141 3104 ac
1152 3067 1304 3105 validio-

351 3142 407 3166 1es
430 3126 536 3164 animi
558 3135 674 3163 motus
694 3126 918 3164 invaserunt:
935 3127 1020 3165 hinc
1040 3127 1242 3179 indignatio
1261 3128 1306 3166 de

352 3187 562 3241 lancternis,
583 3187 682 3224 illinc
701 3187 903 3224 futurorum
925 3197 1040 3226 metus
1064 3205 1071 3225 :
1096 3203 1221 3226 verum
1241 3189 1304 3227 ho-

354 3264 431 3287 rum
453 3258 643 3299 utrumque
673 3247 733 3284 hic
758 3248 932 3295 coercuit,
957 3263 1016 3286 ora
1040 3249 1164 3287 bestiis
1183 3250 1303 3288 occlu-

397 3364 412 3386 1·
438 3366 521 3395 υῷτω
538 3368 585 3395 ναί
604 3364 696 3403 τοὺτῳ
717 3365 837 3394 λεόντων
854 3364 991 3393 *Ji-,dmm
1009 3366 1178 3405 ἀγριώτερα.
1201 3366 1279 3398 πάθη
1306 3367 1353 3395 καὶ

1320 2983 1363 3007 163

779 163 816 192 S.
854 162 1040 192 JOANMS
1076 161 1318 191 CIlRYSOST·
1358 162 1564 194 ARCHIEP.
1602 165 1965 197 CONSTANTINOP-

1367 243 1458 297 ξίφος
1483 246 1606 298 ἴσχυσε
1621 249 1771 301 καθαρὸν
1791 249 1979 302 ἐξενεγκεῖν
1993 281 2003 299 ,
2034 251 2092 288 καὶ
2109 251 2323 303 ἀναίμακτον
2338 257 2388 307 τῷ

1365 307 1447 359 Θεῷ
1471 308 1578 352 δεῖξαι
1603 308 1666 356 τὴν
1696 310 1873 364 μάχαιραν
1888 342 1897 360 ,
1922 312 1981 350 καὶ
2002 312 2086 364 πρὸς
2101 313 2272 359 τοσαύτην
2289 317 2387 352 ἀντι-

1366 372 1490 415 στῆναι
1519 373 1626 421 θυμοῦ
1660 371 1784 423 ῥύμην.
1814 375 1891 411 Οὔκ
1911 373 2050 420 ἐξῆλθεν
2071 374 2160 425 ἔχων
2180 374 2219 412 τὸ
2235 375 2389 425 διάδημα

1365 435 1425 468 τοῦ
1444 430 1583 479 Σαοὺλ,
1604 433 1681 469 ἀλλ’
1701 432 1841 480 ἐξῆλθεν
1857 434 1948 486 ἔχων
1969 434 2135 487 στέφανον
2156 435 2387 483 δικαιοσύνης·

1367 492 1428 529 οὐκ
1445 491 1584 539 ἐξῆλθεν
1606 493 1695 546 ἔχων
1720 495 1915 548 πορφυρίδα
1943 495 2127 547 βασιλικὴν
2143 526 2152 544 ,
2178 498 2255 534 ἀλλ’
2272 497 2390 543 ἐξῆλθε

1366 553 1664 607 περιὸεὸλημένος
1696 555 1884 594 ἐπιείκειαν
1911 556 2185 609 ὓπερὸαίνουσαν
2213 557 2390 610 ἀνθρωπί-

1367 630 1428 660 νην
1445 615 1558 667 φύσιν,
1574 616 1714 666 ἱμάτιον
1727 617 1843 664 πάσης
1857 619 1982 663 στολῆς
1994 617 2250 671 λαμπρότερον.
2267 618 2394 665 'Ein-

1367 679 1422 714 θεν
1452 677 1521 714 ἀπὸ
1549 681 1608 714 τοῦ
1633 677 1806 724 σπηλαίου
1836 678 1925 728 μετὰ
1954 678 2124 726 τοσαύτης
2154 679 2391 731 περιφανείας,

1369 736 1444 788 μεθ’
1459 738 1541 784 ὅσης
1555 740 1586 775 οἱ
1600 739 1721 781 παῖδες
1736 741 1766 776 οἱ
1779 745 1871 790 τρεῖς
1885 738 1955 777 ἀπὸ
1967 741 2030 785 τῆς
2045 739 2205 790 καμίνου.
2221 739 2391 793 Καθάπερ

1367 798 1435 851 γὰρ
1454 798 1603 842 ἐκείνους
1623 802 1660 838 οὗ
1676 800 1871 838 κατέκαυσε
1887 800 1926 838 τὸ
1943 805 2025 852 π’ὔρ,
2050 799 2140 838 οὕτω
2157 800 2216 838 καὶ
2234 804 2354 838 τοῦτον
2367 804 2390 847 ἠ

1368 858 1463 910 πυρὰ
1488 861 1551 905 τῆς
1576 860 1680 910 ὀργῆς
1701 861 1762 897 οὐκ
1779 859 1962 914 ἐνέπρησε.
1991 859 2173 902 Κάκείνοις
2189 859 2252 909 μὲν
2269 858 2390 903 ἔξωθεν

1368 920 1407 958 τὸ
1426 924 1494 971 πῧρ
1513 920 1655 969 ὁμιλοῦν
1671 920 1767 958 οὐδὲν
1786 920 1945 967 ἐποίησεν
1959 936 1966 943 ·
1985 914 2082 962 οὗτος
2101 919 2137 958 δὲ
2156 919 2287 958 ἔνδοθεν
2303 918 2391 972 ἔχων

1369 979 1448 1024 τοὺς
1480 981 1654 1033 ἄνθρακας
1683 980 1907 1031 καιομένους,
1933 981 1993 1018 καὶ
2015 982 2072 1019 τὸν
2095 981 2255 1018 διάῧολον
2271 980 2394 1024 ἔξωθεν

1369 1044 1459 1095 ὁρῶν
1490 1041 1552 1089 τὴν
1584 1041 1730 1093 κάμινον
1752 1042 1963 1081 ὑποκαίοντα
1980 1070 1990 1088 ,
2011 1042 2081 1081 ἀπὸ
2107 1046 2171 1089 τῆς
2196 1042 2308 1094 ὅψεως
2334 1047 2396 1081 τοῦ

1370 1104 1494 1156 ἐχθροῦ
1506 1134 1515 1151 ,
1539 1104 1609 1142 ἀπὸ
1633 1106 1695 1150 τῆς
1714 1103 1952 1157 παραινέσεως
1967 1106 2036 1142 τῶν
2055 1107 2279 1157 στρατιωτῶν
2295 1134 2305 1152 ,
2325 1104 2396 1142 ἀπὸ

1368 1169 1431 1212 τῆς
1451 1165 1608 1209 εὐκολίας
1625 1168 1685 1212 τῆς
1705 1165 1797 1204 κατὰ
1814 1165 1878 1211 τὴν
1897 1164 2033 1218 σφαγὴν
2046 1196 2056 1214 ,
2080 1165 2150 1204 ἀπὸ
2168 1168 2230 1212 τ’ἧς
2251 1165 2396 1218 ἐρημίας

1370 1229 1437 1265 τῶν
1458 1227 1714 1274 βοηθησόντων,
1737 1228 1807 1266 ἀπὸ
1820 1230 1882 1274 τῆς
1897 1227 2039 1278 μνήμης
2054 1230 2123 1265 τῶν
2138 1226 2395 1280 παρελθόντων,

1371 1289 1441 1327 ἀπὸ
1457 1292 1518 1336 τῆς
1536 1292 1604 1327 τῶν
1629 1290 1824 1340 μελλόντων
1844 1288 1995 1340 ἀγωνίας
2014 1289 2086 1337 (καὶ
2102 1289 2170 1341 γὰρ
2185 1292 2287 1328 τοῦτο
2306 1289 2395 1335 κλη-

1372 1350 1526 1400 ματίδος,
1551 1351 1610 1389 καὶ
1628 1350 1769 1398 πίσσης,
1795 1350 1855 1389 καὶ
1876 1350 2062 1398 στυππίου,
2091 1350 2150 1389 καὶ
2167 1350 2307 1389 πάντων
2326 1351 2395 1388 τῶν

1370 1411 1433 1459 τὴν
1464 1413 1692 1451 Βαὸυλωνίαν
1723 1412 1946 1451 ἀναπτόντων
1971 1413 2117 1463 κάμινον
2145 1411 2394 1464 λαμπροτέραν

1371 1475 1479 1526 ἀνῆγε
1496 1473 1559 1520 τὴν
1576 1473 1703 1526 φλόγα)
1719 1476 1780 1512 οὐκ
1799 1473 2007 1526 ἐνεπρήσθη,
2023 1473 2099 1512 οὐδὲ
2112 1473 2219 1512 ἔπαθέ
2235 1489 2269 1511 τι
2283 1476 2397 1510 τοιοῦ-

1369 1551 1439 1581 τον,
1460 1529 1529 1573 οἷον
1551 1536 1642 1578 εἰκὸς
1661 1530 1716 1582 ἦν,
1740 1536 1816 1574 ἀλλ’
1838 1534 1957 1581 ἐξῆλθε
1977 1535 2138 1587 καθαρὸς,
2159 1534 2218 1572 καὶ
2238 1533 2319 1572 ἰδὼν
2335 1537 2395 1572 τοῦ

1370 1593 1537 1644 πολεμίου
1571 1593 1633 1640 τὴν
1668 1594 1757 1646 ὄψιν,
1785 1595 1936 1631 ἐντεῦθεν
1959 1593 2114 1644 μάλιστα
2131 1592 2393 1645 ἐφιλοσόφησεν.

1369 1653 1467 1692 Ἰδὼν
1497 1654 1564 1706 γὰρ
1594 1654 1696 1693 αὐτὸν
1725 1654 1938 1692 καθεύδοντα
1963 1653 2023 1691 καὶ
2051 1652 2214 1701 ἀκίνητον
2237 1654 2396 1705 μένοντα,

1367 1712 1429 1750 καὶ
1458 1713 1553 1751 οὐδὲν
1587 1713 1775 1763 δυνάμενον
1804 1712 2031 1765 ἐργάσασθαι,
2051 1712 2138 1765 πρὸς
2162 1712 2283 1751 ἑαυτὸν
2309 1706 2398 1751 εἷπε·

1367 1778 1434 1812 ποῦ
1453 1779 1510 1812 νῦν
1532 1777 1549 1812 ὃ
1576 1774 1680 1826 θυμὸς
1700 1777 1848 1820 ἐκεῖνος;
1879 1777 1946 1812 ποῧ
1968 1774 2002 1812 δὲ
2022 1778 2044 1822 ἡ
2067 1773 2238 1826 πονηρία,
2266 1778 2334 1813 ποῦ’
2361 1773 2397 1812 δὲ

1368 1838 1405 1874 αἱ
1418 1841 1585 1874 τοσαῦται
1602 1842 1811 1888 μαγγανεῖαι
1824 1835 1884 1874 καὶ
1901 1833 2085 1874 ἐπιδουλαί
2095 1850 2105 1881 ;
2123 1834 2272 1886 Οἴχεται
2283 1835 2399 1874 πάντα

1368 1898 1482 1935 ἐκεῖνα
1519 1898 1578 1935 καὶ
1613 1898 1792 1937 ἀπόλωλεν
1825 1897 1932 1936 ὕπνου
1963 1902 2072 1949 μικρᾷ
2103 1896 2282 1949 προσὲολῇ
2295 1927 2304 1945 ,
2339 1897 2399 1935 καὶ

1369 1965 1484 1997 κεῖται
1506 1959 1686 2010 δεδεμένος
1702 1963 1721 1998 ὃ
1740 1958 1915 2011 βασιλεὺς,
1936 1958 2032 1997 οὐδὲν
2051 1960 2152 2008 ἡμῶν
2172 1957 2398 2010 περὶτούτων

1369 2022 1668 2073 βουλευσαμένων,
1689 2020 1765 2060 οὐδὲ
1784 2019 2002 2073 πραξάντων.
2035 2018 2157 2073 Ἑώρα
2173 2018 2397 2068 καθεύδοντα,

1367 2083 1426 2122 καὶ
1461 2084 1543 2136 περὶ
1574 2089 1633 2122 τοῦ
1674 2086 1788 2122 κοινοῦ
1833 2081 1972 2120 πάντων
2011 2080 2211 2134 ἐφιλοσόφει
2237 2081 2398 2120 θανάτου.

1367 2144 1502 2190 “1’πνος
1521 2145 1588 2197 γὰρ
1604 2145 1701 2184 οὐδὲν
1719 2143 1835 2197 ἐ’τερόν
1854 2146 1960 2190 ἐστιν,
1977 2142 1999 2189 ἢ
2014 2142 2159 2187 θάνατος
2172 2142 2398 2195 πρόσκαιρος,

1369 2206 1429 2245 καὶ
1462 2206 1632 2258 ἐφήμερος
1664 2205 1823 2252 τελευτή.
1859 2206 1936 2243 Οὐκ
1955 2204 1995 2242 ἅν
2016 2220 2068 2247 τις
2088 2203 2242 2256 ἀκαίρως
2260 2203 2320 2241 καὶ
2338 2207 2399 2241 τοῦ

1370 2266 1506 2313 Δανιὴλ
1536 2270 1683 2305 ἐνταῦθα
1710 2265 1961 2316 ἀναμνησθείη.
1992 2265 2160 2317 Καθάπερ
2186 2263 2253 2317 γὰρ
2273 2267 2400 2307 ἐκεῖνος

1372 2328 1550 2366 ἀνέὸαινεν
1580 2327 1649 2366 ἀπὸ
1681 2330 1740 2365 τοῦ
1760 2326 1912 2374 λάκκου,
1940 2330 2007 2364 τῶν
2029 2325 2156 2379 θηρίων
2176 2325 2399 2378 περιγενόμε-

1371 2405 1442 2436 νος,
1465 2388 1556 2426 οὔτω
1576 2388 1635 2426 καὶ
1662 2382 1759 2431 οὗτος
1784 2387 1853 2426 ἀπὸ
1875 2393 1934 2427 τοῦ
1958 2387 2131 2435 σπηλαίου
2145 2415 2154 2432 ,
2175 2386 2303 2439 θηρίων
2324 2387 2398 2426 ἑτέ·

1373 2466 1441 2502 ρων
1461 2449 1717 2503 χαλεπωτέρων
1737 2449 1928 2503 κρατήσας.
1958 2448 2098 2500 ςὨσπερ
2119 2447 2186 2501 γὰρ
2204 2451 2254 2500 τῷ
2274 2447 2398 2501 δικαίῳ

1373 2512 1492 2564 ἐκείνῳ
1521 2511 1656 2555 λέοντες
1687 2512 1897 2564 ἑκατέρωθεν
1926 2511 2183 2564 παρεκάθηντο,
2202 2509 2322 2548 ”ofin-2
2339 2511 2399 2548 καὶ

1371 2575 1481 2627 τούτῳ
1499 2574 1635 2617 λέοντες
1666 2573 1873 2626 ἀγριώτεροι
1901 2573 2055 2620 πάντων,
2087 2572 2132 2610 τὰ
2160 2573 2255 2618 πάθη
2285 2573 2399 2612 ἐπετί-

1374 2641 1450 2676 θετο
1463 2651 1470 2659 ·
1492 2636 1596 2686 θυμὸς
1615 2639 1682 2674 τῶν
1701 2634 1943 2687 παρελθόντων
1962 2634 2069 2681 ἔνθεν,
2094 2633 2198 2686 φόδος
2219 2636 2288 2671 τῶν
2309 2636 2395 2684 μελ-

1373 2698 1502 2736 λόντων
1531 2699 1658 2734 ἐκεῖθεν
1671 2712 1678 2719 ·
1718 2696 1795 2734 ἀλλ’
1821 2694 1914 2747 ὅμως
1953 2694 2135 2747 ἀμφότερα
2165 2688 2261 2738 οἶτος
2294 2694 2397 2733 κατέ·

1375 2762 1497 2800 στελλε
1521 2759 1580 2797 καὶ
1605 2758 1808 2809 ἐπεστόμιζε

1833 2758 1878 2796 τὰ
1901 2757 2022 2808 θηρία,
2054 2757 2226 2795 διδάσκων
2250 2756 2306 2794 διὰ
2329 2759 2398 2794 τῶν

1375 2821 1507 2875 ἔργων,
1537 2821 1590 2859 ὅτι
1622 2820 1715 2858 οὐδὲν
1743 2818 2000 2873 ἀσφαλέστερον
2033 2822 2092 2857 τοῦ
2122 2818 2297 2870 φείδεσθαι
2329 2821 2398 2857 τῶν

1375 2886 1528 2935 ἐχθρῶν,
1563 2883 1640 2921 οὐδὲ
1673 2881 1934 2934 σφαλεριῖπερον
1961 2885 2021 2919 τοῦ
2046 2879 2230 2932 βούλεσθαι
2251 2881 2398 2919 ἐκδικεῖν

1378 2945 1496 2982 ἑαυτὸν
1518 2944 1575 2981 καὶ
1596 2943 1797 2994 ἀμύνεσθαι.
1832 2942 1876 2981 Ὁ
1896 2946 1976 2994 γοῦν
1999 2941 2174 2992 βουληθεὶς
2194 2941 2399 2989 ἐπεξελθεῖν,

1377 3006 1504 3057 γυμνὸς
1533 3006 1590 3043 καὶ
1612 3006 1738 3048 ἄοπλος
1758 3005 1816 3042 καὶ
1837 3004 1976 3043 πάντων
1996 3004 2145 3055 ἔρημος,
2172 3003 2330 3055 καθάπερ
2346 3004 2399 3041 αἷ-

1377 3067 1562 3119 χμάλωτος
1587 3066 1813 3119 παραδοθεὶς,
1843 3064 1949 3108 οὕτως
1975 3064 2105 3102 ἔκειτο·
2125 3067 2143 3102 ὃ
2165 3063 2200 3101 δὲ
2219 3063 2321 3101 εἴκων
2341 3063 2399 3101 καὶ

1377 3130 1599 3180 παραχωρῶν
1622 3130 1821 3179 πανταχοῦ,
1858 3126 1916 3164 καὶ
1938 3124 2025 3176 μηδὲ
2047 3124 2187 3168 δικαίως
2208 3123 2399 3168 ἐπεξελθεῖν

1378 3189 1555 3240 ἑλόμενος,
1579 3191 1687 3242 χωρὶς
1706 3187 1973 3239 μηχανημάτων
1987 3217 1997 3233 ,
2020 3185 2079 3224 καὶ
2098 3185 2231 3231 ὅπλων,
2252 3185 2312 3223 καὶ
2338 3184 2398 3223 ἵπ-

1378 3267 1472 3299 πων,
1494 3251 1551 3288 καὶ
1570 3251 1805 3303 στρατιιιπῶν,
1827 3249 1883 3286 τὸν
1900 3247 2065 3298 πολέμιον
2087 3249 2133 3290 εἰς
2151 3252 2270 3299 χεῖρας
2289 3245 2396 3296 ἐλάμ-

1377 3364 1565 3405 ὖννιττῡίτερκ
1585 3366 1746 3395 ἐπετίθετο.
1769 3361 1821 3392 Sic
1839 3358 1942 3402 Regii.
