2516 3791
118 2333 288 2370 Eleemosy—

98 2384 133 2400 na
182 2374 284 2411 praedi-

98 2421 191 2441 catur.

104 2754 174 2781 Luc.
198 2752 242 2782 16.
258 2762 288 2793 9.

104 3177 212 3204 Manli.
235 3176 284 3207 25.

100 3218 150 3245 36.

274 105 367 166 418
692 118 729 148 s.

276 204 430 253 dentur,
446 210 718 241 momentanea
738 210 841 249 sunt,
859 201 998 239 etiamsi
1018 200 1229 238 divitiarum

278 264 534 302 abundantiam
564 262 682 311 dicas,
717 262 854 300 etiamsi
888 261 1055 312 gloriam,
1094 257 1232 296 etiamsi

280 325 493 374 claritatem,
508 323 651 361 'etiamsi
673 321 929 374 principatum,
952 318 1089 356 etiamsi
1105 326 1233 369 poten-

280 386 382 436 tiam,
400 385 537 424 etiamsi
557 397 720 434 regnum,
743 380 880 418 etiamsi
901 379 1102 417 diademate
1130 376 1232 415 redi—

283 450 413 487 mitum
439 449 556 495 illum,
578 444 716 483 etiamsi
744 444 873 481 solium
899 455 1123 494 supremum:
1157 440 1235 477 haec

284 510 403 548 omnia
421 523 499 558 quae
530 506 698 545 videntur
721 503 824 541 brevi
850 512 1011 555 tempore
1038 501 1234 549 manentia,

285 583 354 608 non
381 566 575 605 admodum
621 564 834 602 diuturnum
865 563 921 601 sui
945 564 1103 601 fructum
1134 561 1237 599 nobis

769 118 952 150 JOANle
987 117 1227 149 CHRYSOST.
1268 116 1475 147 ARCHIEP.
1514 115 1871 147 CONSTANTINOP-

1297 197 1445 247 πόμενα,
1461 197 1526 234 κᾶν
1557 197 1621 244 τὴν
1641 200 1700 235 τοῦ
1724 197 1873 235 πλούτου
1893 195 2093 248 περιουσίαν
2118 196 2236 247 εἴπῃς,
2259 195 2324 233 κᾶν

1298 256 1363 303 τὴν
1386 256 1498 303 δόξαν,
1526 256 1592 294 κᾶν
1612 256 1675 303 τὴν
1695 256 1934 308 περιφάνειαν,
1956 256 2016 294 καὶ
2036 256 2099 303 τὴν
2119 256 2245 308 ἀρχὴν,
2265 255 2326 293 καὶ

1302 315 1364 362 τὴν
1394 315 1616 363 δυναστείαν,
1642 315 1706 353 κᾶν
1732 316 1840 362 αὐτὴν
1868 316 1931 362 τὴν
1961 316 2162 367 βασιλείαν,
2182 316 2241 354 καὶ
2267 315 2326 353 τὸν

1304 376 1344 414 τὸ
1362 375 1517 425 διάδημα
1545 375 1806 427 περικείμενον,
1835 376 1895 414 καὶ
1924 377 1982 415 τὸν
2013 376 2130 428 θρόνον
2152 377 2210 414 τὸν
2238 377 2327 412 ἀνω-

1306 435 1420 484 τάτω,
1453 436 1569 474 πάντα
1602 440 1713 473 ταῦτα
1739 435 1784 473 τὰ
1818 438 2018 486 βλεπόμενα
2047 436 2263 488 πρόσκαιρα,
2291 436 2326 472 ἐν

1308 500 1434 549 βραχεῖ
1451 498 1567 549 χρόνῳ
1585 496 1648 543 τὴν
1668 495 1837 546 διαμονὴν
1857 495 2136 546 ἐπιδεικνύμενα,
2157 497 2194 532 οὔ
2223 495 2328 546 μέχρι

1306 560 1436 596 πολλοῦ
1455 557 1519 604 τὴν
1543 556 1737 595 ἀπόλαυσιν
1755 560 1839 607 ἡμῖν
1866 556 2126 607 ἐμπαρέχοντα.
2150 555 2241 593 Τίνα
2270 549 2328 592 οὖν

287 629 456 681 praebent.
476 628 566 674 Quae
586 625 696 676 igitur
715 638 778 662 nos
794 624 975 674 inquirere
989 623 1059 674 vis,
1074 623 1103 661 si
1117 622 1294 669 omnia-351
1306 620 1402 668 ἡμᾶς
1433 617 1550 669 βούλει
1576 619 1769 664 ἐπιζητεῖν,
1793 619 1823 654 εἷ
1849 616 1966 655 πάντα
1994 620 2106 654 ταῦτα
2127 615 2171 654 τὰ
2202 615 2330 666 βλεπό-

286 699 508 740 temporanea
539 686 647 724 sunt?
667 685 750 732 Illa,
773 685 904 736 inquit,
924 699 1002 735 quae
1022 698 1092 723 non
1105 683 1237 723 viden-
1260 680 1287 710 Α
1309 695 1397 730 μενα
1427 679 1627 731 πρόσκαιρα
1661 678 1847 729 τυγχάνεις
1876 679 2038 725 Ἐκεῖνα,
2069 677 2175 729 φησὶ,
2207 677 2251 715 τὰ
2280 676 2328 728 μὴ

285 758 359 796 tur,
399 761 468 785 non
483 747 560 784 haec
589 761 667 797 quae
681 745 865 796 videntur,
904 744 964 783 sed
978 745 1040 783 illa
1061 745 1136 797 ipsa
1158 759 1238 795 quae

287 809 384 847 hisce
412 808 523 846 oculis
553 805 799 859 corporalibus
826 819 896 843 non
929 814 1146 857 spectantur.
1191 804 1240 842 Et

288 870 369 921 quis
380 870 448 908 hoc
468 868 676 915 consuleret,
696 875 736 904 ut
748 880 828 917 quae
842 865 1012 905 videntur
1032 874 1241 918 praeterean-

288 940 359 978 tur,
375 939 408 968 et
428 944 505 980 quae
524 943 593 968 non
607 927 785 974 videntur,
802 926 1057 978 inquirantur?
1088 927 1171 978 Ipsa
1184 939 1242 963 re-

289 1004 384 1038 rum,
404 989 532 1041 inquit,
545 997 670 1026 natura
689 987 813 1026 doceat
832 1001 907 1026 vos·
944 988 1038 1025 Nam
1060 986 1138 1024 haee
1159 985 1243 1037 qui-

289 1051 370 1088 dem
382 1051 465 1088 licet
478 1049 682 1098 videantur,
703 1048 822 1086 statim
839 1056 955 1085 tamen
969 1047 1216 1100 praeterfluunt
1231 1062 1240 1082 t

290 1112 353 1149 illa
390 1120 509 1149 autem
537 1110 621 1148 licet
639 1122 733 1147 nunc
753 1123 791 1147 ea
807 1108 928 1148 videre
951 1122 1023 1147 non
1041 1108 1240 1160 possimus,

292 1181 376 1210 sunt
394 1180 511 1210 tamen
529 1179 714 1223 perpetua,
733 1183 871 1222 semper
894 1168 1036 1218 durant,
1052 1168 1245 1206 terminum

293 1232 470 1281 nesciunt,
503 1232 610 1269 finem
630 1244 699 1268 non
726 1230 918 1283 accipiunt,
958 1229 1245 1269 vicissitudinem

293 1293 470 1344 ignorant,
501 1292 642 1330 stabilia
661 1300 694 1329 et
714 1291 913 1330 immobilia
930 1300 1023 1330 sunt.
1071 1290 1246 1329 Fortassis

293 1353 438 1391 tandem
458 1353 627 1391 molestus
657 1366 731 1391 esse
750 1351 891 1401 videar,
928 1351 1086 1403 quotidie
1114 1352 1245 1391 frustra

294 1413 497 1451 consulens:
535 1412 597 1450 sed
610 1412 698 1462 quid
713 1412 870 1450 faciam?
902 1414 1077 1463 Magnum
1100 1412 1246 1450 malitiae

293 1473 465 1511 damnum
482 1481 545 1522 est,
560 1486 689 1523 magna
708 1473 944 1524 pecuniarum
967 1473 1141 1526 tyrannis,
1171 1487 1248 1511 ma-

294 1548 363 1585 gna
381 1534 558 1571 virtutum
573 1533 712 1571 raritas.
737 1533 820 1571 Ideo
836 1533 940 1585 cupio
958 1533 1017 1571 vel
1032 1533 1249 1571 admonitio-

293 1594 347 1631 nis
363 1593 570 1631 assiduitate
601 1593 767 1630 morbum
783 1593 936 1641 vincere,
966 1602 1000 1630 et
1012 1593 1251 1631 incolumitati

293 1654 438 1704 integrae
456 1653 529 1690 huc
548 1652 793 1691 convenientes
812 1652 1007 1691 restituere.
1040 1652 1131 1690 Eam
1157 1654 1251 1691 enim

293 1711 339 1749 ob
360 1725 434 1749 rem
454 1710 660 1762 Scripturas
691 1710 880 1748 enarrandi
909 1719 1049 1748 tantum
1066 1711 1169 1749 nobis
1200 1722 1253 1750 est

294 1771 470 1821 studium,
487 1779 521 1808 et
533 1771 714 1823 justorum
728 1770 880 1809 virtutes
895 1772 932 1808 in
951 1771 1111 1809 medium
1130 1773 1251 1811 afferi-

295 1847 395 1870 mus:
429 1846 493 1870 nec
513 1831 611 1883 piget
625 1830 748 1868 eadem
773 1831 903 1883 saepius
929 1841 1097 1884 repetere,
1120 1841 1160 1870 ut
1187 1847 1252 1885 per

296 1893 414 1930 omnia
433 1906 497 1931 vos
528 1891 696 1929 inducere
714 1890 762 1928 ad
783 1892 1048 1930 aemulationem
1069 1893 1251 1945 justorum

296 1953 491 1992 valeamus.
505 1952 576 1992 Vel
592 1966 669 1990 sero
683 1951 826 1990 tandem
844 1952 969 1990 salutis
983 1962 1111 1991 nostrat
1127 1967 1252 1992 curam

295 2014 520 2063 faciamus,et
533 2014 622 2051 bene
635 2022 779 2051 utamur
809 2013 855 2050 ad
878 2013 1042 2052 inducias
1063 2014 1166 2052 nobis
1185 2015 1250 2053 da-

296 2084 332 2112 to
351 2074 460 2126 hujus
473 2074 555 2111 vitae
569 2073 732 2123 decursu,
746 2082 777 2111 ct
791 2073 879 2111 dum
893 2073 1012 2112 adhuc
1029 2083 1170 2126 tempus
1187 2084 1250 2123 est,

297 2133 341 2171 ad
358 2133 601 2185 poenitentiam
623 2142 657 2171 et
674 2134 841 2185 lapsuum
866 2135 1117 2174 correctionem
1146 2135 1249 2173 sesti-

298 2207 436 2242 ncmus,
459 2194 759 2245 pecuniarumque
774 2193 1032 2232 abundantiam
1051 2195 1086 2233 in
1112 2195 1253 2233 anima-

299 2267 378 2291 rum
395 2263 598 2291 nostrarum
614 2253 763 2291 salutem
782 2254 1038 2305 expendamus,
1055 2256 1252 2307 superflua-

301 2328 369 2366 que
384 2314 627 2366 indigentibus
656 2314 889 2352 insumamus.
924 2315 1043 2362 Quare
1059 2317 1166 2365 enim,
1195 2317 1254 2355 dic

303 2374 407 2424 mihi,
435 2374 612 2426 permittis
630 2388 650 2411 a
666 2374 832 2426 rubigine
849 2389 979 2413 aurum
1006 2385 1040 2414 et
1068 2386 1254 2428 argentum

303 2435 478 2484 consumi,
519 2449 597 2486 quae
614 2435 799 2487 oportebat
816 2435 853 2473 in
885 2451 1085 2489 pauperum
1114 2448 1254 2476 ventres

302 2495 496 2545 effundere,
520 2504 560 2532 ut
578 2495 615 2533 in
628 2504 705 2533 tuto
724 2497 945 2547 promtuario
965 2497 1141 2550 deposita,
1166 2508 1254 2537 tem-

302 2572 387 2610 pore
419 2571 488 2608 quo
518 2556 675 2594 maxime
693 2571 783 2609 opus
808 2571 930 2595 eorum
947 2558 1126 2610 adjutorio
1145 2559 1256 2598 habe-

303 2618 373 2668 bis,
410 2618 495 2655 hinc
515 2616 790 2655 consolationem
821 2617 999 2667 invenias,
1029 2628 1062 2656 et
1079 2620 1141 2670 qui
1163 2634 1183 2657 a
1221 2629 1256 2658 tc

303 2679 363 2716 hic
394 2678 487 2730 pasti
515 2686 612 2727 sunt,
651 2676 714 2715 illo
739 2677 798 2715 die
811 2677 951 2716 fidueiae
977 2679 1068 2718 fores
1082 2680 1147 2718 tibi
1168 2695 1256 2733 ape-

304 2741 412 2789 riant,
435 2748 466 2776 ct
481 2738 657 2790 accipiant
677 2747 709 2776 te
723 2738 759 2776 in
775 2747 902 2777 aeterna
921 2754 983 2777 sua
1005 2740 1256 2779 tabernacula?

1310 738 1522 790 βλεπόμενα,
1553 738 1605 789 ,μὴ
1643 743 1753 776 ταῦτα
1783 738 1828 776 τὰ
1861 737 2074 789 βλεπόμενα,
2109 738 2185 775 ἀλλ’
2215 737 2331 774 ἐκεῖνα

1309 800 1402 852 ἅπερ.
1432 799 1564 842 τούτοις
1598 805 1669 843 τοῖς
1698 800 1889 851 ὀφθαλμοῖς
1919 803 1990 842 τοῖς
2027 802 2240 848 σωματικοῖς
2268 799 2334 848 οὐχ

1310 864 1445 912 δρᾶται.
1461 859 1530 897 Καὶ
1543 859 1595 902 τίς
1614 858 1667 906 ἂν,
1688 859 1785 910 φησὶ,
1805 863 1905 897 τοῦτο
1923 857 2224 909 συμὸουλεύσειεν,
2244 855 2334 894 ὥστε

1310 920 1355 958 τὰ
1371 919 1531 972 ὁρώμενα
1559 919 1808 971 παρατρέχειν,
1837 919 1896 957 καὶ
1924 918 1968 956 τὰ
1998 918 2047 970 μὴ
2081 917 2243 970 ὁρώμενα
2262 918 2336 954 ἐπι·

1312 983 1448 1030 ζητεῖν,
1475 979 1593 1027 Αὐτὴ,
1616 980 1720 1032 φησὶ,
1742 980 1935 1018 διδασκέτω
1965 982 2056 1030 ὑμᾶς
2074 982 2142 1017 τῶν
2161 977 2335 1030 πραγμά-

1311 1057 1380 1080 των
1401 1044 1422 1087 ἡ
1457 1041 1569 1093 φύσις,
1598 1040 1650 1078 ὅτι
1682 1044 1794 1078 ταῦτα
1826 1041 1900 1090 μὲν,
1924 1042 1953 1078 εἷ
1983 1041 2044 1078 καὶ
2071 1042 2216 1092 ὁρᾶται,
2247 1037 2338 1076 ἀλλὰ

1311 1102 1447 1154 ταχέως
1478 1103 1653 1155 παραρῥεῖ
1671 1117 1678 1124 ·
1706 1103 1822 1138 ἐκεῖνα
1855 1099 1915 1148 δὲ,
1945 1103 1975 1138 εἷ
2006 1100 2066 1138 καὶ
2088 1100 2137 1150 μὴ
2167 1103 2225 1137 νῦν
2253 1101 2336 1149 ὃρᾷν

1313 1163 1501 1214 δυνάμεθα,
1535 1162 1615 1201 ἀλλ’
1639 1161 1764 1200 αἰώνια
1792 1161 1980 1213 τυγχάνει,
2013 1160 2072 1199 καὶ
2104 1161 2247 1207 διηνεκῆ
2274 1158 2338 1205 τὴν

1314 1223 1482 1275 διαμονὴν
1505 1224 1592 1276 ἔχει,
1615 1224 1723 1276 πέρας
1745 1226 1808 1261 οὐκ
1830 1222 2035 1271 ἐπίσταται,
2054 1221 2151 1265 τέλος
2169 1223 2231 1260 οὐκ
2261 1223 2338 1259 ἐπι-

1315 1285 1479 1337 δέχεται,
1496 1285 1693 1336 μεταὸολῆν
1710 1286 1773 1323 οὐκ
1790 1278 1877 1332 οἶδε,
1896 1285 2008 1336 πάγια
2041 1283 2137 1335 μένει
2167 1282 2227 1321 καὶ
2257 1281 2340 1321 ἀκί-

1316 1362 1415 1394 νητα.
1443 1347 1550 1398 Τάχα
1580 1346 1701 1384 λοιπὸν
1732 1345 1792 1384 καὶ
1821 1345 1978 1397 ἐπαχθὴς
2015 1339 2103 1383 εἶναι
2137 1345 2227 1382 δοκῶ
2259 1345 2338 1381 καθ’

1269 1409 1293 1440 Β
1317 1407 1467 1453 ἑκάστην
1481 1406 1618 1458 ἡμέραν
1639 1407 1753 1457 μάτην
1775 1405 2020 1457 συμὸουλεύων
2036 1421 2044 1429 ·
2063 1403 2153 1443 ἀλλὰ
2167 1403 2202 1442 τί
2220 1403 2338 1452 πάθω;

1317 1466 1439 1514 Πολλὴ
1460 1471 1520 1515 τῆς
1541 1467 1666 1511 κακίας
1685 1472 1706 1514 ’ἧ
1734 1467 1842 1518 λύμη,
1874 1466 1987 1514 πολλὴ
2007 1469 2075 1505 τῶν
2102 1465 2296 1518 χρημάτων
2316 1468 2338 1511 ἡ

1316 1527 1493 1579 τυραννὶς,
1521 1527 1634 1574 πολλὴ
1664 1531 1686 1574 ἡ
1720 1528 1843 1572 σπάνις
1872 1531 1935 1574 τῆς
1969 1530 2107 1579 ἀρετῆς.
2140 1525 2209 1564 Διὰ
2239 1528 2342 1563 τοῦτο

1320 1588 1492 1638 βούλομαι
1511 1589 1575 1626 κᾶν
1595 1592 1638 1640 τῇ
1663 1588 1823 1642 συνεχείᾳ
1849 1591 1912 1634 τῆς
1935 1588 2174 1640 παραινέσεως
2197 1601 2341 1638 περιγε-

1319 1649 1437 1688 νέσθαι
1453 1654 1514 1696 τῆς
1533 1650 1633 1689 νόσου
1645 1681 1654 1698 ,
1684 1651 1744 1689 καὶ
1763 1651 1848 1701 πρὸς
1866 1650 2001 1688 τελείαν
2032 1649 2165 1701 ὑγίειαν
2200 1649 2342 1699 ἀγαγεῖν

1317 1709 1396 1754 τοὺς
1415 1713 1562 1749 ἐνταῦθα
1579 1711 1767 1754 συνιόντας.
1784 1710 1852 1748 Διὰ
1874 1711 1940 1763 γὰρ
1960 1715 2062 1749 τοῦτο
2080 1710 2139 1748 καὶ
2158 1712 2226 1747 τῶν
2243 1710 2343 1760 Γρα·

1319 1773 1392 1824 φῶν
1409 1771 1470 1814 τὰς
1493 1772 1672 1823 ἐξηγήσεις
1700 1776 1875 1811 ποιεῖσθαι
1904 1771 2164 1821 σπουδάζομεν,
2183 1769 2244 1808 καὶ
2274 1772 2344 1807 τῶν

1319 1832 1461 1871 δικαίων
1492 1832 1554 1876 τὰς
1581 1832 1707 1885 ἀρετὰς
1726 1835 1775 1876 εἷς
1794 1833 1833 1871 τὸ
1854 1833 1957 1883 μέσον
1985 1832 2203 1884 παράγομεν,
2224 1829 2344 1868 καὶτὰ

1321 1893 1409 1931 αὐτὰ
1429 1896 1563 1946 ἐνηχεῖν
1589 1895 1626 1933 οὗ
1653 1895 1931 1946 παραιτούμεθα,
1961 1893 2017 1931 ἵνα
2048 1893 2104 1931 διὰ
2133 1891 2272 1930 πάντων
2290 1893 2344 1929 ἓν·

1321 1960 1464 2007 αγαγεῖν
1491 1958 1582 2006 ὑμᾶς
1602 1956 1804 2006 δυνηθῶμεν
1829 1958 1876 1998 εἷς
1894 1955 1953 1993 τὸν
1972 1957 2040 1992 τῶν
2064 1953 2206 1992 δικαίων
2227 1953 2344 1998 ζῆλον.

1320 2017 1391 2055 Καὶ
1421 2016 1482 2069 ὀψὲ
1501 2021 1582 2069 γοῦν
1614 2033 1698 2055 ποτε
1720 2019 1783 2062 τῆς
1814 2016 1944 2060 οἰκείας
1974 2015 2148 2069 σωτηρίας
2179 2013 2343 2066 πρόνοιαν

1320 2076 1562 2126 ποιησώμεθα,
1590 2077 1649 2115 καὶ
1679 2079 1730 2128 τῷ
1757 2080 1870 2128 καιρῷ
1898 2080 1947 2128 τῷ
1980 2076 2151 2126 δεδομένῳ
2181 2078 2266 2125 ἡμῖν
2296 2074 2343 2116 εἷς

1277 2146 1301 2176 C
1322 2136 1536 2187 προθεσμίαν
1565 2138 1658 2183 ζωῆς
1687 2137 1830 2180 δεόντως
1862 2137 2089 2189 χρησώμεθα,
2120 2135 2180 2174 καὶ
2213 2137 2260 2178 ὡς
2292 2134 2343 2172 ἔτι

1322 2197 1464 2247 καιρὸς,
1499 2197 1584 2248 πρὸς
1615 2197 1798 2247 μετάνοιαν
1826 2198 1884 2235 καὶ
1914 2197 2095 2249 διόρθωσιν
2123 2199 2192 2234 τῶν
2219 2196 2344 2232 ἔπται-

1322 2256 1457 2306 σμένων
1487 2258 1703 2308 ἐπειχθῶμεν
1718 2286 1727 2303 ,
1757 2258 1815 2295 καὶ
1845 2261 1887 2309 τῇ
1907 2259 1976 2295 τῶν
1994 2256 2187 2310 χρημάτων
2207 2269 2345 2306 περιου-

1322 2317 1381 2368 σίᾳ
1411 2319 1459 2360 εἷς
1486 2317 1654 2369 ὠφέλειαν
1680 2321 1748 2355 τῶν
1775 2318 1956 2369 ἡμετέρων
1984 2320 2105 2369 ψυχῶν
2132 2314 2344 2368 ἀποχρησώ-

1325 2382 1424 2429 μεθα,
1453 2379 1512 2416 καὶ
1540 2378 1584 2416 τὰ
1615 2378 1762 2432 περιττὰ
1789 2384 1860 2423 τοῖς
1888 2379 2061 2429 δεομένοις
2088 2377 2344 2426 ἀναλίσκωμεν.

1323 2440 1425 2483 Τίνος
1440 2439 1507 2492 γὰρ
1527 2439 1659 2487 ἕνεκεν,
1680 2439 1756 2477 εἰπέ
1785 2456 1857 2490 μοι,
1888 2446 2080 2493 συγχωρεῖς
2106 2439 2174 2478 ὑπὸ
2200 2442 2260 2476 τοῦ
2294 2440 2346 2475 ἰοῦ

1323 2500 1382 2538 καὶ
1411 2501 1450 2538 τὸ
1480 2499 1640 2553 ἀργύριον
1675 2500 1734 2538 καὶ
1765 2501 1804 2539 τὸ
1835 2501 1978 2554 χρυσίον
2013 2499 2346 2544 καταναλίσκεσθαι,

1326 2561 1399 2599 δέον
1420 2565 1466 2605 εἷς
1481 2562 1541 2606 τὰς
1559 2565 1627 2600 τῶν
1654 2561 1812 2608 πενήτων
1832 2561 2003 2614 γαστέρας
2023 2562 2107 2600 αὐτὸ
2122 2565 2258 2607 κενοῦν,
2289 2558 2346 2597 ἵνα

1327 2624 1374 2666 εἷς
1401 2623 1554 2674 ἀσφαλὲς
1585 2623 1668 2661 αὐτὸ
1694 2629 1836 2674 ταμεῖον
1870 2622 2081 2673 ἀποθέμενος
2101 2624 2135 2660 ἐν
2157 2623 2268 2672 καιρῷ
2296 2621 2346 2671 τῷ

1326 2683 1449 2731 δέοντι,
1473 2683 1529 2722 ὅτε
1558 2684 1712 2733 μάλιστα
1730 2684 1870 2736 χρῄζεις
1899 2687 1960 2730 τῆς
1980 2685 2040 2721 ἀπ’
2065 2685 2168 2721 αὐτοῦ
2184 2696 2345 2734 παραμυ-

1327 2744 1417 2791 θίας,
1439 2744 1640 2796 ἀπολαύσῃς
1666 2748 1726 2790 τῆς
1748 2747 1900 2782 ἐντεῦθεν
1923 2743 2082 2795 βοηθείας
2106 2759 2114 2766 ·
2145 2742 2205 2780 καὶ
2232 2743 2262 2780 οἱ
2291 2743 2347 2780 ἐν·

306 2801 430 2838 Vestcs
446 2813 584 2850 quoque
606 2813 675 2837 non
690 2798 846 2838 sinamus
863 2815 882 2838 a
904 2801 1087 2839 vermibus
1107 2802 1200 2853 rodi,
1224 2812 1258 2841 et
1279 2809 1306 2845 Ῑ)
1326 2809 1435 2842 ταῧΟα
1454 2806 1639 2857 τραφέντες
1666 2805 1732 2843 ὑπὸ
1759 2810 1818 2843 σοῦ
1846 2807 1922 2843 κατ’
1954 2804 2088 2851 ἐκείνην
2115 2802 2178 2851 τὴν
2212 2802 2346 2854 ἡμέραν

304 2860 436 2910 absque
458 2873 523 2896 usu
554 2859 589 2896 in
615 2859 746 2897 arculis
768 2869 979 2911 putrescere,
1013 2875 1095 2899 cum
1119 2872 1170 2901 tot
1188 2863 1258 2902 sint

304 2920 366 2970 qui
386 2919 582 2970 indigeant,
603 2929 635 2957 et
649 2920 880 2959 obambulent
909 2921 996 2960 nudi
1017 2938 1024 2959 :
1059 2922 1122 2961 sed
1140 2924 1258 2976 pluris

303 2980 478 3018 faciamus
499 2980 634 3018 nudum
655 2981 854 3032 Christum,
875 2997 984 3033 quam
1002 2984 1129 3035 tineas,
1150 2995 1182 3023 ct
1202 2986 1255 3024 in-

302 3040 456 3078 duamus
485 3055 565 3078 eum
588 3041 647 3091 qui
676 3051 820 3094 propter
836 3053 992 3082 nostram
1010 3045 1160 3083 salutem
1184 3061 1253 3085 nu-

301 3102 369 3140 dus
402 3101 622 3148 obambulat,
663 3111 701 3139 ut
736 3117 817 3140 cum
851 3103 970 3156 ipsum
1001 3105 1223 3146 induerimus
1237 3139 1249 3159 ,

302 3163 489 3201 audiamus
524 3162 558 3198 in
586 3161 643 3199 die
663 3162 742 3199 illo:
775 3165 913 3202 Nudus
933 3179 1038 3203 eram
1058 3176 1093 3204 et
1113 3182 1173 3206 me
1187 3171 1249 3206 in—

302 3226 453 3261 duistis.
473 3223 568 3260 Num
588 3236 728 3260 onerosa
747 3233 828 3261 sunt
842 3226 1045 3278 praeccpta?
1074 3242 1159 3266 num
1175 3243 1250 3267 mo-

300 3284 414 3323 lesta?
437 3283 487 3321 Ea
505 3297 582 3334 quae
603 3294 762 3335 percunt,
782 3285 910 3337 inquit,
929 3301 1006 3337 quoe
1026 3303 1044 3326 a
1061 3290 1244 3330 vermibus

1326 2867 1388 2908 τὰς
1408 2866 1510 2918 θύρας
1528 2881 1582 2903 σοι
1600 2869 1662 2912 τῆς
1680 2865 1876 2917 παῤῥησίας
1902 2865 2062 2909 ἀνοίξωσι
2074 2895 2083 2912 ,
2099 2863 2158 2902 καὶ
2184 2861 2348 2907 δέξωνταί

1326 2943 1365 2965 σε
1385 2929 1433 2970 εἷς
1462 2927 1523 2970 τὰς
1552 2926 1712 2970 αἰωνίους
1737 2928 1849 2964 αὐτῶν
1880 2927 2026 2974 σκηνάς,
2048 2924 2152 2964 Ἀλλὰ
2183 2923 2271 2974 μηδὲ
2304 2921 2347 2959 τὰ

1325 2988 1449 3038 ἱμάτια
1473 2991 1584 3038 ἐῶμεν
1614 2988 1820 3040 σητόέρωτα
1839 2986 2014 3038 γενέσθαι,
2035 2986 2095 3024 καὶ
2113 2987 2189 3035 εἰκῇ
2211 2986 2246 3021 ἐν
2277 2988 2348 3025 τοῖς

1324 3048 1500 3091 κιὸωτιόις
1520 3048 1796 3094 κατασήπεσθαι,
1816 3047 1988 3086 τοσούτων
2011 3047 2117 3084 ὄντων
2136 3048 2204 3082 τῶν
2225 3043 2347 3094 δεομέ-

1322 3126 1389 3147 νων
1410 3109 1469 3146 καὶ
1494 3112 1633 3160 γυμνῶν
1655 3108 1858 3160 περιιόντων
1875 3123 1882 3130 ·
1904 3108 1994 3145 ἀλλὰ
2023 3109 2250 3158 προτιμῶμεν
2277 3106 2345 3143 τῶν

1323 3173 1437 3217 θητῶν
1458 3171 1718 3222 γυμνητεύοντα
1737 3171 1793 3208 τὸν
1824 3168 1985 3221 Χριστὸν,
2009 3168 2068 3206 καὶ
2088 3166 2262 3216 ἐνδύωμεν
2288 3165 2345 3203 τὸν

1323 3230 1367 3267 δι’
1395 3233 1488 3280 ἡμᾶς
1519 3232 1575 3268 καὶ
1609 3230 1671 3277 τὴν
1704 3231 1879 3282 σωτηρίαν
1909 3229 1972 3276 τὴν
2013 3229 2186 3280 ἡμετέραν
2217 3227 2345 3278 γυμνὸν

1325 3291 1516 3342 περιιόντα,
1548 3291 1604 3329 ἵνα
1635 3294 1734 3341 ἡμεῖς
1764 3290 2031 3334 καταξιωθέντες
2060 3290 2160 3328 αὐτὸν
2195 3289 2345 3334 ἐνδῦσαι,
