2516 3791
813 162 997 193 JOANNIS
1033 160 1271 191 CHRYSOST.

314 164 404 212 290
745 164 781 193 S.

310 249 412 288 luvio
431 248 627 301 perierunt,
646 260 749 285 omne
769 246 958 284 brutorum
974 243 1183 281 animalium
1199 254 1258 292 ge-

311 324 379 348 nus
389 308 560 362 perdidit,
573 308 621 346 ita
637 307 698 345 hic
712 321 813 344 suam
825 318 907 356 erga
914 305 1054 356 justum
1070 302 1175 339 illum
1188 299 1257 337 mi-

311 370 542 409 scricordiam
567 368 747 406 declarare
764 366 902 414 volens,
924 365 959 401 in
979 363 1151 400 honorem
1169 360 1259 411 ejus,

311 446 411 469 suam
428 431 534 468 etiam
545 429 739 466 bonitatem
753 439 794 463 ac
806 438 928 462 curam
942 424 979 461 in
994 423 1100 460 bruta
1113 421 1259 470 etseras,

311 501 345 529 et
363 490 523 530 volatilia
547 497 580 526 et
598 487 741 539 reptilia
759 498 870 536 usque
895 483 1039 522 extendi
1059 481 1185 521 voluit.
1208 482 1261 519 Et

311 551 534 588 recordatus
555 555 624 593 est,
647 544 764 595 inquit
776 573 787 594 ,
806 545 913 582 Deus
932 544 1016 581 Νοέ
1035 550 1072 580 et
1091 543 1262 579 omnium

306 612 498 661 ferarum,
509 615 545 646 et
560 608 732 644 omnium
745 607 1023 657 jumentorum,
1036 611 1073 641 et
1090 605 1262 640 omnium

310 670 520 721 reptilium,
544 680 795 720 quaecumque
814 674 927 703 erant
943 678 1030 702 cum
1050 664 1120 701 illo
1141 666 1183 700 in
1199 676 1262 700 ar-

310 745 368 768 ca.
386 731 440 768 Et
459 730 626 767 adduxit
645 730 754 766 Deus
775 729 952 779 spiritum
971 739 1084 777 super
1103 734 1258 771 terram,
1283 735 1306 764 B

310 800 347 830 et
372 793 539 830 cessavit
566 803 683 842 aqua.
704 787 941 836 Recordatus,
962 786 1094 838 inquit,
1116 786 1207 834 Noe,
1229 793 1264 822 et

310 853 472 890 omnium
481 865 560 902 quae
571 865 653 889 cum
661 850 723 888 illo
733 859 832 887 erant
841 849 876 886 in
887 863 980 896 arca,
989 847 1156 900 praecepit
1164 860 1263 897 aquae

309 914 480 966 impetum
509 911 674 959 detineri,
693 920 733 948 ut
762 910 936 963 paulatim
955 923 1057 946 suam
1075 921 1262 945 common-

310 983 436 1012 straret
451 972 731 1024 benignitatem3
747 980 781 1009 et
799 979 920 1023 postea
936 970 1076 1022 justum
1090 968 1264 1020 respirare

310 1043 462 1084 curaret,
484 1041 516 1071 et
535 1047 554 1070 a
576 1031 778 1070 turbatione
797 1030 1054 1082 cogitationum
1072 1028 1264 1066 liberatum

310 1096 346 1133 in
365 1094 562 1146 tranquillo
582 1103 675 1132 statu
695 1092 935 1140 constitueret,
948 1104 1111 1129 concesso
1127 1099 1161 1128 et
1174 1089 1265 1128 lucis

310 1171 378 1194 usu
395 1165 428 1193 ct
442 1155 533 1193 aeris
548 1154 795 1208 respiratione.
813 1155 867 1192 Et
887 1153 1053 1191 addua-it
1069 1153 1189 1200 Deus,
1208 1151 1265 1189 in-

310 1216 402 1268 quit,
419 1219 597 1268 spiritum
614 1229 729 1267 super
745 1223 903 1261 terram,
917 1222 955 1252 et
969 1215 1134 1251 cessavit
1146 1225 1264 1264 aqua.

311 1279 348 1315 9.
364 1279 417 1315 Et
436 1279 579 1315 obtecti
593 1285 684 1315 sunt
703 1278 832 1328 fontes
846 1277 983 1324 abyssi
1001 1282 1037 1312 et
1055 1282 1266 1312 cataraetoe

312 1339 410 1378 coeli.
431 1337 528 1376 Vide
542 1337 721 1389 quomodo
740 1351 839 1375 more
855 1337 1014 1374 humano
1028 1334 1188 1385 loquitur
1202 1348 1265 1372 no—

310 1398 367 1436 bis
387 1397 518 1438 omnia.
543 1401 694 1437 obtecti
712 1407 816 1445 sunt,
834 1397 965 1448 inquit,
971 1397 1109 1448 sontes
1128 1397 1266 1444 abyssi

311 1467 348 1496 et
365 1468 576 1497 cataracta>
603 1460 702 1506 coeli,
729 1468 766 1497 et
795 1460 967 1496 cohibita
990 1458 1128 1509 pluvia
1148 1457 1234 1494 caeli
1255 1472 1265 1493 .·
1285 1465 1308 1496 C

311 1520 412 1570 quasi
429 1519 573 1569 diceret,
587 1520 763 1572 placuisse
776 1519 932 1558 Domino
950 1528 990 1556 ut
1006 1518 1133 1555 iterum
1150 1517 1186 1554 in
1202 1531 1265 1554 sua

311 1581 453 1632 regione
472 1590 654 1619 manerent
668 1595 780 1631 aquae,
790 1594 905 1630 neque
921 1579 1014 1616 ultra
1031 1577 1264 1626 exundarent,

311 1640 369 1679 sed
383 1641 557 1693 paulatim
572 1641 827 1679 desinerent.5.
838 1642 892 1678 Et
905 1640 1065 1678 cedebat
1078 1651 1183 1689 aqua
1198 1651 1265 1674 va-

313 1704 406 1740 dens
417 1704 465 1740 de
475 1711 590 1751 terra,
599 1711 634 1740 et
644 1704 894 1740 minuebatur
901 1714 1006 1753 aqua
1015 1709 1102 1752 post
1112 1707 1266 1737 centurn

313 1766 604 1816 quinquaginta
619 1765 712 1802 dies.
730 1764 820 1810 Quae
840 1762 930 1800 ratio
949 1762 1080 1814 poterit
1099 1760 1168 1798 hoc
1188 1774 1266 1797 um-

312 1838 420 1874 quam
435 1823 759 1876 comprehendere?
778 1823 879 1873 Esto,
898 1823 993 1861 stetit
1007 1821 1148 1874 pluvia,
1171 1820 1268 1858 cohi-

312 1885 379 1922 biti
394 1885 508 1923 fontes
523 1899 592 1923 non
607 1884 763 1936 amplius
778 1883 1022 1933 exundabant,
1034 1891 1067 1920 et
1085 1890 1266 1920 cataractae

314 1945 390 1983 caeli
405 1945 574 1984 cohibitae
594 1954 677 1983 sunt
691 1959 800 1996 :aqua
818 1953 915 1982 tanta
935 1942 1113 1995 quomodo
1132 1941 1265 1980 desiit?

315 2006 445 2044 Omnia
473 2007 626 2058 abyssus
651 2015 764 2044 erant.
798 2004 988 2053 Quomodo
1016 2004 1128 2055 igitur
1148 2011 1268 2040 tantus

314 2081 487 2117 aquarum
499 2067 619 2106 fluxus
631 2067 748 2105 subito
760 2067 877 2104 minor
887 2067 999 2104 factus
1013 2066 1088 2104 est?
1100 2065 1190 2111 Quis
1199 2064 1268 2102 hoc

314 2128 470 2165 humana
486 2128 621 2165 ratione
638 2115 797 2165 invenire
810 2127 941 2180 poterit
956 2126 1154 2178 umquam?
1168 2124 1267 2171 Quid

315 2187 427 2239 igitur
448 2187 668 2227 dicendum?
685 2188 751 2226 Dei
768 2197 983 2240 praeceptum
1005 2196 1055 2226 est
1073 2186 1168 2238 quod
1184 2185 1267 2223 facit

315 2263 445 2289 omma.

368 2620 405 2657 4.
417 2619 468 2656 Ne
482 2617 593 2669 igitur
607 2629 670 2655 nos
690 2617 864 2655 curiosius
878 2616 1106 2669 exploremus
1118 2631 1266 2668 quomo—

316 2678 375 2727 do,
386 2676 447 2716 sed
467 2686 604 2715 tantum
624 2676 833 2726 credamus;
849 2691 974 2729 nempe
985 2677 1106 2729 jussit,
1127 2686 1160 2714 et
1172 2676 1267 2715 exal-

318 2749 390 2777 tata
410 2748 459 2776 est
475 2739 626 2790 abyssus
642 2754 649 2774 :
666 2738 851 2790 praecepit,
868 2747 901 2776 et
918 2738 1047 2775 iterum
1064 2752 1167 2776 suum
1186 2752 1266 2776 con-

317 2799 424 2836 tinuit
443 2799 628 2850 impctum,
644 2798 736 2836 etad
750 2798 935 2850 proprium
952 2798 1122 2836 concessit
1134 2799 1265 2848 locum,

317 2874 421 2910 quem
433 2860 529 2897 solus
542 2859 617 2911 ipse
632 2859 808 2898 Dominus
818 2859 894 2909 scit,
905 2860 966 2909 qui
983 2858 1196 2898 condidit.4.
1218 2861 1266 2897 Et

317 2922 428 2969 sedit,
442 2920 570 2970 inquit,
579 2933 673 2958 arca
687 2933 815 2957 mense
831 2922 1004 2971 septimo,
1016 2922 1203 2957 vicesima
1213 2933 1266 2957 se-

315 2984 439 3032 ptima
462 2983 602 3018 mensis
616 2994 729 3031 super
750 2988 897 3018 montes
914 2981 1079 3018 Arm-at.
1095 2981 1129 3018 5.
1143 2980 1265 3032 Aqua

318 3050 447 3080 autem
471 3042 712 3079 decrescebat
735 3055 854 3092 usque
872 3042 926 3078 ad
948 3042 1136 3079 decimum
1161 3056 1264 3080 men-

318 3111 450 3140 sem:et
465 3110 724 3153 apparuerunt
737 3105 942 3139 cacumina
957 3105 1143 3140 montium
1154 3105 1195 3140 in
1205 3104 1264 3142 de·

318 3167 416 3201 cimo
428 3177 566 3210 mense,
585 3165 710 3213 prima
727 3162 977 3202 mensiindc
996 3178 1102 3214 quam
1122 3174 1264 3217 repente

361 3286 373 3300 Δ
398 3276 452 3307 Sic
470 3275 571 3309 Sat-tl.
592 3283 623 3307 ct
644 3275 717 3307 les
738 3272 821 3309 τ’·’.ςτω
838 3276 928 3309 deest
943 3279 974 3309 in
991 3277 1102 3310 Morcl.

363 3330 376 3352 ἱ)
402 3326 459 3358 Alii
478 3332 676 3370 ᾄτεχώρητῑν.

1311 157 1501 188 ARCHIEP
1511 177 1520 186 .
1560 156 1897 188 CONSTANTINOP
1905 179 1911 186 .

1327 239 1483 291 κιὸωτῷ.
1505 239 1601 291 εὈρα
1621 242 1695 282 πῶς
1721 240 1860 278 ἅπαντα
1875 239 1932 278 διὰ
1952 239 2014 286 τὴν
2032 240 2079 283 εἷς
2097 240 2153 277 τὸν
2175 240 2353 292 ἄνθρωπον

1326 299 1433 350 τιμὴν
1453 299 1648 351 ἐργάζεται.
1677 300 1846 354 Καθάπερ
1869 299 1936 352 γὰρ
1958 300 2015 338 ἐπὶ
2035 303 2104 339 τῶν
2122 299 2354 340 ἀπολωλότων

1329 360 1396 398 ὑπὸ
1413 363 1472 398 τοῦ
1502 360 1750 409 κατακλυσμοῦ
1779 360 1992 413 ἀνθρώπων,
2029 364 2103 412 μετ’
2125 361 2262 400 ἐκείνων
2296 360 2356 398 καὶ

1327 420 1390 468 τὴν
1410 423 1478 459 τῶν
1494 421 1630 471 ἀλόγων
1649 420 1745 465 ζώων
1761 421 1862 474 φύσιν
1877 421 2017 460 ἅπασαν
2035 423 2224 475 διέφθειρεν
2236 452 2246 469 ,
2266 421 2356 459 οὕτω

1328 482 1388 520 καὶ
1418 483 1564 520 ἐνταῦθα
1586 481 1723 532 μέλλων
1743 482 1806 528 τὴν
1835 482 1964 521 οἰκείαν
1985 483 2246 536 φιλανθρωπίαν
2275 485 2356 521 ἐπι-

1329 544 1526 583 δείκνυσθαι
1545 543 1625 596 περὶ
1643 544 1700 582 τὸν
1722 543 1875 590 δίκαιον,
1894 543 1951 582 διὰ
1965 544 2028 590 τὴν
2047 545 2094 587 εἷς
2117 544 2217 582 αὐτὸν
2233 543 2356 594 τιμὴν,

1329 606 1388 644 καὶ
1416 606 1494 658 περὶ
1510 605 1574 653 τὴν
1594 608 1663 644 τῶν
1684 604 1819 655 ἀλόγων
1837 604 1956 657 φύσιν,
1973 605 2033 643 καὶ
2051 604 2096 643 τὰ
2111 605 2215 658 Οηρία
2234 605 2295 643 καὶ
2314 603 2358 643 τὰ

1328 666 1469 705 πετεινὰ
1488 667 1547 705 καὶ
1563 666 1608 705 τὰ
1624 665 1753 718 ἑρπετὰ
1770 664 1913 703 ἐκτείνει
1933 668 2036 704 αὐτοῦ
2058 666 2120 712 τὴν
2140 665 2355 717 ἇγαθότητα.

1329 727 1399 766 Καὶ
1418 726 1597 778 ἐμνήσθη,
1619 727 1721 779 φησὶν
1734 757 1743 774 ,
1763 730 1781 765 ὃ
1809 725 1898 769 Θεὸς
1919 730 1978 764 τοῦ
2008 727 2107 770 Νῶε,
2128 726 2188 763 καὶ
2218 724 2358 763 πάντων

1327 789 1396 825 τῶν
1417 787 1559 840 θηρίων,
1579 789 1640 826 καὶ
1663 787 1803 826 πάντων
1831 790 1901 824 τῶν
1918 789 2068 834 κτηνῶν,
2091 786 2151 824 καὶ
2169 789 2237 824 τῶν
2257 787 2359 838 ἑρπε-

1328 851 1418 895 τῶν,
1443 849 1501 887 καὶ
1521 849 1587 887 ὅσα
1602 843 1645 896 ἦν
1664 851 1740 899 μετ’
1761 849 1866 886 αὐτοῦ
1888 850 1922 886 ἐν
1937 851 1980 899 τῇ
2001 847 2153 900 κιξωτῷ.
2175 846 2245 886 Καὶ
2265 846 2358 893 ἐπή-

1329 925 1433 961 γαγεν
1453 913 1470 948 ὁ
1489 909 1578 954 Θεὸς
1602 914 1740 961 πνεῦμα
1759 909 1817 947 ἐπὶ
1846 909 1908 956 τὴν
1930 913 2017 961 γῆν,
2045 910 2104 947 καὶ
2132 908 2284 947 ἐκόπασε
2319 911 2359 946 τὸ

1330 969 1436 1023 ὕδωρ.
1456 971 1650 1018 Μνησθεὶς,
1669 970 1778 1022 φησὶ,
1799 974 1859 1008 τοῦ
1889 972 1988 1018 Νῶε,
2021 970 2081 1008 καὶ
2104 973 2173 1008 τῶν
2195 970 2269 1019 μετ’
2290 970 2357 1006 αὖ·

1328 1034 1388 1068 τοῦ
1403 1031 1510 1069 ὄντων
1530 1033 1564 1068 ἐν
1584 1034 1627 1082 τῇ
1646 1031 1786 1083 meur-‹J›
1811 1031 2018 1082 προσέταξεν
2034 1032 2262 1082 ἐπισήεθῆναι
2287 1031 2355 1066 τῶν

1330 1091 1465 1130 ὑδάτων
1478 1091 1540 1138 τὴν
1557 1091 1664 1144 φορὰν
1676 1122 1685 1139 ,
1706 1091 1763 1129 ἵνα
1779 1091 1872 1129 κατὰ
1901 1091 2024 1142 μικρὸν
2040 1091 2103 1138 τὴν
2124 1091 2253 1129 οἰκείαν
2276 1091 2355 1128 ἐπι-

1330 1152 1485 1200 δείξηται
1505 1152 1786 1205 φιλανθρωπίαν,
1807 1152 1868 1190 καὶ
1891 1152 2011 1190 λοιπὸν
2040 1153 2098 1190 τὸν
2122 1151 2253 1188 δίκαιον
2274 1152 2356 1188 ἀνα-

1330 1219 1474 1253 πνεῦσαι
1510 1213 1660 1264 ποιήσῃ,
1697 1213 1757 1251 καὶ
1787 1215 1850 1259 τῆς
1887 1216 1956 1251 τῶν
1994 1214 2170 1264 λογισμῶν
2199 1214 2358 1264 ταραχῆς

1332 1273 1566 1327 ἐλευθερώσας
1593 1276 1640 1316 εἷς
1667 1274 1822 1325 γαλήνην
1843 1273 1945 1312 αὐτὸν
1961 1272 2185 1325 καταστήσῃ,
2204 1272 2357 1325 χαρισά-

1334 1353 1433 1387 μενος
1449 1336 1506 1374 καὶ
1524 1340 1583 1374 τοῦ
1602 1336 1712 1388 φωτὸς
1730 1335 1793 1381 τὴν
1811 1335 2004 1373 ἀπόλαυσιν
2024 1334 2084 1372 καὶ
2101 1339 2161 1373 τοῦ
2176 1334 2276 1384 ἀέρος
2294 1332 2357 1380 τὴν

1331 1397 1519 1444 ἀναπνοήν.
1543 1397 1612 1435 Καὶ
1633 1396 1808 1448 ἐπήγαγεν
1826 1400 1843 1434 ὁ
1863 1397 1970 1442 Θεὸς,
2001 1396 2104 1448 φησὶ,
2134 1400 2272 1446 πνεῦμα
2299 1395 2357 1434 ἐπὶ

1331 1458 1394 1505 τὴν
1410 1461 1494 1509 γ-ἦν,
1515 1457 1575 1496 καὶ
1603 1457 1753 1496 ἐκόπασε
1781 1457 1821 1495 τὸ
1847 1456 1951 1508 ὕδωρ.
1982 1456 2051 1495 Καὶ
2070 1456 2358 1508 ἐπεκαλύφθησαν

1332 1522 1368 1557 αἱ
1394 1519 1506 1570 πηγαὶ
1524 1521 1587 1565 τῆς
1607 1519 1759 1557 &accon
1782 1518 1841 1556 καὶ
1860 1520 1891 1556 οἱ
1914 1518 2157 1570 καταρράκται
2176 1522 2235 1555 τοῦ
2253 1512 2364 1569 οὖραὲ

1331 1584 1400 1618 νοῦ.
1417 1578 1513 1633 “Ὀρα
1534 1581 1608 1623 πῶς
1643 1579 1866 1631 ἀνῡρωπίνως
1886 1583 1972 1629 ἡμῖν
1992 1580 2130 1616 ἅπαντα
2149 1578 2357 1629 διαλέγεται.

1331 1641 1649 1693 Ἔπεκαλύφῡησαν
1675 1641 1762 1694 γὰρ,
1780 1640 1902 1692 φησὶν,
1935 1643 1970 1678 αἱ
1991 1640 2101 1691 πηγαὶ
2122 1643 2184 1686 τῆς
2207 1639 2357 1678 &edm-02,

1333 1698 1392 1736 καὶ
1413 1699 1444 1736 οἱ
1463 1698 1705 1751 καταρράκται
1737 1703 1797 1737 τοῦ
1829 1701 1994 1752 οὐρανοῦ,
2023 1699 2081 1737 καὶ
2112 1698 2304 1751 συνεσχῠέΟη
2342 1702 2360 1736 ὁ

1333 1759 1430 1801 ὑετὸς
1451 1762 1508 1796 τοῦ
1534 1761 1702 1810 οὐρανοῦ,
1733 1760 1915 1812 μονονουχὶ
1935 1759 2085 1810 λέγουσα
2105 1759 2158 1797 ὅτι
2189 1758 2281 1802 ἔδοξε
2310 1761 2359 1811 τῷ

1335 1819 1496 1871 Δεσπότῃ
1509 1850 1518 1867 ,
1537 1820 1596 1857 καὶ
1614 1819 1719 1858 πάλιν
1735 1820 1792 1858 ἐπὶ
1811 1823 1873 1866 τῆς
1894 1820 2021 1863 οἰκείας
2041 1818 2159 1872 χώρας
2180 1819 2224 1858 τὰ
2249 1819 2359 1857 ὕδατα

1335 1882 1468 1932 ἔμεινε,
1486 1880 1546 1919 καὶ
1565 1883 1628 1919 οὐκ
1647 1880 1698 1919 ἔτι
1717 1882 1934 1932 πλεονασμὸς
1972 1882 2125 1933 ἐγένετο,
2147 1880 2236 1919 ἀλλὰ
2270 1880 2360 1918 κατὰ

1335 1943 1458 1995 μικρὸν
1487 1942 1601 1994 ἔληγε.
1641 1942 1712 1980 Καὶ
1741 1942 1889 1980 ἐνεδίδου
1926 1942 1966 1980 τὸ
2008 1941 2099 1994 ὕδωρ
2130 1940 2360 1993 πορευόμενον

1311 2027 1313 2029 ·
1335 2004 1404 2042 ἀπὸ
1430 2007 1493 2051 τῆς
1511 2007 1596 2055 γῆς,
1615 2003 1675 2041 καὶ
1703 2005 1894 2049 ἠλαττοῦτο
1917 2003 1956 2041 τὸ
1986 2002 2077 2055 ὕδωρ
2110 2001 2198 2053 μετὰ
2231 2002 2359 2049 πεντή-

1334 2081 1438 2102 κοντα
1460 2065 1519 2102 καὶ
1539 2065 1660 2103 ἑκατὸν
1676 2064 1821 2116 ἡμέρας·
1851 2066 1955 2107 Ποῖος
1981 2064 2147 2115 λογισμὸς
2165 2068 2266 2102 τοῦτο
2294 2079 2360 2101 κα·

1334 2126 1499 2164 ταλαὸεῖν
1521 2126 1561 2163 ἂν
1580 2125 1740 2173 δυνηθείη
1769 2125 1876 2173 ποτέ,
1895 2125 2039 2164 ἓνΕστω
2054 2154 2063 2171 ,
2092 2129 2110 2164 ὁ
2145 2126 2242 2169 ὑετὸς
2276 2127 2360 2163 ἐπε-

1289 2189 1314 2219 D
1336 2187 1444 2239 σχέθη
1457 2216 1466 2233 ,
1488 2189 1522 2224 αἱ
1542 2187 1653 2237 πηγαὶ
1677 2186 1791 2225 οὐκέτι
1813 2188 2030 2238 πλεονασμὸν
2048 2187 2276 2239 εἰργάσαντο,
2300 2185 2361 2224 καὶ

1335 2252 1366 2286 οἱ
1396 2248 1638 2302 καταρράκται
1667 2251 1725 2286 τοῦ
1747 2251 1890 2301 οὐρανοῦ
1920 2248 2180 2300 ἐπεσχέθησαν·
2213 2248 2253 2286 τὸ
2267 2247 2360 2299 ὕδωρ

1335 2310 1374 2347 τὸ
1387 2314 1548 2348 τοσοῦτον
1569 2311 1644 2352 πῶς
1663 2308 1780 2356 ἔληξε,
1802 2310 1925 2347 Πάντα
1945 2310 2095 2352 &Eum-05
2111 2303 2167 2356 ἧν.
2200 2310 2283 2352 Πῶς
2302 2301 2361 2347 οῦν

1333 2375 1355 2416 ἡ
1370 2371 1520 2418 τοσαύτη
1541 2374 1608 2409 τῶν
1626 2371 1759 2409 ὑδάτων
1782 2371 1872 2423 ῥύμη
1903 2371 2024 2423 ἀθρόον
2039 2371 2191 2409 ἐλάττων
2213 2369 2360 2422 ἐγίνετο;

1334 2432 1398 2475 Τίς
1427 2432 1467 2470 ἂν
1498 2436 1597 2470 τοῦτο
1629 2432 1833 2484 ἀνθρωπίνῳ
1863 2434 2021 2485 λογισμῷ
2058 2434 2168 2484 εὑρεῖν
2202 2430 2360 2478 δυνηθείη

1333 2495 1436 2542 ποτέ,
1451 2494 1498 2533 Τί
1517 2488 1574 2532 οῦν
1600 2495 1694 2532 ἐστιν
1723 2497 1851 2541 εἷπεῖν;
1873 2495 1925 2532 Τὸ
1949 2497 2008 2532 τοῦ
2036 2496 2128 2533 Θεοῦ
2148 2492 2360 2545 πρόσταγμα

1335 2549 1393 2603 ἦν,
1410 2556 1449 2593 τὸ
1466 2555 1692 2608 ἐργαζόμενον
1708 2554 1753 2592 τὰ
1768 2555 1895 2593 πάντα.

1388 2615 1448 2662 Μὴ
1476 2615 1588 2654 τοίνυν
1616 2619 1718 2665 ἡμεῖς
1744 2614 2050 2666 περιεργαζώμεῡα
2084 2613 2123 2650 τὸ
2152 2616 2243 2659 πῶς,
2266 2612 2355 2650 ἀλλὰ

1334 2679 1434 2714 τοῦτο
1454 2677 1554 2726 μόνον
1573 2675 1803 2726 πιστεύωμεν,
1822 2675 1873 2712 ὅτι
1901 2675 2061 2712 ἐκέλευσε
2094 2673 2153 2711 καὶ
2186 2672 2308 2724 ὑψώθη
2333 2676 2354 2718 ἡ

1335 2738 1482 2780 ‹affl-mcx
1497 2753 1504 2759 ·
1524 2736 1733 2788 προσέταξε,
1763 2736 1822 2773 καὶ
1850 2737 1955 2774 πάλιν
1986 2735 2048 2781 τὴν
2069 2734 2198 2773 οἰκείαν
2230 2734 2357 2786 ἐπέσχε

1336 2798 1455 2851 φορὰν,
1475 2798 1533 2835 καὶ
1553 2799 1637 2849 πρὸς
1654 2799 1710 2836 τὸν
1725 2798 1848 2835 οἰκεῖον
1868 2796 1971 2835 τόπον
1991 2795 2006 2815 b
2018 2794 2303 2849 ὗπανεχώρησεν,
2320 2795 2355 2834 ὃν

1336 2860 1436 2904 αὐτὸς
1465 2853 1533 2898 οἶδε
1568 2859 1668 2909 μόνος
1693 2862 1710 2897 ὃ
1738 2859 1998 2909 δημιουργήσας
2031 2857 2136 2903 αὐτὴν
2163 2856 2357 2904 Δεσπότης.

1336 2922 1404 2959 Καὶ
1422 2921 1578 2965 ἐκάθισε,
1596 2921 1716 2972 φησὶν,
1736 2923 1757 2965 ἡ
1781 2918 1927 2962 κιὸωτὸς
1960 2923 1994 2956 ἐν
2013 2920 2062 2969 τῷ
2092 2918 2230 2969 ἑὸδόμῳ
2249 2917 2355 2967 μηνὶ,

1337 2982 1468 3032 ἑὸδόμῃ
1485 2982 1543 3019 καὶ
1559 2982 1670 3020 εἰκάδι
1689 2985 1749 3019 τοῦ
1773 2981 1900 3031 μηνὸς,
1924 2981 1981 3018 ἐπὶ
1998 2980 2042 3018 τὰ
2055 2981 2119 3033 ὄρη
2137 2979 2179 3017 τὰ
2193 2978 2357 3033 Ἀραράτ.

1337 3044 1390 3082 Τὸ
1415 3043 1449 3080 δὲ
1477 3042 1569 3094 ὕδωρ
1596 3044 1789 3088 ἠλαττοῦτο
1818 3041 1883 3084 ἕως
1905 3045 1965 3079 τοῦ
1991 3041 2134 3080 δεκάτου
2153 3040 2275 3092 μηνός·
2299 3039 2358 3077 καὶ

1336 3105 1501 3156 ὤφθησαν
1519 3106 1553 3142 αἱ
1568 3105 1716 3156 κεφαλαὶ
1746 3105 1813 3141 τῶν
1831 3103 1936 3155 ὀρέων
1967 3104 2000 3140 ἐν
2023 3105 2072 3155 τῷ
2103 3102 2236 3154 δεκάτῳ
2256 3100 2357 3151 μηνὶ,

1336 3168 1378 3216 τῇ
1399 3164 1521 3216 πρώτῃ
1548 3169 1608 3203 τοῦ
1628 3165 1744 3215 μηνός.
1765 3164 1921 3203 οΣκόπει
1939 3168 2012 3208 πῶς
2039 3164 2159 3216 ἀθρόον
2189 3166 2210 3208 ἡ
2244 3177 2356 3212 μετα-

1392 3290 1402 3301 τ
1430 3278 1519 3310 Unus
1542 3286 1636 3312 :aim-1
1656 3287 1728 3317 πὸτν,
1748 3284 1863 3323 -ἑθρὸσν4
