2516 3791
655 202 658 204 ⁸
686 209 731 238 ΙΝ
767 208 868 238 (ἶΑΙ).

155 287 207 328 δ’τι
224 291 241 326 6
255 288 423 336 τοσαύτην
439 290 517 343 περὶ
531 290 592 341 ἐμὲ
611 289 673 337 τὴν
689 291 883 344 εὐεργεσίαν
899 290 1153 342 ἐπιδειξάμενος
1167 321 1175 337 ,

155 349 214 388 καὶ
231 348 359 396 ταύτην
386 350 575 403 προσθήσει
605 357 680 395 ταῖς
705 352 978 404 προλαίῗούσαις,
998 352 1056 390 καὶ
1083 354 1174 391 ἀπο-

153 412 265 449 στελεῖ
282 410 339 448 τὸν
369 410 513 462 ἄγγελον
545 414 647 451 αὐτοῦ
668 411 861 466 ἔμπροσθέν
891 429 963 452 σου.
993 412 1102 457 Αὐτός
1122 429 1175 452 σοι

151 470 415 524 προοδοποιήσει
447 471 604 521 ἅπαντα,
628 473 726 517 αὐτός
760 489 814 512 σοι
846 474 905 512 καὶ
932 473 995 521 τὴν
1028 480 1174 526 γυναῖκα

150 531 322 585 γνώριμον
353 533 513 580 ποιήσει,
539 534 599 572 καὶ
631 534 750 573 λαὸὼν
771 534 876 582 αὐτὴν
906 534 1010 581 ἥξεις.
1033 534 1118 573 Ἐὰν
1139 533 1174 573 δὲ

148 592 343 645 γένηται,δ
365 593 413 644 μὴ
435 595 584 646 γένοιτο,
603 595 662 634 καὶ
693 595 864 648 ἀντιτείνῃ
885 600 906 642 ἡ
926 594 1011 647 γυνὴ
1037 599 1096 632 τοῦ
1124 593 1172 645 μὴ

149 658 375 707 πορευθῆναι,
405 656 583 709 ἀλλότριος
609 656 671 708 ἔσῃ
694 657 763 695 ἀπὸ
782 659 844 703 τῆς
869 659 955 707 ἀρᾶς
982 660 1043 694 τοῦ
1059 655 1172 707 ὅρκου.

150 716 220 754 Τὸν
243 716 358 766 μέντοι
379 716 450 755 υἱόν
469 733 534 768 μου
555 716 604 768 μὴ
626 717 846 770 ἀποστρέψῃς
865 719 946 755 ἐκεῖ.
967 718 1044 754 Οὐκ
1064 719 1174 768 ἀμφι-

149 777 269 815 comm
288 778 372 830 γὰρ,
391 777 443 815 ὅτι
465 777 694 816 κατευοδώσει
707 782 721 798 ⁸
735 793 773 815 σε
794 776 930 830 Κύριος.
953 777 1023 815 Καὶ
1043 776 1174 821 δεικνὺς

147 837 242 880 ὅπως
262 837 435 876 ἐπεποίθει
454 841 497 889 τῇ
514 843 573 876 τοῦ
592 840 683 877 Θεοῦ
712 839 869 889 δυνάμει,
900 837 1107 891 ἀπαγορεύει
1123 841 1173 890 τῷ

148 897 245 936 παιδὶ
259 898 317 936 τὸν
335 897 457 936 Ἰσαὰκ
476 900 586 936 ἐκεῖσε
605 901 810 951 ἀπαγαγεῖν.
831 892 920 936 Εἶτα
948 898 1066 946 ἐπειδὴ
1085 899 1173 949 μετὰ

147 959 328 1010 ἀκριὸείας
347 959 538 998 διετείλατο
555 962 605 1012 τῷ
624 960 748 1008 παιδὶ,
768 960 828 998 καὶ
853 960 1050 1007 ἀπήλλαξεν
1073 961 1173 999 αὐτὸν

146 1022 208 1066 τῆς
236 1019 411 1073 φροντίδος
437 1020 626 1067 (ἐδεδοίκει
652 1020 719 1073 γὰρ
740 1024 758 1059 6
777 1027 860 1065 παῖς
887 1021 935 1073 μὴ
963 1021 1174 1074 ἐπιορκήσας

145 1080 219 1132 ἁλῷ
240 1081 279 1118 τὸ
299 1080 517 1133 προσταχθὲν
540 1081 588 1132 μὴ
608 1081 831 1135 πληρώσας),
848 1083 953 1130 Θεὶς,
977 1083 1083 1135 φησὶ,
1110 1083 1172 1130 τὴν

145 1150 247 1196 χεῖρα
268 1145 370 1182 αὐτοῦ
390 1143 457 1181 ὑπὸ
485 1144 542 1182 τὸν
565 1145 687 1197 μηρὸν,
716 1144 851 1195 ὤμοσεν
882 1147 976 1197 αὐτῷ
1004 1145 1084 1198 περὶ
1113 1148 1172 1183 τοῦ

146 1205 300 1256 ῥήματος
319 1204 438 1242 τούτου
452 1235 461 1251 ,
480 1203 570 1243 ὥστε
591 1205 639 1256 μὴ
674 1206 731 1244 τὸν
759 1205 883 1244 Ἰσαὰκ
903 1209 1015 1245 ἐκεῖσε
1035 1209 1174 1257 ἀπαγα-

145 1272 228 1316 γεῖν.
254 1259 354 1309 Εἶδες
378 1267 451 1309 πῶς
480 1267 519 1303 ἐκ
549 1266 741 1318 προοιμίων
771 1267 894 1311 ἔδειξεν
914 1271 932 1305 6
955 1267 1091 1314 οἰκέτης
1109 1268 1172 1315 τὴν

146 1327 276 1365 εὔνοιαν
305 1326 368 1373 τὴν
389 1327 470 1379 περὶ
493 1328 550 1366 τὸν
572 1327 776 1375 Δεσπότην;
805 1325 901 1379 εὈρα
927 1327 1048 1365 λοιπὸν
1071 1328 1172 1366 αὐτὸν

143 1391 182 1427 ἐκ
201 1392 264 1435 τ’ἧς
281 1391 341 1426 τοῦ
362 1389 581 1442 πατριάρχου
596 1388 823 1432 διδασκαλίας
843 1388 968 1439 βελτίω
982 1388 1173 1439 γινόμενον,

143 1449 202 1487 καὶ
223 1449 436 1500 μιμούμενον
454 1453 513 1487 τοῦ
531 1449 664 1487 δικαίου
681 1449 721 1487 τὸ
740 1448 908 1501 φιλόθεον.
936 1449 1067 1488 Λαὸὼν
1087 1450 1173 1504 γὰρ,

142 1510 259 1562 φησὶν,
287 1513 305 1548 6
333 1517 415 1554 παῖς
442 1510 527 1549 δέκα
550 1511 729 1562 καμήλους
758 1511 818 1549 καὶ
847 1511 917 1549 ἀπὸ
940 1511 1080 1550 πάντων
1102 1516 1172 1552 τῶν

143 1574 281 1623 ἀγαθῶν
300 1575 360 1610 τοῦ
389 1572 505 1626 κυρίου
525 1573 649 1621 αὐτοῦ,
675 1572 827 1616 ἀναστὰς
855 1572 1022 1625 ἐπορεύθη
1044 1576 1091 1618 εἰς
1108 1574 1170 1622 τὴν

141 1633 418 1684 Μεσοποταμίαν
449 1636 497 1678 εἰς
523 1633 586 1681 τὴν
614 1633 714 1672 πόλιν
739 1633 896 1687 Ναχὼρ,
924 1634 987 1672 καὶ
1015 1635 1172 1687 ἐκοίμισε

143 1693 204 1737 τὰς
229 1694 409 1744 καμήλους
436 1694 501 1738 ἔξω
532 1698 596 1741 τῆς
626 1694 759 1738 πόλεως
787 1694 886 1748 παρὰ
912 1695 952 1734 τὸ
979 1696 1090 1750 φρέαρ
1111 1700 1170 1736 τοῦ

142 1755 264 1799 ὕδατος
281 1757 321 1794 τὸ
339 1756 424 1808 πρὸς
443 1755 524 1808 ὀψὲ,
540 1756 645 1802 ἡνίκα
661 1756 907 1809 ἐκπορεύονται
929 1760 965 1796 αἱ
989 1759 1171 1811 ὑδρευόμε-

141 1834 210 1855 ναι.
233 1817 302 1855 Καὶ
321 1810 396 1855 εἷπε
408 1832 416 1840 ·
438 1817 544 1869 Κύριε
558 1820 576 1855 6
593 1818 682 1861 Θεὸς
699 1821 759 1856 τοῦ
778 1817 896 1870 κυρίου
913 1834 978 1869 μου
996 1819 1169 1871 ’Λὸραάμ.

140 1877 238 1929 ’Όρα
267 1883 327 1916 τοῦ
348 1878 480 1916 οἰκέτου
498 1877 561 1924 τὴν
583 1878 858 1929 εὐγνωμοσύνην.
879 1879 950 1916 Τὸν
972 1882 1035 1926 τῆς
1055 1882 1170 1918 οἰκου-

143 1940 249 1990 μένης
267 1939 448 1986 Δεσπότην
469 1939 539 1977 ἀπὸ
551 1942 611 1977 τοῦ
628 1939 847 1993 πατριάρχου
862 1940 1042 1992 ὀνομάζει·
1063 1943 1170 1996 Κύριε

140 2001 208 2053 γὰρ
226 2004 244 2039 6
264 2002 372 2048 Θεὸς,
392 2001 494 2053 φησὶ,
514 2004 573 2039 τοῦ
594 2001 711 2053 κυρίου
731 2018 796 2053 μου
812 2002 990 2056 Ἀὸραὰμ,
1006 2006 1025 2041 6
1042 2004 1169 2043 τοσαύ-

140 2079 201 2106 τας
216 2062 295 2113 περὶ
314 2062 414 2100 αὐτὸν
438 2061 634 2114 εὐεργεσίας
650 2062 920 2114 ἐπιδειξάμενος.
943 2064 1014 2102 Καὶ
1031 2064 1066 2102 τί
1087 2068 1167 2103 θαυ-

140 2124 260 2175 μάζεις
279 2126 309 2161 εἰ
328 2127 345 2161 6
365 2123 500 2170 οἰκέτης
527 2123 629 2161 αὐτὸν
650 2124 740 2161 οὕτω
759 2125 859 2162 καλεῖ
878 2125 968 2163 Θεὸν
989 2125 1168 2178 Ἀὅραάμς

138 2185 248 2227 Αὐτὸς
267 2187 284 2222 6
300 2187 367 2222 τῶν
383 2183 472 2223 ὅλων
490 2184 579 2228 Θεὸς
597 2184 730 2228 δεικνὺς
747 2184 841 2228 ὅπως
854 2187 922 2223 τῶν
943 2185 1086 2223 δικαίων
1101 2186 1163 2234 τὴν

137 2244 261 2298 ἀρετὴν
277 2245 357 2298 περὶ
372 2247 500 2284 πολλοῦ
513 2251 675 2292 ποιεῖται,
688 2245 791 2297 φησίν
804 2261 812 2268 ·
826 2244 946 2297 ι’Ἐγώ
958 2247 1030 2296 εἶμι
1044 2249 1062 2285 6
1075 2248 1164 2292 Θεὸς

136 2305 266 2344 Ἰακὼὸ
281 2306 341 2344 καὶ
359 2309 376 2344 6
392 2307 480 2350 Θεὸς
496 2305 618 2345 Ἰσαὰκ
632 2306 692 2344 καὶ
706 2310 724 2345 6
742 2307 832 2350 Θεὸς
847 2306 1018 2360 Ἀδραάμ.
1035 2309 1141 2363 Κύριε
1152 2341 1162 2360 ,

134 2368 250 2420 φησὶν,
280 2371 298 2406 6
319 2368 408 2411 Θεὸς
438 2373 498 2408 τοῦ
530 2367 650 2421 κυρίου
686 2384 751 2419 μου
780 2367 960 2421 Ἀὸραὰμ,
993 2370 1161 2411 εὗόδωσον

133 2429 285 2468 ἐναντίον
318 2446 383 2481 μου
412 2430 578 2482 σήμερον,
609 2428 669 2467 καὶ
699 2427 843 2476 ποίησον
864 2429 958 2474 ἔλεος
985 2432 1074 2482 μετὰ
1101 2438 1162 2472 τοῦ

133 2490 250 2543 κυρίου
272 2507 337 2542 μου
356 2490 538 2544 Ἆὸραάμ·
558 2493 605 2535 ὡς
627 2492 656 2528 εἷ
683 2489 817 2543 ἔλεγεν·
843 2493 890 2534 εἷς
921 2491 1019 2545 ἔργον
1051 2495 1160 2532 ἐλθεῖν

132 2553 276 2600 ποίησον
307 2551 352 2590 τὰ
384 2551 530 2596 δόξαντα
560 2555 671 2606 αὐτῷ,
709 2553 769 2592 καὶ
801 2552 892 2592 κατὰ
918 2553 1062 2604 γνώμην
1096 2554 1158 2603 τὴν

133 2616 236 2652 αὐτοῦ
256 2614 370 2653 πάντα
385 2614 563 2653 εὐόδωσον.
580 2615 736 2662 Ποίησον
751 2615 844 2658 ἔλεος
861 2614 950 2665 μετὰ
965 2618 1025 2652 τοῦ
1040 2615 1158 2668 κυρίου

134 2691 198 2724 μου
220 2675 391 2728 Ἀὸραάμ.
420 2675 468 2714 Τί
487 2678 580 2724 ἐστι,
610 2675 765 2723 Ποίησον
796 2675 914 2723 ἔλεος,
939 2675 1015 2723 Τὴν
1038 2678 1158 2715 ἐπιθυ-

134 2734 216 2785 μίαν
233 2737 335 2774 αὐτοῦ
350 2736 546 2789 πλήρωσον.
569 2730 659 2775 Εἶτά
678 2753 781 2789 φησιν
796 2753 804 2761 ·
825 2736 914 2776 Ἰδοὺ
931 2736 999 2789 ἐγὼ
1024 2737 1157 2785 ἕστηκα

132 2795 189 2834 ἐπὶ
207 2799 269 2842 τῆς
289 2800 404 2848 πηγῆς
427 2802 487 2836 τοῦ
507 2797 648 2845 ὕδατος,
675 2801 712 2836 αἱ
739 2797 776 2837 δὲ
804 2798 988 2852 θυγατέρες
1007 2802 1076 2837 τῶν
1097 2801 1152 2837 οἷ-

131 2856 280 2895 κούντων
301 2856 366 2904 τὴν
382 2857 483 2896 πόλιν
501 2858 745 2912 ἐκπορεύονται
763 2862 933 2907 ἀντλῆσαι
956 2859 1064 2913 ὕδωρ.
1083 2862 1154 2900 Καὶ

129 2916 228 2956 ἔσται
255 2921 277 2965 ἡ
312 2917 497 2971 παρθένος,
529 2912 552 2969 ᾗ
576 2919 615 2957 ἂν
646 2919 714 2971 ἐγὼ
743 2920 849 2969 εἴπω,
883 2921 1057 2961 ἐπίκλινον
1090 2922 1152 2970 τὴν

129 2979 247 3031 ὑδρίαν
270 2994 330 3017 σου
349 2978 406 3017 ἵνα
422 2979 493 3017 πίω
507 3009 516 3027 ,
546 2979 606 3017 καὶ
627 2980 706 3030 εἴπῃ
731 2997 810 3032 μοι,
826 2981 885 3020 πίε
899 3013 909 3030 ,
927 2983 986 3020 καὶ
1002 2983 1065 3027 τὰς
1083 2999 1153 3022 κα-

129 3040 259 3089 μήλους
273 3056 332 3079 σου
348 3043 459 3079 ποτιῶ
469 3071 479 3089 ,
499 3040 563 3084 ἕως
579 3040 619 3078 ἂν
633 3040 834 3080 παύσωνται
847 3049 959 3082 πᾶσαι
972 3044 1155 3092 πίνουσαι,

128 3101 255 3148 ταύτην
271 3101 465 3153 ἡτοίμασας
483 3104 532 3155 τῷ
551 3102 652 3141 παιδί
671 3118 730 3142 σου
751 3102 875 3142 Ἰσαὰκ
883 3136 894 3153 ,
917 3105 976 3144 καὶ
993 3107 1027 3144 ἓν
1046 3105 1157 3160 τούτῳ

177 3251 190 3266 ⁸
216 3240 320 3274 Savil.
338 3248 372 3274 et
387 3250 529 3286 quatuor
547 3243 626 3276 Mss.
647 3259 701 3279 σοι·
718 3243 833 3277 Morel.
860 3259 902 3279 σε.
921 3245 1036 3288 [Coisl.
1061 3256 1140 3289 pro-

132 3305 255 3327 nomen
271 3294 356 3337 om.]

176 3347 193 3371 b
209 3346 264 3378 Sic
276 3347 406 3378 inverso
419 3345 536 3380 ordine
548 3346 667 3391 legitur
680 3349 780 3380 etiam
795 3349 828 3382 iu
844 3349 947 3383 savit.
965 3358 998 3382 et
1016 3350 1049 3383 in
1062 3350 1138 3383 Mss.

134 3398 302 3441 luter-pres
327 3405 420 3430 vetus
448 3397 562 3444 legisse
597 3398 747 3440 videtur,
776 3409 813 3434 ut
841 3409 890 3434 est
919 3401 1082 3446 hodieque
1107 3404 1140 3435 iu

909 207 1033 237 xxiv.
1074 205 1236 237 cmxl-ts.

1173 2224 1222 2249 485

1276 207 1430 238 nomi„
1470 209 1623 238 vaiu.
2103 197 2196 259 559

1248 291 1354 329 etiam
1379 291 1472 330 illud
1499 291 1710 331 additurum
1726 323 1736 341 ,
1764 302 1796 329 et
1816 293 2009 330 missurum
2031 296 2195 345 angelum

1246 365 1351 390 suum
1370 361 1451 390 ante
1468 361 1512 390 te.
1537 353 1634 405 lpse,
1656 352 1793 404 inquit,
1816 352 1914 391 viam
1932 353 1999 390 tibi
2020 368 2195 406 praepara-

1245 411 1298 449 bit
1329 412 1365 450 in
1384 413 1550 451 omnibus
1566 444 1575 459 ‚
1599 427 1820 465 uxoremque
1838 414 1904 452 tibi
1934 423 2052 452 notam
2072 415 2192 464 saciet,

1247 482 1283 509 ιιι
1303 482 1445 526 accepta
1465 489 1503 512 ea
1532 475 1602 513 huc
1627 475 1762 514 redeas.
1796 475 1905 522 Quod
1933 475 1963 513 si
1992 476 2193 527 contingat,

1244 533 1342 583 quod
1359 534 1476 583 absit,
1500 544 1538 572 ut
1555 536 1748 574 reluctetur
1767 551 1859 574 uxor
1876 536 1998 575 venire
2014 537 2095 585 huc,
2113 537 2197 574 alie-

1244 608 1311 631 nus
1333 595 1402 633 eris
1427 610 1445 632 a
1472 596 1720 635 maledictione
1739 598 1945 650 juramenti.
1969 600 2005 636 8.
2032 600 2197 636 Tantum

1243 656 1370 704 silium
1390 670 1514 693 meum
1534 658 1628 695 illuc
1654 672 1701 695 ne
1719 661 1904 698 abducas.
1937 660 2085 697 Nullum
2104 660 2197 697 enini

1245 716 1334 753 milri
1364 716 1518 754 dubium
1541 726 1611 765 est,
1639 717 1724 767 quin
1749 720 1920 757 Dominus
1951 720 2104 757 secunda
2132 721 2196 758 tibi

1244 776 1350 814 saciat
1368 778 1499 814 omnia.
1518 778 1710 816 Dcelarans
1727 789 1901 829 quantum
1919 780 2052 818 divinar
2076 791 2196 833 poten-

1245 837 1302 874 tia:
1319 837 1420 887 fidat,
1443 838 1609 890 prohibet
1627 853 1792 889 servum,
1814 854 1857 877 ne
1876 841 1993 878 (ilium
2009 841 2071 879 illo
2092 842 2196 880 indn-

1245 907 1311 935 cat.
1332 899 1474 948 Postea,
1497 913 1578 937 cum
1591 899 1782 951 diligenter
1794 901 1994 940 mandasset
2005 916 2120 952 servo,
2137 918 2197 941 cu-

1244 973 1352 1010 raque
1371 973 1452 998 eum
1472 960 1674 1009 lihe1·asset;
1694 961 1883 998 verebatur
1899 962 1993 999 enirn
2012 977 2136 1001 servus
2157 979 2198 1001 ne

1245 1021 1412 1059 mandato
1427 1035 1495 1059 non
1512 1021 1660 1074 impleto
1676 1022 1825 1074 perjurii
1840 1037 1920 1060 reus
1934 1023 2051 1062 fieret:
2068 1027 2106 1062 Ε).
2125 1028 2199 1062 Ρο-

1244 1084 1333 1128 sita,
1359 1082 1494 1133 inquit,
1515 1096 1633 1120 manu
1654 1097 1726 1121 sua
1744 1085 2032 1136 subtersemur,
2051 1088 2197 1136 juravit

1245 1145 1280 1179 ei
1298 1156 1411 1194 super
1425 1145 1545 1181 verbo
1562 1145 1647 1189 hoe,
1663 1142 1763 1193 quod
1775 1143 1894 1181 filium
1905 1158 2011 1181 suum
2031 1145 2117 1182 illuc
2132 1160 2197 1182 non

1244 1203 1439 1241 abduceret
1458 1205 1567 1242 isaac.
1586 1203 1724 1243 Vidisti
1743 1204 1922 1255 quomodo
1942 1205 1987 1242 ab
2007 1205 2108 1243 initio
2127 1221 2199 1243 sei·-

1245 1277 1310 1302 vus
1329 1264 1545 1303 indicaverit
1559 1279 1662 1303 suam
1681 1279 1763 1317 erga
1782 1265 1971 1303 dominum
1989 1266 2199 1305 benevolen-

1244 1324 1359 1362 tiam?
1377 1325 1473 1365 Vide
1486 1340 1580 1364 nunc
1600 1326 1779 1377 quomodo
1791 1341 1831 1364 ea
1843 1327 2055 1379 patriarchae
2069 1327 2200 1365 doctri-

1244 1400 1290 1424 na
1326 1387 1454 1425 melior
1491 1387 1644 1425 evaserit
1659 1418 1671 1437 ,
1708 1397 1742 1426 et
1774 1388 1934 1426 imitatus
1968 1389 2076 1426 fuerit
2110 1389 2199 1441 justi

1243 1447 1412 1500 pietatem
1431 1457 1536 1499 atque
1546 1448 1767 1500 religionem.
1792 1451 1856 1487 10.
1882 1449 2065 1501 Acceptis
2079 1453 2196 1496 enim,

1245 1508 1382 1560 inquit,
1405 1524 1536 1548 servus
1553 1511 1682 1548 decem
1698 1512 1878 1558 camelis,
1902 1520 1939 1549 et
1957 1513 2005 1550 de
2024 1515 2200 1551 omnibus

1246 1573 1356 1610 bonis
1371 1586 1456 1624 quae
1477 1573 1625 1609 domini
1641 1575 1702 1610 sai
1719 1581 1851 1618 erant,
1875 1576 2041 1611 surrexit
2060 1583 2097 1611 et
2111 1588 2198 1626 pro-

1242 1632 1369 1682 fectus
1383 1641 1439 1670 est
1453 1635 1495 1669 in
1511 1634 1834 1684 Mesopotamiam
1850 1636 1891 1670 in
1904 1636 2100 1672 civitatem
2116 1636 2198 1672 Na-

1243 1695 1362 1740 chor,
1387 1696 1448 1730 11.
1471 1702 1509 1732 et
1533 1696 1753 1732 recumbere
1770 1695 1939 1732 camelos
1949 1696 2053 1747 secit
2086 1705 2197 1734 eitra

1241 1757 1439 1792 civitatem
1446 1756 1566 1806 juxta
1583 1763 1740 1806 puteum
1759 1768 1870 1807 aquae
1890 1758 2054 1807 vesperi,
2071 1770 2195 1807 quan-

1242 1817 1292 1853 do
1314 1816 1561 1867 egrediuntur
1579 1823 1795 1866 aquaturoe.
1820 1817 1884 1853 12
1908 1817 1962 1853 Et
1974 1817 2072 1854 dit-it
2087 1832 2100 1854 .·
2114 1818 2195 1854 Do—

1242 1878 1345 1914 mine
1362 1877 1468 1914 Deas
1483 1876 1631 1913 domini
1651 1878 1726 1912 mei
1747 1875 1966 1914 Abraham.
1986 1877 2083 1915 vide
2100 1880 2193 1916 servi

1240 1938 1467 1991 probitatem.
1487 1938 1596 1976 Orbis
1615 1938 1812 1975 Dominum
1828 1953 1848 1975 a
1863 1938 2065 1990 patriarcha
2079 1939 2193 1976 nomi-

1239 2008 1323 2037 nat:
1344 2000 1514 2037 Domine
1535 1998 1646 2046 enim,
1667 1998 1802 2049 inquit,
1825 2000 1933 2038 Deus
1951 2000 2100 2036 domini
2119 2003 2193 2038 mei

1238 2060 1467 2107 Abraham,
1491 2060 1553 2110 qui
1578 2069 1674 2097 tanta
1694 2060 1731 2097 in
1750 2059 1855 2097 illum
1873 2060 2045 2098 beneficia
2065 2071 2190 2099 contu-

1235 2121 1324 2158 listi.
1354 2121 1403 2158 Et
1433 2120 1524 2171 quid
1551 2120 1695 2158 miraris
1717 2120 1747 2157 si
1765 2134 1888 2158 servus
1914 2134 1996 2158 eum
2021 2121 2070 2159 ita
2089 2132 2191 2160 vocat

1237 2183 1355 2219 Deum
1370 2181 1576 2218 Abraham?
1604 2181 1686 2233 Ipse
1703 2180 1866 2218 omnium
1879 2182 1976 2219 Deus
1991 2191 2190 2221 monstrans

1186 2262 1210 2291 Α
1236 2242 1414 2293 quomodo
1421 2243 1602 2294 justorum
1614 2241 1788 2279 virtutem
1800 2242 1919 2293 magni
1930 2242 2048 2291 faciat,
2060 2244 2188 2295 inquit,

1195 974 1218 1002 l)

1193 1650 1217 1679 E

1234 2306 1320 2357 Ego
1349 2317 1434 2343 sam
1453 2305 1560 2342 Deus
1582 2303 1793 2341 Abraham
1812 2312 1849 2341 et
1869 2305 1977 2342 Deus
2001 2308 2117 2344 Isaac
2151 2315 2187 2346 et
2201 2316 2385 2347 Ε.ι-οι1.3.ιῐ.

1233 2368 1342 2406 Deus
1356 2368 1497 2406 Jacob.
1522 2365 1570 2403 Et
1588 2364 1679 2403 dicit
1698 2380 1706 2402 ε
1728 2366 1899 2403 Domine
1916 2367 2024 2404 Deus
2039 2368 2187 2405 domini

1233 2431 1310 2467 mei
1327 2429 1551 2474 Abraham,
1571 2441 1750 2479 prospere
1762 2427 1884 2480 dirige
1896 2442 2027 2466 coram
2042 2444 2104 2467 me
2117 2432 2184 2467 ho-

1231 2491 1314 2538 die,
1337 2499 1375 2528 et
1394 2492 1474 2543 sae
1493 2489 1796 2526 misericordiam
1815 2503 1902 2527 cum
1920 2491 2076 2527 domino
2101 2505 2184 2529 meo

1232 2551 1459 2599 Abraham;
1486 2549 1587 2600 quasi
1606 2548 1741 2587 diceret
1768 2565 1776 2585 :
1809 2549 1880 2587 Fac
1899 2559 1939 2587 ut
1966 2550 2183 2602 impleantur

1230 2626 1269 2650 ea
1289 2626 1368 2664 quae
1391 2611 1452 2648 ille
1473 2610 1569 2658 vult,
1590 2619 1624 2647 et
1653 2609 1849 2649 secundum
1872 2611 1951 2662 ejus
1972 2613 2180 2651 sententiam

1230 2687 1399 2726 prospera
1427 2672 1482 2709 fac
1499 2670 1632 2709 omnia.
1669 2672 1754 2708 Fac
1775 2673 2078 2711 misericordiam
2095 2687 2182 2712 eum

1231 2736 1386 2772 domino
1405 2746 1488 2770 meo
1502 2731 1543 2768 A
1547 2731 1723 2768 braham.
1742 2730 1843 2776 Quid
1855 2740 1918 2780 est,
1939 2735 1978 2770 F
1975 2747 2023 2771 ac
2035 2737 2181 2773 miseri-

1229 2797 1429 2835 cordiam?
1451 2793 1537 2834 Voti
1556 2801 1757 2844 compotem
1772 2806 1854 2830 eum
1872 2793 1938 2832 fac.
1972 2795 2110 2834 Deinde
2126 2797 2179 2835 in-

1231 2857 1327 2909 quit,
1347 2857 1409 2893 15.
1426 2857 1528 2894 Ecce
1546 2868 1613 2907 ego
1636 2863 1695 2892 sto
1712 2863 1868 2905 propter
1871 2855 2030 2907 sontem
2049 2871 2175 2908 aquaee,

1227 2919 1325 2970 filiae
1345 2925 1473 2955 autem
1487 2917 1749 2953 habitantium
1764 2918 1961 2954 civitatem
1980 2920 2179 2970 egrediun-

1232 2988 1296 3018 tur
1313 2987 1355 3016 ut
1368 2979 1552 3016 hauriant
1572 2990 1729 3028 aquam.
1751 2977 1815 3014 M.
1835 2978 1888 3015 Et
1903 2981 1975 3016 erit
1993 2982 2103 3032 virgo
2118 2985 2180 3019 cui

1220 3041 1299 3092 ⁴ego
1323 3040 1456 3076 dixero
1478 3053 1488 3073 .·
1517 3037 1674 3074 Inclina
1703 3037 1888 3086 hydriam
1912 3048 2018 3078 tuam
2052 3050 2093 3079 ut
2126 3043 2180 3079 bi-

1233 3108 1336 3152 bam,
1359 3113 1395 3143 et
1415 3105 1555 3142 dixerit
1576 3104 1689 3150 mihi,
1713 3104 1828 3150 Bibe,
1852 3113 1888 3142 et
1908 3107 2076 3146 camelos
2097 3116 2179 3145 tuos

1182 3246 1300 3279 Graeco
1316 3252 1348 3277 et
1367 3244 1400 3277 in
1418 3243 1573 3287 Vulgata,
1587 3243 1678 3276 Deus
1693 3243 1888 3285 Abraham,
1911 3246 2001 3278 Deus
2019 3247 2134 3284 Isaac,
2152 3257 2181 3279 et

1176 3298 1269 3330 Deus
1294 3297 1413 3329 Jacob.
1441 3297 1508 3339 [Et
1531 3297 1577 3329 sic
1604 3307 1736 3340 quoque
1754 3307 1843 3330 recte,
1870 3298 1971 3331 habet
1995 3299 2095 3332 Coisl.
2126 3306 2181 3343 ἐγώ

1176 3357 1234 3393 εἶμι
1252 3356 1266 3385 ὀ
1285 3356 1345 3388 θεὸς
1361 3351 1488 3395 §epum
1506 3365 1533 3382 κ.
1553 3354 1580 3384 ὸ.
1602 3354 1629 3384 0.
1650 3349 1690 3385 ie·
1710 3356 1758 3385 καὶ
1772 3355 1787 3386 ὸ
1801 3357 1827 3385 θ·
1848 3351 1927 3395 laon]
