2516 3791
685 154 726 183 ΙΝ
763 153 862 183 ΟΛΡ.
901 151 1043 183 xxxin

127 239 339 287 ὑπώπτευεν,
357 236 432 276 οὐδὲ
449 237 525 289 ᾔδει
543 236 595 275 ὅτι
616 235 753 279 πάντως
773 236 875 274 αὐτὸν
904 235 1144 287 καταλήψεται

1082 148 1244 180 omns.

2083 137 2156 149 au<

1283 149 1441 180 nomn.
1482 151 1607 180 rvui.
2068 140 2157 183 (ω.

1217 246 1285 283 que
1303 232 1435 270 sciebat
1459 233 1642 271 Labanum
1673 247 1754 271 cum
1775 242 1869 270 tanta
1891 234 1922 271 ii
1945 235 2109 272 invadere
2130 252 2164 272 sc·

122 306 141 341 ὁ
162 300 283 339 Λάὸαν
308 297 397 350 μετὰ
418 299 550 343 πολλῆς
577 300 638 344 τῆς
665 299 776 349 ὁρμῆς
800 296 857 336 ἐπὶ
887 296 926 335 τὸ
945 295 1143 347 ἀμύνασθαι
1168 295 1189 324 Β
1216 293 1318 341 velle,
1329 302 1366 330 ut
1383 293 1473 331 clam
1486 302 1691 346 susceptum
1705 293 1751 331 ab
1765 307 1802 331 se
1813 292 2006 330 discessum
2024 295 2164 331 ulcisce-

122 362 179 400 τὸν
193 361 324 399 δίκαιον
343 360 406 404 τῆς
420 358 533 411 λάθρᾳ
547 357 735 409 γενομένης
755 357 1011 410 ἀναχωρήσεως
1025 355 1144 403 ἕνεκα,

120 424 171 474 τῷ
200 420 322 459 Αάὸαν
349 418 527 471 ἐπιφανεὶς
544 418 773 457 καταστέλλει
793 420 896 457 αὐτοῦ
923 417 987 464 τὴν
1014 416 1142 469 ὁρμὴν,

121 482 179 520 καὶ
198 481 392 521 ἐντέλλεται
410 479 517 531 μηδὲν
533 481 584 531 τῷ
603 478 735 518 'lambe
755 478 843 531 μηδὲ
872 482 906 518 ἐν
929 478 1062 531 ῥήμασι
1081 479 1142 515 λυ-

119 542 230 596 πηρὸν
250 541 504 594 ἀποκρίνασθαι
520 557 528 565 ·
549 540 610 588 Μὴ
629 541 785 593 λαλήσῃς
805 540 893 594 γὰρ,
915 539 1023 592 φησὶ,
1057 538 1146 589 μετὰ

121 603 250 644 Ἰακὼὸ
278 602 429 654 πονηρόν
441 618 450 627 ·
467 602 526 641 καὶ
544 606 645 641 τοῦτο
663 602 833 654 ᾠκονόμει
852 601 909 640 διὰ
936 603 998 647 τῆς
1017 599 1147 639 ἐκείνου

121 664 279 717 γλώττης
306 664 480 716 γνώριμον
506 662 664 715 γενέσθαι
690 665 741 715 τῷ
768 663 914 715 δικαίῳ,
942 661 998 699 ἵνα
1027 659 1146 711 μαθὼν

122 726 186 773 τὴν
206 726 286 778 περὶ
306 726 409 764 αὐτὸν
434 723 669 776 γεγενημένην
693 722 892 774 οἰκονομίαν
911 719 1148 774 θαρσαλεώτε-

124 803 180 839 ρον
205 789 374 837 καταστῇ.
396 785 483 824 Novi
500 784 535 823 δὲ
547 814 557 831 ,
576 783 695 831 ἐπειδὴ
715 787 733 822 ὁ
752 784 896 836 ἀδελφὸς
914 781 977 834 μὲν
996 781 1063 821 ὑπὸ
1090 784 1149 818 τοῦ

123 848 253 898 μήκους
285 851 345 885 τοῦ
375 845 500 898 χρόνου
520 844 684 897 λωφήσας
713 839 768 893 ἦν,
789 843 925 882 καὶτὸν
954 842 1060 894 θυμὸν
1091 841 1149 880 καὶ

122 909 186 956 τὴν
207 907 443 959 ἀγανάκτησιν
459 906 596 949 παύσας
614 905 678 952 τὴν
699 905 789 944 κατὰ
804 909 864 944 τοῦ
880 903 1010 943 Ἰακὼὸ
1024 935 1033 951 ,
1053 898 1150 946 οὗτος

76 974 78 977 ’
123 969 159 1009 δὲ
180 967 362 1020 ἐναγώνιος
389 961 445 1014 ἦν,
476 965 638 1010 δεδοικὼς
669 967 728 1004 καὶ
759 967 896 1018 τρέμων
917 969 976 1004 τοῦ
1000 966 1149 1016 ἀδελφοῦ

124 1029 186 1077 τὴν
203 1028 405 1081 συντυχίαν,
426 1031 445 1066 ὁ
467 1027 593 1079 ἀγαθὸς
615 1027 797 1074 Δεσπότης
813 1029 874 1066 οὐκ
893 1027 944 1065 ἔτι
966 1029 1016 1079 τῷ
1036 1025 1151 1064 ἹΙσαῦ

124 1091 319 1130 ἐντέλλεται
331 1106 338 1114 ·
357 1088 433 1128 οὐδὲ
448 1088 516 1142 γὰρ
532 1089 734 1128 ε’ὅουλεύετό
750 1105 784 1127 τι
801 1088 893 1128 κατὰ
908 1091 967 1127 τοῦ
983 1089 1149 1140 ἀδελφοῦ·

125 1152 216 1190 ἀλλὰ
235 1152 291 1190 τὸν
323 1150 457 1189 δίκαιον
476 1153 752 1202 παραμυθεῖται.
775 1149 876 1188 Μετὰ
905 1149 972 1201 γὰρ
993 1148 1032 1186 τὸ
1059 1151 1150 1186 ἀπο-

125 1215 283 1261 στεῖλαι,
303 1211 407 1265 φησι,
431 1210 510 1254 τοὺς
532 1210 575 1249 τὰ
596 1211 689 1263 δῶρα
707 1210 1003 1261 ἀποκομίζοντας,
1023 1212 1150 1247 καθευ-

126 1274 235 1320 δήσας
245 1303 254 1320 ,
269 1274 372 1325 φησὶ,
389 1273 448 1311 καὶ
463 1272 629 1315 Ἀναστὰς
643 1274 677 1310 ἐν
691 1274 734 1324 τῇ
751 1273 848 1310 νυκτὶ
865 1271 992 1323 ἐκείνῃ,
1009 1271 1152 1322 διήγαγε

126 1335 188 1379 τὰς
220 1334 279 1372 δύο
298 1340 462 1387 γυναῖκας
492 1333 551 1371 καὶ
584 1333 628 1371 τὰ
657 1333 781 1371 παιδία
815 1333 877 1380 τὴν
912 1332 1073 1371 διάὸασιν
1093 1335 1154 1369 τοῦ

128 1395 261 1448 Ἰαῧώχ
276 1411 283 1419 ·
309 1395 368 1433 καὶ
397 1394 521 1432 ἔλαὸεν
547 1393 688 1442 αὐτοὺς,
717 1394 779 1432 καὶ
810 1393 909 1440 διέὸη
929 1394 987 1432 τὸν
1006 1392 1156 1445 χειμάῤ-

129 1462 218 1510 ῥουν.
236 1456 450 1508 “Υπελείφθη
468 1455 504 1495 δὲ
534 1455 665 1494 Ἰακὼὸ
684 1455 786 1506 μόνος
798 1487 807 1503 ,
826 1455 885 1493 καὶ
907 1455 1074 1494 ἐπάλαιεν
1094 1453 1135 1491 ἄν
1147 1475 1158 1482 ·

130 1522 264 1570 θρωπος
284 1519 360 1569 μετ’
383 1519 499 1556 αὐτοῦ.
523 1516 672 1569 Μεγάλη
698 1520 720 1564 ἡ
748 1520 809 1554 τοῦ
836 1515 1016 1554 Δεσπότου
1033 1515 1156 1567 φιλαν-

128 1579 278 1631 θρωπία.
304 1578 449 1625 Ἐπειδὴ
477 1577 544 1630 γὰρ
571 1577 697 1629 ἔμελλε
722 1577 786 1624 τὴν
816 1578 902 1630 πρὸς
929 1576 986 1615 τὸν
1012 1575 1158 1627 ἀδελφὸν

130 1640 316 1692 συντυχίαν
332 1640 567 1687 ποιήσασθαι,
582 1638 638 1678 ἵνα
654 1638 748 1691 μάθῃ
769 1638 825 1677 διὰ
837 1641 906 1677 τῶν
926 1637 1159 1689 πραγμάτων,

130 1701 183 1739 ὅτι
202 1700 298 1740 οὐδὲν
316 1701 419 1747 ἀηδὲς
443 1700 679 1747 ὑποστήσεται
694 1731 706 1747 ,
726 1701 761 1737 ἐν
787 1699 950 1751 σχήματι
975 1697 1159 1751 ἀνθρώπου

131 1762 293 1800 παλαίειν
315 1761 404 1812 μετὰ
431 1765 491 1800 τοῦ
522 1760 656 1800 δικαίου
683 1760 926 1813 καταδέχεται.
954 1753 1044 1798 Eira
1071 1761 1160 1811 ὁρῶν

134 1824 254 1862 ἑαυτὸν
273 1822 473 1874 ἡττώμενον
493 1828 507 1844 ³
523 1827 542 1862 ὃ
560 1821 704 1870 Ἰακὼὸ,
719 1822 938 1875 Ἐκράτησε,
964 1821 1049 1874 φησὶ
1062 1850 1072 1868 ,
1102 1825 1162 1859 τοῦ

134 1884 285 1926 πλάτους
312 1887 371 1922 τοῦ
396 1889 508 1936 μηροῦ
530 1885 646 1922 αὐτοῦ.
665 1883 776 1922 “Όλον
798 1884 833 1922 δὲ
854 1887 954 1922 τοῦτο
982 1898 1161 1934 συγκατα-

140 1945 276 1988 ὃάσεως
293 1945 406 1984 ἕνεκεν
421 1945 587 1998 ἐγίγνετο,
609 1945 666 1984 ἵνα
684 1945 747 1993 τὴν
766 1945 895 1983 δειλίαν
918 1944 1076 1991 ἐξέληται
1100 1946 1163 1990 τῆς

134 2009 193 2044 τοῦ
214 2006 348 2044 δικαίου
368 2010 500 2059 ψυχῆς,
520 2007 579 2045 καὶ
604 2009 710 2059 πείσῃ
744 2007 839 2051 ἐκτὸς
870 2007 986 2054 πάσης
1015 2005 1164 2059 ἀγωνίας

134 2067 198 2114 τὴν
218 2067 304 2120 πρὸς
324 2068 381 2106 τὸν
399 2068 546 2120 ἀδελφὸν
565 2070 754 2120 συντυχίαν
773 2068 997 2115 ποιήσασθαι.
1016 2067 1162 2122 Κρατή-

135 2144 258 2171 σαντος
273 2128 354 2180 γὰρ,
371 2129 478 2181 φησὶ,
502 2133 563 2168 τοῦ
587 2128 717 2168 ’lambe
738 2129 777 2168 τὸ
799 2129 929 2173 πλάτος
954 2133 1014 2167 τοῦ
1033 2133 1162 2180 μηροῦ,

135 2190 306 2242 ἐνάρκησε
320 2189 360 2228 τὸ
379 2189 510 2233 πλάτος
524 2193 584 2228 τοῦ
607 2195 721 2242 μηροῦ
735 2190 864 2229 Ἰακὼὸ
881 2193 915 2229 ἐν
930 2193 981 2242 τῷ
1000 2189 1164 2228 παλαίειν

136 2251 238 2289 αὐτὸν
269 2253 346 2301 μετ’
367 2253 483 2290 αὐτοῦ.
504 2244 596 2290 Εἶτα
623 2251 680 2289 ἵνα
700 2252 795 2304 μάθῃ
821 2255 840 2291 ὁ
869 2250 1001 2290 Ἰακὼὸ
1020 2250 1084 2298 τὴν
1104 2251 1164 2290 δύ-

140 2329 244 2363 ναμιν
269 2305 329 2350 τὀῦ
362 2313 449 2364 πρὸς
480 2312 585 2352 αὐτὸν
618 2312 778 2352 παλαίειν
808 2313 1034 2364 νομιζομένου
1050 2343 1059 2361 ,
1081 2312 1166 2366 φησὶ

138 2373 223 2424 πρὸς
237 2373 349 2412 αὐτόν·
370 2373 590 2413 Ἀπόστειλόν
612 2391 671 2426 με·
689 2374 797 2422 ἀνέὲη
816 2375 884 2428 γὰρ
902 2379 920 2414 ὃ
940 2375 1073 2428 ὄρθρος.
1101 2377 1165 2413 Αἷ-

139 2434 301 2484 σθόμενος
317 2435 429 2473 τοίνυν
445 2438 464 2474 ὁ
478 2435 608 2479 δίκαιος
623 2436 663 2474 τὸ
679 2436 821 2489 μέγεθος
834 2439 896 2483 τῆς
912 2437 1092 2487 δυνάμεως
1105 2440 1166 2476 τοῦ

139 2499 249 2534 ταῦτα
278 2496 474 2548 εἰρηκότος,
494 2496 596 2548 φησί·
624 2499 678 2536 Οὔ
703 2498 752 2549 μή
783 2513 822 2536 σε
853 2498 1051 2537 ἀποστείλω
1068 2527 1078 2547 ,
1107 2497 1166 2537 ἐὰν

141 2557 190 2607 μή
207 2572 249 2607 με
267 2557 467 2609 εὖλογῆσῃς.
498 2557 672 2607 Μεγάλων
688 2557 854 2606 ἠξιώθην,
876 2558 962 2610 φησι
975 2589 984 2607 ,
1002 2558 1061 2597 καὶ
1079 2558 1168 2611 ὑπὲρ

140 2617 203 2664 τὴν
220 2617 318 2662 ἀξίαν
337 2617 400 2664 τὴν
415 2619 580 2669 ἐμαυτοῦ.
600 2620 654 2657 Οὔ
679 2619 848 2671 πρότερον
865 2619 978 2658 τοίνυν
996 2635 1034 2658 σε
1053 2619 1146 2658 ἐάσω
1159 2647 1169 2665 ,

143 2679 265 2731 μέχρις
279 2679 319 2717 ἂν
333 2682 396 2726 τῆς
414 2680 573 2731 εὐλογίας
592 2681 782 2719 ἀπολαύσω
797 2683 860 2727 τ’ἧς
874 2681 971 2734 παρὰ
991 2683 1064 2720 σοῦ.
1080 2675 1171 2720 Εἶτά

143 2755 240 2791 φησι,
260 2739 309 2778 Τί
332 2741 372 2779 τὸ
393 2741 502 2791 ὄνομά
529 2742 590 2780 σού
607 2743 700 2780 ἐστιν
717 2759 726 2786 ;
749 2741 846 2796 εὈρα
867 2742 974 2781 πάλιν
997 2742 1170 2795 συγκατά-

143 2799 257 2837 Εασιν.
281 2801 323 2838 Εἰ
343 2800 410 2853 γὰρ
427 2801 476 2851 μὴ
492 2801 688 2854 ἠρώτησεν,
704 2805 766 2841 οὐκ
780 2802 857 2855 ᾔδει
873 2806 933 2842 τοῦ
951 2803 1085 2842 δικαίου
1106 2802 1170 2850 τὴν

143 2861 396 2912 προσηγορίαν,
428 2861 529 2916 ’ῌδει
556 2862 695 2908 πάντως
707 2892 717 2910 ,
753 2864 843 2903 ἀλλὰ
879 2864 1040 2916 βούλεται
1069 2864 1171 2903 αὐτὸν

1186 2899 1234 2924 565

1214 363 1322 402 retur,
1338 353 1475 392 dictum
1492 364 1544 393 est
1561 354 1769 407 apparuisse
1785 354 1953 405 angelum
1973 363 2075 391 noctu
2099 356 2167 392 La—

1213 413 1318 462 bano,
1333 423 1367 452 et
1383 415 1585 467 repressisse
1598 416 1674 467 ejus
1690 415 1876 468 impetum,
1893 414 2169 465 mandatumque

1214 472 1353 512 dedisse
1363 489 1406 512 ne
1416 475 1471 512 vel
1486 489 1651 526 asperum
1668 474 1818 512 verbum
1829 473 2034 525 loqueretur
2041 473 2167 512 Jacob:

1216 533 1359 572 dicebat
1377 535 1485 581 enirn,
1509 536 1568 572 Ne
1587 536 1759 588 loquaris
1779 549 1866 573 cum
1885 536 2011 573 Jacob
2033 535 2142 572 mala
2157 550 2167 570 :
2188 543 2261 569 (lm.
2291 542 2337 567 ιι.

1217 605 1251 633 ct
1274 595 1342 633 hoc
1372 596 1418 633 ita
1443 595 1695 648 dispensabat,
1714 611 1785 646 quo
1807 610 1868 647 per
1888 595 1985 633 illius
2012 595 2170 647 linguam
2187 581 2237 620 ²4·

1219 666 1341 694 notum
1359 656 1458 694 {ieret
1470 658 1580 708 justo,
1596 665 1634 694 ut
1650 656 1826 694 fidentiori
1839 666 1928 694 esset
1940 656 2059 694 animo
2077 671 2172 695 com·

1218 727 1316 770 perta
1336 726 1432 755 tanta
1453 717 1517 755 Dei
1542 719 1576 755 in
1599 732 1636 755 se
1654 717 1888 769 providentia.
1914 718 2017 755 Nun(-
2036 727 2152 756 autem
2166 749 2174 763 ‚

1220 778 1305 830 quia
1323 779 1430 816 frater
1447 778 1616 830 temporis
1637 777 1860 827 longitudine
1879 778 2063 829 mitigatus
2089 789 2176 822 erat,

1220 840 1472 891 quieveratque
1494 839 1546 877 ira
1567 848 1601 877 et
1626 839 1824 891 indignatio
1843 848 1964 877 eontra
1981 840 2178 879 Jacob-bic

1221 910 1340 939 autem
1357 901 1488 938 anxius
1505 910 1591 949 erat,
1612 900 1738 937 timens
1756 909 1789 937 et
1807 908 1956 937 tremens
1980 900 2100 938 fratris
2121 917 2179 938 οι·-

1222 976 1368 1000 cursum
1381 962 1514 1000 :bonus
1529 961 1704 1000 Dominus
1721 974 1788 998 non
1802 962 1877 1013 jam
1895 961 1989 998 Esau
2008 962 2180 1014 praecipit,

1222 1020 1328 1067 (nihil
1344 1020 1437 1058 enim
1453 1029 1575 1058 contra
1604 1020 1747 1058 fratrem
1765 1020 2031 1069 meditabatur),
2048 1021 2105 1058 sed
2124 1022 2181 1073 ju-

1223 1089 1318 1118 stum
1336 1081 1484 1119 solatur.
1512 1081 1605 1118 Nam
1626 1089 1815 1132 postquam
1834 1080 1984 1119 misisset
1999 1082 2183 1119 offerentes

1225 1156 1394 1191 munera,
1423 1151 1455 1180 et
1472 1140 1721 1186 dormivisset,
1739 1144 1801 1179 92.
1818 1141 1990 1179 Surre.z·il
2011 1145 2053 1178 in
2075 1151 2186 1180 nocte

1222 1203 1309 1249 illa,
1315 1211 1352 1240 et
1359 1216 1496 1240 uxores
1503 1203 1601 1240 duas
1611 1211 1652 1254 et⁴
1655 1202 1686 1253 fi
1690 1202 1764 1240 lias
1774 1204 1974 1240 transmisi
1977 1210 1989 1238 t
2003 1204 2045 1238 in
2059 1210 2166 1241 trans
2180 1227 2186 1231 -

1225 1267 1281 1302 ιἰιι
1307 1265 1461 1302 Jaboch
1470 1280 1485 1308 ;
1501 1265 1564 1301 5⁵25.
1579 1272 1614 1301 et
1636 1265 1783 1314 accepit
1797 1276 1874 1309 eos,
1891 1271 1926 1300 et
1942 1266 2096 1301 transiit
2109 1273 2187 1301 tor-

1225 1324 1457 1362 rentemfitk.
1472 1324 1644 1362 Relictus
1660 1331 1716 1361 est
1731 1332 1859 1361 autem
1873 1324 1998 1362 Jacob
2014 1325 2133 1371 solus,
2152 1335 2186 1363 et

1228 1385 1456 1423 luctabatur
1478 1386 1593 1422 homo
1619 1398 1708 1422 cum
1727 1399 1782 1423 eo.
1803 1386 1936 1437 Magna
1956 1386 2101 1424 Domini
2119 1386 2189 1424 ele-

1228 1446 1372 1484 mentia.
1387 1445 1569 1493 Quoniam
1586 1460 1800 1485 occursurus
1814 1456 1888 1485 erat
1903 1447 2017 1496 fratri,
2032 1457 2070 1485 ut
2086 1448 2190 1486 sciret

1229 1508 1348 1561 reipsa
1365 1507 1461 1560 quod
1479 1507 1747 1560 nihilasperum
1762 1508 1898 1546 laturus
1913 1518 2013 1558 esset,
2024 1510 2058 1547 in
2074 1510 2190 1561 figura

1231 1569 1388 1608 hominis
1403 1568 1533 1607 luctari
1551 1582 1633 1607 cum
1649 1569 1747 1621 justo
1766 1569 1892 1607 voluit.
1913 1570 2050 1609 Deinde
2065 1571 2191 1609 videns

1232 1644 1268 1668 se
1284 1631 1394 1679 vinci,
1411 1631 1474 1668 5⁹25.
1493 1629 1777 1681 Apprehendit,
1798 1629 1925 1681 inquit,
1943 1631 2192 1669 latitudinem

1222 1693 1393 1745 semoris
1413 1694 1510 1744 ejus.
1534 1692 1670 1729 Totum
1688 1700 1806 1729 autem
1825 1691 1893 1730 hoe
1915 1692 2047 1730 factum
2066 1702 2132 1743 est,
2154 1703 2191 1731 ut

1184 1762 1209 1791 D
1233 1766 1270 1791 se
1288 1752 1386 1790 illius
1405 1751 1603 1790 humilitati
1623 1760 1887 1804 attemperaret,
1906 1753 2131 1792 formidinem
2147 1769 2193 1793 ex

1233 1814 1350 1853 anima
1365 1814 1454 1867 justi
1471 1814 1656 1863 eximeret,
1678 1822 1712 1851 et
1730 1813 1959 1866 persuaderet
1978 1815 2025 1865 ei,
2046 1825 2086 1854 ιιι
2106 1816 2192 1854 eitra

1233 1889 1403 1927 angorem
1415 1875 1515 1913 fratri
1528 1884 1740 1913 occurreret.
1758 1876 1851 1913 Nam
1866 1890 1947 1914 cum
1964 1877 2131 1916 tenuisset
2145 1878 2193 1916 la-

1235 1935 1425 1974 titudinem
1440 1935 1583 1974 femoris
1598 1936 1619 1974 J
1622 1934 1722 1981 acob,
1735 1936 1772 1972 E
1776 1939 1940 1974 marcuit
1955 1936 2122 1975 latitudo
2131 1939 2193 1990 se-

1235 2000 1355 2036 moris
1370 1998 1510 2044 Jacob,
1536 2011 1625 2036 cum
1649 1997 1928 2035 colluctaretur
1943 1999 2012 2036 ille
2026 2013 2112 2037 cum
2133 2015 2189 2038 eo.

1237 2058 1374 2097 Deinde
1385 2068 1424 2096 ιιι
1438 2058 1543 2096 sciret
1556 2057 1668 2098 Jacob
1682 2058 1851 2096 virtutem
1864 2059 1940 2111 ejus
1955 2074 2060 2110 quem
2074 2075 2195 2099 secum

1236 2119 1363 2158 luctari
1385 2119 1550 2172 putabat,
1568 2118 1659 2156 dicit
1677 2117 1724 2156 ad
1742 2121 1913 2158 equG.
1932 2122 2099 2160 Dimitte
2113 2137 2192 2165 me,·

1236 2181 1412 2219 ascendit
1432 2183 1535 2218 enim
1561 2193 1718 2217 aurora.
1754 2179 1915 2218 Sentiens
1940 2181 2052 2233 igitur
2074 2183 2194 2234 justus

1236 2240 1524 2293 magnitudinem
1537 2240 1684 2280 virtutis
1699 2240 1856 2292 ejus‚qui
1871 2240 1946 2279 haec
1960 2242 2028 2280 sibi
2039 2243 2193 2290 dixerat,

1235 2303 1354 2341 dixit:
1369 2304 1534 2340 .Minime
1547 2311 1584 2340 te
1597 2302 1807 2349 dimittam,
1826 2305 1902 2341 nisi
1917 2317 1977 2342 me
1993 2306 2194 2343 benedixe-

1237 2365 1450 2416 ris.Magna
1463 2372 1698 2415 consequutus
1713 2377 1807 2413 sum,
1821 2372 1854 2402 et
1867 2378 1948 2416 quae
1963 2379 2069 2418 supra
2081 2380 2194 2405 meam

1239 2434 1322 2464 sunt
1340 2424 1553 2476 dignitatem
1567 2439 1575 2461 ε
1589 2437 1658 2462 non
1678 2423 1778 2476 prius
1799 2433 1832 2462 te
1852 2425 2066 2476 relinquam,
2086 2426 2197 2465 donec

1239 2485 1522 2526 benedictionem
1556 2500 1576 2524 a
1608 2493 1642 2523 te
1675 2485 1862 2538 accipiam.
1910 2486 2048 2524 Deinde
2080 2487 2168 2526 dicit
2187 2519 2196 2533 ,

1239 2551 1304 2588 27.
1327 2549 1441 2600 Quod
1455 2562 1594 2585 nomen
1610 2556 1716 2585 tuum
1733 2555 1789 2585 est
1803 2551 1819 2584 Ρ
1834 2546 1930 2587 Vide
1946 2548 2073 2586 iterum
2087 2564 2198 2600 quan-

1240 2620 1317 2650 tum
1333 2624 1406 2648 sese
1421 2608 1585 2646 humiliet
1604 2617 1638 2646 et
1657 2617 1874 2660 attemperet.
1895 2609 1992 2647 Num
2010 2611 2039 2648 si
2056 2624 2124 2648 non
2145 2611 2198 2649 in-

1241 2679 1466 2724 terrogasset,
1485 2668 1688 2707 nescivisset
1695 2669 1783 2720 justi
1799 2682 1928 2708 nomen
1939 2670 1957 2707 ἶ)
1974 2671 2115 2709 Sciebat
2130 2672 2199 2710 uti-

1241 2747 1333 2784 que:
1351 2731 1414 2770 sed
1439 2729 1712 2781 interrogatione
1730 2729 1810 2768 vult
1829 2730 1905 2782 ejus
1925 2730 2095 2770 fiduciam
2111 2733 2200 2771 soli-

1244 2793 1344 2843 dare,
1361 2801 1394 2830 et
1415 2791 1541 2829 docere
1557 2790 1637 2841 quis
1655 2790 1701 2828 sit
1720 2790 1784 2841 qui
1798 2790 1829 2828 ei
1849 2791 2026 2843 loquatur.
2045 2793 2093 2832 Et
2110 2804 2202 2846 post-

1245 2868 1353 2906 quam
1367 2852 1475 2901 djxit,
1493 2851 1619 2898 Jacob,
1642 2851 1708 2890 ⁶28.
1730 2851 1868 2902 inquit:
1886 2854 1977 2891 Non
1993 2857 2202 2893 vocabitur

144 2920 388 2960 πιστώσασθαι
416 2922 474 2960 διὰ
502 2925 565 2969 τῆς
591 2924 815 2975 ἐρωτήσεως,
841 2925 902 2964 καὶ
931 2926 1088 2974 διδάξαι,
1122 2925 1174 2969 τίς
1199 2936 1224 2965 Α
1249 2938 1390 2962 nomen
1417 2931 1525 2961 tuum
1554 2922 1695 2972 Jacob,
1721 2921 1791 2960 sed
1817 2923 1944 2962 Israel
1965 2927 2038 2962 erit
2066 2940 2205 2964 nomen

187 3039 199 3051 ἱ·
217 3030 290 3061 Εἶτα.
307 3032 384 3073 ὁρῶν
401 3029 505 3062 ἑαυτὸν
521 3033 692 3070 ἡττώμενον
708 3033 723 3064 ὁ
740 3029 846 3064 ianae.
865 3031 927 3062 Hic
942 3032 1042 3063 series
1060 3041 1160 3073 pror·
1193 3045 1273 3073 μεως
1294 3034 1346 3063 τοῦ
1362 3033 1459 3063 ταῦτα
1476 3032 1628 3074 εἰρηκότος
1646 3039 1651 3057 1
1670 3028 1818 3059 senilem·
1839 3029 2061 3075 igiutrjustus
2076 3044 2208 3076 magni<

146 3090 199 3111 sus
219 3080 376 3111 intricata
391 3078 522 3112 videtur
541 3096 547 3113 ;
566 3091 643 3112 nam
657 3082 684 3112 si
697 3081 743 3112 ita
756 3092 789 3113 se
804 3080 938 3122 habeat,
953 3089 989 3114 ut
1006 3081 1039 3114 in
1052 3081 1161 3114 Editis
1195 3082 1342 3113 tudinem
1356 3081 1489 3111 virtutis
1506 3078 1577 3123 ejus
1590 3080 1650 3122 qui
1658 3079 1723 3110 sibi
1736 3078 1808 3112 hoec
1823 3081 1968 3114 dlxerat.
1981 3083 2207 3123 Quamobrem

148 3138 181 3162 et
208 3131 241 3162 'm
264 3129 500 3174 Manuscriptis
521 3130 677 3164 omnihus
691 3130 806 3176 [etiam
821 3131 940 3176 Coisl.]
956 3132 1086 3177 legitur,
1104 3135 1164 3167 Ja-

149 3181 213 3214 cob
231 3182 299 3224 ipse
312 3181 445 3216 'minc-ta
463 3185 570 3217 victus
588 3182 695 3225 fucrit,
714 3185 782 3227 ipse
795 3182 934 3218 dixerit:
951 3184 1089 3218 Dimitte
1105 3197 1165 3226 me,

153 3235 305 3266 ascendit
320 3236 407 3266 enim
425 3247 557 3267 aurora.
578 3237 618 3268 Et
637 3244 749 3269 tamen
772 3247 839 3269 non
862 3236 966 3269 modo
982 3236 1166 3270 Hebraicus

153 3293 281 3325 textus,
304 3298 484 3330 omnesque
510 3289 711 3330 interpretes
735 3288 804 3321 haec
829 3287 927 3321 rerba
955 3288 1073 3322 dicunt
1097 3301 1166 3322 esse

151 3338 219 3378 ejus
235 3337 291 3379 qui
317 3335 506 3369 luctabatur
531 3350 606 3370 cum
632 3349 693 3380 eo,
724 3336 780 3370 sed
809 3339 875 3381 ipse
906 3338 1170 3384 Chrysostomus

155 3388 240 3422 infra
258 3387 361 3431 dicit,
379 3395 549 3433 αιτθομινος
563 3397 657 3427 τοίνυν
675 3396 687 3427 ὁ
706 3394 811 3432 δίκαιος
823 3398 856 3428 τὸ
876 3397 1000 3437 μέγεθος
1015 3403 1064 3433 τῆς
1085 3397 1171 3429 δυνά.-

1201 3132 1331 3166 videtur
1347 3131 1445 3164 series
1456 3131 1663 3174 aliquantum
1681 3130 1796 3163 vitiata
1813 3143 1891 3165 esse.
1915 3133 2054 3167 Sariiius
2066 3144 2160 3168 nutat
2178 3138 2208 3169 in

1202 3187 1360 3228 margine,
1374 3182 1546 3227 legendum
1560 3194 1631 3216 esse
1642 3181 1705 3215 sibi
1722 3182 1840 3223 videri,
1853 3190 2024 3229 ἡττώμενον
2034 3195 2085 3222 τοῦ
2096 3188 2191 3221 ianm:
2205 3203 2208 3219 :

1201 3237 1257 3269 sed
1280 3237 1366 3269 sorte
1383 3235 1498 3268 melius
1524 3234 1687 3278 legeretur
1712 3241 1883 3279 ἡττώμενον
1901 3241 1956 3272 ὑπὸ
1972 3244 2024 3272 τοῦ
2043 3239 2145 3272 iamt).
2171 3240 2215 3271 L't

1203 3297 1238 3320 ut
1254 3297 1320 3328 est,
1343 3295 1483 3327 textum,
1503 3285 1595 3320 ιιυΙΙο
1610 3286 1814 3332 suffragante
1836 3287 1980 3324 Codice.
2004 3298 2130 3322 mutare
2148 3302 2215 3323 ιιοιι

1207 3342 1275 3373 ausi
1291 3351 1413 3373 sumus
