2433 3775
213 195 270 239 72
655 192 693 221 S.
730 192 917 223 JOANNIS
953 193 1193 223 CHRYSOST.

210 274 278 311 hoc
289 271 399 310 novi?
408 271 497 323 quid
508 272 665 311 insoliti?
676 274 852 321 Quisnam
865 274 926 312 ille
933 275 996 326 qui
1008 275 1165 313 forman-

211 333 291 383 dus,
306 332 352 371 ad
376 347 482 385 quem
511 334 714 372 faciendum
738 334 872 387 Opifici
893 344 989 373 tanto
1018 335 1166 373 consilio

210 404 245 433 et
272 395 588 448 circumspectione
618 396 735 448 opus?
765 397 818 433 Ne
848 396 1003 444 mireris,
1025 395 1165 433 dilecte.

210 455 325 494 Homo
341 456 437 494 enim
455 456 548 494 inter
568 457 727 495 visibilia
749 456 866 494 omnia
882 456 1058 507 dignitate
1076 469 1159 508 prae-

210 517 320 566 cellit,
339 526 485 570 propter
514 532 620 568 quem
651 516 795 555 condita
822 525 904 554 sunt
929 517 1007 555 haec
1034 516 1166 566 omnia,

211 577 355 627 caelum,
377 587 486 627 terra,
512 591 620 627 mare,
644 577 709 626 sol,
736 577 839 626 luna,
860 577 986 625 stellae,
1010 577 1165 630 reptilia,

206 639 382 691 jumenta,
403 638 581 688 brutaque
610 638 779 676 animalia
808 639 939 678 omnia.
966 639 1015 677 Et
1045 653 1166 690 quare,

213 700 371 750 inquies,
400 698 537 737 tardius
569 708 706 737 creatus
733 709 785 738 est
814 699 942 748 homo,
972 700 1002 739 si
1032 700 1168 738 caeteris

65 767 125 794 Cur
141 766 198 792 ele·
213 759 387 811 dignitate
411 760 578 812 praestat?
617 760 762 799 Merito.
786 762 878 799 Nam
905 770 944 798 ut
967 761 1168 813 ingressuro

13 813 199 875 ffiffiessfoe
213 821 249 859 in
278 821 461 863 civitatem
492 821 651 873 aliquam
675 835 771 874 rege,
790 836 904 875 operae
935 823 1092 875 pretium
1117 831 1168 860 est

10 897 118 917 creat«.
211 881 381 935 praemitti
397 882 563 921 satellites
579 883 735 933 aliosque
749 897 882 931 omncs,
897 893 935 921 ut
954 883 1042 922 bene
1059 882 1166 921 ador-

211 952 292 982 nata
315 943 414 995 regia
438 958 503 982 rex
530 943 568 981 in
590 943 674 996 {eam
695 943 863 982 adveniat
889 960 898 981 :
928 944 1038 983 simili
1061 944 1168 982 modo

211 1017 306 1042 nunc
334 1003 436 1055 quasi
464 1016 583 1055 regem
606 1013 638 1042 et
663 1004 864 1056 principem
890 1005 1045 1056 aliquem
1061 1006 1167 1043 rebus

211 1065 359 1103 terrenis
392 1065 636 1117 praefecturus,
657 1064 757 1117 prius
785 1079 925 1103 omnem
948 1065 1044 1103 hunc
1066 1079 1168 1103 orna-

211 1134 288 1163 tum
307 1125 511 1175 fabricavit,
534 1134 567 1163 et
583 1125 725 1163 tandem
742 1125 785 1163 iis
806 1125 1080 1178 praeficiendum
1099 1126 1167 1164 ho-

211 1186 343 1224 minem
371 1185 556 1238 produxit,
579 1185 762 1224 declarans
788 1186 892 1224 factis
925 1186 1002 1224 istis
1035 1195 1168 1237 quanto

211 1246 344 1285 honore
358 1247 492 1285 animal
506 1247 575 1285 hoc
605 1256 859 1299 prosequatur.
873 1247 1049 1285 Caeterum
1068 1261 1168 1299 roge-

211 1322 292 1346 mus
307 1308 466 1347 hocloco
479 1308 662 1358 Judaeum,
679 1317 712 1346 et
724 1307 908 1347 videamus
920 1308 1010 1359 quid
1024 1323 1168 1361 respon-

212 1368 308 1419 deat,
331 1369 378 1407 ad
405 1383 510 1420 quem
538 1368 634 1407 dixit
654 1370 750 1407 Deus
771 1384 778 1406 :
800 1371 1013 1408 Faciamus
1039 1371 1168 1408 homi-

213 1444 299 1468 nem
323 1432 534 1468 secundum
565 1433 773 1483 imaginem
803 1436 1002 1470 nostram?
1027 1431 1168 1484 Scripta

211 1489 306 1528 enim
336 1499 419 1528 sunt
449 1490 527 1528 haec
553 1504 573 1527 a
603 1491 715 1538 Mose,
739 1489 796 1528 cui
819 1505 855 1528 se
882 1490 1022 1529 credere
1044 1491 1169 1530 dicunt

212 1550 371 1602 quidem,
390 1565 460 1589 non
485 1550 636 1589 credunt
659 1560 804 1589 autem:
822 1551 915 1589 sicut
942 1561 975 1590 et
1007 1552 1169 1591 Christus

9 1619 196 1657 Joan.5.46.
212 1611 328 1663 inquit
345 1613 408 1651 :Si
433 1613 638 1650 crederetis
666 1613 792 1659 Mosi,
815 1613 1019 1651 crederetis
1040 1614 1170 1665 utique

213 1682 250 1711 et
275 1675 382 1712 mihi.
408 1671 481 1711 Sed
511 1672 622 1710 literae
653 1671 801 1723 quidem
834 1673 931 1725 apud
962 1673 1044 1712 illos
1070 1684 1169 1723 sunt,

212 1749 336 1773 sensus
354 1748 440 1773 vero
459 1733 556 1787 apud
584 1747 660 1772 nos.
683 1733 742 1771 Ad
764 1748 870 1785 quem
896 1734 1007 1786 igitur
1032 1735 1170 1773 dietum

211 1804 277 1846 cst,
288 1798 500 1834 Faciamus
521 1797 730 1845 hominem,
744 1804 776 1832 et
795 1809 876 1832 011111
897 1810 967 1847 quo
983 1795 1170 1834 consilium

211 1856 281 1894 hoc
302 1856 431 1894 habuit
449 1855 651 1894 Dominus?
667 1857 745 1893 Non
762 1855 861 1906 quod
879 1856 1025 1894 consilio
1039 1866 1073 1895 et
1088 1871 1167 1895 con-

212 1917 423 1955 sideratione
443 1931 531 1969 opus
549 1916 679 1954 habeat
702 1932 709 1952 :
732 1916 845 1966 absit5
865 1916 927 1954 sed
955 1917 1070 1970 figura
1090 1932 1170 1956 ver-

211 1978 338 2016 borum
359 1977 539 2015 declarare
558 1977 688 2027 voluit,
711 1991 818 2028 quam
846 1978 1077 2016 excellentem
1103 1979 1171 2017 ho-

214 2053 335 2077 norem
362 2037 519 2086 homini,
545 2037 606 2088 qui
637 2037 876 2088 formabatur,
900 2038 1047 2077 tribuat.
1072 2039 1171 2086 Quid

215 2114 298 2152 ergo
316 2099 441 2137 dicunt
463 2099 500 2136 hi
521 2099 583 2149 qui
603 2098 722 2136 adhuc
740 2098 872 2136 babent
887 2099 1048 2138 velamen
1065 2114 1172 2153 super

216 2160 322 2199 corda
341 2174 405 2198 sua
421 2159 592 2212 positum,
614 2168 648 2197 et
667 2159 758 2196 nihil
779 2173 902 2197 eorum
919 2174 997 2210 quae
1013 2160 1073 2198 hic
1091 2170 1172 2199 sunt

217 2230 394 2268 contenta,
418 2220 617 2272 intelligere
640 2219 797 2258 volunt?
823 2220 881 2258 Ad
914 2221 1082 2272 angelum
1118 2221 1173 2260 vel

217 2281 484 2333 archangelum,
503 2280 685 2331 inquiunt,
706 2280 781 2317 haec
796 2279 892 2318 dicta
911 2290 1005 2319 sunt.
1025 2283 1057 2319 O
1079 2282 1171 2319 insa-

219 2342 326 2390 niam,
342 2357 362 2380 o
379 2355 547 2393 magnam
560 2339 837 2393 impudentiam!
856 2340 903 2378 Et
921 2341 1099 2392 quomodo
1116 2357 1171 2380 ra-

219 2403 307 2441 tioni
326 2412 597 2441 consentaneum
611 2410 675 2449 est,
694 2402 786 2440 bone
800 2402 872 2452 vir,
893 2411 933 2439 ut
955 2403 1070 2454 angeli
1091 2418 1173 2441 con-

220 2465 343 2503 silium
375 2464 494 2502 incant
531 2478 613 2501 011111
640 2463 808 2512 Domino,
833 2473 867 2501 et
898 2474 1067 2502 creaturae
1091 2480 1172 2504 cum

221 2526 410 2564 Creatorei'
437 2526 517 2564 Non
549 2525 644 2563 enim
667 2534 719 2563 est
747 2525 958 2577 angelorum
986 2526 1173 2564 consilium

220 2587 316 2635 dare,
332 2586 394 2625 scd
413 2586 586 2634 assistere,
603 2595 636 2624 et
651 2586 888 2624 ministerium
903 2586 1110 2639 adimplere.
1128 2587 1175 2625 Et

221 2658 260 2686 ut
283 2648 416 2698 discas,
440 2646 524 2685 audi
544 2646 812 2685 vocalissimum
839 2647 982 2685 Esaiam
999 2646 1174 2686 dicentem

23 2726 97 2753 lsai.
115 2723 144 2752 6,
163 2732 192 2752 2,
221 2709 266 2749 de
285 2709 447 2761 supernis
468 2708 639 2759 angelicis
664 2707 861 2746 virtutibus
882 2724 889 2744 :
912 2709 1001 2746 Vidi
1031 2710 1174 2747 Cheru-

224 2774 302 2809 him
313 2771 652 2808 stantiaadextris
667 2770 756 2816 Dei,
773 2777 808 2806 et
821 2769 1035 2821 Seraphim,
1055 2778 1092 2808 et
1111 2773 1175 2808 ob-

223 2832 533 2884 tegebarzcsacies
551 2831 744 2883 pedesque
758 2843 847 2868 suos
866 2830 1074 2877 alis.Qnod
1095 2831 1175 2870 ideo

221 2893 354 2930 facium
375 2905 447 2929 csse
463 2890 684 2941 liq¹1‹·t,quia
699 2890 822 2942 fulgur
835 2891 1028 2944 majestatis
1044 2892 1174 2931 divina:

224 2953 307 2990 inde
333 2951 514 3003 egrediens
542 2952 632 2989 ferre
658 2965 725 2988 non
761 2961 924 3004 possent,
950 2952 1010 2991 scd
1043 2963 1174 2991 starent

223 3024 301 3048 cum
325 3009 452 3047 timore
470 3018 503 3046 et
526 3018 687 3046 tremore.
712 3009 853 3048 Etenim
874 3012 1044 3050 creaturis
1065 3026 1174 3065 pecu—

224 3071 309 3109 liare
329 3079 379 3108 est
402 3069 554 3107 Domino
574 3069 746 3108 assistere.

1191 1868 1214 1898 F.

264 3248 279 3271 ¹¹
298 3247 355 3279 Sat
367 3245 414 3285 il.,
425 3244 492 3277 duo
510 3245 584 3278 MsS.
598 3252 637 3278 τα
651 3249 775 3291 ἑρπετὰ,
789 3254 827 3281 τὰ.
844 3255 947 3290 νηκτὰ,
963 3254 1072 3283 πάντα.
1088 3247 1223 3281 Coislin.

219 3306 257 3334 τ’).
271 3303 401 3344 ἑρπετὰ,
417 3301 571 3340 κινούμενα
582 3325 589 3338 ,
606 3304 645 3331 τὰ
662 3306 770 3339 νηκτὰ,
791 3306 899 3334 πάντα.

259 3362 271 3374 ⁶
289 3349 344 3382 sic
358 3360 472 3381 omncs
489 3355 606 3390 przrtcr
623 3348 737 3380 noret.
753 3349 806 3392 qui
827 3349 926 3382 habet
943 3359 1030 3386 τοῦτο
1044 3360 1088 3387 τό.

254 3403 267 3422 ‘¹
285 3403 366 3436 'l'res
384 3401 458 3434 Mss.
475 3408 507 3432 et
524 3399 623 3433 satit.
641 3401 673 3433 in
691 3402 835 3444 margine
853 3409 1052 3447 προστίθησιν.

1239 193 1443 222 ARCHIEP.
1483 192 1763 223 CONSTANTm
1772 194 1828 223 ΟΡ
1837 213 1845 222 .

1238 274 1286 313 Τί
1300 275 1340 313 τὸ
1359 274 1502 322 καινόν,
1522 273 1556 311 τί
1569 273 1608 312 τὸ
1628 273 1743 323 ξένον,
1762 275 1828 320 Τίς
1847 271 1914 329 ἆρα
1934 271 2034 320 οὗτός
2053 277 2147 315 ἐστιν
2165 279 2182 316 ὁ
2201 278 2266 324 δη-

1239 336 1525 388 μιουργούμενος,
1554 335 1610 374 ὅτι
1645 337 1814 385 τοσαύτης
1849 340 1974 389 βουλῆς
2011 337 2072 376 καὶ
2111 338 2266 390 σκέψεως

1237 394 1356 442 ἐδέησε
1376 397 1426 447 τῷ
1445 396 1645 449 δημιουργῷ
1674 398 1760 449 πρὸς
1788 398 1852 445 τὴν
1875 399 1997 438 τούτου
2027 398 2265 445 κατασκευήν;

1238 455 1298 503 Μὴ
1326 456 1492 507 ξενισθῇς,
1513 457 1686 508 ἀγαπητέ.
1707 459 1760 497 Τὸ
1778 459 1845 511 γὰρ
1873 460 2080 515 τιμιώτερον
2100 460 2266 498 ἁπάντων

1236 521 1305 556 τῶν
1327 517 1512 570 ὁρωμένων
1543 518 1639 562 ζώων
1667 520 1760 558 ἐστὶν
1786 524 1804 559 ὃ
1829 521 2033 574 ἅνθρωπος,
2064 523 2109 560 δι’
2141 522 2178 561 ὂν
2205 521 2265 559 καὶ

1236 581 1348 616 ταῦτα
1383 579 1523 616 ἅπαντα
1559 579 1726 631 παρήχθη
1741 610 1750 628 ,
1783 581 1945 633 οὐρανὸς,
1982 586 2026 634 γῆ
2041 611 2051 628 ,
2085 583 2242 621 θάλαττα
2255 613 2264 631 ,

1236 639 1332 686 ἥλιος
1346 669 1356 687 ,
1389 639 1516 687 σελήνη
1529 670 1538 687 ,
1572 640 1733 693 ἀστέρες,
1767 639 1838 678 ι’τὰ
1872 643 2001 694 ἑρπετὰ
2015 672 2025 689 ,
2060 643 2104 681 τὰ
2135 642 2266 691 κτήνη,

1236 700 1352 739 πάντα
1378 700 1423 739 τὰ
1449 701 1558 753 ἄλογα
1590 704 1676 746 ζῶα.
1708 702 1778 740 Καὶ
1806 702 1896 746 τίνος
1925 703 2055 751 ἕνεκεν,
2084 703 2203 756 φησὶν,
2236 705 2267 741 εἷ

1236 761 1367 800 τούτων
1394 762 1557 801 ἁπάντων
1586 762 1793 817 τιμιώτερον
1826 765 2012 816 τυγχάνει,
2032 764 2172 818 ὕστερον
2193 779 2265 802 πα-

1239 823 1373 876 ρήχθη,
1401 823 1568 868 Εἰκότως.
1599 825 1766 877 Καθάπερ
1793 824 1860 878 γὰρ
1882 826 2053 877 βασιλέως
2081 824 2267 876 μέλλοντος

1238 887 1286 929 εἰς
1304 885 1404 923 πόλιν
1422 885 1645 934 εἰσελαύνειν,
1668 886 1747 930 τοὺς
1773 888 1982 940 δορυφόρους
2004 888 2138 939 ἀνάγκη
2154 902 2265 937 προη-

1237 950 1373 998 γεῖσθαι
1386 976 1395 992 ,
1416 946 1475 984 καὶ
1494 946 1573 998 τοὺς
1598 948 1722 991 ἄλλους
1747 948 1904 993 ἅπαντας
1917 980 1926 995 ,
1945 948 2002 986 ἵνα
2032 947 2263 1000 εὐτρεπισμέ-

1237 1022 1303 1043 νων
1323 1010 1391 1045 τῶν
1415 1008 1612 1058 βασιλείων,
1634 1007 1740 1053 οὕτως
1758 1012 1775 1047 ὃ
1796 1009 1957 1061 βασιλεὺς
1972 1011 2020 1054 εἷς
2035 1009 2079 1048 τὰ
2106 1000 2265 1060 βασίλεια

1238 1067 1491 1119 παραγίνηται·
1512 1069 1568 1106 τὸν
1597 1070 1699 1108 αὐτὸν
1719 1070 1762 1116 δὴ
1781 1070 1908 1123 τρόπον
1926 1071 1986 1109 καὶ
2015 1075 2086 1119 νῦν,
2107 1069 2266 1120 καθάπερ

1241 1126 1388 1175 βασιλέα
1408 1125 1486 1163 τινὰ
1505 1126 1564 1163 καὶ
1585 1126 1738 1178 ἄρχοντα
1761 1128 1897 1178 μέλλων
1917 1130 2060 1180 ἐφιστᾷν
2082 1134 2169 1166 πᾶσι
2195 1133 2266 1170 τοῖς

1238 1184 1295 1223 ἐπὶ
1314 1188 1376 1231 τῆς
1391 1189 1466 1236 γῆς,
1485 1192 1603 1224 πᾶσαν
1620 1185 1750 1234 ταύτην
1767 1187 1831 1234 τὴν
1847 1187 2079 1239 διακόσμησιν
2097 1188 2266 1241 πρότερον

1238 1246 1446 1293 ἐτεκτήνατο
1460 1277 1469 1294 ,
1488 1247 1548 1284 καὶ
1569 1247 1648 1285 τότε
1666 1247 1723 1286 τὸν
1741 1248 1914 1299 μέλλοντα
1930 1248 2138 1301 ἐφίστασθαι
2151 1247 2267 1300 παρή-

1237 1324 1344 1360 γαγε,
1367 1307 1499 1352 δεικνὺς
1518 1311 1603 1359 ἡμῖν
1631 1309 1674 1347 δι’
1705 1311 1818 1347 αὐτῶν
1841 1311 1910 1347 τῶν
1941 1309 2160 1362 πραγμάτων
2188 1308 2266 1347 ὅσον

1238 1376 1385 1420 τιμᾶται
1404 1369 1524 1408 ετουτὶ
1539 1370 1578 1408 τὸ
1597 1372 1695 1414 ζῶον.
1715 1370 1808 1408 Ἀλλ’
1828 1371 1987 1424 ἐρώμεθα
2011 1371 2068 1409 τὀν
2085 1371 2266 1416 Ἰουδαῖον,

1238 1431 1297 1469 καὶ
1316 1431 1444 1481 ἴδωμεν
1462 1430 1496 1468 τί
1511 1447 1616 1484 φησι,
1632 1432 1718 1483 πρὸς
1733 1431 1810 1470 τίνα
1823 1432 1958 1484 εἴρηται
1976 1431 2036 1479 τὸ,
2051 1430 2266 1481 Ποιήσωμεν

1238 1492 1418 1546 ἄνθρωπον
1438 1494 1516 1530 κατ’
1542 1492 1660 1530 εἰκόνα
1679 1492 1876 1545 ἡμετέραν,
1902 1495 2080 1536 Μωῦσέως
2098 1491 2165 1544 γάρ
2193 1493 2267 1530 ἐστι

1237 1553 1281 1592 τὰ
1297 1554 1510 1606 γράμματα,
1532 1546 1560 1606 ᾧ
1587 1553 1725 1605 λέγουσι
1745 1553 1808 1603 μὲν
1835 1553 2023 1601 πιστεύειν,
2055 1555 2093 1591 οὔ
2119 1552 2266 1591 πιστεύ-

1238 1630 1314 1653 ουσι
1343 1614 1400 1653 δέ·
1429 1613 1544 1657 καθὼς
1573 1614 1633 1652 καὶ
1653 1618 1671 1652 ὃ
1690 1614 1841 1668 Χριστός
1861 1631 1978 1667 φησιν,
2000 1616 2044 1653 Εἰ
2068 1614 2267 1653 ἐπιστεύετε

1238 1678 1375 1728 Μωϋσῇ
1387 1706 1397 1724 ,
1417 1675 1616 1714 ἐπιστεύετε
1636 1675 1675 1713 ἂν
1693 1675 1783 1726 ἐμοί.
1801 1676 1905 1714 Ἀλλὰ
1923 1676 1967 1714 τὰ
1986 1677 2048 1727 μὲν
2071 1676 2268 1728 γράμματα

1237 1739 1321 1790 παρ’
1349 1739 1485 1784 αὐτοῖς,
1515 1736 1560 1775 τὰ
1581 1737 1617 1775 δὲ
1640 1737 1800 1788 νοήματα
1829 1739 1913 1792 παρ’
1939 1741 2037 1790 ἡμῖν.
2067 1737 2163 1789 Πρὸς
2191 1736 2268 1775 τίνα

1238 1791 1296 1835 οῧν
1313 1797 1467 1852 εἴρηται,
1482 1797 1695 1848 Ποιήσωμεν
1716 1797 1908 1849 ἄνθρωπον,
1925 1798 1985 1836 καὶ
2004 1797 2073 1836 τίνι
2102 1797 2165 1845 τὴν
2183 1799 2268 1849 βου-

1237 1857 1301 1905 λὴν
1336 1858 1466 1906 ταύτην
1499 1858 1726 1912 απροτίθησιν
1760 1862 1777 1897 ὃ
1804 1859 2005 1907 Δεσπότης,
2036 1861 2113 1898 Οὐκ
2146 1858 2266 1906 ἐπειδὴ

1240 1921 1367 1971 βουλῆς
1395 1921 1504 1958 δεῖται
1536 1919 1596 1958 καὶ
1625 1918 1800 1971 σκέψεως·
1835 1919 1882 1970 μὴ
1912 1919 2062 1971 γένοιτο·
2091 1920 2181 1958 ἀλλὰ
2217 1922 2268 1972 τῷ

1238 1981 1467 2034 προσχήματι
1486 1984 1554 2019 τῶν
1582 1981 1748 2034 ῥημάτων
1773 1981 1988 2025 ἐνδείξασθαι
2003 1985 2088 2032 ἡμῖν
2106 1980 2269 2033 βούλεται

1238 2042 1300 2089 τὴν
1321 2043 1608 2094 ὓπερὸάλλουσαν
1631 2041 1751 2092 τιμὴν,
1769 2042 1810 2088 ἣν
1831 2042 1912 2095 περὶ
1933 2042 1992 2080 τὸν
2008 2043 2188 2095 ἄνθρωπον
2210 2043 2268 2082 τὸν

1240 2104 1556 2157 δημιουργούμενον
1576 2102 1822 2141 ἐπιδείκνυται.
1847 2105 1879 2142 Τ
1884 2103 1894 2140 ί
1922 2097 1980 2140 οὖν
2001 2119 2104 2155 φασιν
2125 2097 2219 2142 οὗτοι
2237 2106 2268 2143 οἱ

1239 2165 1278 2202 τὸ
1297 2165 1468 2215 κάλυμμα
1493 2164 1629 2216 ἔχοντες
1649 2163 1700 2202 ἔτι
1722 2163 1937 2215 ἐπικείμενον
1958 2167 1992 2202 ἐν
2015 2169 2090 2208 ταῖς
2110 2164 2269 2216 καρδίαις

1241 2228 1366 2273 αὐτῶν,
1396 2225 1455 2263 καὶ
1485 2224 1593 2276 μηδὲν
1613 2227 1682 2262 τῶν
1700 2224 1909 2275 ἐγκειμένων
1933 2225 2084 2264 συνιέναι
2103 2225 2269 2277 βουλόμε-

1240 2303 1310 2333 νοι;
1328 2287 1422 2339 Πρὸς
1442 2287 1600 2339 ἄγγελον,
1620 2302 1666 2338 φη
1674 2287 1708 2324 σὶ
1721 2316 1729 2332 ,
1747 2291 1859 2325 ταῦτα
1876 2286 1972 2339 λέγει
1989 2286 2011 2333 ἢ
2033 2287 2266 2340 ἀρχάγγελον.

1239 2348 1314 2386 ⁸*ss
1329 2352 1391 2396 τῆς
1409 2348 1533 2398 μανίας
1545 2363 1553 2371 ·
1570 2347 1598 2385 ὦ
1613 2352 1674 2395 τῆς
1689 2350 1820 2394 πολλῆς
1837 2348 2094 2400 ἀναισχυντίας.
2112 2349 2181 2386 Καὶ
2195 2352 2270 2393 πῶς

1241 2410 1280 2448 ἂν
1303 2411 1376 2462 ἔχοι
1409 2409 1524 2461 λόγον,
1544 2402 1572 2447 δ’)
1592 2410 1772 2463 ἄνθρωπε,
1806 2409 1950 2461 ἄγγελον
1979 2416 2154 2448 κοινωνεῖν
2176 2410 2267 2461 γνώ-

1241 2487 1308 2520 μης
1325 2474 1375 2523 τῷ
1396 2470 1557 2521 Δεσπότῃ
1570 2501 1579 2518 ,
1599 2471 1658 2508 καὶ
1675 2470 1971 2524 δημιουργήματα
1983 2474 2033 2523 τῷ
2046 2471 2269 2525 δημιουργῷ;

1243 2532 1413 2584 Ἀγγέλων
1434 2534 1497 2570 οὐκ
1524 2531 1598 2570 ἔστι
1618 2532 1658 2570 τὸ
1676 2532 1817 2584 γνώμης
1837 2537 2025 2580 κοινωνεῖν,
2048 2532 2138 2570 ἀλλὰ
2155 2548 2269 2585 παρε-

1244 2594 1387 2642 στάναι,
1418 2593 1477 2631 καὶ
1506 2593 1569 2640 τὴν
1605 2593 1822 2646 λειτουργίαν
1856 2595 2090 2645 ἀναπληροῦν.
2117 2593 2186 2632 Καὶ
2213 2593 2271 2632 ἵνα

1246 2655 1376 2706 μάθῃς,
1407 2655 1511 2693 ἄκουε
1543 2660 1602 2694 τοῦ
1635 2654 1968 2707 μεγαλοφωνοτάτου
1984 2653 2130 2692 Ἡσαΐου
2148 2654 2271 2706 λέγον-

1245 2732 1301 2759 τος
1336 2716 1417 2767 περὶ
1444 2719 1514 2752 τῶν
1546 2715 1709 2767 ἀνωτέρω
1728 2718 1796 2753 τῶν
1816 2714 1972 2767 ἀγγέλων
1994 2714 2185 2765 δυνάμεων,
2216 2716 2271 2755 ὅτι

1248 2770 1349 2815 Εἶδον
1366 2775 1410 2814 τὰ
1430 2776 1610 2827 Χερουὲὶμ
1629 2778 1764 2814 ἑστῶτα
1788 2778 1827 2814 ἐκ
1855 2774 1972 2819 δεξιῶν
1993 2779 2052 2813 τοῦ
2074 2777 2166 2814 Θεοῦ
2179 2807 2189 2824 ,
2211 2777 2271 2815 καὶ

1246 2836 1289 2874 τὰ
1308 2837 1490 2888 Σεραφὶμ,
1510 2836 1570 2874 καὶ
1589 2836 1851 2874 κατεκάλυπτον
1872 2835 1916 2873 τὰ
1945 2835 2119 2889 πρόσωπα
2139 2839 2272 2876 ἑαυτῶν

1246 2899 1306 2935 “iv
1325 2904 1399 2940 ταῖς
1416 2897 1579 2950 πτέρυξι,
1610 2897 1668 2934 καὶ
1696 2896 1773 2940 τοὺς
1789 2897 1907 2939 πόδας.
1925 2897 1992 2935 Διὰ
2019 2897 2058 2935 τὸ
2085 2898 2134 2948 μὴ
2158 2898 2272 2952 φέρειν

1247 2959 1405 3007 δηλονότι
1442 2958 1504 3004 τὴν
1541 2961 1668 2997 ἐκεῖθεν
1712 2959 1921 3004 ἐκπηδῶσαν
1954 2959 2150 3010 ἀστραπὴν,
2193 2961 2270 2998 ἀλλ’

1247 3020 1468 3066 εἷστήκεισαν
1486 3018 1576 3070 μετὰ
1594 3021 1723 3057 πολλοῦ
1748 3022 1806 3057 τοῦ
1828 3019 1933 3071 φόὸου
1957 3019 2015 3058 καὶ
2039 3019 2181 3072 τρόμου.
2203 3021 2272 3058 Καὶ

1245 3082 1312 3133 γὰρ
1343 3085 1410 3119 τῶν
1441 3080 1761 3133 δημιουργημάτων
1791 3079 1874 3118 ἴδιον
1906 3081 1946 3119 τὸ
1975 3080 2189 3132 παρεστάναι
2222 3084 2270 3133 τῷ

1246 3142 1420 3193 Δεσπότῃ.

1305 3247 1433 3280 ι’511111
1452 3252 1474 3280 ὡ
1507 3256 1558 3285 τῆς
1583 3252 1700 3285 ἀνοίας·
1724 3251 1746 3280 ὼ
1777 3256 1828 3284 τῆς
1857 3251 1978 3285 πολλῆς.
2005 3246 2142 3279 Coislin.
2173 3252 2195 3281 ὡ
2223 3257 2272 3285 τῆ,-

1260 3305 1372 3338 ἀνοῐάς·
1393 3304 1414 3332 ὡ
1432 3309 1483 3337 τῆς
1502 3303 1631 3339 πλάνης,
1649 3303 1671 3332 ὡ
1689 3308 1739 3336 τῆς
1758 3303 1878 3337 πολλῆς.

1304 3361 1316 3377 ¹¹
1335 3353 1413 3395 lkcg.
1429 3363 1510 3383 unus
1528 3358 1557 3383 et
1576 3349 1712 3383 tzoisliu.
1732 3355 1760 3384 ἐν
1776 3359 1841 3389 rad,-
1855 3355 1991 3396 πτέριξη
2007 3354 2112 3384 αὐτῶν.
