<?xml version="1.0" encoding="UTF-8"?>
<!DOCTYPE html PUBLIC "-//W3C//DTD XHTML 1.0 Transitional//EN"
    "http://www.w3.org/TR/xhtml1/DTD/xhtml1-transitional.dtd">
<html xmlns="http://www.w3.org/1999/xhtml" xml:lang="en" lang="en">
 <head>
  <title>
</title>
<meta http-equiv="Content-Type" content="text/html;charset=utf-8" />
  <meta name='ocr-system' content='tesseract 3.04.00' />
  <meta name='ocr-capabilities' content='ocr_page ocr_carea ocr_par ocr_line ocrx_word'/>
</head>
<body>
  <div class='ocr_page' id='page_1' title='image "./operaomniaquaeex04johnuoft/operaomniaquaeex04johnuoft_0192.png"; bbox 0 0 2483 3791; ppageno 0'>
   <div class='ocr_carea' id='block_1_1' title="bbox 113 647 205 720">
    <p class='ocr_par' dir='ltr' id='par_1_1' title="bbox 113 647 205 720">
     <span class='ocr_line' id='line_1_1' title="bbox 113 647 205 675; baseline 0 -2"><span class='ocrx_word' id='word_1_1' title='bbox 113 647 205 675; x_wconf 76' lang='lat' dir='ltr'><em>Jnan.</em></span> 
     </span>
     <span class='ocr_line' id='line_1_2' title="bbox 116 701 165 720; baseline -0.02 0"><span class='ocrx_word' id='word_1_2' title='bbox 116 701 165 720; x_wconf 85' lang='lat'>21.</span> 
     </span>
    </p>
   </div>
   <div class='ocr_carea' id='block_1_2' title="bbox 324 255 983 302">
    <p class='ocr_par' dir='ltr' id='par_1_2' title="bbox 324 255 983 302">
     <span class='ocr_line' id='line_1_3' title="bbox 324 255 983 302; baseline -0.002 -16"><span class='ocrx_word' id='word_1_3' title='bbox 324 257 406 302; x_wconf 85' lang='lat'>¹72</span> <span class='ocrx_word' id='word_1_4' title='bbox 721 256 759 286; x_wconf 72' lang='lat' dir='ltr'>s,</span> <span class='ocrx_word' id='word_1_5' title='bbox 797 255 983 286; x_wconf 35' lang='lat' dir='ltr'><em>Joitums</em></span> 
     </span>
    </p>
   </div>
   <div class='ocr_carea' id='block_1_3' title="bbox 255 333 1324 2592">
    <p class='ocr_par' dir='ltr' id='par_1_3' title="bbox 255 333 1324 2592">
     <span class='ocr_line' id='line_1_4' title="bbox 314 333 1269 391; baseline -0.006 -15"><span class='ocrx_word' id='word_1_6' title='bbox 314 338 367 376; x_wconf 82' lang='lat' dir='ltr'>vit</span> <span class='ocrx_word' id='word_1_7' title='bbox 393 338 611 391; x_wconf 86' lang='lat' dir='ltr'><em>voluptatem</em></span> <span class='ocrx_word' id='word_1_8' title='bbox 638 339 745 376; x_wconf 86' lang='lat' dir='ltr'><em>simul</em></span> <span class='ocrx_word' id='word_1_9' title='bbox 768 348 801 376; x_wconf 90' lang='lat' dir='ltr'>et</span> <span class='ocrx_word' id='word_1_10' title='bbox 831 338 1001 376; x_wconf 65' lang='lat' dir='ltr'><em>laetitiam.</em></span> <span class='ocrx_word' id='word_1_11' title='bbox 1027 337 1176 386; x_wconf 79' lang='lat' dir='ltr'>Propter</span> <span class='ocrx_word' id='word_1_12' title='bbox 1201 333 1269 370; x_wconf 86' lang='lat' dir='ltr'>hoc</span> 
     </span>
     <span class='ocr_line' id='line_1_5' title="bbox 314 400 1269 452; baseline -0.008 -14"><span class='ocrx_word' id='word_1_13' title='bbox 314 400 476 438; x_wconf 82' lang='lat' dir='ltr'><em>djcebat:</em></span> <span class='ocrx_word' id='word_1_14' title='bbox 496 401 770 452; x_wconf 83' lang='lat' dir='ltr'><em>Multiplicans</em></span> <span class='ocrx_word' id='word_1_15' title='bbox 793 400 1059 450; x_wconf 80' lang='lat' dir='ltr'><em>multiplicabo</em></span> <span class='ocrx_word' id='word_1_16' title='bbox 1077 407 1269 432; x_wconf 66' lang='lat' dir='ltr'><em>aerumnas</em></span> 
     </span>
     <span class='ocr_line' id='line_1_6' title="bbox 316 456 1268 513; baseline -0.009 -14"><span class='ocrx_word' id='word_1_17' title='bbox 316 469 403 499; x_wconf 83' lang='lat' dir='ltr'><em>tuas</em></span> <span class='ocrx_word' id='word_1_18' title='bbox 425 470 463 499; x_wconf 85' lang='lat' dir='ltr'>et</span> <span class='ocrx_word' id='word_1_19' title='bbox 488 464 672 513; x_wconf 82' lang='lat' dir='ltr'><em>gemitum</em></span> <span class='ocrx_word' id='word_1_20' title='bbox 701 470 806 498; x_wconf 86' lang='lat' dir='ltr'><em>tuum</em></span> <span class='ocrx_word' id='word_1_21' title='bbox 821 477 836 506; x_wconf 91' lang='lat'><em>;</em></span> <span class='ocrx_word' id='word_1_22' title='bbox 859 463 900 496; x_wconf 87' lang='lat' dir='ltr'>in</span> <span class='ocrx_word' id='word_1_23' title='bbox 918 458 1113 494; x_wconf 80' lang='lat' dir='ltr'><em>doloribus</em></span> <span class='ocrx_word' id='word_1_24' title='bbox 1138 456 1268 506; x_wconf 82' lang='lat' dir='ltr'><em>paries</em></span> 
     </span>
     <span class='ocr_line' id='line_1_7' title="bbox 305 513 1268 574; baseline -0.009 -15"><span class='ocrx_word' id='word_1_25' title='bbox 305 521 434 574; x_wconf 82' lang='lat' dir='ltr'><em>filios.</em></span> <span class='ocrx_word' id='word_1_26' title='bbox 465 522 542 559; x_wconf 91' lang='lat' dir='ltr'>Hoc</span> <span class='ocrx_word' id='word_1_27' title='bbox 577 522 682 559; x_wconf 86' lang='lat' dir='ltr'><em>etiam</em></span> <span class='ocrx_word' id='word_1_28' title='bbox 715 520 878 557; x_wconf 84' lang='lat' dir='ltr'><em>Christus</em></span> <span class='ocrx_word' id='word_1_29' title='bbox 909 516 1049 554; x_wconf 89' lang='lat' dir='ltr'><em>dicebat</em></span> <span class='ocrx_word' id='word_1_30' title='bbox 1080 513 1268 566; x_wconf 83' lang='lat' dir='ltr'><strong>discipulis</strong></span> 
     </span>
     <span class='ocr_line' id='line_1_8' title="bbox 316 576 1268 630; baseline -0.009 -9"><span class='ocrx_word' id='word_1_31' title='bbox 316 583 401 630; x_wconf 86' lang='lat' dir='ltr'><em>suis,</em></span> <span class='ocrx_word' id='word_1_32' title='bbox 413 592 612 621; x_wconf 87' lang='lat' dir='ltr'><em>monstrans</em></span> <span class='ocrx_word' id='word_1_33' title='bbox 624 591 695 618; x_wconf 90' lang='lat' dir='ltr'>tam</span> <span class='ocrx_word' id='word_1_34' title='bbox 708 579 841 617; x_wconf 90' lang='lat' dir='ltr'><em>doloris</em></span> <span class='ocrx_word' id='word_1_35' title='bbox 852 576 1147 630; x_wconf 77' lang='lat' dir='ltr'><strong>magnitudinem,</strong></span> <span class='ocrx_word' id='word_1_36' title='bbox 1161 589 1268 626; x_wconf 87' lang='lat' dir='ltr'><em>quam</em></span> 
     </span>
     <span class='ocr_line' id='line_1_9' title="bbox 255 640 1314 692; baseline -0.003 -12"><span class='ocrx_word' id='word_1_37' title='bbox 255 649 300 679; x_wconf 76' lang='lat'>16-</span> <span class='ocrx_word' id='word_1_38' title='bbox 318 644 447 682; x_wconf 78' lang='lat' dir='ltr'><em>laetitiae</em></span> <span class='ocrx_word' id='word_1_39' title='bbox 475 642 741 681; x_wconf 76' lang='lat' dir='ltr'><em>excellentiam:</em></span> <span class='ocrx_word' id='word_1_40' title='bbox 775 641 921 679; x_wconf 80' lang='lat' dir='ltr'><em>Mulier</em></span> <span class='ocrx_word' id='word_1_41' title='bbox 954 640 1111 692; x_wconf 82' lang='lat' dir='ltr'><em>quando</em></span> <span class='ocrx_word' id='word_1_42' title='bbox 1133 640 1264 690; x_wconf 80' lang='lat' dir='ltr'><em>parit,</em></span> <span class='ocrx_word' id='word_1_43' title='bbox 1289 647 1314 677; x_wconf 89' lang='lat' dir='ltr'>C</span> 
     </span>
     <span class='ocr_line' id='line_1_10' title="bbox 319 701 1266 755; baseline -0.007 -13"><span class='ocrx_word' id='word_1_44' title='bbox 319 708 517 742; x_wconf 79' lang='lat' dir='ltr'><em>tristitiam</em></span> <span class='ocrx_word' id='word_1_45' title='bbox 539 705 668 749; x_wconf 79' lang='lat' dir='ltr'><em>habet,</em></span> <span class='ocrx_word' id='word_1_46' title='bbox 695 705 881 755; x_wconf 83' lang='lat' dir='ltr'><em>quoniam</em></span> <span class='ocrx_word' id='word_1_47' title='bbox 901 703 1012 739; x_wconf 80' lang='lat' dir='ltr'><em>venit</em></span> <span class='ocrx_word' id='word_1_48' title='bbox 1031 702 1129 738; x_wconf 76' lang='lat' dir='ltr'><em>liora</em></span> <span class='ocrx_word' id='word_1_49' title='bbox 1155 701 1236 752; x_wconf 79' lang='lat' dir='ltr'><em>ejus</em></span> <span class='ocrx_word' id='word_1_50' title='bbox 1255 713 1266 735; x_wconf 89' lang='lat'><em>:</em></span> 
     </span>
     <span class='ocr_line' id='line_1_11' title="bbox 316 759 1268 812; baseline -0.005 -10"><span class='ocrx_word' id='word_1_51' title='bbox 316 764 446 802; x_wconf 89' lang='lat' dir='ltr'><em>deinde</em></span> <span class='ocrx_word' id='word_1_52' title='bbox 473 764 596 802; x_wconf 78' lang='lat' dir='ltr'><em>volens</em></span> <span class='ocrx_word' id='word_1_53' title='bbox 621 764 724 802; x_wconf 89' lang='lat' dir='ltr'><em>nobis</em></span> <span class='ocrx_word' id='word_1_54' title='bbox 743 763 924 801; x_wconf 82' lang='lat' dir='ltr'><em>declarare</em></span> <span class='ocrx_word' id='word_1_55' title='bbox 953 761 1134 812; x_wconf 90' lang='lat' dir='ltr'><em>quomodo</em></span> <span class='ocrx_word' id='word_1_56' title='bbox 1153 759 1268 798; x_wconf 88' lang='lat' dir='ltr'><em>tristia</em></span> 
     </span>
     <span class='ocr_line' id='line_1_12' title="bbox 316 823 1268 876; baseline -0.005 -12"><span class='ocrx_word' id='word_1_57' title='bbox 316 826 424 864; x_wconf 89' lang='lat' dir='ltr'><em>simul</em></span> <span class='ocrx_word' id='word_1_58' title='bbox 444 841 462 864; x_wconf 92' lang='lat' dir='ltr'>e</span> <span class='ocrx_word' id='word_1_59' title='bbox 484 825 600 864; x_wconf 87' lang='lat' dir='ltr'><em>medio</em></span> <span class='ocrx_word' id='word_1_60' title='bbox 619 825 809 874; x_wconf 88' lang='lat' dir='ltr'><em>tollantur,</em></span> <span class='ocrx_word' id='word_1_61' title='bbox 830 823 1003 876; x_wconf 87' lang='lat' dir='ltr'><em>gaudium</em></span> <span class='ocrx_word' id='word_1_62' title='bbox 1021 832 1141 861; x_wconf 81' lang='lat' dir='ltr'><em>autem</em></span> <span class='ocrx_word' id='word_1_63' title='bbox 1157 832 1191 860; x_wconf 92' lang='lat' dir='ltr'>et</span> <span class='ocrx_word' id='word_1_64' title='bbox 1209 823 1268 860; x_wconf 84' lang='lat' dir='ltr'>lae—</span> 
     </span>
     <span class='ocr_line' id='line_1_13' title="bbox 316 886 1268 937; baseline -0.004 -12"><span class='ocrx_word' id='word_1_65' title='bbox 316 888 393 926; x_wconf 88' lang='lat' dir='ltr'><em>titia</em></span> <span class='ocrx_word' id='word_1_66' title='bbox 414 887 621 936; x_wconf 87' lang='lat' dir='ltr'><em>succedant,</em></span> <span class='ocrx_word' id='word_1_67' title='bbox 644 886 785 937; x_wconf 83' lang='lat' dir='ltr'><em>inquit:</em></span> <span class='ocrx_word' id='word_1_68' title='bbox 814 887 981 937; x_wconf 80' lang='lat' dir='ltr'><em>Quando</em></span> <span class='ocrx_word' id='word_1_69' title='bbox 1003 894 1131 922; x_wconf 80' lang='lat' dir='ltr'><em>autem</em></span> <span class='ocrx_word' id='word_1_70' title='bbox 1153 899 1268 936; x_wconf 85' lang='lat' dir='ltr'><em>pepe-</em></span> 
     </span>
     <span class='ocr_line' id='line_1_14' title="bbox 316 946 1269 1001; baseline -0.006 -14"><span class='ocrx_word' id='word_1_71' title='bbox 316 952 408 987; x_wconf 84' lang='lat' dir='ltr'><em>rerit</em></span> <span class='ocrx_word' id='word_1_72' title='bbox 434 963 616 1001; x_wconf 79' lang='lat' dir='ltr'><em>puerum,</em></span> <span class='ocrx_word' id='word_1_73' title='bbox 650 962 727 985; x_wconf 84' lang='lat' dir='ltr'><em>non</em></span> <span class='ocrx_word' id='word_1_74' title='bbox 738 950 823 1000; x_wconf 83' lang='lat' dir='ltr'>jam</span> <span class='ocrx_word' id='word_1_75' title='bbox 848 961 995 984; x_wconf 84' lang='lat' dir='ltr'><em>memor</em></span> <span class='ocrx_word' id='word_1_76' title='bbox 1011 955 1067 983; x_wconf 84' lang='lat' dir='ltr'>est</span> <span class='ocrx_word' id='word_1_77' title='bbox 1085 946 1269 997; x_wconf 77' lang='lat' dir='ltr'><em>afflictio-</em></span> 
     </span>
     <span class='ocr_line' id='line_1_15' title="bbox 320 1009 1271 1062; baseline -0.005 -15"><span class='ocrx_word' id='word_1_78' title='bbox 320 1013 393 1059; x_wconf 82' lang='lat' dir='ltr'><em>nis,</em></span> <span class='ocrx_word' id='word_1_79' title='bbox 413 1011 775 1062; x_wconf 79' lang='lat' dir='ltr'><em>proptergaudimn,</em></span> <span class='ocrx_word' id='word_1_80' title='bbox 791 1012 884 1061; x_wconf 75' lang='lat' dir='ltr'><em>quia</em></span> <span class='ocrx_word' id='word_1_81' title='bbox 900 1017 1015 1045; x_wconf 81' lang='lat' dir='ltr'><em>natus</em></span> <span class='ocrx_word' id='word_1_82' title='bbox 1030 1016 1084 1045; x_wconf 80' lang='lat' dir='ltr'>est</span> <span class='ocrx_word' id='word_1_83' title='bbox 1102 1009 1216 1043; x_wconf 87' lang='lat' dir='ltr'><em>homo</em></span> <span class='ocrx_word' id='word_1_84' title='bbox 1229 1009 1271 1042; x_wconf 87' lang='lat' dir='ltr'>in</span> 
     </span>
     <span class='ocr_line' id='line_1_16' title="bbox 319 1069 1269 1121; baseline -0.006 -13"><span class='ocrx_word' id='word_1_85' title='bbox 319 1072 516 1109; x_wconf 79' lang='lat' dir='ltr'><em>mundum.</em></span> <span class='ocrx_word' id='word_1_86' title='bbox 534 1069 688 1109; x_wconf 71' lang='lat' dir='ltr'><em>Vidistis</em></span> <span class='ocrx_word' id='word_1_87' title='bbox 716 1069 979 1121; x_wconf 81' lang='lat' dir='ltr'><em>providentiam</em></span> <span class='ocrx_word' id='word_1_88' title='bbox 995 1077 1028 1105; x_wconf 88' lang='lat' dir='ltr'>et</span> <span class='ocrx_word' id='word_1_89' title='bbox 1055 1081 1178 1104; x_wconf 85' lang='lat' dir='ltr'><em>curam</em></span> <span class='ocrx_word' id='word_1_90' title='bbox 1200 1079 1269 1102; x_wconf 90' lang='lat' dir='ltr'><em>no-</em></span> 
     </span>
     <span class='ocr_line' id='line_1_17' title="bbox 320 1126 1269 1182; baseline -0.007 -12"><span class='ocrx_word' id='word_1_91' title='bbox 320 1132 383 1170; x_wconf 83' lang='lat' dir='ltr'><strong>stri</strong></span> <span class='ocrx_word' id='word_1_92' title='bbox 405 1131 601 1169; x_wconf 70' lang='lat' dir='ltr'><em>eximiam?</em></span> <span class='ocrx_word' id='word_1_93' title='bbox 620 1130 761 1168; x_wconf 78' lang='lat' dir='ltr'><em>vidistis</em></span> <span class='ocrx_word' id='word_1_94' title='bbox 777 1144 918 1182; x_wconf 87' lang='lat' dir='ltr'><em>poenam</em></span> <span class='ocrx_word' id='word_1_95' title='bbox 931 1127 1184 1166; x_wconf 84' lang='lat' dir='ltr'>admonitionis</span> <span class='ocrx_word' id='word_1_96' title='bbox 1196 1126 1269 1178; x_wconf 60' lang='lat' dir='ltr'><em>ple⁶</em></span> 
     </span>
     <span class='ocr_line' id='line_1_18' title="bbox 319 1187 1274 1242; baseline -0.007 -12"><span class='ocrx_word' id='word_1_97' title='bbox 319 1193 434 1230; x_wconf 72' lang='lat' dir='ltr'><em>nam?</em></span> <span class='ocrx_word' id='word_1_98' title='bbox 456 1195 504 1229; x_wconf 87' lang='lat' dir='ltr'>In</span> <span class='ocrx_word' id='word_1_99' title='bbox 525 1192 720 1229; x_wconf 82' lang='lat' dir='ltr'><em>doloribus</em></span> <span class='ocrx_word' id='word_1_100' title='bbox 741 1193 869 1242; x_wconf 80' lang='lat' dir='ltr'><em>paries</em></span> <span class='ocrx_word' id='word_1_101' title='bbox 887 1190 1003 1241; x_wconf 85' lang='lat' dir='ltr'><em>filios.</em></span> <span class='ocrx_word' id='word_1_102' title='bbox 1025 1187 1185 1236; x_wconf 77' lang='lat' dir='ltr'><strong>Deinde,</strong></span> <span class='ocrx_word' id='word_1_103' title='bbox 1201 1187 1274 1224; x_wconf 81' lang='lat' dir='ltr'>Ad</span> 
     </span>
     <span class='ocr_line' id='line_1_19' title="bbox 319 1252 1272 1303; baseline -0.006 -11"><span class='ocrx_word' id='word_1_104' title='bbox 319 1257 450 1292; x_wconf 78' lang='lat' dir='ltr'><em>virum</em></span> <span class='ocrx_word' id='word_1_105' title='bbox 463 1263 570 1291; x_wconf 84' lang='lat' dir='ltr'><em>tuum</em></span> <span class='ocrx_word' id='word_1_106' title='bbox 589 1255 786 1291; x_wconf 74' lang='lat' dir='ltr'><em>conversio</em></span> <span class='ocrx_word' id='word_1_107' title='bbox 803 1261 889 1299; x_wconf 80' lang='lat' dir='ltr'><em>tua,</em></span> <span class='ocrx_word' id='word_1_108' title='bbox 909 1260 945 1289; x_wconf 83' lang='lat' dir='ltr'>et</span> <span class='ocrx_word' id='word_1_109' title='bbox 965 1254 1043 1303; x_wconf 87' lang='lat' dir='ltr'><em>ipse</em></span> <span class='ocrx_word' id='word_1_110' title='bbox 1055 1252 1272 1288; x_wconf 81' lang='lat' dir='ltr'><em>dominabi-</em></span> 
     </span>
     <span class='ocr_line' id='line_1_20' title="bbox 322 1311 1273 1365; baseline -0.004 -12"><span class='ocrx_word' id='word_1_111' title='bbox 322 1325 383 1353; x_wconf 85' lang='lat' dir='ltr'>tur</span> <span class='ocrx_word' id='word_1_112' title='bbox 403 1318 471 1354; x_wconf 86' lang='lat' dir='ltr'><em>tui.</em></span> <span class='ocrx_word' id='word_1_113' title='bbox 489 1315 601 1361; x_wconf 82' lang='lat' dir='ltr'><em>Quasi</em></span> <span class='ocrx_word' id='word_1_114' title='bbox 619 1330 654 1352; x_wconf 89' lang='lat' dir='ltr'>se</span> <span class='ocrx_word' id='word_1_115' title='bbox 668 1313 857 1351; x_wconf 83' lang='lat' dir='ltr'><em>defendens</em></span> <span class='ocrx_word' id='word_1_116' title='bbox 876 1312 973 1365; x_wconf 83' lang='lat' dir='ltr'><em>apud</em></span> <span class='ocrx_word' id='word_1_117' title='bbox 996 1313 1182 1350; x_wconf 82' lang='lat' dir='ltr'><em>mulierem</em></span> <span class='ocrx_word' id='word_1_118' title='bbox 1197 1311 1273 1349; x_wconf 79' lang='lat' dir='ltr'>haec</span> 
     </span>
     <span class='ocr_line' id='line_1_21' title="bbox 319 1373 1319 1429; baseline -0.005 -15"><span class='ocrx_word' id='word_1_119' title='bbox 319 1377 409 1415; x_wconf 88' lang='lat' dir='ltr'><em>dicit</em></span> <span class='ocrx_word' id='word_1_120' title='bbox 424 1376 598 1429; x_wconf 82' lang='lat' dir='ltr'><em>benignus</em></span> <span class='ocrx_word' id='word_1_121' title='bbox 614 1378 724 1414; x_wconf 90' lang='lat' dir='ltr'><em>Deus.</em></span> <span class='ocrx_word' id='word_1_122' title='bbox 748 1376 826 1427; x_wconf 88' lang='lat' dir='ltr'><em>Ego</em></span> <span class='ocrx_word' id='word_1_123' title='bbox 842 1406 852 1425; x_wconf 87' lang='lat'><em>,</em></span> <span class='ocrx_word' id='word_1_124' title='bbox 871 1375 1002 1426; x_wconf 83' lang='lat' dir='ltr'><em>inquit,</em></span> <span class='ocrx_word' id='word_1_125' title='bbox 1018 1375 1064 1412; x_wconf 89' lang='lat' dir='ltr'><em>ab</em></span> <span class='ocrx_word' id='word_1_126' title='bbox 1079 1373 1180 1411; x_wconf 85' lang='lat' dir='ltr'><em>initio</em></span> <span class='ocrx_word' id='word_1_127' title='bbox 1202 1373 1271 1410; x_wconf 80' lang='lat' dir='ltr'><em>ho-</em></span> <span class='ocrx_word' id='word_1_128' title='bbox 1295 1380 1319 1409; x_wconf 91' lang='lat' dir='ltr'>D</span> 
     </span>
     <span class='ocr_line' id='line_1_22' title="bbox 321 1435 1273 1490; baseline -0.004 -14"><span class='ocrx_word' id='word_1_129' title='bbox 321 1453 403 1476; x_wconf 90' lang='lat' dir='ltr'><em>nore</em></span> <span class='ocrx_word' id='word_1_130' title='bbox 417 1452 538 1490; x_wconf 87' lang='lat' dir='ltr'><em>parem</em></span> <span class='ocrx_word' id='word_1_131' title='bbox 560 1447 593 1476; x_wconf 88' lang='lat' dir='ltr'>te</span> <span class='ocrx_word' id='word_1_132' title='bbox 616 1438 782 1487; x_wconf 79' lang='lat' dir='ltr'><em>formavi,</em></span> <span class='ocrx_word' id='word_1_133' title='bbox 805 1446 838 1474; x_wconf 88' lang='lat' dir='ltr'>et</span> <span class='ocrx_word' id='word_1_134' title='bbox 857 1435 1016 1488; x_wconf 88' lang='lat' dir='ltr'><em>ejusdem</em></span> <span class='ocrx_word' id='word_1_135' title='bbox 1036 1435 1222 1487; x_wconf 84' lang='lat' dir='ltr'>dignitatis</span> <span class='ocrx_word' id='word_1_136' title='bbox 1237 1435 1273 1472; x_wconf 89' lang='lat' dir='ltr'>in</span> 
     </span>
     <span class='ocr_line' id='line_1_23' title="bbox 320 1496 1274 1551; baseline -0.004 -14"><span class='ocrx_word' id='word_1_137' title='bbox 320 1500 485 1538; x_wconf 85' lang='lat' dir='ltr'><em>omnibus</em></span> <span class='ocrx_word' id='word_1_138' title='bbox 506 1499 729 1551; x_wconf 79' lang='lat' dir='ltr'><em>participem,</em></span> <span class='ocrx_word' id='word_1_139' title='bbox 757 1507 791 1536; x_wconf 89' lang='lat' dir='ltr'>et</span> <span class='ocrx_word' id='word_1_140' title='bbox 813 1497 905 1535; x_wconf 91' lang='lat' dir='ltr'><em>sicut</em></span> <span class='ocrx_word' id='word_1_141' title='bbox 937 1497 1030 1547; x_wconf 88' lang='lat' dir='ltr'><em>viro,</em></span> <span class='ocrx_word' id='word_1_142' title='bbox 1066 1497 1115 1534; x_wconf 80' lang='lat' dir='ltr'>ita</span> <span class='ocrx_word' id='word_1_143' title='bbox 1146 1505 1179 1534; x_wconf 87' lang='lat' dir='ltr'>et</span> <span class='ocrx_word' id='word_1_144' title='bbox 1208 1496 1274 1533; x_wconf 86' lang='lat' dir='ltr'><em>tibi</em></span> 
     </span>
     <span class='ocr_line' id='line_1_24' title="bbox 321 1557 1275 1612; baseline -0.005 -14"><span class='ocrx_word' id='word_1_145' title='bbox 321 1561 482 1599; x_wconf 87' lang='lat' dir='ltr'><em>omnium</em></span> <span class='ocrx_word' id='word_1_146' title='bbox 496 1559 735 1612; x_wconf 78' lang='lat' dir='ltr'><em>principatum</em></span> <span class='ocrx_word' id='word_1_147' title='bbox 757 1557 958 1596; x_wconf 76' lang='lat' dir='ltr'><em>concredidi</em></span> <span class='ocrx_word' id='word_1_148' title='bbox 978 1574 985 1594; x_wconf 90' lang='lat'>:</span> <span class='ocrx_word' id='word_1_149' title='bbox 1006 1567 1173 1595; x_wconf 63' lang='lat' dir='ltr'><em>caeterum</em></span> <span class='ocrx_word' id='word_1_150' title='bbox 1189 1557 1275 1607; x_wconf 85' lang='lat' dir='ltr'><em>quia</em></span> 
     </span>
     <span class='ocr_line' id='line_1_25' title="bbox 321 1618 1276 1671; baseline -0.005 -12"><span class='ocrx_word' id='word_1_151' title='bbox 321 1623 431 1660; x_wconf 82' lang='lat' dir='ltr'>abusa</span> <span class='ocrx_word' id='word_1_152' title='bbox 451 1636 486 1659; x_wconf 91' lang='lat' dir='ltr'>es</span> <span class='ocrx_word' id='word_1_153' title='bbox 505 1620 650 1658; x_wconf 91' lang='lat' dir='ltr'><em>honoris</em></span> <span class='ocrx_word' id='word_1_154' title='bbox 671 1619 868 1670; x_wconf 79' lang='lat' dir='ltr'><em>dignitate,</em></span> <span class='ocrx_word' id='word_1_155' title='bbox 890 1618 1042 1671; x_wconf 83' lang='lat' dir='ltr'><em>subjicio</em></span> <span class='ocrx_word' id='word_1_156' title='bbox 1060 1627 1094 1656; x_wconf 86' lang='lat' dir='ltr'>te</span> <span class='ocrx_word' id='word_1_157' title='bbox 1111 1618 1202 1667; x_wconf 83' lang='lat' dir='ltr'><em>viro,</em></span> <span class='ocrx_word' id='word_1_158' title='bbox 1222 1620 1276 1655; x_wconf 86' lang='lat' dir='ltr'><em>Et</em></span> 
     </span>
     <span class='ocr_line' id='line_1_26' title="bbox 322 1681 1276 1731; baseline -0.004 -11"><span class='ocrx_word' id='word_1_159' title='bbox 322 1685 377 1721; x_wconf 83' lang='lat' dir='ltr'><em>ad</em></span> <span class='ocrx_word' id='word_1_160' title='bbox 390 1686 518 1720; x_wconf 79' lang='lat' dir='ltr'><em>virum</em></span> <span class='ocrx_word' id='word_1_161' title='bbox 541 1691 647 1719; x_wconf 84' lang='lat' dir='ltr'><em>tuum</em></span> <span class='ocrx_word' id='word_1_162' title='bbox 664 1684 860 1719; x_wconf 78' lang='lat' dir='ltr'><em>conversio</em></span> <span class='ocrx_word' id='word_1_163' title='bbox 879 1689 959 1726; x_wconf 82' lang='lat' dir='ltr'><em>tua,</em></span> <span class='ocrx_word' id='word_1_164' title='bbox 982 1689 1018 1717; x_wconf 83' lang='lat' dir='ltr'>et</span> <span class='ocrx_word' id='word_1_165' title='bbox 1038 1683 1116 1731; x_wconf 85' lang='lat' dir='ltr'><em>ipse</em></span> <span class='ocrx_word' id='word_1_166' title='bbox 1133 1683 1188 1717; x_wconf 84' lang='lat' dir='ltr'>tui</span> <span class='ocrx_word' id='word_1_167' title='bbox 1207 1681 1276 1717; x_wconf 81' lang='lat' dir='ltr'><em>clo-</em></span> 
     </span>
     <span class='ocr_line' id='line_1_27' title="bbox 323 1741 1274 1793; baseline -0.003 -12"><span class='ocrx_word' id='word_1_168' title='bbox 323 1747 544 1781; x_wconf 84' lang='lat' dir='ltr'><em>minabitur.</em></span> <span class='ocrx_word' id='word_1_169' title='bbox 563 1743 656 1789; x_wconf 84' lang='lat' dir='ltr'><em>Quia</em></span> <span class='ocrx_word' id='word_1_170' title='bbox 683 1742 805 1780; x_wconf 87' lang='lat' dir='ltr'><em>relicto</em></span> <span class='ocrx_word' id='word_1_171' title='bbox 830 1756 869 1779; x_wconf 90' lang='lat' dir='ltr'>eo</span> <span class='ocrx_word' id='word_1_172' title='bbox 896 1741 958 1792; x_wconf 87' lang='lat' dir='ltr'>qui</span> <span class='ocrx_word' id='word_1_173' title='bbox 984 1741 1157 1791; x_wconf 80' lang='lat' dir='ltr'><em>dignitate</em></span> <span class='ocrx_word' id='word_1_174' title='bbox 1186 1756 1274 1793; x_wconf 88' lang='lat' dir='ltr'><em>par,</em></span> 
     </span>
     <span class='ocr_line' id='line_1_28' title="bbox 321 1803 1276 1857; baseline -0.004 -15"><span class='ocrx_word' id='word_1_175' title='bbox 321 1815 353 1843; x_wconf 83' lang='lat' dir='ltr'>et</span> <span class='ocrx_word' id='word_1_176' title='bbox 374 1806 476 1857; x_wconf 82' lang='lat' dir='ltr'><em>cujus</em></span> <span class='ocrx_word' id='word_1_177' title='bbox 496 1814 629 1842; x_wconf 76' lang='lat' dir='ltr'><em>naturae</em></span> <span class='ocrx_word' id='word_1_178' title='bbox 649 1804 846 1856; x_wconf 76' lang='lat' dir='ltr'><em>particeps,</em></span> <span class='ocrx_word' id='word_1_179' title='bbox 870 1812 901 1840; x_wconf 87' lang='lat' dir='ltr'>et</span> <span class='ocrx_word' id='word_1_180' title='bbox 916 1811 1061 1854; x_wconf 87' lang='lat' dir='ltr'><em>propter</em></span> <span class='ocrx_word' id='word_1_181' title='bbox 1080 1817 1184 1852; x_wconf 91' lang='lat' dir='ltr'><em>quem</em></span> <span class='ocrx_word' id='word_1_182' title='bbox 1204 1803 1276 1839; x_wconf 89' lang='lat' dir='ltr'><em>for-</em></span> 
     </span>
     <span class='ocr_line' id='line_1_29' title="bbox 321 1863 1276 1915; baseline -0.005 -11"><span class='ocrx_word' id='word_1_183' title='bbox 321 1875 418 1904; x_wconf 82' lang='lat' dir='ltr'><em>mata</em></span> <span class='ocrx_word' id='word_1_184' title='bbox 437 1880 471 1903; x_wconf 89' lang='lat' dir='ltr'>es</span> <span class='ocrx_word' id='word_1_185' title='bbox 484 1896 496 1915; x_wconf 83' lang='lat'><em>,</em></span> <span class='ocrx_word' id='word_1_186' title='bbox 521 1865 799 1902; x_wconf 79' lang='lat' dir='ltr'><em>familiaritatem</em></span> <span class='ocrx_word' id='word_1_187' title='bbox 819 1878 899 1901; x_wconf 85' lang='lat' dir='ltr'>cum</span> <span class='ocrx_word' id='word_1_188' title='bbox 923 1872 1082 1915; x_wconf 82' lang='lat' dir='ltr'><em>serpente</em></span> <span class='ocrx_word' id='word_1_189' title='bbox 1102 1863 1193 1900; x_wconf 86' lang='lat' dir='ltr'><em>mala</em></span> <span class='ocrx_word' id='word_1_190' title='bbox 1216 1863 1276 1900; x_wconf 86' lang='lat' dir='ltr'><em>illa</em></span> 
     </span>
     <span class='ocr_line' id='line_1_30' title="bbox 320 1924 1275 1977; baseline -0.003 -13"><span class='ocrx_word' id='word_1_191' title='bbox 320 1927 433 1965; x_wconf 85' lang='lat' dir='ltr'><em>bestia</em></span> <span class='ocrx_word' id='word_1_192' title='bbox 447 1927 592 1975; x_wconf 83' lang='lat' dir='ltr'><em>habere,</em></span> <span class='ocrx_word' id='word_1_193' title='bbox 607 1935 640 1963; x_wconf 87' lang='lat' dir='ltr'>et</span> <span class='ocrx_word' id='word_1_194' title='bbox 653 1926 729 1977; x_wconf 85' lang='lat' dir='ltr'><em>ejus</em></span> <span class='ocrx_word' id='word_1_195' title='bbox 740 1924 898 1976; x_wconf 82' lang='lat' dir='ltr'><em>accipere</em></span> <span class='ocrx_word' id='word_1_196' title='bbox 907 1924 1095 1962; x_wconf 79' lang='lat' dir='ltr'><em>consilium</em></span> <span class='ocrx_word' id='word_1_197' title='bbox 1110 1924 1254 1962; x_wconf 80' lang='lat' dir='ltr'><em>voluisti</em></span> <span class='ocrx_word' id='word_1_198' title='bbox 1268 1940 1275 1960; x_wconf 77' lang='grc' dir='ltr'>ε</span> 
     </span>
     <span class='ocr_line' id='line_1_31' title="bbox 322 1985 1279 2040; baseline -0.003 -14"><span class='ocrx_word' id='word_1_199' title='bbox 322 1997 487 2040; x_wconf 81' lang='lat' dir='ltr'><em>proptera</em></span> <span class='ocrx_word' id='word_1_200' title='bbox 509 1988 656 2040; x_wconf 81' lang='lat' dir='ltr'><em>posthac</em></span> <span class='ocrx_word' id='word_1_201' title='bbox 678 1987 730 2024; x_wconf 87' lang='lat' dir='ltr'><em>illi</em></span> <span class='ocrx_word' id='word_1_202' title='bbox 748 1996 782 2024; x_wconf 88' lang='lat' dir='ltr'>te</span> <span class='ocrx_word' id='word_1_203' title='bbox 801 1986 965 2038; x_wconf 78' lang='lat' dir='ltr'><em>subjicio,</em></span> <span class='ocrx_word' id='word_1_204' title='bbox 988 1995 1020 2023; x_wconf 87' lang='lat' dir='ltr'>et</span> <span class='ocrx_word' id='word_1_205' title='bbox 1039 1986 1143 2023; x_wconf 86' lang='lat' dir='ltr'><em>illum</em></span> <span class='ocrx_word' id='word_1_206' title='bbox 1163 1985 1279 2023; x_wconf 91' lang='lat' dir='ltr'><em>domi-</em></span> 
     </span>
     <span class='ocr_line' id='line_1_32' title="bbox 322 2046 1279 2096; baseline -0.003 -10"><span class='ocrx_word' id='word_1_207' title='bbox 322 2064 409 2087; x_wconf 91' lang='lat' dir='ltr'>num</span> <span class='ocrx_word' id='word_1_208' title='bbox 459 2058 561 2086; x_wconf 85' lang='lat' dir='ltr'><em>tuum</em></span> <span class='ocrx_word' id='word_1_209' title='bbox 601 2062 717 2086; x_wconf 88' lang='lat' dir='ltr'><em>assero</em></span> <span class='ocrx_word' id='word_1_210' title='bbox 730 2077 740 2096; x_wconf 89' lang='lat'><em>,</em></span> <span class='ocrx_word' id='word_1_211' title='bbox 776 2056 816 2084; x_wconf 86' lang='lat' dir='ltr'><em>ut</em></span> <span class='ocrx_word' id='word_1_212' title='bbox 851 2046 949 2084; x_wconf 87' lang='lat' dir='ltr'><em>illius</em></span> <span class='ocrx_word' id='word_1_213' title='bbox 985 2046 1120 2084; x_wconf 75' lang='lat' dir='ltr'><em>scilicet</em></span> <span class='ocrx_word' id='word_1_214' title='bbox 1161 2047 1279 2084; x_wconf 89' lang='lat' dir='ltr'><em>domi-</em></span> 
     </span>
     <span class='ocr_line' id='line_1_33' title="bbox 323 2107 1324 2161; baseline -0.002 -14"><span class='ocrx_word' id='word_1_215' title='bbox 323 2111 423 2148; x_wconf 90' lang='lat' dir='ltr'><em>nium</em></span> <span class='ocrx_word' id='word_1_216' title='bbox 454 2124 652 2161; x_wconf 80' lang='lat' dir='ltr'><em>agnoscas:</em></span> <span class='ocrx_word' id='word_1_217' title='bbox 683 2118 716 2146; x_wconf 84' lang='lat' dir='ltr'>et</span> <span class='ocrx_word' id='word_1_218' title='bbox 748 2108 832 2159; x_wconf 87' lang='lat' dir='ltr'><em>quia</em></span> <span class='ocrx_word' id='word_1_219' title='bbox 862 2107 1044 2146; x_wconf 86' lang='lat' dir='ltr'><em>nescivisti</em></span> <span class='ocrx_word' id='word_1_220' title='bbox 1082 2107 1279 2159; x_wconf 83' lang='lat' dir='ltr'>imperare⁷</span> <span class='ocrx_word' id='word_1_221' title='bbox 1300 2115 1324 2145; x_wconf 86' lang='lat' dir='ltr'>E</span> 
     </span>
     <span class='ocr_line' id='line_1_34' title="bbox 324 2168 1280 2223; baseline -0.004 -14"><span class='ocrx_word' id='word_1_222' title='bbox 324 2172 420 2209; x_wconf 83' lang='lat' dir='ltr'><em>disce</em></span> <span class='ocrx_word' id='word_1_223' title='bbox 441 2172 530 2209; x_wconf 83' lang='lat' dir='ltr'><em>bene</em></span> <span class='ocrx_word' id='word_1_224' title='bbox 550 2184 686 2223; x_wconf 85' lang='lat' dir='ltr'><em>parere.</em></span> <span class='ocrx_word' id='word_1_225' title='bbox 713 2170 784 2207; x_wconf 76' lang='lat' dir='ltr'>Ad</span> <span class='ocrx_word' id='word_1_226' title='bbox 804 2172 934 2206; x_wconf 80' lang='lat' dir='ltr'><em>virum</em></span> <span class='ocrx_word' id='word_1_227' title='bbox 963 2169 1057 2206; x_wconf 90' lang='lat' dir='ltr'><em>enim</em></span> <span class='ocrx_word' id='word_1_228' title='bbox 1078 2178 1198 2213; x_wconf 84' lang='lat' dir='ltr'><em>tuum,</em></span> <span class='ocrx_word' id='word_1_229' title='bbox 1219 2168 1280 2205; x_wconf 91' lang='lat' dir='ltr'>in-</span> 
     </span>
     <span class='ocr_line' id='line_1_35' title="bbox 327 2232 1280 2284; baseline -0.003 -14"><span class='ocrx_word' id='word_1_230' title='bbox 327 2233 426 2284; x_wconf 90' lang='lat' dir='ltr'><em>quit,</em></span> <span class='ocrx_word' id='word_1_231' title='bbox 453 2234 652 2270; x_wconf 72' lang='lat' dir='ltr'><em>conversio</em></span> <span class='ocrx_word' id='word_1_232' title='bbox 678 2240 759 2276; x_wconf 79' lang='lat' dir='ltr'><em>tua,</em></span> <span class='ocrx_word' id='word_1_233' title='bbox 779 2239 815 2268; x_wconf 83' lang='lat' dir='ltr'>et</span> <span class='ocrx_word' id='word_1_234' title='bbox 832 2233 912 2281; x_wconf 80' lang='lat' dir='ltr'><em>ipse</em></span> <span class='ocrx_word' id='word_1_235' title='bbox 925 2232 1193 2267; x_wconf 78' lang='lat' dir='ltr'><em>dominabitur</em></span> <span class='ocrx_word' id='word_1_236' title='bbox 1212 2232 1280 2268; x_wconf 85' lang='lat' dir='ltr'><em>tui.</em></span> 
     </span>
     <span class='ocr_line' id='line_1_36' title="bbox 325 2290 1281 2337; baseline -0.006 -5"><span class='ocrx_word' id='word_1_237' title='bbox 325 2294 460 2333; x_wconf 84' lang='lat' dir='ltr'><em>Melius</em></span> <span class='ocrx_word' id='word_1_238' title='bbox 475 2302 526 2331; x_wconf 84' lang='lat' dir='ltr'>est</span> <span class='ocrx_word' id='word_1_239' title='bbox 546 2302 585 2329; x_wconf 91' lang='lat' dir='ltr'>ut</span> <span class='ocrx_word' id='word_1_240' title='bbox 604 2301 641 2330; x_wconf 88' lang='lat' dir='ltr'>tu</span> <span class='ocrx_word' id='word_1_241' title='bbox 661 2292 728 2329; x_wconf 84' lang='lat' dir='ltr'><em>suh</em></span> <span class='ocrx_word' id='word_1_242' title='bbox 749 2291 811 2328; x_wconf 88' lang='lat' dir='ltr'><em>illo</em></span> <span class='ocrx_word' id='word_1_243' title='bbox 831 2291 892 2337; x_wconf 89' lang='lat' dir='ltr'><em>sis,</em></span> <span class='ocrx_word' id='word_1_244' title='bbox 913 2300 946 2328; x_wconf 86' lang='lat' dir='ltr'>et</span> <span class='ocrx_word' id='word_1_245' title='bbox 966 2290 1070 2327; x_wconf 87' lang='lat' dir='ltr'><em>illum</em></span> <span class='ocrx_word' id='word_1_246' title='bbox 1094 2290 1281 2327; x_wconf 88' lang='lat' dir='ltr'><em>domiuum</em></span> 
     </span>
     <span class='ocr_line' id='line_1_37' title="bbox 326 2351 1284 2405; baseline -0.006 -12"><span class='ocrx_word' id='word_1_247' title='bbox 326 2355 470 2402; x_wconf 81' lang='lat' dir='ltr'><em>habeas,</em></span> <span class='ocrx_word' id='word_1_248' title='bbox 488 2368 595 2405; x_wconf 85' lang='lat' dir='ltr'><em>quam</em></span> <span class='ocrx_word' id='word_1_249' title='bbox 616 2353 728 2391; x_wconf 88' lang='lat' dir='ltr'><em>libere</em></span> <span class='ocrx_word' id='word_1_250' title='bbox 743 2361 775 2390; x_wconf 91' lang='lat' dir='ltr'>et</span> <span class='ocrx_word' id='word_1_251' title='bbox 793 2366 874 2389; x_wconf 89' lang='lat' dir='ltr'>cum</span> <span class='ocrx_word' id='word_1_252' title='bbox 889 2360 1059 2403; x_wconf 81' lang='lat' dir='ltr'><em>potestate</em></span> <span class='ocrx_word' id='word_1_253' title='bbox 1078 2351 1204 2388; x_wconf 63' lang='lat' dir='ltr'><em>vivens</em></span> <span class='ocrx_word' id='word_1_254' title='bbox 1220 2365 1284 2403; x_wconf 87' lang='lat' dir='ltr'>per</span> 
     </span>
     <span class='ocr_line' id='line_1_38' title="bbox 330 2413 1284 2469; baseline -0.003 -15"><span class='ocrx_word' id='word_1_255' title='bbox 330 2416 524 2469; x_wconf 61' lang='lat' dir='ltr'><em>praecipitia</em></span> <span class='ocrx_word' id='word_1_256' title='bbox 544 2415 676 2452; x_wconf 86' lang='lat' dir='ltr'><em>feraris.</em></span> <span class='ocrx_word' id='word_1_257' title='bbox 692 2415 783 2452; x_wconf 85' lang='lat' dir='ltr'><em>Nam</em></span> <span class='ocrx_word' id='word_1_258' title='bbox 804 2422 837 2451; x_wconf 89' lang='lat' dir='ltr'>et</span> <span class='ocrx_word' id='word_1_259' title='bbox 854 2427 944 2463; x_wconf 86' lang='lat' dir='ltr'><em>equo</em></span> <span class='ocrx_word' id='word_1_260' title='bbox 963 2413 1088 2450; x_wconf 82' lang='lat' dir='ltr'><em>utilius</em></span> <span class='ocrx_word' id='word_1_261' title='bbox 1111 2422 1162 2450; x_wconf 85' lang='lat' dir='ltr'>est</span> <span class='ocrx_word' id='word_1_262' title='bbox 1187 2413 1284 2451; x_wconf 83' lang='lat' dir='ltr'><em>freno</em></span> 
     </span>
     <span class='ocr_line' id='line_1_39' title="bbox 330 2474 1286 2530; baseline -0.005 -14"><span class='ocrx_word' id='word_1_263' title='bbox 330 2478 416 2530; x_wconf 83' lang='lat' dir='ltr'><em>regi,</em></span> <span class='ocrx_word' id='word_1_264' title='bbox 436 2487 469 2515; x_wconf 90' lang='lat' dir='ltr'>et</span> <span class='ocrx_word' id='word_1_265' title='bbox 493 2477 686 2529; x_wconf 79' lang='lat' dir='ltr'><em>composite</em></span> <span class='ocrx_word' id='word_1_266' title='bbox 708 2475 890 2528; x_wconf 80' lang='lat' dir='ltr'><em>progiedi‚</em></span> <span class='ocrx_word' id='word_1_267' title='bbox 911 2489 1018 2525; x_wconf 88' lang='lat' dir='ltr'><em>quam</em></span> <span class='ocrx_word' id='word_1_268' title='bbox 1039 2475 1113 2512; x_wconf 90' lang='lat' dir='ltr'><em>sine</em></span> <span class='ocrx_word' id='word_1_269' title='bbox 1139 2474 1201 2512; x_wconf 89' lang='lat' dir='ltr'><em>illo</em></span> <span class='ocrx_word' id='word_1_270' title='bbox 1224 2488 1286 2525; x_wconf 84' lang='lat' dir='ltr'>per</span> 
     </span>
     <span class='ocr_line' id='line_1_40' title="bbox 330 2535 1286 2592; baseline -0.006 -15"><span class='ocrx_word' id='word_1_271' title='bbox 330 2539 527 2592; x_wconf 79' lang='lat' dir='ltr'><em>piaecipitia</em></span> <span class='ocrx_word' id='word_1_272' title='bbox 545 2537 641 2575; x_wconf 80' lang='lat' dir='ltr'><em>seiri.</em></span> <span class='ocrx_word' id='word_1_273' title='bbox 662 2538 785 2587; x_wconf 85' lang='lat' dir='ltr'><em>Itaque</em></span> <span class='ocrx_word' id='word_1_274' title='bbox 804 2535 1027 2574; x_wconf 80' lang='lat' dir='ltr'><em>consideians</em></span> <span class='ocrx_word' id='word_1_275' title='bbox 1044 2535 1133 2586; x_wconf 89' lang='lat' dir='ltr'><em>quid</em></span> <span class='ocrx_word' id='word_1_276' title='bbox 1151 2535 1216 2572; x_wconf 80' lang='lat' dir='ltr'><em>tibi</em></span> <span class='ocrx_word' id='word_1_277' title='bbox 1243 2535 1286 2572; x_wconf 86' lang='lat' dir='ltr'>sit</span> 
     </span>
    </p>
   </div>
   <div class='ocr_carea' id='block_1_4' title="bbox 1019 251 1906 285">
    <p class='ocr_par' dir='ltr' id='par_1_4' title="bbox 1019 251 1906 285">
     <span class='ocr_line' id='line_1_41' title="bbox 1019 251 1906 285; baseline 0.002 -2"><span class='ocrx_word' id='word_1_278' title='bbox 1019 251 1261 284; x_wconf 74' lang='lat' dir='ltr'><strong>CHRYSOST.</strong></span> <span class='ocrx_word' id='word_1_279' title='bbox 1302 252 1506 282; x_wconf 72' lang='lat' dir='ltr'><strong>ARCfflEP.</strong></span> <span class='ocrx_word' id='word_1_280' title='bbox 1545 253 1906 285; x_wconf 78' lang='lat' dir='ltr'><strong>CONSTANTINOP-</strong></span> 
     </span>
    </p>
   </div>
   <div class='ocr_carea' id='block_1_5' title="bbox 1334 335 2369 1240">
    <p class='ocr_par' dir='ltr' id='par_1_5' title="bbox 1334 335 2369 1240">
     <span class='ocr_line' id='line_1_42' title="bbox 1337 335 2362 390; baseline 0.005 -19"><span class='ocrx_word' id='word_1_281' title='bbox 1337 335 1515 379; x_wconf 80' lang='grc' dir='ltr'>Πολλάκις</span> <span class='ocrx_word' id='word_1_282' title='bbox 1530 336 1589 374; x_wconf 81' lang='grc' dir='ltr'>καὶ</span> <span class='ocrx_word' id='word_1_283' title='bbox 1611 342 1858 377; x_wconf 75' lang='grc' dir='ltr'>συναποθανεῖν</span> <span class='ocrx_word' id='word_1_284' title='bbox 1883 341 1934 390; x_wconf 85' lang='grc' dir='ltr'>τῷ</span> <span class='ocrx_word' id='word_1_285' title='bbox 1962 338 2119 390; x_wconf 67' lang='grc' dir='ltr'>τεχθέντι</span> <span class='ocrx_word' id='word_1_286' title='bbox 2139 336 2283 385; x_wconf 61' lang='lat' dir='ltr'><em>cuv-4672,</em></span> <span class='ocrx_word' id='word_1_287' title='bbox 2304 339 2362 376; x_wconf 83' lang='grc' dir='ltr'>καὶ</span> 
     </span>
     <span class='ocr_line' id='line_1_43' title="bbox 1337 393 2364 451; baseline 0.005 -21"><span class='ocrx_word' id='word_1_288' title='bbox 1337 393 1413 431; x_wconf 79' lang='grc' dir='ltr'>οὐδὲ</span> <span class='ocrx_word' id='word_1_289' title='bbox 1429 398 1531 433; x_wconf 78' lang='grc' dir='ltr'>τοῦτο</span> <span class='ocrx_word' id='word_1_290' title='bbox 1547 396 1608 440; x_wconf 76' lang='grc' dir='ltr'>τὰς</span> <span class='ocrx_word' id='word_1_291' title='bbox 1623 398 1748 442; x_wconf 85' lang='grc' dir='ltr'>λοιπὰς</span> <span class='ocrx_word' id='word_1_292' title='bbox 1761 399 1973 451; x_wconf 74' lang='grc' dir='ltr'>ἐσωφρόνισε</span> <span class='ocrx_word' id='word_1_293' title='bbox 1991 399 2052 436; x_wconf 85' lang='grc' dir='ltr'>καὶ</span> <span class='ocrx_word' id='word_1_294' title='bbox 2072 398 2232 437; x_wconf 79' lang='grc' dir='ltr'>ἀνέπεισε</span> <span class='ocrx_word' id='word_1_295' title='bbox 2246 404 2364 450; x_wconf 74' lang='grc' dir='ltr'>φυγεῖν</span> 
     </span>
     <span class='ocr_line' id='line_1_44' title="bbox 1335 453 2362 511; baseline 0.005 -20"><span class='ocrx_word' id='word_1_296' title='bbox 1335 453 1374 491; x_wconf 84' lang='grc' dir='ltr'>τὸ</span> <span class='ocrx_word' id='word_1_297' title='bbox 1393 462 1562 507; x_wconf 83' lang='grc' dir='ltr'>πρᾶγμα·</span> <span class='ocrx_word' id='word_1_298' title='bbox 1589 459 1763 507; x_wconf 81' lang='grc' dir='ltr'>τοσαύτην</span> <span class='ocrx_word' id='word_1_299' title='bbox 1779 463 1796 498; x_wconf 88' lang='grc' dir='ltr'>ὁ</span> <span class='ocrx_word' id='word_1_300' title='bbox 1815 460 1904 503; x_wconf 88' lang='grc' dir='ltr'>Θεὸς</span> <span class='ocrx_word' id='word_1_301' title='bbox 1930 459 2177 511; x_wconf 78' lang='grc' dir='ltr'>ἐγκατέσπειρε</span> <span class='ocrx_word' id='word_1_302' title='bbox 2200 465 2272 503; x_wconf 86' lang='grc' dir='ltr'>τοῖς</span> <span class='ocrx_word' id='word_1_303' title='bbox 2305 461 2362 496; x_wconf 89' lang='grc' dir='ltr'>λυ-</span> 
     </span>
     <span class='ocr_line' id='line_1_45' title="bbox 1335 517 2362 572; baseline 0.003 -18"><span class='ocrx_word' id='word_1_304' title='bbox 1335 523 1458 569; x_wconf 86' lang='grc' dir='ltr'>πηροῖς</span> <span class='ocrx_word' id='word_1_305' title='bbox 1490 517 1553 564; x_wconf 77' lang='grc' dir='ltr'>τὴν</span> <span class='ocrx_word' id='word_1_306' title='bbox 1585 519 1711 567; x_wconf 79' lang='grc' dir='ltr'>ἡδονὴν</span> <span class='ocrx_word' id='word_1_307' title='bbox 1740 523 1826 571; x_wconf 75' lang='grc' dir='ltr'>ὁμοῦ</span> <span class='ocrx_word' id='word_1_308' title='bbox 1859 521 1919 558; x_wconf 77' lang='grc' dir='ltr'>καὶ</span> <span class='ocrx_word' id='word_1_309' title='bbox 1953 520 2016 568; x_wconf 84' lang='grc' dir='ltr'>τὴν</span> <span class='ocrx_word' id='word_1_310' title='bbox 2039 519 2263 572; x_wconf 74' lang='grc' dir='ltr'>εὐφροσύνην.</span> <span class='ocrx_word' id='word_1_311' title='bbox 2293 519 2362 557; x_wconf 81' lang='grc' dir='ltr'>Διὰ</span> 
     </span>
     <span class='ocr_line' id='line_1_46' title="bbox 1334 577 2362 630; baseline 0.003 -16"><span class='ocrx_word' id='word_1_312' title='bbox 1334 580 1435 615; x_wconf 77' lang='grc' dir='ltr'>τοῦτο</span> <span class='ocrx_word' id='word_1_313' title='bbox 1454 577 1550 630; x_wconf 86' lang='grc' dir='ltr'>ἔλεγε</span> <span class='ocrx_word' id='word_1_314' title='bbox 1563 606 1573 624; x_wconf 90' lang='grc'>,</span> <span class='ocrx_word' id='word_1_315' title='bbox 1597 579 1790 627; x_wconf 82' lang='grc' dir='ltr'>Πληθύνων</span> <span class='ocrx_word' id='word_1_316' title='bbox 1811 583 1974 628; x_wconf 85' lang='grc' dir='ltr'>πληθυνῶ</span> <span class='ocrx_word' id='word_1_317' title='bbox 1998 581 2059 624; x_wconf 84' lang='grc' dir='ltr'>τὰς</span> <span class='ocrx_word' id='word_1_318' title='bbox 2077 580 2188 624; x_wconf 82' lang='grc' dir='ltr'>λύπας</span> <span class='ocrx_word' id='word_1_319' title='bbox 2209 597 2269 619; x_wconf 87' lang='grc' dir='ltr'>σου</span> <span class='ocrx_word' id='word_1_320' title='bbox 2300 580 2362 618; x_wconf 83' lang='grc' dir='ltr'>καὶ</span> 
     </span>
     <span class='ocr_line' id='line_1_47' title="bbox 1334 635 2361 691; baseline 0.001 -16"><span class='ocrx_word' id='word_1_321' title='bbox 1334 635 1392 675; x_wconf 86' lang='grc' dir='ltr'>τὸν</span> <span class='ocrx_word' id='word_1_322' title='bbox 1421 638 1614 690; x_wconf 85' lang='grc' dir='ltr'>στεναγμόν</span> <span class='ocrx_word' id='word_1_323' title='bbox 1651 654 1730 677; x_wconf 88' lang='grc' dir='ltr'>σου·</span> <span class='ocrx_word' id='word_1_324' title='bbox 1763 641 1797 677; x_wconf 82' lang='grc' dir='ltr'>ἓν</span> <span class='ocrx_word' id='word_1_325' title='bbox 1829 640 1955 682; x_wconf 80' lang='grc' dir='ltr'>λύπαις</span> <span class='ocrx_word' id='word_1_326' title='bbox 1981 639 2060 691; x_wconf 84' lang='grc' dir='ltr'>τέξῃ</span> <span class='ocrx_word' id='word_1_327' title='bbox 2095 639 2213 676; x_wconf 84' lang='grc' dir='ltr'>τέκνα.</span> <span class='ocrx_word' id='word_1_328' title='bbox 2245 641 2361 678; x_wconf 77' lang='grc' dir='ltr'>Τοῦτο</span> 
     </span>
     <span class='ocr_line' id='line_1_48' title="bbox 1334 697 2362 753; baseline 0 -17"><span class='ocrx_word' id='word_1_329' title='bbox 1334 697 1446 737; x_wconf 82' lang='grc' dir='ltr'>τοίνυν</span> <span class='ocrx_word' id='word_1_330' title='bbox 1466 700 1524 737; x_wconf 81' lang='grc' dir='ltr'>καὶ</span> <span class='ocrx_word' id='word_1_331' title='bbox 1543 705 1561 739; x_wconf 91' lang='grc' dir='ltr'>ὁ</span> <span class='ocrx_word' id='word_1_332' title='bbox 1581 699 1730 753; x_wconf 81' lang='grc' dir='ltr'>Χριστὸς</span> <span class='ocrx_word' id='word_1_333' title='bbox 1750 700 1991 752; x_wconf 84' lang='grc' dir='ltr'>διαλεγόμενος</span> <span class='ocrx_word' id='word_1_334' title='bbox 2012 705 2083 742; x_wconf 87' lang='grc' dir='ltr'>τοῖς</span> <span class='ocrx_word' id='word_1_335' title='bbox 2114 703 2286 750; x_wconf 86' lang='grc' dir='ltr'>μαθηταῖς</span> <span class='ocrx_word' id='word_1_336' title='bbox 2301 699 2362 738; x_wconf 85' lang='grc' dir='ltr'>καὶ</span> 
     </span>
     <span class='ocr_line' id='line_1_49' title="bbox 1335 759 2364 814; baseline 0 -18"><span class='ocrx_word' id='word_1_337' title='bbox 1335 759 1466 804; x_wconf 83' lang='grc' dir='ltr'>’δεικνυς</span> <span class='ocrx_word' id='word_1_338' title='bbox 1487 777 1546 799; x_wconf 86' lang='grc' dir='ltr'>και</span> <span class='ocrx_word' id='word_1_339' title='bbox 1560 764 1622 808; x_wconf 72' lang='grc' dir='ltr'>τῆς</span> <span class='ocrx_word' id='word_1_340' title='bbox 1635 761 1755 809; x_wconf 83' lang='grc' dir='ltr'>ὀδύνης</span> <span class='ocrx_word' id='word_1_341' title='bbox 1771 762 1810 800; x_wconf 84' lang='grc' dir='ltr'>τὸ</span> <span class='ocrx_word' id='word_1_342' title='bbox 1830 778 1872 813; x_wconf 92' lang='grc' dir='ltr'>με</span> <span class='ocrx_word' id='word_1_343' title='bbox 1859 762 1974 814; x_wconf 68' lang='grc' dir='ltr'>ζγεθος</span> <span class='ocrx_word' id='word_1_344' title='bbox 1991 760 2051 798; x_wconf 83' lang='grc' dir='ltr'>καὶ</span> <span class='ocrx_word' id='word_1_345' title='bbox 2069 762 2132 805; x_wconf 72' lang='grc' dir='ltr'>τῆς</span> <span class='ocrx_word' id='word_1_346' title='bbox 2153 759 2364 812; x_wconf 71' lang='grc' dir='ltr'>εὐφροσύνης</span> 
     </span>
     <span class='ocr_line' id='line_1_50' title="bbox 1336 819 2362 900; baseline -0.001 -42"><span class='ocrx_word' id='word_1_347' title='bbox 1336 819 1399 866; x_wconf 90' lang='grc' dir='ltr'>τὴν</span> <span class='ocrx_word' id='word_1_348' title='bbox 1424 823 1644 874; x_wconf 60' lang='grc' dir='ltr'>υπερέολὴν,</span> <span class='ocrx_word' id='word_1_349' title='bbox 1671 823 1804 900; x_wconf 80' lang='grc' dir='ltr'>ἔλεγεν·</span> <span class='ocrx_word' id='word_1_350' title='bbox 1825 823 1871 861; x_wconf 86' lang='lat' dir='ltr'>H</span> <span class='ocrx_word' id='word_1_351' title='bbox 1904 822 1990 873; x_wconf 82' lang='grc' dir='ltr'>γυνὴ</span> <span class='ocrx_word' id='word_1_352' title='bbox 2018 821 2100 859; x_wconf 87' lang='grc' dir='ltr'>οταν</span> <span class='ocrx_word' id='word_1_353' title='bbox 2128 821 2231 872; x_wconf 83' lang='grc' dir='ltr'>τίκτῃ</span> <span class='ocrx_word' id='word_1_354' title='bbox 2247 819 2362 867; x_wconf 86' lang='grc' dir='ltr'>λύπην</span> 
     </span>
     <span class='ocr_line' id='line_1_51' title="bbox 1337 879 2364 937; baseline -0.001 -17"><span class='ocrx_word' id='word_1_355' title='bbox 1337 881 1427 935; x_wconf 75' lang='grc' dir='ltr'>ἔχει,</span> <span class='ocrx_word' id='word_1_356' title='bbox 1448 900 1501 921; x_wconf 89' lang='grc' dir='ltr'>οτι</span> <span class='ocrx_word' id='word_1_357' title='bbox 1515 879 1619 931; x_wconf 86' lang='grc' dir='ltr'>ἠλθεν</span> <span class='ocrx_word' id='word_1_358' title='bbox 1639 889 1661 932; x_wconf 91' lang='grc' dir='ltr'>ἡ</span> <span class='ocrx_word' id='word_1_359' title='bbox 1682 886 1757 937; x_wconf 82' lang='grc' dir='ltr'>ὥρα</span> <span class='ocrx_word' id='word_1_360' title='bbox 1778 887 1903 932; x_wconf 79' lang='grc' dir='ltr'>αὖτ’ῆς·</span> <span class='ocrx_word' id='word_1_361' title='bbox 1929 888 2004 922; x_wconf 84' lang='grc' dir='ltr'>εἶτα</span> <span class='ocrx_word' id='word_1_362' title='bbox 2031 885 2258 934; x_wconf 71' lang='grc' dir='ltr'>παραστῆσαι</span> <span class='ocrx_word' id='word_1_363' title='bbox 2281 886 2364 933; x_wconf 78' lang='grc' dir='ltr'>ἡμῖν</span> 
     </span>
     <span class='ocr_line' id='line_1_52' title="bbox 1338 942 2365 997; baseline 0.001 -16"><span class='ocrx_word' id='word_1_364' title='bbox 1338 944 1583 994; x_wconf 70' lang='grc' dir='ltr'>βουλόμενος’</span> <span class='ocrx_word' id='word_1_365' title='bbox 1563 962 1655 990; x_wconf 81' lang='grc' dir='ltr'>οπως</span> <span class='ocrx_word' id='word_1_366' title='bbox 1683 946 1728 983; x_wconf 86' lang='grc' dir='ltr'>τὰ</span> <span class='ocrx_word' id='word_1_367' title='bbox 1759 945 1822 997; x_wconf 82' lang='grc' dir='ltr'>μὲν</span> <span class='ocrx_word' id='word_1_368' title='bbox 1841 962 1905 991; x_wconf 88' lang='grc' dir='ltr'>της</span> <span class='ocrx_word' id='word_1_369' title='bbox 1923 945 2037 990; x_wconf 67' lang='grc' dir='ltr'>λύττης</span> <span class='ocrx_word' id='word_1_370' title='bbox 2068 943 2189 994; x_wconf 78' lang='grc' dir='ltr'>ἀθρόον</span> <span class='ocrx_word' id='word_1_371' title='bbox 2209 942 2365 982; x_wconf 72' lang='grc' dir='ltr'>ἐκποδων</span> 
     </span>
     <span class='ocr_line' id='line_1_53' title="bbox 1336 1003 2365 1058; baseline -0.001 -17"><span class='ocrx_word' id='word_1_372' title='bbox 1336 1004 1488 1055; x_wconf 88' lang='grc' dir='ltr'>γίνεται,</span> <span class='ocrx_word' id='word_1_373' title='bbox 1504 1006 1548 1044; x_wconf 83' lang='grc' dir='ltr'>τὰ</span> <span class='ocrx_word' id='word_1_374' title='bbox 1580 1006 1616 1044; x_wconf 78' lang='grc' dir='ltr'>δὲ</span> <span class='ocrx_word' id='word_1_375' title='bbox 1641 1011 1703 1053; x_wconf 73' lang='grc' dir='ltr'>τῆς</span> <span class='ocrx_word' id='word_1_376' title='bbox 1722 1013 1833 1058; x_wconf 74' lang='grc' dir='ltr'>χαρᾶς</span> <span class='ocrx_word' id='word_1_377' title='bbox 1855 1006 1914 1045; x_wconf 80' lang='grc' dir='ltr'>καὶ</span> <span class='ocrx_word' id='word_1_378' title='bbox 1933 1010 1996 1052; x_wconf 78' lang='grc' dir='ltr'>τῆς</span> <span class='ocrx_word' id='word_1_379' title='bbox 2014 1004 2220 1056; x_wconf 71' lang='grc' dir='ltr'>εὐφροσύνης</span> <span class='ocrx_word' id='word_1_380' title='bbox 2246 1003 2365 1041; x_wconf 78' lang='grc' dir='ltr'>διαδέ-</span> 
     </span>
     <span class='ocr_line' id='line_1_54' title="bbox 1336 1066 1599 1118; baseline 0.004 -16"><span class='ocrx_word' id='word_1_381' title='bbox 1336 1080 1438 1116; x_wconf 80' lang='grc' dir='ltr'>χεται</span> <span class='ocrx_word' id='word_1_382' title='bbox 1448 1096 1457 1113; x_wconf 92' lang='grc'>,</span> <span class='ocrx_word' id='word_1_383' title='bbox 1474 1066 1578 1118; x_wconf 75' lang='grc' dir='ltr'>φησίν</span> <span class='ocrx_word' id='word_1_384' title='bbox 1592 1082 1599 1089; x_wconf 92' lang='grc'><em>·</em></span> 
     </span>
     <span class='ocr_line' id='line_1_55' title="bbox 1340 1126 2366 1180; baseline -0.002 -16"><span class='ocrx_word' id='word_1_385' title='bbox 1340 1127 1546 1177; x_wconf 84' lang='grc' dir='ltr'>μνημονεύει</span> <span class='ocrx_word' id='word_1_386' title='bbox 1564 1130 1627 1173; x_wconf 78' lang='grc' dir='ltr'>τῆς</span> <span class='ocrx_word' id='word_1_387' title='bbox 1650 1128 1799 1180; x_wconf 75' lang='grc' dir='ltr'>θλίψεως</span> <span class='ocrx_word' id='word_1_388' title='bbox 1819 1128 1876 1166; x_wconf 74' lang='grc' dir='ltr'>διὰ</span> <span class='ocrx_word' id='word_1_389' title='bbox 1894 1128 1957 1174; x_wconf 87' lang='grc' dir='ltr'>τὴν</span> <span class='ocrx_word' id='word_1_390' title='bbox 1976 1127 2106 1180; x_wconf 72' lang='grc' dir='ltr'>χαρὰν,</span> <span class='ocrx_word' id='word_1_391' title='bbox 2124 1127 2178 1166; x_wconf 76' lang='grc' dir='ltr'>ὅτι</span> <span class='ocrx_word' id='word_1_392' title='bbox 2201 1126 2366 1178; x_wconf 75' lang='grc' dir='ltr'>ἐγεννήθη</span> 
     </span>
     <span class='ocr_line' id='line_1_56' title="bbox 1339 1182 2369 1240; baseline 0 -16"><span class='ocrx_word' id='word_1_393' title='bbox 1339 1187 1518 1240; x_wconf 85' lang='grc' dir='ltr'>ἄνθρωπος</span> <span class='ocrx_word' id='word_1_394' title='bbox 1547 1191 1594 1232; x_wconf 87' lang='grc' dir='ltr'>εἷς</span> <span class='ocrx_word' id='word_1_395' title='bbox 1629 1189 1687 1227; x_wconf 86' lang='grc' dir='ltr'>τὸν</span> <span class='ocrx_word' id='word_1_396' title='bbox 1718 1189 1861 1239; x_wconf 87' lang='grc' dir='ltr'>κόσμον.</span> <span class='ocrx_word' id='word_1_397' title='bbox 1892 1182 1994 1231; x_wconf 64' lang='grc' dir='ltr'>Εἶδες</span> <span class='ocrx_word' id='word_1_398' title='bbox 2022 1187 2231 1238; x_wconf 70' lang='grc' dir='ltr'>κηδεμονίαν</span> <span class='ocrx_word' id='word_1_399' title='bbox 2261 1191 2369 1239; x_wconf 78' lang='grc' dir='ltr'>ὓπερ-</span> 
     </span>
    </p>
   </div>
   <div class='ocr_carea' id='block_1_6' title="bbox 1622 1064 2368 1118">
    <p class='ocr_par' dir='ltr' id='par_1_6' title="bbox 1622 1064 2368 1118">
     <span class='ocr_line' id='line_1_57' title="bbox 1622 1064 2368 1118; baseline -0.005 -13"><span class='ocrx_word' id='word_1_400' title='bbox 1622 1067 1736 1105; x_wconf 55' lang='grc' dir='ltr'>υΟταν</span> <span class='ocrx_word' id='word_1_401' title='bbox 1768 1068 1802 1104; x_wconf 83' lang='grc' dir='ltr'>δὲ</span> <span class='ocrx_word' id='word_1_402' title='bbox 1829 1067 1978 1118; x_wconf 75' lang='grc' dir='ltr'>γεννήσῃ</span> <span class='ocrx_word' id='word_1_403' title='bbox 2012 1067 2051 1104; x_wconf 65' lang='grc' dir='ltr'>τὸ</span> <span class='ocrx_word' id='word_1_404' title='bbox 2074 1064 2227 1111; x_wconf 74' lang='grc' dir='ltr'>παιδίον,</span> <span class='ocrx_word' id='word_1_405' title='bbox 2251 1064 2368 1102; x_wconf 73' lang='grc' dir='ltr'>οὐκέτι</span> 
     </span>
    </p>
   </div>
   <div class='ocr_carea' id='block_1_7' title="bbox 1340 1243 2387 2583">
    <p class='ocr_par' dir='ltr' id='par_1_7' title="bbox 1340 1243 2387 2583">
     <span class='ocr_line' id='line_1_58' title="bbox 1340 1243 2372 1301; baseline -0.003 -14"><span class='ocrx_word' id='word_1_406' title='bbox 1340 1247 1547 1296; x_wconf 68' lang='grc' dir='ltr'>ἕαλλουσαν,</span> <span class='ocrx_word' id='word_1_407' title='bbox 1571 1243 1655 1292; x_wconf 58' lang='grc' dir='ltr'>εἶδες</span> <span class='ocrx_word' id='word_1_408' title='bbox 1674 1249 1847 1301; x_wconf 85' lang='grc' dir='ltr'>τιμωρίαν</span> <span class='ocrx_word' id='word_1_409' title='bbox 1864 1250 2040 1291; x_wconf 82' lang='grc' dir='ltr'>νουθεσίας</span> <span class='ocrx_word' id='word_1_410' title='bbox 2072 1247 2372 1300; x_wconf 68' lang='grc' dir='ltr'>πεπληρωμένηψ,</span> 
     </span>
     <span class='ocr_line' id='line_1_59' title="bbox 1341 1304 2369 1362; baseline -0.001 -15"><span class='ocrx_word' id='word_1_411' title='bbox 1341 1309 1402 1348; x_wconf 75' lang='grc' dir='ltr'>Ἐν</span> <span class='ocrx_word' id='word_1_412' title='bbox 1422 1310 1547 1354; x_wconf 88' lang='grc' dir='ltr'>λύπαις</span> <span class='ocrx_word' id='word_1_413' title='bbox 1566 1310 1645 1362; x_wconf 81' lang='grc' dir='ltr'>τέξῃ</span> <span class='ocrx_word' id='word_1_414' title='bbox 1666 1310 1782 1349; x_wconf 82' lang='grc' dir='ltr'>τέκνα.</span> <span class='ocrx_word' id='word_1_415' title='bbox 1802 1304 1910 1358; x_wconf 60' lang='grc' dir='ltr'>Εἶτα,</span> <span class='ocrx_word' id='word_1_416' title='bbox 1931 1310 2026 1362; x_wconf 73' lang='grc' dir='ltr'>Πρὸς</span> <span class='ocrx_word' id='word_1_417' title='bbox 2044 1310 2101 1347; x_wconf 81' lang='grc' dir='ltr'>τὸν</span> <span class='ocrx_word' id='word_1_418' title='bbox 2132 1310 2242 1362; x_wconf 84' lang='grc' dir='ltr'>ἄνδρα</span> <span class='ocrx_word' id='word_1_419' title='bbox 2267 1324 2327 1347; x_wconf 90' lang='grc' dir='ltr'>σου</span> <span class='ocrx_word' id='word_1_420' title='bbox 2346 1312 2369 1354; x_wconf 84' lang='grc' dir='ltr'>ἡ</span> 
     </span>
     <span class='ocr_line' id='line_1_60' title="bbox 1342 1370 2373 1424; baseline -0.001 -15"><span class='ocrx_word' id='word_1_421' title='bbox 1342 1372 1544 1424; x_wconf 69' lang='grc' dir='ltr'>ἀποστροφή</span> <span class='ocrx_word' id='word_1_422' title='bbox 1565 1389 1623 1411; x_wconf 86' lang='grc' dir='ltr'>σου</span> <span class='ocrx_word' id='word_1_423' title='bbox 1640 1402 1649 1419; x_wconf 89' lang='grc'>,</span> <span class='ocrx_word' id='word_1_424' title='bbox 1673 1372 1731 1410; x_wconf 75' lang='grc' dir='ltr'>καὶ</span> <span class='ocrx_word' id='word_1_425' title='bbox 1755 1371 1853 1415; x_wconf 80' lang='grc' dir='ltr'>αὐτός</span> <span class='ocrx_word' id='word_1_426' title='bbox 1885 1388 1946 1410; x_wconf 90' lang='grc' dir='ltr'>σου</span> <span class='ocrx_word' id='word_1_427' title='bbox 1970 1371 2154 1423; x_wconf 85' lang='grc' dir='ltr'>κυριεύσει.</span> <span class='ocrx_word' id='word_1_428' title='bbox 2175 1370 2373 1422; x_wconf 76' lang='grc' dir='ltr'>Μονονουχὶ</span> 
     </span>
     <span class='ocr_line' id='line_1_61' title="bbox 1342 1431 2372 1486; baseline -0.001 -16"><span class='ocrx_word' id='word_1_429' title='bbox 1342 1432 1619 1483; x_wconf 76' lang='grc' dir='ltr'>ἀπολογούμενος</span> <span class='ocrx_word' id='word_1_430' title='bbox 1637 1433 1722 1486; x_wconf 77' lang='grc' dir='ltr'>πρὸς</span> <span class='ocrx_word' id='word_1_431' title='bbox 1740 1433 1804 1476; x_wconf 79' lang='grc' dir='ltr'>τὴν</span> <span class='ocrx_word' id='word_1_432' title='bbox 1822 1438 1970 1484; x_wconf 84' lang='grc' dir='ltr'>γυναῖκα</span> <span class='ocrx_word' id='word_1_433' title='bbox 1984 1436 2001 1470; x_wconf 94' lang='grc' dir='ltr'>ὁ</span> <span class='ocrx_word' id='word_1_434' title='bbox 2018 1431 2258 1484; x_wconf 73' lang='grc' dir='ltr'>φιλάνθρωπος</span> <span class='ocrx_word' id='word_1_435' title='bbox 2282 1431 2372 1474; x_wconf 70' lang='grc' dir='ltr'>Θεὸς</span> 
     </span>
     <span class='ocr_line' id='line_1_62' title="bbox 1341 1492 2373 1545; baseline 0 -15"><span class='ocrx_word' id='word_1_436' title='bbox 1341 1493 1450 1531; x_wconf 76' lang='grc' dir='ltr'>ταῦτά</span> <span class='ocrx_word' id='word_1_437' title='bbox 1464 1509 1582 1545; x_wconf 76' lang='grc' dir='ltr'>φησιν,</span> <span class='ocrx_word' id='word_1_438' title='bbox 1601 1493 1652 1532; x_wconf 81' lang='grc' dir='ltr'>ὅτι</span> <span class='ocrx_word' id='word_1_439' title='bbox 1675 1493 1743 1545; x_wconf 79' lang='grc' dir='ltr'>ἐγὼ</span> <span class='ocrx_word' id='word_1_440' title='bbox 1764 1493 1827 1545; x_wconf 81' lang='grc' dir='ltr'>μὲν</span> <span class='ocrx_word' id='word_1_441' title='bbox 1848 1493 1880 1537; x_wconf 81' lang='grc' dir='ltr'>ἐξ</span> <span class='ocrx_word' id='word_1_442' title='bbox 1907 1495 2019 1545; x_wconf 60' lang='grc' dir='ltr'>ἀρχῆς</span> <span class='ocrx_word' id='word_1_443' title='bbox 2049 1492 2214 1543; x_wconf 78' lang='grc' dir='ltr'>ὁμότιμόν</span> <span class='ocrx_word' id='word_1_444' title='bbox 2233 1508 2271 1530; x_wconf 90' lang='grc' dir='ltr'>σε</span> <span class='ocrx_word' id='word_1_445' title='bbox 2290 1493 2373 1539; x_wconf 78' lang='grc' dir='ltr'>ἐδη-</span> 
     </span>
     <span class='ocr_line' id='line_1_63' title="bbox 1343 1553 2372 1607; baseline -0.001 -16"><span class='ocrx_word' id='word_1_446' title='bbox 1343 1553 1560 1607; x_wconf 85' lang='grc' dir='ltr'>μιούργησα,</span> <span class='ocrx_word' id='word_1_447' title='bbox 1596 1555 1655 1593; x_wconf 75' lang='grc' dir='ltr'>καὶ</span> <span class='ocrx_word' id='word_1_448' title='bbox 1688 1559 1751 1601; x_wconf 70' lang='grc' dir='ltr'>τῆς</span> <span class='ocrx_word' id='word_1_449' title='bbox 1781 1557 1888 1601; x_wconf 69' lang='grc' dir='ltr'>αὐτῆς</span> <span class='ocrx_word' id='word_1_450' title='bbox 1923 1554 2018 1598; x_wconf 83' lang='grc' dir='ltr'>ἀξίας</span> <span class='ocrx_word' id='word_1_451' title='bbox 2055 1556 2089 1591; x_wconf 79' lang='grc' dir='ltr'>ἐν</span> <span class='ocrx_word' id='word_1_452' title='bbox 2120 1554 2250 1591; x_wconf 82' lang='grc' dir='ltr'>ἅπασιν</span> <span class='ocrx_word' id='word_1_453' title='bbox 2279 1554 2372 1605; x_wconf 81' lang='grc' dir='ltr'>αὐτῷ</span> 
     </span>
     <span class='ocr_line' id='line_1_64' title="bbox 1342 1613 2372 1668; baseline -0.003 -15"><span class='ocrx_word' id='word_1_454' title='bbox 1342 1623 1516 1654; x_wconf 84' lang='grc' dir='ltr'>κοινωνεῖν</span> <span class='ocrx_word' id='word_1_455' title='bbox 1540 1616 1755 1663; x_wconf 61' lang='grc' dir='ltr'>ἠέουλήθην,</span> <span class='ocrx_word' id='word_1_456' title='bbox 1777 1616 1837 1654; x_wconf 81' lang='grc' dir='ltr'>καὶ</span> <span class='ocrx_word' id='word_1_457' title='bbox 1857 1615 1976 1667; x_wconf 79' lang='grc' dir='ltr'>ὥσπερ</span> <span class='ocrx_word' id='word_1_458' title='bbox 1993 1618 2042 1666; x_wconf 83' lang='grc' dir='ltr'>τῷ</span> <span class='ocrx_word' id='word_1_459' title='bbox 2062 1614 2182 1668; x_wconf 78' lang='grc' dir='ltr'>ἀνδρὶ,</span> <span class='ocrx_word' id='word_1_460' title='bbox 2203 1614 2294 1651; x_wconf 82' lang='grc' dir='ltr'>οὕτω</span> <span class='ocrx_word' id='word_1_461' title='bbox 2312 1613 2372 1651; x_wconf 80' lang='grc' dir='ltr'>καὶ</span> 
     </span>
     <span class='ocr_line' id='line_1_65' title="bbox 1343 1675 2372 1729; baseline -0.002 -14"><span class='ocrx_word' id='word_1_462' title='bbox 1343 1677 1396 1715; x_wconf 82' lang='grc' dir='ltr'>σοὶ</span> <span class='ocrx_word' id='word_1_463' title='bbox 1417 1676 1478 1723; x_wconf 81' lang='grc' dir='ltr'>τὴν</span> <span class='ocrx_word' id='word_1_464' title='bbox 1499 1679 1588 1716; x_wconf 76' lang='grc' dir='ltr'>κατὰ</span> <span class='ocrx_word' id='word_1_465' title='bbox 1616 1678 1756 1716; x_wconf 78' lang='grc' dir='ltr'>πάντων</span> <span class='ocrx_word' id='word_1_466' title='bbox 1778 1677 1891 1729; x_wconf 73' lang='grc' dir='ltr'>ἀρχὴν</span> <span class='ocrx_word' id='word_1_467' title='bbox 1912 1676 2127 1729; x_wconf 75' lang='grc' dir='ltr'>ἐνεχείρισα·</span> <span class='ocrx_word' id='word_1_468' title='bbox 2152 1678 2229 1714; x_wconf 88' lang='grc' dir='ltr'>ἀλλ’</span> <span class='ocrx_word' id='word_1_469' title='bbox 2252 1675 2372 1722; x_wconf 80' lang='grc' dir='ltr'>ἐπειδὴ</span> 
     </span>
     <span class='ocr_line' id='line_1_66' title="bbox 1343 1737 2372 1792; baseline -0.003 -15"><span class='ocrx_word' id='word_1_470' title='bbox 1343 1741 1404 1777; x_wconf 77' lang='grc' dir='ltr'>οὐκ</span> <span class='ocrx_word' id='word_1_471' title='bbox 1421 1739 1560 1792; x_wconf 69' lang='grc' dir='ltr'>ἐχρήσω</span> <span class='ocrx_word' id='word_1_472' title='bbox 1579 1742 1625 1782; x_wconf 86' lang='grc' dir='ltr'>εἷς</span> <span class='ocrx_word' id='word_1_473' title='bbox 1648 1738 1722 1777; x_wconf 80' lang='grc' dir='ltr'>δέον</span> <span class='ocrx_word' id='word_1_474' title='bbox 1740 1742 1782 1790; x_wconf 79' lang='grc' dir='ltr'>τῇ</span> <span class='ocrx_word' id='word_1_475' title='bbox 1806 1738 1996 1790; x_wconf 76' lang='grc' dir='ltr'>ὁμοτιμία,</span> <span class='ocrx_word' id='word_1_476' title='bbox 2025 1737 2081 1775; x_wconf 76' lang='grc' dir='ltr'>διὰ</span> <span class='ocrx_word' id='word_1_477' title='bbox 2101 1737 2202 1775; x_wconf 70' lang='grc' dir='ltr'>τοῦτο’</span> <span class='ocrx_word' id='word_1_478' title='bbox 2221 1752 2259 1774; x_wconf 90' lang='grc' dir='ltr'>σε</span> <span class='ocrx_word' id='word_1_479' title='bbox 2283 1739 2372 1774; x_wconf 84' lang='grc' dir='ltr'>ὓπο-</span> 
     </span>
     <span class='ocr_line' id='line_1_67' title="bbox 1343 1799 2374 1853; baseline -0.003 -16"><span class='ocrx_word' id='word_1_480' title='bbox 1343 1799 1460 1837; x_wconf 83' lang='grc' dir='ltr'>τοίττω</span> <span class='ocrx_word' id='word_1_481' title='bbox 1491 1803 1540 1852; x_wconf 87' lang='grc' dir='ltr'>τῷ</span> <span class='ocrx_word' id='word_1_482' title='bbox 1573 1800 1690 1853; x_wconf 77' lang='grc' dir='ltr'>ἀνδρὶ,</span> <span class='ocrx_word' id='word_1_483' title='bbox 1718 1799 1788 1837; x_wconf 78' lang='grc' dir='ltr'>Καὶ</span> <span class='ocrx_word' id='word_1_484' title='bbox 1810 1799 1894 1851; x_wconf 76' lang='grc' dir='ltr'>πρὸς</span> <span class='ocrx_word' id='word_1_485' title='bbox 1922 1800 1979 1837; x_wconf 72' lang='grc' dir='ltr'>τὸν</span> <span class='ocrx_word' id='word_1_486' title='bbox 2008 1799 2117 1850; x_wconf 72' lang='grc' dir='ltr'>ἄνδρα</span> <span class='ocrx_word' id='word_1_487' title='bbox 2149 1813 2208 1835; x_wconf 85' lang='grc' dir='ltr'>σου</span> <span class='ocrx_word' id='word_1_488' title='bbox 2237 1801 2258 1844; x_wconf 82' lang='grc' dir='ltr'><strong>ἦ</strong></span> <span class='ocrx_word' id='word_1_489' title='bbox 2286 1799 2374 1835; x_wconf 81' lang='grc' dir='ltr'>ἀπο-</span> 
     </span>
     <span class='ocr_line' id='line_1_68' title="bbox 1345 1859 2376 1914; baseline -0.002 -15"><span class='ocrx_word' id='word_1_490' title='bbox 1345 1862 1477 1914; x_wconf 63' lang='grc' dir='ltr'>στροφή</span> <span class='ocrx_word' id='word_1_491' title='bbox 1496 1878 1576 1906; x_wconf 89' lang='grc' dir='ltr'>σου,</span> <span class='ocrx_word' id='word_1_492' title='bbox 1596 1862 1656 1900; x_wconf 83' lang='grc' dir='ltr'>καὶ</span> <span class='ocrx_word' id='word_1_493' title='bbox 1684 1861 1785 1904; x_wconf 79' lang='grc' dir='ltr'>αὐτός</span> <span class='ocrx_word' id='word_1_494' title='bbox 1810 1877 1870 1899; x_wconf 82' lang='grc' dir='ltr'>σου</span> <span class='ocrx_word' id='word_1_495' title='bbox 1891 1860 2074 1914; x_wconf 81' lang='grc' dir='ltr'>κυριεύσει.</span> <span class='ocrx_word' id='word_1_496' title='bbox 2095 1859 2243 1906; x_wconf 75' lang='grc' dir='ltr'>Ἐπειδὴ</span> <span class='ocrx_word' id='word_1_497' title='bbox 2266 1875 2376 1897; x_wconf 82' lang='grc' dir='ltr'>κατα-</span> 
     </span>
     <span class='ocr_line' id='line_1_69' title="bbox 1344 1920 2377 1974; baseline -0.002 -14"><span class='ocrx_word' id='word_1_498' title='bbox 1344 1924 1495 1961; x_wconf 77' lang='grc' dir='ltr'>λιποῦσα</span> <span class='ocrx_word' id='word_1_499' title='bbox 1515 1924 1572 1962; x_wconf 81' lang='grc' dir='ltr'>τὸν</span> <span class='ocrx_word' id='word_1_500' title='bbox 1591 1922 1771 1974; x_wconf 85' lang='grc' dir='ltr'>ὁμότιμον,</span> <span class='ocrx_word' id='word_1_501' title='bbox 1790 1923 1849 1960; x_wconf 79' lang='grc' dir='ltr'>καὶ</span> <span class='ocrx_word' id='word_1_502' title='bbox 1870 1921 1928 1959; x_wconf 80' lang='grc' dir='ltr'>τὸν</span> <span class='ocrx_word' id='word_1_503' title='bbox 1949 1926 2010 1968; x_wconf 78' lang='grc' dir='ltr'>τῆς</span> <span class='ocrx_word' id='word_1_504' title='bbox 2032 1923 2137 1967; x_wconf 73' lang='grc' dir='ltr'>αὐτῆς</span> <span class='ocrx_word' id='word_1_505' title='bbox 2169 1936 2223 1959; x_wconf 85' lang='grc' dir='ltr'>σοι</span> <span class='ocrx_word' id='word_1_506' title='bbox 2243 1920 2377 1973; x_wconf 74' lang='grc' dir='ltr'>φύσεως</span> 
     </span>
     <span class='ocr_line' id='line_1_70' title="bbox 1347 1982 2377 2036; baseline -0.004 -14"><span class='ocrx_word' id='word_1_507' title='bbox 1347 1989 1596 2030; x_wconf 75' lang='grc' dir='ltr'>κοινωνοῦντα,</span> <span class='ocrx_word' id='word_1_508' title='bbox 1623 1984 1683 2022; x_wconf 79' lang='grc' dir='ltr'>καὶ</span> <span class='ocrx_word' id='word_1_509' title='bbox 1714 1985 1756 2021; x_wconf 81' lang='grc' dir='ltr'>δι’</span> <span class='ocrx_word' id='word_1_510' title='bbox 1778 1982 1813 2021; x_wconf 78' lang='grc' dir='ltr'>ὃν</span> <span class='ocrx_word' id='word_1_511' title='bbox 1843 1982 2141 2036; x_wconf 78' lang='grc' dir='ltr'>ἐδημιουργήθης,</span> <span class='ocrx_word' id='word_1_512' title='bbox 2164 1984 2213 2033; x_wconf 79' lang='grc' dir='ltr'>τῷ</span> <span class='ocrx_word' id='word_1_513' title='bbox 2235 1983 2377 2032; x_wconf 82' lang='grc' dir='ltr'>πονηρῷ</span> 
     </span>
     <span class='ocr_line' id='line_1_71' title="bbox 1349 2041 2377 2098; baseline -0.005 -14"><span class='ocrx_word' id='word_1_514' title='bbox 1349 2046 1458 2098; x_wconf 85' lang='grc' dir='ltr'>θηρίῳ</span> <span class='ocrx_word' id='word_1_515' title='bbox 1484 2048 1534 2097; x_wconf 74' lang='grc' dir='ltr'>τῷ</span> <span class='ocrx_word' id='word_1_516' title='bbox 1550 2046 1624 2098; x_wconf 63' lang='grc' dir='ltr'>ὄφει</span> <span class='ocrx_word' id='word_1_517' title='bbox 1654 2048 1699 2088; x_wconf 89' lang='grc' dir='ltr'>εἷς</span> <span class='ocrx_word' id='word_1_518' title='bbox 1721 2045 1860 2096; x_wconf 82' lang='grc' dir='ltr'>ὁμιλίαν</span> <span class='ocrx_word' id='word_1_519' title='bbox 1880 2046 1989 2082; x_wconf 81' lang='grc' dir='ltr'>ἐλθεῖν</span> <span class='ocrx_word' id='word_1_520' title='bbox 2005 2043 2219 2090; x_wconf 65' lang='grc' dir='ltr'>ἠὸουλήθης,</span> <span class='ocrx_word' id='word_1_521' title='bbox 2239 2042 2299 2080; x_wconf 82' lang='grc' dir='ltr'>καὶ</span> <span class='ocrx_word' id='word_1_522' title='bbox 2314 2041 2377 2088; x_wconf 71' lang='grc' dir='ltr'>τὴν</span> 
     </span>
     <span class='ocr_line' id='line_1_72' title="bbox 1348 2103 2379 2157; baseline -0.003 -13"><span class='ocrx_word' id='word_1_523' title='bbox 1348 2110 1431 2157; x_wconf 84' lang='grc' dir='ltr'>παρ’</span> <span class='ocrx_word' id='word_1_524' title='bbox 1453 2107 1584 2145; x_wconf 82' lang='grc' dir='ltr'>ἐκείνου</span> <span class='ocrx_word' id='word_1_525' title='bbox 1606 2106 1769 2150; x_wconf 79' lang='grc' dir='ltr'>δέξασθαι</span> <span class='ocrx_word' id='word_1_526' title='bbox 1800 2105 2022 2155; x_wconf 65' lang='grc' dir='ltr'>συμὲουλήν·</span> <span class='ocrx_word' id='word_1_527' title='bbox 2045 2104 2102 2143; x_wconf 77' lang='grc' dir='ltr'>διὰ</span> <span class='ocrx_word' id='word_1_528' title='bbox 2128 2103 2229 2142; x_wconf 74' lang='grc' dir='ltr'>τοῦτό</span> <span class='ocrx_word' id='word_1_529' title='bbox 2246 2119 2284 2142; x_wconf 90' lang='grc' dir='ltr'>σε</span> <span class='ocrx_word' id='word_1_530' title='bbox 2302 2105 2379 2142; x_wconf 85' lang='grc' dir='ltr'>λοι-</span> 
     </span>
     <span class='ocr_line' id='line_1_73' title="bbox 1349 2164 2381 2218; baseline -0.003 -13"><span class='ocrx_word' id='word_1_531' title='bbox 1349 2168 1413 2206; x_wconf 80' lang='grc' dir='ltr'>πὸν</span> <span class='ocrx_word' id='word_1_532' title='bbox 1433 2167 1543 2218; x_wconf 84' lang='grc' dir='ltr'>τούτῳ</span> <span class='ocrx_word' id='word_1_533' title='bbox 1563 2167 1768 2213; x_wconf 78' lang='grc' dir='ltr'>ὑποτάττω,</span> <span class='ocrx_word' id='word_1_534' title='bbox 1794 2166 1853 2204; x_wconf 80' lang='grc' dir='ltr'>καὶ</span> <span class='ocrx_word' id='word_1_535' title='bbox 1882 2165 2001 2203; x_wconf 77' lang='grc' dir='ltr'>τοῦτόν</span> <span class='ocrx_word' id='word_1_536' title='bbox 2024 2170 2112 2204; x_wconf 59' lang='lat' dir='ltr'><em>econ</em></span> <span class='ocrx_word' id='word_1_537' title='bbox 2143 2164 2259 2217; x_wconf 88' lang='grc' dir='ltr'>κύριον</span> <span class='ocrx_word' id='word_1_538' title='bbox 2293 2168 2381 2203; x_wconf 75' lang='grc' dir='ltr'>ἀπο-</span> 
     </span>
     <span class='ocr_line' id='line_1_74' title="bbox 1350 2226 2379 2281; baseline -0.002 -16"><span class='ocrx_word' id='word_1_539' title='bbox 1350 2229 1479 2281; x_wconf 76' lang='grc' dir='ltr'>φαίνω,</span> <span class='ocrx_word' id='word_1_540' title='bbox 1513 2227 1605 2267; x_wconf 77' lang='grc' dir='ltr'>ὥστε</span> <span class='ocrx_word' id='word_1_541' title='bbox 1633 2227 1695 2274; x_wconf 78' lang='grc' dir='ltr'>τὴν</span> <span class='ocrx_word' id='word_1_542' title='bbox 1732 2227 1853 2265; x_wconf 88' lang='grc' dir='ltr'>τούτου</span> <span class='ocrx_word' id='word_1_543' title='bbox 1889 2227 2091 2265; x_wconf 82' lang='grc' dir='ltr'>δεσποτείαν</span> <span class='ocrx_word' id='word_1_544' title='bbox 2115 2226 2379 2277; x_wconf 80' lang='grc' dir='ltr'>ἐπιγινώσκειν,</span> 
     </span>
     <span class='ocr_line' id='line_1_75' title="bbox 1350 2285 2381 2337; baseline -0.003 -12"><span class='ocrx_word' id='word_1_545' title='bbox 1350 2304 1410 2325; x_wconf 88' lang='grc' dir='ltr'>και</span> <span class='ocrx_word' id='word_1_546' title='bbox 1432 2286 1551 2332; x_wconf 80' lang='grc' dir='ltr'>ἐπειδὴ</span> <span class='ocrx_word' id='word_1_547' title='bbox 1573 2302 1635 2324; x_wconf 84' lang='grc' dir='ltr'>ουκ</span> <span class='ocrx_word' id='word_1_548' title='bbox 1662 2286 1766 2336; x_wconf 86' lang='grc' dir='ltr'>ἔγνως</span> <span class='ocrx_word' id='word_1_549' title='bbox 1797 2285 1883 2337; x_wconf 66' lang='lat' dir='ltr'><em>&amp;ip-ss.</em></span> <span class='ocrx_word' id='word_1_550' title='bbox 1869 2302 1929 2331; x_wconf 90' lang='grc' dir='ltr'>ιν,</span> <span class='ocrx_word' id='word_1_551' title='bbox 1953 2285 2040 2336; x_wconf 86' lang='grc' dir='ltr'>μαθε</span> <span class='ocrx_word' id='word_1_552' title='bbox 2065 2286 2180 2327; x_wconf 84' lang='grc' dir='ltr'>καλῶς</span> <span class='ocrx_word' id='word_1_553' title='bbox 2199 2286 2381 2337; x_wconf 77' lang='grc' dir='ltr'>ἄρχεσθαι.</span> 
     </span>
     <span class='ocr_line' id='line_1_76' title="bbox 1350 2345 2383 2422; baseline -0.003 -36"><span class='ocrx_word' id='word_1_554' title='bbox 1350 2349 1444 2400; x_wconf 79' lang='grc' dir='ltr'>Προς</span> <span class='ocrx_word' id='word_1_555' title='bbox 1459 2364 1515 2386; x_wconf 88' lang='grc' dir='ltr'>τον</span> <span class='ocrx_word' id='word_1_556' title='bbox 1536 2349 1643 2399; x_wconf 75' lang='grc' dir='ltr'>ανδρα</span> <span class='ocrx_word' id='word_1_557' title='bbox 1661 2363 1720 2385; x_wconf 87' lang='grc' dir='ltr'>σου</span> <span class='ocrx_word' id='word_1_558' title='bbox 1743 2347 1809 2399; x_wconf 83' lang='grc' dir='ltr'>γὰρ</span> <span class='ocrx_word' id='word_1_559' title='bbox 1825 2350 1846 2392; x_wconf 83' lang='grc' dir='ltr'>ἦ</span> <span class='ocrx_word' id='word_1_560' title='bbox 1868 2346 2070 2422; x_wconf 74' lang='grc' dir='ltr'>ἄποστρορή</span> <span class='ocrx_word' id='word_1_561' title='bbox 2092 2361 2172 2393; x_wconf 88' lang='grc' dir='ltr'>σου,</span> <span class='ocrx_word' id='word_1_562' title='bbox 2192 2346 2252 2384; x_wconf 84' lang='grc' dir='ltr'>καὶ</span> <span class='ocrx_word' id='word_1_563' title='bbox 2280 2345 2383 2388; x_wconf 79' lang='grc' dir='ltr'>αὐτός</span> 
     </span>
     <span class='ocr_line' id='line_1_77' title="bbox 1353 2406 2386 2460; baseline -0.002 -14"><span class='ocrx_word' id='word_1_564' title='bbox 1353 2425 1412 2447; x_wconf 90' lang='grc' dir='ltr'>σου</span> <span class='ocrx_word' id='word_1_565' title='bbox 1432 2408 1614 2460; x_wconf 70' lang='grc' dir='ltr'>κυριεύσει.</span> <span class='ocrx_word' id='word_1_566' title='bbox 1652 2411 1696 2446; x_wconf 63' lang='lat' dir='ltr'>Ba</span> <span class='ocrx_word' id='word_1_567' title='bbox 1690 2407 1793 2446; x_wconf 84' lang='grc' dir='ltr'>’λτιόν</span> <span class='ocrx_word' id='word_1_568' title='bbox 1809 2423 1846 2445; x_wconf 88' lang='grc' dir='ltr'>σε</span> <span class='ocrx_word' id='word_1_569' title='bbox 1874 2409 1944 2446; x_wconf 78' lang='grc' dir='ltr'>ὑπο</span> <span class='ocrx_word' id='word_1_570' title='bbox 1966 2412 2085 2444; x_wconf 66' lang='grc' dir='ltr'>τοῦτον</span> <span class='ocrx_word' id='word_1_571' title='bbox 2107 2411 2212 2454; x_wconf 83' lang='grc' dir='ltr'>εἶναι,</span> <span class='ocrx_word' id='word_1_572' title='bbox 2231 2422 2291 2443; x_wconf 89' lang='grc' dir='ltr'>και</span> <span class='ocrx_word' id='word_1_573' title='bbox 2319 2406 2386 2444; x_wconf 78' lang='grc' dir='ltr'>ὑπὸ</span> 
     </span>
     <span class='ocr_line' id='line_1_78' title="bbox 1353 2466 2384 2520; baseline -0.002 -14"><span class='ocrx_word' id='word_1_574' title='bbox 1353 2486 1415 2516; x_wconf 83' lang='grc' dir='ltr'>την</span> <span class='ocrx_word' id='word_1_575' title='bbox 1441 2468 1562 2507; x_wconf 84' lang='grc' dir='ltr'>τούτου</span> <span class='ocrx_word' id='word_1_576' title='bbox 1587 2468 1788 2507; x_wconf 78' lang='grc' dir='ltr'>δεσποτείαν</span> <span class='ocrx_word' id='word_1_577' title='bbox 1816 2485 1855 2506; x_wconf 91' lang='grc' dir='ltr'>τυ</span> <span class='ocrx_word' id='word_1_578' title='bbox 1860 2468 2016 2520; x_wconf 66' lang='grc' dir='ltr'>ῃρὶνειν,</span> <span class='ocrx_word' id='word_1_579' title='bbox 2038 2467 2061 2514; x_wconf 80' lang='grc' dir='ltr'>ἢ</span> <span class='ocrx_word' id='word_1_580' title='bbox 2082 2468 2198 2511; x_wconf 74' lang='grc' dir='ltr'>ἀδείας</span> <span class='ocrx_word' id='word_1_581' title='bbox 2225 2466 2384 2505; x_wconf 87' lang='grc' dir='ltr'>ἀπολαύ-</span> 
     </span>
     <span class='ocr_line' id='line_1_79' title="bbox 1355 2528 2387 2583; baseline -0.004 -14"><span class='ocrx_word' id='word_1_582' title='bbox 1355 2547 1460 2570; x_wconf 88' lang='grc' dir='ltr'>ουσαν</span> <span class='ocrx_word' id='word_1_583' title='bbox 1490 2546 1548 2568; x_wconf 84' lang='grc' dir='ltr'>και</span> <span class='ocrx_word' id='word_1_584' title='bbox 1583 2530 1735 2575; x_wconf 82' lang='grc' dir='ltr'>ἐξουσίας</span> <span class='ocrx_word' id='word_1_585' title='bbox 1769 2530 1860 2569; x_wconf 79' lang='grc' dir='ltr'>κατα</span> <span class='ocrx_word' id='word_1_586' title='bbox 1893 2547 2056 2583; x_wconf 71' lang='grc' dir='ltr'>κρημνιΝ</span> <span class='ocrx_word' id='word_1_587' title='bbox 2088 2545 2129 2582; x_wconf 77' lang='grc' dir='ltr'>φε</span> <span class='ocrx_word' id='word_1_588' title='bbox 2122 2529 2264 2583; x_wconf 86' lang='grc' dir='ltr'>ρεσθαι.</span> <span class='ocrx_word' id='word_1_589' title='bbox 2285 2528 2387 2566; x_wconf 72' lang='grc' dir='ltr'>Ἐπει</span> 
     </span>
    </p>
   </div>
   <div class='ocr_carea' id='block_1_8' title="bbox 332 2569 2388 2649">
    <p class='ocr_par' dir='ltr' id='par_1_8' title="bbox 332 2569 2388 2649">
     <span class='ocr_line' id='line_1_80' title="bbox 332 2569 2388 2649; baseline -0.003 -11"><span class='ocrx_word' id='word_1_590' title='bbox 332 2601 433 2648; x_wconf 85' lang='lat' dir='ltr'><em>utile,</em></span> <span class='ocrx_word' id='word_1_591' title='bbox 464 2599 508 2637; x_wconf 88' lang='lat' dir='ltr'>ad</span> <span class='ocrx_word' id='word_1_592' title='bbox 538 2599 642 2636; x_wconf 83' lang='lat' dir='ltr'><em>illum</em></span> <span class='ocrx_word' id='word_1_593' title='bbox 672 2606 704 2635; x_wconf 88' lang='lat' dir='ltr'>te</span> <span class='ocrx_word' id='word_1_594' title='bbox 734 2598 864 2634; x_wconf 84' lang='lat' dir='ltr'><em>habere</em></span> <span class='ocrx_word' id='word_1_595' title='bbox 890 2597 971 2635; x_wconf 90' lang='lat' dir='ltr'><em>volo</em></span> <span class='ocrx_word' id='word_1_596' title='bbox 992 2596 1281 2635; x_wconf 71' lang='lat' dir='ltr'><em>conversionem·</em></span> <span class='ocrx_word' id='word_1_597' title='bbox 1298 2624 1327 2649; x_wconf 78' lang='lat'><strong>1</strong></span> <span class='ocrx_word' id='word_1_598' title='bbox 1317 2607 1416 2647; x_wconf 79' lang='grc' dir='ltr'>6και</span> <span class='ocrx_word' id='word_1_599' title='bbox 1434 2591 1533 2629; x_wconf 73' lang='grc' dir='ltr'>ἵππω</span> <span class='ocrx_word' id='word_1_600' title='bbox 1553 2593 1732 2635; x_wconf 76' lang='grc' dir='ltr'>λυσιτελὲς</span> <span class='ocrx_word' id='word_1_601' title='bbox 1757 2592 1798 2629; x_wconf 75' lang='grc' dir='ltr'>ἂν</span> <span class='ocrx_word' id='word_1_602' title='bbox 1817 2608 1855 2643; x_wconf 74' lang='grc' dir='ltr'>γε</span> <span class='ocrx_word' id='word_1_603' title='bbox 1842 2608 1951 2630; x_wconf 77' lang='grc' dir='ltr'>νοιτο</span> <span class='ocrx_word' id='word_1_604' title='bbox 1973 2569 2154 2643; x_wconf 48' lang='grc' dir='ltr'>χαλινοιν”</span> <span class='ocrx_word' id='word_1_605' title='bbox 2136 2606 2240 2642; x_wconf 70' lang='grc' dir='ltr'>ἒχειν,</span> <span class='ocrx_word' id='word_1_606' title='bbox 2255 2605 2315 2627; x_wconf 74' lang='grc' dir='ltr'>και</span> <span class='ocrx_word' id='word_1_607' title='bbox 2335 2588 2388 2626; x_wconf 75' lang='grc' dir='ltr'>εὖ·</span> 
     </span>
    </p>
   </div>
   <div class='ocr_carea' id='block_1_9' title="bbox 333 2649 2388 2712">
    <p class='ocr_par' dir='ltr' id='par_1_9' title="bbox 333 2649 2388 2712">
     <span class='ocr_line' id='line_1_81' title="bbox 333 2649 2388 2712; baseline -0.006 -13"><span class='ocrx_word' id='word_1_608' title='bbox 333 2659 593 2712; x_wconf 78' lang='lat' dir='ltr'><em>sicutcmpmis</em></span> <span class='ocrx_word' id='word_1_609' title='bbox 609 2668 660 2697; x_wconf 83' lang='lat' dir='ltr'>est</span> <span class='ocrx_word' id='word_1_610' title='bbox 677 2668 783 2710; x_wconf 86' lang='lat' dir='ltr'><em>caput</em></span> <span class='ocrx_word' id='word_1_611' title='bbox 800 2658 919 2708; x_wconf 84' lang='lat' dir='ltr'><em>sequi,</em></span> <span class='ocrx_word' id='word_1_612' title='bbox 939 2667 973 2695; x_wconf 83' lang='lat' dir='ltr'>et</span> <span class='ocrx_word' id='word_1_613' title='bbox 995 2657 1194 2695; x_wconf 83' lang='lat' dir='ltr'><em>dominium</em></span> <span class='ocrx_word' id='word_1_614' title='bbox 1210 2657 1285 2707; x_wconf 84' lang='lat' dir='ltr'><em>ejus</em></span> <span class='ocrx_word' id='word_1_615' title='bbox 1311 2663 1333 2690; x_wconf 83' lang='grc' dir='ltr'><strong>Λ</strong></span> <span class='ocrx_word' id='word_1_616' title='bbox 1356 2669 1468 2691; x_wconf 81' lang='grc' dir='ltr'>τακτα</span> <span class='ocrx_word' id='word_1_617' title='bbox 1490 2653 1693 2704; x_wconf 63' lang='lat' dir='ltr'>ss‘ert‘Czw,</span> <span class='ocrx_word' id='word_1_618' title='bbox 1674 2670 1696 2698; x_wconf 90' lang='grc' dir='ltr'>η</span> <span class='ocrx_word' id='word_1_619' title='bbox 1726 2654 1806 2691; x_wconf 84' lang='grc' dir='ltr'>ἄνευ</span> <span class='ocrx_word' id='word_1_620' title='bbox 1835 2652 1955 2691; x_wconf 85' lang='grc' dir='ltr'>τούτου</span> <span class='ocrx_word' id='word_1_621' title='bbox 1988 2652 2076 2690; x_wconf 84' lang='grc' dir='ltr'>κατὰ</span> <span class='ocrx_word' id='word_1_622' title='bbox 2105 2666 2269 2702; x_wconf 80' lang='grc' dir='ltr'>κρημνων</span> <span class='ocrx_word' id='word_1_623' title='bbox 2290 2649 2388 2702; x_wconf 77' lang='grc' dir='ltr'>φέρε-</span> 
     </span>
    </p>
   </div>
   <div class='ocr_carea' id='block_1_10' title="bbox 334 2717 1290 3019">
    <p class='ocr_par' dir='ltr' id='par_1_10' title="bbox 334 2717 1290 3019">
     <span class='ocr_line' id='line_1_82' title="bbox 334 2717 1287 2773; baseline -0.007 -13"><span class='ocrx_word' id='word_1_624' title='bbox 334 2738 384 2761; x_wconf 80' lang='lat' dir='ltr'>su</span> <span class='ocrx_word' id='word_1_625' title='bbox 380 2738 422 2760; x_wconf 71' lang='lat' dir='ltr'>&#39;w</span> <span class='ocrx_word' id='word_1_626' title='bbox 426 2722 491 2761; x_wconf 78' lang='lat' dir='ltr'><em>iter</em></span> <span class='ocrx_word' id='word_1_627' title='bbox 509 2735 710 2773; x_wconf 80' lang='lat' dir='ltr'><em>agnosceie.</em></span> <span class='ocrx_word' id='word_1_628' title='bbox 734 2720 816 2758; x_wconf 76' lang='lat' dir='ltr'><em>Scio</em></span> <span class='ocrx_word' id='word_1_629' title='bbox 836 2733 898 2758; x_wconf 86' lang='lat' dir='ltr'><em>vos</em></span> <span class='ocrx_word' id='word_1_630' title='bbox 915 2718 1091 2757; x_wconf 81' lang='lat' dir='ltr'><em>dictoium</em></span> <span class='ocrx_word' id='word_1_631' title='bbox 1109 2717 1210 2770; x_wconf 86' lang='lat' dir='ltr'><em>copia</em></span> <span class='ocrx_word' id='word_1_632' title='bbox 1227 2717 1287 2753; x_wconf 86' lang='lat' dir='ltr'><em>sa-</em></span> 
     </span>
     <span class='ocr_line' id='line_1_83' title="bbox 336 2779 1287 2835; baseline -0.006 -14"><span class='ocrx_word' id='word_1_633' title='bbox 336 2784 438 2835; x_wconf 82' lang='lat' dir='ltr'><em>tigari</em></span> <span class='ocrx_word' id='word_1_634' title='bbox 456 2800 465 2832; x_wconf 88' lang='lat'>;</span> <span class='ocrx_word' id='word_1_635' title='bbox 483 2783 544 2821; x_wconf 91' lang='lat' dir='ltr'>sed</span> <span class='ocrx_word' id='word_1_636' title='bbox 558 2781 763 2820; x_wconf 74' lang='lat' dir='ltr'><em>excitemini</em></span> <span class='ocrx_word' id='word_1_637' title='bbox 783 2781 1045 2832; x_wconf 81' lang='lat' dir='ltr'><em>aliquantulum</em></span> <span class='ocrx_word' id='word_1_638' title='bbox 1061 2794 1135 2826; x_wconf 84' lang='lat' dir='ltr'><em>oro,</em></span> <span class='ocrx_word' id='word_1_639' title='bbox 1160 2793 1201 2817; x_wconf 86' lang='lat' dir='ltr'>ne</span> <span class='ocrx_word' id='word_1_640' title='bbox 1217 2779 1287 2816; x_wconf 90' lang='lat' dir='ltr'>im-</span> 
     </span>
     <span class='ocr_line' id='line_1_84' title="bbox 338 2840 1288 2896; baseline -0.004 -16"><span class='ocrx_word' id='word_1_641' title='bbox 338 2846 529 2896; x_wconf 82' lang='lat' dir='ltr'><em>perfectum</em></span> <span class='ocrx_word' id='word_1_642' title='bbox 547 2843 725 2895; x_wconf 86' lang='lat' dir='ltr'><em>judicium</em></span> <span class='ocrx_word' id='word_1_643' title='bbox 746 2842 1008 2892; x_wconf 84' lang='lat' dir='ltr'><em>relinquamus,</em></span> <span class='ocrx_word' id='word_1_644' title='bbox 1033 2855 1145 2892; x_wconf 90' lang='lat' dir='ltr'><em>neque</em></span> <span class='ocrx_word' id='word_1_645' title='bbox 1168 2840 1288 2878; x_wconf 87' lang='lat' dir='ltr'><em>relicto</em></span> 
     </span>
     <span class='ocr_line' id='line_1_85' title="bbox 337 2903 1290 2957; baseline -0.004 -14"><span class='ocrx_word' id='word_1_646' title='bbox 337 2906 454 2943; x_wconf 73' lang='lat' dir='ltr'><em>adhue</em></span> <span class='ocrx_word' id='word_1_647' title='bbox 463 2907 476 2957; x_wconf 82' lang='lat' dir='ltr'>j</span> <span class='ocrx_word' id='word_1_648' title='bbox 484 2906 586 2944; x_wconf 80' lang='lat' dir='ltr'><em>udice</em></span> <span class='ocrx_word' id='word_1_649' title='bbox 596 2906 737 2943; x_wconf 86' lang='lat' dir='ltr'><em>sedente</em></span> <span class='ocrx_word' id='word_1_650' title='bbox 747 2903 987 2943; x_wconf 84' lang='lat' dir='ltr'><em>discedamus:</em></span> <span class='ocrx_word' id='word_1_651' title='bbox 997 2903 1172 2955; x_wconf 79' lang='lat' dir='ltr'><em>siquidem</em></span> <span class='ocrx_word' id='word_1_652' title='bbox 1181 2903 1290 2940; x_wconf 80' lang='lat' dir='ltr'><em>ferme</em></span> 
     </span>
     <span class='ocr_line' id='line_1_86' title="bbox 338 2967 765 3019; baseline -0.002 -14"><span class='ocrx_word' id='word_1_653' title='bbox 338 2967 382 3005; x_wconf 81' lang='lat' dir='ltr'>ad</span> <span class='ocrx_word' id='word_1_654' title='bbox 404 2968 508 3005; x_wconf 81' lang='lat' dir='ltr'><em>finem</em></span> <span class='ocrx_word' id='word_1_655' title='bbox 528 2982 605 3019; x_wconf 69' lang='lat' dir='ltr'><em>perx</em></span> <span class='ocrx_word' id='word_1_656' title='bbox 616 2967 765 3005; x_wconf 78' lang='lat' dir='ltr'>enimus⁴</span> 
     </span>
    </p>
   </div>
   <div class='ocr_carea' id='block_1_11' title="bbox 345 3210 1294 3321">
    <p class='ocr_par' dir='ltr' id='par_1_11' title="bbox 345 3210 1294 3321">
     <span class='ocr_line' id='line_1_87' title="bbox 391 3210 1294 3264; baseline -0.003 -16"><span class='ocrx_word' id='word_1_657' title='bbox 391 3215 427 3251; x_wconf 79' lang='grc'>9,</span> <span class='ocrx_word' id='word_1_658' title='bbox 450 3212 647 3252; x_wconf 81' lang='lat' dir='ltr'><em>Videamus</em></span> <span class='ocrx_word' id='word_1_659' title='bbox 665 3212 782 3262; x_wconf 83' lang='lat' dir='ltr'><em>itaque</em></span> <span class='ocrx_word' id='word_1_660' title='bbox 796 3210 883 3262; x_wconf 85' lang='lat' dir='ltr'><em>quid</em></span> <span class='ocrx_word' id='word_1_661' title='bbox 899 3220 979 3264; x_wconf 79' lang='lat' dir='ltr'><em>post</em></span> <span class='ocrx_word' id='word_1_662' title='bbox 999 3223 1195 3249; x_wconf 77' lang='lat' dir='ltr'><em>seimonem</em></span> <span class='ocrx_word' id='word_1_663' title='bbox 1217 3222 1294 3247; x_wconf 86' lang='lat' dir='ltr'>mu-</span> 
     </span>
     <span class='ocr_line' id='line_1_88' title="bbox 345 3267 1294 3321; baseline -0.005 -12"><span class='ocrx_word' id='word_1_664' title='bbox 345 3271 419 3309; x_wconf 82' lang='lat' dir='ltr'><em>lieii</em></span> <span class='ocrx_word' id='word_1_665' title='bbox 443 3272 589 3319; x_wconf 77' lang='lat' dir='ltr'><em>facturn,</em></span> <span class='ocrx_word' id='word_1_666' title='bbox 608 3271 685 3308; x_wconf 83' lang='lat' dir='ltr'><em>viro</em></span> <span class='ocrx_word' id='word_1_667' title='bbox 705 3270 762 3307; x_wconf 68' lang='lat' dir='ltr'><em>di&lt;</em></span> <span class='ocrx_word' id='word_1_668' title='bbox 765 3279 812 3318; x_wconf 84' lang='lat' dir='ltr'>at,</span> <span class='ocrx_word' id='word_1_669' title='bbox 833 3278 865 3307; x_wconf 86' lang='lat' dir='ltr'>et</span> <span class='ocrx_word' id='word_1_670' title='bbox 884 3284 991 3320; x_wconf 88' lang='lat' dir='ltr'><em>quam</em></span> <span class='ocrx_word' id='word_1_671' title='bbox 1012 3269 1064 3307; x_wconf 89' lang='lat' dir='ltr'><em>illi</em></span> <span class='ocrx_word' id='word_1_672' title='bbox 1079 3281 1218 3321; x_wconf 86' lang='lat' dir='ltr'><em>poenam</em></span> <span class='ocrx_word' id='word_1_673' title='bbox 1239 3267 1294 3305; x_wconf 91' lang='lat' dir='ltr'>in-</span> 
     </span>
    </p>
   </div>
   <div class='ocr_carea' id='block_1_12' title="bbox 1358 2710 2394 3340">
    <p class='ocr_par' dir='ltr' id='par_1_12' title="bbox 1358 2710 2394 3196">
     <span class='ocr_line' id='line_1_89' title="bbox 1358 2710 2387 2767; baseline -0.006 -14"><span class='ocrx_word' id='word_1_674' title='bbox 1358 2719 1450 2753; x_wconf 88' lang='grc' dir='ltr'>σθαι</span> <span class='ocrx_word' id='word_1_675' title='bbox 1470 2716 1522 2753; x_wconf 68' lang='lat' dir='ltr'>&#39;lb</span> <span class='ocrx_word' id='word_1_676' title='bbox 1539 2714 1712 2767; x_wconf 66' lang='grc' dir='ltr'>συμφέρον</span> <span class='ocrx_word' id='word_1_677' title='bbox 1727 2714 1841 2753; x_wconf 88' lang='grc' dir='ltr'>τοίνυν</span> <span class='ocrx_word' id='word_1_678' title='bbox 1856 2728 1994 2752; x_wconf 64' lang='lat' dir='ltr'><em>enorum</em></span> <span class='ocrx_word' id='word_1_679' title='bbox 2013 2712 2052 2749; x_wconf 76' lang='grc' dir='ltr'>τὸ</span> <span class='ocrx_word' id='word_1_680' title='bbox 2072 2713 2147 2758; x_wconf 84' lang='grc' dir='ltr'>σὸν,</span> <span class='ocrx_word' id='word_1_681' title='bbox 2167 2711 2251 2762; x_wconf 81' lang='grc' dir='ltr'>πρὸς</span> <span class='ocrx_word' id='word_1_682' title='bbox 2268 2710 2387 2748; x_wconf 81' lang='grc' dir='ltr'>τοῦτόν</span> 
     </span>
     <span class='ocr_line' id='line_1_90' title="bbox 1359 2771 2389 2829; baseline -0.008 -14"><span class='ocrx_word' id='word_1_683' title='bbox 1359 2794 1397 2816; x_wconf 89' lang='grc' dir='ltr'>σε</span> <span class='ocrx_word' id='word_1_684' title='bbox 1431 2777 1489 2829; x_wconf 67' lang='grc' dir='ltr'>ἔχε</span> <span class='ocrx_word' id='word_1_685' title='bbox 1475 2793 1522 2814; x_wconf 88' lang='grc' dir='ltr'>ιν</span> <span class='ocrx_word' id='word_1_686' title='bbox 1564 2793 1628 2822; x_wconf 82' lang='grc' dir='ltr'>την</span> <span class='ocrx_word' id='word_1_687' title='bbox 1665 2774 1888 2829; x_wconf 68' lang='grc' dir='ltr'>ἀποστροφὴν</span> <span class='ocrx_word' id='word_1_688' title='bbox 1925 2773 2114 2824; x_wconf 65' lang='grc' dir='ltr'>Βούλομαι,</span> <span class='ocrx_word' id='word_1_689' title='bbox 2143 2787 2202 2809; x_wconf 87' lang='grc' dir='ltr'>και</span> <span class='ocrx_word' id='word_1_690' title='bbox 2231 2771 2389 2822; x_wconf 79' lang='grc' dir='ltr'>καθάπερ</span> 
     </span>
     <span class='ocr_line' id='line_1_91' title="bbox 1360 2811 2389 2890; baseline -0.007 -14"><span class='ocrx_word' id='word_1_691' title='bbox 1360 2841 1464 2889; x_wconf 83' lang='grc' dir='ltr'>σῶμα</span> <span class='ocrx_word' id='word_1_692' title='bbox 1483 2839 1617 2890; x_wconf 69' lang='grc' dir='ltr'>κεφαλῇ</span> <span class='ocrx_word' id='word_1_693' title='bbox 1637 2837 1799 2883; x_wconf 85' lang='grc' dir='ltr'>ἕπεσθαι,</span> <span class='ocrx_word' id='word_1_694' title='bbox 1821 2836 1879 2874; x_wconf 78' lang='grc' dir='ltr'>καὶ</span> <span class='ocrx_word' id='word_1_695' title='bbox 1898 2811 1961 2881; x_wconf 54' lang='grc' dir='ltr'>τίῆν</span> <span class='ocrx_word' id='word_1_696' title='bbox 1986 2833 2188 2872; x_wconf 80' lang='grc' dir='ltr'>δεσποτείαν</span> <span class='ocrx_word' id='word_1_697' title='bbox 2218 2832 2293 2883; x_wconf 85' lang='grc' dir='ltr'>μεθ’</span> <span class='ocrx_word' id='word_1_698' title='bbox 2310 2833 2389 2878; x_wconf 79' lang='grc' dir='ltr'>ἡδο-</span> 
     </span>
     <span class='ocr_line' id='line_1_92' title="bbox 1360 2892 2392 2949; baseline -0.006 -12"><span class='ocrx_word' id='word_1_699' title='bbox 1360 2902 1421 2944; x_wconf 77' lang='grc' dir='ltr'>νῆς</span> <span class='ocrx_word' id='word_1_700' title='bbox 1438 2898 1688 2949; x_wconf 81' lang='grc' dir='ltr'>ἐπιγινώσκειν.</span> <span class='ocrx_word' id='word_1_701' title='bbox 1706 2892 1797 2936; x_wconf 69' lang='grc' dir='ltr'>Οἶδα</span> <span class='ocrx_word' id='word_1_702' title='bbox 1817 2897 1870 2935; x_wconf 78' lang='grc' dir='ltr'>ὅτι</span> <span class='ocrx_word' id='word_1_703' title='bbox 1890 2896 2088 2946; x_wconf 79' lang='grc' dir='ltr'>ἀπεκάμετε</span> <span class='ocrx_word' id='word_1_704' title='bbox 2115 2895 2199 2946; x_wconf 79' lang='grc' dir='ltr'>πρὸς</span> <span class='ocrx_word' id='word_1_705' title='bbox 2220 2894 2260 2931; x_wconf 78' lang='grc' dir='ltr'>τὸ</span> <span class='ocrx_word' id='word_1_706' title='bbox 2281 2897 2392 2945; x_wconf 69' lang='grc' dir='ltr'>μῆκος</span> 
     </span>
     <span class='ocr_line' id='line_1_93' title="bbox 1360 2956 2392 3012; baseline -0.006 -15"><span class='ocrx_word' id='word_1_707' title='bbox 1360 2963 1430 2998; x_wconf 84' lang='grc' dir='ltr'>τῶν</span> <span class='ocrx_word' id='word_1_708' title='bbox 1446 2959 1638 3012; x_wconf 77' lang='grc' dir='ltr'>εἰρημένων</span> <span class='ocrx_word' id='word_1_709' title='bbox 1653 2975 1660 2982; x_wconf 89' lang='grc'><em>·</em></span> <span class='ocrx_word' id='word_1_710' title='bbox 1679 2959 1768 2997; x_wconf 67' lang='grc' dir='ltr'>ἀλλὰ</span> <span class='ocrx_word' id='word_1_711' title='bbox 1789 2958 1986 3011; x_wconf 74' lang='grc' dir='ltr'>διεγέρθητε</span> <span class='ocrx_word' id='word_1_712' title='bbox 2020 2957 2155 3009; x_wconf 81' lang='grc' dir='ltr'>μικρὸν,</span> <span class='ocrx_word' id='word_1_713' title='bbox 2173 2956 2369 3009; x_wconf 85' lang='grc' dir='ltr'>παρακαλῶ</span> <span class='ocrx_word' id='word_1_714' title='bbox 2382 2983 2392 3001; x_wconf 87' lang='grc'>,</span> 
     </span>
     <span class='ocr_line' id='line_1_94' title="bbox 1365 3015 2392 3072; baseline -0.007 -13"><span class='ocrx_word' id='word_1_715' title='bbox 1365 3020 1414 3072; x_wconf 81' lang='grc' dir='ltr'>μὴ</span> <span class='ocrx_word' id='word_1_716' title='bbox 1435 3021 1535 3059; x_wconf 83' lang='grc' dir='ltr'>ἀτέλε</span> <span class='ocrx_word' id='word_1_717' title='bbox 1562 3035 1619 3057; x_wconf 85' lang='grc' dir='ltr'>τον</span> <span class='ocrx_word' id='word_1_718' title='bbox 1640 3019 1702 3066; x_wconf 72' lang='grc' dir='ltr'>τὴν</span> <span class='ocrx_word' id='word_1_719' title='bbox 1728 3019 1827 3065; x_wconf 76' lang='grc' dir='ltr'>δίκην</span> <span class='ocrx_word' id='word_1_720' title='bbox 1850 3017 2115 3068; x_wconf 84' lang='grc' dir='ltr'>καταλίπωμεν,</span> <span class='ocrx_word' id='word_1_721' title='bbox 2133 3016 2220 3068; x_wconf 76' lang='grc' dir='ltr'>μηδὲ</span> <span class='ocrx_word' id='word_1_722' title='bbox 2251 3015 2392 3067; x_wconf 65' lang='grc' dir='ltr'>ἀφέντες</span> 
     </span>
     <span class='ocr_line' id='line_1_95' title="bbox 1364 3075 2394 3131; baseline -0.008 -10"><span class='ocrx_word' id='word_1_723' title='bbox 1364 3083 1414 3121; x_wconf 86' lang='grc' dir='ltr'>ἔτι</span> <span class='ocrx_word' id='word_1_724' title='bbox 1435 3083 1493 3120; x_wconf 81' lang='grc' dir='ltr'>τὸν</span> <span class='ocrx_word' id='word_1_725' title='bbox 1518 3081 1684 3128; x_wconf 79' lang='grc' dir='ltr'>δικαστὴν</span> <span class='ocrx_word' id='word_1_726' title='bbox 1705 3080 1902 3131; x_wconf 79' lang='grc' dir='ltr'>καθήμενον</span> <span class='ocrx_word' id='word_1_727' title='bbox 1919 3078 2222 3130; x_wconf 71' lang='grc' dir='ltr'>ἀναχωρήσωμεν·</span> <span class='ocrx_word' id='word_1_728' title='bbox 2242 3076 2301 3115; x_wconf 81' lang='grc' dir='ltr'>καὶ</span> <span class='ocrx_word' id='word_1_729' title='bbox 2325 3075 2394 3128; x_wconf 83' lang='grc' dir='ltr'>γὰρ</span> 
     </span>
     <span class='ocr_line' id='line_1_96' title="bbox 1364 3140 2144 3196; baseline -0.006 -15"><span class='ocrx_word' id='word_1_730' title='bbox 1364 3144 1449 3196; x_wconf 58' lang='grc' dir='ltr'>πρὶς</span> <span class='ocrx_word' id='word_1_731' title='bbox 1472 3144 1556 3181; x_wconf 74' lang='grc' dir='ltr'>αὐτὸ</span> <span class='ocrx_word' id='word_1_732' title='bbox 1574 3143 1613 3181; x_wconf 80' lang='grc' dir='ltr'>τὸ</span> <span class='ocrx_word' id='word_1_733' title='bbox 1632 3142 1727 3186; x_wconf 82' lang='grc' dir='ltr'>τέλος</span> <span class='ocrx_word' id='word_1_734' title='bbox 1741 3142 1862 3181; x_wconf 79' lang='grc' dir='ltr'>λοιπὸν</span> <span class='ocrx_word' id='word_1_735' title='bbox 1880 3140 2144 3190; x_wconf 70' lang='grc' dir='ltr'>ἀπηντήκαμεν.</span> 
     </span>
    </p>

    <p class='ocr_par' dir='ltr' id='par_1_13' title="bbox 1367 3197 2394 3320">
     <span class='ocr_line' id='line_1_97' title="bbox 1417 3197 2392 3273; baseline -0.008 -30.85"><span class='ocrx_word' id='word_1_736' title='bbox 1417 3204 1566 3254; x_wconf 78' lang='grc' dir='ltr'>Ἴόωμεν</span> <span class='ocrx_word' id='word_1_737' title='bbox 1594 3203 1706 3242; x_wconf 86' lang='grc' dir='ltr'>τοίνυν</span> <span class='ocrx_word' id='word_1_738' title='bbox 1722 3202 1756 3240; x_wconf 90' lang='grc' dir='ltr'>τί</span> <span class='ocrx_word' id='word_1_739' title='bbox 1775 3219 1864 3253; x_wconf 85' lang='grc' dir='ltr'>μετα</span> <span class='ocrx_word' id='word_1_740' title='bbox 1884 3201 1946 3248; x_wconf 84' lang='grc' dir='ltr'>τὴν</span> <span class='ocrx_word' id='word_1_741' title='bbox 1965 3205 2114 3252; x_wconf 84' lang='grc' dir='ltr'>γυναῖκα</span> <span class='ocrx_word' id='word_1_742' title='bbox 2146 3199 2238 3273; x_wconf 80' lang='grc' dir='ltr'>πρὸς</span> <span class='ocrx_word' id='word_1_743' title='bbox 2252 3213 2310 3235; x_wconf 89' lang='grc' dir='ltr'>τον</span> <span class='ocrx_word' id='word_1_744' title='bbox 2331 3197 2392 3236; x_wconf 86' lang='grc' dir='ltr'>ἄν·</span> 
     </span>
     <span class='ocr_line' id='line_1_98' title="bbox 1367 3259 2394 3340; baseline -0.009 -35"><span class='ocrx_word' id='word_1_745' title='bbox 1367 3268 1430 3340; x_wconf 85' lang='grc' dir='ltr'>δρα</span> <span class='ocrx_word' id='word_1_746' title='bbox 1445 3282 1546 3318; x_wconf 70' lang='grc' dir='ltr'>φησι,</span> <span class='ocrx_word' id='word_1_747' title='bbox 1569 3281 1628 3304; x_wconf 85' lang='grc' dir='ltr'>και</span> <span class='ocrx_word' id='word_1_748' title='bbox 1650 3264 1751 3304; x_wconf 84' lang='grc' dir='ltr'>ποίαν</span> <span class='ocrx_word' id='word_1_749' title='bbox 1772 3280 1830 3302; x_wconf 90' lang='grc' dir='ltr'>και</span> <span class='ocrx_word' id='word_1_750' title='bbox 1850 3262 1962 3301; x_wconf 79' lang='grc' dir='ltr'>τούτω</span> <span class='ocrx_word' id='word_1_751' title='bbox 1981 3261 2152 3315; x_wconf 78' lang='grc' dir='ltr'>τιμωρίαν</span> <span class='ocrx_word' id='word_1_752' title='bbox 2171 3260 2305 3312; x_wconf 81' lang='grc' dir='ltr'>ἐπάγει.</span> <span class='ocrx_word' id='word_1_753' title='bbox 2331 3259 2394 3309; x_wconf 62' lang='lat' dir='ltr'>TU)</span> 
     </span>
    </p>
   </div>
   <div class='ocr_carea' id='block_1_13' title="bbox 343 3319 2394 3385">
    <p class='ocr_par' dir='ltr' id='par_1_14' title="bbox 343 3319 2394 3385">
     <span class='ocr_line' id='line_1_99' title="bbox 343 3319 2394 3385; baseline -0.006 -14"><span class='ocrx_word' id='word_1_754' title='bbox 343 3332 671 3385; x_wconf 74' lang='lat' dir='ltr'><em>ssiga1.17.ldae</em></span> <span class='ocrx_word' id='word_1_755' title='bbox 707 3339 835 3369; x_wconf 69' lang='lat' dir='ltr'><em>atatem</em></span> <span class='ocrx_word' id='word_1_756' title='bbox 871 3332 996 3369; x_wconf 64' lang='lat' dir='ltr'><em>slim:</em></span> <span class='ocrx_word' id='word_1_757' title='bbox 1019 3331 1120 3382; x_wconf 82' lang='lat' dir='ltr'><em>Quia</em></span> <span class='ocrx_word' id='word_1_758' title='bbox 1153 3330 1296 3368; x_wconf 82' lang='lat' dir='ltr'><em>audisti</em></span> <span class='ocrx_word' id='word_1_759' title='bbox 1322 3338 1344 3368; x_wconf 83' lang='grc' dir='ltr'><strong>Β</strong></span> <span class='ocrx_word' id='word_1_760' title='bbox 1369 3329 1402 3366; x_wconf 81' lang='grc' dir='ltr'>δὲ</span> <span class='ocrx_word' id='word_1_761' title='bbox 1423 3328 1532 3378; x_wconf 70' lang='grc' dir='ltr'>Ἀδὰμ</span> <span class='ocrx_word' id='word_1_762' title='bbox 1551 3329 1688 3374; x_wconf 79' lang='grc' dir='ltr'>εἶπεν,</span> <span class='ocrx_word' id='word_1_763' title='bbox 1677 3326 1729 3364; x_wconf 80' lang='grc' dir='ltr'>ότι</span> <span class='ocrx_word' id='word_1_764' title='bbox 1759 3326 1910 3372; x_wconf 77' lang='grc' dir='ltr'>ἤκουσας</span> <span class='ocrx_word' id='word_1_765' title='bbox 1927 3327 1989 3370; x_wconf 69' lang='grc' dir='ltr'>τῆς</span> <span class='ocrx_word' id='word_1_766' title='bbox 2015 3326 2132 3375; x_wconf 69' lang='grc' dir='ltr'>φωνῆς</span> <span class='ocrx_word' id='word_1_767' title='bbox 2150 3325 2212 3368; x_wconf 71' lang='grc' dir='ltr'>τῆς</span> <span class='ocrx_word' id='word_1_768' title='bbox 2233 3319 2394 3372; x_wconf 83' lang='grc' dir='ltr'>γυναικός</span> 
     </span>
    </p>
   </div>
   <div class='ocr_carea' id='block_1_14' title="bbox 385 3439 704 3481">
    <p class='ocr_par' dir='ltr' id='par_1_15' title="bbox 385 3439 704 3481">
     <span class='ocr_line' id='line_1_100' title="bbox 385 3439 704 3481; baseline 0.009 -11"><span class='ocrx_word' id='word_1_769' title='bbox 385 3453 394 3462; x_wconf 64' lang='lat' dir='ltr'><em>r</em></span> <span class='ocrx_word' id='word_1_770' title='bbox 415 3439 557 3481; x_wconf 80' lang='lat' dir='ltr'><em>Quidam</em></span> <span class='ocrx_word' id='word_1_771' title='bbox 580 3440 652 3471; x_wconf 62' lang='lat' dir='ltr'>Mss-</span> <span class='ocrx_word' id='word_1_772' title='bbox 675 3455 704 3473; x_wconf 66' lang='lat' dir='ltr'><em>w</em></span> 
     </span>
    </p>
   </div>
   <div class='ocr_carea' id='block_1_15' title="bbox 710 3442 840 3484">
    <p class='ocr_par' dir='ltr' id='par_1_16' title="bbox 710 3442 840 3484">
     <span class='ocr_line' id='line_1_101' title="bbox 710 3442 840 3484; baseline -0.015 -11"><span class='ocrx_word' id='word_1_773' title='bbox 710 3456 714 3473; x_wconf 87' lang='grc' dir='ltr'>ι</span> <span class='ocrx_word' id='word_1_774' title='bbox 733 3442 840 3484; x_wconf 58' lang='grc' dir='ltr'>κύριον.</span> 
     </span>
    </p>
   </div>
  </div>
 </body>
</html>
