2483 3791
740 173 781 204 tn
820 173 919 205 CAP.
960 175 992 203 Ι.

75 273 143 313 ριον
161 260 244 310 ἡμῖν
258 259 411 296 ἐντεῦθεν
427 256 494 304 ἤδη
512 256 630 295 λοιπὸν
648 259 856 309 παραδηλοῖ.
872 257 974 301 Τίνες
990 256 1096 309 ἀρχέ-

71 335 185 359 τωσαν
203 336 212 367 ;
232 312 312 356 *Ἦ
347 319 449 365 δῆλον
481 317 534 356 ὅτι
564 317 626 364 τὴν
658 320 720 364 τῆς
747 319 907 369 γυναικὸς
943 318 1094 357 αἰνιττό-

72 397 171 433 μενος
191 379 379 418 διάπλασιν
412 383 513 418 τοῦτο
550 380 701 433 εἴρηκεν.
733 379 842 432 Ὁρᾷς
875 381 968 424 ὅπως
1000 380 1097 419 οὐδέν

71 443 145 481 ἐστι
158 444 226 479 τῶν
246 443 280 479 ἐν
296 444 339 492 τῇ
357 439 431 493 θεία
453 442 576 495 Γραφῇ
597 441 716 485 ἁπλῶς
740 441 799 479 καὶ
829 443 904 493 εἰκῇ
926 441 1097 491 κείμενον,

70 501 161 542 ἀλλὰ
190 502 250 540 καὶ
282 502 323 540 τὸ
353 502 458 555 τυχὸν
481 504 577 556 ῥῆμα
602 501 708 541 πολὺν
737 503 809 555 ἔχει
831 502 1098 553 ἐναποκείμενον

69 565 126 605 τὸν
148 564 334 618 θησαυρόν.
590 611 595 615 ¹

121 627 193 666 Καὶ
217 625 265 677 μὴ
286 625 400 679 ξενίσῃ
418 641 456 664 σε
472 656 480 674 ,
497 625 658 677 ἀγαπητὲ
673 657 682 675 ,
703 626 741 664 τὸ
757 625 951 678 εἰρημένον.
970 626 1096 663 Τοιοῦ-

68 704 125 728 τον
145 688 214 741 γὰρ
239 687 312 732 ἔθος
344 687 456 726 ἅπασι
485 693 556 731 τοῖς
580 687 797 739 προφήταις,
820 686 901 738 περὶ
927 689 996 724 τῶν
1022 703 1096 737 μη-

67 749 163 788 δέπω
204 748 444 801 γεγενημένων
483 751 530 792 ὡς
580 747 820 799 γεγενημένων
864 747 1096 799 διαλέγεσθαι.

67 809 215 856 Ἐπειδὴ
237 810 305 863 γὰρ
331 815 402 852 τοῖς
420 815 667 858 πνευματικοῖς
695 807 814 860 ἑώρων
843 809 1032 860 ὀφθαλμοῖς
1051 807 1096 846 τὰ

69 871 156 923 μετὰ
189 870 298 909 πολὺν
331 872 418 908 ἐτῶν
446 870 592 922 ἀριθμὸν
627 870 798 920 μέλλοντα
835 869 1012 920 γίνεσθαι,
1039 868 1096 906 διὰ

67 937 168 972 τοῦτο
178 935 225 975 ὡς
243 932 310 979 ἤδη
331 932 400 980 πρὸ
412 934 481 969 τῶν
497 933 686 984 ὀφθαλμῶν
702 931 846 982 κείμενα
865 930 1096 968 κατοπτεύον-

67 1009 123 1038 τες
154 993 224 1032 ht&
246 993 460 1047 πράγματα,
489 992 597 1036 οὕτως
625 992 766 1031 ἅπαντα
791 991 995 1043 διελέγοντο.
1027 991 1096 1030 Καὶ

67 1053 123 1092 ἵνα
143 1054 257 1107 μάθῃς
288 1058 391 1092 τοῦτο
419 1056 559 1107 σαφῶς,
580 1054 685 1093 ἄκουε
713 1057 771 1092 τοῦ
797 1052 971 1105 μακαρίου
987 1054 1096 1091 Δαυὶδ

66 1114 242 1167 λέγοντος,
257 1115 316 1154 καὶ
330 1115 398 1169 πρὸ
412 1115 585 1154 τοσούτων
602 1117 728 1166 γενεῶν
743 1114 787 1153 τὰ
806 1113 898 1153 κατὰ
917 1114 974 1152 τὸν
991 1129 1095 1152 σταυ-

68 1177 124 1228 ρὸν
140 1182 201 1216 τοῦ
217 1178 370 1229 Χριστοῦ
386 1175 663 1229 προφητεύοντος
679 1176 738 1214 καὶ
757 1177 904 1227 βοῶντος
918 1190 925 1198 ·
938 1173 1092 1227 Ὠρυξαν

66 1238 186 1291 χεῖράς
203 1254 268 1288 μου
280 1268 290 1286 ,
311 1237 371 1276 καὶ
386 1238 494 1280 πόδας
511 1253 576 1288 μου
590 1252 597 1260 ·
619 1237 677 1274 καὶ
694 1237 800 1275 πάλιν
816 1265 826 1283 ,
843 1235 1095 1287 Διεμερίσαντο

66 1299 111 1338 τὰ
133 1299 258 1349 ἱμάτιά
276 1314 342 1349 μου
363 1301 533 1348 ἑαυτοῖςῷ
544 1297 654 1352 Ὁρᾷς
668 1301 744 1341 πῶς
759 1296 803 1335 τὰ
816 1297 988 1348 μέλλοντα
1003 1296 1093 1348 μετὰ

65 1360 190 1413 χρόνον
221 1359 328 1398 πολὺν
359 1359 498 1398 ἔσεσθαι
518 1362 564 1402 ὡς
596 1358 663 1406 ἤδη
689 1374 825 1409 γεγενηι
847 1358 907 1396 ε’να
936 1373 1092 1410 προανε-

65 1419 194 1473 φώνεις
218 1419 324 1459 Οὕτω
354 1420 414 1459 καὶ
446 1423 463 1458 ὃ
492 1419 663 1474 μακάριος
693 1415 790 1463 οὗτος
816 1419 999 1472 προφήτης
1024 1419 1092 1467 ἤδη

67 1480 301 1531 αἰνιττόμενος
319 1484 404 1533 ἡμῖν
430 1481 494 1527 τὴν
516 1483 579 1527 τῆς
597 1481 758 1533 γυναικὸς
783 1481 971 1519 διάπλασιν
1002 1482 1094 1519 αἰνι-

66 1543 263 1593 γματωδῶς
277 1558 381 1595 φησι,
397 1542 469 1581 Καὶ
485 1542 690 1595 ἀρχέτωσαν
710 1544 778 1580 τῶν
800 1540 929 1593 ἰχθύων
948 1544 1009 1588 τῆς
1028 1545 1094 1580 θα-

65 1602 210 1650 λάσσης.
236 1599 327 1642 Εἶτα
355 1602 487 1656 προϊὼν
517 1603 624 1642 πάλιν
657 1602 867 1656 σαφέστερόν
888 1618 996 1656 φησι,
1024 1603 1094 1642 Καὶ

68 1665 230 1712 ἐποίησεν
260 1669 278 1704 ὁ
300 1666 390 1710 Θεὸς
422 1667 480 1706 τὸν
513 1666 718 1718 ἄνθρωπον·
742 1665 822 1704 κατ’
850 1665 967 1704 εἰκόνα
1003 1668 1096 1705 Θεοῦ

66 1726 229 1773 ἐποίησεν
261 1727 362 1766 αὐτόν
376 1744 384 1751 ·
406 1728 509 1782 ἄρσεν
542 1728 600 1766 καὶ
641 1729 729 1774 θῆλυ
762 1726 924 1774 ἐποίησεν
958 1726 1094 1771 αὐτούς.

66 1787 200 1827 Σκόπει
225 1789 317 1842 πόσῃ
351 1790 522 1842 κέχρηται
543 1793 586 1841 τῇ
620 1789 800 1842 ἀκριῧείᾳ,
822 1789 882 1826 καὶ
910 1788 1004 1832 ἅπαξ
1035 1788 1095 1826 καὶ

66 1848 226 1902 δεύτερον
242 1851 282 1889 τὸ
299 1852 385 1889 αὐτὸ
403 1851 530 1903 λέγων,
553 1850 610 1888 ἵνα
631 1852 760 1901 δυνηθῇ
782 1851 1029 1895 ἐναποτεθῆναι
1051 1852 1093 1900 τῇ

66 1912 136 1947 τῶν
156 1913 336 1963 ἀκροατῶν
355 1912 489 1963 διανοίᾳ
509 1911 553 1950 τὰ
571 1911 756 1963 λεγόμενα.
775 1912 820 1949 Εἰ
841 1910 909 1963 γὰρ
927 1909 974 1960 μὴ
992 1913 1094 1949 τοῦτο

65 1965 108 2018 ἦν
125 1973 220 2024 αὐτῷ
239 1972 278 2010 τὸ
302 1973 594 2023 σπουδαζόμενον,
618 1972 719 2024 ἤρκει
740 1974 861 2019 εἰπεῖν,
883 1971 953 2010 Καὶ
970 1971 1086 2019 ἐποίη-

66 2047 123 2070 σεν
152 2036 170 2071 ὁ
188 2033 279 2076 Θεὸς
302 2033 360 2071 τὸν
382 2033 563 2085 ἄνθρωπον
578 2049 585 2055 ·
615 2033 706 2071 ἀλλὰ
733 2033 840 2071 πάλιν
860 2032 1090 2084 προστίθησι·

65 2093 155 2132 Κατ’
172 2093 288 2132 εἰκόνα
317 2096 410 2133 Θεοῦ
441 2093 601 2140 ἐποίησεν
621 2093 736 2131 αὐτόν.
768 2093 915 2139 Ἐπειδὴ
936 2093 1004 2146 γὰρ
1021 2093 1094 2131 ἐδί-

66 2153 163 2198 δαξεν
181 2158 274 2205 ἡμᾶς
291 2155 347 2193 διὰ
369 2157 437 2193 τῶν
455 2154 717 2208 προλαῧόντων,
737 2154 827 2192 κατὰ
846 2153 880 2191 τί
895 2153 1030 2205 εἴρηται
1051 2155 1091 2193 τὸ

63 2215 152 2253 Κατ’
189 2215 326 2265 εἰκόνα,
360 2215 417 2254 διὰ
451 2221 552 2255 τοῦτο
587 2215 692 2254 πάλιν
719 2218 867 2255 ἐνταῦθα
892 2215 948 2253 τὸν
988 2215 1090 2254 αὐτὸν

65 2276 368 2328 ἓπαναλαμὸάνων
401 2276 516 2329 λόγον,
561 2276 664 2329 φησὶ,
699 2278 786 2314 Κατ’
832 2277 949 2316 εἰκόνα
995 2279 1088 2317 Θεοῦ

64 2336 224 2385 ἐποίησεν
241 2338 355 2376 αὐτόν.
376 2339 447 2378 Καὶ
463 2338 519 2377 ἵνα
540 2338 628 2388 μηδὲ
661 2338 889 2391 ἀναίσχυντον
910 2338 1088 2391 καταλίπῃ

63 2398 254 2449 ἀπολογίας
277 2399 451 2452 πρόφασιν
479 2405 551 2442 τοῖς
573 2399 749 2452 μάχεσθαι
769 2400 991 2452 βουλόμενοις
1018 2407 1090 2445 τοῖς

62 2461 125 2505 τῆς
144 2459 360 2507 Ἔκκλησίας
379 2461 551 2512 δόγμασι,
573 2460 665 2499 κατὰ
695 2462 817 2513 μικρὸν
841 2461 972 2514 προϊὼν
993 2462 1090 2501 διδά-

64 2534 140 2558 σκει
156 2521 201 2560 τὰ
223 2521 311 2560 αὐτὰ
335 2522 454 2570 πάλιν,
468 2522 523 2560 ὅτι
549 2521 641 2561 κατὰ
667 2522 707 2560 τὸ
734 2523 854 2575 ἄρχειν
881 2523 941 2561 καὶ
965 2527 1089 2562 ὑποτε-

62 2581 220 2632 ταγμένα
258 2582 353 2635 ἔχειν
388 2583 527 2622 ἅπαντα
566 2584 611 2622 τὰ
647 2584 959 2637 δημιουργήματα,
997 2585 1089 2624 κατὰ

61 2645 162 2682 τοῦτο
180 2646 229 2696 τῷ
244 2647 307 2691 τῆς
323 2645 452 2688 εἰκόνος
470 2645 615 2697 ὀνόματι
631 2645 821 2697 ἐχρήσατο.
842 2645 941 2690 Τέως
961 2645 995 2685 δὲ
1010 2646 1089 2685 ἴδω-

62 2720 125 2755 μεν
142 2705 177 2743 τί
191 2721 295 2757 φησι·
314 2707 383 2745 Καὶ
401 2706 561 2754 ἐποίησεν
577 2709 594 2745 ὁ
613 2706 703 2750 Θεὸς
718 2706 775 2745 τὸν
791 2707 970 2758 ἄνθρωπον
984 2723 992 2731 ·
1010 2711 1088 2747 κατ’

65 2766 180 2804 εἰκόνα
195 2768 288 2806 Θεοῦ
309 2767 471 2814 ἐποίησεν
501 2768 602 2806 αὐτόν
619 2784 627 2791 ·
644 2768 748 2821 ἄρσεν
777 2767 837 2807 καὶ
861 2770 946 2815 θῆλυ
969 2769 1089 2817 ἐποίη-

61 2841 120 2864 σεν
156 2828 292 2872 αὖτούς.
326 2827 442 2881 εὈπερ
478 2828 642 2881 ἀνωτέρω
673 2829 836 2881 ᾐνίξατο,
869 2829 989 2878 εἰπὼν,
1020 2831 1090 2869 Καὶ

65 2888 284 2939 ἀρχέτωσαν,
306 2889 365 2927 καὶ
387 2892 532 2927 ἐνταῦθα
566 2890 779 2943 σαφέστερον
806 2884 903 2929 εἶπε·
921 2891 980 2929 καὶ
1006 2891 1090 2929 αὐτὸ

64 2947 100 2987 δὲ
137 2948 232 3000 ὅμως
266 2950 515 3002 κεκρυμμένως
539 2953 634 3001 ἡμᾶς
655 2950 831 2995 ἐδίδαξεν·
865 2951 1000 2989 οὐδέπω
1022 2951 1090 3005 γὰρ

61 3008 142 3060 περὶ
157 3011 218 3054 τῆς
239 3008 458 3053 διαπλάσεως
473 3012 566 3060 ἡμᾶς
582 3010 740 3056 διδάξας,
757 3009 832 3049 οὐδὲ
851 3011 969 3057 εἰπὼν,
987 3011 1090 3050 πόθεν

60 3072 83 3116 ἡ
99 3068 186 3119 γυνὴ
206 3070 372 3122 παρήχθη
385 3100 394 3118 ,
409 3069 524 3122 φησὶν,
544 3070 580 3109 Ἄ
589 3086 665 3122 ρσεν
685 3072 743 3110 καὶ
760 3074 845 3118 θῆλυ
858 3071 1020 3118 ἐποίησεν
1033 3074 1091 3110 αὖ·

59 3124 268 3178 vocalitas<
280 3134 354 3175 πῶς
369 3130 408 3168 τὸ
421 3131 569 3181 μηδέπω
581 3131 718 3182 γεγονὸς
733 3137 746 3153 ²
758 3135 803 3176 ὡς
819 3133 956 3184 γεγονὸς
971 3132 1090 3184 διηγή-

105 3262 120 3279 ⁸
137 3261 323 3304 [Savilium
346 3264 526 3305 sequimur.
545 3261 663 3294 Montf.
684 3265 705 3301 ἦ
727 3266 815 3302 δῆλον
837 3271 906 3308 καί,
925 3264 1038 3298 Morcl.
1057 3270 1073 3304 ἦ

62 3317 86 3347 ὃ.
107 3331 148 3354 ι.,
163 3315 285 3347 omisso
302 3321 359 3350 ἑτι.
378 3316 503 3347 Desunt
521 3314 589 3347 liaec
607 3317 638 3347 in
655 3315 773 3358 Coisi]

105 3367 117 3383 ¹¹
135 3366 269 3399 Coisliu.
289 3374 321 3398 et
338 3365 420 3399 alius
438 3373 476 3402 τά
492 3374 638 3413 παρόντα.

1032 174 1193 205 ΟΕΝΕΞ.

1234 175 1390 206 nomm.
1432 176 1478 207 Χ.
2059 186 2111 231 91

1170 257 1267 295 lieris
1296 258 1461 297 videlieet
1484 259 1634 297 innuens
1653 261 1900 301 formationem
1929 264 1995 302 hoc
2016 266 2122 312 (lixit,

1171 318 1284 358 Vides
1297 319 1478 370 quomodo
1495 319 1583 357 nihil
1600 321 1688 358 inest
1700 320 1835 360 divinis
1852 324 1980 362 Literis
1998 335 2125 366 temere

1172 388 1203 417 et
1220 380 1352 432 absque
1367 395 1470 419 causa
1487 381 1843 433 posituin,ctiamqnc
1860 384 2008 422 verbum
2029 387 2125 436 quod

1171 441 1484 481 fortuitumvideri
1499 452 1629 495 posset,
1638 457 1809 496 magnum
1820 444 2027 484 thesaurum
2041 447 2075 485 in
2089 462 2126 486 se

1170 501 1336 541 latentem
1348 517 1411 541 con
1417 503 1513 542 tinet.

1223 624 1262 662 4.
1294 623 1343 661 Et
1372 637 1416 662 nc
1445 624 1595 673 mireris,
1617 623 1757 675 dilecte,
1774 624 1870 677 qnod
1898 625 2037 665 dictum
2062 637 2123 666 est.

1171 684 1252 721 Mos
1270 683 1364 722 enirn
1380 684 1438 722 bie
1453 694 1503 722 cst
1523 685 1776 738 prophetarum
1796 687 2026 736 omnium‚de
2039 702 2126 727 non-

1170 743 1258 781 dum
1277 744 1381 782 sactis
1400 754 1438 782 ut
1464 745 1508 783 de
1528 747 1630 787 sactis
1654 746 1763 797 loqui.
1786 749 1879 796 Quia
1911 749 2004 787 enim
2027 764 2125 788 incn-

1172 804 1305 842 talibus
1329 805 1442 843 ocnlis
1465 806 1633 844 videbant
1655 822 1733 857 quae
1759 818 1838 860 post
1858 809 2051 847 multorum
2065 825 2126 849 an-

1170 879 1296 903 norum
1314 866 1491 904 curricula
1510 877 1610 905 crant
1626 868 1761 917 futura,
1772 868 1902 907 idcirco
1915 871 2016 920 quasi
2031 886 2125 910 nnnc

1170 925 1215 965 ob
1231 927 1352 965 oculos
1364 927 1478 980 posita
1493 937 1701 980 spectarent,
1716 929 1763 966 ita
1781 939 1906 967 cuncta
1923 932 2122 969 narrabant.

1170 989 1216 1027 Et
1238 1004 1308 1040 quo
1328 989 1511 1027 manifeste
1530 989 1598 1028 hoc
1618 990 1722 1040 scias,
1744 991 1831 1028 andi
1850 991 1993 1029 beatum
2012 994 2123 1031 Davi-

1167 1049 1250 1088 dem
1263 1049 1455 1099 dicentem,
1465 1059 1498 1089 et
1511 1060 1593 1089 ante
1613 1059 1662 1089 tot
1676 1051 1801 1089 saecula
1814 1052 2065 1091 vaticinantem
2079 1054 2123 1094 de

1168 1125 1271 1150 cruce
1285 1111 1438 1162 Christi,
1452 1121 1485 1150 ct
1505 1112 1717 1150 clamantem
1736 1128 1743 1148 :
1762 1114 1963 1152 Foderunt
1983 1129 2120 1154 manns
2136 1120 2225 1150 Psut.
2251 1131 2301 1150 :³1>

2140 1171 2186 1201 ¹7·
2205 1172 2233 1191 ct
2255 1172 2302 1201 ¹¹:²-

1168 1188 1274 1214 meas
1290 1184 1325 1214 et
1337 1175 1452 1227 pedes
1468 1188 1587 1219 meos;
1600 1183 1634 1212 et
1651 1174 1793 1222 iterum,
1809 1176 2035 1215 Diviserunt
2054 1193 2120 1216 ve-

1167 1239 1350 1274 stimenta
1365 1251 1451 1274 mea
1466 1239 1550 1276 sibi.
1565 1235 1680 1278 Vides
1692 1236 1870 1287 quomodo
1885 1247 1961 1289 post
1976 1239 2121 1290 longum

1166 1306 1308 1350 tempus
1326 1299 1462 1348 sutura,
1481 1298 1582 1350 quasi
1592 1299 1668 1351 jam
1686 1299 1778 1336 sacta
1797 1298 1991 1351 praedixit?
2012 1301 2071 1338 Sic
2090 1310 2124 1338 ct

1166 1358 1288 1397 beatus
1303 1359 1362 1397 hic
1376 1359 1633 1412 prophetajam
1647 1359 1832 1397 insinuans
1848 1359 1949 1398 nobis
1963 1361 2124 1400 mulieris

1167 1421 1436 1472 formationem,
1459 1421 1682 1473 aenigmatice
1704 1431 1738 1460 et
1761 1422 1912 1460 obscure
1931 1422 2019 1461 dicit
2039 1439 2046 1460 :
2071 1425 2124 1462 Ec

1167 1484 1416 1521 dominentur
1448 1486 1617 1536 piscibus
1661 1487 1792 1522 maris.
1833 1483 1881 1522 Et
1918 1499 2124 1537 progressus

1170 1543 1262 1582 ultra
1283 1544 1505 1582 manifestius
1524 1544 1655 1596 inquit,
1678 1546 1844 1597 Etsecit
1863 1547 1972 1584 Deus
1995 1547 2122 1584 homi-

1168 1620 1255 1644 nem
1263 1622 1278 1652 ,·
1297 1607 1506 1645 secundum
1532 1608 1740 1658 imaginem
1766 1608 1844 1644 Dei
1863 1608 1968 1660 fecit
1993 1608 2122 1653 illum,-

1167 1666 1384 1704 masculum
1396 1667 1742 1718 ecfeminamsecit
1755 1666 1855 1704 illos.
1870 1665 2124 1705 Animadverte

1165 1736 1298 1777 quanta
1318 1742 1403 1765 usus
1419 1736 1470 1765 est
1489 1727 1724 1776 accuratione,
1741 1727 1848 1765 semel
1869 1737 1976 1779 atque
1994 1728 2124 1767 iterum

1166 1786 1262 1825 idem
1274 1787 1407 1832 dicens,
1423 1797 1462 1826 ut
1478 1788 1513 1825 in
1533 1787 1712 1825 mentibus
1730 1787 1936 1825 auditorum
1954 1788 2043 1826 bene
2061 1804 2121 1827 rc-

1166 1849 1250 1900 poni
1276 1850 1411 1901 possint
1445 1863 1522 1900 quae
1547 1849 1729 1888 dicuntur.
1762 1848 1842 1887 Nisi
1873 1849 1964 1887 enim
1994 1849 2063 1887 hoc
2090 1850 2121 1888 ei

1166 1922 1260 1947 curce
1294 1909 1431 1955 fuisset,
1453 1909 1652 1947 sufficiebat
1672 1909 1803 1957 dicere,
1827 1909 1881 1947 Et
1889 1912 1993 1963 fecit
2014 1912 2122 1949 Deus

1165 1971 1358 2008 hominem
1389 1986 1400 2007 .·
1427 1970 1496 2022 scd¹
1528 1971 1659 2009 iterum
1693 1970 1864 2023 apponit,
1901 1972 2121 2010 Secundum

1164 2033 1372 2083 imaginem
1393 2033 1574 2086 Deisecit
1593 2032 1718 2070 illum.
1738 2034 1929 2083 Postquam
1945 2033 2039 2070 enim
2058 2047 2122 2072 nos

1163 2091 1286 2130 docuit
1320 2107 1383 2145 per
1421 2092 1678 2145 praecedentia,
1700 2092 1789 2144 qnid
1815 2093 1873 2142 sit,
1903 2094 2120 2132 Secundum

1163 2155 1386 2205 imaginem,
1408 2153 1524 2192 denuo
1551 2167 1591 2191 ea
1608 2152 1654 2191 de
1673 2168 1777 2192 causa
1797 2153 1859 2192 hic
1874 2154 2039 2192 eumdem
2064 2169 2119 2192 re—

1162 2213 1249 2264 petit
1263 2228 1473 2264 sermonem,
1488 2223 1521 2252 et
1539 2213 1628 2252 dicit
1646 2230 1653 2251 :
1669 2215 1888 2253 Secundum
1911 2218 2120 2268 imaginem

1162 2276 1239 2313 Dei
1249 2276 1354 2327 fecit
1373 2290 1472 2314 eum.
1495 2275 1545 2313 Et
1566 2285 1606 2313 ut
1632 2289 1676 2313 ne
1700 2275 1946 2329 impudentem
1971 2276 2119 2327 quidem

1160 2336 1374 2375 defensionis
1404 2345 1620 2389 praetextum
1648 2336 1826 2388 relinquat
1859 2337 2027 2376 Ecclesiae
2055 2337 2120 2376 do-

1162 2407 1281 2451 gmata
1295 2398 1508 2450 impugnare
1523 2398 1738 2445 volentibus,
1755 2398 1943 2450 paululum
1961 2413 2122 2451 progres-

1161 2475 1221 2498 sus
1238 2459 1334 2497 idem
1355 2459 1484 2496 iterum
1506 2458 1625 2509 docet,
1646 2459 1745 2510 quod
1762 2459 1840 2497 ideo
1862 2459 2029 2511 imaginis
2049 2475 2119 2499 no-

1160 2521 1256 2559 mine
1275 2535 1360 2559 usus
1373 2520 1430 2568 sit,
1443 2518 1541 2570 quod
1559 2520 1811 2572 imperaturus,
1827 2529 1860 2558 et
1879 2520 1946 2558 sub
1960 2535 1996 2558 se
2016 2535 2118 2559 crea-

1160 2591 1258 2620 turas
1278 2596 1398 2619 omncs
1412 2580 1603 2618 habiturus
1623 2583 1812 2620 esset..lam
1828 2581 2012 2619 videamus
2031 2581 2120 2632 quid

1161 2643 1250 2682 dicit
1263 2659 1270 2679 :
1285 2644 1321 2681 E
1325 2644 1428 2696 tseci
1432 2650 1445 2679 t
1458 2642 1563 2679 Deus
1579 2643 1790 2687 hominem,·
1803 2643 2011 2679 secundum
2023 2645 2120 2680 ima-

1160 2708 1287 2758 ginem
1299 2705 1482 2756 Deisecit
1500 2703 1630 2748 illum;
1646 2703 1860 2741 masculum
1879 2704 2121 2756 etsenzinam

1156 2769 1253 2820 fecit
1283 2767 1385 2804 illos.
1404 2765 1449 2803 Id
1469 2763 1562 2816 quod
1581 2779 1686 2816 supra
1708 2764 1963 2811 insinuaverat,
1982 2765 2118 2813 dicens,
2134 2801 2143 2806 ,

1161 2830 1215 2867 Et
1235 2830 1492 2874 dominentur,
1510 2826 1569 2864 hic
1588 2825 1808 2863 manifestius
1825 2825 1940 2877 dixit;
1963 2826 2121 2879 idipsum

1162 2899 1278 2928 tamen
1304 2887 1531 2926 reconditiori
1555 2886 1661 2924 modo
1693 2900 1755 2924 nos
1775 2886 1905 2925 doeens
1927 2903 1936 2924 τ
1961 2887 2121 2927 nondum

1114 2962 1139 2992 c
1164 2951 1258 2989 enim
1268 2949 1312 2987 de
1326 2948 1538 2987 formatione
1553 2947 1736 2997 docuerat,
1752 2962 1862 2999 neque
1873 2948 2014 2987 dixerat
2026 2950 2122 2988 unde

1165 3011 1296 3050 mulier
1313 3009 1484 3062 producta
1508 3024 1515 3045 :
1542 3009 1778 3055 fllasculum,
1798 3009 1927 3061 inquit,
1944 3019 1979 3048 et
1999 3012 2120 3063 femi—

1167 3086 1260 3109 nam
1278 3072 1383 3122 fecit
1411 3069 1511 3106 illos.
1528 3067 1665 3107 Vidisti
1691 3069 1886 3119 quomodO,
1909 3070 2006 3120 qnod
2034 3083 2121 3108 non-

1166 3132 1252 3170 dum
1267 3132 1415 3179 sactum,
1432 3128 1532 3180 qnasi
1550 3128 1626 3181 jam
1642 3128 1775 3167 sactum
1787 3131 1972 3168 narravit?
1989 3131 2121 3183 Hujus-

1152 3275 1165 3289 θ
1185 3262 1243 3295 Alii
1267 3268 1324 3309 δρα
1341 3272 1409 3300 πῶς.

1150 3328 1162 3341 a
1179 3315 1314 3349 Coislin.
1334 3322 1367 3346 et
1388 3312 1469 3346 alius
1487 3318 1523 3352 4„-
1539 3321 1730 3357 'refluxum-a
1747 3317 1823 3356 Era-1.
