2516 3791
2041 184 2132 230 883

1179 278 1278 328 dens,
1295 280 1382 332 ipsis
1393 280 1492 318 sactis
1511 280 1656 330 docens,
1680 280 1770 318 niliil
1798 295 1871 318 esse
1890 281 1999 319 tutius
2027 297 2134 333 quain

679 198 736 228 DE
774 198 944 228 navim-2
979 198 1034 227 1:⁴1·
1071 196 1213 226 saum-t
1252 197 1438 227 nonium
1481 197 1527 226 ΙΙ.

83 281 187 320 Save·
219 281 278 318 καὶ
304 279 322 318 ὃ
352 279 394 326 δὴ
429 282 543 330 μεῖζον
573 279 735 318 ἁπάντων
762 275 819 329 ἧν,
846 281 903 320 τὸν
938 280 1028 321 Θεὸν
1059 281 1106 324 εἷς
2197 294 2339 323 Nat-fitiu-

82 342 224 382 πλείονα
246 340 376 380 εὔνοιαν
397 340 633 380 ἐπεσπάσατο.
1179 356 1323 394 parcere
1342 342 1502 391 inimico,
1520 352 1641 381 contra
1666 343 1754 381 nihil
1769 342 2014 395 periculosius,
2025 358 2133 394 quam
2149 337 2216 403 ¹¹¹¹:
2220 348 2339 406 ειῖ’;1’“,“

1179 417 1216 441 se
1243 402 1335 441 velle
1358 403 1483 442 ulcisci
1518 418 1559 442 ac
1597 404 1796 442 vindictam
1840 419 1992 443 sumere.
2039 387 2187 444 Alu-rl„
2183 429 2237 446 ς.)

132 1022 186 1061 Οὔ
202 1020 271 1075 γὰρ
291 1019 347 1059 διὰ
363 1022 464 1060 τοῦτο
485 1020 668 1073 μακαρίζω
692 1019 749 1058 τὸν
769 1020 864 1072 ἅγιον
880 1021 1023 1069 ἐκεῖνον,
1042 1021 1109 1073 οὐχ

79 1082 133 1123 ὅτι
159 1084 216 1122 τὸν
243 1081 395 1136 ἐχθρὸνε
384 1082 452 1120 υπὸ
477 1081 555 1126 τους
581 1081 690 1125 πόδας
710 1075 777 1120 εἶδε
801 1097 880 1126 τους
897 1084 1020 1120 ἑαυτοῦ
1040 1081 1108 1120 κεί-

80 1160 195 1196 μενον,
220 1146 297 1183 ἀλλ’
323 1144 378 1184 ὅτι
403 1146 451 1188 εἷς
474 1149 597 1196 χεῖρας
625 1142 782 1182 λαὸὼν’
742 1143 940 1219 Νεφείσατο.
967 1143 1020 1182 Τὸ
1045 1144 1108 1194 μὲν

79 1207 147 1260 γὰρ
163 1210 226 1254 τῆς
244 1209 305 1244 τοῦ
325 1206 453 1246 Θεοῦ
435 1206 613 1257 ουνάμεως
628 1204 727 1259 ἔργον
740 1209 796 1254 ἦν,
811 1206 852 1244 τὸ
867 1205 902 1243 δὲ
924 1207 987 1251 τῆς
1003 1207 1107 1244 αὐτοῦ

79 1267 292 1322 φιλοσοφίας.
325 1269 409 1311 Πῶς
433 1271 476 1314 ἠν
511 1268 601 1311 εἰκὸς
634 1268 756 1306 λοιπὸν
783 1282 862 1312 τους
891 1266 1110 1322 στρατιώτας

79 1330 200 1384 ἐκείνῳ
218 1329 421 1382 προσέχειν,
449 1332 525 1380 μεθ’
546 1328 629 1376 ὅσης
657 1328 789 1372 εὐνοίας
809 1330 1004 1368 διακεῖσθαι
1025 1329 1109 1380 πρὸς

80 1392 203 1440 αὖτόν;
231 1393 274 1430 Εἰ
292 1391 360 1443 γὰρ
386 1389 513 1444 μυρίας
533 1384 625 1442 εἶχον
646 1389 784 1442 ψυχὰς,
807 1392 870 1429 οὐκ
894 1390 934 1428 ἂν
961 1389 1109 1441 ἑτοίμως

79 1454 216 1498 ἁπάσας
237 1453 416 1492 ἐπέδωκαν
436 1451 523 1504 ὑπὲρ
543 1455 602 1490 τοῦ
620 1455 820 1505 στρατηγοῦ
833 1483 843 1500 ,
867 1452 958 1505 ἔργῳ
981 1451 1108 1502 μαθόν-

78 1532 134 1560 τες
151 1519 186 1556 ἐν
205 1519 249 1567 τῇ
269 1518 330 1553 τοῦ
349 1513 518 1566 πολεμίου
547 1513 738 1566 κηδεμονία
763 1513 826 1561 τὴν
850 1513 933 1567 περὶ
961 1512 1038 1558 τοὺς
1058 1515 1106 1552 οἷ-

79 1576 190 1621 κείους
211 1576 366 1622 εὔνοιανς
390 1574 435 1614 ‘O
453 1575 522 1627 γὰρ
543 1575 624 1627 περὶ
640 1574 718 1619 τοὺς
736 1575 978 1622 λελυπηκότας
999 1582 1109 1625 πρᾶος

79 1638 138 1676 καὶ
155 1637 284 1690 ἥμερος
299 1636 360 1683 ὢν,
375 1637 496 1689 πολλῷ
517 1637 649 1687 μᾶλλον
662 1636 744 1688 περὶ
757 1635 836 1681 τοὺς
852 1638 1013 1681 εὐνοϊκῶς
1029 1637 1106 1675 δια-

79 1699 257 1750 κειμένους
287 1698 392 1741 οῧτως
422 1698 547 1748 ἔμελλε
586 1698 796 1736 διακεῖσθαι·
821 1698 840 1736 ὃ
871 1698 912 1745 δὴ
945 1697 1108 1750 μέγιστον

78 1759 240 1812 ἐνέχυρον
258 1759 450 1812 ἀσφαλείας
465 1753 506 1806 ἦν
528 1759 634 1811 αὐτῷ.
655 1760 734 1797 Οὔκ
750 1758 963 1810 εὐνούστεροι
983 1760 1018 1798 δὲ
1040 1759 1107 1810 μό-

79 1837 148 1870 νον,
165 1821 256 1860 ἀλλὰ
273 1821 332 1859 καὶ
347 1821 601 1873 προθυμότεροι
615 1821 694 1872 περὶ
711 1819 788 1864 τοὺς
804 1820 991 1873 πολεμίους
1006 1815 1108 1870 ἦσαν,

79 1882 207 1927 εἰδότες
223 1881 276 1921 ὅτι
294 1883 353 1921 τὸν
372 1883 465 1921 Θεὸν
482 1881 618 1934 ἔχουσιν
639 1880 726 1934 ὑπὲρ
745 1883 858 1920 αὐτῶν
874 1883 1106 1933 πολεμοῦντα,

78 1943 136 1982 τὸν
161 1944 215 1983 ἀεὶ
245 1943 403 1996 παρόντα
428 1946 478 1996 τῷ
501 1945 688 1996 στρατηγῷ
704 1973 714 1990 ,
745 1942 805 1981 καὶ
835 1942 880 1982 τὰ
912 1944 1108 1997 πράγματα

79 2006 220 2045 ἅπαντα
234 2005 513 2059 ἐξευμαρίζοντα.
535 2005 604 2044 Καὶ
623 2008 673 2057 τῷ
688 2004 800 2044 Δαυὶδ
820 2004 878 2053 δὲ,
898 2006 964 2058 οὐχ
983 2008 1029 2049 ὡς
1052 2007 1110 2044 ἀν-

79 2067 209 2121 θρώπῳ
235 2067 370 2116 λοιπὸν,
389 2068 468 2106 ἀλλ’
489 2069 536 2111 ὡς
555 2066 694 2120 ἀγγέλῳ
716 2073 916 2120 προσεῖχον.
948 2067 1021 2107 Καὶ
1041 2068 1110 2120 πρὸ

79 2131 142 2176 τῆς
171 2128 378 2173 ἀντιδόσεως
407 2132 466 2167 τοῦ
498 2130 590 2167 Θεοῦ
622 2128 761 2180 μείζονα
790 2129 850 2167 καὶ
882 2130 1029 2167 ἐνταῦθα
1049 2133 1109 2168 τοῦ

79 2189 306 2234 διασωθέντος
320 2190 421 2234 αὐτὸς
437 2191 630 2242 ἐκαρποῦτο
643 2222 653 2238 ,
666 2190 725 2228 καὶ
738 2190 986 2243 λαμπροτέραν
1000 2190 1111 2244 ἤρατο

78 2251 231 2300 νίκην,ἢ
254 2254 284 2290 εἰ
303 2252 472 2291 κατέθυσε
491 2252 549 2290 τὸν
569 2251 701 2290 Σαούλ.
722 2251 770 2290 Τί
789 2251 857 2304 γὰρ
883 2251 923 2289 ἂν
945 2257 1108 2291 τοσοῦτον

79 2313 241 2366 ἐκέρδανε
263 2313 394 2367 σφάξας
425 2314 482 2352 τὸν
508 2312 645 2366 ἐχθρὸν,
669 2311 748 2352 ὅσον
778 2312 1010 2365 ἐκαρπώσατο
1033 2329 1109 2367 φει-

80 2375 228 2425 σάμενος
255 2380 338 2422 νῦν;
357 2377 471 2414 Τοῦτο
495 2374 610 2414 τοίνυν
638 2374 698 2414 καὶ
718 2374 758 2414 σὺ
777 2375 935 2428 λογίζου,
965 2376 1108 2415 ἐπειδὰν

78 2435 190 2486 λοίὸῃς
210 2435 269 2473 τὸν
286 2435 509 2480 λελυπηκότα
529 2451 567 2474 σε
580 2467 590 2486 ,
612 2435 666 2475 ὅτι
682 2438 803 2489 πολλῷ
821 2439 937 2487 μεῖζον
952 2437 1011 2476 καὶ
1025 2453 1107 2490 κερ-

82 2495 294 2549 δαλεώτερον
312 2496 352 2534 τὸ
368 2496 553 2549 φείσασθαι
576 2501 636 2536 τοῦ
659 2499 869 2551 διαφθεῖραι.
893 2497 938 2538 Ὁ
959 2498 1021 2550 μὲν
1042 2500 1110 2552 γὰρ

80 2558 279 2609 διαφθείρας
306 2557 366 2596 καὶ
398 2557 663 2610 καταγνώσεται
689 2559 860 2605 πολλάκις
883 2563 1030 2607 ἑαυτοῦ,
1050 2562 1110 2600 καὶ

79 2619 230 2671 πονηρὸν
250 2618 317 2663 ἕξει
334 2619 503 2667 συνειδὸς,
520 2620 596 2658 καθ’
614 2621 766 2667 ἑκάστην
782 2621 918 2674 ἡμέραν
937 2623 997 2661 καὶ
1013 2622 1106 2677 ὥραν

78 2680 148 2719 ὑπὸ
166 2682 229 2727 τῆς
256 2680 431 2733 ἁμαρτίας
451 2681 583 2729 ἐκείνης
602 2681 831 2733 δωκόμενος·
851 2686 870 2722 ὁ
886 2682 921 2723 δὲ
942 2685 1109 2737 φεισάμε-

1180 464 1291 515 igitur
1311 464 1373 516 qui
1394 473 1564 503 statuerat
1578 465 1758 512 invadere,
1781 465 1900 503 nudus
1921 475 1953 503 et
1975 466 2135 513 inermis,

1180 524 1422 575 omnibusque
1440 523 1634 563 destitutus
1645 525 1794 563 auxiliis
1819 540 1886 564 non
1904 525 2007 564 aliter
2030 541 2137 577 quam

1181 585 1345 639 captivus
1369 586 1404 624 in
1425 600 1552 625 manus
1572 586 1709 625 inimici
1731 587 1885 626 traditus
1903 588 2061 640 jacebat:
2080 589 2138 627 liic

1181 662 1264 686 vero
1283 646 1371 685 dum
1388 646 1497 696 cedit,
1517 657 1550 686 et
1566 648 1700 699 ubique
1719 648 1780 687 dat
1813 648 1944 694 locuni,
1981 648 2139 701 dumque

1180 709 1330 762 nejuste
1349 708 1496 760 quidem
1516 709 1596 749 vult
1624 724 1751 748 manus
1771 709 1927 763 injicere,
1959 710 2034 748 sine
2059 726 2136 749 ina-

1180 771 1310 821 chinis,
1333 770 1408 809 sine
1429 771 1556 820 armis,
1575 772 1650 810 sine
1665 772 1837 824 equitatu,
1858 772 1933 811 sinc
1946 772 2137 819 militibus,

1179 833 1317 873 hostem
1340 833 1374 871 in
1388 842 1600 885 potestatem
1621 849 1721 873 suam
1741 835 1876 887 accepit
1887 851 1902 880 ;
1917 843 1951 873 ct
1971 834 2066 886 quod
2088 845 2138 873 est

1179 895 1340 935 omnium
1360 894 1577 946 maximum,
1591 897 1708 934 Deum
1727 910 1809 948 erga
1824 911 1860 934 se
1876 897 2137 936 benevolentio-

1180 972 1254 997 rem
1278 955 1453 995 reddidit.

1235 1024 1271 1063 5.
1305 1025 1385 1063 Non
1408 1025 1502 1063 enim
1533 1040 1573 1064 eo
1606 1025 1750 1064 beatum
1789 1025 1946 1079 praedico
1977 1037 2138 1065 sanctum

1179 1083 1298 1134 illum,
1322 1085 1420 1137 quod
1456 1086 1593 1124 hostem
1615 1086 1745 1125 viderit
1779 1087 1848 1125 sub
1883 1087 2034 1140 pedibus
2065 1087 2139 1126 suis

1176 1145 1369 1198 jacentem,
1393 1146 1456 1186 sed
1481 1147 1578 1198 quod
1598 1148 1651 1185 illi
1676 1147 1711 1186 in
1747 1163 1874 1187 manus
1903 1148 1987 1187 dato
2013 1163 2139 1202 peper-

1181 1207 1279 1245 cerit.
1301 1208 1466 1255 Quorum
1486 1209 1639 1247 alterum
1658 1209 1727 1247 suit
1742 1224 1832 1262 opus
1858 1209 1994 1248 divinae
2014 1219 2138 1263 poten-

1134 1281 1156 1311 Β
1181 1268 1253 1318 tim,
1277 1270 1429 1308 alterum
1449 1271 1526 1323 ejus
1540 1270 1789 1323 philosophiae.
1803 1271 1994 1318 Quomodo
2006 1271 2138 1309 milites

1183 1330 1350 1384 deinceps
1370 1331 1475 1369 illum
1506 1332 1711 1370 observasse
1747 1341 2021 1371 consentancum
2053 1333 2134 1377 suit,

1183 1402 1315 1443 quanta
1332 1406 1415 1444 erga
1431 1393 1534 1431 illum
1554 1393 1800 1432 benevolentia
1827 1395 1938 1432 fuisse
1968 1395 2138 1433 affectos?

1182 1455 1275 1492 Nam
1290 1454 1320 1492 si
1352 1455 1451 1493 mille
1481 1455 1691 1494 habuissent
1719 1456 1826 1507 vitas,
1846 1471 1963 1494 annon
1997 1466 2137 1509 promte

1181 1514 1436 1568 impendissent
1456 1530 1521 1568 pro
1538 1531 1603 1554 suo
1621 1516 1723 1565 duee,
1752 1518 1829 1569 jam
1866 1532 1911 1556 ex
1942 1518 2136 1556 reverentia

1180 1590 1288 1627 quam
1304 1576 1397 1614 hosti
1414 1577 1593 1629 praestitit,
1614 1578 1730 1630 reipsa
1762 1588 1986 1632 perspectum
2000 1579 2134 1617 haben-

1182 1645 1246 1687 tes,
1261 1651 1368 1688 quam
1378 1637 1590 1677 benevolum
1602 1639 1763 1677 animum
1780 1649 1914 1691 gereret
1927 1654 2008 1692 erga
2025 1642 2134 1678 suos?

1181 1699 1274 1737 Nam
1293 1698 1324 1737 is
1357 1698 1419 1750 qui
1436 1698 1534 1737 mitis
1552 1713 1593 1737 ac
1626 1710 1830 1738 mansuetus
1863 1702 1987 1739 eratin
2019 1716 2090 1751 eos,
2117 1717 2137 1739 a

1181 1759 1312 1811 quibus
1342 1759 1503 1799 molestia
1522 1761 1669 1799 affectus
1689 1771 1754 1809 est,
1773 1762 1886 1800 multo
1922 1763 2038 1815 magis
2071 1764 2138 1802 erit

1182 1834 1265 1872 erga
1281 1821 1472 1860 beneroles
1491 1836 1573 1860 eum
1585 1823 1752 1861 affectum
1764 1832 1927 1875 gesturus
1944 1840 1951 1860 :
1967 1839 2045 1875 quae
2056 1839 2139 1877 pro-

1181 1883 1272 1921 fecto
1290 1898 1346 1922 res
1361 1883 1430 1921 fuit
1449 1883 1503 1921 illi
1526 1884 1727 1922 maximum
1761 1885 1964 1923 securitatis
1995 1885 2136 1938 pignus.

1183 1946 1231 1983 At
1249 1959 1319 1983 non
1342 1945 1378 1982 in
1401 1945 1522 1998 ipsum
1551 1945 1659 1984 modo
1689 1946 1995 1985 benevolentiores
2022 1957 2135 1997 erant,

1180 2005 1418 2044 verumetiam
1439 2005 1611 2045 adversus
1640 2007 1758 2046 hostes
1780 2009 2011 2060 promtiores:
2041 2010 2138 2060 quod

1181 2067 1311 2106 scirent
1349 2082 1386 2106 se
1419 2069 1536 2106 Deum
1568 2068 1699 2107 habere
1734 2079 2045 2122 propugnatorem,
2076 2072 2138 2122 qui

1181 2143 1321 2182 semper
1337 2129 1475 2168 adesset
1493 2129 1591 2179 duci,
1611 2130 1778 2169 omnibus
1793 2131 1892 2169 illius
1920 2132 2027 2184 gestis
2057 2147 2137 2185 pro-

1180 2191 1347 2244 spiciens.
1371 2191 1510 2230 ldcirco
1529 2201 1651 2245 postea
1670 2193 1817 2242 Dat-idi,
1836 2207 1906 2231 non
1917 2195 1993 2246 jam
2018 2204 2058 2232 ut
2074 2195 2137 2233 ho-

1180 2251 1282 2301 mini,
1311 2251 1373 2290 sed
1393 2261 1432 2290 ut
1451 2253 1578 2304 angelo
1606 2253 1792 2306 parebant.
1826 2255 1949 2306 ltaque
1967 2255 2087 2294 David
2105 2266 2138 2295 et

1178 2313 1392 2366 priusquam
1429 2315 1526 2352 Deus
1567 2314 1638 2367 ipsi
1678 2315 1878 2354 mercedem
1920 2317 2137 2370 rependeret,

1180 2373 1339 2412 etiamin
1361 2374 1429 2413 hae
1450 2375 1524 2414 vita
1551 2376 1669 2429 majus
1701 2377 1836 2429 accepit
1864 2379 2069 2430 prmmium,
2098 2395 2140 2417 ac

1180 2434 1414 2475 illustriorem
1429 2437 1710 2476 tulitvictoriam
1732 2448 1872 2477 servato
1891 2440 2010 2490 Saule,
2030 2455 2136 2491 quam

1182 2497 1213 2535 si
1227 2511 1310 2536 eum
1327 2508 1523 2538 mactasset.
1542 2499 1652 2546 Quod
1668 2500 1763 2538 enim
1775 2510 1913 2539 tantum
1933 2501 2135 2541 lucrifecis-

1180 2567 1231 2597 set
1248 2559 1364 2598 occiso
1388 2560 1502 2608 hoste,
1541 2570 1716 2612 quantum
1747 2575 1840 2601 nunc
1865 2562 1949 2600 tulit
1976 2563 2028 2600 illi
2055 2578 2137 2616 par-

1133 2641 1158 2671 D
1180 2619 1421 2659 cend03’Haec
1440 2622 1552 2673 igitur
1576 2631 1609 2660 et
1636 2631 1675 2659 tu
1708 2631 1825 2661 tecum
1859 2623 2034 2676 expende,
2075 2625 2135 2663 ubi

1180 2682 1314 2735 ceperis
1335 2697 1417 2721 eum
1434 2683 1496 2734 qui
1518 2693 1550 2722 te
1579 2683 1683 2734 laesit,
1700 2684 1814 2723 multo
1845 2699 1918 2723 esse
1953 2687 2068 2738 majus
2095 2701 2136 2724 ac

78 2757 134 2785 νος
165 2741 224 2780 καὶ
255 2742 377 2796 μικρὸν
408 2742 626 2797 καρτερήσας
658 2744 796 2797 χρόνον,
824 2745 989 2798 γάννυται
1016 2747 1107 2798 μετὰ

78 2805 188 2840 ταῦτα
218 2803 278 2841 καὶ
301 2810 435 2856 τρυφᾷ,
465 2805 623 2857 χρηστὰς
649 2805 833 2857 ἀναμένων
857 2807 1022 2856 ἐλπίδας,
1047 2808 1106 2846 καὶ

1179 2743 1358 2782 lucrosius
1376 2758 1534 2797 pamere,
1557 2759 1666 2796 quam
1699 2745 1861 2798 perdere.
1888 2747 2075 2799 Siquidem
2106 2749 2154 2790 is
2169 2745 2262 2773 ³¹⁰¹‘0
2280 2757 2337 2772 ¹¹¹³·

1179 2805 1242 2858 qui
1269 2804 1400 2843 occidit
1442 2805 1642 2855 inimicum,
1673 2807 1874 2858 frequenter
1898 2809 2026 2862 etipse
2060 2824 2134 2848 sese
2145 2797 2269 2866 ³1:⁴15
2264 2798 2335 2865 [ers.

78 2864 140 2908 τὰς
156 2864 305 2914 ἀμοιὸὰς
319 2867 381 2911 τῆς
396 2864 615 2911 ἀνεξικακίας
638 2867 736 2922 παρὰ
759 2872 820 2907 τοῦ
847 2870 941 2908 Θεοῦ
956 2871 1107 2921 προσδο-

77 2941 109 2963 κ(
111 2941 160 2964 ‚v
189 2925 258 2964 Και
281 2925 314 2963 εἴ
336 2941 420 2964 ποτε
438 2928 622 2978 περιπέσοι
641 2929 707 2966 τινὶ
725 2930 843 2984 δεινῶ,
862 2930 952 2981 μετα
972 2931 1105 2978 πολλῆς

77 2986 309 3039 παῤῥησίας’
290 2987 479 3034 απαιτὴσει
495 2986 553 3025 τὸν
577 2988 668 3027 Θεὸν
691 2988 755 3036 τὴν
775 2991 972 3030 ἀντίδοσιν·
990 2992 1104 3030 καθα-

76 3062 143 3100 περ
160 3049 218 3084 οὖν
239 3047 298 3085 καὶ
315 3051 412 3092 οὗτος
440 3047 553 3086 ἁπαντ
556 3064 603 3087 ων
626 3050 808 3096 ἀπ-ἡλαυσε
830 3067 973 3099 τουτων,
995 3053 1105 3104 μεγά-

74 3108 136 3152 λας
152 3107 212 3146 καὶ
234 3108 437 3159 Θαυμαστὰς
456 3125 518 3155 της
539 3124 655 3161 περι
639 3110 697 3148 τὸν
716 3112 835 3164 εχΟρὸν
854 3129 976 3152 τουτον
994 3129 1038 3160 κη
1043 3114 1102 3151 δε-

76 3169 196 3218 μονίας
218 3169 305 3207 h?
290 3185 337 3207 ων
360 3169 457 3222 παρὰ
484 3173 545 3208 τοῦ
568 3172 661 3210 Θεοῦ
687 3172 749 3216 τὰς
774 3173 957 3223 ἀμοιὲὰς’
947 3174 1102 3228 ὕστερον.

1179 2865 1443 2914 condemnabit,
1461 2881 1608 2919 pravam
1625 2882 1749 2919 gerens
1768 2867 2031 2918 conscientiam,
2045 2871 2154 2910 dum
2147 2872 2180 2897 ‘²¹
2169 2882 2212 2897 Η·

1180 2928 1216 2966 ἰῐι
1236 2928 1397 2979 singulos
1415 2927 1491 2967 dies
1510 2938 1543 2966 et
1563 2929 1724 2980 singulas
1744 2930 1850 2969 horas
1871 2946 1889 2969 a
1912 2943 2056 2985 peceato
2072 2935 2133 2972 illo

1181 2999 1329 3041 urgente
1362 2989 1543 3041 affligetur
1567 3006 1574 3027 :
1599 3000 1635 3028 at
1663 2992 1724 3043 qui
1760 2993 1929 3045 peremit,
1963 2995 2133 3047 brevique

1180 3060 1336 3104 tempore
1346 3051 1435 3089 vicit
1455 3052 1602 3090 affectus
1619 3067 1715 3102 suos,
1728 3063 1805 3106 post
1817 3056 1972 3094 exsultat
1986 3057 2130 3094 aedelr-

1175 3122 1292 3151 ctatur
1306 3112 1442 3165 optima
1466 3127 1528 3165 spe
1547 3113 1672 3162 fultus,
1701 3129 1741 3153 ac
1767 3115 1961 3154 tolerantia*
1988 3118 2130 3169 ,ιι-νηπίη

1175 3183 1384 3227 exspectans
1414 3189 1433 3212 a
1466 3175 1553 3213 Deo.
1577 3175 1734 3233 Quodsi
1765 3178 1960 3228 quantluin
1984 3178 2129 3228 aliquod

75 3227 180 3268 Ἀλλὰ
208 3229 277 3283 γαρ
302 3230 335 3268 ’ίο
322 3231 432 3282 Σωμεν
458 3230 518 3268 καὶ
546 3233 589 3269 τὰ
619 3231 708 3282 μετὰ
736 3236 858 3272 ταῦτα.
893 3235 964 3274 Καὶ
985 3234 1018 3280 ἐξ
1020 3237 1104 3282 ἦλθε
1128 3247 1152 3278 Β
1178 3236 1314 3274 malum
1332 3234 1510 3285 inciderit,
1529 3236 1642 3274 multa
1663 3252 1743 3276 cum
1759 3238 1890 3276 fiducia
1905 3239 2128 3277 mei-cedema

75 3291 185 3330 Δαυιδ
216 3293 255 3330 ἐκ
287 3296 347 3330 τοῦ
377 3291 575 3339 σπτὶαίου,
609 3309 726 3345 φησιν,
755 3293 869 3334 ὀπίσω
899 3295 1017 3336 Σαουλ
1047 3312 1105 3334 και

76 3350 220 3398 ἐξόησεν
238 3352 351 3392 ὀπίσω
372 3355 496 3400 αὐτοῦ,
522 3351 610 3390 οὕτω
633 3353 762 3405 λέγων·
784 3354 881 3407 κύριέ
907 3371 972 3407 μου
1002 3361 1105 3408 βασι-

78 3413 148 3450 λεῦ.
179 3413 246 3453 Καὶ
278 3413 445 3465 ἀνέῐὲλεψε
474 3413 589 3453 Σαοὺλ
617 3415 729 3454 ὀπίσω
762 3418 886 3464 αὐτοῦ,
913 3419 971 3456 καὶ
1003 3420 1105 3468 ἔκυᾷε

1178 3298 1254 3335 Deo
1280 3305 1437 3348 reposcet
1471 3312 1478 3332 τ
1516 3297 1821 3348 quemadmodum
1854 3308 1885 3335 et
1919 3299 2129 3350 lnic1n.·gn.1

1179 3358 1339 3408 miraque
1359 3357 1393 3395 in
1416 3357 1552 3396 bostem
1567 3359 1736 3397 exhibita:
1753 3360 1954 3397 reverentia·
1985 3362 2127 3412 pra-iiiia

1179 3418 1346 3470 deinceps
1367 3417 1543 3456 divinitus
1560 3419 1701 3471 recepit.
1723 3419 1790 3457 Sed
1825 3434 1903 3470 quw
1935 3431 2129 3471 minuuntur
