2516 3791
673 219 732 249 DE
769 217 936 249 navim:
972 215 1027 246 Εἰ·
1063 213 1210 244 saum
1247 211 1435 241 nonum
1471 210 1539 240 ιιι.
2051 192 2143 256 905

88 309 231 349 δυνατὸν
256 307 397 346 ἅπασαν
424 303 625 343 ἀποπτύσαι
646 301 816 354 πονηρίαν
836 300 895 339 καὶ
926 296 1117 351 μεταὸαλέ-

88 375 180 418 σθαι,
197 369 256 409 καὶ
273 368 360 420 πρὸς
374 366 414 405 τὸ
432 365 568 417 βέλτιον
590 364 789 403 ἐπανελθεῖν
803 377 813 409 ;

143 677 206 724 Μὴ
224 675 340 715 τοίνυν
359 675 690 727 καταῤῥᾳθυμῶμεν
704 675 768 719 τῆς
786 672 919 709 ἑαυτῶν
937 667 1123 719 σωτηρίας.

92 737 167 778 Κᾶν
200 737 268 790 γὰρ
298 736 385 790 πρὸς
416 735 504 774 αὐτὰ
537 736 802 786 κατενεχθῶμεν
833 735 895 779 τῆς
922 729 1047 772 κακίας
1079 728 1124 767 τὰ

94 798 256 850 βάραθρα
268 827 278 844 ,
302 796 446 835 δυνατὸν
469 795 610 838 ἑαυτοὺς
629 793 895 840 ἀνακτήσασθαι
914 792 1020 830 πάλιν
1035 819 1044 837 ,
1064 789 1124 828 καὶ

91 859 251 912 γενέσθαι
273 857 438 910 βελτίους,
455 856 516 894 καὶ
530 862 648 894 πᾶσαν
665 854 857 893 ἀποθέσθαι
871 852 1011 891 κακίαν.
1036 844 1125 890 Εἶτα

91 919 127 958 τί
152 935 283 971 φησιν;
317 917 476 968 Ὀμοσόν
511 932 570 967 μοι
601 914 692 954 κατὰ
721 919 781 954 τοῦ
810 914 955 967 Κυρίου,
988 913 1046 951 ἵνα
1073 911 1122 963 μὴ

68 997 70 999 ·
92 980 337 1034 ἐξολοθρεύσῃς
356 980 396 1017 τὸ
414 977 558 1031 σπέρμα
580 992 646 1029 μου
665 977 779 1016 ὀπίσω
799 992 878 1027 μου,
896 975 954 1013 καὶ
972 973 1020 1025 μὴ
1035 976 1124 1026 ἀφα-

93 1041 192 1094 νίσῃς
227 1041 268 1080 τὸ
294 1040 406 1091 ὄνομά
427 1055 493 1090 μου
515 1042 554 1078 ἐκ
585 1043 645 1077 τοῦ
672 1037 767 1076 οἴκου
796 1042 856 1076 τοῦ
883 1035 1015 1088 πατρός
1045 1051 1124 1086 μου.

94 1101 222 1149 Δέησιν
243 1104 261 1139 ὃ
282 1099 444 1153 βασιλεὺς
460 1103 509 1153 τῷ
527 1099 648 1152 ἰδιώτῃ,
668 1099 849 1151 προσάγει,
869 1097 929 1136 καὶ
945 1096 1124 1150 ἱκετηρίαν

94 1162 231 1210 τίθησιν
251 1167 270 1202 ὁ
290 1163 330 1200 τὸ
350 1162 505 1212 διάδημα
525 1159 777 1214 περικείμενος,
796 1159 885 1211 ὑπὲρ
902 1162 971 1197 τῶν
990 1158 1124 1196 παίδων

94 1225 164 1261 τῶν
193 1224 316 1260 ἑαυτοῦ
339 1222 557 1274 παρακαλῶν
582 1220 640 1258 τὸν
667 1218 816 1272 φυγάδα.
850 1218 920 1257 Καὶ
945 1223 1046 1257 τοῦτο
1064 1219 1127 1263 τῆς

93 1289 153 1323 τοῦ
172 1284 283 1322 Δαυὶδ
314 1285 439 1335 ἀρετῆς
467 1281 656 1333 τεκμήριον
669 1311 678 1328 ,
709 1281 749 1318 τὸ
771 1280 852 1334 περὶ
873 1283 942 1318 τῶν
962 1279 1125 1318 τοιούτων

102 1347 277 1399 θαῤῥῆσαι
301 1344 360 1383 τὸν
381 1344 518 1396 ἐχθρόν.
549 1343 594 1381 Ei
613 1341 645 1380 δ’
667 1341 768 1395 ὅρκον
787 1345 941 1390 ἀπαιτεῖ,
959 1342 1022 1380 οὐκ
1042 1343 1127 1379 ἀπι-

100 1408 194 1443 στῶν
211 1406 262 1457 τῷ
281 1402 402 1457 τρόπῳ
417 1407 478 1442 τοῦ
496 1402 620 1448 Δαυὶδ,
641 1401 720 1440 ἀλλ’
741 1403 864 1440 ἐννοῶν
881 1401 948 1440 ὅσα
963 1402 1011 1444 εἷς
1027 1399 1128 1438 αὐτὸν

98 1466 287 1519 εἰργάσατο
306 1464 413 1503 κακά.
445 1463 604 1514 Ὀμοσόν
623 1479 695 1514 μοι,
717 1461 766 1514 μὴ
788 1462 955 1516 ἀφανίσαι
971 1462 1010 1500 τὸ
1024 1459 1130 1513 σπέρ-

101 1540 153 1579 μα
182 1539 248 1575 μου
274 1523 389 1562 ὀπίσω
409 1538 489 1574 μου.
525 1522 738 1575 Ἐπίτροπον
757 1522 814 1560 τὸν
835 1521 1002 1572 πολέμιον
1023 1535 1132 1559 κατα-

97 1583 268 1636 λιμπάνει
285 1585 355 1621 τῶν
376 1585 498 1622 ἑαυτοῦ
517 1581 667 1627 παίδων,
686 1581 746 1620 καὶ
764 1587 840 1626 ταῖς
859 1580 991 1620 ἐκείνου
1009 1579 1132 1633 χερσὶν

102 1645 259 1692 ἐντίθησι
279 1643 324 1682 τὰ
343 1642 488 1694 ἔκγονα,
519 1643 705 1695 μονονουχὶ
728 1645 792 1688 τῆς
810 1641 922 1686 δεξιᾶς
941 1643 1055 1680 αὐτῶν
1070 1642 1134 1679 λα-

104 1703 250 1755 ὂόμενος
280 1702 340 1741 διὰ
360 1705 429 1740 τῶν
463 1701 630 1755 ῥημάτων
664 1701 814 1749 τούτων,
859 1701 920 1739 καὶ
949 1701 1007 1739 τὸν
1043 1699 1134 1739 Θεὸν

105 1763 253 1815 μεσίτην
273 1762 438 1814 εἰσάγων.
476 1763 525 1800 Τί
546 1756 603 1801 οὖν
626 1764 644 1800 ὁ
661 1762 772 1800 Δαυίδ
784 1777 796 1811 5
816 1755 906 1814 Ἆρα
925 1761 990 1800 κᾶν
1012 1761 1135 1814 μικρὸν

107 1826 339 1878 εἷρωνεύσατο
380 1822 467 1874 πρὸς
503 1829 632 1872 ταῦτα;
665 1824 860 1875 Οὐδαμῶς·
896 1823 975 1861 ἀλλ’
1014 1823 1138 1866 εὐθέως

107 1887 294 1934 ἐπένευσε,
321 1886 382 1925 καὶ
410 1886 474 1933 τὴν
498 1885 603 1939 χάριν
636 1885 761 1925 ἔδωκε·
791 1885 851 1924 καὶ
869 1884 1139 1932 τελευτήσαντος

106 1953 168 1988 τοῦ
188 1948 322 1995 Σαοὺλ,
340 1951 378 1986 οὐ
398 1947 501 1999 μόνον
520 1949 584 1986 οὐκ
599 1946 815 1995 ἀπέκτεινεν,
831 1945 923 1986 ἀλλὰ
942 1947 1002 1985 καὶ
1020 1946 1137 1994 πλέον,

109 2003 157 2048 ῶν
177 2009 385 2061 ὡμολόγησε
397 2039 407 2056 ,
435 2008 514 2046 τότε
541 2007 712 2062 παρέσχε.
749 2008 820 2046 Τὸν
837 2007 905 2060 γὰρ
922 2007 1060 2061 ἔκγονον
1080 2008 1137 2047 τὸν

109 2070 231 2110 τούτου
243 2101 253 2119 ,
279 2070 394 2123 χωλὸν
415 2069 500 2108 ὄντα
516 2069 576 2108 καὶ
595 2068 849 2122 πεπηρωμένον
871 2070 911 2108 τὸ
930 2069 1070 2118 σκέλος,
1094 2071 1140 2113 εἰς

109 2130 173 2179 τὴν
203 2130 317 2170 οἰκίαν
353 2129 520 2182 εἰσήγαγε
552 2129 616 2177 τὴν
640 2132 789 2178 ἑαυτοῦ,
815 2130 875 2168 καὶ
905 2129 1141 2183 ὁμοτράπεζον

111 2191 280 2240 ἐποίησε,
307 2190 368 2230 καὶ
397 2194 459 2238 τῆς
491 2190 659 2242 μεγίστης
689 2190 817 2237 ἠξίωσε
846 2195 972 2243 τιμῆς·
1001 2191 1061 2230 καὶ
1082 2194 1143 2230 οὐκ

111 2253 283 2308 ἠρυθρία,
302 2252 374 2292 οὐδ’
392 2251 666 2300 ἐνεκαλύπτετο,
694 2251 771 2290 οὐδὲ
788 2252 851 2299 τὴν
871 2252 1047 2305 τράπεζαν
1067 2252 1141 2291 ἐνό-

114 2318 194 2368 μιζε
217 2317 519 2367 καταισχυνθῆναι
547 2314 611 2362 τὴν
635 2314 822 2366 βασιλικὴν
841 2319 885 2367 τῇ
905 2315 1064 2369 πηρώσει
1083 2319 1142 2354 τοῦ

114 2376 239 2420 παιδός
254 2391 262 2399 ·
285 2375 364 2414 ἀλλ’
383 2375 679 2420 ἐνεκαλλωπίζετο
694 2376 755 2414 καὶ
771 2376 977 2430 ἐνηὸρύνετο
997 2379 1143 2428 μᾶλλον.

117 2437 189 2476 Καὶ
216 2436 285 2488 γὰρ
310 2435 456 2479 ἕκαστος
481 2440 551 2475 τῶν
577 2437 871 2476 συνδειπνούντων
893 2441 1008 2492 αὐτῷ,
1036 2438 1146 2490 μεγά-

117 2499 183 2545 λην
202 2497 404 2550 φιλοσοφίας
419 2497 648 2536 διδασκαλίαν
668 2498 862 2550 λαμὸάνων
881 2500 998 2553 ἀπῄει.
1030 2500 1146 2553 “Ορῶν

120 2558 190 2612 γὰρ
210 2558 268 2596 τὸν
297 2557 437 2609 ἔκγονον
452 2562 512 2597 τοῦ
528 2558 667 2607 Σαοὺλ,
693 2565 754 2598 τοῦ
768 2565 920 2600 τοσαῦτα
936 2561 1029 2601 κακὰ
1045 2565 1149 2615 ἐργα-

121 2618 274 2670 σαμένου
298 2619 356 2658 τὸν
375 2618 504 2668 Δαυὶδ,
524 2619 698 2667 τοσαύτης
719 2622 940 2662 ἀπολαύοντα
954 2625 1039 2678 παρ’
1057 2625 1152 2676 αὐτῷ

121 2683 249 2732 τιμῆς,
279 2681 310 2718 εἰ
328 2681 389 2718 καὶ
403 2681 543 2720 πάντων
566 2681 696 2734 Θηρίων
713 2682 924 2737 ἀγριώτερος
941 2679 1006 2735 ἦν,
1030 2686 1154 2738 αἴσχυ-

130 2743 272 2794 νόμενος
307 2741 367 2781 καὶ
402 2745 567 2796 ἐρυθριῶν
600 2744 685 2795 πρὸς
716 2744 874 2790 ἅπαντας
905 2745 984 2791 τοὺς
1016 2746 1157 2799 ἐχθροὺς

132 2803 331 2844 ἐσπένδετο.
361 2805 486 2843 Καίτοι
507 2807 537 2843 εἰ
553 2805 612 2843 καὶ
632 2805 798 2860 ἑτέρωθεν
817 2810 913 2861 αὐτῷ
926 2808 1056 2862 τροφὴν
1075 2810 1158 2846 ἐπέ-

127 2865 209 2910 ταξε
223 2895 234 2913 ,
265 2865 326 2902 καὶ
355 2865 558 2918 σιτηρέσιον
577 2865 685 2920 ὥρισε
700 2869 912 2921 τεταγμένον
931 2870 1020 2909 πολὺ
1036 2901 1046 2918 ,
1069 2870 1160 2920 μέγα

127 2921 188 2974 ἦν·
210 2926 250 2965 τὸ
272 2925 307 2964 δὲ
328 2925 388 2964 καὶ
407 2927 454 2970 εἷς
476 2926 582 2973 αὐτὴν
604 2929 707 2967 αὐτὸν
735 2932 878 2982 ἀγαγεῖν
899 2931 964 2978 τὴν
983 2931 1158 2984 τράπεζαν

127 2986 324 3041 ὖπερὸολὴν
345 2987 418 3040 ἔχει
444 2987 659 3040 φιλοσοφίας.
693 2990 788 3029 Ἰστε
812 2993 878 3045 γὰρ
894 2993 1026 3039 δήπου,
1056 2995 1101 3036 ὡς
1123 2994 1161 3030 Οὐ

131 3048 264 3102 σφόδρα
293 3048 437 3101 εὔπορον
471 3051 605 3111 ἐχθρῶν
624 3051 753 3095 παῖδας
776 3055 899 3104 φιλεῖν.
934 3053 982 3091 Τί
1000 3053 1092 3104 λέγω
1107 3070 1162 3092 02-

1116 3094 1121 3105 ¹
1175 3086 1223 3111 7⁸³

1190 303 1267 332 turn
1281 292 1439 347 potentia
1453 299 1664 345 superasset,
1677 290 1745 329 nisi
1757 290 1874 328 Deum
1888 289 2033 327 haberet
2046 289 2130 341 adju
2140 313 2148 318 -

1190 364 1326 405 torem,
1348 367 1455 407 porro
1469 353 1532 405 qui
1555 354 1671 391 Deum
1694 352 1802 391 habet
1817 351 2011 397 sava-ntem,
2032 352 2146 389 omni-

1191 417 1259 455 bus
1283 424 1337 454 est
1362 415 1550 468 potentior.
1580 413 1694 454 Vides
1716 413 1761 451 ad
1789 422 1959 464 quautam
1986 413 2144 465 philoso-

1193 477 1316 531 phiam
1327 477 1415 516 Saiil
1429 485 1509 530 post
1522 475 1672 515 insidias
1688 475 1865 514 deductus
1880 474 1926 512 sit
1938 475 1956 512 Ρ
1971 474 2072 512 vides
2088 476 2147 525 qui

1193 539 1272 577 fieri
1300 538 1430 591 possit,
1451 547 1492 576 ut
1512 537 1678 576 inimicus
1708 550 1848 575 omnem
1877 545 2027 589 exspuat
2048 536 2151 573 inali-

1194 600 1297 649 tiam,
1324 599 1606 650 immutatusque
1631 597 1679 636 ad
1712 597 1856 636 meliora
1881 611 1955 634 sese
1982 596 2152 649 recipiat?

1248 661 1286 699 9.
1315 661 1369 699 Ne
1398 660 1553 700 velimus
1579 660 1700 711 itaque
1731 659 1775 697 de
1808 667 1925 696 nostra
1958 658 2073 695 salute
2096 657 2155 694 ‹lc--

1195 721 1371 776 spondere
1403 721 1582 760 animum.
1609 720 1913 773 Quandoquidem
1939 719 2076 758 etiarnsi
2109 719 2151 756 ad

1196 784 1274 837 ipsa
1307 783 1454 822 malitiae
1479 783 1650 822 barathra
1686 782 1857 821 fuerimus
1887 781 2048 822 deducti,
2078 781 2153 818 sieri

1195 854 1310 899 potest
1330 854 1371 883 ut
1391 857 1455 883 nos
1474 844 1570 897 ipsos
1604 844 1689 882 inde
1717 857 1939 884 revocemus,
1963 852 1996 880 et
2015 856 2152 879 omnem

1195 905 1418 959 deponamus
1438 905 1627 943 malitiam.
1646 905 1822 957 Deinceps
1849 903 1934 955 quid
1962 903 2036 941 aits‘
2055 905 2155 940 Juraz

1197 970 1295 1007 mihi
1315 982 1386 1020 per
1409 968 1552 1013 Deum,
1582 967 1687 1020 quod
1718 980 1796 1004 non
1826 966 1999 1004 abolehis
2027 980 2155 1003 semen

1197 1044 1322 1069 meum
1334 1037 1421 1082 post
1439 1043 1512 1076 me,
1532 1043 1601 1067 nec
1621 1029 1848 1066 obliterabis
1870 1041 2009 1065 nomen
2030 1041 2150 1063 mmm.

1197 1092 1371 1130 dedomo
1384 1093 1510 1143 patris
1525 1091 1632 1128 milti.
1650 1090 1728 1127 Rex
1744 1089 1926 1141 privatum
1945 1097 2046 1139 rogat
2068 1103 2074 1123 :
2093 1087 2153 1137 qui

1198 1151 1402 1191 diademate
1421 1151 1559 1190 cinctus
1581 1159 1652 1198 est,
1672 1149 1874 1202 supplicem
1887 1149 1974 1201 agit,
1995 1163 2057 1202 pro
2071 1147 2157 1185 (ilii.

1199 1213 1273 1253 suis
1291 1214 1452 1252 obsecrat
1465 1212 1639 1251 exsulem.
1660 1211 1707 1249 Et
1723 1211 1790 1249 hoc
1804 1210 1922 1263 ipsum
1937 1210 2056 1260 arguit
2077 1208 2154 1246 vir-

1199 1284 1313 1313 tutem
1322 1273 1492 1324 Davidis,
1505 1272 1603 1325 quod
1615 1272 1728 1312 hostis
1736 1286 1844 1309 ausus
1857 1271 1902 1309 sit
1916 1270 1991 1308 haec
2003 1270 2048 1307 ab
2062 1271 2159 1307 hoste

1199 1345 1330 1389 petere.
1356 1336 1450 1374 Nam
1467 1333 1565 1386 quod
1581 1331 1838 1386 jusjurandum
1868 1331 2000 1383 exigit,
2031 1345 2099 1368 non
2120 1345 2159 1367 eo

1199 1397 1307 1447 facit,
1324 1395 1423 1448 quod
1442 1395 1590 1434 diffidat
1607 1393 1762 1433 Davidis
1784 1393 1963 1438 moribus,
1983 1391 2043 1430 sed
2064 1391 2159 1443 quod

1200 1467 1340 1512 reputet
1354 1465 1441 1509 quot
1460 1456 1563 1494 malis
1589 1455 1696 1494 illum
1719 1454 1902 1493 affecisset.
1926 1456 2027 1492 Jura
2048 1455 2156 1497 mihi,
2242 1451 2360 1517 ¹¹¹·-s³]·'¹·

1203 1529 1241 1559 te
1255 1533 1334 1557 non
1347 1519 1587 1557 aboliturum
1601 1531 1731 1555 semen
1746 1530 1872 1554 meum
1883 1524 1969 1568 post
1987 1530 2060 1552 me.
2083 1514 2157 1551 llo·
2175 1504 2362 1560 ,υ1,,,.,.,,,’“,”,“,ἶ

2173 1493 2239 1519 Saul

1203 1591 1292 1621 stem
1304 1580 1392 1619 filiis
1401 1579 1475 1619 suis
1487 1579 1659 1630 relinquit
1671 1587 1837 1625 tutorem,
1846 1591 2018 1627 suamque
2027 1576 2161 1628 prolem
2176 1575 2272 1614 li‘11¹⁰-

1205 1642 1357 1682 ininius
1369 1639 1516 1693 deponit
1532 1653 1671 1686 manus,
1687 1638 1775 1677 dum
1795 1638 1852 1676 bis
1871 1637 1992 1677 verbis
2005 1637 2163 1675 filiorum

1206 1717 1248 1742 ac
1261 1701 1415 1742 Dav-fidis
1443 1715 1571 1739 manus
1601 1699 1886 1753 apprehendens,
1906 1700 2023 1737 Deum
2039 1714 2163 1750 seque-

1208 1775 1316 1804 strem
1325 1763 1474 1802 inducit.
1486 1761 1589 1810 Quid
1597 1762 1708 1815 igitur
1718 1760 1857 1800 David?
1867 1761 1963 1799 Num
1974 1760 2109 1799 vellevi
2117 1769 2166 1798 ter

1209 1825 1496 1866 dissimulatione
1511 1834 1544 1863 et
1556 1824 1671 1862 ironia
1685 1823 1733 1861 ad
1744 1823 1821 1861 haee
1834 1837 1920 1861 usus
1936 1822 2010 1860 est?
2025 1823 2167 1873 Nequa—

1210 1903 1322 1942 quam
1342 1903 1350 1924 :
1372 1887 1434 1926 sed
1451 1886 1615 1939 protinus
1636 1885 1778 1934 annuit,
1799 1883 1966 1936 quodque
1983 1884 2169 1936 petebatur

1212 1949 1382 1990 concessit
1395 1965 1403 1986 :
1416 1962 1458 1987 ac
1469 1957 1610 1986 mortuo
1622 1946 1744 1993 Saiile,
1760 1959 1830 1984 non
1841 1944 1948 1983 modo
1961 1959 2031 1982 non
2041 1944 2170 1983 occidit

1210 2012 1310 2051 illius
1322 2020 1497 2064 posteros,
1513 2008 1577 2048 sed
1588 2018 1667 2047 tum
1677 2008 1783 2061 plura
1797 2006 1961 2060 praestitit
1976 2020 2083 2057 quam
2097 2015 2171 2044 erat

1213 2073 1411 2128 pollicitus.
1428 2069 1610 2123 Siquidem
1634 2070 1753 2107 filium
1769 2069 1858 2121 ejuS,
1871 2082 1954 2106 eum
1973 2076 2063 2106 esset
2075 2067 2172 2105 clau-
2189 2083 2216 2102 2.
2239 2074 2301 2107 [ιρι
2331 2084 2336 2109 3
2357 2095 2360 2099 .

1215 2135 1283 2173 dus
1298 2148 1339 2172 ac
1354 2133 1485 2172 debilis
1514 2131 1691 2181 cruribus,
1713 2130 1751 2168 in
1772 2144 1873 2168 suam
1890 2129 2004 2181 ipsius
2024 2129 2173 2168 domum

1216 2192 1379 2241 induxit,
1396 2204 1541 2242 sumque
1556 2203 1685 2228 mensae
1702 2188 1786 2227 serit
1799 2188 2023 2241 participem,
2035 2202 2174 2227 summo

1215 2255 1322 2294 illum
1339 2254 1474 2292 honore
1503 2251 1687 2304 dignatus,
1709 2264 1773 2289 nec
1791 2251 1952 2299 erubuit,
1973 2265 2038 2289 nec.
2057 2251 2176 2289 occul-

1217 2317 1328 2365 tavit,
1344 2329 1409 2353 nec
1427 2314 1622 2352 arbitratus
1639 2321 1691 2351 est
1710 2311 1846 2363 regiam
1865 2325 2025 2350 mensam
2043 2311 2177 2350 claudi-

1218 2378 1356 2421 catione
1370 2375 1473 2429 pueri
1488 2373 1734 2423 dehonestari,
1750 2372 1812 2412 sed
1825 2372 1985 2411 decorari
1999 2374 2119 2426 potius
2138 2387 2178 2410 ac

1218 2438 1408 2477 lautiorem
1428 2436 1519 2476 fieri.
1537 2436 1722 2486 Quotquot
1735 2434 1831 2472 enim
1844 2448 1926 2472 cum
1944 2434 2006 2472 illo
2021 2433 2179 2472 discum—

1219 2500 1366 2549 bebant,
1384 2498 1532 2537 abibant
1546 2510 1714 2548 magnam
1729 2494 1966 2548 philosophiae
1982 2494 2179 2534 doctrinam

1223 2560 1444 2613 consequuti.
1471 2560 1563 2597 Cum
1595 2557 1691 2596 enim
1717 2556 1881 2594 viderent
1906 2556 2025 2594 Sa'ulis
2052 2557 2181 2605 filium,

1224 2623 1324 2664 illius
1338 2621 1399 2674 qui
1414 2629 1512 2658 tanta
1523 2618 1616 2657 mala
1631 2626 1790 2671 patrarat
1803 2616 1974 2656 adversus
1989 2617 2180 2667 Davidem,

1225 2695 1325 2726 tanto
1337 2685 1374 2722 in
1392 2682 1526 2720 honore
1539 2680 1665 2718 haberi
1679 2679 1776 2732 apud
1795 2679 1927 2732 ipsum,
1944 2679 2082 2717 etiamsi
2100 2679 2183 2717 feris

1228 2745 1396 2784 omnibus
1421 2741 1571 2780 fuissent
1596 2739 1821 2788 immitiores,
1842 2738 1980 2791 pudore
2010 2748 2126 2778 tamen
2145 2755 2184 2778 ac

1229 2807 1358 2846 rubore
1368 2818 1450 2843 cum
1463 2802 1630 2842 omnibus
1641 2800 1796 2840 inimicis
1806 2799 1968 2838 redibant
1977 2801 2013 2839 in
2022 2802 2184 2853 gratiam.

1230 2869 1459 2917 Quamquam
1480 2863 1509 2903 si
1528 2863 1635 2902 etiam
1650 2863 1725 2915 ipse
1741 2861 1886 2899 aliunde
1902 2861 1956 2899 illi
1971 2859 2093 2900 estium
2109 2862 2186 2900 dari

1228 2928 1410 2982 jussisset,
1429 2934 1636 2975 certumque
1659 2923 1778 2960 victus
1805 2921 1955 2961 modum
1975 2922 2187 2965 ordinasset,

1232 2988 1338 3028 valde
1360 2999 1531 3039 magnum
1547 2993 1623 3023 erat
1645 2999 1652 3020 :
1674 2982 1736 3022 sed
1758 2983 1862 3021 illum
1881 2982 1928 3021 ad
1947 2998 2049 3021 suam
2079 2984 2189 3037 ipsius

1235 3062 1392 3088 mensam
1407 3046 1579 3099 recipere,
1597 3044 1737 3083 eximia>
1753 3053 1807 3083 est
1820 3043 2070 3097 philosophice.
2087 3045 2190 3082 Scitis

131 3111 228 3159 λεῖν;
253 3109 315 3155 Μὴ
338 3115 451 3159 μισεῖν
473 3110 535 3160 μὲν
555 3113 627 3155 οὐν,
647 3111 729 3162 μηδ’
752 3113 916 3152 ἐλαύνειν.
936 3114 1069 3152 Πολλοὶ
1083 3118 1163 3164 γοῦν
1187 3125 1212 3152 A
1236 3111 1407 3164 profecto,
1427 3121 1497 3146 non
1513 3120 1587 3144 esse
1608 3105 1713 3144 sacile
1736 3105 1896 3143 hostium
1916 3105 2009 3143 filios
2029 3105 2188 3154 diligere.

133 3170 193 3209 καὶ
221 3171 502 3217 τελευτησάντων
530 3175 599 3209 τῶν
628 3174 762 3226 ἐχθρῶν
787 3176 834 3218 εἷς
849 3174 928 3219 τοὺς
943 3177 1070 3218 παῖδας
1089 3175 1166 3220 τοὺς

134 3231 274 3270 ἐκείνων
297 3231 360 3279 τὴν
381 3232 467 3284 πρὸς
485 3232 635 3277 ἐκείνους
656 3235 794 3286 ἀφῆκαν
809 3236 927 3287 ὀργήν.
956 3236 1051 3276 Ἀλλ’
1070 3238 1132 3289 οὐγ
1150 3240 1168 3275 ὃ

135 3298 290 3344 γενναῖος
317 3287 415 3336 οὗτος
430 3324 440 3341 ,
471 3294 561 3332 ἀλλὰ
581 3295 641 3332 καὶ
657 3297 771 3339 ζῶντα
790 3297 847 3335 τὸν
864 3297 1032 3348 πολέμιον
1052 3297 1169 3343 διε-π’,-

142 3368 238 3405 ρησε,
266 3353 326 3392 καὶ
354 3354 563 3398 ἀπελθόντος
584 3355 714 3395 ἐκείνου
730 3387 740 3405 ,
767 3355 830 3403 τὴν
858 3357 938 3412 περὶ
958 3359 1090 3397 ἐκείνου
1112 3358 1166 3397 εὔ-

153 3429 230 3452 οιαν
246 3415 293 3458 εἷς
307 3414 386 3459 τοὺς
400 3417 528 3460 παῖδας
547 3417 758 3462 ἐνεδείξατο.
781 3418 829 3456 Τί
845 3421 908 3464 τῆς
923 3420 1097 3472 τραπέζης
1111 3423 1172 3465 τῆς

304 3498 399 3523 ΤΟΜ.
434 3500 487 3523 tv.

1238 3171 1339 3221 Quid
1354 3169 1433 3208 dixi
1455 3168 1632 3219 diligere?
1652 3168 1733 3206 Non
1759 3165 1893 3211 odisse,
1917 3180 1985 3203 non
2014 3168 2193 3218 persequi,

1239 3245 1409 3284 magnum
1429 3239 1494 3268 est.
1517 3230 1640 3280 ltaque
1657 3226 1762 3266 multi
1779 3226 1955 3265 defunctis
1973 3226 2141 3276 inimicis,
2160 3228 2194 3265 in

1239 3295 1386 3333 illorum
1405 3292 1538 3330 liberos
1556 3290 1660 3339 iram,
1679 3303 1787 3340 quam
1808 3288 1843 3325 in
1864 3301 1922 3324 eos
1943 3286 2133 3334 habebant,
2151 3290 2197 3326 ‹ff-

1240 3355 1425 3394 fuderunt.
1449 3354 1491 3390 At
1507 3365 1575 3389 non
1600 3351 1648 3388 ita
1670 3361 1859 3401 generosus
1888 3361 1928 3384 ac
1950 3349 2222 3414 magnanimus¹
2271 3343 2401 3414 ¹¹i¹f¹⁸⁴¹c¹¹¹¹¹2⁵

2225 3400 2265 3414 ,Μ
2297 3399 2330 3412 ,,
2394 3399 2403 3405 .

1244 3418 1321 3462 iste,
1333 3414 1394 3454 sed
1407 3423 1440 3453 et
1454 3412 1634 3451 viventem
1652 3410 1837 3448 inimicum
1853 3408 2069 3456 observavit,
2088 3419 2120 3447 et
2141 3411 2202 3449 illo

1974 3482 2021 3526 svo
