2566 3791
325 198 413 254 184

322 294 390 333 sed
401 300 492 331 sunt
500 294 600 330 sicut
612 293 756 344 angeli.
775 292 911 331 Vidisti
924 291 1103 342 quomodo
1127 291 1163 328 in
1177 300 1270 328 terra

323 353 557 402 ambulantes,
575 361 609 390 et
627 366 772 405 corpore
785 351 995 390 circumdati
1005 350 1203 401 angelicam
1215 349 1271 388 vi-

322 425 395 453 tam
413 414 600 453 imitantur
613 415 675 464 qui
686 414 818 452 Christi
832 427 951 451 amore
965 411 1184 463 virginitatis
1197 425 1272 448 sor·

322 485 396 515 tem
415 475 650 528 acceperunt?
665 475 757 512 Nam
785 483 917 524 quanto
941 473 1020 510 haec
1038 472 1152 523 major
1171 480 1222 509 est
1240 478 1274 508 et

325 536 528 586 sublimior,
545 543 643 572 tanto
662 534 814 585 majores
837 541 919 571 sunt
944 541 978 570 et
998 546 1149 583 coronae,
1170 541 1206 570 et
1219 545 1273 570 re-

322 596 544 644 tributiones,
565 604 598 632 et
623 594 833 646 repromissa
857 594 951 631 bona
970 606 1092 631 eorum
1110 593 1173 644 qui
1192 607 1275 632 eum

322 656 391 693 hac
409 656 445 693 in
461 655 539 693 aliis
562 654 664 692 bonis
683 654 851 706 operibus
871 668 908 693 se
928 663 1107 693 exercent.
1138 654 1275 693 Adam

322 725 466 766 autem,
479 716 609 766 inquit,
626 718 804 768 cognovit
820 718 950 754 Evam
969 729 1129 754 uxorem
1144 729 1270 764 suam,

323 785 359 814 et
373 779 560 827 concepit,
576 785 613 814 et
623 779 767 828 peperit
784 777 896 815 Cain.
912 778 1105 828 Postquam
1118 791 1180 828 per
1194 777 1272 815 ino-
1296 779 1322 811 E

320 836 539 875 bedientiam
552 837 702 876 intravit
719 846 919 889 peccatum,
937 845 971 876 et
990 836 1160 876 sententia
1178 851 1274 876 mor-

320 898 407 936 tales
425 898 507 936 illos
528 898 632 948 fecit,
652 907 903 949 consequenter
926 898 1150 951 omnipotens
1176 900 1274 936 Deus

714 210 752 240 S.
791 209 979 240 JOANMS
1016 209 1260 240 CHRYSOST.
1297 209 1504 239 ARCRIEP.
1540 208 1901 241 CONSTANT1NOP.

1345 306 1412 338 σιν,
1432 290 1510 328 οὔτε
1524 289 1792 341 ἐκγαμίζονται,
1818 293 1895 332 ἀλλ’
1914 291 1997 331 εἰσὶν
2017 294 2063 336 ὡς
2083 292 2235 344 ἄγγελοι.
2255 285 2358 334 Εἶδες

1344 352 1418 393 πῶς
1436 352 1471 387 ἐν
1491 353 1535 402 γῇ
1563 350 1779 402 βαδίζοντες,
1803 353 1863 391 καὶ
1891 352 2030 404 σώματι
2058 354 2363 406 συμπεπλεγμένοι

1342 409 1406 456 τὴν
1427 410 1614 462 ἀγγελικὴν
1640 417 1827 463 μιμοῦνται
1850 413 2025 466 διαγωγὴν
2055 416 2087 453 οἳ
2111 415 2170 453 τὸν
2187 418 2249 462 τῆς
2270 430 2362 465 παρ-

1344 469 1458 515 θενίας
1475 473 1603 524 κλῆρον
1621 473 1868 525 ἀναδεξάμενοι
1884 475 1941 513 διὰ
1959 476 2017 514 τὸν
2046 480 2106 514 τοῦ
2124 477 2278 529 Χριστοῦ
2298 474 2363 513 πό-

1345 535 1401 570 θον
1409 548 1420 580 ;
1433 533 1453 553 *
1466 532 1567 585 υΟσῳ
1587 532 1656 586 γὰρ
1677 533 1722 585 μέ
1731 550 1767 585 (α
1785 535 1845 573 καὶ
1875 536 2006 587 ὑψηλὸν
2027 537 2068 576 τὸ
2096 543 2244 590 πρᾶγμα
2258 567 2267 585 ,
2299 551 2362 574 το-

1346 591 1456 645 σούτῳ
1487 595 1619 644 μᾶλλονι
1651 593 1686 632 δὲ
1727 594 1787 633 καὶ
1813 597 1934 648 πολλῷ
1967 596 2100 647 μείζους
2127 599 2159 635 οἱ
2183 596 2364 647 στέφανοι,

1346 653 1406 691 καὶ
1439 655 1476 691 αἱ
1507 653 1719 702 ἀντιδόσεις,
1746 654 1807 692 καὶ
1834 654 1879 693 τὰ
1903 657 2148 707 ἐπηγγελμένα
2163 656 2277 709 ἀγαθὰ
2294 663 2366 699 τοῖς

1346 715 1421 764 μετ’
1448 715 1555 761 αὖτῆς
1578 714 1638 753 καὶ
1665 714 1729 762 τὴν
1758 717 1828 754 τῶν
1859 719 1997 768 ἀγαθῶν
2021 716 2180 771 πράξεων
2201 717 2366 769 ἐργασίαν

1345 775 1627 827 ἐπιδειξαμένοις.
1647 776 1760 828 Ἀδὰμ
1779 776 1835 826 δὲ,
1857 777 1974 830 φησὶν,
1993 777 2080 829 ἔγνω
2103 778 2200 818 Εὔαν
2218 777 2282 825 τὴν
2307 794 2367 830 γυ·

1345 842 1449 876 ναῖκα
1465 839 1570 876 αὐτοῦ
1580 837 1664 886 ,καὶ
1677 838 1898 878 συλλαὸοῧσα
1911 839 2008 878 ἔτεκε
2023 839 2081 878 τὸν
2101 839 2203 878 Κάϊν.
2220 838 2366 886 Ἐπειδὴ

1346 899 1494 943 ἐπῆλθεν
1511 901 1533 944 ἡ
1553 898 1710 950 ἁμαρτία
1729 899 1786 937 διὰ
1804 902 1866 946 τῆς
1884 903 2082 953 παρακοῆς,
2099 900 2159 938 καὶ
2179 903 2201 946 ἡ
2228 900 2368 951 ἀπόφα-

320 957 516 996 secundum
526 972 626 996 suam
641 958 850 1010 sapientiam
861 958 1013 997 humani
1039 958 1271 1010 generispro-
1285 978 1334 1003 156
1345 975 1399 1002 σις
1426 958 1567 1005 θνητοὺς
1599 959 1722 1004 αὐτοὺς
1749 960 1955 1013 εἰργάσατο,
1982 961 2102 999 λοιπὸν
2125 963 2143 999 ὃ
2171 961 2368 1012 εὐμήχανος

320 1018 502 1071 pagationi
517 1019 714 1068 consulens,
726 1019 895 1057 concessit
908 1033 972 1071 per
985 1019 1118 1057 coitum
1129 1028 1275 1057 auctum
1301 1016 1323 1044 A
1345 1017 1435 1060 Θεὸς
1455 1018 1548 1056 κατὰ
1566 1018 1629 1064 τὴν
1651 1022 1773 1058 ἑαυτοῦ
1794 1021 1916 1073 σοφίαν
1945 1021 2008 1068 τὴν
2027 1021 2194 1073 διαμονὴν
2221 1025 2282 1059 τοῦ
2298 1023 2368 1059 τῶν

320 1079 364 1116 iri
384 1087 545 1117 nostrum
560 1092 681 1130 genus.
694 1081 731 1117 E
735 1088 748 1117 t
763 1080 877 1126 dixit,
893 1080 1058 1118 Possedz·
1078 1081 1274 1116 hominem

317 1153 385 1189 per
404 1140 541 1176 Deum.
560 1139 655 1179 Vide
673 1139 852 1191 quomodo
869 1153 971 1191 poena
987 1139 1122 1177 inflicta
1140 1139 1271 1177 mulie-

319 1213 395 1237 rem
414 1198 667 1248 emendaverit,
688 1200 940 1251 melioremque
958 1199 1168 1239 reddiderit.
1181 1201 1274 1238 Nam

319 1260 480 1312 puellum
499 1269 623 1299 natum
649 1275 719 1299 non
743 1271 892 1311 naturae,
913 1261 978 1300 sed
991 1263 1068 1300 Deo
1086 1270 1275 1314 acceptum

319 1321 436 1369 refert,
451 1329 664 1372 gratumque
681 1321 841 1359 animum
854 1321 1020 1360 declarat.
1036 1322 1171 1362 Vidisti
1185 1337 1274 1373 quo-

319 1380 424 1418 modo
440 1394 545 1432 poena
559 1381 814 1420 admonitionis
833 1382 911 1420 loco
932 1381 1006 1420 illis
1024 1382 1158 1421 fuerit?
1176 1385 1273 1421 Pos-

320 1441 402 1478 sedi
414 1440 657 1492 enim,inquit,
667 1443 862 1481 hominem
874 1457 943 1494 per·
957 1444 1097 1482 Deum.
1114 1444 1196 1482 Non
1213 1458 1274 1481 na-

319 1511 413 1552 tura,
432 1501 563 1552 inquit,
584 1503 776 1554 puerulum
803 1503 894 1541 mihi
929 1502 1045 1554 dedit,
1064 1503 1126 1542 sed
1149 1503 1274 1543 divina

322 1562 449 1612 gratia.
465 1565 502 1600 2
521 1564 575 1600 Et
594 1564 739 1614 adjecit
758 1571 799 1601 ut
814 1572 968 1615 pareret
978 1565 1149 1616 fratrem
1167 1566 1274 1604 illius

319 1622 439 1660 Abel.
457 1622 552 1669 Quia
567 1636 632 1674 pro
647 1632 730 1661 nato
745 1623 821 1662 filio
836 1633 936 1675 grata
950 1624 1033 1675 fuit,
1052 1634 1085 1663 et
1099 1626 1200 1678 prius
1212 1626 1274 1664 be-

318 1684 488 1722 neficium
516 1684 678 1735 agnovit,
702 1695 890 1735 assequuta
912 1694 964 1724 est
982 1694 1016 1724 et
1035 1686 1147 1725 aliud.
1174 1687 1274 1725 Talis

317 1744 412 1781 enim
442 1753 494 1782 est
528 1744 705 1782 Dominus
738 1753 858 1783 noster
878 1761 885 1781 :
908 1746 1051 1796 quando
1080 1747 1117 1784 in
1148 1747 1275 1799 primis

317 1812 460 1855 gratum
492 1803 653 1841 animum
683 1803 922 1856 declaramus,
956 1814 990 1843 et
1016 1806 1275 1846 benefactorem
1299 1824 1323 1854 B

318 1864 560 1914 agnoscimus,
579 1863 714 1915 largius
735 1878 798 1902 sua
817 1864 910 1903 dona
927 1865 1030 1904 nobis
1049 1877 1184 1919 erogat.
1201 1870 1274 1907 Ita-

317 1938 386 1974 que
408 1924 493 1974 quia
513 1933 545 1962 et
574 1924 641 1963 ista
672 1926 749 1963 Deo
780 1935 924 1977 partum
953 1926 1160 1980 adscripsit,
1182 1944 1274 1982 pro-

316 1993 436 2036 pterea
452 1994 485 2023 et
503 1985 616 2023 alium
635 1986 765 2038 accipit
778 1987 982 2039 puerulum.
999 1990 1147 2028 Summa
1167 1990 1273 2040 enim,

314 2054 546 2096 posteaquam
578 2046 797 2086 subintravit
830 2048 1054 2098 mortalitas,
1081 2051 1274 2089 consolatio

315 2114 390 2142 crat
405 2106 563 2143 filiorum
576 2106 763 2144 successio.
773 2106 819 2144 Et
835 2106 969 2146 idcireo
984 2110 1161 2161 benignus
1177 2112 1274 2150 Deus

316 2165 436 2203 statim
447 2166 492 2204 ab
507 2166 609 2204 initio
623 2167 797 2218 puniendi
806 2169 1029 2206 severitatem
1042 2170 1271 2218 imminuens,

315 2235 348 2263 et
369 2226 566 2264 terribilem
598 2227 723 2265 mortis
755 2241 944 2279 personam
970 2231 1145 2278 auferens,
1184 2231 1274 2270 libe-

316 2300 440 2324 rorum
469 2288 728 2326 successionem
746 2288 898 2339 largitus
919 2299 983 2336 est,
1009 2291 1272 2340 quodammodo

316 2346 510 2397 imaginem
538 2348 809 2386 resurrectionis
839 2363 902 2400 per
930 2350 1000 2388 hoc
1025 2352 1270 2403 subindicans,

317 2416 350 2444 ct
374 2407 597 2459 dispensans,
620 2418 659 2446 ut
677 2423 741 2460 pro
763 2409 973 2449 cadentibus
996 2411 1057 2449 alii
1075 2424 1271 2465 resurgant.

317 2469 526 2520 Etfactus
558 2477 628 2515 est,
655 2469 787 2519 inquit,
816 2469 926 2508 Abel
951 2480 1089 2522 pastor
1115 2476 1272 2519 ovium,-

1345 1077 1536 1130 ἀνθρώπων
1573 1079 1692 1130 γένους
1727 1083 1930 1132 οἰκονομῶν,
1963 1082 2186 1136 συνεχώρησε
2217 1082 2275 1120 διὰ
2307 1085 2369 1129 τῆς

1345 1138 1528 1182 συνουσίας
1549 1139 1741 1187 αὐξηθῆναι
1757 1142 1799 1179 τὸ
1814 1141 1921 1192 γένος.
1942 1142 2014 1181 Καὶ
2033 1137 2144 1191 εἶπεν,
2165 1143 2368 1193 ἐκτησάμην

1345 1200 1526 1252 ἄνθρωπον
1548 1200 1605 1238 διὰ
1618 1205 1678 1239 τοῦ
1699 1203 1807 1240 Θεοῦ.
1827 1201 1925 1254 ’Ὀρα
1940 1204 2017 1246 πῶς
2037 1204 2078 1242 τὸ
2093 1203 2276 1255 γενόμενον
2294 1206 2369 1242 ἐπι-

1343 1260 1458 1314 τίμιον
1481 1261 1764 1316 σωφρονεστέραν
1780 1263 1967 1316 εἰργάσατο
1983 1263 2047 1311 τὴν
2061 1269 2222 1315 γυναῖκα.
2235 1263 2288 1302 Τὸ
2302 1263 2371 1316 γὰρ

1343 1323 1464 1376 τεχθὲν
1481 1323 1620 1362 παιδίον
1639 1325 1677 1362 οὗ
1693 1327 1737 1374 τῇ
1758 1323 1858 1376 φύσει
1869 1354 1879 1371 ,
1896 1323 1987 1362 ἀλλὰ
2007 1327 2057 1377 τῷ
2079 1327 2161 1378 Θεῷ
2175 1324 2370 1375 λογίζεται,

1344 1384 1403 1423 καὶ
1415 1384 1478 1431 τὴν
1493 1383 1621 1422 οἰκείαν
1636 1384 1903 1436 εὐγνωμοσύνην
1916 1386 2162 1425 ἐπιδείκνυται.
2180 1380 2283 1428 Εἶδες
2296 1388 2371 1429 πῶς

1343 1449 1365 1492 ἡ
1385 1445 1539 1497 τιμωρία
1559 1445 1737 1488 νουθεσίας
1750 1445 1912 1490 ὑπόθεσις
1927 1448 2046 1491 αὐτοῖς
2066 1446 2227 1498 γέγονεν;
2245 1447 2374 1493 Ἔκτη-

1345 1506 1460 1557 σάμην
1481 1506 1571 1559 γὰρ,
1591 1505 1710 1558 φησὶν,
1735 1506 1915 1558 ἄνθρωπον
1945 1507 2002 1546 διὰ
2031 1512 2092 1547 τοῦ
2120 1510 2224 1547 Θεοῦ.
2247 1509 2328 1561 Οὐχ
2347 1512 2370 1555 ἡ

1345 1566 1462 1619 φύσις,
1481 1567 1585 1620 φησὶ,
1607 1567 1648 1605 τὸ
1672 1566 1811 1604 παιδίον
1832 1583 1892 1618 μοι
1911 1567 2121 1620 ἐχαρίσατο,
2142 1568 2220 1606 ἀλλ’
2237 1571 2259 1615 ἡ
2282 1569 2370 1606 ἄνω-

1346 1630 1400 1666 θεν
1422 1627 1526 1679 χάρις
1544 1626 1752 1678 δεδώρηται.
1772 1626 1842 1665 Καὶ
1857 1627 2047 1680 προσέθετο
2063 1634 2174 1667 τεκεῖν
2201 1629 2258 1667 τὸν
2274 1629 2372 1666 ἀδελ-

1343 1687 1408 1740 φὸν
1433 1689 1535 1726 αὐτοῦ
1555 1687 1613 1725 τὸν
1632 1686 1750 1725 Ἄὸελ.
1782 1686 1930 1734 Ἐπειδὴ
1953 1688 2138 1739 εὐγνώμων
2158 1688 2294 1740 γέγονεν
2314 1689 2373 1726 ἐπὶ

1346 1750 1397 1800 τῷ
1417 1748 1600 1800 τεχθέντι,
1624 1747 1684 1784 καὶ
1710 1745 1844 1798 ἐπέγνω
1879 1748 1942 1794 τὴν
1961 1749 2133 1802 προτέραν
2162 1749 2372 1802 εὐεργεσίαν,

1347 1808 1496 1860 ἐπέτυχε
1511 1809 1571 1846 καὶ
1599 1811 1662 1853 τῆς
1681 1806 1855 1858 δευτέρας.
1875 1809 2041 1852 Τοιοῦτος
2060 1808 2128 1861 γὰρ
2156 1813 2174 1847 ὃ
2192 1809 2374 1856 Δεσπότης

1345 1871 1363 1906 ὃ
1381 1868 1568 1921 ἡμέτερος·
1587 1867 1727 1907 ἐπειδὰν
1748 1867 1806 1905 ἐπὶ
1821 1873 1892 1912 τοῖς
1912 1869 2132 1921 προλαὸοῦσι
2148 1869 2211 1916 τὴν
2241 1872 2373 1907 ἑαυτῶν

1344 1928 1608 1980 εὐγνωμοσύνην
1629 1927 1902 1978 ἐπιδειξώμεθα,
1918 1929 1978 1966 καὶ
2002 1927 2061 1966 τὸν
2091 1929 2274 1982 εὐεργέτην
2296 1932 2373 1968 ἐπι-

1343 1993 1494 2042 γνῶμεν,
1512 1988 1797 2040 ἐπιδαψιλεύεται
1809 1989 1872 2034 τὰς
1889 1992 2014 2028 ἑαυτοῦ
2031 1990 2179 2042 δωρεάς.
2201 1991 2274 2029 Καὶ
2287 1991 2374 2037 αὕτη

1343 2051 1455 2089 τοίνυν
1479 2049 1600 2096 ἐπειδὴ
1621 2051 1671 2101 τῷ
1687 2051 1769 2101 Θεῷ
1785 2050 1843 2088 τὸν
1861 2050 1963 2088 τόκον
1979 2051 2182 2102 ἐλογίσατο,
2199 2051 2257 2090 διὰ
2275 2056 2376 2091 τοῦτο

1345 2112 1405 2149 καὶ
1427 2112 1542 2163 ἕτερον
1562 2109 1738 2160 λαμὸάνει
1754 2110 1908 2150 παιδίον.
1928 2111 2091 2163 Μεγίστη
2109 2111 2176 2164 γὰρ
2195 2107 2238 2159 ἦν
2253 2113 2374 2152 λοιπὸν

1344 2171 1552 2224 παραμυθία
1569 2175 1629 2218 τῆς
1649 2170 1859 2218 θνητότητος
1878 2172 2146 2219 ἐπεισελθούσης
2161 2175 2184 2217 ἡ
2199 2176 2269 2211 τῶν
2293 2173 2376 2211 παί-

1344 2233 1410 2269 δων
1426 2231 1586 2283 διαδοχή.
1609 2232 1679 2270 Διά
1696 2247 1750 2269 τοι
1767 2235 1870 2270 τοῦτο
1898 2232 1958 2270 καὶ
1980 2234 1998 2270 ὃ
2023 2232 2265 2286 φιλάνθρωπος
2285 2234 2375 2276 Θεὸς

1343 2293 1466 2336 εὐθέως
1493 2292 1552 2330 καὶ
1584 2291 1618 2336 ἐξ
1647 2294 1758 2344 ἀρχῆς
1789 2292 1829 2330 τὸ
1860 2294 2007 2346 σφοδρὸν
2046 2296 2109 2339 τῆς
2140 2295 2374 2346 ἐπιτιμήσεως

1342 2352 1637 2404 ὑποτεμνόμενος,
1658 2353 1716 2390 καὶ
1742 2357 1802 2391 τοῦ
1819 2353 1967 2392 θανάτου
1982 2354 2022 2392 τὸ
2038 2359 2053 2374 ²
2064 2354 2150 2406 φοὸε
2158 2355 2214 2407 ρὸν
2234 2371 2374 2408 προσω·

1342 2420 1439 2452 πεῖον
1456 2416 1660 2467 περιαιρῶν,
1675 2413 1739 2461 τὴν
1751 2417 1821 2453 τῶν
1836 2413 1970 2453 παίδων
1983 2415 2151 2467 διαδοχὴν
2165 2416 2376 2467 ἐχαρίσατο,

1344 2478 1390 2519 ὡς
1407 2475 1446 2513 ἂν
1471 2475 1561 2514 εἴποι
1580 2492 1651 2522 τις,
1675 2475 1791 2515 εἰκόνα
1810 2476 2035 2519 ἀναστάσεως
2054 2479 2206 2515 ἐντεῦθεν
2227 2478 2375 2529 ὑποφαί-

316 2537 351 2565 et
374 2529 474 2565 Cain
491 2531 727 2580 operabatur
744 2538 898 2569 terram.
918 2532 1051 2570 Docuit
1070 2546 1133 2571 nos
1149 2533 1273 2572 divina
1298 2547 1322 2577 c
1344 2552 1424 2584 νων,
1454 2536 1513 2573 καὶ
1552 2536 1629 2574 ἀντὶ
1662 2538 1732 2574 τῶν
1767 2537 1970 2575 πιπτόντων
2003 2537 2139 2590 ἑτέρους
2170 2538 2374 2576 ἀνίστασθαι

315 2588 515 2640 Scriptura,
538 2603 648 2640 quam
674 2599 824 2641 uterque
844 2599 1011 2629 natorum
1031 2601 1145 2631 artem
1170 2609 1273 2633 exer-

316 2649 441 2696 cuerit,
462 2657 495 2686 et
513 2658 552 2687 ut
570 2650 660 2687 alter
684 2650 797 2689 vitam
816 2652 1043 2702 pastoralem,
1062 2653 1152 2691 alter
1181 2656 1274 2707 agri-

315 2705 493 2743 culturam
513 2706 656 2758 delegit.
677 2708 716 2745 5.
741 2710 796 2746 Et
809 2710 971 2761 sactum
996 2719 1053 2749 est
1070 2721 1156 2763 post
1176 2715 1272 2766 dies,

315 2767 457 2804 obtulit
481 2768 583 2805 Cain
616 2769 664 2806 cle
681 2770 882 2821 fructibus
910 2779 1021 2809 terroe
1040 2775 1275 2826 sacrificium

315 2827 498 2864 Domine.
533 2829 726 2866 Considera
756 2830 936 2880 quomodo
967 2842 1103 2871 naturae
1140 2836 1276 2874 Condi-

319 2895 372 2923 tor
401 2887 583 2925 scientiam
616 2890 837 2928 conscientiae
880 2891 1024 2931 indidit.
1060 2894 1149 2941 Quis
1180 2897 1274 2934 enim

316 2946 434 2992 illum,
457 2947 530 2993 dic,
550 2963 626 2997 ore,
651 2949 696 2987 ad
714 2951 808 2989 hanc
827 2953 1065 3003 cognitionem
1082 2957 1275 3007 perduxis-

315 3007 390 3044 set?
409 3008 538 3045 Nullus
572 3009 664 3046 alius
686 3025 794 3060 quam
818 3026 895 3062 quae
922 3013 958 3051 in
977 3015 1098 3054 animo
1129 3019 1272 3056 conscio

315 3066 473 3104 seientia.
508 3070 671 3116 Obtulit,
701 3071 828 3121 inquit,
855 3074 903 3111 de
918 3076 1125 3127 fructibus
1161 3087 1273 3117 terrie

314 3129 550 3179 sacrificium
568 3130 750 3169 Domine.
767 3132 909 3172 Sciebat
927 3136 1021 3174 enim
1035 3147 1068 3175 et
1082 3152 1270 3190 cognoscc-

359 3246 655 3288 *[Coislinianum
688 3255 866 3295 sequimur.
893 3257 1011 3292 Montf.
1038 3264 1143 3294 ὅσον...
1172 3270 1320 3296 τοσοῦτον.

312 3298 411 3331 Savil.
436 3300 468 3332 in
486 3309 578 3334 textu
592 3309 698 3337 όσον...
716 3308 862 3349 τοσούτῳ,
877 3308 909 3339 in
927 3320 1032 3353 marg.
1049 3317 1107 3354 ὅσῳ
1121 3312 1149 3354 (c
1161 3314 1306 3357 coni)...

312 3356 449 3385 τοσοῦτον
466 3360 514 3386 καὶ
533 3359 633 3397 mhi)
655 3357 689 3394 (ι’
708 3367 775 3388 var.
797 3357 920 3403 !‹*ct.).]

1344 2599 1549 2645 οἰκονομῶν.
1571 2597 1641 2635 Καὶ
1662 2596 1817 2648 ἐγένετο,
1835 2597 1954 2648 φησὶν,
1970 2596 2076 2636 Ἄὸελ
2090 2598 2223 2648 ποιμὴν
2243 2599 2373 2651 προδοί-

1343 2673 1412 2695 των
1425 2673 1432 2680 ·
1450 2657 1539 2696 Κάϊν
1553 2657 1588 2695 δὲ
1610 2652 1653 2704 ἦν
1673 2658 1900 2710 ἐργαζόμενος
1914 2657 1978 2704 τὴν
1995 2660 2072 2709 γῆν.
2088 2658 2265 2702 Ἐδίδαξεν
2279 2662 2373 2709 ἡμᾶς

1344 2721 1365 2764 ἡ
1391 2718 1464 2756 θεία
1489 2718 1611 2769 Γραφὴ
1640 2717 1788 2756 ἑκάστου
1813 2721 1884 2755 τῶν
1909 2718 2100 2769 τεχθέντων
2129 2719 2173 2756 τὰ
2192 2718 2373 2766 ἐπιτηδεύ-

1346 2795 1459 2829 ματα,
1485 2779 1545 2816 καὶ
1573 2778 1626 2816 ὅτι
1647 2781 1664 2816 ὁ
1692 2777 1754 2828 μὲν
1781 2778 1845 2825 τὴν
1876 2778 2111 2829 ποιμαντικὴν
2143 2778 2272 2827 εἵλετο,
2292 2783 2310 2818 ὁ
2336 2779 2371 2818 δὲ

1343 2839 1405 2886 τὴν
1424 2838 1514 2891 ι’γῆν
1535 2839 1721 2891 εἰργάζετο.
1744 2839 1813 2877 Καὶ
1835 2839 1971 2889 ἐγένετο
1987 2841 2062 2890 μεθ’
2077 2839 2230 2893 ἡμέρας,
2247 2841 2371 2892 ἤνεγκε

1345 2900 1433 2938 Κάϊν
1459 2899 1528 2937 ἀπὸ
1555 2903 1623 2937 τῶν
1653 2903 1797 2951 καρπῶν
1823 2902 1885 2945 τῆς
1914 2902 1978 2951 γῆς
1998 2899 2119 2938 θυσίαν
2153 2903 2203 2952 τῷ
2236 2901 2368 2954 Κυρίῳ.

1345 2959 1477 2998 Σκόπει
1493 2963 1567 3003 πῶς
1584 2963 1634 3012 τῷ
1656 2960 1827 2999 συνειδότι
1855 2960 1918 3006 τὴν
1944 2962 2071 3011 γνῶσιν
2099 2961 2284 2999 ἐναπέθετο
2307 2965 2370 3009 τῆς

1343 3021 1476 3072 φύσεως
1491 3023 1509 3058 ὃ
1526 3021 1745 3074 δημιουρρός.
1764 3020 1829 3064 Τίς
1849 3020 1938 3073 γὰρ,
1958 3021 2035 3059 εἰπέ
2054 3037 2130 3072 μοι,
2146 3026 2264 3060 τοῦτον
2278 3022 2370 3068 ὡδή-

1343 3097 1429 3132 γησε
1451 3082 1536 3133 πρὸς
1555 3081 1618 3128 τὴν
1637 3081 1798 3127 τοιαύτην
1823 3081 1976 3130 ἔννοιαν,
1992 3083 2117 3125 Οὐδεὶς
2139 3081 2272 3134 ἕτερος,
2288 3083 2365 3120 ἀλλ’

1342 3146 1363 3188 ἠ
1384 3145 1417 3180 ἐν
1434 3145 1484 3193 τῷ
1502 3141 1671 3180 συνειδότι
1696 3145 1836 3191 γνῶσις.
1865 3142 2037 3195 Ἤνεγκε,
2063 3143 2181 3195 φησὶν,
2197 3143 2266 3181 ἀπὺ
2297 3146 2366 3183 τῶν

1401 3270 1412 3284 ²
1431 3266 1557 3305 ψοέερὸν
1573 3261 1665 3294 deest
1683 3261 1715 3295 in
1734 3262 1839 3295 tribus
1854 3263 1933 3295 Mss.

1403 3314 1418 3337 ι’
1436 3321 1490 3349 Γῆν
1520 3318 1706 3357 ε’ργεὲςετθκι.
1734 3315 1788 3348 Sic
1811 3315 1892 3357 ch.
1912 3325 1995 3347 uuus
2026 3321 2058 3346 et
2085 3311 2234 3346 colbert.
2268 3322 2361 3345 uuus.
