2516 3791
901 177 956 206 lus:
996 176 1118 206 ΑΝΝΛ
1156 175 1302 204 SERMO
1341 175 1368 204 Ι.

109 270 266 321 θήσαμεν
296 267 358 315 τὴν
383 264 558 312 νηστείαν,
579 264 639 302 καὶ
668 262 920 316 παραγίνεσθαι
939 261 1134 314 μέλλουσαν

112 330 201 383 μετὰ
219 330 352 375 πολλῆς
370 327 411 366 ἂν
430 325 670 377 ὑπεδεξάμεθα
685 328 747 371 τῆς
764 325 901 372 ἡδονῆς.
917 323 966 363 Τί
983 322 1052 375 γὰρ
1073 323 1136 360 οὐκ

111 393 236 445 ἀγαθὸν
257 395 340 443 ἡμῖν
362 389 432 428 ἀπὸ
445 386 627 436 νηστείας;
644 386 767 425 Πάντα
784 386 940 439 γαλήνης
958 385 1058 438 γέμει
1076 383 1136 422 καὶ

110 458 263 505 καθαρᾶς
285 451 410 495 εὐδίας.
427 450 522 503 Οὐχὶ
545 448 605 488 καὶ
620 448 727 487 οἰκίαι
747 447 900 500 θορύὸων
921 447 980 485 καὶ
999 445 1136 499 δρόμων

110 516 170 554 καὶ
191 516 306 561 πάσης
334 514 420 552 εἰσὶν
452 510 733 564 ἠλευθεριι)με’ναι
760 512 941 562 ταραχῆς;
972 507 1042 547 Καὶ
1069 506 1138 559 πρὸ

110 579 179 616 τῶν
211 578 329 615 οἰκιῶν
361 574 397 614 δὲ
427 577 448 622 ἡ
483 576 551 612 τῶν
581 571 816 620 νηστευόντων
843 571 976 610 διάνοια
1007 567 1137 616 ταύτης

111 637 279 678 ἀπολαύει
309 635 558 689 τῆςῆσυχίας·
589 634 690 679 πόλις
718 634 754 674 δὲ
786 634 907 672 ἅπασα
937 630 1001 678 τὴν
1031 633 1065 670 ἐν
1092 633 1136 683 τῇ

110 699 246 752 διανοίᾳ
276 698 336 737 καὶ
363 698 427 746 τὴν
459 700 493 737 ἐν
524 703 600 741 ταῖς
629 695 754 738 οἰκίαις
779 693 937 738 εὐταξίαν
964 698 1137 744 μιμεῖται.

111 761 206 799 Οὔτε
221 759 290 813 γὰρ
309 762 343 798 ἐν
371 758 501 812 ἑσπέρᾳ
523 758 675 811 ᾀδόντων
703 755 795 794 ἐστὶν
824 757 989 803 ἀκοῦσαι,
1009 753 1087 792 οὔτε
1104 755 1138 792 ἐν

113 823 227 876 ἡμέρα
244 820 479 874 θορυὸούντων
498 820 558 859 καὶ
580 818 789 870 μεθυόντων,
807 817 846 855 οὐ
866 815 1077 869 κραζόντων,
1100 817 1139 854 οὐ

114 883 336 937 μαχομένων,
371 883 461 920 ἀλλὰ
500 879 634 927 πολλὴν
675 882 858 932 πανταχοῦ
887 876 952 924 τὴν
988 876 1138 929 ἡσυχίαν

113 946 206 984 ἐστὶν
235 949 330 999 ὃρᾷν.
352 943 444 983 Ἀλλ’
478 942 556 995 οὐχὶ
588 945 647 980 νῦν
667 941 793 989 οὕτως,
815 941 892 979 ἀλλ’
928 938 1054 983 εὐθέως
1073 939 1140 978 ὑπὸ

112 1006 175 1054 τὴν
190 1005 237 1045 ἕω
257 1005 427 1059 κραυγαὶ,
442 1005 504 1044 καὶ
523 1003 684 1056 θόρυὸοι,
713 1002 774 1041 καὶ
795 1001 973 1055 μαγείρων
995 1000 1140 1054 δρόμοι,

113 1068 173 1107 καὶ
199 1067 306 1112 πολὺς
323 1067 386 1119 μὲν
406 1069 442 1105 ἐν
468 1072 544 1111 ταῖς
563 1065 689 1110 οἰκίαις
702 1094 711 1112 ,
741 1062 847 1106 πολὺς
877 1062 913 1101 δὲ
932 1064 966 1101 ἐν
987 1068 1057 1106 τοῖς
1075 1064 1138 1100 λο-

111 1135 250 1181 γισμοῖς
270 1131 288 1167 ὁ
303 1129 452 1177 καπνὸς,
474 1130 543 1166 τῶν
562 1130 682 1166 παθῶν
701 1130 786 1178 ἡμῖν
806 1126 901 1164 ἔνδον
923 1124 1140 1176 ὑποκαιομέ-

111 1206 192 1236 νων,
204 1191 264 1229 καὶ
282 1193 344 1237 τῆς
364 1190 487 1243 φλογὸς
507 1187 763 1242 διεγειρομένης
779 1191 841 1235 τ’ἧς
857 1189 892 1226 ἐν
906 1193 982 1231 ταῖς
999 1186 1141 1231 ἀτόποις

114 1251 312 1303 ἐπιθυμίαις
339 1251 406 1290 ὑπὸ
431 1253 495 1297 τῆς
509 1253 656 1304 τρυφῆς.
683 1248 750 1287 Δια
769 1253 880 1287 ταῦτα
902 1249 1061 1299 ζητῶμεν
1081 1248 1142 1286 καὶ

116 1315 332 1351 ἀπελθοῦσαν
359 1312 422 1360 τὴν
450 1311 613 1360 νηστείαν
628 1327 635 1335 ·
659 1310 772 1358 ἐκείνη
803 1310 872 1364 γὰρ
895 1313 1005 1348 ταῦτα
1025 1309 1142 1348 πάντα

115 1374 337 1413 κατέστελλε.
368 1373 443 1412 Κᾶν
460 1374 518 1412 τὸν
546 1373 650 1412 πόνον
670 1374 776 1419 αὐτῆς
807 1370 1005 1422 ἀπεθέμεθα
1018 1399 1029 1419 ,
1051 1369 1142 1410 ἀλλὰ

113 1437 170 1475 τὸν
186 1435 290 1474 πόθον
310 1438 416 1482 αὖτ’-ῆς
444 1434 494 1486 μὴ
515 1433 781 1485 καταλύσωμεν,
806 1432 895 1484 μηδὲ
914 1431 977 1479 τὴν
998 1432 1140 1483 μνήμην

110 1497 315 1549 σὸέσωμεψ
337 1498 414 1535 ἀλλ’
439 1496 520 1536 δ’ταν
550 1495 742 1548 ἀριστήσας
765 1495 826 1534 καὶ
857 1493 1074 1541 καθευδήσας
1093 1495 1141 1537 εἷς

111 1556 174 1604 τὴν
192 1558 321 1611 ἀγορὰν
340 1563 354 1579 ¹³
366 1557 522 1610 ἐμὸάλῃς
534 1585 544 1604 ,
564 1557 624 1596 καὶ
648 1556 712 1605 τὴν
733 1556 867 1609 ἡμέραν
883 1556 970 1609 πρὸς
989 1554 1139 1607 ἑσπέραν

110 1619 178 1667 ἤδη
208 1619 437 1671 ἐπειγομένην
467 1619 562 1671 ἴδῃς,
592 1617 755 1658 εἰσελθὼν
786 1621 834 1662 εἷς
861 1617 925 1665 τὴν
951 1616 1140 1665 ἐκκλησίαν

111 1681 255 1729 ταύτην,
279 1682 338 1720 καὶ
361 1680 458 1733 παρὰ
485 1681 524 1720 τὸ
555 1683 654 1733 βῆμα
672 1684 774 1720 τοῦτο
795 1679 916 1729 ἐλθὼν,
939 1678 1140 1730 ἀναμιμνή-

112 1759 197 1782 σκου
223 1748 284 1782 τοῦ
310 1747 431 1796 καιροῦ
455 1745 518 1790 τ’ἧς
538 1742 720 1790 νηστείας,
740 1743 816 1780 καθ’
845 1740 882 1779 ὃν
904 1740 1015 1793 μεστὴ
1037 1739 1100 1792 μὲν
1118 1743 1140 1787 ἠ

112 1804 282 1851 ἐκκλησία
294 1808 354 1844 τοῦ
371 1803 522 1851 πλήθους
537 1806 621 1855 ἡμῖν
638 1798 694 1852 ἦν,
708 1803 841 1857 σφοδρὰ
855 1802 890 1842 δὲ
910 1805 932 1850 ἡ
952 1805 1015 1850 τῆς
1034 1804 1141 1854 ἀκρο·

113 1866 225 1910 άσεως
245 1865 424 1918 προθυμία
439 1896 449 1915 ,
468 1865 582 1912 πολλὴ
611 1864 647 1903 δὲ
672 1864 797 1913 ἡδονὴ,
813 1864 873 1903 καὶ
891 1863 1141 1917 διεγηγερμένη

114 1928 255 1966 πάντων
273 1932 292 1976 ἡ
311 1928 445 1967 διάνοια
460 1943 469 1951 ·
498 1927 557 1966 καὶ
576 1927 692 1966 πάντα
718 1931 829 1965 ταῦτα
848 1925 1036 1978 συλλέγων,
1058 1928 1142 1964 ἀνα-

114 1989 313 2041 μιμνήσκου
345 1992 414 2027 τῶν
434 1992 601 2028 ποθεινῶν
620 1992 761 2040 ἡμερῶν
781 1987 933 2028 ἐκείνων.
955 1987 1031 2027 Κᾶν
1051 1987 1142 2039 μέλ-

113 2053 177 2103 λῃς
194 2051 447 2103 παρατίθεσθαι
460 2050 648 2101 τράπεζαν,
666 2049 755 2101 μετὰ
773 2052 835 2097 τῆς
852 2049 993 2101 μνήμης
1012 2048 1143 2097 ταύτης

115 2112 229 2151 ἅπτου
249 2116 317 2151 τῶν
335 2112 549 2164 ἐδεσμάτων,
571 2111 633 2150 καὶ
649 2110 812 2150 οὐδέποτε
834 2113 881 2155 εἷς
897 2111 1004 2163 μέθην
1029 2110 1141 2156 ἐξολι-

117 2177 244 2221 σθῆσαι
273 2173 422 2226 δυνήσῃ·
451 2176 528 2212 ἀλλ’
558 2172 678 2226 ὥσπερ
706 2176 738 2212 οἱ
765 2179 912 2224 γυναῖκα
931 2172 1062 2224 σεμνὴν
1083 2173 1143 2212 καὶ

114 2234 275 2289 σώφρονα
307 2235 366 2274 καὶ
393 2235 576 2289 ἐλευθέραν
599 2235 757 2288 ἔχοντες,
790 2235 850 2274 καὶ
872 2235 1005 2288 σφόδρα
1036 2236 1143 2282 αὐτῆς

115 2296 395 2348 περικαιόμενοι,
415 2296 493 2336 οὐδὲ
513 2297 668 2344 ἀπούσης
685 2298 810 2346 αὖτ’ἧς,
831 2296 962 2350 πόρνης
988 2296 1048 2335 καὶ
1069 2297 1143 2335 διε-

116 2358 315 2410 φθαρμένης
331 2361 504 2411 ἐρασθεῖεν
527 2358 581 2407 ἂν,
599 2363 660 2398 τοῦ
690 2359 797 2398 πόθου
827 2363 888 2398 τοῦ
908 2359 991 2412 περὶ
1007 2358 1143 2407 ἐκείνην

118 2419 392 2472 προκατέχοντος
418 2420 482 2468 τὴν
504 2420 669 2469 διάνοιαν,
699 2421 760 2459 καὶ
787 2419 903 2473 ἕτερον
930 2422 1144 2460 ἐπεισελθεῖν

118 2479 231 2533 ἔρωτα
258 2482 319 2518 οὐκ
347 2482 491 2524 ἐῶντος·
526 2480 614 2520 οὕτω
639 2481 681 2530 δὴ
713 2481 773 2520 καὶ
805 2481 863 2520 ἐπὶ
892 2485 954 2529 τῆς
981 2480 1145 2529 νηστείας

117 2540 176 2578 καὶ
197 2542 260 2587 τῆς
276 2540 383 2592 μέθης
402 2541 547 2593 γίνεται.
567 2540 627 2580 Ἂν
648 2542 760 2581 τοίνυν
782 2542 915 2590 ἐκείνης
931 2545 994 2590 τῆς
1013 2542 1146 2582 ἐλευθέ-

120 2619 180 2655 ρας
199 2604 257 2641 καὶ
278 2603 451 2656 σώφρονος
471 2605 758 2656 μνημονεύωμεν,
772 2604 835 2652 τὴν
858 2604 1042 2656 πάνδημον
1058 2605 1144 2658 πόρ-

117 2680 179 2712 νην
207 2664 354 2714 ταύτην,
385 2665 444 2703 καὶ
473 2665 588 2713 πάσης
616 2666 866 2719 ἀσχημοσύνης
895 2667 1052 2720 μητέρα,
1079 2667 1143 2715 τὴν

119 2733 228 2783 μέθην
247 2733 359 2785 λέγω,
385 2732 473 2785 μετὰ
500 2736 633 2782 πολλ’ἧς
652 2735 939 2788 διακρουσώμεθα
957 2740 1019 2784 τῆς
1046 2738 1144 2774 εὐκο-

120 2799 196 2844 λίας
208 2830 218 2847 ,
237 2804 296 2838 τοῦ
313 2801 418 2839 πόθου
442 2804 504 2848 τῆς
527 2801 705 2850 νηστείας,
727 2803 843 2850 πάσης
858 2803 972 2857 χειρὸς
991 2802 1143 2856 σφοδρό-

120 2883 216 2920 τερον
230 2898 239 2916 ,
274 2870 489 2912 ἀπωθοῦντος
521 2868 584 2916 τὴν
615 2869 745 2919 ταύτης
778 2871 1040 2924 ἀναισχυντίαν.
1075 2870 1145 2909 Διὰ

119 2939 229 2974 ταῦτα
248 2934 288 2982 δὴ
303 2934 419 2973 πάντα
431 2963 441 2982 ,
460 2937 656 2987 παρακαλῶ
671 2967 680 2985 ,
695 2937 786 2977 κατὰ
805 2943 882 2978 νοῦν
902 2939 956 2978 ἀεὶ
974 2938 1036 2982 τὰς
1055 2937 1145 2990 ἦμέ-

123 3017 182 3055 ρας
199 3002 330 3046 ἐκείνας
346 3002 482 3054 ἔχωμεν
499 3017 507 3026 ·
526 3002 583 3041 ἵνα
599 3003 636 3042 δέ
650 3021 684 3042 τι
702 3005 801 3057 κάγὼ
816 3007 902 3059 πρὸς
916 3006 980 3055 τὴν
999 3007 1144 3059 μνήμην

122 3070 254 3118 ἐκείνην
281 3069 544 3121 συμῧοίλωμαι,
567 3070 630 3117 τὴν
660 3071 768 3119 αὐτὴν
794 3072 978 3123 ὑπόθεσιν,
998 3075 1040 3122 ἢν
1067 3073 1146 3112 τότε

124 3144 227 3176 κινεῖν
245 3138 570 3191 παρεσκευαζόμην,
585 3138 715 3186 ταύτην
733 3140 792 3178 καὶ
811 3143 868 3179 νῦν
880 3143 926 3186 εἷς
944 3142 1049 3193 μέσον
1063 3145 1148 3194 ἀγα-

124 3211 193 3255 γεῖν
208 3205 443 3257 πειράσομαι,
464 3205 554 3244 ὥστε
584 3207 643 3244 καὶ
662 3210 706 3259 τῇ
723 3207 813 3246 κατὰ
833 3208 897 3255 τὴν
920 3210 1148 3249 διδασκαλίαν

124 3272 302 3320 ὃμοιότητι
339 3273 496 3325 γενέσθαι
534 3273 610 3312 τινὰ
647 3279 706 3314 τοῦ
744 3280 865 3329 καιροῦ
893 3277 1034 3329 μνήμην
1065 3282 1149 3331 ημῖν

172 3389 183 3403 ³
210 3381 307 3415 Colb.
326 3393 406 3415 unus
424 3387 574 3427 epuns.-

2068 164 2152 207 811

1207 259 1373 298 ebrietati
1392 273 1428 297 se
1454 268 1545 298 totos
1568 259 1710 297 dedant.
1732 259 1839 308 Quod
1876 260 1904 297 si
1935 261 2014 298 aliis
2036 262 2164 300 «liebus

1208 329 1312 358 casta:
1347 320 1582 373 modestreque
1629 321 1712 360 vitre
1753 320 1898 372 agenda?
1936 335 1999 359 nos
2046 338 2162 360 assue-

1207 383 1425 433 saeeremus,
1456 392 1489 421 ct
1511 382 1730 436 praetei·it11m
1760 381 2044 421 desideraremus
2071 385 2163 436 jeju-

1208 444 1323 494 nium,
1346 454 1378 482 et
1392 453 1584 482 venturum
1601 444 1713 482 multa
1733 457 1814 482 eum
1837 443 2022 497 voluptate
2048 446 2164 483 susei-

1208 519 1385 558 peremus.
1409 505 1507 553 Quid
1536 505 1631 544 enim
1667 505 1752 544 boni
1777 505 1905 559 jejunii
1935 506 2039 545 nobis
2058 521 2163 560 opera

1208 580 1278 605 non
1308 567 1477 606 obvenit?
1509 566 1641 606 Omnia
1673 567 1943 618 tranquillitatis
1987 582 2028 605 ae
2067 583 2165 621 purae

1207 628 1405 668 serenitatis
1437 629 1540 682 plena
1567 637 1664 667 sunt.
1684 630 1809 667 Nonne
1841 627 1970 667 domus
1998 630 2163 669 tumulti-

1208 689 1304 740 bus,
1343 689 1665 740 musitationibus,
1697 690 1865 742 omnique
1901 692 2167 743 perturbatione

1210 759 1292 788 sunt
1329 749 1518 789 liberatae?
1553 751 1763 798 Quinetiam
1795 760 1876 790 ante
1907 751 2003 804 ipsas
2039 752 2166 791 domos

1209 826 1334 850 corum
1366 812 1522 863 animus,
1554 811 1618 872 qui
1644 813 1821 866 jejunant,
1843 813 1911 851 bac
1944 814 2061 865 quiete
2086 828 2167 866 per-

1209 872 1360 923 fruitur3
1382 873 1510 912 civitas
1549 873 1626 927 ipsa
1664 882 1738 912 tota
1771 873 1994 924 modestiam,
2023 889 2100 927 quae
2131 876 2166 913 in

1210 934 1329 973 animo
1349 949 1390 974 ac
1408 934 1578 974 domibus
1599 936 1771 985 cernitur,
1789 936 1961 975 imitatur.
1983 939 2074 976 Nam
2102 952 2168 976 ne-

1211 1007 1280 1044 que
1298 993 1365 1032 sub
1384 1007 1570 1047 vesperam
1599 994 1726 1033 audire
1744 1005 1906 1035 canentes
1937 996 2033 1047 licet,
2056 1011 2169 1049 neque

1163 1059 1187 1089 C
1211 1054 1368 1093 interdiu
1387 1055 1645 1094 tumultuantes
1664 1065 1698 1095 et
1715 1057 1847 1108 ebrios,
1871 1072 1941 1097 non
1962 1059 2168 1106 clamantes,

1211 1129 1281 1154 non
1302 1126 1513 1169 pugnantes,
1530 1117 1590 1156 sed
1605 1117 1756 1156 multam
1777 1118 1911 1171 ubique
1929 1121 2169 1172 tranquillita-

1211 1187 1283 1216 tem
1301 1178 1384 1217 licet
1406 1193 1557 1218 cernere.
1582 1180 1685 1218 Nunc
1707 1189 1826 1218 autem
1849 1195 1919 1219 non
1939 1181 1989 1220 ita
2019 1191 2086 1232 est,
2108 1183 2170 1221 sed

1207 1240 1285 1292 jam
1308 1239 1392 1278 inde
1418 1240 1465 1279 ab
1491 1250 1618 1279 exortu
1652 1241 1739 1280 solis
1771 1241 1943 1281 clamores
1973 1256 2014 1281 ac
2042 1244 2169 1293 turba·,

1213 1315 1408 1352 coquorum
1428 1301 1689 1352 cursitationes,
1709 1315 1752 1341 ac
1771 1303 1906 1342 multus
1925 1304 1961 1343 in
1989 1304 2170 1354 domibus,

1212 1362 1347 1400 multus
1375 1362 1411 1401 in
1442 1362 1621 1402 mentibus
1638 1363 1772 1412 fumus,
1789 1363 1879 1403 dum
1902 1364 1998 1404 intus
2015 1365 2050 1404 in
2068 1367 2170 1405 nobis

1211 1423 1478 1462 succenduntur
1489 1425 1648 1475 affectus,
1668 1434 1702 1464 et
1724 1425 1868 1465 flamma
1888 1427 2051 1481 turpium
2071 1429 2171 1482 cupi-

1212 1485 1369 1525 djtatum
1404 1500 1423 1524 a
1455 1486 1598 1525 deliciis
1628 1487 1820 1526 excitatur.
1850 1490 2044 1541 Propterea
2077 1491 2172 1543 quod

1212 1546 1383 1600 praeteriit
1397 1547 1579 1601 jejunium
1605 1549 1852 1600 requiramus:
1867 1550 1962 1589 illud
1981 1552 2076 1590 enim
2096 1553 2172 1590 haec

1212 1608 1333 1647 omnia
1347 1609 1545 1648 coercebat.
1568 1611 1621 1648 Ac
1650 1610 1734 1649 licet
1752 1611 1912 1650 laborem
1937 1613 2014 1665 ejus
2043 1628 2170 1651 exeus-

1213 1669 1378 1722 serimus,
1400 1671 1476 1723 ejus
1495 1680 1613 1710 tamen
1632 1670 1853 1710 desiderium
1869 1687 1938 1712 non
1966 1675 2171 1726 exstingua-

1214 1745 1308 1782 mus,
1333 1745 1446 1784 neque
1474 1732 1686 1771 memoriam
1715 1732 1938 1786 deponamus
1959 1751 1967 1771 ε
2001 1735 2064 1774 sed
2089 1749 2170 1774 cum

1214 1806 1366 1845 pransus
1380 1802 1414 1831 et
1429 1793 1698 1847 expergefactus
1710 1793 1746 1832 in
1760 1795 1880 1833 forum
1894 1797 2046 1846 veneris,
2057 1796 2172 1835 diem-

1214 1867 1284 1905 que
1311 1852 1446 1894 videris
1470 1863 1673 1906 vergentem
1695 1854 1743 1893 ad
1772 1869 1970 1909 vesperam,
1991 1857 2084 1896 bane
2118 1859 2174 1897 in-

1215 1928 1356 1967 gressus
1385 1915 1585 1967 ecclesiam,
1617 1924 1651 1954 et
1679 1916 1786 1969 juxta
1804 1919 2049 1957 sanctuarium
2076 1919 2172 1958 istud

1216 1977 1376 2030 veniens,
1392 1978 1523 2031 jejunii
1545 1979 1716 2032 temporis
1736 1980 1936 2032 recordare,
1959 1996 2030 2034 quo
2050 1983 2172 2021 multi-

1214 2038 1351 2078 tudinis
1379 2040 1525 2093 plenam
1553 2040 1739 2080 ecclesiam
1771 2043 2025 2094 cernebamus,
2052 2059 2172 2083 omnes

1214 2111 1333 2140 autem
1346 2101 1520 2141 audiendi
1535 2101 1714 2142 desiderio
1741 2104 1900 2143 succensi
1926 2114 2040 2156 erant,
2059 2106 2172 2143 multa

1216 2163 1350 2215 ubique
1368 2163 1505 2215 laetitia,
1538 2178 1638 2203 mens
1661 2165 1822 2203 omnium
1841 2175 1916 2204 erat
1941 2176 2054 2205 erecta
2073 2183 2081 2205 :
2098 2167 2173 2206 brec

1215 2225 1335 2263 omnia
1353 2234 1471 2264 tecum
1495 2234 1665 2278 reputans
1679 2255 1691 2277 ,
1711 2226 1789 2265 dies
1809 2227 1892 2266 illos
1921 2228 2096 2281 optabiles
2119 2244 2173 2267 re-

1216 2286 1374 2325 cordare.
1395 2287 1506 2336 Quod
1530 2287 1561 2325 si
1589 2301 1718 2326 mensae
1736 2289 1966 2329 accubiturus
1999 2291 2064 2340 sis,
2092 2306 2172 2330 cum

1213 2348 1282 2387 hac
1300 2347 1546 2387 recordatione
1561 2349 1661 2388 cibos
1679 2349 1844 2402 degusta,
1859 2365 1922 2390 nec
1950 2366 2119 2404 umquam
2138 2354 2172 2392 in

1167 2422 1192 2454 Ε
1215 2411 1422 2450 ebrietatem
1440 2412 1514 2450 labi
1530 2411 1679 2465 poteri53
1697 2411 1757 2451 sed
1786 2413 1877 2452 sicut
1896 2415 1957 2466 qui
1978 2415 2172 2465 honestam,

1217 2481 1351 2511 castam
1364 2482 1398 2511 et
1427 2473 1619 2526 ingenuam
1646 2488 1796 2512 uxorem
1825 2475 2012 2524 duxerint,
2035 2486 2068 2515 et
2098 2479 2173 2530 ejus

1216 2533 1417 2573 vehementi
1451 2548 1572 2572 amore
1610 2534 1680 2572 sint
1703 2535 1930 2586 inflammati,
1954 2551 1997 2575 ne
2030 2538 2173 2577 absente

1216 2595 1361 2648 quidem
1384 2596 1484 2633 illam
1500 2595 1723 2634 meretricem
1742 2605 1775 2634 et
1789 2597 1967 2649 perditam
1987 2599 2173 2639 mulierem

1216 2658 1383 2696 adamare
1398 2666 1556 2710 possunt,
1576 2657 1674 2709 quod
1690 2658 1788 2697 illius
1805 2673 1907 2698 amor
1922 2675 2045 2699 eorum
2069 2674 2169 2701 men-

1216 2729 1287 2758 tem
1309 2719 1620 2772 praeoccupaverit,
1644 2734 1708 2758 nec
1726 2720 1838 2758 alium
1856 2735 2014 2761 amorem
2034 2723 2171 2776 ingredi

1217 2782 1310 2820 sinat
1328 2797 1335 2818 :
1359 2780 1410 2819 sic
1425 2790 1460 2819 et
1483 2781 1518 2819 in
1533 2781 1670 2834 jejunio
1696 2782 1752 2831 fit,
1769 2791 1803 2821 et
1822 2782 1859 2821 in
1874 2783 2055 2823 ebrietate.
2075 2786 2172 2837 Erga»

1217 2843 1246 2880 si
1275 2842 1374 2879 illius
1400 2841 1563 2893 ingenuae
1591 2852 1766 2895 castaeque
1800 2845 2079 2892 meminerimus,
2107 2863 2171 2900 pu-

1217 2904 1350 2943 blicam
1370 2904 1462 2941 banc
1488 2904 1710 2942 meretricem
1725 2906 1912 2957 omnisque
1936 2908 2172 2960 turpitudinis·

1218 2975 1380 3013 matrem,
1405 2965 1611 3003 ebrietatem
1639 2966 1797 3018 inquam,
1828 2968 1999 3007 facillime
2030 2971 2172 3023 repelle-

1218 3042 1310 3077 mus,
1329 3027 1417 3064 dum
1435 3041 1536 3065 amor
1550 3027 1678 3079 jejunii
1710 3027 1955 3067 vehementius
1974 3046 2079 3081 quam
2101 3047 2172 3069 ma-

1219 3105 1286 3129 nus
1309 3090 1381 3127 ulla
1415 3088 1675 3141 impudentiam
1706 3089 1808 3128 istius
1837 3092 1994 3144 repellet.
2030 3094 2175 3145 Propter

1220 3153 1296 3191 baec
1315 3150 1433 3190 omnia
1451 3150 1633 3199 diesillos,
1656 3165 1788 3201 quamv,
1804 3167 1943 3205 semper
1964 3163 2077 3190 mente
2101 3168 2175 3191 xer-

1222 3227 1361 3253 semus:
1382 3221 1420 3250 ut
1439 3221 1558 3250 autem
1577 3211 1765 3265 quidpiam
1794 3228 1859 3265 ego
1877 3229 2017 3265 qunque
2038 3215 2082 3251 acl
2107 3230 2176 3252 me—

1224 3276 1373 3315 moriam
1402 3275 1500 3312 illam
1539 3274 1739 3324 conferarii,
1774 3275 1867 3313 idem
1912 3285 2177 3326 argumentum,

2252 516 2365 555 J‹·jnuii

2181 559 2253 585 bona
2275 570 2362 595 quau<

2181 606 2219 627 ta.

1912 3436 1953 3444 -.-

1908 3446 1968 3473 ὲκ).
