<?xml version="1.0" encoding="UTF-8"?>
<!DOCTYPE html PUBLIC "-//W3C//DTD XHTML 1.0 Transitional//EN"
    "http://www.w3.org/TR/xhtml1/DTD/xhtml1-transitional.dtd">
<html xmlns="http://www.w3.org/1999/xhtml" xml:lang="en" lang="en">
 <head>
  <title>
</title>
<meta http-equiv="Content-Type" content="text/html;charset=utf-8" />
  <meta name='ocr-system' content='tesseract 3.04.00' />
  <meta name='ocr-capabilities' content='ocr_page ocr_carea ocr_par ocr_line ocrx_word'/>
</head>
<body>
  <div class='ocr_page' id='page_1' title='image "./operaomniaquaeex04johnuoft/operaomniaquaeex04johnuoft_0353.png"; bbox 0 0 2516 3791; ppageno 0'>
   <div class='ocr_carea' id='block_1_1' title="bbox 623 190 860 236">
    <p class='ocr_par' dir='ltr' id='par_1_1' title="bbox 623 190 860 236">
     <span class='ocr_line' id='line_1_1' title="bbox 623 190 860 236; baseline -0.013 0"><span class='ocrx_word' id='word_1_1' title='bbox 623 190 628 193; x_wconf 38' lang='lat'>⁵</span> <span class='ocrx_word' id='word_1_2' title='bbox 677 206 720 236; x_wconf 64' lang='lat' dir='ltr'>ux·</span> <span class='ocrx_word' id='word_1_3' title='bbox 758 204 860 235; x_wconf 67' lang='lat' dir='ltr'>cu».</span> 
     </span>
    </p>
   </div>
   <div class='ocr_carea' id='block_1_2' title="bbox 898 198 1159 232">
    <p class='ocr_par' dir='ltr' id='par_1_2' title="bbox 898 198 1159 232">
     <span class='ocr_line' id='line_1_2' title="bbox 898 198 1159 232; baseline -0.015 0"><span class='ocrx_word' id='word_1_4' title='bbox 898 201 960 232; x_wconf 79' lang='grc' dir='ltr'>ΙΧ.</span> <span class='ocrx_word' id='word_1_5' title='bbox 998 198 1159 230; x_wconf 77' lang='lat' dir='ltr'>GENES.</span> 
     </span>
    </p>
   </div>
   <div class='ocr_carea' id='block_1_3' title="bbox 1200 183 2125 228">
    <p class='ocr_par' dir='ltr' id='par_1_3' title="bbox 1200 183 2125 228">
     <span class='ocr_line' id='line_1_3' title="bbox 1200 183 2125 228; baseline -0.001 0"><span class='ocrx_word' id='word_1_6' title='bbox 1200 198 1356 228; x_wconf 71' lang='lat' dir='ltr'>nonu„</span> <span class='ocrx_word' id='word_1_7' title='bbox 1396 197 1523 227; x_wconf 73' lang='lat' dir='ltr'>xxix.</span> <span class='ocrx_word' id='word_1_8' title='bbox 2034 183 2125 227; x_wconf 74' lang='lat'>333</span> 
     </span>
    </p>
   </div>
   <div class='ocr_carea' id='block_1_4' title="bbox 67 276 2130 348">
    <p class='ocr_par' dir='ltr' id='par_1_4' title="bbox 67 276 2130 348">
     <span class='ocr_line' id='line_1_4' title="bbox 67 276 2130 348; baseline -0.007 -18"><span class='ocrx_word' id='word_1_9' title='bbox 67 294 255 348; x_wconf 80' lang='grc' dir='ltr'>ἀμφότεροι</span> <span class='ocrx_word' id='word_1_10' title='bbox 273 295 336 340; x_wconf 72' lang='grc' dir='ltr'>τῆς</span> <span class='ocrx_word' id='word_1_11' title='bbox 355 293 462 338; x_wconf 75' lang='grc' dir='ltr'>αὐτῆς</span> <span class='ocrx_word' id='word_1_12' title='bbox 482 289 636 344; x_wconf 79' lang='grc' dir='ltr'>φύσεως,</span> <span class='ocrx_word' id='word_1_13' title='bbox 673 288 733 327; x_wconf 77' lang='grc' dir='ltr'>καὶ</span> <span class='ocrx_word' id='word_1_14' title='bbox 755 286 917 340; x_wconf 72' lang='grc' dir='ltr'>ἀδελφοὶ,</span> <span class='ocrx_word' id='word_1_15' title='bbox 946 284 1004 323; x_wconf 77' lang='grc' dir='ltr'>τὸν</span> <span class='ocrx_word' id='word_1_16' title='bbox 1032 284 1096 321; x_wconf 83' lang='grc' dir='ltr'>αὗ-</span> <span class='ocrx_word' id='word_1_17' title='bbox 1119 286 1145 315; x_wconf 89' lang='lat' dir='ltr'>D</span> <span class='ocrx_word' id='word_1_18' title='bbox 1169 281 1324 329; x_wconf 87' lang='lat' dir='ltr'>suerunt,</span> <span class='ocrx_word' id='word_1_19' title='bbox 1341 288 1375 318; x_wconf 87' lang='lat' dir='ltr'>et</span> <span class='ocrx_word' id='word_1_20' title='bbox 1394 278 1553 332; x_wconf 84' lang='lat' dir='ltr'>ejusdem</span> <span class='ocrx_word' id='word_1_21' title='bbox 1572 286 1725 325; x_wconf 81' lang='lat' dir='ltr'>naturae,</span> <span class='ocrx_word' id='word_1_22' title='bbox 1744 276 1907 314; x_wconf 86' lang='lat' dir='ltr'>eumdem</span> <span class='ocrx_word' id='word_1_23' title='bbox 1927 277 2130 316; x_wconf 75' lang='lat' dir='ltr'>habuerunt</span> 
     </span>
    </p>
   </div>
   <div class='ocr_carea' id='block_1_5' title="bbox 66 344 1104 1547">
    <p class='ocr_par' dir='ltr' id='par_1_5' title="bbox 66 344 1104 1547">
     <span class='ocr_line' id='line_1_5' title="bbox 66 344 1096 406; baseline -0.011 -13"><span class='ocrx_word' id='word_1_24' title='bbox 66 355 124 393; x_wconf 81' lang='grc' dir='ltr'>τὸν</span> <span class='ocrx_word' id='word_1_25' title='bbox 153 354 254 406; x_wconf 83' lang='grc' dir='ltr'>ἔσχον</span> <span class='ocrx_word' id='word_1_26' title='bbox 286 351 444 406; x_wconf 85' lang='grc' dir='ltr'>πατέρα,</span> <span class='ocrx_word' id='word_1_27' title='bbox 477 352 546 389; x_wconf 86' lang='grc' dir='ltr'>τῶν</span> <span class='ocrx_word' id='word_1_28' title='bbox 568 351 680 388; x_wconf 87' lang='grc' dir='ltr'>αὐτῶν</span> <span class='ocrx_word' id='word_1_29' title='bbox 702 349 911 395; x_wconf 64' lang='grc' dir='ltr'>ἀπήλαυσαν</span> <span class='ocrx_word' id='word_1_30' title='bbox 939 344 1096 391; x_wconf 80' lang='grc' dir='ltr'>ὠδίνων,</span> 
     </span>
     <span class='ocr_line' id='line_1_6' title="bbox 66 403 1097 464; baseline -0.012 -11"><span class='ocrx_word' id='word_1_31' title='bbox 66 417 128 461; x_wconf 79' lang='grc' dir='ltr'>τῆς</span> <span class='ocrx_word' id='word_1_32' title='bbox 143 415 248 460; x_wconf 75' lang='grc' dir='ltr'>αὐτῆς</span> <span class='ocrx_word' id='word_1_33' title='bbox 264 412 466 464; x_wconf 80' lang='grc' dir='ltr'>ἐπιμελείας</span> <span class='ocrx_word' id='word_1_34' title='bbox 475 411 597 463; x_wconf 75' lang='grc' dir='ltr'>ἔτυχον</span> <span class='ocrx_word' id='word_1_35' title='bbox 609 411 705 456; x_wconf 83' lang='grc' dir='ltr'>,ἀλλ’</span> <span class='ocrx_word' id='word_1_36' title='bbox 722 410 760 447; x_wconf 84' lang='grc' dir='ltr'>οὐ</span> <span class='ocrx_word' id='word_1_37' title='bbox 771 408 835 453; x_wconf 71' lang='grc' dir='ltr'>τὴν</span> <span class='ocrx_word' id='word_1_38' title='bbox 852 406 958 454; x_wconf 69' lang='grc' dir='ltr'>αὐτὴν</span> <span class='ocrx_word' id='word_1_39' title='bbox 975 403 1097 456; x_wconf 87' lang='grc' dir='ltr'>προαί-</span> 
     </span>
     <span class='ocr_line' id='line_1_7' title="bbox 70 466 1096 528; baseline -0.013 -13"><span class='ocrx_word' id='word_1_40' title='bbox 70 491 162 528; x_wconf 89' lang='grc' dir='ltr'>ρεσιν</span> <span class='ocrx_word' id='word_1_41' title='bbox 185 474 421 519; x_wconf 78' lang='grc' dir='ltr'>ἐπεδείξαντο·</span> <span class='ocrx_word' id='word_1_42' title='bbox 444 475 519 512; x_wconf 86' lang='grc' dir='ltr'>ἀλλ’</span> <span class='ocrx_word' id='word_1_43' title='bbox 539 476 557 511; x_wconf 81' lang='grc' dir='ltr'><strong>ὃ</strong></span> <span class='ocrx_word' id='word_1_44' title='bbox 572 471 634 523; x_wconf 86' lang='grc' dir='ltr'>μὲν</span> <span class='ocrx_word' id='word_1_45' title='bbox 649 472 733 523; x_wconf 76' lang='grc' dir='ltr'>πρὸς</span> <span class='ocrx_word' id='word_1_46' title='bbox 742 469 804 517; x_wconf 76' lang='grc' dir='ltr'>τὴν</span> <span class='ocrx_word' id='word_1_47' title='bbox 826 468 952 507; x_wconf 81' lang='grc' dir='ltr'>κακίαν</span> <span class='ocrx_word' id='word_1_48' title='bbox 971 466 1096 511; x_wconf 78' lang='grc' dir='ltr'>ἐξωλι-</span> 
     </span>
     <span class='ocr_line' id='line_1_8' title="bbox 70 527 1098 587; baseline -0.013 -11"><span class='ocrx_word' id='word_1_49' title='bbox 70 541 165 584; x_wconf 85' lang='grc' dir='ltr'>σθεν,</span> <span class='ocrx_word' id='word_1_50' title='bbox 188 538 220 574; x_wconf 77' lang='grc' dir='ltr'>οἱ</span> <span class='ocrx_word' id='word_1_51' title='bbox 243 536 278 575; x_wconf 80' lang='grc' dir='ltr'>δὲ</span> <span class='ocrx_word' id='word_1_52' title='bbox 301 535 364 582; x_wconf 85' lang='grc' dir='ltr'>τὴν</span> <span class='ocrx_word' id='word_1_53' title='bbox 385 534 611 587; x_wconf 72' lang='grc' dir='ltr'>ὀφειλομένην</span> <span class='ocrx_word' id='word_1_54' title='bbox 630 536 681 585; x_wconf 79' lang='grc' dir='ltr'>τῷ</span> <span class='ocrx_word' id='word_1_55' title='bbox 699 531 807 583; x_wconf 77' lang='grc' dir='ltr'>πατρὶ</span> <span class='ocrx_word' id='word_1_56' title='bbox 834 529 940 580; x_wconf 83' lang='grc' dir='ltr'>τιμὴν</span> <span class='ocrx_word' id='word_1_57' title='bbox 962 527 1098 566; x_wconf 86' lang='grc' dir='ltr'>ἀπένει-</span> 
     </span>
     <span class='ocr_line' id='line_1_9' title="bbox 73 588 1099 645; baseline -0.01 -12"><span class='ocrx_word' id='word_1_58' title='bbox 73 610 156 645; x_wconf 82' lang='grc' dir='ltr'>μαν.</span> <span class='ocrx_word' id='word_1_59' title='bbox 178 594 282 637; x_wconf 78' lang='grc' dir='ltr'>Ἴσως</span> <span class='ocrx_word' id='word_1_60' title='bbox 301 594 337 632; x_wconf 82' lang='grc' dir='ltr'>δὲ</span> <span class='ocrx_word' id='word_1_61' title='bbox 359 594 419 632; x_wconf 69' lang='grc' dir='ltr'>καὶ</span> <span class='ocrx_word' id='word_1_62' title='bbox 439 591 659 644; x_wconf 69' lang='grc' dir='ltr'>ἐπεμὸαίνων</span> <span class='ocrx_word' id='word_1_63' title='bbox 680 594 723 643; x_wconf 78' lang='grc' dir='ltr'>τῇ</span> <span class='ocrx_word' id='word_1_64' title='bbox 743 594 802 628; x_wconf 80' lang='grc' dir='ltr'>τοῦ</span> <span class='ocrx_word' id='word_1_65' title='bbox 830 588 959 639; x_wconf 80' lang='grc' dir='ltr'>πατρὸς</span> <span class='ocrx_word' id='word_1_66' title='bbox 982 589 1099 636; x_wconf 65' lang='grc' dir='ltr'>ἀσχη-</span> 
     </span>
     <span class='ocr_line' id='line_1_10' title="bbox 74 643 1100 704; baseline -0.014 -12"><span class='ocrx_word' id='word_1_67' title='bbox 74 652 207 704; x_wconf 81' lang='grc' dir='ltr'>μοσύνῃ</span> <span class='ocrx_word' id='word_1_68' title='bbox 227 652 286 690; x_wconf 73' lang='grc' dir='ltr'>καὶ</span> <span class='ocrx_word' id='word_1_69' title='bbox 311 652 489 704; x_wconf 75' lang='grc' dir='ltr'>κωμῳδῶν</span> <span class='ocrx_word' id='word_1_70' title='bbox 513 651 549 690; x_wconf 79' lang='grc' dir='ltr'>τὸ</span> <span class='ocrx_word' id='word_1_71' title='bbox 574 648 712 702; x_wconf 83' lang='grc' dir='ltr'>γεγονὸς</span> <span class='ocrx_word' id='word_1_72' title='bbox 738 647 936 696; x_wconf 79' lang='grc' dir='ltr'>ἐξήγγειλε,</span> <span class='ocrx_word' id='word_1_73' title='bbox 958 643 1016 681; x_wconf 66' lang='grc' dir='ltr'>καὶ</span> <span class='ocrx_word' id='word_1_74' title='bbox 1039 644 1100 679; x_wconf 83' lang='grc' dir='ltr'>οὐκ</span> 
     </span>
     <span class='ocr_line' id='line_1_11' title="bbox 74 701 1102 765; baseline -0.011 -15"><span class='ocrx_word' id='word_1_75' title='bbox 74 713 202 760; x_wconf 79' lang='grc' dir='ltr'>ἤκουσε</span> <span class='ocrx_word' id='word_1_76' title='bbox 222 717 327 765; x_wconf 69' lang='grc' dir='ltr'>σοφοῦ</span> <span class='ocrx_word' id='word_1_77' title='bbox 345 728 436 756; x_wconf 88' lang='grc' dir='ltr'>τινος</span> <span class='ocrx_word' id='word_1_78' title='bbox 466 711 623 763; x_wconf 85' lang='grc' dir='ltr'>λέγοντος</span> <span class='ocrx_word' id='word_1_79' title='bbox 637 726 645 733; x_wconf 88' lang='grc'><em>·</em></span> <span class='ocrx_word' id='word_1_80' title='bbox 667 708 728 755; x_wconf 83' lang='grc' dir='ltr'>Μὴ</span> <span class='ocrx_word' id='word_1_81' title='bbox 757 708 894 752; x_wconf 79' lang='grc' dir='ltr'>δοξάζου</span> <span class='ocrx_word' id='word_1_82' title='bbox 925 707 958 743; x_wconf 84' lang='grc' dir='ltr'>ἐν</span> <span class='ocrx_word' id='word_1_83' title='bbox 977 701 1102 753; x_wconf 71' lang='grc' dir='ltr'>ἀτιμία</span> 
     </span>
     <span class='ocr_line' id='line_1_12' title="bbox 75 761 1103 826; baseline -0.015 -11"><span class='ocrx_word' id='word_1_84' title='bbox 75 773 206 826; x_wconf 81' lang='grc' dir='ltr'>πατρός</span> <span class='ocrx_word' id='word_1_85' title='bbox 227 789 298 813; x_wconf 90' lang='grc' dir='ltr'>σου.</span> <span class='ocrx_word' id='word_1_86' title='bbox 324 774 410 812; x_wconf 70' lang='grc' dir='ltr'>Ἀλλ’</span> <span class='ocrx_word' id='word_1_87' title='bbox 431 775 462 811; x_wconf 76' lang='grc' dir='ltr'>οἱ</span> <span class='ocrx_word' id='word_1_88' title='bbox 488 771 628 823; x_wconf 70' lang='grc' dir='ltr'>ἀδελφοὶ</span> <span class='ocrx_word' id='word_1_89' title='bbox 655 773 721 822; x_wconf 82' lang='grc' dir='ltr'>οὐχ</span> <span class='ocrx_word' id='word_1_90' title='bbox 754 768 862 811; x_wconf 75' lang='grc' dir='ltr'>οὕτως</span> <span class='ocrx_word' id='word_1_91' title='bbox 878 782 886 791; x_wconf 91' lang='grc'><em>·</em></span> <span class='ocrx_word' id='word_1_92' title='bbox 918 764 1009 803; x_wconf 82' lang='grc' dir='ltr'>ἀλλὰ</span> <span class='ocrx_word' id='word_1_93' title='bbox 1047 761 1103 815; x_wconf 69' lang='grc' dir='ltr'>τί;</span> 
     </span>
     <span class='ocr_line' id='line_1_13' title="bbox 76 823 1102 880; baseline -0.01 -11"><span class='ocrx_word' id='word_1_94' title='bbox 76 833 202 870; x_wconf 79' lang='grc' dir='ltr'>Ταῦτα</span> <span class='ocrx_word' id='word_1_95' title='bbox 219 831 446 879; x_wconf 82' lang='grc' dir='ltr'>ἀκούσαντες,</span> <span class='ocrx_word' id='word_1_96' title='bbox 472 830 647 874; x_wconf 71' lang='grc' dir='ltr'>Λαὸόντες</span> <span class='ocrx_word' id='word_1_97' title='bbox 658 860 667 876; x_wconf 92' lang='grc'>,</span> <span class='ocrx_word' id='word_1_98' title='bbox 683 827 788 880; x_wconf 79' lang='grc' dir='ltr'>φησὶ,</span> <span class='ocrx_word' id='word_1_99' title='bbox 812 825 895 877; x_wconf 82' lang='grc' dir='ltr'>Σὴμ</span> <span class='ocrx_word' id='word_1_100' title='bbox 909 824 967 862; x_wconf 77' lang='grc' dir='ltr'>καὶ</span> <span class='ocrx_word' id='word_1_101' title='bbox 983 823 1102 875; x_wconf 65' lang='grc' dir='ltr'>Ἰἀφεθ</span> 
     </span>
     <span class='ocr_line' id='line_1_14' title="bbox 75 884 1103 943; baseline -0.01 -12"><span class='ocrx_word' id='word_1_102' title='bbox 75 892 115 930; x_wconf 82' lang='grc' dir='ltr'>τὸ</span> <span class='ocrx_word' id='word_1_103' title='bbox 134 892 291 943; x_wconf 77' lang='grc' dir='ltr'>ἱμάτιον,</span> <span class='ocrx_word' id='word_1_104' title='bbox 326 891 486 931; x_wconf 84' lang='grc' dir='ltr'>ἐπέθεντο</span> <span class='ocrx_word' id='word_1_105' title='bbox 518 892 575 930; x_wconf 82' lang='grc' dir='ltr'>ἐπὶ</span> <span class='ocrx_word' id='word_1_106' title='bbox 598 891 644 929; x_wconf 81' lang='grc' dir='ltr'>τὰ</span> <span class='ocrx_word' id='word_1_107' title='bbox 673 889 731 928; x_wconf 85' lang='grc' dir='ltr'>δύο</span> <span class='ocrx_word' id='word_1_108' title='bbox 760 891 854 927; x_wconf 87' lang='grc' dir='ltr'>νῶτα</span> <span class='ocrx_word' id='word_1_109' title='bbox 885 888 998 924; x_wconf 84' lang='grc' dir='ltr'>αὐτῶν</span> <span class='ocrx_word' id='word_1_110' title='bbox 1013 914 1023 931; x_wconf 91' lang='grc'>,</span> <span class='ocrx_word' id='word_1_111' title='bbox 1043 884 1103 922; x_wconf 84' lang='grc' dir='ltr'>καὶ</span> 
     </span>
     <span class='ocr_line' id='line_1_15' title="bbox 77 944 1101 1004; baseline -0.007 -14"><span class='ocrx_word' id='word_1_112' title='bbox 77 952 311 1004; x_wconf 82' lang='grc' dir='ltr'>ἐπορεύθησαν</span> <span class='ocrx_word' id='word_1_113' title='bbox 336 953 594 1004; x_wconf 77' lang='grc' dir='ltr'>ὂπισθοφανῶς,</span> <span class='ocrx_word' id='word_1_114' title='bbox 613 950 672 989; x_wconf 82' lang='grc' dir='ltr'>καὶ</span> <span class='ocrx_word' id='word_1_115' title='bbox 692 949 933 1001; x_wconf 75' lang='grc' dir='ltr'>συνεκάλυψαν</span> <span class='ocrx_word' id='word_1_116' title='bbox 955 946 1018 993; x_wconf 84' lang='grc' dir='ltr'>τὴν</span> <span class='ocrx_word' id='word_1_117' title='bbox 1037 944 1101 997; x_wconf 87' lang='grc' dir='ltr'>γύ-</span> 
     </span>
     <span class='ocr_line' id='line_1_16' title="bbox 78 1007 1101 1063; baseline -0.006 -15"><span class='ocrx_word' id='word_1_118' title='bbox 78 1026 207 1060; x_wconf 88' lang='grc' dir='ltr'>μνωσιν</span> <span class='ocrx_word' id='word_1_119' title='bbox 222 1014 281 1049; x_wconf 77' lang='grc' dir='ltr'>τοῦ</span> <span class='ocrx_word' id='word_1_120' title='bbox 303 1011 435 1063; x_wconf 83' lang='grc' dir='ltr'>πατρὸς</span> <span class='ocrx_word' id='word_1_121' title='bbox 468 1011 601 1049; x_wconf 88' lang='grc' dir='ltr'>αὐτῶν·</span> <span class='ocrx_word' id='word_1_122' title='bbox 631 1009 745 1047; x_wconf 76' lang='grc' dir='ltr'>καὶτὸ</span> <span class='ocrx_word' id='word_1_123' title='bbox 775 1007 962 1060; x_wconf 84' lang='grc' dir='ltr'>πρόσωπον</span> <span class='ocrx_word' id='word_1_124' title='bbox 987 1007 1101 1043; x_wconf 82' lang='grc' dir='ltr'>αὐτῶν</span> 
     </span>
     <span class='ocr_line' id='line_1_17' title="bbox 76 1064 1103 1120; baseline -0.007 -13"><span class='ocrx_word' id='word_1_125' title='bbox 76 1068 305 1120; x_wconf 73' lang='grc' dir='ltr'>ὀπισθοφανὲς</span> <span class='ocrx_word' id='word_1_126' title='bbox 316 1099 325 1116; x_wconf 92' lang='grc'>,</span> <span class='ocrx_word' id='word_1_127' title='bbox 340 1070 400 1107; x_wconf 80' lang='grc' dir='ltr'>καὶ</span> <span class='ocrx_word' id='word_1_128' title='bbox 415 1068 478 1115; x_wconf 84' lang='grc' dir='ltr'>τὴν</span> <span class='ocrx_word' id='word_1_129' title='bbox 492 1068 670 1120; x_wconf 82' lang='grc' dir='ltr'>γύμνωσιν</span> <span class='ocrx_word' id='word_1_130' title='bbox 686 1072 745 1106; x_wconf 71' lang='grc' dir='ltr'>τοῦ</span> <span class='ocrx_word' id='word_1_131' title='bbox 762 1066 892 1119; x_wconf 73' lang='grc' dir='ltr'>πατρὸς</span> <span class='ocrx_word' id='word_1_132' title='bbox 913 1067 1026 1103; x_wconf 81' lang='grc' dir='ltr'>αὑτῶν</span> <span class='ocrx_word' id='word_1_133' title='bbox 1042 1064 1103 1101; x_wconf 89' lang='grc' dir='ltr'>οὐκ</span> 
     </span>
     <span class='ocr_line' id='line_1_18' title="bbox 77 1122 1102 1180; baseline -0.004 -13"><span class='ocrx_word' id='word_1_134' title='bbox 77 1122 179 1167; x_wconf 69' lang='grc' dir='ltr'>εἶδον.</span> <span class='ocrx_word' id='word_1_135' title='bbox 204 1123 303 1173; x_wconf 70' lang='grc' dir='ltr'>Εἶδες</span> <span class='ocrx_word' id='word_1_136' title='bbox 322 1129 588 1180; x_wconf 76' lang='grc' dir='ltr'>εὐγνωμοσύνην</span> <span class='ocrx_word' id='word_1_137' title='bbox 605 1128 760 1175; x_wconf 71' lang='grc' dir='ltr'>παίδων,</span> <span class='ocrx_word' id='word_1_138' title='bbox 792 1126 838 1166; x_wconf 85' lang='lat' dir='ltr'>‘O</span> <span class='ocrx_word' id='word_1_139' title='bbox 868 1125 930 1177; x_wconf 83' lang='grc' dir='ltr'>μὲν</span> <span class='ocrx_word' id='word_1_140' title='bbox 948 1125 1006 1164; x_wconf 83' lang='grc' dir='ltr'>καὶ</span> <span class='ocrx_word' id='word_1_141' title='bbox 1032 1124 1102 1169; x_wconf 81' lang='grc' dir='ltr'>ἐξε-</span> 
     </span>
     <span class='ocr_line' id='line_1_19' title="bbox 78 1186 1103 1240; baseline -0.002 -16"><span class='ocrx_word' id='word_1_142' title='bbox 78 1186 280 1238; x_wconf 86' lang='grc' dir='ltr'>πόμπευσεν</span> <span class='ocrx_word' id='word_1_143' title='bbox 293 1219 302 1236; x_wconf 93' lang='grc'>,</span> <span class='ocrx_word' id='word_1_144' title='bbox 329 1191 361 1227; x_wconf 78' lang='grc' dir='ltr'>οἱ</span> <span class='ocrx_word' id='word_1_145' title='bbox 380 1189 414 1228; x_wconf 79' lang='grc' dir='ltr'>δὲ</span> <span class='ocrx_word' id='word_1_146' title='bbox 435 1189 511 1227; x_wconf 84' lang='grc' dir='ltr'>οὐδὲ</span> <span class='ocrx_word' id='word_1_147' title='bbox 532 1189 616 1227; x_wconf 81' lang='grc' dir='ltr'>ἰδεῖν</span> <span class='ocrx_word' id='word_1_148' title='bbox 641 1187 842 1240; x_wconf 74' lang='grc' dir='ltr'>ἀνέχονται,</span> <span class='ocrx_word' id='word_1_149' title='bbox 863 1187 939 1224; x_wconf 87' lang='grc' dir='ltr'>ἀλλ’</span> <span class='ocrx_word' id='word_1_150' title='bbox 964 1188 1103 1224; x_wconf 84' lang='grc' dir='ltr'>ὀπισθο-</span> 
     </span>
     <span class='ocr_line' id='line_1_20' title="bbox 78 1245 1102 1302; baseline -0.004 -15"><span class='ocrx_word' id='word_1_151' title='bbox 78 1253 194 1301; x_wconf 78' lang='grc' dir='ltr'>φανῶς</span> <span class='ocrx_word' id='word_1_152' title='bbox 225 1250 445 1302; x_wconf 78' lang='grc' dir='ltr'>βαδίζουσιν,</span> <span class='ocrx_word' id='word_1_153' title='bbox 478 1250 534 1288; x_wconf 78' lang='grc' dir='ltr'>ἵνα</span> <span class='ocrx_word' id='word_1_154' title='bbox 569 1251 678 1302; x_wconf 86' lang='grc' dir='ltr'>ὀρθῶς</span> <span class='ocrx_word' id='word_1_155' title='bbox 709 1249 912 1300; x_wconf 77' lang='grc' dir='ltr'>βαδίσαντες</span> <span class='ocrx_word' id='word_1_156' title='bbox 927 1245 1102 1298; x_wconf 87' lang='grc' dir='ltr'>συγκαλύ-</span> 
     </span>
     <span class='ocr_line' id='line_1_21' title="bbox 78 1307 1104 1364; baseline -0.003 -15"><span class='ocrx_word' id='word_1_157' title='bbox 78 1313 170 1362; x_wconf 79' lang='grc' dir='ltr'>ψωσι</span> <span class='ocrx_word' id='word_1_158' title='bbox 194 1316 253 1350; x_wconf 79' lang='grc' dir='ltr'>τοῦ</span> <span class='ocrx_word' id='word_1_159' title='bbox 273 1313 403 1364; x_wconf 84' lang='grc' dir='ltr'>πατρὸς</span> <span class='ocrx_word' id='word_1_160' title='bbox 418 1312 480 1360; x_wconf 79' lang='grc' dir='ltr'>τὴν</span> <span class='ocrx_word' id='word_1_161' title='bbox 496 1311 685 1364; x_wconf 84' lang='grc' dir='ltr'>γύμνωσιν.</span> <span class='ocrx_word' id='word_1_162' title='bbox 715 1310 785 1348; x_wconf 85' lang='grc' dir='ltr'>Καὶ</span> <span class='ocrx_word' id='word_1_163' title='bbox 800 1309 864 1363; x_wconf 77' lang='grc' dir='ltr'>ὅρα</span> <span class='ocrx_word' id='word_1_164' title='bbox 887 1311 998 1346; x_wconf 88' lang='grc' dir='ltr'>αὐτῶν</span> <span class='ocrx_word' id='word_1_165' title='bbox 1015 1307 1104 1359; x_wconf 80' lang='grc' dir='ltr'>μετὰ</span> 
     </span>
     <span class='ocr_line' id='line_1_22' title="bbox 79 1369 1103 1426; baseline -0.004 -15"><span class='ocrx_word' id='word_1_166' title='bbox 79 1375 142 1419; x_wconf 67' lang='grc' dir='ltr'>τῆς</span> <span class='ocrx_word' id='word_1_167' title='bbox 160 1374 292 1418; x_wconf 76' lang='grc' dir='ltr'>πολλῆς</span> <span class='ocrx_word' id='word_1_168' title='bbox 322 1373 586 1426; x_wconf 81' lang='grc' dir='ltr'>εὐγνωμοσύνης</span> <span class='ocrx_word' id='word_1_169' title='bbox 612 1373 671 1413; x_wconf 76' lang='grc' dir='ltr'>καὶ</span> <span class='ocrx_word' id='word_1_170' title='bbox 690 1371 753 1418; x_wconf 75' lang='grc' dir='ltr'>τὴν</span> <span class='ocrx_word' id='word_1_171' title='bbox 781 1371 981 1410; x_wconf 82' lang='grc' dir='ltr'>ἐπιείκειαν.</span> <span class='ocrx_word' id='word_1_172' title='bbox 1010 1369 1103 1409; x_wconf 84' lang='grc' dir='ltr'>Οὔτε</span> 
     </span>
     <span class='ocr_line' id='line_1_23' title="bbox 79 1432 1101 1486; baseline -0.003 -15"><span class='ocrx_word' id='word_1_173' title='bbox 79 1432 148 1484; x_wconf 76' lang='grc' dir='ltr'>γὰρ</span> <span class='ocrx_word' id='word_1_174' title='bbox 165 1434 372 1484; x_wconf 80' lang='grc' dir='ltr'>ἐπιτιμῶσιν</span> <span class='ocrx_word' id='word_1_175' title='bbox 384 1464 393 1481; x_wconf 91' lang='grc'>,</span> <span class='ocrx_word' id='word_1_176' title='bbox 413 1434 491 1474; x_wconf 85' lang='grc' dir='ltr'>οὔτε</span> <span class='ocrx_word' id='word_1_177' title='bbox 509 1435 763 1482; x_wconf 81' lang='grc' dir='ltr'>ἐπιπλήττουσι</span> <span class='ocrx_word' id='word_1_178' title='bbox 779 1436 829 1486; x_wconf 82' lang='grc' dir='ltr'>τῷ</span> <span class='ocrx_word' id='word_1_179' title='bbox 848 1433 986 1484; x_wconf 74' lang='grc' dir='ltr'>ἀδελφῷ</span> <span class='ocrx_word' id='word_1_180' title='bbox 998 1462 1008 1479; x_wconf 95' lang='grc'>,</span> <span class='ocrx_word' id='word_1_181' title='bbox 1025 1432 1101 1469; x_wconf 85' lang='grc' dir='ltr'>ἀλλ’</span> 
     </span>
     <span class='ocr_line' id='line_1_24' title="bbox 80 1493 1103 1547; baseline -0.002 -15"><span class='ocrx_word' id='word_1_182' title='bbox 80 1493 308 1542; x_wconf 87' lang='grc' dir='ltr'>ἀκούσαντες,</span> <span class='ocrx_word' id='word_1_183' title='bbox 327 1495 399 1538; x_wconf 82' lang='grc' dir='ltr'>ἑνὸς</span> <span class='ocrx_word' id='word_1_184' title='bbox 429 1495 533 1546; x_wconf 84' lang='grc' dir='ltr'>μόνου</span> <span class='ocrx_word' id='word_1_185' title='bbox 558 1495 734 1547; x_wconf 83' lang='grc' dir='ltr'>γίνονται,</span> <span class='ocrx_word' id='word_1_186' title='bbox 760 1497 820 1533; x_wconf 79' lang='grc' dir='ltr'>τοῦ</span> <span class='ocrx_word' id='word_1_187' title='bbox 839 1493 902 1541; x_wconf 75' lang='grc' dir='ltr'>τὴν</span> <span class='ocrx_word' id='word_1_188' title='bbox 923 1493 1103 1545; x_wconf 79' lang='grc' dir='ltr'>διόρθωσιν</span> 
     </span>
    </p>
   </div>
   <div class='ocr_carea' id='block_1_6' title="bbox 1170 337 2134 698">
    <p class='ocr_par' dir='ltr' id='par_1_6' title="bbox 1170 337 2134 698">
     <span class='ocr_line' id='line_1_25' title="bbox 1170 337 2131 394; baseline -0.004 -15"><span class='ocrx_word' id='word_1_189' title='bbox 1170 350 1330 394; x_wconf 83' lang='lat' dir='ltr'>patrem,</span> <span class='ocrx_word' id='word_1_190' title='bbox 1350 339 1472 378; x_wconf 89' lang='lat' dir='ltr'>eodem</span> <span class='ocrx_word' id='word_1_191' title='bbox 1490 348 1590 377; x_wconf 89' lang='lat' dir='ltr'>utero</span> <span class='ocrx_word' id='word_1_192' title='bbox 1605 339 1749 376; x_wconf 84' lang='lat' dir='ltr'>fuerunt</span> <span class='ocrx_word' id='word_1_193' title='bbox 1771 337 1878 385; x_wconf 87' lang='lat' dir='ltr'>editi,</span> <span class='ocrx_word' id='word_1_194' title='bbox 1898 338 2020 375; x_wconf 85' lang='lat' dir='ltr'>cadem</span> <span class='ocrx_word' id='word_1_195' title='bbox 2041 338 2131 376; x_wconf 84' lang='lat' dir='ltr'>dili-</span> 
     </span>
     <span class='ocr_line' id='line_1_26' title="bbox 1171 397 2130 452; baseline -0.004 -13"><span class='ocrx_word' id='word_1_196' title='bbox 1171 401 1288 452; x_wconf 72' lang='lat' dir='ltr'>gentia</span> <span class='ocrx_word' id='word_1_197' title='bbox 1302 402 1445 439; x_wconf 88' lang='lat' dir='ltr'>suerunt</span> <span class='ocrx_word' id='word_1_198' title='bbox 1460 399 1614 449; x_wconf 81' lang='lat' dir='ltr'>educati,</span> <span class='ocrx_word' id='word_1_199' title='bbox 1629 398 1692 438; x_wconf 89' lang='lat' dir='ltr'>scd</span> <span class='ocrx_word' id='word_1_200' title='bbox 1706 412 1773 437; x_wconf 89' lang='lat' dir='ltr'>non</span> <span class='ocrx_word' id='word_1_201' title='bbox 1789 397 1954 437; x_wconf 85' lang='lat' dir='ltr'>eumdem</span> <span class='ocrx_word' id='word_1_202' title='bbox 1968 399 2130 436; x_wconf 85' lang='lat' dir='ltr'>animum</span> 
     </span>
     <span class='ocr_line' id='line_1_27' title="bbox 1170 459 2132 512; baseline -0.005 -11"><span class='ocrx_word' id='word_1_203' title='bbox 1170 464 1442 502; x_wconf 69' lang='lat' dir='ltr'>declaraverunt</span> <span class='ocrx_word' id='word_1_204' title='bbox 1469 478 1476 498; x_wconf 93' lang='lat'><strong>:</strong></span> <span class='ocrx_word' id='word_1_205' title='bbox 1500 462 1562 500; x_wconf 90' lang='lat' dir='ltr'>sed</span> <span class='ocrx_word' id='word_1_206' title='bbox 1582 461 1643 500; x_wconf 89' lang='lat' dir='ltr'>ille</span> <span class='ocrx_word' id='word_1_207' title='bbox 1661 460 1809 512; x_wconf 81' lang='lat' dir='ltr'>quidem</span> <span class='ocrx_word' id='word_1_208' title='bbox 1831 460 1865 498; x_wconf 82' lang='lat' dir='ltr'>in</span> <span class='ocrx_word' id='word_1_209' title='bbox 1887 460 2060 498; x_wconf 83' lang='lat' dir='ltr'>malitiam</span> <span class='ocrx_word' id='word_1_210' title='bbox 2081 459 2132 496; x_wconf 88' lang='lat' dir='ltr'>iu-</span> 
     </span>
     <span class='ocr_line' id='line_1_28' title="bbox 1173 521 2133 576; baseline -0.005 -15"><span class='ocrx_word' id='word_1_211' title='bbox 1173 524 1275 571; x_wconf 85' lang='lat' dir='ltr'>cidit,</span> <span class='ocrx_word' id='word_1_212' title='bbox 1292 524 1315 562; x_wconf 88' lang='lat' dir='ltr'>ii</span> <span class='ocrx_word' id='word_1_213' title='bbox 1330 539 1412 562; x_wconf 82' lang='lat' dir='ltr'>vero</span> <span class='ocrx_word' id='word_1_214' title='bbox 1424 522 1562 576; x_wconf 86' lang='lat' dir='ltr'>parenti</span> <span class='ocrx_word' id='word_1_215' title='bbox 1580 522 1742 561; x_wconf 78' lang='lat' dir='ltr'>debitum</span> <span class='ocrx_word' id='word_1_216' title='bbox 1760 521 2012 574; x_wconf 85' lang='lat' dir='ltr'>impenderunt</span> <span class='ocrx_word' id='word_1_217' title='bbox 2028 521 2133 558; x_wconf 78' lang='lat' dir='ltr'>hono·</span> 
     </span>
     <span class='ocr_line' id='line_1_29' title="bbox 1173 580 2134 623; baseline -0.005 0"><span class='ocrx_word' id='word_1_218' title='bbox 1173 600 1258 623; x_wconf 85' lang='lat' dir='ltr'>rem.</span> <span class='ocrx_word' id='word_1_219' title='bbox 1286 584 1460 622; x_wconf 81' lang='lat' dir='ltr'>Fortassis</span> <span class='ocrx_word' id='word_1_220' title='bbox 1489 594 1607 622; x_wconf 82' lang='lat' dir='ltr'>autem</span> <span class='ocrx_word' id='word_1_221' title='bbox 1631 593 1664 621; x_wconf 83' lang='lat' dir='ltr'>et</span> <span class='ocrx_word' id='word_1_222' title='bbox 1695 583 1807 621; x_wconf 80' lang='lat' dir='ltr'>irrisit</span> <span class='ocrx_word' id='word_1_223' title='bbox 1831 597 1871 620; x_wconf 87' lang='lat' dir='ltr'>ac</span> <span class='ocrx_word' id='word_1_224' title='bbox 1901 580 2134 620; x_wconf 77' lang='lat' dir='ltr'>subsannavit</span> 
     </span>
     <span class='ocr_line' id='line_1_30' title="bbox 1174 643 2131 698; baseline -0.002 -17"><span class='ocrx_word' id='word_1_225' title='bbox 1174 654 1325 698; x_wconf 84' lang='lat' dir='ltr'>patrem,</span> <span class='ocrx_word' id='word_1_226' title='bbox 1347 644 1608 696; x_wconf 85' lang='lat' dir='ltr'>turpitudinem</span> <span class='ocrx_word' id='word_1_227' title='bbox 1631 645 1730 682; x_wconf 81' lang='lat' dir='ltr'>illius</span> <span class='ocrx_word' id='word_1_228' title='bbox 1757 643 1955 682; x_wconf 83' lang='lat' dir='ltr'>nuntiando</span> <span class='ocrx_word' id='word_1_229' title='bbox 1976 659 1984 680; x_wconf 78' lang='lat' dir='ltr'>t</span> <span class='ocrx_word' id='word_1_230' title='bbox 2006 652 2038 680; x_wconf 88' lang='lat' dir='ltr'>et</span> <span class='ocrx_word' id='word_1_231' title='bbox 2062 656 2131 680; x_wconf 86' lang='lat' dir='ltr'>nun</span> 
     </span>
    </p>
   </div>
   <div class='ocr_carea' id='block_1_7' title="bbox 1174 702 2334 755">
    <p class='ocr_par' dir='ltr' id='par_1_7' title="bbox 1174 702 2334 755">
     <span class='ocr_line' id='line_1_31' title="bbox 1174 702 2334 755; baseline -0.002 -13"><span class='ocrx_word' id='word_1_232' title='bbox 1174 704 1316 742; x_wconf 77' lang='lat' dir='ltr'>audivit</span> <span class='ocrx_word' id='word_1_233' title='bbox 1329 704 1522 755; x_wconf 78' lang='lat' dir='ltr'>sapientem</span> <span class='ocrx_word' id='word_1_234' title='bbox 1541 703 1733 754; x_wconf 88' lang='lat' dir='ltr'>quemdam</span> <span class='ocrx_word' id='word_1_235' title='bbox 1756 703 1932 741; x_wconf 83' lang='lat' dir='ltr'>dicentem</span> <span class='ocrx_word' id='word_1_236' title='bbox 1950 719 1957 739; x_wconf 91' lang='lat'><strong>:</strong></span> <span class='ocrx_word' id='word_1_237' title='bbox 1979 704 2039 741; x_wconf 78' lang='lat' dir='ltr'>Ne</span> <span class='ocrx_word' id='word_1_238' title='bbox 2051 702 2133 754; x_wconf 78' lang='lat' dir='ltr'>glo·</span> <span class='ocrx_word' id='word_1_239' title='bbox 2148 712 2334 742; x_wconf 68' lang='lat' dir='ltr'>12&#39;1·‹·li.3.12.</span> 
     </span>
    </p>
   </div>
   <div class='ocr_carea' id='block_1_8' title="bbox 1127 766 2141 1548">
    <p class='ocr_par' dir='ltr' id='par_1_8' title="bbox 1127 766 2141 1548">
     <span class='ocr_line' id='line_1_32' title="bbox 1175 766 2136 816; baseline -0.001 -13"><span class='ocrx_word' id='word_1_240' title='bbox 1175 767 1284 803; x_wconf 81' lang='lat' dir='ltr'>rieris</span> <span class='ocrx_word' id='word_1_241' title='bbox 1304 767 1345 802; x_wconf 85' lang='lat' dir='ltr'>in</span> <span class='ocrx_word' id='word_1_242' title='bbox 1365 767 1580 816; x_wconf 77' lang='lat' dir='ltr'><em>ignominia</em></span> <span class='ocrx_word' id='word_1_243' title='bbox 1598 768 1722 816; x_wconf 76' lang='lat' dir='ltr'>patris</span> <span class='ocrx_word' id='word_1_244' title='bbox 1743 767 1829 802; x_wconf 82' lang='lat' dir='ltr'>tuis.</span> <span class='ocrx_word' id='word_1_245' title='bbox 1851 766 1989 803; x_wconf 61' lang='lat' dir='ltr'>verum</span> <span class='ocrx_word' id='word_1_246' title='bbox 2010 766 2136 802; x_wconf 78' lang='lat' dir='ltr'>fratres</span> 
     </span>
     <span class='ocr_line' id='line_1_33' title="bbox 1175 824 2136 876; baseline -0.002 -12"><span class='ocrx_word' id='word_1_247' title='bbox 1175 840 1244 864; x_wconf 88' lang='lat' dir='ltr'>non</span> <span class='ocrx_word' id='word_1_248' title='bbox 1257 825 1308 863; x_wconf 90' lang='lat' dir='ltr'>sic</span> <span class='ocrx_word' id='word_1_249' title='bbox 1318 834 1479 876; x_wconf 83' lang='lat' dir='ltr'>egerunt.</span> <span class='ocrx_word' id='word_1_250' title='bbox 1496 824 1543 862; x_wconf 79' lang='lat' dir='ltr'>Et</span> <span class='ocrx_word' id='word_1_251' title='bbox 1557 824 1765 875; x_wconf 70' lang='lat' dir='ltr'>quomodo?</span> <span class='ocrx_word' id='word_1_252' title='bbox 1778 826 1870 861; x_wconf 84' lang='lat' dir='ltr'>Cum</span> <span class='ocrx_word' id='word_1_253' title='bbox 1887 824 1960 862; x_wconf 64' lang='lat' dir='ltr'>haec</span> <span class='ocrx_word' id='word_1_254' title='bbox 1975 825 2136 862; x_wconf 72' lang='lat' dir='ltr'>audivis-</span> 
     </span>
     <span class='ocr_line' id='line_1_34' title="bbox 1175 886 2137 937; baseline -0.001 -13"><span class='ocrx_word' id='word_1_255' title='bbox 1175 896 1251 925; x_wconf 85' lang='lat' dir='ltr'>sent</span> <span class='ocrx_word' id='word_1_256' title='bbox 1279 887 1342 924; x_wconf 69' lang='lat'>95.</span> <span class='ocrx_word' id='word_1_257' title='bbox 1360 886 1444 924; x_wconf 82' lang='lat' dir='ltr'>Sem</span> <span class='ocrx_word' id='word_1_258' title='bbox 1461 894 1497 923; x_wconf 80' lang='lat' dir='ltr'>et</span> <span class='ocrx_word' id='word_1_259' title='bbox 1512 886 1702 937; x_wconf 74' lang='lat' dir='ltr'>Japlueth,</span> <span class='ocrx_word' id='word_1_260' title='bbox 1724 889 1905 936; x_wconf 77' lang='lat' dir='ltr'>acceptis,</span> <span class='ocrx_word' id='word_1_261' title='bbox 1923 886 2052 936; x_wconf 81' lang='lat' dir='ltr'>inquit,</span> <span class='ocrx_word' id='word_1_262' title='bbox 2067 901 2137 923; x_wconf 80' lang='lat' dir='ltr'>ve-</span> 
     </span>
     <span class='ocr_line' id='line_1_35' title="bbox 1175 947 2136 999; baseline -0.001 -14"><span class='ocrx_word' id='word_1_263' title='bbox 1175 950 1295 986; x_wconf 81' lang='lat' dir='ltr'>stibus</span> <span class='ocrx_word' id='word_1_264' title='bbox 1309 961 1422 999; x_wconf 79' lang='lat' dir='ltr'>super</span> <span class='ocrx_word' id='word_1_265' title='bbox 1435 947 1614 984; x_wconf 75' lang='lat' dir='ltr'>humeros</span> <span class='ocrx_word' id='word_1_266' title='bbox 1624 960 1727 992; x_wconf 79' lang='lat' dir='ltr'>suos,</span> <span class='ocrx_word' id='word_1_267' title='bbox 1743 949 1982 984; x_wconf 81' lang='lat' dir='ltr'>incesserunt</span> <span class='ocrx_word' id='word_1_268' title='bbox 1997 956 2136 984; x_wconf 81' lang='lat' dir='ltr'>retror-</span> 
     </span>
     <span class='ocr_line' id='line_1_36' title="bbox 1127 1009 2137 1061; baseline 0.002 -17"><span class='ocrx_word' id='word_1_269' title='bbox 1127 1015 1151 1044; x_wconf 87' lang='lat' dir='ltr'>E</span> <span class='ocrx_word' id='word_1_270' title='bbox 1175 1023 1256 1047; x_wconf 83' lang='lat' dir='ltr'>sum</span> <span class='ocrx_word' id='word_1_271' title='bbox 1262 1039 1273 1056; x_wconf 87' lang='lat'>,</span> <span class='ocrx_word' id='word_1_272' title='bbox 1293 1018 1329 1046; x_wconf 83' lang='lat' dir='ltr'>et</span> <span class='ocrx_word' id='word_1_273' title='bbox 1352 1018 1582 1061; x_wconf 80' lang='lat' dir='ltr'>operuerunt</span> <span class='ocrx_word' id='word_1_274' title='bbox 1605 1009 1822 1046; x_wconf 79' lang='lat' dir='ltr'>nuditatem</span> <span class='ocrx_word' id='word_1_275' title='bbox 1841 1010 1966 1058; x_wconf 79' lang='lat' dir='ltr'>patris</span> <span class='ocrx_word' id='word_1_276' title='bbox 1985 1011 2045 1046; x_wconf 83' lang='lat' dir='ltr'>sui</span> <span class='ocrx_word' id='word_1_277' title='bbox 2068 1025 2077 1045; x_wconf 91' lang='lat'>:</span> <span class='ocrx_word' id='word_1_278' title='bbox 2101 1017 2137 1046; x_wconf 80' lang='lat' dir='ltr'>et</span> 
     </span>
     <span class='ocr_line' id='line_1_37' title="bbox 1164 1071 2138 1124; baseline -0.001 -16"><span class='ocrx_word' id='word_1_279' title='bbox 1164 1073 1300 1124; x_wconf 81' lang='lat' dir='ltr'>facies</span> <span class='ocrx_word' id='word_1_280' title='bbox 1317 1084 1447 1108; x_wconf 84' lang='lat' dir='ltr'>eorum</span> <span class='ocrx_word' id='word_1_281' title='bbox 1470 1079 1693 1117; x_wconf 80' lang='lat' dir='ltr'><em>retrorsum,</em></span> <span class='ocrx_word' id='word_1_282' title='bbox 1716 1079 1752 1107; x_wconf 82' lang='lat' dir='ltr'>et</span> <span class='ocrx_word' id='word_1_283' title='bbox 1781 1071 1995 1107; x_wconf 78' lang='lat' dir='ltr'>nuditatem</span> <span class='ocrx_word' id='word_1_284' title='bbox 2014 1073 2138 1121; x_wconf 78' lang='lat' dir='ltr'>patris</span> 
     </span>
     <span class='ocr_line' id='line_1_38' title="bbox 1175 1130 2137 1183; baseline -0.002 -13"><span class='ocrx_word' id='word_1_285' title='bbox 1175 1134 1235 1170; x_wconf 79' lang='lat' dir='ltr'>sui</span> <span class='ocrx_word' id='word_1_286' title='bbox 1251 1146 1330 1169; x_wconf 87' lang='lat' dir='ltr'>non</span> <span class='ocrx_word' id='word_1_287' title='bbox 1346 1132 1546 1169; x_wconf 77' lang='lat' dir='ltr'>viderunt.</span> <span class='ocrx_word' id='word_1_288' title='bbox 1559 1131 1695 1170; x_wconf 71' lang='lat' dir='ltr'>Vidisti</span> <span class='ocrx_word' id='word_1_289' title='bbox 1713 1130 1927 1183; x_wconf 81' lang='lat' dir='ltr'>probitatem</span> <span class='ocrx_word' id='word_1_290' title='bbox 1949 1131 2137 1169; x_wconf 68' lang='lat' dir='ltr'>filiorum?</span> 
     </span>
     <span class='ocr_line' id='line_1_39' title="bbox 1176 1191 2138 1244; baseline -0.001 -14"><span class='ocrx_word' id='word_1_291' title='bbox 1176 1193 1243 1231; x_wconf 86' lang='lat' dir='ltr'>Ille</span> <span class='ocrx_word' id='word_1_292' title='bbox 1259 1192 1445 1244; x_wconf 76' lang='lat' dir='ltr'>evulgavit</span> <span class='ocrx_word' id='word_1_293' title='bbox 1456 1202 1489 1230; x_wconf 89' lang='lat' dir='ltr'>et</span> <span class='ocrx_word' id='word_1_294' title='bbox 1505 1192 1677 1241; x_wconf 80' lang='lat' dir='ltr'>traduxit,</span> <span class='ocrx_word' id='word_1_295' title='bbox 1694 1191 1754 1229; x_wconf 82' lang='lat' dir='ltr'>isti</span> <span class='ocrx_word' id='word_1_296' title='bbox 1769 1205 1884 1242; x_wconf 82' lang='lat' dir='ltr'>neque</span> <span class='ocrx_word' id='word_1_297' title='bbox 1899 1191 2022 1229; x_wconf 73' lang='lat' dir='ltr'>videre</span> <span class='ocrx_word' id='word_1_298' title='bbox 2032 1192 2138 1229; x_wconf 87' lang='lat' dir='ltr'>susti-</span> 
     </span>
     <span class='ocr_line' id='line_1_40' title="bbox 1177 1253 2140 1302; baseline -0.001 -10"><span class='ocrx_word' id='word_1_299' title='bbox 1177 1263 1331 1292; x_wconf 90' lang='lat' dir='ltr'>nuerunt</span> <span class='ocrx_word' id='word_1_300' title='bbox 1353 1270 1360 1290; x_wconf 91' lang='lat'>:</span> <span class='ocrx_word' id='word_1_301' title='bbox 1381 1254 1445 1292; x_wconf 87' lang='lat' dir='ltr'>sed</span> <span class='ocrx_word' id='word_1_302' title='bbox 1465 1263 1658 1293; x_wconf 82' lang='lat' dir='ltr'><em>retrorsum</em></span> <span class='ocrx_word' id='word_1_303' title='bbox 1683 1254 1796 1302; x_wconf 84' lang='lat' dir='ltr'>ibant,</span> <span class='ocrx_word' id='word_1_304' title='bbox 1818 1264 1855 1291; x_wconf 87' lang='lat' dir='ltr'>ut</span> <span class='ocrx_word' id='word_1_305' title='bbox 1881 1262 1974 1291; x_wconf 80' lang='lat' dir='ltr'>recta</span> <span class='ocrx_word' id='word_1_306' title='bbox 2001 1253 2140 1291; x_wconf 85' lang='lat' dir='ltr'>adirent</span> 
     </span>
     <span class='ocr_line' id='line_1_41' title="bbox 1178 1314 2139 1368; baseline 0 -16"><span class='ocrx_word' id='word_1_307' title='bbox 1178 1315 1288 1368; x_wconf 84' lang='lat' dir='ltr'>patris</span> <span class='ocrx_word' id='word_1_308' title='bbox 1302 1315 1495 1354; x_wconf 86' lang='lat' dir='ltr'>contecturi</span> <span class='ocrx_word' id='word_1_309' title='bbox 1513 1315 1727 1354; x_wconf 83' lang='lat' dir='ltr'>nuditatem.</span> <span class='ocrx_word' id='word_1_310' title='bbox 1742 1314 1790 1352; x_wconf 85' lang='lat' dir='ltr'>Et</span> <span class='ocrx_word' id='word_1_311' title='bbox 1798 1314 1882 1352; x_wconf 84' lang='lat' dir='ltr'>vide</span> <span class='ocrx_word' id='word_1_312' title='bbox 1895 1314 1998 1351; x_wconf 83' lang='lat' dir='ltr'>illoru</span> <span class='ocrx_word' id='word_1_313' title='bbox 2006 1329 2040 1352; x_wconf 91' lang='lat' dir='ltr'>m</span> <span class='ocrx_word' id='word_1_314' title='bbox 2058 1329 2139 1353; x_wconf 91' lang='lat' dir='ltr'>cum</span> 
     </span>
     <span class='ocr_line' id='line_1_42' title="bbox 1178 1375 2141 1429; baseline 0 -15"><span class='ocrx_word' id='word_1_315' title='bbox 1178 1391 1307 1429; x_wconf 83' lang='lat' dir='ltr'>magna</span> <span class='ocrx_word' id='word_1_316' title='bbox 1333 1376 1511 1429; x_wconf 81' lang='lat' dir='ltr'>probitate</span> <span class='ocrx_word' id='word_1_317' title='bbox 1539 1375 1859 1415; x_wconf 88' lang='lat' dir='ltr'>mansuetudinem.</span> <span class='ocrx_word' id='word_1_318' title='bbox 1883 1377 2005 1427; x_wconf 78' lang='lat' dir='ltr'>Neque</span> <span class='ocrx_word' id='word_1_319' title='bbox 2026 1376 2141 1414; x_wconf 85' lang='lat' dir='ltr'>incre-</span> 
     </span>
     <span class='ocr_line' id='line_1_43' title="bbox 1177 1436 2140 1489; baseline 0.001 -16"><span class='ocrx_word' id='word_1_320' title='bbox 1177 1446 1278 1489; x_wconf 85' lang='lat' dir='ltr'>pant,</span> <span class='ocrx_word' id='word_1_321' title='bbox 1295 1437 1606 1487; x_wconf 74' lang='lat' dir='ltr'>nequeverberant</span> <span class='ocrx_word' id='word_1_322' title='bbox 1620 1437 1767 1475; x_wconf 84' lang='lat' dir='ltr'>fratrem</span> <span class='ocrx_word' id='word_1_323' title='bbox 1781 1453 1788 1473; x_wconf 74' lang='grc' dir='ltr'>ε</span> <span class='ocrx_word' id='word_1_324' title='bbox 1806 1436 1867 1475; x_wconf 89' lang='lat' dir='ltr'>sed</span> <span class='ocrx_word' id='word_1_325' title='bbox 1880 1447 1919 1474; x_wconf 88' lang='lat' dir='ltr'>ut</span> <span class='ocrx_word' id='word_1_326' title='bbox 1934 1436 2140 1483; x_wconf 80' lang='lat' dir='ltr'>audierunt,</span> 
     </span>
     <span class='ocr_line' id='line_1_44' title="bbox 1179 1496 2141 1548; baseline -0.002 -13"><span class='ocrx_word' id='word_1_327' title='bbox 1179 1511 1265 1535; x_wconf 79' lang='lat' dir='ltr'>mox</span> <span class='ocrx_word' id='word_1_328' title='bbox 1280 1497 1320 1535; x_wconf 89' lang='lat' dir='ltr'>id</span> <span class='ocrx_word' id='word_1_329' title='bbox 1334 1511 1446 1535; x_wconf 87' lang='lat' dir='ltr'>unum</span> <span class='ocrx_word' id='word_1_330' title='bbox 1463 1506 1648 1544; x_wconf 86' lang='lat' dir='ltr'>curarunt,</span> <span class='ocrx_word' id='word_1_331' title='bbox 1664 1506 1700 1534; x_wconf 88' lang='lat' dir='ltr'>ut</span> <span class='ocrx_word' id='word_1_332' title='bbox 1721 1498 1854 1535; x_wconf 86' lang='lat' dir='ltr'>sactum</span> <span class='ocrx_word' id='word_1_333' title='bbox 1873 1496 2141 1548; x_wconf 80' lang='lat' dir='ltr'>quamprimum</span> 
     </span>
    </p>
   </div>
   <div class='ocr_carea' id='block_1_9' title="bbox 81 1556 2141 1610">
    <p class='ocr_par' dir='ltr' id='par_1_9' title="bbox 81 1556 2141 1610">
     <span class='ocr_line' id='line_1_45' title="bbox 81 1556 2141 1610; baseline -0.002 -10"><span class='ocrx_word' id='word_1_334' title='bbox 81 1562 224 1608; x_wconf 68' lang='grc' dir='ltr'>ταχεῖαν</span> <span class='ocrx_word' id='word_1_335' title='bbox 243 1556 480 1604; x_wconf 75' lang='grc' dir='ltr'>ποιήσασθαι,</span> <span class='ocrx_word' id='word_1_336' title='bbox 505 1557 565 1595; x_wconf 75' lang='grc' dir='ltr'>καὶ</span> <span class='ocrx_word' id='word_1_337' title='bbox 583 1557 628 1596; x_wconf 70' lang='grc' dir='ltr'>τὰ</span> <span class='ocrx_word' id='word_1_338' title='bbox 655 1559 703 1600; x_wconf 82' lang='grc' dir='ltr'>εἷς</span> <span class='ocrx_word' id='word_1_339' title='bbox 731 1556 838 1607; x_wconf 78' lang='grc' dir='ltr'>τιμὴν</span> <span class='ocrx_word' id='word_1_340' title='bbox 865 1559 926 1593; x_wconf 79' lang='grc' dir='ltr'>τοῦ</span> <span class='ocrx_word' id='word_1_341' title='bbox 943 1571 1106 1606; x_wconf 80' lang='grc' dir='ltr'>γεγεννη-</span> <span class='ocrx_word' id='word_1_342' title='bbox 1119 1581 1166 1606; x_wconf 83' lang='lat'>286</span> <span class='ocrx_word' id='word_1_343' title='bbox 1180 1558 1447 1607; x_wconf 82' lang='lat' dir='ltr'>emendaretur,</span> <span class='ocrx_word' id='word_1_344' title='bbox 1462 1567 1496 1596; x_wconf 85' lang='lat' dir='ltr'>et</span> <span class='ocrx_word' id='word_1_345' title='bbox 1514 1558 1648 1596; x_wconf 86' lang='lat' dir='ltr'>honore</span> <span class='ocrx_word' id='word_1_346' title='bbox 1666 1558 1805 1610; x_wconf 85' lang='lat' dir='ltr'>genitor</span> <span class='ocrx_word' id='word_1_347' title='bbox 1820 1558 2034 1596; x_wconf 83' lang='lat' dir='ltr'>afficeretur.</span> <span class='ocrx_word' id='word_1_348' title='bbox 2054 1559 2141 1595; x_wconf 82' lang='lat' dir='ltr'>Fa-</span> 
     </span>
    </p>
   </div>
   <div class='ocr_carea' id='block_1_10' title="bbox 81 1616 1110 3017">
    <p class='ocr_par' dir='ltr' id='par_1_10' title="bbox 81 1616 1110 3017">
     <span class='ocr_line' id='line_1_46' title="bbox 81 1616 1104 1669; baseline 0.001 -15"><span class='ocrx_word' id='word_1_349' title='bbox 81 1616 180 1661; x_wconf 85' lang='grc' dir='ltr'>κότος</span> <span class='ocrx_word' id='word_1_350' title='bbox 211 1619 425 1657; x_wconf 76' lang='grc' dir='ltr'>συντείνοντα</span> <span class='ocrx_word' id='word_1_351' title='bbox 453 1618 704 1664; x_wconf 80' lang='grc' dir='ltr'>ἐπιδείξασθαι.</span> <span class='ocrx_word' id='word_1_352' title='bbox 734 1617 804 1657; x_wconf 79' lang='grc' dir='ltr'>Καὶ</span> <span class='ocrx_word' id='word_1_353' title='bbox 836 1617 876 1656; x_wconf 72' lang='grc' dir='ltr'>τὸ</span> <span class='ocrx_word' id='word_1_354' title='bbox 916 1617 1104 1669; x_wconf 86' lang='grc' dir='ltr'>πρόσωπον</span> 
     </span>
     <span class='ocr_line' id='line_1_47' title="bbox 82 1678 1105 1732; baseline -0.001 -16"><span class='ocrx_word' id='word_1_355' title='bbox 82 1681 213 1726; x_wconf 85' lang='grc' dir='ltr'>αὐτῶν,</span> <span class='ocrx_word' id='word_1_356' title='bbox 239 1679 367 1732; x_wconf 74' lang='grc' dir='ltr'>φησὶν,</span> <span class='ocrx_word' id='word_1_357' title='bbox 393 1678 641 1732; x_wconf 64' lang='grc' dir='ltr'>ὄπισθοφανὲς,</span> <span class='ocrx_word' id='word_1_358' title='bbox 669 1679 729 1718; x_wconf 83' lang='grc' dir='ltr'>καὶ</span> <span class='ocrx_word' id='word_1_359' title='bbox 753 1679 816 1726; x_wconf 80' lang='grc' dir='ltr'>τὴν</span> <span class='ocrx_word' id='word_1_360' title='bbox 847 1678 1025 1730; x_wconf 82' lang='grc' dir='ltr'>γύμνωσιν</span> <span class='ocrx_word' id='word_1_361' title='bbox 1045 1682 1105 1716; x_wconf 75' lang='grc' dir='ltr'>τοῦ</span> 
     </span>
     <span class='ocr_line' id='line_1_48' title="bbox 82 1735 1108 1793; baseline -0.001 -15"><span class='ocrx_word' id='word_1_362' title='bbox 82 1741 212 1793; x_wconf 79' lang='grc' dir='ltr'>πατρὸς</span> <span class='ocrx_word' id='word_1_363' title='bbox 231 1743 344 1779; x_wconf 78' lang='grc' dir='ltr'>αὐτῶν</span> <span class='ocrx_word' id='word_1_364' title='bbox 363 1743 424 1779; x_wconf 90' lang='grc' dir='ltr'>οὐκ</span> <span class='ocrx_word' id='word_1_365' title='bbox 442 1735 543 1780; x_wconf 67' lang='grc' dir='ltr'>εἶδον.</span> <span class='ocrx_word' id='word_1_366' title='bbox 559 1741 682 1788; x_wconf 87' lang='grc' dir='ltr'>Πολλὴ</span> <span class='ocrx_word' id='word_1_367' title='bbox 703 1743 771 1778; x_wconf 88' lang='grc' dir='ltr'>τῶν</span> <span class='ocrx_word' id='word_1_368' title='bbox 790 1740 925 1779; x_wconf 82' lang='grc' dir='ltr'>παίδων</span> <span class='ocrx_word' id='word_1_369' title='bbox 950 1744 972 1787; x_wconf 80' lang='grc' dir='ltr'>ἢ</span> <span class='ocrx_word' id='word_1_370' title='bbox 1002 1740 1108 1778; x_wconf 75' lang='grc' dir='ltr'>εὐλά-</span> 
     </span>
     <span class='ocr_line' id='line_1_49' title="bbox 83 1800 1108 1853; baseline -0.001 -14"><span class='ocrx_word' id='word_1_371' title='bbox 83 1801 180 1848; x_wconf 73' lang='grc' dir='ltr'>ὅεια,</span> <span class='ocrx_word' id='word_1_372' title='bbox 197 1801 256 1839; x_wconf 81' lang='grc' dir='ltr'>καὶ</span> <span class='ocrx_word' id='word_1_373' title='bbox 277 1801 407 1850; x_wconf 85' lang='grc' dir='ltr'>ταύτην</span> <span class='ocrx_word' id='word_1_374' title='bbox 424 1806 507 1853; x_wconf 77' lang='grc' dir='ltr'>ἡμῖν</span> <span class='ocrx_word' id='word_1_375' title='bbox 525 1803 694 1841; x_wconf 87' lang='grc' dir='ltr'>δείκνυσιν</span> <span class='ocrx_word' id='word_1_376' title='bbox 718 1803 755 1841; x_wconf 89' lang='grc' dir='ltr'>οὐ</span> <span class='ocrx_word' id='word_1_377' title='bbox 782 1802 822 1840; x_wconf 80' lang='grc' dir='ltr'>τὸ</span> <span class='ocrx_word' id='word_1_378' title='bbox 852 1802 1026 1840; x_wconf 76' lang='grc' dir='ltr'>σκεπάσαι</span> <span class='ocrx_word' id='word_1_379' title='bbox 1047 1800 1108 1851; x_wconf 89' lang='grc' dir='ltr'>μό-</span> 
     </span>
     <span class='ocr_line' id='line_1_50' title="bbox 83 1862 1107 1916; baseline -0.001 -15"><span class='ocrx_word' id='word_1_380' title='bbox 83 1878 154 1909; x_wconf 91' lang='grc' dir='ltr'>νον,</span> <span class='ocrx_word' id='word_1_381' title='bbox 175 1862 265 1901; x_wconf 75' lang='grc' dir='ltr'>ἀλλὰ</span> <span class='ocrx_word' id='word_1_382' title='bbox 291 1864 351 1902; x_wconf 81' lang='grc' dir='ltr'>καὶ</span> <span class='ocrx_word' id='word_1_383' title='bbox 379 1863 427 1915; x_wconf 90' lang='grc' dir='ltr'>μὴ</span> <span class='ocrx_word' id='word_1_384' title='bbox 447 1864 692 1916; x_wconf 64' lang='grc' dir='ltr'>*ἀνασχέσθαι</span> <span class='ocrx_word' id='word_1_385' title='bbox 727 1865 822 1901; x_wconf 84' lang='grc' dir='ltr'>ἰδεῖν.</span> <span class='ocrx_word' id='word_1_386' title='bbox 857 1864 1107 1913; x_wconf 87' lang='grc' dir='ltr'>Παιδευθῶμεν</span> 
     </span>
     <span class='ocr_line' id='line_1_51' title="bbox 83 1924 1109 1977; baseline -0.002 -15"><span class='ocrx_word' id='word_1_387' title='bbox 83 1924 197 1962; x_wconf 87' lang='grc' dir='ltr'>τοίνυν</span> <span class='ocrx_word' id='word_1_388' title='bbox 217 1924 276 1962; x_wconf 78' lang='grc' dir='ltr'>καὶ</span> <span class='ocrx_word' id='word_1_389' title='bbox 295 1927 467 1972; x_wconf 65' lang='grc' dir='ltr'>ἐντεῦθεν,</span> <span class='ocrx_word' id='word_1_390' title='bbox 493 1924 552 1962; x_wconf 63' lang='grc' dir='ltr'>καὶ</span> <span class='ocrx_word' id='word_1_391' title='bbox 581 1925 614 1969; x_wconf 79' lang='grc' dir='ltr'>ἐξ</span> <span class='ocrx_word' id='word_1_392' title='bbox 645 1925 850 1977; x_wconf 65' lang='grc' dir='ltr'>ἀμφοτέρων</span> <span class='ocrx_word' id='word_1_393' title='bbox 870 1924 1109 1976; x_wconf 77' lang='grc' dir='ltr'>κερδάνωμεν,</span> 
     </span>
     <span class='ocr_line' id='line_1_52' title="bbox 84 1984 1110 2038; baseline 0.001 -16"><span class='ocrx_word' id='word_1_394' title='bbox 84 1986 143 2023; x_wconf 78' lang='grc' dir='ltr'>καὶ</span> <span class='ocrx_word' id='word_1_395' title='bbox 159 1985 295 2030; x_wconf 82' lang='grc' dir='ltr'>τούτους</span> <span class='ocrx_word' id='word_1_396' title='bbox 316 1986 377 2038; x_wconf 82' lang='grc' dir='ltr'>μὲν</span> <span class='ocrx_word' id='word_1_397' title='bbox 400 1986 610 2038; x_wconf 77' lang='grc' dir='ltr'>μιμώμεθα,</span> <span class='ocrx_word' id='word_1_398' title='bbox 630 1987 760 2024; x_wconf 87' lang='grc' dir='ltr'>ἐκείνου</span> <span class='ocrx_word' id='word_1_399' title='bbox 778 1985 813 2025; x_wconf 82' lang='grc' dir='ltr'>δὲ</span> <span class='ocrx_word' id='word_1_400' title='bbox 833 1986 888 2024; x_wconf 78' lang='grc' dir='ltr'>τὸν</span> <span class='ocrx_word' id='word_1_401' title='bbox 935 1987 1018 2032; x_wconf 76' lang='grc' dir='ltr'>ἧλον</span> <span class='ocrx_word' id='word_1_402' title='bbox 1032 1984 1110 2038; x_wconf 73' lang='grc' dir='ltr'>φεύ-</span> 
     </span>
     <span class='ocr_line' id='line_1_53' title="bbox 85 2046 1106 2100; baseline 0.001 -16"><span class='ocrx_word' id='word_1_403' title='bbox 85 2062 216 2098; x_wconf 85' lang='grc' dir='ltr'>γωμεν.</span> <span class='ocrx_word' id='word_1_404' title='bbox 237 2048 280 2086; x_wconf 82' lang='grc' dir='ltr'>Εἷ</span> <span class='ocrx_word' id='word_1_405' title='bbox 299 2047 365 2100; x_wconf 82' lang='grc' dir='ltr'>γὰρ</span> <span class='ocrx_word' id='word_1_406' title='bbox 394 2048 569 2099; x_wconf 80' lang='grc' dir='ltr'>γύμνωσιν</span> <span class='ocrx_word' id='word_1_407' title='bbox 590 2047 759 2094; x_wconf 71' lang='grc' dir='ltr'>αἰσθητὴν</span> <span class='ocrx_word' id='word_1_408' title='bbox 789 2050 807 2085; x_wconf 86' lang='grc' dir='ltr'>ὁ</span> <span class='ocrx_word' id='word_1_409' title='bbox 839 2046 1106 2097; x_wconf 82' lang='grc' dir='ltr'>ἐκπομπεύσας,</span> 
     </span>
     <span class='ocr_line' id='line_1_54' title="bbox 85 2107 1110 2161; baseline 0.001 -16"><span class='ocrx_word' id='word_1_410' title='bbox 85 2107 242 2161; x_wconf 75' lang='grc' dir='ltr'>κατάρας</span> <span class='ocrx_word' id='word_1_411' title='bbox 264 2110 385 2148; x_wconf 77' lang='grc' dir='ltr'>ἑαυτὸν</span> <span class='ocrx_word' id='word_1_412' title='bbox 399 2109 586 2147; x_wconf 86' lang='grc' dir='ltr'>ὑπεύθυνον</span> <span class='ocrx_word' id='word_1_413' title='bbox 607 2109 820 2155; x_wconf 84' lang='grc' dir='ltr'>κατέστησε,</span> <span class='ocrx_word' id='word_1_414' title='bbox 837 2108 898 2146; x_wconf 80' lang='grc' dir='ltr'>καὶ</span> <span class='ocrx_word' id='word_1_415' title='bbox 915 2111 978 2154; x_wconf 76' lang='grc' dir='ltr'>τῆς</span> <span class='ocrx_word' id='word_1_416' title='bbox 995 2112 1110 2158; x_wconf 83' lang='grc' dir='ltr'>ὁμοτι-</span> 
     </span>
     <span class='ocr_line' id='line_1_55' title="bbox 86 2167 1110 2222; baseline 0 -16"><span class='ocrx_word' id='word_1_417' title='bbox 86 2167 168 2218; x_wconf 90' lang='grc' dir='ltr'>μίας</span> <span class='ocrx_word' id='word_1_418' title='bbox 180 2172 248 2207; x_wconf 88' lang='grc' dir='ltr'>τῶν</span> <span class='ocrx_word' id='word_1_419' title='bbox 264 2171 420 2222; x_wconf 65' lang='grc' dir='ltr'>ἀδελφῶν</span> <span class='ocrx_word' id='word_1_420' title='bbox 430 2169 601 2217; x_wconf 78' lang='grc' dir='ltr'>ἐκπεσὼν,</span> <span class='ocrx_word' id='word_1_421' title='bbox 616 2169 787 2208; x_wconf 87' lang='grc' dir='ltr'>δουλεύειν</span> <span class='ocrx_word' id='word_1_422' title='bbox 802 2170 916 2212; x_wconf 84' lang='grc' dir='ltr'>αὐτοῖς</span> <span class='ocrx_word' id='word_1_423' title='bbox 926 2169 1110 2207; x_wconf 78' lang='grc' dir='ltr'>κατεδικά-</span> 
     </span>
     <span class='ocr_line' id='line_1_56' title="bbox 85 2229 1107 2282; baseline 0.001 -15"><span class='ocrx_word' id='word_1_424' title='bbox 85 2232 169 2277; x_wconf 84' lang='grc' dir='ltr'>σθη,</span> <span class='ocrx_word' id='word_1_425' title='bbox 187 2232 215 2267; x_wconf 88' lang='grc' dir='ltr'>εἰ</span> <span class='ocrx_word' id='word_1_426' title='bbox 235 2229 294 2267; x_wconf 79' lang='grc' dir='ltr'>καὶ</span> <span class='ocrx_word' id='word_1_427' title='bbox 311 2229 359 2282; x_wconf 82' lang='grc' dir='ltr'>μὴ</span> <span class='ocrx_word' id='word_1_428' title='bbox 376 2230 477 2274; x_wconf 79' lang='grc' dir='ltr'>αὐτὸς</span> <span class='ocrx_word' id='word_1_429' title='bbox 505 2232 649 2279; x_wconf 85' lang='grc' dir='ltr'>ἐκεῖνος,</span> <span class='ocrx_word' id='word_1_430' title='bbox 669 2231 746 2269; x_wconf 88' lang='grc' dir='ltr'>ἀλλ’</span> <span class='ocrx_word' id='word_1_431' title='bbox 763 2233 794 2269; x_wconf 85' lang='grc' dir='ltr'>οἱ</span> <span class='ocrx_word' id='word_1_432' title='bbox 826 2229 860 2273; x_wconf 81' lang='grc' dir='ltr'>ἐξ</span> <span class='ocrx_word' id='word_1_433' title='bbox 889 2232 994 2269; x_wconf 78' lang='grc' dir='ltr'>αὐτοῦ</span> <span class='ocrx_word' id='word_1_434' title='bbox 1014 2232 1107 2268; x_wconf 81' lang='grc' dir='ltr'>πάν-</span> 
     </span>
     <span class='ocr_line' id='line_1_57' title="bbox 84 2290 1108 2345; baseline 0.001 -17"><span class='ocrx_word' id='word_1_435' title='bbox 84 2306 160 2334; x_wconf 90' lang='grc' dir='ltr'>τες·</span> <span class='ocrx_word' id='word_1_436' title='bbox 190 2290 225 2329; x_wconf 91' lang='grc' dir='ltr'>τί</span> <span class='ocrx_word' id='word_1_437' title='bbox 252 2290 431 2330; x_wconf 85' lang='grc' dir='ltr'>πείσονται</span> <span class='ocrx_word' id='word_1_438' title='bbox 462 2295 494 2331; x_wconf 81' lang='grc' dir='ltr'>οἱ</span> <span class='ocrx_word' id='word_1_439' title='bbox 519 2291 564 2330; x_wconf 80' lang='grc' dir='ltr'>τὰ</span> <span class='ocrx_word' id='word_1_440' title='bbox 595 2292 837 2344; x_wconf 68' lang='grc' dir='ltr'>ἁμαρτήματα</span> <span class='ocrx_word' id='word_1_441' title='bbox 857 2295 926 2330; x_wconf 87' lang='grc' dir='ltr'>τῶν</span> <span class='ocrx_word' id='word_1_442' title='bbox 950 2293 1108 2345; x_wconf 59' lang='grc' dir='ltr'>ἀδελφῶν</span> 
     </span>
     <span class='ocr_line' id='line_1_58' title="bbox 84 2352 1109 2406; baseline 0.001 -15"><span class='ocrx_word' id='word_1_443' title='bbox 84 2352 381 2404; x_wconf 81' lang='grc' dir='ltr'>ἐκπομπεύοντες,</span> <span class='ocrx_word' id='word_1_444' title='bbox 397 2353 456 2391; x_wconf 81' lang='grc' dir='ltr'>καὶ</span> <span class='ocrx_word' id='word_1_445' title='bbox 472 2355 510 2392; x_wconf 77' lang='grc' dir='ltr'>οὗ</span> <span class='ocrx_word' id='word_1_446' title='bbox 527 2354 629 2405; x_wconf 89' lang='grc' dir='ltr'>μόνον</span> <span class='ocrx_word' id='word_1_447' title='bbox 647 2356 685 2392; x_wconf 86' lang='grc' dir='ltr'>οὐ</span> <span class='ocrx_word' id='word_1_448' title='bbox 699 2353 982 2406; x_wconf 84' lang='grc' dir='ltr'>περιστέλλοντες</span> <span class='ocrx_word' id='word_1_449' title='bbox 993 2385 1002 2402; x_wconf 93' lang='grc'>,</span> <span class='ocrx_word' id='word_1_450' title='bbox 1019 2353 1109 2392; x_wconf 84' lang='grc' dir='ltr'>ἀλλὰ</span> 
     </span>
     <span class='ocr_line' id='line_1_59' title="bbox 85 2414 1109 2465; baseline 0.001 -14"><span class='ocrx_word' id='word_1_451' title='bbox 85 2414 145 2452; x_wconf 77' lang='grc' dir='ltr'>καὶ</span> <span class='ocrx_word' id='word_1_452' title='bbox 165 2414 330 2465; x_wconf 84' lang='grc' dir='ltr'>μειζόνως</span> <span class='ocrx_word' id='word_1_453' title='bbox 346 2414 435 2453; x_wconf 75' lang='grc' dir='ltr'>αὐτὰ</span> <span class='ocrx_word' id='word_1_454' title='bbox 449 2419 624 2458; x_wconf 72' lang='grc' dir='ltr'>ποιοῦντες</span> <span class='ocrx_word' id='word_1_455' title='bbox 636 2414 837 2461; x_wconf 79' lang='grc' dir='ltr'>κατάδηλα,</span> <span class='ocrx_word' id='word_1_456' title='bbox 857 2415 916 2453; x_wconf 80' lang='grc' dir='ltr'>καὶ</span> <span class='ocrx_word' id='word_1_457' title='bbox 935 2414 1050 2452; x_wconf 87' lang='grc' dir='ltr'>πολλὰ</span> <span class='ocrx_word' id='word_1_458' title='bbox 1069 2417 1109 2453; x_wconf 84' lang='grc' dir='ltr'>ἐκ</span> 
     </span>
     <span class='ocr_line' id='line_1_60' title="bbox 85 2475 1108 2529; baseline 0.001 -16"><span class='ocrx_word' id='word_1_459' title='bbox 85 2475 207 2513; x_wconf 88' lang='grc' dir='ltr'>τούτου</span> <span class='ocrx_word' id='word_1_460' title='bbox 222 2475 446 2528; x_wconf 83' lang='grc' dir='ltr'>ἐργαζόμενοι</span> <span class='ocrx_word' id='word_1_461' title='bbox 473 2476 518 2515; x_wconf 76' lang='grc' dir='ltr'>τὰ</span> <span class='ocrx_word' id='word_1_462' title='bbox 548 2476 806 2529; x_wconf 67' lang='grc' dir='ltr'>ἁμαρτήματα,</span> <span class='ocrx_word' id='word_1_463' title='bbox 820 2476 933 2515; x_wconf 64' lang='grc' dir='ltr'>“Ὀταν</span> <span class='ocrx_word' id='word_1_464' title='bbox 953 2476 1021 2529; x_wconf 81' lang='grc' dir='ltr'>γὰρ</span> <span class='ocrx_word' id='word_1_465' title='bbox 1041 2477 1108 2524; x_wconf 79' lang='grc' dir='ltr'>δη-</span> 
     </span>
     <span class='ocr_line' id='line_1_61' title="bbox 88 2536 1108 2589; baseline -0.001 -13"><span class='ocrx_word' id='word_1_466' title='bbox 88 2537 275 2589; x_wconf 83' lang='grc' dir='ltr'>μοσιεύσῃς</span> <span class='ocrx_word' id='word_1_467' title='bbox 293 2541 352 2576; x_wconf 55' lang='grc' dir='ltr'>ταῦ</span> <span class='ocrx_word' id='word_1_468' title='bbox 372 2537 519 2589; x_wconf 72' lang='grc' dir='ltr'>ἀδελφοῦ</span> <span class='ocrx_word' id='word_1_469' title='bbox 540 2536 578 2574; x_wconf 83' lang='grc' dir='ltr'>τὸ</span> <span class='ocrx_word' id='word_1_470' title='bbox 595 2543 774 2588; x_wconf 86' lang='grc' dir='ltr'>πταῖσμα,</span> <span class='ocrx_word' id='word_1_471' title='bbox 795 2540 832 2577; x_wconf 82' lang='grc' dir='ltr'>οὐ</span> <span class='ocrx_word' id='word_1_472' title='bbox 854 2537 956 2589; x_wconf 83' lang='grc' dir='ltr'>μόνον</span> <span class='ocrx_word' id='word_1_473' title='bbox 979 2540 1108 2576; x_wconf 78' lang='grc' dir='ltr'>ἐκεῖνον</span> 
     </span>
     <span class='ocr_line' id='line_1_62' title="bbox 87 2597 1110 2653; baseline 0.004 -18"><span class='ocrx_word' id='word_1_474' title='bbox 87 2597 396 2651; x_wconf 77' lang='grc' dir='ltr'>ἀναισχυντότερον</span> <span class='ocrx_word' id='word_1_475' title='bbox 423 2598 482 2635; x_wconf 80' lang='grc' dir='ltr'>καὶ</span> <span class='ocrx_word' id='word_1_476' title='bbox 503 2598 727 2651; x_wconf 82' lang='grc' dir='ltr'>ὀκνηρότερον</span> <span class='ocrx_word' id='word_1_477' title='bbox 744 2599 895 2653; x_wconf 74' lang='grc' dir='ltr'>εἰργάσω</span> <span class='ocrx_word' id='word_1_478' title='bbox 913 2599 996 2644; x_wconf 88' lang='grc' dir='ltr'>ἴσως</span> <span class='ocrx_word' id='word_1_479' title='bbox 1023 2599 1110 2653; x_wconf 76' lang='grc' dir='ltr'>πρὸς</span> 
     </span>
     <span class='ocr_line' id='line_1_63' title="bbox 86 2658 1110 2713; baseline 0.003 -18"><span class='ocrx_word' id='word_1_480' title='bbox 86 2658 150 2706; x_wconf 78' lang='grc' dir='ltr'>τὴν</span> <span class='ocrx_word' id='word_1_481' title='bbox 169 2659 334 2698; x_wconf 75' lang='grc' dir='ltr'>ἐπάνοδον</span> <span class='ocrx_word' id='word_1_482' title='bbox 352 2662 415 2706; x_wconf 82' lang='grc' dir='ltr'>τ’ἧς</span> <span class='ocrx_word' id='word_1_483' title='bbox 431 2661 575 2713; x_wconf 76' lang='grc' dir='ltr'>ἀρετῆς,</span> <span class='ocrx_word' id='word_1_484' title='bbox 605 2659 696 2699; x_wconf 80' lang='grc' dir='ltr'>ἀλλὰ</span> <span class='ocrx_word' id='word_1_485' title='bbox 722 2660 782 2698; x_wconf 80' lang='grc' dir='ltr'>καὶ</span> <span class='ocrx_word' id='word_1_486' title='bbox 812 2660 891 2705; x_wconf 73' lang='grc' dir='ltr'>τοὺς</span> <span class='ocrx_word' id='word_1_487' title='bbox 922 2660 1110 2705; x_wconf 79' lang='grc' dir='ltr'>ἀκούοντας</span> 
     </span>
     <span class='ocr_line' id='line_1_64' title="bbox 87 2717 1108 2773; baseline 0.002 -18"><span class='ocrx_word' id='word_1_488' title='bbox 87 2717 337 2770; x_wconf 71' lang='grc' dir='ltr'>ῥᾳθυμοτέρως</span> <span class='ocrx_word' id='word_1_489' title='bbox 354 2719 592 2767; x_wconf 80' lang='grc' dir='ltr'>κατέστησας,</span> <span class='ocrx_word' id='word_1_490' title='bbox 613 2718 672 2757; x_wconf 83' lang='grc' dir='ltr'>καὶ</span> <span class='ocrx_word' id='word_1_491' title='bbox 697 2724 711 2740; x_wconf 74' lang='lat'><strong>³</strong></span> <span class='ocrx_word' id='word_1_492' title='bbox 723 2719 808 2773; x_wconf 79' lang='grc' dir='ltr'>πρὸς</span> <span class='ocrx_word' id='word_1_493' title='bbox 827 2718 990 2758; x_wconf 80' lang='grc' dir='ltr'>ἀπόνοιαν</span> <span class='ocrx_word' id='word_1_494' title='bbox 1010 2719 1108 2766; x_wconf 78' lang='grc' dir='ltr'>ἤλει-</span> 
     </span>
     <span class='ocr_line' id='line_1_65' title="bbox 86 2778 1110 2834; baseline 0.003 -18"><span class='ocrx_word' id='word_1_495' title='bbox 86 2781 154 2831; x_wconf 64' lang='lat' dir='ltr'>xlm&lt;</span> <span class='ocrx_word' id='word_1_496' title='bbox 166 2795 174 2803; x_wconf 92' lang='lat'><strong>·</strong></span> <span class='ocrx_word' id='word_1_497' title='bbox 195 2778 254 2818; x_wconf 74' lang='grc' dir='ltr'>καὶ</span> <span class='ocrx_word' id='word_1_498' title='bbox 269 2781 307 2817; x_wconf 84' lang='grc' dir='ltr'>οὐ</span> <span class='ocrx_word' id='word_1_499' title='bbox 321 2783 420 2818; x_wconf 77' lang='grc' dir='ltr'>τοῦτο</span> <span class='ocrx_word' id='word_1_500' title='bbox 440 2780 561 2832; x_wconf 87' lang='grc' dir='ltr'>μόνον,</span> <span class='ocrx_word' id='word_1_501' title='bbox 579 2782 655 2819; x_wconf 84' lang='grc' dir='ltr'>ἀλλ’</span> <span class='ocrx_word' id='word_1_502' title='bbox 674 2779 727 2819; x_wconf 77' lang='grc' dir='ltr'>ὅτι</span> <span class='ocrx_word' id='word_1_503' title='bbox 746 2781 806 2819; x_wconf 84' lang='grc' dir='ltr'>καὶ</span> <span class='ocrx_word' id='word_1_504' title='bbox 827 2783 1110 2834; x_wconf 67' lang='grc' dir='ltr'>βλασφημεῖσθαι</span> 
     </span>
     <span class='ocr_line' id='line_1_66' title="bbox 86 2839 1109 2894; baseline 0.002 -16"><span class='ocrx_word' id='word_1_505' title='bbox 86 2839 144 2878; x_wconf 82' lang='grc' dir='ltr'>τὸν</span> <span class='ocrx_word' id='word_1_506' title='bbox 159 2839 249 2879; x_wconf 80' lang='grc' dir='ltr'>Θεὸν</span> <span class='ocrx_word' id='word_1_507' title='bbox 268 2841 541 2894; x_wconf 85' lang='grc' dir='ltr'>παρεσκεύασας.</span> <span class='ocrx_word' id='word_1_508' title='bbox 562 2844 676 2881; x_wconf 76' lang='grc' dir='ltr'>Τοῦτο</span> <span class='ocrx_word' id='word_1_509' title='bbox 707 2841 742 2880; x_wconf 80' lang='grc' dir='ltr'>δὲ</span> <span class='ocrx_word' id='word_1_510' title='bbox 763 2841 847 2889; x_wconf 81' lang='grc' dir='ltr'>ὅσην</span> <span class='ocrx_word' id='word_1_511' title='bbox 867 2843 1024 2894; x_wconf 83' lang='grc' dir='ltr'>προξενεῖ</span> <span class='ocrx_word' id='word_1_512' title='bbox 1046 2842 1109 2889; x_wconf 76' lang='grc' dir='ltr'>τὴν</span> 
     </span>
     <span class='ocr_line' id='line_1_67' title="bbox 87 2901 1109 2956; baseline 0.003 -17"><span class='ocrx_word' id='word_1_513' title='bbox 87 2901 228 2939; x_wconf 84' lang='grc' dir='ltr'>κόλασιν</span> <span class='ocrx_word' id='word_1_514' title='bbox 254 2907 325 2946; x_wconf 86' lang='grc' dir='ltr'>τοῖς</span> <span class='ocrx_word' id='word_1_515' title='bbox 351 2902 415 2949; x_wconf 74' lang='grc' dir='ltr'>τὴν</span> <span class='ocrx_word' id='word_1_516' title='bbox 435 2903 548 2942; x_wconf 80' lang='grc' dir='ltr'>αἰτίαν</span> <span class='ocrx_word' id='word_1_517' title='bbox 576 2904 788 2956; x_wconf 76' lang='grc' dir='ltr'>παρέχουσιν</span> <span class='ocrx_word' id='word_1_518' title='bbox 804 2934 814 2951; x_wconf 96' lang='grc'>,</span> <span class='ocrx_word' id='word_1_519' title='bbox 841 2905 949 2949; x_wconf 82' lang='grc' dir='ltr'>οὐδεῖς</span> <span class='ocrx_word' id='word_1_520' title='bbox 982 2907 1109 2955; x_wconf 86' lang='grc' dir='ltr'>ἀγνοεῖ.</span> 
     </span>
     <span class='ocr_line' id='line_1_68' title="bbox 87 2962 1109 3017; baseline 0.003 -16"><span class='ocrx_word' id='word_1_521' title='bbox 87 2962 264 3014; x_wconf 82' lang='grc' dir='ltr'>Φύγωμεν</span> <span class='ocrx_word' id='word_1_522' title='bbox 290 2963 421 3012; x_wconf 85' lang='grc' dir='ltr'>τοίνυν,</span> <span class='ocrx_word' id='word_1_523' title='bbox 451 2967 665 3016; x_wconf 82' lang='grc' dir='ltr'>παρακαλῶ,</span> <span class='ocrx_word' id='word_1_524' title='bbox 694 2971 754 3005; x_wconf 78' lang='grc' dir='ltr'>τοῦ</span> <span class='ocrx_word' id='word_1_525' title='bbox 780 2965 867 3017; x_wconf 80' lang='grc' dir='ltr'>Χὰμ</span> <span class='ocrx_word' id='word_1_526' title='bbox 897 2966 955 3004; x_wconf 77' lang='grc' dir='ltr'>τὸν</span> <span class='ocrx_word' id='word_1_527' title='bbox 987 2968 1109 3014; x_wconf 78' lang='grc' dir='ltr'>ζῆλον,</span> 
     </span>
    </p>
   </div>
   <div class='ocr_carea' id='block_1_11' title="bbox 1131 1618 2164 3017">
    <p class='ocr_par' dir='ltr' id='par_1_11' title="bbox 1131 1618 2164 3017">
     <span class='ocr_line' id='line_1_69' title="bbox 1131 1618 2142 1672; baseline -0.002 -14"><span class='ocrx_word' id='word_1_528' title='bbox 1131 1618 1157 1647; x_wconf 66' lang='grc' dir='ltr'><strong>Α</strong></span> <span class='ocrx_word' id='word_1_529' title='bbox 1181 1623 1333 1672; x_wconf 83' lang='lat' dir='ltr'>ciesque</span> <span class='ocrx_word' id='word_1_530' title='bbox 1352 1621 1508 1658; x_wconf 83' lang='lat' dir='ltr'>illorum</span> <span class='ocrx_word' id='word_1_531' title='bbox 1538 1633 1686 1658; x_wconf 70' lang='lat' dir='ltr'>aversa&gt;</span> <span class='ocrx_word' id='word_1_532' title='bbox 1703 1628 1830 1666; x_wconf 84' lang='lat' dir='ltr'>erant,</span> <span class='ocrx_word' id='word_1_533' title='bbox 1853 1629 1888 1658; x_wconf 83' lang='lat' dir='ltr'>et</span> <span class='ocrx_word' id='word_1_534' title='bbox 1925 1621 2142 1658; x_wconf 80' lang='lat' dir='ltr'>nuditatem</span> 
     </span>
     <span class='ocr_line' id='line_1_70' title="bbox 1179 1681 2142 1732; baseline 0 -14"><span class='ocrx_word' id='word_1_535' title='bbox 1179 1684 1304 1732; x_wconf 80' lang='lat' dir='ltr'>patris</span> <span class='ocrx_word' id='word_1_536' title='bbox 1322 1684 1385 1720; x_wconf 82' lang='lat' dir='ltr'>sui</span> <span class='ocrx_word' id='word_1_537' title='bbox 1403 1695 1480 1718; x_wconf 85' lang='lat' dir='ltr'>non</span> <span class='ocrx_word' id='word_1_538' title='bbox 1494 1682 1693 1719; x_wconf 74' lang='lat' dir='ltr'>viderunt.</span> <span class='ocrx_word' id='word_1_539' title='bbox 1710 1682 1842 1732; x_wconf 79' lang='lat' dir='ltr'>Magna</span> <span class='ocrx_word' id='word_1_540' title='bbox 1863 1681 2023 1719; x_wconf 86' lang='lat' dir='ltr'>filiorum</span> <span class='ocrx_word' id='word_1_541' title='bbox 2042 1694 2142 1718; x_wconf 79' lang='lat' dir='ltr'>reve-</span> 
     </span>
     <span class='ocr_line' id='line_1_71' title="bbox 1181 1740 2143 1793; baseline 0 -14"><span class='ocrx_word' id='word_1_542' title='bbox 1181 1741 1309 1788; x_wconf 86' lang='lat' dir='ltr'>rentia,</span> <span class='ocrx_word' id='word_1_543' title='bbox 1324 1755 1432 1792; x_wconf 91' lang='lat' dir='ltr'>quam</span> <span class='ocrx_word' id='word_1_544' title='bbox 1447 1741 1549 1779; x_wconf 88' lang='lat' dir='ltr'>nobis</span> <span class='ocrx_word' id='word_1_545' title='bbox 1563 1741 1748 1793; x_wconf 83' lang='lat' dir='ltr'>Scriptura</span> <span class='ocrx_word' id='word_1_546' title='bbox 1761 1751 1949 1791; x_wconf 85' lang='lat' dir='ltr'>monstrat,</span> <span class='ocrx_word' id='word_1_547' title='bbox 1965 1740 2061 1792; x_wconf 91' lang='lat' dir='ltr'>quod</span> <span class='ocrx_word' id='word_1_548' title='bbox 2074 1755 2143 1779; x_wconf 91' lang='lat' dir='ltr'>non</span> 
     </span>
     <span class='ocr_line' id='line_1_72' title="bbox 1184 1801 2144 1854; baseline -0.002 -14"><span class='ocrx_word' id='word_1_549' title='bbox 1184 1802 1299 1840; x_wconf 90' lang='lat' dir='ltr'>solum</span> <span class='ocrx_word' id='word_1_550' title='bbox 1311 1811 1444 1854; x_wconf 84' lang='lat' dir='ltr'>tegant,</span> <span class='ocrx_word' id='word_1_551' title='bbox 1459 1801 1523 1840; x_wconf 85' lang='lat' dir='ltr'>sed</span> <span class='ocrx_word' id='word_1_552' title='bbox 1542 1811 1576 1840; x_wconf 90' lang='lat' dir='ltr'>et</span> <span class='ocrx_word' id='word_1_553' title='bbox 1594 1801 1718 1840; x_wconf 87' lang='lat' dir='ltr'>videre</span> <span class='ocrx_word' id='word_1_554' title='bbox 1731 1816 1800 1840; x_wconf 93' lang='lat' dir='ltr'>non</span> <span class='ocrx_word' id='word_1_555' title='bbox 1822 1802 2030 1840; x_wconf 84' lang='lat' dir='ltr'>sustineant.</span> <span class='ocrx_word' id='word_1_556' title='bbox 2049 1803 2144 1840; x_wconf 86' lang='lat' dir='ltr'>Eru-</span> 
     </span>
     <span class='ocr_line' id='line_1_73' title="bbox 1181 1863 2145 1915; baseline 0 -14"><span class='ocrx_word' id='word_1_557' title='bbox 1181 1863 1326 1901; x_wconf 80' lang='lat' dir='ltr'>diamur</span> <span class='ocrx_word' id='word_1_558' title='bbox 1356 1863 1455 1911; x_wconf 84' lang='lat' dir='ltr'>hinc,</span> <span class='ocrx_word' id='word_1_559' title='bbox 1482 1872 1589 1914; x_wconf 86' lang='lat' dir='ltr'>atque</span> <span class='ocrx_word' id='word_1_560' title='bbox 1614 1877 1660 1901; x_wconf 80' lang='lat' dir='ltr'>ex</span> <span class='ocrx_word' id='word_1_561' title='bbox 1686 1864 1846 1915; x_wconf 88' lang='lat' dir='ltr'>utrisque</span> <span class='ocrx_word' id='word_1_562' title='bbox 1878 1863 2145 1901; x_wconf 74' lang='lat' dir='ltr'>lucrifaciamus</span> 
     </span>
     <span class='ocr_line' id='line_1_74' title="bbox 1183 1924 2143 1976; baseline 0.001 -15"><span class='ocrx_word' id='word_1_563' title='bbox 1183 1924 1344 1975; x_wconf 86' lang='lat' dir='ltr'>aliquid:</span> <span class='ocrx_word' id='word_1_564' title='bbox 1367 1933 1400 1962; x_wconf 90' lang='lat' dir='ltr'>et</span> <span class='ocrx_word' id='word_1_565' title='bbox 1422 1924 1486 1962; x_wconf 89' lang='lat' dir='ltr'>bos</span> <span class='ocrx_word' id='word_1_566' title='bbox 1506 1924 1654 1976; x_wconf 88' lang='lat' dir='ltr'>quidem</span> <span class='ocrx_word' id='word_1_567' title='bbox 1682 1924 1877 1974; x_wconf 88' lang='lat' dir='ltr'>imitemur,</span> <span class='ocrx_word' id='word_1_568' title='bbox 1901 1925 2000 1963; x_wconf 88' lang='lat' dir='ltr'>illius</span> <span class='ocrx_word' id='word_1_569' title='bbox 2024 1934 2143 1963; x_wconf 86' lang='lat' dir='ltr'>autem</span> 
     </span>
     <span class='ocr_line' id='line_1_75' title="bbox 1183 1985 2143 2038; baseline 0 -14"><span class='ocrx_word' id='word_1_570' title='bbox 1183 2000 1298 2024; x_wconf 86' lang='lat' dir='ltr'>mores</span> <span class='ocrx_word' id='word_1_571' title='bbox 1322 1985 1516 2038; x_wconf 79' lang='lat' dir='ltr'>fugiamus,</span> <span class='ocrx_word' id='word_1_572' title='bbox 1541 1986 1634 2023; x_wconf 71' lang='lat' dir='ltr'>Nam</span> <span class='ocrx_word' id='word_1_573' title='bbox 1663 1986 1693 2023; x_wconf 90' lang='lat' dir='ltr'>si</span> <span class='ocrx_word' id='word_1_574' title='bbox 1714 1987 1758 2036; x_wconf 90' lang='lat' dir='ltr'>is,</span> <span class='ocrx_word' id='word_1_575' title='bbox 1780 1986 1840 2037; x_wconf 87' lang='lat' dir='ltr'>qui</span> <span class='ocrx_word' id='word_1_576' title='bbox 1857 1986 2062 2025; x_wconf 82' lang='lat' dir='ltr'>sensibilem</span> <span class='ocrx_word' id='word_1_577' title='bbox 2077 2001 2143 2024; x_wconf 92' lang='lat' dir='ltr'>nu-</span> 
     </span>
     <span class='ocr_line' id='line_1_76' title="bbox 1182 2045 2144 2097; baseline 0.001 -13"><span class='ocrx_word' id='word_1_578' title='bbox 1182 2045 1330 2084; x_wconf 81' lang='lat' dir='ltr'>ditatem</span> <span class='ocrx_word' id='word_1_579' title='bbox 1345 2046 1543 2097; x_wconf 82' lang='lat' dir='ltr'>evulgavit,</span> <span class='ocrx_word' id='word_1_580' title='bbox 1568 2045 1759 2085; x_wconf 79' lang='lat' dir='ltr'>maledicto</span> <span class='ocrx_word' id='word_1_581' title='bbox 1775 2061 1811 2084; x_wconf 89' lang='lat' dir='ltr'>se</span> <span class='ocrx_word' id='word_1_582' title='bbox 1829 2047 1911 2085; x_wconf 83' lang='lat' dir='ltr'>fecit</span> <span class='ocrx_word' id='word_1_583' title='bbox 1931 2047 2144 2093; x_wconf 77' lang='lat' dir='ltr'>obnoxium,</span> 
     </span>
     <span class='ocr_line' id='line_1_77' title="bbox 1185 2105 2145 2159; baseline 0.001 -15"><span class='ocrx_word' id='word_1_584' title='bbox 1185 2115 1218 2144; x_wconf 88' lang='lat' dir='ltr'>et</span> <span class='ocrx_word' id='word_1_585' title='bbox 1237 2105 1406 2144; x_wconf 73' lang='lat' dir='ltr'>excidens</span> <span class='ocrx_word' id='word_1_586' title='bbox 1425 2107 1470 2143; x_wconf 83' lang='lat' dir='ltr'>ab</span> <span class='ocrx_word' id='word_1_587' title='bbox 1492 2107 1626 2144; x_wconf 84' lang='lat' dir='ltr'>honore</span> <span class='ocrx_word' id='word_1_588' title='bbox 1641 2120 1748 2157; x_wconf 91' lang='lat' dir='ltr'>quem</span> <span class='ocrx_word' id='word_1_589' title='bbox 1772 2122 1894 2159; x_wconf 84' lang='lat' dir='ltr'>parem</span> <span class='ocrx_word' id='word_1_590' title='bbox 1910 2108 2039 2146; x_wconf 86' lang='lat' dir='ltr'>habuit</span> <span class='ocrx_word' id='word_1_591' title='bbox 2061 2123 2145 2145; x_wconf 88' lang='lat' dir='ltr'>cum</span> 
     </span>
     <span class='ocr_line' id='line_1_78' title="bbox 1183 2167 2145 2219; baseline 0.002 -14"><span class='ocrx_word' id='word_1_592' title='bbox 1183 2168 1370 2217; x_wconf 84' lang='lat' dir='ltr'>fratribus,</span> <span class='ocrx_word' id='word_1_593' title='bbox 1392 2167 1649 2205; x_wconf 84' lang='lat' dir='ltr'>condemnatus</span> <span class='ocrx_word' id='word_1_594' title='bbox 1663 2176 1767 2206; x_wconf 86' lang='lat' dir='ltr'>estut</span> <span class='ocrx_word' id='word_1_595' title='bbox 1784 2168 1855 2206; x_wconf 88' lang='lat' dir='ltr'>illis</span> <span class='ocrx_word' id='word_1_596' title='bbox 1873 2169 2046 2219; x_wconf 73' lang='lat' dir='ltr'>serviret,</span> <span class='ocrx_word' id='word_1_597' title='bbox 2062 2169 2145 2207; x_wconf 89' lang='lat' dir='ltr'>licet</span> 
     </span>
     <span class='ocr_line' id='line_1_79' title="bbox 1183 2228 2147 2282; baseline 0.001 -16"><span class='ocrx_word' id='word_1_598' title='bbox 1183 2237 1302 2266; x_wconf 89' lang='lat' dir='ltr'>autem</span> <span class='ocrx_word' id='word_1_599' title='bbox 1316 2242 1387 2266; x_wconf 92' lang='lat' dir='ltr'>non</span> <span class='ocrx_word' id='word_1_600' title='bbox 1403 2228 1490 2280; x_wconf 84' lang='lat' dir='ltr'>ipse,</span> <span class='ocrx_word' id='word_1_601' title='bbox 1512 2242 1634 2266; x_wconf 89' lang='lat' dir='ltr'>omnes</span> <span class='ocrx_word' id='word_1_602' title='bbox 1653 2237 1773 2266; x_wconf 84' lang='lat' dir='ltr'>tamen</span> <span class='ocrx_word' id='word_1_603' title='bbox 1790 2229 1850 2280; x_wconf 90' lang='lat' dir='ltr'>qui</span> <span class='ocrx_word' id='word_1_604' title='bbox 1873 2243 1918 2268; x_wconf 84' lang='lat' dir='ltr'>ex</span> <span class='ocrx_word' id='word_1_605' title='bbox 1939 2229 2030 2282; x_wconf 85' lang='lat' dir='ltr'>ipso,</span> <span class='ocrx_word' id='word_1_606' title='bbox 2052 2230 2147 2268; x_wconf 78' lang='lat' dir='ltr'>servi</span> 
     </span>
     <span class='ocr_line' id='line_1_80' title="bbox 1182 2289 2146 2344; baseline 0.003 -17"><span class='ocrx_word' id='word_1_607' title='bbox 1182 2289 1269 2328; x_wconf 85' lang='lat' dir='ltr'>facti</span> <span class='ocrx_word' id='word_1_608' title='bbox 1304 2298 1388 2328; x_wconf 86' lang='lat' dir='ltr'>sunt</span> <span class='ocrx_word' id='word_1_609' title='bbox 1420 2305 1428 2326; x_wconf 92' lang='lat'><strong>:</strong></span> <span class='ocrx_word' id='word_1_610' title='bbox 1460 2289 1547 2341; x_wconf 88' lang='lat' dir='ltr'>quid</span> <span class='ocrx_word' id='word_1_611' title='bbox 1586 2289 1768 2342; x_wconf 88' lang='lat' dir='ltr'>patientur</span> <span class='ocrx_word' id='word_1_612' title='bbox 1805 2291 1867 2342; x_wconf 90' lang='lat' dir='ltr'>qui</span> <span class='ocrx_word' id='word_1_613' title='bbox 1899 2301 2042 2344; x_wconf 80' lang='lat' dir='ltr'>peccata</span> <span class='ocrx_word' id='word_1_614' title='bbox 2075 2293 2146 2329; x_wconf 83' lang='lat' dir='ltr'>fra-</span> 
     </span>
     <span class='ocr_line' id='line_1_81' title="bbox 1184 2350 2148 2404; baseline 0.001 -15"><span class='ocrx_word' id='word_1_615' title='bbox 1184 2360 1281 2389; x_wconf 89' lang='lat' dir='ltr'>trum</span> <span class='ocrx_word' id='word_1_616' title='bbox 1311 2350 1498 2402; x_wconf 83' lang='lat' dir='ltr'>evulgant,</span> <span class='ocrx_word' id='word_1_617' title='bbox 1520 2359 1553 2388; x_wconf 92' lang='lat' dir='ltr'>et</span> <span class='ocrx_word' id='word_1_618' title='bbox 1573 2365 1652 2389; x_wconf 73' lang='lat' dir='ltr'>,non</span> <span class='ocrx_word' id='word_1_619' title='bbox 1673 2350 1789 2389; x_wconf 85' lang='lat' dir='ltr'>solum</span> <span class='ocrx_word' id='word_1_620' title='bbox 1812 2365 1881 2389; x_wconf 91' lang='lat' dir='ltr'>non</span> <span class='ocrx_word' id='word_1_621' title='bbox 1901 2361 2093 2404; x_wconf 84' lang='lat' dir='ltr'>contegunt</span> <span class='ocrx_word' id='word_1_622' title='bbox 2114 2363 2148 2390; x_wconf 85' lang='lat' dir='ltr'>et</span> 
     </span>
     <span class='ocr_line' id='line_1_82' title="bbox 1186 2411 2148 2465; baseline 0.001 -14"><span class='ocrx_word' id='word_1_623' title='bbox 1186 2421 1375 2462; x_wconf 82' lang='lat' dir='ltr'>excusant,</span> <span class='ocrx_word' id='word_1_624' title='bbox 1395 2411 1457 2450; x_wconf 86' lang='lat' dir='ltr'>sed</span> <span class='ocrx_word' id='word_1_625' title='bbox 1470 2412 1586 2464; x_wconf 85' lang='lat' dir='ltr'>magis</span> <span class='ocrx_word' id='word_1_626' title='bbox 1606 2427 1644 2450; x_wconf 85' lang='lat' dir='ltr'>ea</span> <span class='ocrx_word' id='word_1_627' title='bbox 1661 2411 1781 2464; x_wconf 86' lang='lat' dir='ltr'>palam</span> <span class='ocrx_word' id='word_1_628' title='bbox 1795 2412 1943 2458; x_wconf 78' lang='lat' dir='ltr'>faciunt,</span> <span class='ocrx_word' id='word_1_629' title='bbox 1961 2414 2148 2465; x_wconf 87' lang='lat' dir='ltr'>multaque</span> 
     </span>
     <span class='ocr_line' id='line_1_83' title="bbox 1183 2473 2147 2527; baseline 0 -15"><span class='ocrx_word' id='word_1_630' title='bbox 1183 2488 1227 2513; x_wconf 82' lang='lat' dir='ltr'>ex</span> <span class='ocrx_word' id='word_1_631' title='bbox 1246 2474 1314 2512; x_wconf 87' lang='lat' dir='ltr'>hoc</span> <span class='ocrx_word' id='word_1_632' title='bbox 1336 2483 1530 2527; x_wconf 88' lang='lat' dir='ltr'>operantur</span> <span class='ocrx_word' id='word_1_633' title='bbox 1549 2473 1725 2526; x_wconf 78' lang='lat' dir='ltr'>peccata?</span> <span class='ocrx_word' id='word_1_634' title='bbox 1747 2473 1900 2520; x_wconf 86' lang='lat' dir='ltr'>Quando</span> <span class='ocrx_word' id='word_1_635' title='bbox 1911 2475 2006 2512; x_wconf 91' lang='lat' dir='ltr'>enim</span> <span class='ocrx_word' id='word_1_636' title='bbox 2023 2475 2147 2512; x_wconf 79' lang='lat' dir='ltr'>fratris</span> 
     </span>
     <span class='ocr_line' id='line_1_84' title="bbox 1182 2535 2145 2588; baseline 0 -15"><span class='ocrx_word' id='word_1_637' title='bbox 1182 2545 1369 2588; x_wconf 88' lang='lat' dir='ltr'>peccatum</span> <span class='ocrx_word' id='word_1_638' title='bbox 1388 2535 1551 2586; x_wconf 78' lang='lat' dir='ltr'>evulgas,</span> <span class='ocrx_word' id='word_1_639' title='bbox 1567 2548 1636 2572; x_wconf 94' lang='lat' dir='ltr'>non</span> <span class='ocrx_word' id='word_1_640' title='bbox 1652 2535 1757 2572; x_wconf 89' lang='lat' dir='ltr'>illum</span> <span class='ocrx_word' id='word_1_641' title='bbox 1772 2544 1911 2573; x_wconf 86' lang='lat' dir='ltr'>tantum</span> <span class='ocrx_word' id='word_1_642' title='bbox 1929 2535 2145 2586; x_wconf 84' lang='lat' dir='ltr'>ignominio-</span> 
     </span>
     <span class='ocr_line' id='line_1_85' title="bbox 1183 2594 2148 2646; baseline 0 -12"><span class='ocrx_word' id='word_1_643' title='bbox 1183 2597 1315 2635; x_wconf 82' lang='lat' dir='ltr'>siorem</span> <span class='ocrx_word' id='word_1_644' title='bbox 1333 2596 1434 2643; x_wconf 83' lang='lat' dir='ltr'>facis,</span> <span class='ocrx_word' id='word_1_645' title='bbox 1455 2604 1488 2633; x_wconf 88' lang='lat' dir='ltr'>et</span> <span class='ocrx_word' id='word_1_646' title='bbox 1508 2595 1708 2646; x_wconf 83' lang='lat' dir='ltr'>segniorem</span> <span class='ocrx_word' id='word_1_647' title='bbox 1721 2595 1812 2633; x_wconf 85' lang='lat' dir='ltr'>sorte</span> <span class='ocrx_word' id='word_1_648' title='bbox 1825 2594 1872 2632; x_wconf 90' lang='lat' dir='ltr'>ad</span> <span class='ocrx_word' id='word_1_649' title='bbox 1887 2595 2034 2633; x_wconf 76' lang='lat' dir='ltr'>virtutis</span> <span class='ocrx_word' id='word_1_650' title='bbox 2049 2596 2148 2634; x_wconf 77' lang='lat' dir='ltr'>viam</span> 
     </span>
     <span class='ocr_line' id='line_1_86' title="bbox 1182 2655 2147 2710; baseline -0.001 -14"><span class='ocrx_word' id='word_1_651' title='bbox 1182 2657 1426 2710; x_wconf 87' lang='lat' dir='ltr'>repetendam,</span> <span class='ocrx_word' id='word_1_652' title='bbox 1444 2655 1505 2694; x_wconf 89' lang='lat' dir='ltr'>sed</span> <span class='ocrx_word' id='word_1_653' title='bbox 1521 2665 1553 2694; x_wconf 89' lang='lat' dir='ltr'>et</span> <span class='ocrx_word' id='word_1_654' title='bbox 1573 2670 1631 2693; x_wconf 85' lang='lat' dir='ltr'>eos</span> <span class='ocrx_word' id='word_1_655' title='bbox 1646 2656 1708 2706; x_wconf 83' lang='lat' dir='ltr'>qui</span> <span class='ocrx_word' id='word_1_656' title='bbox 1723 2655 1891 2706; x_wconf 88' lang='lat' dir='ltr'>audiunt,</span> <span class='ocrx_word' id='word_1_657' title='bbox 1913 2657 2147 2708; x_wconf 78' lang='lat' dir='ltr'>negligentio-</span> 
     </span>
     <span class='ocr_line' id='line_1_87' title="bbox 1182 2715 2148 2768; baseline -0.001 -11"><span class='ocrx_word' id='word_1_658' title='bbox 1182 2733 1238 2757; x_wconf 84' lang='lat' dir='ltr'>res</span> <span class='ocrx_word' id='word_1_659' title='bbox 1260 2718 1398 2766; x_wconf 86' lang='lat' dir='ltr'>reddis,</span> <span class='ocrx_word' id='word_1_660' title='bbox 1421 2731 1454 2755; x_wconf 82' lang='lat' dir='ltr'>et</span> <span class='ocrx_word' id='word_1_661' title='bbox 1472 2716 1517 2754; x_wconf 85' lang='lat' dir='ltr'>ad</span> <span class='ocrx_word' id='word_1_662' title='bbox 1537 2715 1736 2754; x_wconf 86' lang='lat' dir='ltr'>socordiam</span> <span class='ocrx_word' id='word_1_663' title='bbox 1761 2716 1903 2755; x_wconf 88' lang='lat' dir='ltr'>inducis</span> <span class='ocrx_word' id='word_1_664' title='bbox 1921 2733 1929 2752; x_wconf 92' lang='lat'>:</span> <span class='ocrx_word' id='word_1_665' title='bbox 1950 2731 2063 2768; x_wconf 88' lang='lat' dir='ltr'>neque</span> <span class='ocrx_word' id='word_1_666' title='bbox 2081 2719 2148 2756; x_wconf 90' lang='lat' dir='ltr'>hoc</span> 
     </span>
     <span class='ocr_line' id='line_1_88' title="bbox 1183 2776 2146 2831; baseline -0.001 -13"><span class='ocrx_word' id='word_1_667' title='bbox 1183 2780 1317 2828; x_wconf 92' lang='lat' dir='ltr'>solum,</span> <span class='ocrx_word' id='word_1_668' title='bbox 1341 2778 1402 2817; x_wconf 89' lang='lat' dir='ltr'>sed</span> <span class='ocrx_word' id='word_1_669' title='bbox 1423 2778 1530 2816; x_wconf 83' lang='lat' dir='ltr'>etiam</span> <span class='ocrx_word' id='word_1_670' title='bbox 1550 2776 1588 2814; x_wconf 90' lang='lat' dir='ltr'>id</span> <span class='ocrx_word' id='word_1_671' title='bbox 1608 2777 1720 2814; x_wconf 80' lang='lat' dir='ltr'>efficis</span> <span class='ocrx_word' id='word_1_672' title='bbox 1741 2786 1779 2814; x_wconf 87' lang='lat' dir='ltr'>ut</span> <span class='ocrx_word' id='word_1_673' title='bbox 1802 2778 1899 2816; x_wconf 87' lang='lat' dir='ltr'>Deus</span> <span class='ocrx_word' id='word_1_674' title='bbox 1919 2778 2146 2831; x_wconf 85' lang='lat' dir='ltr'>blaspheme-</span> 
     </span>
     <span class='ocr_line' id='line_1_89' title="bbox 1183 2838 2164 2892; baseline -0.001 -13"><span class='ocrx_word' id='word_1_675' title='bbox 1183 2851 1253 2880; x_wconf 87' lang='lat' dir='ltr'>tur.</span> <span class='ocrx_word' id='word_1_676' title='bbox 1275 2840 1377 2878; x_wconf 87' lang='lat' dir='ltr'>Istud</span> <span class='ocrx_word' id='word_1_677' title='bbox 1404 2849 1522 2877; x_wconf 82' lang='lat' dir='ltr'>autcm</span> <span class='ocrx_word' id='word_1_678' title='bbox 1546 2847 1719 2889; x_wconf 85' lang='lat' dir='ltr'>quantum</span> <span class='ocrx_word' id='word_1_679' title='bbox 1740 2838 1844 2877; x_wconf 79' lang='lat' dir='ltr'>affert</span> <span class='ocrx_word' id='word_1_680' title='bbox 1865 2840 2083 2892; x_wconf 84' lang='lat' dir='ltr'>supplicium</span> <span class='ocrx_word' id='word_1_681' title='bbox 2104 2840 2164 2878; x_wconf 76' lang='lat' dir='ltr'>iis·</span> 
     </span>
     <span class='ocr_line' id='line_1_90' title="bbox 1184 2900 2148 2955; baseline -0.002 -14"><span class='ocrx_word' id='word_1_682' title='bbox 1184 2904 1247 2955; x_wconf 91' lang='lat' dir='ltr'>qui</span> <span class='ocrx_word' id='word_1_683' title='bbox 1270 2917 1412 2940; x_wconf 89' lang='lat' dir='ltr'>causam</span> <span class='ocrx_word' id='word_1_684' title='bbox 1432 2900 1605 2953; x_wconf 77' lang='lat' dir='ltr'>pra-bont,</span> <span class='ocrx_word' id='word_1_685' title='bbox 1630 2914 1732 2937; x_wconf 87' lang='lat' dir='ltr'>nemo</span> <span class='ocrx_word' id='word_1_686' title='bbox 1751 2909 1802 2938; x_wconf 85' lang='lat' dir='ltr'>est</span> <span class='ocrx_word' id='word_1_687' title='bbox 1822 2901 1884 2952; x_wconf 86' lang='lat' dir='ltr'>qui</span> <span class='ocrx_word' id='word_1_688' title='bbox 1906 2902 2054 2953; x_wconf 85' lang='lat' dir='ltr'>ignoret.</span> <span class='ocrx_word' id='word_1_689' title='bbox 2077 2903 2148 2940; x_wconf 86' lang='lat' dir='ltr'>Fu-</span> 
     </span>
     <span class='ocr_line' id='line_1_91' title="bbox 1184 2961 2148 3017; baseline -0.001 -15"><span class='ocrx_word' id='word_1_690' title='bbox 1184 2965 1324 3017; x_wconf 81' lang='lat' dir='ltr'>giamus</span> <span class='ocrx_word' id='word_1_691' title='bbox 1347 2963 1470 3015; x_wconf 74' lang='lat' dir='ltr'>igitur,</span> <span class='ocrx_word' id='word_1_692' title='bbox 1491 2961 1649 3009; x_wconf 85' lang='lat' dir='ltr'>obsecro,</span> <span class='ocrx_word' id='word_1_693' title='bbox 1679 2975 1796 2999; x_wconf 89' lang='lat' dir='ltr'>mores</span> <span class='ocrx_word' id='word_1_694' title='bbox 1815 2962 1944 3012; x_wconf 84' lang='lat' dir='ltr'>Cham,</span> <span class='ocrx_word' id='word_1_695' title='bbox 1966 2963 2148 3002; x_wconf 87' lang='lat' dir='ltr'>imitemur</span> 
     </span>
    </p>
   </div>
   <div class='ocr_carea' id='block_1_12' title="bbox 88 3022 2146 3077">
    <p class='ocr_par' dir='ltr' id='par_1_12' title="bbox 88 3022 2146 3077">
     <span class='ocr_line' id='line_1_92' title="bbox 88 3022 2146 3077; baseline 0 -15"><span class='ocrx_word' id='word_1_696' title='bbox 88 3023 325 3075; x_wconf 83' lang='grc' dir='ltr'>μιμησώμεθα</span> <span class='ocrx_word' id='word_1_697' title='bbox 353 3024 387 3063; x_wconf 70' lang='grc' dir='ltr'>δὲ</span> <span class='ocrx_word' id='word_1_698' title='bbox 407 3028 474 3064; x_wconf 87' lang='grc' dir='ltr'>τῶν</span> <span class='ocrx_word' id='word_1_699' title='bbox 495 3027 717 3077; x_wconf 71' lang='grc' dir='ltr'>εὐγνωμόνων</span> <span class='ocrx_word' id='word_1_700' title='bbox 737 3027 868 3066; x_wconf 86' lang='grc' dir='ltr'>τούτων</span> <span class='ocrx_word' id='word_1_701' title='bbox 892 3027 1027 3065; x_wconf 81' lang='grc' dir='ltr'>παίδων</span> <span class='ocrx_word' id='word_1_702' title='bbox 1047 3027 1110 3074; x_wconf 78' lang='grc' dir='ltr'>τὴν</span> <span class='ocrx_word' id='word_1_703' title='bbox 1133 3040 1157 3071; x_wconf 80' lang='lat' dir='ltr'>C</span> <span class='ocrx_word' id='word_1_704' title='bbox 1182 3036 1300 3064; x_wconf 88' lang='lat' dir='ltr'>autem</span> <span class='ocrx_word' id='word_1_705' title='bbox 1340 3024 1537 3077; x_wconf 84' lang='lat' dir='ltr'>proborum</span> <span class='ocrx_word' id='word_1_706' title='bbox 1580 3022 1727 3060; x_wconf 86' lang='lat' dir='ltr'>illorum</span> <span class='ocrx_word' id='word_1_707' title='bbox 1760 3023 1920 3062; x_wconf 85' lang='lat' dir='ltr'>filiorum</span> <span class='ocrx_word' id='word_1_708' title='bbox 1961 3025 2146 3077; x_wconf 88' lang='lat' dir='ltr'>pudorem,</span> 
     </span>
    </p>
   </div>
   <div class='ocr_carea' id='block_1_13' title="bbox 88 3086 1110 3141">
    <p class='ocr_par' dir='ltr' id='par_1_13' title="bbox 88 3086 1110 3141">
     <span class='ocr_line' id='line_1_93' title="bbox 88 3086 1110 3141; baseline 0.004 -17"><span class='ocrx_word' id='word_1_709' title='bbox 88 3087 173 3124; x_wconf 85' lang='grc' dir='ltr'>αἷδῶ</span> <span class='ocrx_word' id='word_1_710' title='bbox 184 3117 195 3134; x_wconf 88' lang='grc'>,</span> <span class='ocrx_word' id='word_1_711' title='bbox 212 3087 255 3133; x_wconf 80' lang='grc' dir='ltr'>ἣν</span> <span class='ocrx_word' id='word_1_712' title='bbox 273 3086 353 3139; x_wconf 79' lang='grc' dir='ltr'>περὶ</span> <span class='ocrx_word' id='word_1_713' title='bbox 367 3087 431 3135; x_wconf 73' lang='grc' dir='ltr'>τὴν</span> <span class='ocrx_word' id='word_1_714' title='bbox 448 3087 624 3139; x_wconf 86' lang='grc' dir='ltr'>γύμνωσιν</span> <span class='ocrx_word' id='word_1_715' title='bbox 645 3092 704 3127; x_wconf 78' lang='grc' dir='ltr'>τοῦ</span> <span class='ocrx_word' id='word_1_716' title='bbox 723 3089 854 3141; x_wconf 77' lang='grc' dir='ltr'>πατρὸς</span> <span class='ocrx_word' id='word_1_717' title='bbox 871 3089 1089 3133; x_wconf 83' lang='grc' dir='ltr'>ἐπεδείξαντο</span> <span class='ocrx_word' id='word_1_718' title='bbox 1103 3105 1110 3113; x_wconf 90' lang='grc'><em>·</em></span> 
     </span>
    </p>
   </div>
   <div class='ocr_carea' id='block_1_14' title="bbox 1182 3083 2145 3139">
    <p class='ocr_par' dir='ltr' id='par_1_14' title="bbox 1182 3083 2145 3139">
     <span class='ocr_line' id='line_1_94' title="bbox 1182 3083 2145 3139; baseline -0.001 -14"><span class='ocrx_word' id='word_1_719' title='bbox 1182 3101 1290 3139; x_wconf 87' lang='lat' dir='ltr'>quem</span> <span class='ocrx_word' id='word_1_720' title='bbox 1309 3087 1346 3124; x_wconf 92' lang='lat' dir='ltr'>in</span> <span class='ocrx_word' id='word_1_721' title='bbox 1368 3083 1585 3136; x_wconf 81' lang='lat' dir='ltr'>contegenda</span> <span class='ocrx_word' id='word_1_722' title='bbox 1606 3084 1763 3136; x_wconf 84' lang='lat' dir='ltr'>parentis</span> <span class='ocrx_word' id='word_1_723' title='bbox 1791 3084 1955 3124; x_wconf 85' lang='lat' dir='ltr'>nuditate</span> <span class='ocrx_word' id='word_1_724' title='bbox 1979 3086 2145 3125; x_wconf 88' lang='lat' dir='ltr'>declara—</span> 
     </span>
    </p>
   </div>
   <div class='ocr_carea' id='block_1_15' title="bbox 133 3207 2148 3257">
    <p class='ocr_par' dir='ltr' id='par_1_15' title="bbox 133 3207 2148 3257">
     <span class='ocr_line' id='line_1_95' title="bbox 133 3207 2148 3257; baseline -0.002 -16"><span class='ocrx_word' id='word_1_725' title='bbox 133 3210 149 3225; x_wconf 70' lang='lat'><em>*</em></span> <span class='ocrx_word' id='word_1_726' title='bbox 173 3209 302 3252; x_wconf 79' lang='lat' dir='ltr'>[Savil.</span> <span class='ocrx_word' id='word_1_727' title='bbox 330 3212 363 3244; x_wconf 84' lang='lat' dir='ltr'>in</span> <span class='ocrx_word' id='word_1_728' title='bbox 389 3219 481 3244; x_wconf 78' lang='lat' dir='ltr'>textu</span> <span class='ocrx_word' id='word_1_729' title='bbox 505 3218 550 3255; x_wconf 81' lang='grc' dir='ltr'>μὴ</span> <span class='ocrx_word' id='word_1_730' title='bbox 576 3217 609 3247; x_wconf 76' lang='grc' dir='ltr'>τὸ</span> <span class='ocrx_word' id='word_1_731' title='bbox 622 3211 697 3257; x_wconf 86' lang='lat' dir='ltr'>(sic)</span> <span class='ocrx_word' id='word_1_732' title='bbox 721 3217 904 3256; x_wconf 72' lang='grc' dir='ltr'>ὰνέχεσθαιε</span> <span class='ocrx_word' id='word_1_733' title='bbox 930 3213 964 3244; x_wconf 88' lang='lat' dir='ltr'>in</span> <span class='ocrx_word' id='word_1_734' title='bbox 992 3224 1098 3257; x_wconf 82' lang='lat' dir='ltr'>marg.</span> <span class='ocrx_word' id='word_1_735' title='bbox 1133 3213 1253 3244; x_wconf 82' lang='lat' dir='ltr'>rimum</span> <span class='ocrx_word' id='word_1_736' title='bbox 1271 3218 1319 3242; x_wconf 79' lang='lat' dir='ltr'>est</span> <span class='ocrx_word' id='word_1_737' title='bbox 1336 3209 1550 3252; x_wconf 73' lang='lat' dir='ltr'>arrogantia,</span> <span class='ocrx_word' id='word_1_738' title='bbox 1566 3207 1733 3251; x_wconf 77' lang='lat' dir='ltr'>superbia.</span> <span class='ocrx_word' id='word_1_739' title='bbox 1751 3209 1824 3241; x_wconf 82' lang='lat' dir='ltr'>Uoc</span> <span class='ocrx_word' id='word_1_740' title='bbox 1839 3216 1950 3241; x_wconf 83' lang='lat' dir='ltr'>autem</span> <span class='ocrx_word' id='word_1_741' title='bbox 1971 3209 2045 3242; x_wconf 89' lang='lat' dir='ltr'>loco</span> <span class='ocrx_word' id='word_1_742' title='bbox 2069 3222 2148 3243; x_wconf 83' lang='lat' dir='ltr'>neu-</span> 
     </span>
    </p>
   </div>
   <div class='ocr_carea' id='block_1_16' title="bbox 91 3263 308 3305">
    <p class='ocr_par' dir='ltr' id='par_1_16' title="bbox 91 3263 308 3305">
     <span class='ocr_line' id='line_1_96' title="bbox 91 3263 308 3305; baseline 0 -11"><span class='ocrx_word' id='word_1_743' title='bbox 91 3267 279 3304; x_wconf 51' lang='lat' dir='ltr'>anahem.</span> <span class='ocrx_word' id='word_1_744' title='bbox 295 3263 308 3305; x_wconf 90' lang='lat'><strong>]</strong></span> 
     </span>
    </p>
   </div>
   <div class='ocr_carea' id='block_1_17' title="bbox 1136 3258 2144 3304">
    <p class='ocr_par' dir='ltr' id='par_1_17' title="bbox 1136 3258 2144 3304">
     <span class='ocr_line' id='line_1_97' title="bbox 1136 3258 2144 3304; baseline -0.003 -8"><span class='ocrx_word' id='word_1_745' title='bbox 1136 3272 1222 3296; x_wconf 84' lang='lat' dir='ltr'>tram</span> <span class='ocrx_word' id='word_1_746' title='bbox 1247 3274 1286 3295; x_wconf 84' lang='lat' dir='ltr'>ex</span> <span class='ocrx_word' id='word_1_747' title='bbox 1315 3261 1490 3304; x_wconf 63' lang='lat' dir='ltr'>praemissis</span> <span class='ocrx_word' id='word_1_748' title='bbox 1513 3258 1810 3301; x_wconf 70' lang='lat' dir='ltr'>significationibus</span> <span class='ocrx_word' id='word_1_749' title='bbox 1832 3270 1908 3304; x_wconf 81' lang='lat' dir='ltr'>apte</span> <span class='ocrx_word' id='word_1_750' title='bbox 1929 3261 2118 3295; x_wconf 76' lang='lat' dir='ltr'>adhibueris</span> <span class='ocrx_word' id='word_1_751' title='bbox 2140 3277 2144 3293; x_wconf 89' lang='lat'>:</span> 
     </span>
    </p>
   </div>
   <div class='ocr_carea' id='block_1_18' title="bbox 89 3312 2147 3411">
    <p class='ocr_par' dir='ltr' id='par_1_18' title="bbox 89 3312 2147 3411">
     <span class='ocr_line' id='line_1_98' title="bbox 132 3312 2147 3360; baseline -0.001 -12"><span class='ocrx_word' id='word_1_752' title='bbox 132 3323 145 3338; x_wconf 84' lang='lat'><strong>¹</strong></span> <span class='ocrx_word' id='word_1_753' title='bbox 170 3319 249 3360; x_wconf 73' lang='grc' dir='ltr'>Πρὸς</span> <span class='ocrx_word' id='word_1_754' title='bbox 265 3320 414 3348; x_wconf 62' lang='grc' dir='ltr'>ἀπόνοιαν.</span> <span class='ocrx_word' id='word_1_755' title='bbox 432 3314 559 3350; x_wconf 60' lang='lat' dir='ltr'>hri-1012</span> <span class='ocrx_word' id='word_1_756' title='bbox 574 3313 735 3347; x_wconf 80' lang='lat' dir='ltr'>insaniam</span> <span class='ocrx_word' id='word_1_757' title='bbox 753 3322 786 3347; x_wconf 83' lang='lat' dir='ltr'>ct</span> <span class='ocrx_word' id='word_1_758' title='bbox 803 3317 982 3348; x_wconf 81' lang='lat' dir='ltr'>amentiam</span> <span class='ocrx_word' id='word_1_759' title='bbox 998 3315 1097 3359; x_wconf 68' lang='lat' dir='ltr'>vulgo</span> <span class='ocrx_word' id='word_1_760' title='bbox 1134 3317 1305 3358; x_wconf 80' lang='lat' dir='ltr'>Interpres</span> <span class='ocrx_word' id='word_1_761' title='bbox 1322 3322 1414 3346; x_wconf 64' lang='lat' dir='ltr'>retus</span> <span class='ocrx_word' id='word_1_762' title='bbox 1431 3312 1615 3344; x_wconf 75' lang='lat' dir='ltr'>socordiam</span> <span class='ocrx_word' id='word_1_763' title='bbox 1630 3313 1747 3354; x_wconf 83' lang='lat' dir='ltr'>vertit,</span> <span class='ocrx_word' id='word_1_764' title='bbox 1765 3325 1837 3357; x_wconf 70' lang='lat' dir='ltr'>quse</span> <span class='ocrx_word' id='word_1_765' title='bbox 1852 3313 2048 3358; x_wconf 77' lang='lat' dir='ltr'>significatio</span> <span class='ocrx_word' id='word_1_766' title='bbox 2065 3328 2147 3359; x_wconf 68' lang='lat' dir='ltr'>qua-</span> 
     </span>
     <span class='ocr_line' id='line_1_99' title="bbox 89 3363 1763 3411; baseline -0.001 -13"><span class='ocrx_word' id='word_1_767' title='bbox 89 3365 262 3409; x_wconf 76' lang='lat' dir='ltr'>significat.</span> <span class='ocrx_word' id='word_1_768' title='bbox 285 3365 377 3409; x_wconf 77' lang='lat' dir='ltr'>Apud</span> <span class='ocrx_word' id='word_1_769' title='bbox 394 3366 671 3411; x_wconf 78' lang='lat' dir='ltr'>chrysostomum</span> <span class='ocrx_word' id='word_1_770' title='bbox 691 3376 800 3400; x_wconf 79' lang='lat' dir='ltr'>autem</span> <span class='ocrx_word' id='word_1_771' title='bbox 822 3375 945 3404; x_wconf 65' lang='grc' dir='ltr'>ἀπόνοια</span> <span class='ocrx_word' id='word_1_772' title='bbox 967 3377 1002 3401; x_wconf 80' lang='grc' dir='ltr'>ιιι</span> <span class='ocrx_word' id='word_1_773' title='bbox 1026 3368 1101 3411; x_wconf 80' lang='lat' dir='ltr'>plu·</span> <span class='ocrx_word' id='word_1_774' title='bbox 1134 3367 1231 3402; x_wconf 76' lang='lat' dir='ltr'>drarc</span> <span class='ocrx_word' id='word_1_775' title='bbox 1250 3366 1377 3401; x_wconf 54' lang='lat' dir='ltr'>uidetur</span> <span class='ocrx_word' id='word_1_776' title='bbox 1397 3363 1439 3397; x_wconf 84' lang='lat' dir='ltr'>ad</span> <span class='ocrx_word' id='word_1_777' title='bbox 1460 3365 1576 3398; x_wconf 78' lang='lat' dir='ltr'>seriem</span> <span class='ocrx_word' id='word_1_778' title='bbox 1590 3363 1763 3398; x_wconf 76' lang='lat' dir='ltr'>orationis.</span> 
     </span>
    </p>
   </div>
  </div>
 </body>
</html>
