2566 3791
740 205 783 235 ΙΝ
822 205 925 235 (ΞΛΡ.
967 204 1011 234 V.

1050 203 1210 233 Gizn'sss.

2155 197 2173 205 u

1250 203 1409 232 IlOMlL.
1450 204 1544 233 XXI.
2083 214 2174 243 221»

133 291 288 342 μελείας,
309 290 366 328 καὶ
389 291 456 328 τῶν
472 293 530 327 τοῦ
546 288 706 338 σώματος
735 287 1023 341 ἀῤῥιι)στημάτων
1044 288 1150 339 ἀνάγ·
1178 290 1200 320 B
1224 300 1272 336 re,
1288 288 1432 325 nuncin
1453 288 1622 338 medicos,
1646 303 1738 328 nune
1758 291 1792 328 in
1806 292 1874 329 alia
1890 296 2098 343 necessaria,
2116 307 2175 334 ut-

132 369 176 398 κη
209 351 267 390 καὶ
302 351 493 403 χρημάτων
529 349 664 395 πολλὴν
693 349 850 396 δαπάνην
889 348 1066 399 γενέσθαι,
1095 348 1153 386 καὶ

130 413 174 452 τὰ
190 412 254 463 μὲν
275 413 387 451 αὐτῶν
408 418 480 455 τοῖς
506 412 635 463 ἰατροῖς
653 411 965 462 προσαναλίσκειν,
986 410 1028 448 τὰ
1051 409 1087 448 δὲ
1109 411 1154 453 εἰς

129 473 193 521 τὴν
215 474 325 520 ἄλλην
345 474 484 512 ἅπασαν
511 472 710 523 θεραπείαν,
725 471 810 523 πρὸς
836 472 966 525 τροφὴν
982 471 1074 522 λέγω
1096 472 1155 510 καὶ

130 534 214 587 πρὸς
229 534 405 582 ἐνδύματα
420 564 429 578 ,
452 533 512 572 καὶ
540 532 637 571 οὔτι-ω
664 532 754 585 φημὶ
771 563 780 580 ,
804 532 859 572 ὅτι
890 533 950 570 καὶ
976 532 1063 584 ὑπὲρ
1091 531 1153 578 τὴν

129 593 250 646 χρείαν
284 597 315 633 οἱ
335 594 482 638 ,πλείους
510 597 621 632 ταῦτα
641 595 842 632 δαπανῶσιν
869 592 1018 644 ἀμετρίᾳ
1042 593 1154 644 πολλῇ

130 655 355 707 κεχρημένοι·
374 656 433 694 ε’πὶ
459 655 495 695 δὲ
528 658 590 702 τῆς
609 657 725 707 ψυχῆς
756 654 890 697 οὐδενὸς
906 657 974 692 τῶν
994 652 1157 691 τοιούτων

131 718 201 764 δεῖ,
217 719 293 756 ἀλλ’
311 719 340 755 εἷ
363 716 585 768 βουληθείης,
612 716 772 767 καθάπερ
790 717 842 768 ἐφ’
860 715 1009 760 ἑκάστης
1025 713 1159 766 ἡμέρας

129 781 180 830 τῷ
200 777 338 829 σώματι
369 777 433 825 τὴν
467 776 596 830 τροφὴν
624 782 804 828 χορηγεῖς,
832 775 891 813 καὶ
917 775 962 812 τὰ
989 774 1158 827 χρήματα

130 839 407 886 καταναλίσκων,
426 837 516 876 οὕτω
532 837 591 875 καὶ
603 837 666 882 τὴν
683 835 798 888 ψυχὴν
819 835 868 886 μὴ
884 842 1049 887 περιορᾷν
1062 836 1156 886 λιμῷ

129 899 376 951 φθειρομένην,
395 899 455 938 καὶ
471 898 638 950 παρέχειν
657 899 744 949 αὐτῇ
764 896 826 943 τὴν
840 896 1060 942 κατάλληλον
1080 909 1158 946 τρο-

129 960 196 1012 φὴν
217 961 280 1006 τὴν
309 962 348 998 ἐκ
377 963 439 1006 τῆς
464 961 533 997 τῶν
563 960 711 1010 Γραφῶν
733 957 977 1010 ἀναγνώσεως,
1008 956 1067 994 καὶ
1093 958 1156 1002 τῆς

128 1024 365 1072 πνευματικῆς
391 1019 568 1062 νουθεσίας
599 1019 828 1072 παραίνεσιν·
859 1019 939 1057 Οὐκ
969 1020 1024 1056 ἐπ’
1059 1017 1154 1070 ἄρτῳ

129 1082 231 1133 μόνον
258 1082 345 1136 γὰρ,
364 1082 467 1135 φησὶ,
491 1081 633 1128 ζήσεται
664 1080 862 1133 ἄνθρωπος,
882 1081 958 1118 ἀλλ’
973 1079 1031 1118 ἐπὶ
1049 1079 1154 1118 παντὶ

129 1144 260 1196 ῥήματι
294 1143 557 1195 ἐκπορευομένῳ
587 1141 643 1180 διὰ
679 1141 852 1192 στόματος
882 1142 997 1180 Θεοῦ·
1027 1140 1154 1194 ἄριστα

129 1205 360 1256 περὶτούτων
391 1204 626 1254 διατιθέμενος
658 1202 739 1254 ἔσῃ,
774 1202 833 1241 καὶ
863 1201 944 1254 περὶ
978 1205 1038 1240 τοῦ
1070 1204 1153 1255 παρ’

129 1269 214 1316 ἡμῖν
229 1264 436 1318 οἷκειοτέρου
456 1264 701 1318 προσηκόντως
718 1263 993 1314 ῧδιανοούμενος.
1018 1263 1157 1315 “Ώσπερ

130 1327 243 1365 τοίνυν
258 1328 309 1378 τῷ
328 1325 470 1377 σώματι
497 1326 644 1378 διάφορα
677 1326 845 1377 παρέχεις
876 1324 1070 1375 ἐνδύματα,
1098 1324 1158 1362 καὶ

130 1387 342 1434 ἐπιτηδεύεις
370 1386 456 1439 πρὸς
492 1386 554 1433 τὴν
576 1388 644 1424 τῶν
669 1388 802 1439 καιρῶν
826 1384 981 1438 τροπὴν,
1009 1385 1069 1423 καὶ
1093 1384 1157 1431 τὴν

129 1450 199 1486 τῶν
219 1447 418 1499 ἐνδυμάτων
437 1447 628 1494 ποικιλίαν,
644 1446 735 1486 κατὰ
751 1447 790 1485 τὸ
812 1447 895 1486 αὐτὸ
910 1445 999 1497 μηδὲ
1012 1445 1076 1492 τὴν
1096 1447 1162 1498 ψυ-

129 1509 197 1561 χὴν
210 1508 356 1562 περιόρα
370 1507 504 1559 γυμνὴν
522 1511 724 1561 περιιοῦσαν
740 1511 808 1546 τῶν
831 1509 968 1560 ἀγαθῶν
985 1506 1157 1560 πράξεων,

129 1570 220 1609 ἀλλὰ
247 1569 307 1608 καὶ
331 1569 440 1616 αὐτὴν
458 1569 651 1622 περίὸαλλε
679 1569 848 1621 ἐνδύμασι
868 1574 940 1613 τοῖς
959 1570 1047 1621 αὐτῇ
1071 1568 1160 1620 πρέ-

128 1645 251 1669 πουσι·
272 1630 408 1683 ταχέως
432 1630 539 1677 αὐτὴν
568 1629 748 1682 ἀνακτήσῃ
761 1661 772 1677 ,
793 1629 853 1668 καὶ
871 1629 958 1682 πρὸς
976 1628 1040 1676 τὴν
1070 1629 1161 1668 κατὰ

130 1691 233 1744 φύσιν
249 1691 380 1742 ὑγίειαν
399 1691 639 1743 ἐπαναγάγῃς.
662 1692 755 1730 Ποῖα
769 1690 804 1730 δὲ
824 1692 864 1729 ἂν
883 1692 934 1738 εἴη
956 1691 1084 1738 ταύτης
1101 1694 1160 1730 ἐν·

129 1753 285 1803 δόματα,
303 1751 548 1803 Ἐλεημοσύνη
576 1752 636 1790 καὶ
662 1755 684 1799 ἡ
706 1751 787 1804 περὶ
813 1751 892 1795 τοὺς
921 1752 1074 1799 πένητας
1097 1753 1160 1791 δα-

128 1815 264 1865 ψίλεια·
295 1818 396 1854 τοῦτο
422 1814 462 1852 τὸ
487 1812 650 1863 μέγιστον
677 1815 739 1859 τῆς
768 1814 884 1865 ψυχῆς
914 1812 1160 1864 περιὸόλαιον,

130 1877 232 1912 τοῦτο
251 1874 290 1911 τὸ
304 1873 446 1927 φαιδρὸν
467 1875 574 1920 αὖτ’ἧς
596 1873 748 1923 ἱμάτιον.
766 1873 810 1911 Εἰ
832 1873 868 1911 δὲ
891 1872 1007 1924 βούλει
1025 1872 1074 1924 μὴ
1096 1874 1159 1925 μό-

131 1952 186 1974 νον
201 1935 375 1985 ἐνδύματα
395 1934 576 1987 παρέχειν,
596 1936 672 1972 ἀλλ’
696 1933 823 1984 ὁμοίως
841 1936 891 1986 τῷ
909 1933 1049 1985 σώματι
1069 1939 1157 1974 καλ-

131 1996 306 2043 λωπίζειν,
327 1995 505 2047 προστίθει
526 1994 584 2033 καὶ
610 1994 673 2042 τὴν
693 1993 749 2032 διὰ
763 1997 832 2033 τῶν
847 1996 958 2046 εὐχῶν
979 1996 1155 2047 βοήθειαν,

131 2057 191 2095 καὶ
208 2057 271 2104 τὴν
291 2060 359 2095 τῶν
369 2055 634 2108 ἁμαρτημάτων
653 2054 901 2107 ἐξομολόγησιν
913 2086 923 2104 ,
943 2056 1002 2094 καὶ
1016 2059 1058 2108 τῇ
1082 2073 1159 2096 συν-

131 2117 228 2169 εχείᾳ
248 2120 318 2156 τῶν
349 2116 506 2168 δακρύων
528 2116 747 2168 ἀποσμήχων
767 2118 876 2162 αὐτῆς
904 2117 945 2156 τὸ
969 2117 1156 2171 πρόσωπον

131 2178 181 2229 μὴ
203 2177 376 2230 διαλίπῃς.
397 2177 566 2231 Καθάπερ
594 2176 662 2230 γὰρ
694 2176 791 2229 πάσῃ
824 2179 956 2228 σπουδῇ
989 2177 1052 2225 τὴν
1077 2179 1155 2230 ὄψιν

130 2246 189 2280 τοῦ
218 2240 378 2290 σώματος
411 2241 488 2278 καθ’
508 2239 660 2285 ἑκάστην
686 2238 821 2292 ἡμέραν
839 2239 1036 2286 ἐκπλύνεις,
1064 2239 1155 2278 ὥστε

129 2302 294 2352 μηδαμοῦ
326 2301 432 2353 ῥύπον
468 2300 546 2338 τινὰ
579 2300 795 2351 ἐπικείμενον
829 2301 873 2352 τῇ
904 2300 980 2353 ὄψει
1016 2301 1154 2348 δυσειδῆ

130 2363 236 2409 αὐτὴν
257 2362 449 2401 δεικνύναι’
468 2361 633 2405 ὡσαύτως
655 2361 715 2400 καὶ
733 2362 791 2400 ἐπὶ
811 2364 873 2409 τῆς
901 2363 1016 2415 ψυχῆς
1043 2368 1154 2402 ποιεῖν

130 2424 318 2470 σπούδαζε,
340 2423 400 2461 καὶ
431 2425 507 2461 καθ’
531 2422 682 2468 ἑκάστην
704 2423 810 2470 αὐτὴν
835 2422 1013 2462 ἀπόπλυνε
1043 2424 1155 2476 θερμὰ

131 2485 266 2536 δάκρυα
302 2483 498 2537 προσχέων.
522 2482 648 2535 Τούτῳ
675 2483 742 2537 γὰρ
773 2486 823 2536 τῷ
845 2483 944 2522 ὕδατι
962 2485 1077 2532 ἐκείνη
1097 2486 1155 2524 τὸν

131 2544 238 2595 ῥύπον
258 2543 490 2595 ἀποτιθεμένη
520 2543 730 2597 φαιδροτέρα
752 2544 898 2596 γίνεται.
935 2546 1004 2585 Καὶ
1032 2546 1153 2594 ἐπειδὴ

131 2608 167 2643 αἱ
186 2605 324 2649 πλείους
347 2609 414 2644 τῶν
445 2608 618 2656 γυναικῶν
649 2604 705 2643 διὰ
730 2605 863 2654 πολλὴν
898 2607 1064 2658 βλακείαν
1094 2612 1154 2660 τοῖξ

130 2665 422 2718 παραγγέλματος
440 2670 500 2704 τοῦ
523 2667 754 2704 ἀποστολικοῧ
788 2669 1064 2720 ὑπερφρονοῦσαι
1095 2675 1156 2710 τοῦ

129 2726 345 2774 κελεύοντος,
370 2726 431 2774 Μὴ
448 2730 481 2766 ἐν
503 2726 713 2779 πλέγμασιν,
730 2727 752 2774 ἢ
777 2731 920 2781 χρυσῷ,
937 2729 958 2776 ἢ
980 2732 1153 2785 μαργαρί-

130 2803 228 2833 ταις,
252 2787 275 2834 ἢ
303 2790 483 2840 ἱματισμῷ
508 2790 691 2827 πολυτελεῖ
717 2790 843 2834 ἑαυτὰς
872 2797 1036 2843 κοσμεῖν,
1064 2793 1153 2844 μετὰ

130 2849 262 2895 πολλῆς
287 2851 348 2895 τῆς
362 2849 541 2902 δαψιλείας
558 2853 658 2889 τοῦτο
680 2850 903 2902 ἐργάζονται,
935 2854 973 2892 οὐ
992 2859 1153 2904 γυναῖκες

1225 356 1306 399 pote
1318 347 1354 386 in
1368 357 1480 387 vestes
1493 358 1529 387 et
1540 349 1728 388 alimenta:
1744 352 1886 402 nequid
1900 353 2040 392 interim
2056 355 2174 393 (licam

1224 408 1269 446 de
1288 409 1332 447 iis
1348 424 1428 461 quae
1448 420 1572 463 praeter
1587 413 1821 451 necessarium
1843 429 1946 452 usum
1964 415 2051 453 luxu
2070 417 2177 454 absu-

1227 472 1649 521 inuntur;anin1aautem
1665 474 1763 512 nullo
1773 475 1901 514 horum
1916 476 2131 528 indiget,se‹l
2148 478 2177 516 si

1228 532 1384 570 volueris
1398 562 1407 580 ‚
1427 533 1518 572 sieut
1536 534 1697 585 quotidie
1708 536 1848 588 corpori
1868 537 1987 576 eibum
2005 539 2176 591 suppedi-

1229 601 1282 629 tas
1294 601 1327 630 ct
1341 594 1506 644 pecunias
1517 596 1685 642 effundis,
1698 596 1750 634 sic
1763 607 1796 636 et
1809 598 1966 637 animam
1979 613 2046 637 non
2061 600 2179 653 despi-

1228 667 1319 699 cere,
1339 663 1377 692 ut
1393 669 1436 692 ne
1455 656 1546 693 sanie
1560 666 1696 708 pereat;
1719 658 1779 696 sed
1794 659 1880 698 dare
1898 660 1965 713 ipsi
1982 675 2176 713 congruen-

1230 722 1298 751 tem
1319 715 1453 763 cibum,
1467 716 1634 755 videlicet
1648 733 1693 756 ex
1709 719 2134 775 lectioneScripturarum
2148 731 2182 762 et

1230 789 1275 812 ex
1293 775 1473 826 spirituali
1502 777 1751 818 adhortatione
1766 796 1773 816 ε
1791 783 1881 819 Λόη
1900 783 1993 821 enim
2013 787 2054 821 in
2067 799 2182 836 pane,
2196 803 2299 832 Manb

1229 835 1331 883 dicit,
1352 838 1478 875 solum
1497 841 1605 876 vivet
1632 841 1761 887 Ιιοηιο,
1785 843 1854 880 sed
1879 846 1921 880 in
1941 848 2047 882 omni
2063 848 2184 884 verbo

1230 899 1336 948 quod
1346 899 1541 949 egreditur
1557 915 1627 952 per
1645 915 1686 940 os
1700 903 1796 940 Dei:
1821 904 1954 955 optime
1975 905 2020 944 de
2037 907 2094 945 his
2113 916 2183 946 sta-

2307 802 2333 841 s4
2352 804 2384 839 κ..

1180 955 1206 988 C
1230 960 1351 1009 tueris,
1365 969 1398 998 et
1419 961 1511 1013 parti
1528 976 1608 1012 quae
1621 963 1724 1001 nobis
1743 964 1858 1016 magis
1877 975 1929 1003 est
1942 968 2102 1019 propria,
2126 983 2182 1007 re-

1228 1029 1282 1058 ete
1296 1021 1533 1074 prospexeris.
1545 1023 1646 1061 Sicut
1656 1023 1768 1074 igitur
1779 1026 1920 1078 corpori
1935 1028 2033 1066 varia
2048 1030 2187 1081 praebes

1229 1082 1450 1132 indumenta,
1469 1092 1503 1121 ct
1520 1084 1693 1124 rationem
1707 1085 1818 1124 habes
1837 1088 1920 1125 anni
1937 1097 2188 1142 tempestatum

1230 1143 1266 1181 in
1288 1144 1442 1182 vestium
1462 1145 1669 1185 diversitate
1689 1161 1698 1184 t
1717 1147 1883 1186 similiter
1899 1163 2013 1201 neque
2030 1151 2188 1190 animam
2201 1162 2390 1200 Animaquo-

1230 1203 1419 1257 despicito,
1434 1214 1531 1244 utne
1548 1206 1645 1245 nuda
1665 1208 1768 1246 bonis
1781 1209 1949 1261 operibus
1963 1211 2185 1264 obambulet,
2202 1205 2303 1272 [2212
2339 1215 2393 1230 ⁶¹¹·

1232 1265 1293 1303 sed
1308 1265 1518 1305 decentibus
1544 1267 1645 1306 illam
1659 1269 1818 1308 vestibus
1831 1270 1940 1310 indue
1953 1273 2094 1323 ;statim
2109 1288 2187 1313 eam

1232 1327 1416 1378 reparabis
1445 1337 1479 1366 et
1507 1328 1553 1367 ad
1582 1331 1781 1369 naturalem
1809 1332 1997 1371 sanitatem
2026 1335 2185 1375 reduces.

1234 1386 1282 1425 Et
1296 1402 1374 1439 quae
1393 1397 1476 1426 sunt
1491 1389 1617 1428 animae
1637 1391 1845 1431 indumenta
1862 1393 1880 1431 Ξ)
1900 1394 2137 1449 Eleemosyna
2157 1406 2192 1436 et

1234 1449 1380 1501 largitas
1394 1451 1430 1488 in
1442 1465 1614 1504 pauperes
1633 1469 1641 1490 :
1657 1453 1726 1492 hoc
1737 1454 1832 1492 enim
1845 1456 2046 1496 maximum
2065 1457 2192 1496 animae

1234 1511 1488 1550 vestimentum
1519 1523 1585 1565 est,
1610 1514 1679 1553 hoc
1702 1516 1934 1568 splendidum
1955 1518 2054 1557 illius
2083 1519 2192 1557 indu-

1235 1581 1407 1610 mentum.
1430 1573 1470 1611 Si
1487 1584 1608 1613 autem
1619 1576 1674 1615 vis
1690 1590 1760 1615 non
1775 1577 1890 1617 solum
1909 1579 2119 1618 vestimenta
2135 1595 2194 1633 pa-

1234 1648 1325 1684 rare,
1345 1634 1410 1673 sed
1425 1635 1525 1673 illam
1541 1649 1668 1684 ornare
1684 1637 1804 1687 etiam,
1827 1638 1919 1678 sicut
1936 1655 2064 1693 corpus
2084 1642 2195 1693 soles,

1233 1709 1373 1748 appone
1410 1695 1632 1748 adjutorium
1659 1698 1756 1749 quod
1786 1712 1831 1738 cx
1863 1700 2029 1752 precibus
2059 1712 2125 1753 est,
2160 1713 2195 1742 et

1233 1765 1461 1808 peccatorum
1483 1758 1752 1806 consessionem,
1774 1769 1809 1798 et
1826 1762 2004 1800 continuis
2022 1763 2192 1816 lacrymis

1232 1817 1360 1855 faciem
1378 1826 1477 1856 tuam
1498 1817 1623 1856 lavare
1642 1832 1685 1857 ne
1708 1833 1833 1858 cesses.
1849 1822 1941 1859 Nam
1958 1823 2049 1860 sicut
2066 1823 2193 1862 faciem

1233 1878 1392 1929 corporis
1410 1878 1463 1916 tui
1480 1878 1641 1929 quotidie
1654 1892 1737 1918 cum
1753 1881 1850 1919 omni
1872 1882 2114 1923 sollicitudine
2127 1885 2192 1923 ab·

1231 1938 1317 1987 luis,
1338 1952 1380 1977 ne
1402 1953 1472 1990 qua
1492 1940 1581 1977 sorte
1599 1941 1739 1979 macula
1754 1942 1858 1981 faciei
1879 1943 2056 1982 inhaerens
2074 1945 2192 1984 desor-

1232 2012 1326 2036 mem
1347 1999 1447 2037 illam
1474 1999 1626 2038 reddat:
1654 2001 1705 2040 sic
1732 2011 1766 2041 et
1794 2003 1921 2042 animae
1953 2019 2076 2043 curam
2101 2006 2193 2045 habe

1231 2060 1382 2099 fervidis
1394 2061 1555 2111 quotidie
1566 2062 1736 2115 lacrymis
1750 2078 1827 2102 eam
1838 2065 1999 2105 abluens.
2010 2066 2085 2105 Hac
2096 2068 2191 2105 enim

1230 2135 1322 2172 aqua
1343 2122 1494 2160 maculis
1510 2123 1683 2176 depositis
1696 2154 1708 2175 ‚
1729 2126 1806 2177 ejus
1831 2126 1938 2165 facies
1965 2128 2191 2180 splendidior

1229 2182 1362 2220 evadit.
1379 2183 1427 2221 Et
1440 2184 1524 2235 quia
1543 2184 1709 2223 mulieres
1723 2186 1901 2238 pleraeque
1916 2188 1962 2226 ob
1985 2189 2189 2235 mollitiem,

1229 2244 1467 2296 apostolicum
1482 2245 1696 2285 mandatum
1710 2256 1985 2299 contemnentes,
2003 2265 2075 2301 quo
2084 2252 2188 2304 jube-

1230 2313 1290 2343 tur
1310 2307 1370 2344 Ne
1390 2309 1432 2344 in
1450 2310 1561 2346 tortis
1579 2311 1764 2356 crinibus,
1786 2320 1853 2348 αιιι
1872 2325 1982 2359 aum,
2000 2314 2070 2351 vel
2084 2328 2187 2352 mar·
2205 2337 2229 2359 ι,
2263 2331 2339 2358 Tim.
2347 2340 2377 2360 2.

1229 2369 1369 2418 garitis
1380 2397 1391 2414 ‚
1412 2369 1480 2406 vel
1502 2378 1611 2407 veste
1632 2379 1830 2410 sumtuosa
1847 2386 1884 2411 se
1899 2383 2036 2420 ornent,
2058 2389 2186 2428 magno
2199 2380 2230 2408 9-

1231 2427 1299 2466 hoc
1316 2428 1408 2467 luxu
1434 2429 1593 2479 faciunt;
1614 2444 1728 2482 neque
1752 2433 1920 2472 mulieres
1943 2444 2096 2486 tantum,
2123 2438 2185 2475 sed

1230 2498 1264 2527 et
1283 2488 1354 2527 viri
1372 2489 1524 2540 quilibet
1544 2491 1669 2530 molles
1684 2492 1820 2532 vilibus
1839 2495 2061 2536 mulierculis
2076 2498 2183 2536 simi—

1231 2549 1280 2588 les
1293 2550 1400 2597 fiunt,
1422 2551 1573 2589 annulos
1587 2551 1711 2604 digitis
1731 2563 1880 2605 gestant,
1897 2565 1930 2593 et
1948 2558 2086 2610 magnis
2103 2573 2182 2610 gra-

1229 2611 1408 2662 vibusque
1426 2611 1608 2663 lapidibus
1627 2626 1664 2650 se
1682 2624 1823 2663 ornant,
1841 2615 1886 2653 de
1904 2616 2035 2667 quihus
2054 2619 2182 2668 erube-

1227 2687 1324 2711 scere
1337 2681 1534 2725 oporteret:
1555 2681 1588 2710 et
1604 2673 1675 2711 illae
1692 2688 1777 2726 ergo
1792 2685 1826 2713 et
1844 2676 1898 2726 hi,
1920 2678 1949 2715 si
1973 2679 2061 2717 meis
2076 2694 2181 2732 pare-

1228 2743 1305 2772 rent
1321 2733 1556 2783 sermonibus,
1575 2747 1680 2771 aurea
1694 2734 1784 2784 haec,
1805 2750 1883 2787 quae
1895 2747 1929 2775 et
1943 2738 2031 2777 viris
2048 2749 2082 2778 et
2102 2755 2179 2778 mu·

1227 2794 1377 2832 lieribus
1392 2793 1562 2831 damnosa
1574 2802 1669 2841 sunt,
1686 2795 1721 2832 in
1735 2806 1901 2836 ornatum
1915 2800 2043 2838 animae
2063 2809 2179 2840 trans-

1228 2857 1370 2903 ferrent,
1391 2864 1424 2892 et
1440 2854 1517 2892 istis
1534 2854 1633 2893 illam
1647 2855 1872 2896 adornarent.
1886 2861 1978 2898 Nam
1995 2862 2088 2900 sicut
2102 2877 2179 2902 cor—

130 2908 168 2947 δὲ
202 2909 326 2960 μόνον,
354 2911 444 2948 ἀλλὰ
474 2910 534 2948 καὶ
569 2912 701 2962 ἀνδρῶν
738 2911 813 2952 ὅσοι
846 2914 1057 2964 βλακώδεις,
1091 2916 1151 2954 καὶ
1164 2940 1212 2964 ,92
1228 2917 1306 2969 pori
1322 2916 1585 2968 circumposita,
1602 2916 1738 2955 etiamsi
1763 2917 1960 2960 formosum
1978 2922 2037 2970 sit,
2057 2923 2176 2976 ipsum

129 2970 216 3021 πρὸς
247 2970 310 3017 τὴν
350 2973 418 3008 τῶν
454 2974 626 3022 γυναικῶν
657 2972 830 3011 εὐτέλειαν
867 2975 1006 3019 ἑαυτοὺς
1043 2977 1151 3015 κατά-
1175 2977 1201 3005 A
1224 2976 1632 3016 deformcreddunt:ita
1647 2978 1676 3016 si
1696 2979 1822 3018 animae
1841 2981 2173 3037 circumponantur‚

130 3044 227 3080 γουσι
261 3030 461 3075 δακτυλίους
483 3031 780 3084 περιτιθέμενοι,
817 3036 876 3074 καὶ
921 3038 972 3088 τῷ
1014 3036 1152 3087 μεγέθει

129 3090 190 3128 καὶ
206 3094 208 3096 ’
227 3094 276 3145 τῷ
303 3091 400 3143 ὄγκῳ
433 3095 502 3130 τῶν
543 3092 648 3131 λίθων
676 3097 995 3147 καλλωπιζόμενοι,
1030 3099 1081 3150 ἐφ’
1104 3093 1154 3142 οἶς

129 3152 352 3203 αἰσχύνεσθαι
397 3153 456 3191 καὶ
499 3154 774 3206 ἐγκαλύπτεσθαι
809 3159 932 3209 ε’χρῆν·
965 3159 1024 3197 καὶ
1059 3153 1152 3198 οὗτοι

130 3212 241 3251 τοίνυν
258 3215 415 3253 κάκεῖναι
443 3217 471 3254 εἰ
492 3218 560 3254 τῶν
588 3217 766 3270 ἡμετέρων
790 3219 996 3270 ἀνάσχοιντο
1021 3220 1151 3273 λόγων,

174 3362 187 3376 ·
205 3353 306 3388 §.uit
323 3363 356 3387 et
370 3357 504 3399 quidam
521 3360 595 3392 Mss.
612 3364 824 3405 διανοούμενος.
843 3370 889 3398 καὶ
906 3370 929 3398 εἰ
946 3370 1033 3400 τοῦτο
1047 3374 1188 3406 ποιήσεις,
1208 3370 1254 3399 καὶ
1272 3369 1369 3407 ὥσπερ

289 3430 382 3454 ΤΟΜ.
415 3433 467 3458 tv.

1225 3039 1332 3077 etiam
1361 3038 1511 3076 deformi
1537 3052 1712 3077 summam
1742 3041 2051 3092 pulchritudinem
2068 3047 2176 3084 affer-

1226 3107 1314 3138 rent.
1330 3097 1376 3135 Et
1395 3097 1586 3148 quomodo,
1600 3097 1709 3148 dices,
1724 3110 1871 3151 possunt
1882 3102 2009 3141 animae
2023 3104 2175 3143 circum-

1226 3160 1308 3212 poni
1328 3159 1600 3197 aureaZ‘lterum
1618 3159 1712 3208 dico,
1728 3175 1793 3213 per
1813 3177 1940 3201 manus
1963 3179 2172 3218 pauperum.

1227 3221 1281 3259 llli
1303 3220 1396 3258 enim
1416 3218 1648 3270 accipientes,
1670 3221 1860 3261 formosam
1883 3223 1982 3261 illam
2002 3225 2172 3264 reddunt.

1393 3373 1434 3408 τῷ
1452 3372 1578 3407 σώματι.
