2516 3791
701 257 739 286 tn
783 256 884 286 CAV.
926 256 1018 285 Nix.
1059 254 1219 284 Gtzxtis.

120 341 154 387 ἐξ
185 343 297 380 αὐτῶν
328 340 444 384 ἔσται,
480 337 537 376 καὶ
573 341 620 381 εἰς
653 340 783 383 πλῆθος
813 337 1041 384 ἐκταθήσεται
1076 340 1144 375 τῶν

119 401 310 453 τεχθέντων
328 401 366 438 τὸ
384 400 494 451 γένος.
517 398 562 437 ‘O
578 400 641 450 μὲν
660 400 729 451 γὰρ
742 427 750 443 ,
771 399 888 451 φησὶν,
911 400 1008 437 ἔσται
1028 397 1144 449 πατὴρ

123 462 336 508 Μωαὸιτῶν,
355 465 373 500 ὁ
391 462 425 500 δὲ
439 489 448 506 ,
465 460 583 512 πατὴρ
598 460 832 511 Ἀμμανιτῶν.

171 583 274 622 Ἀλλὰ
291 583 369 621 τότε
390 582 469 633 μὲν,
488 581 608 628 ἐπειδὴ
626 581 720 633 ἀρχὴ
742 582 800 619 καὶ
820 581 988 633 προοίμια
1009 574 1064 626 ῆν,
1083 580 1142 617 καὶ

117 643 174 682 διὰ
190 647 251 690 τῆς
267 647 326 682 τοῦ
343 644 461 694 γένους
480 644 646 694 διαδοχῆς
665 643 729 689 τὴν
747 642 889 692 μνήμην
904 645 1020 683 αὐτοῖς
1037 639 1135 678 ἐδού-

117 709 217 744 λοντο
238 708 497 756 διατηρεῖσθαι,
513 703 687 749 τοσαύτην
704 702 858 749 σπουδὴν
875 704 934 739 τοῦ
954 700 1087 739 δικαίου
1106 702 1141 737 αἱ

118 768 301 819 θυγατέρες
330 766 557 812 ἐποιήσαντο·
577 764 649 802 νυνὶ
673 764 730 811 δὲ,
760 763 880 809 ἐπειδὴ
913 761 969 800 διὰ
997 761 1060 807 τὴν
1080 765 1140 798 τοῦ

117 832 209 866 Θεοῦ
229 828 332 884 χάριν
356 825 399 864 τὰ
426 828 487 871 τῆς
518 825 696 868 εὖσεὸείας
729 823 916 862 ἐπιδέδωκε
932 853 940 867 ‚
961 822 1019 860 καὶ
1050 821 1141 859 κατὰ

118 889 174 927 τὸν
194 888 365 939 μακάριον
385 887 539 931 Παῦλον,
560 885 719 937 Παράγει
736 885 857 923 λοιπὸν
876 883 913 921 τὸ
932 885 1056 934 σχῆμα
1081 887 1141 921 τοῦ

115 949 246 1000 κόσμου
268 947 410 992 τούτου,
429 946 492 994 τὴν
513 946 569 984 διὰ
580 949 642 993 τῆς
661 948 730 984 τῶν
751 947 891 997 ἀγαθῶν
908 945 1066 997 πράξεως
1082 944 1141 997 ἔρ-

113 1026 181 1062 γων
202 1010 345 1060 μνήμην
367 1011 501 1051 ἑαυτοῖς
528 1007 851 1058 καταλιμπάνωμεν
865 1035 874 1053 ,
890 1007 945 1044 ἵνα
971 1006 1030 1044 καὶ
1054 1006 1142 1057 μετὰ

111 1071 174 1117 τὴν
194 1071 348 1108 ἐντεῦθεν
370 1068 599 1120 μετάστασιν,
620 1071 641 1115 ἡ
662 1072 724 1115 τῆς
743 1068 890 1120 ἀρίστης
917 1070 1018 1118 ἡμῶν
1038 1069 1141 1106 πολι-

111 1132 204 1175 τείας
222 1131 384 1183 ἀκρίῧεια
411 1130 606 1181 ὑπόμνησις
617 1130 676 1168 καὶ
692 1129 899 1168 διδασκαλία
915 1130 1058 1181 γένηται
1073 1136 1143 1174 τοῖς

113 1195 160 1236 εἷς
183 1196 278 1243 ἡμᾶς
296 1195 435 1244 ὁρῶσιν.
458 1193 505 1229 Οἱ
523 1191 591 1243 γὰρ
613 1191 786 1242 ἐνάρετοι,
810 1191 868 1229 καὶ
903 1191 959 1229 τὸν
982 1191 1143 1243 σώφρονα

113 1254 186 1305 βίον
215 1253 411 1304 μετιόντες,
431 1254 493 1290 οὐκ
512 1255 546 1291 ἐν
572 1256 615 1304 τῆ
642 1254 713 1303 ζωῇ
742 1251 853 1303 ταύτῃ
877 1251 980 1302 μόνον
1007 1252 1142 1303 τυγχά-

112 1330 225 1357 νοντες
244 1313 288 1352 τὰ
308 1313 458 1365 μέγιστα
491 1313 569 1356 τοὺς
596 1315 643 1356 εἰς
676 1311 800 1356 αὐτοὺς
821 1316 974 1364 ὁρῶντας
995 1313 1142 1364 ὠφελεῖν

112 1377 294 1422 δύνανται,
316 1374 407 1413 ἀλλὰ
421 1375 479 1412 καὶ
506 1375 595 1424 μετὰ
617 1375 680 1421 τὴν
700 1379 760 1412 τοῦ
782 1375 856 1426 βίου
885 1375 1051 1426 πάροδον.
1073 1376 1142 1413 Καὶ

110 1436 167 1474 ἰ’να
183 1436 315 1487 μάθῃς,
335 1435 400 1487 ὅρα
415 1450 474 1486 μοι
494 1435 600 1478 πόσος
620 1437 708 1473 ἐτῶν
731 1436 874 1487 ἀριθμὸς
902 1437 1059 1488 παρῆλθε
1077 1436 1142 1486 μέ-

1155 1471 1202 1498 455

2080 239 2167 285 ‘3:2¹5

1260 252 1417 283 ΙΙΟΜΙΙΗ
1456 253 1580 282 XMV.

1217 337 1352 373 futuras
1373 350 1460 384 esse,
1491 345 1523 373 et
1551 334 1586 372 in
1610 333 1877 371 multitudinem
1902 348 1937 370 se
1957 344 2170 385 propagatu-

1217 411 1296 434 rum
1313 405 1474 434 natorum
1503 409 1625 445 genus.
1652 395 1745 432 Nam
1769 394 1829 431 ille
1855 393 2015 444 quidem,
2044 395 2170 444 iuquit,

1217 467 1315 508 pater
1345 457 1410 495 erit
1442 456 1699 504 Moabitarum,
1736 455 1801 492 iste
1831 463 1947 492 autem
1983 456 2172 493 Ammani-

1219 528 1348 555 tarum.

1268 581 1304 616 (i.
1325 580 1464 618 Verum
1485 588 1568 617 tunc
1584 577 1744 629 quidem,
1765 578 1934 630 quoniam
1946 578 2046 629 origo
2056 588 2089 616 et
2105 579 2172 616 ini-

1215 638 1261 675 tia
1283 648 1396 685 erant,
1414 648 1445 675 ct
1458 654 1520 691 per
1536 639 1672 689 generis
1692 640 1947 677 successionem
1964 639 2170 677 memoriam

1215 713 1317 737 suam
1335 699 1501 737 volebant
1522 714 1741 746 conservare,
1761 710 1894 737 tantum
1916 701 1994 751 ejus
2022 701 2069 737 rei
2091 710 2170 737 stu—-

1214 759 1314 797 dium
1330 760 1398 798 suit
1416 760 1506 811 justi
1529 761 1694 798 filiabus:
1722 775 1816 798 nunc
1846 770 1964 797 autem
1993 761 2075 811 quia
2109 775 2300 814 permosdi,5
2324 790 2370 806 cx-

1215 821 1367 871 gratiam
1388 821 1454 859 Dei
1483 821 1610 871 religio
1640 822 1773 872 majora
1795 821 1922 857 sumsit
1946 822 2169 871 incrementa,
2184 821 2320 847 ¹¹‘''‘'³¹5⁰·

1214 891 1246 919 et
1266 882 1461 920 secundum
1483 882 1625 920 beatum
1656 881 1820 931 Paulum,
1841 884 2017 920 J’raeteriz
2034 885 2171 935 figura
2190 905 2196 922 t
2236 895 2341 932 (0127.

1215 945 1351 982 mundi
1376 945 1504 996 hujus,
1539 957 1645 996 opera
1674 943 1766 980 bona
1794 942 1932 993 agendo
1958 944 2168 982 memoriam
2187 936 2234 963 3¹·

1216 1005 1326 1043 nostri
1341 1005 1606 1057 relinquamus:
1624 1014 1661 1042 ut
1683 1019 1763 1042 cum
1779 1003 1863 1041 hinc
1885 1004 2019 1056 migr-ax
2028 1006 2172 1053 erimus,

1217 1066 1296 1105 vitae
1314 1076 1442 1105 nostrae
1461 1067 1614 1119 diligens
1630 1075 1663 1104 et
1682 1074 1846 1103 accurata
1863 1065 1952 1103 ratio
1990 1067 2034 1103 sit
2055 1067 2172 1104 moni-

1216 1137 1374 1166 mentum
1393 1138 1425 1166 et
1450 1128 1612 1166 doctrina
1635 1127 1802 1166 omnibus
1825 1126 1886 1177 qui
1914 1127 1949 1164 in
1974 1141 2037 1165 nos
2068 1130 2174 1180 respi-

1217 1189 1319 1227 cient.
1345 1191 1437 1228 Nam
1451 1190 1513 1241 qui
1536 1189 1668 1228 virtute
1698 1188 1838 1241 praediti
1866 1197 1959 1235 sunt,
1990 1197 2024 1226 et
2043 1199 2174 1227 castam

1216 1251 1327 1289 vitam
1347 1251 1496 1300 ducunt,
1525 1265 1593 1289 non
1622 1250 1737 1288 solum
1756 1249 1790 1287 in
1818 1249 1884 1286 hac
1904 1250 1975 1287 vita
1997 1249 2174 1301 degentes,

1216 1311 1276 1350 sed
1301 1322 1334 1350 et
1368 1322 1448 1365 post
1484 1313 1563 1351 vita:
1595 1313 1748 1360 exitum,
1778 1311 1976 1363 plurimum
2012 1312 2175 1364 prodesse

1214 1381 1381 1425 poterunt
1415 1373 1459 1413 iis
1493 1373 1605 1424 quiin
1631 1386 1668 1411 se
1696 1371 1923 1424 respexerint.
1964 1372 2009 1410 Et
2036 1382 2074 1410 ut
2107 1374 2173 1412 hoc

1215 1432 1344 1483 discas,
1367 1433 1449 1472 vide
1471 1434 1629 1483 obsecro,
1657 1441 1811 1484 quantus
1844 1447 2016 1471 annorum
2045 1449 2165 1472 nume-

110 1513 169 1549 χρι
189 1500 250 1543 τῆς
270 1497 439 1548 σήμερον,
461 1495 521 1534 καὶ
537 1495 658 1539 ὁσάκις
679 1495 719 1533 ἂν
741 1496 994 1548 βουληθείημεν
1015 1498 1064 1540 εἷς
1083 1496 1142 1534 τὸν
1167 1510 1190 1538 Α
1216 1508 1276 1532 rus
1292 1494 1432 1533 transiit
1448 1508 1562 1546 usque
1578 1494 1613 1532 in
1629 1493 1845 1532 hodiernum
1859 1493 1968 1544 diem,
1983 1509 2023 1533 ac
2037 1495 2173 1546 quoties

111 1560 173 1604 τῆς
193 1557 420 1611 σωφροσύνης
449 1556 552 1603 ζῆλόν
571 1573 667 1600 τινας
694 1556 843 1608 ἐνάγειν,
861 1556 920 1594 τὸν
943 1556 1075 1609 Ἰωσὴφ
1096 1559 1143 1601 εἷς

113 1619 218 1669 μέσον
253 1620 394 1670 ἄγοντες
410 1649 420 1666 ‚
439 1619 497 1657 τὸν
515 1619 631 1664 εὐειδῆ
648 1647 657 1663 ,
677 1617 736 1656 τὸν
753 1619 872 1665 καλὸν,
891 1618 949 1656 τὸν
969 1618 1056 1667 νέον,
1084 1618 1142 1657 τὸν

111 1682 146 1718 ἐν
166 1681 255 1731 αὐτῆ
276 1683 319 1731 τῇ
337 1682 435 1730 ἀκμῇ
456 1682 519 1725 τῆς
534 1679 673 1725 ἡλικίας
688 1679 862 1726 τοσαύτην
883 1679 1043 1731 ἀνδρείαν
1062 1680 1142 1731 περὶ

111 1741 174 1787 τὴν
195 1740 421 1793 σωφροσύνην
437 1740 712 1791 ἐπιδειξάμενον,
731 1740 824 1778 οὕτω
843 1740 928 1791 πρὸς
944 1739 1008 1786 τὴν
1031 1739 1141 1791 μίμη-

118 1819 172 1840 σιν
190 1805 250 1840 τοῧ
283 1802 416 1840 δικαίου
440 1801 520 1845 τοὺς
538 1802 726 1845 ἀκούοντας
747 1801 926 1853 διεγείρειν
947 1802 1140 1847 σπουδάζο·

118 1881 194 1914 μεν.
215 1863 280 1906 Τίς
298 1863 366 1915 γὰρ
383 1863 437 1908 ἂν,
464 1864 541 1901 εἰπέ
561 1879 640 1914 μοι,
661 1866 737 1901 κατ’
759 1863 857 1907 ἀξίαν
874 1864 1064 1914 θαυμάσειε
1084 1864 1140 1903 τὸν

112 1924 286 1976 μακάριον
313 1928 447 1972 τοῦτον,
476 1923 530 1962 ὅτι
555 1925 589 1961 ἐν
621 1923 759 1976 δουλείᾳ
785 1924 986 1976 τυγχάνων,
1013 1926 1071 1963 καὶ
1105 1927 1141 1964 ἐν

113 1987 208 2036 αὐτῷ
228 1987 277 2036 τῷ
298 1985 392 2023 ἄνθει
412 1987 473 2031 τῆς
491 1984 630 2031 ἡλικίας
642 2014 652 2031 ,
670 1985 726 2023 ὅτε
743 1985 800 2022 καὶ
824 1985 979 2035 μάλιστα
996 1990 1018 2033 ἡ
1039 1987 1140 2038 κάμι-

111 2061 164 2088 νος
198 2045 256 2082 ἐπὶ
288 2045 392 2084 πλέον
416 2044 604 2089 ἐξάπτεται
632 2047 701 2082 τῶν
728 2047 934 2096 ἐπιθυμιῶν,
958 2049 1046 2098 δρῶν
1076 2047 1140 2094 τὴν

112 2108 217 2144 αὐτοῦ
239 2105 423 2144 δέσποιναν
448 2107 679 2152 ἐπιπηδῶσαν
704 2108 800 2158 αὐτῷ
827 2106 886 2144 καὶ
905 2108 1138 2159 ἐπιμαινομέ-

109 2183 184 2215 νην,
204 2167 376 2215 τοσαύτην
391 2167 591 2211 ἐπεδείξατο
606 2167 670 2214 τὴν
692 2168 864 2219 ἀνδρείαν,
881 2169 940 2206 καὶ
953 2169 1044 2207 οὕτω
1055 2170 1139 2222 πρὸς

109 2228 187 2272 τοὺς
208 2231 270 2274 τῆς
291 2229 516 2281 σωφροσύνης
528 2231 665 2279 ἀγῶνας
679 2229 897 2277 ἀπεδύσατο,
911 2232 959 2273 ὡς
974 2233 1036 2276 τῆς
1057 2233 1140 2269 ἀκο-

108 2288 236 2327 λάστου
255 2288 416 2340 γυναικὸς
430 2288 563 2336 ἐκείνης
574 2290 704 2340 γυμνὸς
721 2289 784 2340 μὲν
797 2292 866 2327 τῶν
887 2290 1036 2340 ἱματίων
1053 2293 1139 2330 ἀπο-

107 2350 334 2398 πηδῆσαι,τὸ
345 2351 381 2388 δὲ
398 2352 461 2396 τῆς
475 2349 702 2402 σωφροσύνης
718 2350 849 2402 ἔνδυμα
866 2351 1137 2404 περιδαλέσθαι,

108 2411 178 2449 Καὶ
205 2405 247 2458 ῆν
277 2412 360 2448 ἰδεῖν
376 2417 525 2463 πρᾶγμα
555 2410 673 2448 καινὸν
705 2411 764 2449 καὶ
783 2411 991 2464 παράδοξον,
1022 2414 1136 2466 ἀρνίον

108 2477 182 2515 ταῖς
202 2475 262 2510 τοῦ
289 2472 393 2511 λύκου
419 2472 538 2524 χερσὶν
564 2472 730 2522 ἐμπεσὸν,
749 2474 880 2523 μᾶλλον
899 2474 934 2512 δὲ
951 2477 1012 2521 τῆς
1036 2476 1136 2513 λεαί-

108 2549 168 2579 νης
181 2564 189 2581 ,
203 2533 261 2571 καὶ
276 2534 490 2579 διασωθῆναι
508 2532 663 2579 δυνηθὲν,
683 2533 742 2571 καὶ
758 2533 916 2586 καθάπερ
929 2536 1136 2589 περιστερὰν

108 2597 167 2632 τοῦ
197 2593 334 2647 ἱέρακος
356 2595 591 2646 διαφυγοῦσαν
621 2594 686 2641 τὴν
720 2594 868 2645 βλάὸην,
901 2595 992 2633 οὕτω
1010 2597 1069 2635 τὸν
1089 2596 1137 2634 δί-

110 2671 206 2693 καιον
235 2658 304 2693 τῶν
322 2655 479 2702 θέκείνης
509 2655 745 2707 διαρπαγέντα
779 2658 919 2708 χειρῶν.
946 2659 1028 2709 Οὐχ
1046 2658 1137 2696 οὕτω

109 2717 310 2766 θαυμαστὸν
331 2710 421 2754 εἷναί
436 2732 495 2767 μοι
512 2717 606 2754 δοκεῖ
627 2716 666 2755 τὸ
685 2716 764 2760 τοὺς
784 2723 876 2769 τρεῖς
895 2718 1022 2761 παῖδας
1042 2719 1135 2756 ἐκεί-

109 2793 185 2820 νους
206 2779 240 2814 ἐν
257 2777 348 2829 μέσῃ
364 2780 407 2828 τῆ
424 2777 562 2830 καμίνῳ
576 2781 618 2828 τῆ
637 2779 846 2831 Βαὸυλωνίᾳ
861 2779 974 2830 ἐκείνῃ
988 2783 1047 2817 τοῦ
1064 2796 1132 2818 πυ-

112 2838 166 2889 ρὸς
190 2838 381 2889 ἀνωτέρους
397 2839 575 2889 γενέσθαι,
592 2839 650 2876 καὶ
675 2839 783 2890 μηδὲν
803 2840 907 2878 πλέον
926 2839 970 2878 τὰ
985 2840 1134 2892 σώματα

111 2900 223 2936 αὐτῶν
240 2902 379 2945 παθεῖν,
399 2901 446 2943 ὡς
465 2900 665 2950 θαυμαστὸν
685 2901 744 2938 καὶ
767 2901 977 2953 παράδοξον,
997 2902 1054 2940 τὸν
1082 2903 1133 2940 δί-

110 2976 206 2998 καιον
222 2963 342 2998 τοῦτον
359 2963 406 3003 εἰς
425 2960 488 3007 τὴν
506 2960 652 3011 κάμινον
668 2962 796 3010 ταύτην
808 2963 871 3010 τὴν
885 2965 947 3009 τῆς
963 2964 1134 3003 Boreum-

111 3021 183 3065 νίας
197 3021 448 3075 χαλεπωτέραν
464 3023 721 3071 ἐμπεπτωκότα
732 3053 742 3070 ,
763 3024 826 3070 τὴν
842 3025 1024 3076 ἀσέλγειαν
1042 3025 1134 3077 λέγω

112 3084 173 3126 τῆς
208 3082 423 3133 Αἰγυπτίας,
457 3082 633 3134 ἀνέπαφον
665 3084 863 3135 διαμεῖναι,
891 3086 950 3124 καὶ
984 3087 1134 3138 καθαρὸν

111 3146 172 3188 τῆς
189 3143 413 3195 σωφροσύνης
429 3143 468 3181 τὸ
482 3143 612 3194 ἔνδυμα
627 3145 889 3196 διατηρήσαντα
899 3176 909 3193 ,
923 3146 1031 3191 οὕτως
1045 3148 1133 3192 ἐξελ-

113 3206 195 3241 θεῖν.
220 3203 289 3241 Καὶ
319 3202 367 3253 μὴ
402 3203 603 3255 θαυμάσῃς,
630 3205 810 3256 ἀγαπητέ·
835 3207 955 3254 ἐπειδὴ
992 3208 1059 3261 γὰρ
1090 3208 1134 3246 τὰ

114 3266 196 3315 παρ’
218 3266 340 3302 ἑαυτοῦ
370 3265 581 3317 εἰσήνεγκεν,
603 3259 676 3318 εἶχε
697 3267 755 3304 καὶ
784 3267 847 3314 τὴν
867 3268 996 3307 ἄνωθεν
1024 3269 1134 3320 ῥοπὴν

113 3325 208 3376 αὐτῷ
228 3328 492 3376 συμπαροῦσαν,
510 3326 569 3364 καὶ
587 3327 651 3373 τὴν
666 3327 778 3379 πυρὰν
797 3328 930 3374 ἐκείνην
945 3330 1134 3368 κατασὸεν-

1216 1555 1383 1594 volumus
1390 1555 1528 1608 aliquos
1548 1555 1583 1593 in
1591 1555 1852 1593 aemulationem
1862 1555 2085 1594 continentiae
2094 1572 2174 1609 pro-

1217 1630 1357 1665 vocare,
1373 1617 1506 1670 Joseph
1519 1617 1554 1655 in
1575 1616 1736 1655 medium
1760 1617 1942 1655 asserimus
1956 1618 2170 1669 speciosum,

1216 1678 1427 1728 formosum,
1457 1678 1728 1725 adolescentem,
1762 1677 1795 1715 in
1833 1677 1909 1729 ipso
1947 1678 2058 1715 :matis
2088 1679 2174 1716 flore

1216 1747 1351 1777 tantam
1368 1738 1540 1777 castitatis
1560 1738 1793 1776 constantiam
1822 1752 1895 1790 prm
1924 1752 1960 1775 se
1985 1738 2168 1777 serentem:

1215 1808 1248 1838 et
1269 1799 1319 1838 sic
1333 1799 1377 1838 ad
1396 1799 1631 1838 imitationem
1651 1800 1739 1852 justi
1768 1799 1878 1851 hujus
1893 1799 2071 1838 auditores
2091 1816 2173 1853 pro-

1215 1875 1343 1900 vocare
1370 1861 1570 1899 studemus.
1598 1861 1689 1907 Quis
1713 1861 1805 1898 enim
1837 1874 1905 1898 non
1934 1861 2171 1901 admiraretur

1213 1923 1358 1961 beatum
1376 1923 1493 1971 illum,
1515 1923 1577 1974 qui
1609 1922 1644 1960 in
1673 1923 1843 1961 scr-vitute
1869 1923 2054 1971 exsistens,
2076 1934 2109 1962 et
2135 1925 2169 1962 in

1215 1984 1292 2036 ipso
1311 1985 1399 2022 flore
1423 1984 1550 2034 aetatiS,
1578 1983 1720 2034 quando
1747 1983 1902 2021 maxime
1927 1984 2055 2022 fornax
2091 1999 2171 2023 con-

1214 2044 1515 2095 cupiscentiarum
1545 2042 1762 2091 accenditur,
1790 2056 1871 2079 cum
1897 2042 2033 2080 videret
2056 2043 2171 2083 domi-

1213 2117 1296 2141 nam
1327 2119 1426 2142 suam
1458 2103 1701 2151 invadentem,
1740 2111 1771 2140 et
1801 2102 2033 2141 insanientem
2054 2105 2089 2142 in
2121 2121 2168 2153 se,

1212 2173 1345 2202 tantam
1366 2164 1520 2203 ostendit
1540 2163 1798 2212 fortitudinem,
1820 2172 1853 2201 et
1870 2163 1916 2202 ita
1937 2163 1983 2201 ad
2002 2166 2171 2205 castitatis

1211 2238 1341 2277 agones
1359 2240 1395 2264 se
1414 2225 1586 2274 exercuit,
1603 2233 1641 2262 ut
1655 2223 1701 2261 ab
1732 2224 1986 2276 intemperante
2011 2225 2070 2262 illa
2094 2241 2172 2264 mu-v

1211 2285 1298 2324 liere
1313 2285 1431 2325 nudus
1457 2285 1605 2337 quidem
1635 2283 1793 2322 vestibus
1823 2285 2039 2336 profugeret,
2067 2289 2169 2325 casti-

1212 2346 1293 2384 tatis
1324 2356 1444 2385 autem
1468 2346 1718 2384 indumentum
1739 2346 1919 2384 servaret?
1957 2347 2169 2399 Licebatque

1211 2406 1334 2445 videre
1359 2421 1433 2445 rem
1460 2421 1589 2447 novam
1613 2416 1646 2445 et
1676 2406 1941 2457 admirabilem,
1968 2422 2100 2460 agnum
2133 2410 2168 2448 in

1211 2467 1301 2520 lupi,
1337 2468 1409 2506 imo
1441 2468 1560 2506 leaenae
1588 2482 1725 2520 ungues
1755 2468 1935 2517 incidisse,
1971 2479 2003 2507 et
2033 2471 2166 2508 servari

1210 2538 1325 2568 tamen
1356 2531 1514 2583 potuisse
1542 2549 1549 2570 :
1581 2540 1615 2569 et
1638 2531 1729 2568 sicut
1762 2530 1928 2568 columba
1949 2531 2078 2581 aquilae
2101 2533 2163 2569 da-

1210 2605 1334 2629 mnum
1346 2592 1487 2643 effugit,
1503 2591 1549 2629 ita
1566 2592 1724 2643 etjustus
1738 2591 1784 2628 ab
1796 2591 1893 2628 illius
1906 2591 2070 2629 manibus
2082 2606 2163 2630 eva-

1210 2651 1265 2689 sit.
1283 2653 1361 2689 Non
1384 2652 1435 2690 sic
1459 2651 1671 2689 admirabile
1694 2651 1784 2688 mihi
1810 2651 1950 2689 videtur
1977 2667 2062 2700 esse,
2095 2663 2162 2692 tres
2177 2662 2254 2688 Dan.
2276 2660 2303 2688 3.

1209 2726 1337 2764 pueros
1352 2713 1432 2750 illos·
1449 2713 1483 2750 in
1501 2711 1618 2750 medio
1634 2711 1862 2764 Babylonieae
1877 2712 2030 2750 fornacis
2044 2714 2160 2764 ignem

1209 2773 1348 2819 vicisse,
1382 2773 1504 2810 illaesis
1535 2786 1657 2810 eorum
1681 2771 1903 2824 corporibus,
1936 2782 1974 2810 ut
1999 2774 2162 2814 mirabile

1208 2842 1241 2870 et
1275 2848 1397 2871 rarum
1423 2842 1489 2882 est,
1513 2834 1652 2884 justum
1683 2832 1803 2881 istum,
1831 2833 1892 2883 qui
1922 2833 1956 2871 in
1983 2834 2158 2874 fornacem

1207 2893 1298 2931 lianc
1314 2894 1531 2946 Babylonica
1551 2893 1664 2930 multo
1692 2893 1904 2944 graviorem,
1939 2894 1973 2932 in
2006 2895 2157 2941 inconti-

1207 2954 1376 3003 nentiam,
1400 2955 1557 3005 inquam,
1579 2953 1759 3005 AEgyptiae
1779 2954 1971 3003 incidisset,
1987 2956 2158 2996 intactum
2169 2969 2292 2997 Cotum>
2307 2972 2355 2997 J..-

1206 3014 1619 3066 permansisse,puroque
1629 3014 2017 3054 castitatismdumento
2043 3032 2156 3056 serva·
2170 3012 2359 3079 Ψῐῆξῗηρῖξζζζ

1204 3083 1251 3123 to,
1264 3075 1405 3113 exiisse.
1424 3074 1520 3112 Etne
1531 3075 1684 3123 mireris,
1698 3074 1827 3113 dilecte
1842 3091 1850 3112 τ
1864 3077 1946 3127 quia
1956 3078 2154 3130 enimquud
2169 3104 2233 3121 sum
2264 3067 2355 3130 nar-„fl

1205 3149 1309 3173 suum
1344 3145 1416 3174 erat
1454 3135 1588 3186 attulit,
1618 3135 1743 3174 habuit
1776 3151 1967 3189 supernam
2004 3139 2154 3189 gratiam
2170 3135 2261 3161 ¹⁰⁰³*
2297 3135 2359 3161 Μ·

1205 3197 1384 3245 comitem,
1406 3211 1484 3247 quae
1507 3195 1710 3234 incendium
1740 3196 1832 3235 illud
1857 3199 2102 3249 restingueret,
2124 3188 2249 3237 etun*

1206 3264 1240 3301 in
1263 3263 1378 3301 media
1399 3264 1538 3301 fornace
1558 3277 1672 3302 rorem
1692 3264 1848 3317 Spiritus
1873 3265 1982 3305 daret.
2006 3266 2156 3304 Vidistis

1206 3330 1384 3381 quomodo
1405 3331 1472 3370 viri
1490 3331 1621 3370 virtute
1637 3331 1792 3385 przediti,
1814 3342 1846 3370 et
1867 3348 1946 3371 eum
1964 3334 2021 3371 hie
2039 3333 2156 3371 adhuc

161 3449 172 3462 ⁴
189 3437 242 3470 Sic
260 3437 359 3471 savit.
385 3447 417 3472 et
435 3451 491 3472 sex
515 3441 593 3475 Mss.
620 3441 661 3473 At
680 3439 783 3474 More!
814 3447 920 3483 ἐκείνης
947 3447 1120 3489 ἀποδράντα
1138 3459 1255 3489 χεερωι.
