2566 3791
179 2596 260 2623 Nihil
275 2595 340 2623 sru—

265 2648 342 2674 pusi-

153 2685 215 2705 tum
229 2681 256 2705 in
266 2681 343 2707 Seni-

152 2645 210 2664 sna

152 2728 237 2756 lrlssrd
251 2730 339 2748 sacra.

380 231 470 277 21ss

374 328 520 380 quidem
538 329 594 367 illi
613 329 759 377 ademit,
785 339 898 368 morte
916 340 1033 368 autem
1059 330 1267 368 damnatum
1288 329 1322 365 in

375 390 498 428 eodem
513 390 622 428 ferme
639 391 842 443 principatu
860 391 1016 440 reliquit,
1034 389 1173 428 Deinde
1191 402 1274 425 cum
1294 387 1323 424 is

373 450 436 501 qni
455 464 500 489 ex
532 450 594 489 illo
613 461 716 489 natus
734 460 808 488 erat
826 451 862 488 in
881 460 1015 488 tantam
1042 450 1206 501 prorupit
1228 448 1323 485 insa-

372 510 483 562 niam,
503 521 541 550 ut
561 513 696 564 primus
715 511 840 548 mortis
859 510 1012 562 speciem
1028 510 1222 559 inveheret,
1244 508 1321 547 vio-

799 247 836 277 S.
874 249 1052 279 JOANMS
1087 247 1328 279 cthSos'r.

1367 247 1571 276 ARCHIEP.

1608 245 1959 277 CONSTANTINOP-

1399 343 1482 378 ρησε
1498 357 1507 373 ,
1535 329 1673 381 Θανάτῳ
1693 328 1728 367 δὲ
1747 330 1984 372 καταδικάσας
2014 330 2071 367 ἐπὶ
2100 333 2161 377 τῆς
2182 332 2286 378 αὗτῆς
2305 334 2419 384 ἀρχῆς

1397 389 1519 438 σχεδὸν
1539 391 1670 441 ἀφῆκεν
1690 384 1792 428 εἶναι.
1815 385 1905 428 Ε’ἰτα
1925 390 2044 437 ἐπειδὴ
2064 393 2082 428 ὁ
2101 390 2137 434 ἐξ
2156 393 2259 430 αὐτοῦ
2284 393 2419 444 τεχθεὶς

1397 449 1444 491 εἷς
1460 449 1634 497 τοσαύτην
1660 450 1786 501 μανίαν
1809 450 1987 496 ἐξώκειλε,
2010 451 2070 489 καὶ
2094 453 2231 505 πρῶτος
2258 453 2298 490 τὸ
2329 448 2417 496 εἶδος

1394 513 1455 546 τοῦ
1469 509 1570 562 φόνου
1591 511 1790 563 εἰσήνεγκε,
1809 512 1868 550 καὶ
1887 512 1944 550 τὸν
1969 513 2195 563 βεὸιασμένον
2212 516 2340 552 ἐκεῖνον
2358 514 2417 552 θά-

371 572 500 610 lentam
518 573 619 610 illam
639 572 770 609 caedem
784 571 989 619 exhiberet,
1005 585 1046 608 ac
1061 569 1151 608 caedi
1166 570 1319 608 menda-
1346 581 1372 613 c
1394 586 1495 609 νατον
1511 572 1685 617 κατέδειξε
1697 603 1707 620 ,
1729 573 1788 610 καὶ
1809 572 1942 619 πολλὴν
1960 573 2157 617 ἐπεδείξατο
2178 574 2241 621 τὴν
2257 578 2415 626 ἀγνωμο-

371 633 467 671 cium
484 634 671 685 copulans,
699 646 867 684 magnam
890 631 1158 684 improbitatem
1177 646 1251 685 prae
1284 646 1320 670 se

368 695 487 742 ferret,
504 694 674 731 diuturna
692 693 922 745 castigatione
933 693 1119 732 emendare
1135 693 1240 732 illum
1256 708 1319 733 vo-

368 755 447 803 luit,
464 764 503 792 ut
516 769 586 793 non
605 755 722 793 solum
737 755 799 793 ille
812 755 954 793 lucrum
974 755 1103 793 faceret
1121 769 1168 793 ex
1182 755 1226 794 iis
1241 770 1320 807 quae

367 816 437 868 ipsi
465 816 736 868 contingebant,
756 815 818 854 sed
829 825 862 854 et
874 825 1034 868 posteros
1053 816 1195 855 doceret
1216 831 1318 855 com-

367 876 558 916 missorum
585 877 886 928 magnitudinem,
907 885 941 915 et
969 877 1148 928 ingentem
1177 878 1318 916 sceleris

365 937 571 977 foeditatem.
600 938 776 975 Caeterum
797 938 878 988 quia
907 952 980 990 prae
1012 951 1140 989 magna
1174 939 1317 990 ignavia

365 999 495 1050 posteri
515 1013 654 1050 quoque
669 998 768 1036 illius
786 998 960 1050 paulatim
981 999 1017 1036 in
1037 999 1203 1050 graviora
1223 1000 1317 1038 mala

364 1060 528 1110 ruebant,
545 1060 678 1107 volens,
700 1069 739 1097 ut
758 1060 806 1097 ita
825 1059 956 1108 dicam,
979 1059 1086 1097 solari
1108 1060 1287 1099 Adamum
1302 1090 1313 1105 ,

364 1121 425 1172 qui
454 1134 523 1159 non
551 1120 668 1158 solum
689 1120 736 1158 ob
754 1134 854 1157 suam
885 1120 1198 1171 transgressionem
1227 1121 1315 1160 adeo

364 1183 549 1233 moerebat,
566 1181 628 1220 sed
646 1191 679 1220 et
695 1182 740 1219 ob
759 1181 938 1232 flagitium
964 1181 1063 1219 Caini
1084 1182 1120 1220 in
1139 1183 1238 1220 luctu
1259 1184 1314 1222 in-

363 1243 540 1281 tolerabili
557 1244 779 1290 versabatur,
800 1242 899 1293 quod
918 1242 992 1280 suis
1014 1242 1090 1295 ipse
1108 1243 1221 1282 oculis
1244 1259 1313 1283 cae—

361 1318 441 1342 sum
462 1304 549 1342 Abel
577 1304 747 1353 vidisset,
774 1317 888 1354 neque
906 1305 1001 1341 enim
1019 1305 1144 1343 mortis
1160 1306 1313 1358 speciem

361 1365 532 1416 sciebant,
553 1365 693 1403 tametsi
717 1365 787 1403 lata
806 1372 894 1403 esset
914 1365 1084 1403 sententia
1107 1381 1114 1401 ε
1153 1366 1247 1405 unde
1279 1377 1313 1406 et

360 1426 498 1479 duplex
511 1426 566 1464 illi
582 1440 623 1465 ac
635 1426 769 1478 triplex
778 1426 895 1463 luctus
904 1426 1040 1473 aderat,
1053 1426 1137 1478 quia
1153 1428 1311 1480 primum

361 1487 530 1526 viderunt
559 1496 710 1526 mortem
729 1487 765 1524 in
781 1487 895 1525 vitam
913 1486 1164 1538 introductam,
1185 1498 1218 1527 et
1233 1491 1311 1527 vio-

360 1548 492 1587 lentam
522 1558 686 1596 mortem,
705 1557 738 1586 et
750 1563 770 1586 a
784 1548 860 1586 filio
880 1557 1128 1601 perpetratam,
1141 1559 1174 1588 et
1188 1550 1223 1588 in
1236 1551 1310 1589 fra-

359 1619 448 1648 trem
473 1610 598 1648 eodem
622 1619 721 1662 patre
747 1609 938 1660 eademque
961 1619 1073 1648 matre
1091 1620 1228 1658 natum,
1249 1613 1311 1663 qui

359 1672 450 1710 nihil
478 1671 532 1709 illi
551 1671 691 1723 injuriae
715 1670 916 1708 intulisset:
945 1671 1067 1709 volens
1098 1686 1181 1723 ergo
1210 1673 1311 1712 beni-

358 1742 448 1786 gnus
459 1735 555 1771 Deus
562 1746 682 1785 parem
693 1731 878 1770 doloribus
885 1732 1011 1770 afferre
1019 1733 1292 1773 consolationem
1299 1766 1309 1785 ,

356 1795 469 1832 alium
483 1794 537 1831 illi
558 1793 619 1831 dat
638 1792 770 1842 filium,
789 1792 876 1830 Seth
891 1791 1058 1830 videlicet
1069 1809 1080 1842 3
1105 1803 1211 1845 atque
1226 1795 1310 1835 hinc

358 1856 426 1907 ipsi
445 1855 528 1893 data
548 1852 740 1892 sufficienti
760 1852 1010 1902 consolatione,
1030 1853 1077 1890 ab
1104 1853 1166 1892 illo
1189 1865 1307 1907 postea

356 1915 537 1969 progeniei
556 1914 700 1953 initium
727 1913 837 1951 ducit.
858 1914 1047 1965 Propterea
1076 1914 1201 1953 heatus
1228 1932 1308 1969 pro-

357 1978 461 2031 pheta
475 1977 525 2015 sic
540 1990 687 2015 exorsus
706 1984 771 2026 est,
793 1974 916 2012 dicens
937 1990 945 2012 τ
966 1977 1045 2014 Iste
1063 1985 1120 2014 est
1139 1977 1236 2016 liber
1245 1994 1307 2031 ge-

358 2041 570 2078 nerationis
590 2040 804 2076 hominum.
840 2036 980 2075 Deinde
1009 2046 1050 2074 ut
1070 2039 1234 2089 promisit
1271 2055 1308 2079 se

357 2111 583 2140 narraturum
612 2099 801 2138 hominum
832 2099 1107 2150 generationem,
1129 2100 1213 2139 vide
1237 2117 1307 2153 qua

355 2164 444 2202 serie
483 2162 606 2200 utitur.
628 2163 666 2199 5.
703 2161 808 2197 Vixit
835 2159 972 2196 Adam
994 2163 1109 2198 annis
1131 2162 1307 2201 ducentis

356 2227 532 2277 triginta,
563 2230 600 2260 et
618 2223 750 2273 genuit
768 2221 980 2257 secundum
999 2223 1154 2271 “peciem
1177 2236 1302 2269 suam,

356 2294 393 2324 et
412 2285 621 2324 secundum
642 2283 851 2333 imaginem
877 2294 1011 2325 suam;
1041 2291 1077 2319 et
1093 2284 1306 2333 appellavit

357 2355 496 2386 no'men
517 2347 624 2384 illius
650 2344 754 2382 Seth.
773 2343 812 2379 4.
837 2343 877 2378 F
876 2351 1014 2379 uerunt
1034 2351 1162 2380 autem
1187 2347 1307 2395 ipsius

1338 1321 1363 1350 D

1335 1868 1359 1897 E

1393 631 1498 678 σύνην
1513 634 1636 686 ψεῦδος
1648 636 1699 685 τῷ
1718 634 1811 686 φόνῳ
1837 633 1991 686 συνάψας
2003 663 2012 681 ,
2032 637 2075 686 τῇ
2093 635 2244 680 διηνεκεῖ
2262 636 2415 687 τιμωρίᾳ

1392 694 1602 746 σωφρονίσαι
1618 695 1721 734 αὐτὸν
1743 694 1918 742 ἧὸουλήθη
1931 724 1941 740 ,
1959 693 2016 732 ἵνα
2034 694 2085 746 μὴ
2099 695 2202 745 μόνον
2222 696 2322 740 αὐτὸς
2341 712 2416 747 κερ,

1391 755 1476 808 δάν-η
1497 757 1536 793 ἐκ
1559 758 1626 794 τῶν
1653 759 1700 800 εἷς
1722 756 1822 795 αὐτὸν
1843 755 2099 807 γεγενημένων,
2126 755 2216 794 ἀλλὰ
2247 756 2306 794 καὶ
2335 756 2414 800 τοὺς

1392 817 1481 867 μετὰ
1508 821 1618 856 ταῦτα
1649 818 1794 870 διδάσκῃ
1816 817 1963 855 καὶτῶν
1981 817 2250 869 τετολμημένων
2281 818 2321 856 τὸ
2353 818 2412 869 με’-

1389 882 1502 929 γεθος,
1522 879 1582 917 καὶ
1602 882 1663 926 τῆς
1685 879 1831 922 ἀτοπίας
1859 878 1922 925 τὴν
1952 878 2159 930 ὑπερὸολήν.
2180 878 2271 917 Ἀλλ’
2291 879 2410 926 ἐπειδὴ

1389 939 1446 977 διὰ
1471 939 1605 987 πολλὴν
1630 940 1801 993 ῥᾳθυμίαν
1829 939 1889 978 καὶ
1910 941 1941 978 οἳ
1974 942 2012 978 ἐκ
2035 940 2157 978 τούτου
2188 941 2411 991 γεγενημένοι

1388 1000 1478 1039 κατὰ
1514 1002 1637 1055 μικρὸν
1668 1002 1822 1055 χείροσιν
1863 1001 2002 1044 ἑαυτοὺς
2031 1000 2238 1054 περιέὸαλον
2273 1007 2412 1050 κακοῖς,

1386 1063 1730 1114 παραμυθήσασθαι,
1755 1065 1801 1107 ὡς
1823 1065 1946 1111 εἰπεῖν,
1977 1062 2183 1114 βουλόμενος
2213 1063 2270 1101 τὸν
2301 1063 2411 1114 Ἀδὰμ

1385 1124 1424 1160 οὐ
1444 1123 1547 1174 μόνον
1571 1124 1628 1162 διὰ
1647 1124 1711 1170 τὴν
1733 1124 1859 1162 ῖιῖκείαν
1879 1124 2080 1175 παράὸασιν
2102 1125 2136 1161 ἐν
2154 1123 2308 1176 τοσαύτῃ
2327 1142 2408 1177 τυγ-

1383 1183 1535 1235 χάνοντα
1566 1184 1761 1237 κατηφείᾳ,
1792 1184 1883 1222 ἀλλὰ
1910 1185 1970 1223 καὶ
1997 1184 2055 1223 διὰ
2080 1186 2120 1224 τὸ
2151 1184 2319 1236 τόλμημα
2349 1190 2409 1224 τοῦ

1384 1245 1488 1293 Κάϊν,
1515 1245 1574 1283 καὶ
1606 1246 1646 1285 τὸ
1671 1246 1792 1289 πένθος
1817 1249 1928 1285 ἐκεῖνο
1951 1246 1991 1284 τὸ
2011 1245 2196 1298 ἀφόρητον,
2227 1246 2312 1299 ὅπερ
2341 1241 2409 1285 εἶδε

1382 1312 1453 1350 τοῖς
1471 1306 1609 1351 οἰκείοις
1626 1309 1836 1359 ὀφθαλμοῖς·
1853 1306 1930 1345 οὔτε
1949 1307 2018 1360 γὰρ
2038 1313 2098 1346 τουΝ
2113 1307 2261 1346 θανάτου
2280 1307 2408 1359 ᾔδεσαν

1382 1367 1422 1405 τὸ
1441 1361 1549 1414 εἶδος,
1577 1370 1606 1406 εἰ
1627 1368 1687 1407 καὶ
1705 1369 1769 1416 τὴν
1798 1368 1970 1421 ἀπόφασιν
1994 1368 2170 1412 ἐδέξαντο·
2190 1368 2250 1407 καὶ
2267 1370 2408 1408 διπλοῦν

1382 1428 1398 1449 ¹³
1409 1432 1524 1482 αὐτῷ,
1547 1429 1606 1467 καὶ
1625 1433 1790 1483 τριπλοῦν
1815 1430 1854 1468 τὸ
1887 1429 2010 1474 πένθος
2037 1431 2190 1482 ἐγένετο,
2209 1429 2263 1470 ὅτι
2291 1447 2329 1468 τε
2348 1430 2409 1469 καὶ

1381 1490 1438 1529 τὸν
1459 1490 1604 1530 θάνατον
1621 1493 1758 1543 πρῶτον
1781 1485 1868 1529 ε’ἰδον
1889 1491 2126 1543 εἷσενεχθέντα
2153 1493 2200 1536 εἷς
2231 1491 2287 1530 τὸν
2321 1492 2408 1543 βίον,

1382 1552 1441 1590 καὶ
1463 1551 1574 1604 βίαιον
1591 1552 1750 1601 θάνατον,
1770 1552 1828 1590 καὶ
1851 1553 1918 1592 ὑπὸ
1941 1557 2000 1591 τοῦ
2021 1554 2144 1597 παιδὸς
2165 1545 2384 1604 τολμηθέντα
2397 1585 2408 1602 ,

1382 1613 1441 1651 καὶ
1457 1615 1504 1657 εἷς
1524 1614 1668 1666 ἀδελφὸν
1687 1608 1915 1666 ὁμομήτριον,
1941 1614 2001 1652 καὶ
2017 1614 2244 1667 ὁμοπάτριον,
2262 1615 2322 1652 καὶ
2352 1618 2408 1653 οὐ-

1382 1675 1438 1712 δὲν
1469 1674 1684 1721 ἠδικηκότα’
1725 1675 1930 1726 βουλόμενος
1969 1674 2083 1714 τοίνυν
2114 1677 2132 1713 ὁ
2165 1675 2407 1730 φιλάνθρωπος

1382 1736 1471 1779 Θεὸς
1490 1736 1695 1788 ἀντίρροπον
1713 1738 1808 1789 αὐτῷ
1824 1740 1893 1774 τῶν
1908 1738 2075 1788 λυπηρῶν
2094 1736 2157 1783 τὴν
2182 1737 2405 1788 παραμυθία-7

1382 1798 1594 1848 εἰσαγαγεῖν,
1625 1796 1741 1849 ἕτερον
1773 1799 1865 1849 αὐτῷ
1896 1797 2045 1851 παρέχει
2076 1798 2188 1836 παῖδα
2216 1798 2275 1835 τὸν
2309 1797 2403 1845 Σὴθ,

1383 1858 1442 1896 καὶ
1462 1859 1635 1910 ἀρκοῦσαν
1652 1860 1746 1911 αὐτῷ
1762 1858 1824 1905 τὴν
1838 1858 2060 1912 παράκλησιν
2081 1861 2235 1897 ἐντεῦθεν
2250 1860 2404 1906 ποιησά-

1383 1935 1504 1969 μενος,
1535 1919 1604 1957 &ab
1635 1918 1756 1957 τούτου
1773 1920 1894 1958 λοιπὸν
1922 1922 1985 1966 τῆς
2017 1919 2183 1971 γενέσεως
2208 1918 2272 1967 τὴν
2292 1919 2404 1973 ἀρχὴν

1381 1980 1575 2027 συνίστησι.
1594 1979 1663 2018 Διὰ
1677 1986 1777 2019 τοῦτο
1803 1981 1861 2019 καὶ
1880 1984 1898 2019 ὃ
1919 1981 2090 2034 μακάριος
2104 1979 2285 2034 προφήτης
2298 1980 2406 2024 οὕτως

1379 2040 1510 2091 ἤρξατο
1532 2041 1661 2093 λέγων·
1687 2041 1784 2089 Αὕτη
1809 2046 1832 2089 ἡ
1861 2041 1979 2093 βίὸλος
2005 2041 2170 2093 γενέσεως
2200 2041 2404 2095 ἀνθρώπιον.

1384 2096 1473 2141 Ε’ἰτα
1510 2103 1804 2154 ἐπαγγειλάμενος
1839 2102 1901 2149 τὴν
1943 2102 2076 2154 γένεσιν
2109 2106 2177 2141 τῶν
2214 2102 2405 2155 ἀνθρώπων

1385 2163 1598 2214 διηγεῖσθαι,
1618 2163 1742 2201 σκόπει
1758 2163 1814 2215 οἵα
1833 2163 2005 2215 κέχρηται
2033 2163 2234 2216 ἀκολουθίᾳ·
2251 2163 2381 2212 Ἔζησε
2394 2195 2404 2212 ,

1383 2224 1500 2276 φησὶν,
1525 2224 1636 2274 Ἀδὰμ
1658 2224 1717 2271 ἔτη
1741 2224 1902 2262 διακόσια
1928 2225 2137 2277 τριάκοντα,
2158 2225 2217 2263 καὶ
2243 2226 2404 2277 ἐγέννησε

1382 2284 1472 2323 κατὰ
1493 2285 1557 2332 τὴν
1586 2285 1679 2323 ἰδέαν
1699 2287 1822 2333 αὐτοῦ,
1847 2285 1907 2324 καὶ
1937 2286 2028 2324 κατὰ
2055 2286 2118 2334 τὴν
2144 2287 2260 2325 εἰκόνα
2279 2290 2404 2338 αὐτοῦ,

1381 2347 1441 2384 καὶ
1460 2346 1668 2397 ἐπωνόμασε
1683 2346 1723 2384 τὸ
1745 2347 1854 2397 ὄνομα
1876 2349 1980 2385 αὐτοῦ
2005 2348 2090 2394 Σήθ.
2110 2347 2292 2399 Ἐγένοντο
2311 2349 2347 2387 δὲ
2368 2354 2404 2389 αἱ

355 2411 453 2447 anni
483 2407 726 2460 septingenti,
760 2411 797 2441 et
827 2405 961 2455 genuit
989 2403 1099 2455 filios
1128 2412 1165 2441 et
1178 2405 1305 2456 silias.
1319 2435 1367 2463 184
1381 2407 1511 2461 ἡμέραι
1530 2408 1633 2446 αὐτοῦ
1653 2407 1713 2453 ἔτη
1732 2407 1943 2455 ἑπτακόσια,-
1962 2407 2021 2446 καὶ
2039 2408 2218 2460 ἐγέννησεν
2233 2409 2324 2454 υἱοὺς
2343 2413 2404 2449 καὶ

358 2470 392 2507 5.
414 2471 468 2508 Et
497 2471 600 2522 facti
632 2475 722 2505 sunt
750 2478 880 2503 omnes
902 2465 985 2504 dies
1008 2463 1144 2502 Adam
1164 2494 1175 2514 ,
1210 2470 1307 2504 (mni
1331 2474 1357 2502 Λ
1382 2468 1583 2521 θυγατέρας.
1610 2469 1679 2507 Καὶ
1709 2469 1864 2520 ἐγένοντο
1879 2476 1991 2507 πᾶσαι
2013 2471 2047 2506 αἱ
2066 2470 2196 2522 ἡμέραι
2211 2471 2323 2523 Ἀδὰμ
2340 2472 2400 2520 ἔτη

358 2533 542 2583 nongenti
563 2531 738 2581 triginta,
756 2535 792 2565 et
812 2534 985 2564 mortuus
1005 2534 1071 2564 est.

409 2594 445 2631 5.
469 2593 593 2630 Nonne
605 2588 869 2628 benedicebam
889 2587 925 2625 in
940 2587 1088 2625 exordio
1107 2589 1278 2627 seimonis
1295 2620 1304 2636 ‚

356 2654 449 2692 nihil
479 2666 552 2690 esse
571 2661 701 2689 temere
730 2657 764 2687 et
802 2649 936 2699 absque
965 2648 1117 2686 utilitate
1141 2649 1176 2687 in
1206 2664 1305 2689 sacra

356 2716 539 2767 Scriptura
567 2712 755 2766 positum?
773 2710 866 2748 Ecce
886 2710 980 2748 enim
999 2719 1032 2748 et
1050 2725 1143 2748 nunc
1171 2722 1304 2762 quanta

353 2775 538 2828 diligentia
556 2788 640 2812 usus
654 2782 706 2811 est
718 2772 842 2810 beatus
862 2771 922 2809 ille
935 2771 1121 2823 propheta.
1143 2772 1299 2819 Genuit,

353 2839 468 2889 inquit
487 2867 495 2881 ,
517 2837 652 2874 Adam
676 2833 887 2872 secundum
924 2835 1088 2884 speciem
1119 2847 1244 2880 suam,
1266 2845 1303 2873 et

352 2899 561 2937 secundum
577 2898 785 2947 imaginem
806 2907 931 2939 suam,
949 2899 985 2930 et
1002 2894 1214 2945 appellavit
1235 2910 1302 2932 no-

352 2976 438 2999 men
458 2960 566 2996 illius
582 2958 683 2995 Seth.
704 2956 794 2994 Cum
824 2954 868 2992 de
894 2953 1014 3006 priore
1030 2954 1232 3005 loqueretur
1251 2956 1299 2993 fi-

351 3022 414 3067 lio,
436 3019 522 3058 Cain
549 3017 644 3062 dico,
665 3016 758 3053 nihil
778 3015 845 3053 talc
875 3015 1093 3065 significavit
1128 3015 1299 3053 nimirum

346 3085 420 3134 jam
459 3090 559 3118 antea
595 3077 753 3116 indicans
782 3076 880 3114 illius
916 3077 950 3113 in
996 3076 1132 3115 malum
1170 3078 1298 3129 procli-

351 3145 513 3189 vitatem
534 3150 567 3177 et
604 3139 728 3177 merito
746 3154 753 3174 ε
774 3153 842 3176 non
876 3138 970 3175 enim
995 3138 1152 3176 servavit
1182 3147 1297 3191 pater·
1322 3155 1344 3185 B

349 3220 411 3243 nos
446 3216 571 3250 mores,
591 3199 651 3238 sed
673 3199 833 3251 protinus
855 3198 899 3235 ad
920 3199 1094 3236 malitiam
1121 3200 1292 3251 confugit.

348 3267 415 3305 llic
448 3273 565 3302 autem
594 3260 724 3311 inquit,
746 3260 963 3298 Secundum
989 3262 1150 3311 speciem
1181 3269 1215 3298 et
1237 3275 1294 3298 se-

391 3403 404 3424 ι.
424 3392 704 3433 Savil.„Morel.et
727 3391 860 3435 quidam
878 3393 950 3424 mss.
965 3398 1059 3437 κ-ῥτιῑι,
1076 3404 1129 3425 sex
1146 3395 1217 3425 Mss.
1240 3399 1346 3433 aaran,

342 3462 441 3495 atqu«-
464 3452 507 3482 ita
537 3448 612 3489 ¹¹*th
642 3448 809 3487 luta-ipre>
836 3446 973 3476 Latinus·
1006 3445 1092 3477 lbid.
1110 3445 1209 3478 Savit.
1230 3454 1261 3479 rt
1284 3446 1348 3478 (tun

1381 2529 1562 2568 ἐννακόσια
1581 2530 1768 2582 τριάκοντα
1783 2560 1792 2578 ,
1812 2531 1871 2568 καὶ
1897 2530 2080 2569 ἀπέθανεν.

1432 2593 1486 2629 Οὐ
1515 2593 1629 2634 καλῶς
1658 2591 1776 2642 ἔλεγον
1809 2594 1842 2630 ἐν
1870 2598 1940 2635 τοῖς
1972 2592 2187 2644 προοιμίοις,
2217 2593 2270 2632 ὅτι
2304 2595 2400 2633 οὐδέν

1378 2654 1472 2691 ἐστιν
1493 2655 1602 2704 εὑρεῖν
1622 2654 1741 2696 ἁπλῶς
1758 2653 1818 2691 καὶ
1843 2655 1919 2704 εἰκῇ
1936 2654 2177 2705 γεγραμμένον
2205 2656 2240 2692 ἐν
2261 2658 2304 2707 τῇ
2326 2657 2400 2707 θεία

1378 2716 1524 2766 Γραφῆ;
1545 2713 1631 2751 Ἰδοὺ
1650 2714 1717 2767 γὰρ
1734 2714 1792 2752 καὶ
1807 2719 1862 2752 νῦν
1879 2714 1970 2766 πόσῃ
1986 2717 2028 2766 τῇ
2046 2715 2207 2768 ἀκριὸείᾳ
2226 2717 2399 2770 ἐχρήσατο

1377 2778 1395 2813 ὃ
1424 2775 1592 2827 μακάριος
1621 2769 1717 2819 οὗτος
1743 2775 1936 2828 προφήτης.
1965 2775 2154 2827 Ἐγέννησε
2191 2777 2245 2825 δὲ,
2281 2778 2398 2831 φησὶν,

1377 2837 1489 2888 Ἀδὰμ
1513 2837 1604 2875 κατὰ
1623 2837 1686 2883 τὴν
1717 2837 1809 2875 ἰδέαν
1836 2838 1962 2884 αὐτοῦ,
1989 2838 2046 2875 καὶ
2072 2838 2163 2876 κατὰ
2190 2839 2253 2886 τὴν
2282 2842 2397 2880 εἰκόνα

1376 2900 1480 2936 αὐτοῦ
1497 2929 1507 2945 ,
1532 2899 1592 2936 καὶ
1616 2898 1823 2949 ἐπωνόμασε
1844 2899 1883 2937 τὸ
1901 2899 2010 2949 ὄνομα
2034 2901 2136 2938 αὐτοῦ
2157 2901 2230 2947 ,ζήθ
2243 2918 2251 2925 ·
2272 2903 2328 2940 ἐπὶ
2360 2903 2397 2942 δὲ

1373 2962 1433 2995 τοῦ
1449 2959 1615 3012 πρότερον
1635 2959 1814 3011 τεχθέντος
1826 2989 1836 3006 ,
1856 2965 1916 2998 τοῦ
1936 2960 2023 2999 Καϊν
2037 2961 2130 3013 λέγω
2142 2990 2151 3007 ,
2171 2962 2266 3001 οὐδὲν
2279 2968 2397 3002 τοιοῧ-

1372 3034 1430 3056 τον
1460 3020 1766 3070 ἐπισημηνάμενος
1781 3051 1790 3067 ,
1820 3022 1896 3058 ἀλλ’
1919 3021 2047 3060 ἄνωθεν
2066 3023 2277 3074 προμηνύων
2293 3027 2395 3064 αὐτοῦ

1371 3079 1434 3127 τὴν
1453 3081 1509 3118 ἐπὶ
1525 3081 1587 3127 τὴν
1602 3081 1727 3119 κακίαν
1742 3081 1853 3134 ὁρμήν
1868 3098 1875 3105 ·
1893 3082 1951 3120 καὶ
1972 3083 2111 3127 εἰκότως
2126 3099 2133 3106 ·
2149 3086 2187 3121 οὐ
2207 3084 2275 3136 γὰρ
2289 3085 2395 3130 ἔσωζε

1370 3140 1448 3183 τοὺς
1476 3141 1668 3193 πατρικοὺς
1694 3146 1942 3194 χαρακτῆρας,
1962 3145 2038 3181 ἀλλ’
2069 3145 2191 3188 εὐθέως
2219 3146 2303 3196 πρὸς
2331 3146 2394 3192 τὴν

1371 3202 1495 3239 κακίαν
1526 3203 1774 3253 ηὐτομόλησεν.
1800 3203 1972 3242 Ἐνταῦθα
2003 3205 2040 3242 δέ
2070 3221 2174 3257 φησι,
2203 3207 2302 3244 Κατὰ
2330 3207 2393 3254 τὴν

1373 3263 1463 3301 ἰδέαν
1486 3266 1589 3301 αὐτοῦ
1603 3295 1611 3311 ‚
1643 3265 1701 3302 καὶ
1722 3265 1811 3304 κατὰ
1842 3265 1904 3313 τὴν
1926 3265 2041 3304 εἰκόνα
2071 3269 2173 3306 αὐτοῦ
2187 3297 2195 3313 ,
2217 3268 2392 3308 τουτέστιν

1385 3396 1456 3427 310³.
1474 3401 1593 3437 ἐγὶνῐτο,
