2516 3791
616 193 683 245 ⁴1³·
722 214 909 244 CAP..x'1.
948 210 1108 241 GENES.
1149 209 1304 239 uomit..
1344 207 1454 238 XXX.

64 304 205 356 πύργον,
217 297 255 340 οὗ
271 302 370 340 ἔσται
386 303 407 346 ἡ
426 298 561 351 κεφαλὴ
579 299 641 340 ἕως
656 302 715 336 τοῦ
728 299 891 348 οὐρανοῦ·
911 295 970 333 καὶ
985 293 1086 340 ποιή-

62 381 175 416 σωμεν
198 367 331 407 ἑαυτοῖς
350 363 459 413 ὄνομα
475 362 546 414 πρὸ
572 364 631 398 τοῦ
651 361 889 411 διασπαρῆναι
915 360 1009 408 ἡμᾶς
1028 355 1084 394 ἐπὶ

61 426 179 472 πάσης
200 427 261 471 τῆς
278 427 353 475 γῆς.
385 422 483 475 “()ρα
502 423 576 464 πῶς
596 423 656 459 οὐκ
675 422 722 463 εἰς
739 419 812 458 δέον
831 418 1020 470 ἐκέχρηντο
1039 419 1081 468 τῇ

2018 190 2108 249 545

1157 305 1241 330 mus
1263 292 1371 328 nobis
1395 292 1606 334 civitatem,
1631 296 1665 325 et
1686 289 1835 331 turrim,
1864 289 1970 338 cujus
1994 295 2108 336 caput

1157 355 1228 391 erit
1246 354 1421 404 usquein
1437 350 1573 388 caelum
1588 380 1597 395 ,
1622 358 1658 387 et
1675 349 1874 400 faciamus
1896 349 2109 398 nobisipsis

1156 428 1309 459 nomen,
1321 415 1547 465 priusquam
1562 412 1830 463 dispergamur
1840 421 2110 460 superomnem

61 485 250 539 ὁμοφωνίᾳ,
259 485 317 523 καὶ
329 484 385 523 ὅτι
398 486 418 530 ἡ
435 482 569 534 ματαία
576 485 636 519 τοῦ
651 481 726 532 βίου
738 480 858 519 τούτου
869 479 976 531 βουλὴ
988 478 1080 529 γίνε·
1107 488 1128 516 Β
1153 483 1308 513 terram.
1322 473 1416 513 Vide
1424 471 1604 527 quomodo
1615 469 1815 509 abutuntur
1823 467 2002 507 communi
2011 480 2111 514 vocc,

1150 544 1183 573 et
1197 533 1375 585 quomodo
1389 547 1521 571 vanum
1530 533 1613 571 vitae
1624 530 1850 584 propositum
1862 529 1906 568 sit
1917 528 2110 567 multorum

1150 596 1324 633 malorum
1339 595 1489 632 occasio.
1516 595 1668 639 Venite,
1690 591 1819 643 inquit,
1840 592 2036 643 faciamus
2059 589 2112 626 la-

1149 665 1259 700 teres,
1289 664 1325 693 et
1351 668 1562 706 coquamus
1587 668 1649 692 eos
1679 656 1773 705 igni.
1807 654 1859 691 Et
1877 654 1987 706 sacti
2015 660 2109 689 sunt

1148 717 1228 754 illis
1239 717 1381 753 laceres
1395 718 1436 751 in
1452 715 1635 766 lapidem,
1652 723 1687 751 et
1705 716 1874 751 bitumen
1887 716 1928 750 in
1938 726 2086 750 coenum
2096 741 2103 748 .

61 564 116 586 ται
131 550 199 586 τῶν
215 548 333 585 κακῶν
348 545 520 588 ὑπόθεσις.
536 546 654 590 Δεῦτε,
665 542 973 594 φησὶ,ποιήσωμεν
983 540 1080 578 πλίν-

60 612 148 654 θους,
168 608 227 646 καὶ
247 606 456 656 ὀπτήσωμεν
481 605 586 648 αὐτὰς
603 604 699 655 πυρί.
722 603 792 642 Καὶ
812 603 948 654 ἐγένετο
966 604 1079 643 αὐτοῖς

60 673 82 715 ἡ
101 669 238 712 πλίνθος
259 671 306 711 εἷς
324 668 437 714 λίθον,
455 667 514 705 καὶ
535 667 707 718 ἄσφαλτος
726 659 768 711 ἦν
788 665 904 707 αὐτοῖς
923 666 940 700 ὁ
955 662 1076 709 πηλός.

61 729 193 769 Σκόπει
213 729 324 775 πόσην
347 728 538 780 ἀσφάλειαν
561 728 744 771 ἐπινοῆσαι
765 724 945 776 βούλονται
964 726 1007 775 τῇ
1024 725 1076 761 οἷ-

62 791 215 841 κοδομῇ,
241 792 303 827 οὐκ
318 788 445 832 εἰδότες
464 789 531 835 ὅτι,
551 785 638 824 Ἐὰν
658 785 706 836 μὴ
723 784 850 837 Κύριος
865 782 1079 833 οἰκοδομήσῃ
1150 777 1386 827 Videquauta
1403 775 1592 813 securitate
1606 775 1732 812 volunt
1746 774 1937 820 aedificarc,
1954 773 2110 810 nescien-

1152 846 1204 876 tes
1248 836 1354 885 illud,
1389 837 1477 874 Nisi
1511 836 1703 872 Dominus
1748 834 2000 885 (edificaverit
2041 834 2107 870 do·
2127 853 2214 882 Psaz.
2246 853 2311 882 ,2st

61 845 172 898 οἷκον,
200 853 246 894 εἷς
281 851 395 900 μάτην
417 848 606 887 ἐκοπίασαν
635 849 665 884 οἱ
687 847 947 896 οἰκοδομοῦντες
967 843 1080 882 αὐτόν.

1155 911 1274 942 ηιιιηι,
1297 899 1338 933 ἰη
1353 909 1502 933 vanum
1524 895 1797 931 laboraverunt
1822 895 1891 943 qui
1911 893 2109 944 {edificant
2130 903 2153 921 ¹·

63 912 132 950 Καὶ
156 910 454 961 οἶκοδομήσωμεν,
486 908 608 960 φησιν,
637 910 770 949 ἑαυτοῖς
801 905 916 954 πόλιν,
944 907 1010 957 οὐχ
1030 904 1083 943 ὅτι

63 974 157 1024 Θεῷ,
178 971 255 1010 ἀλλ’
272 971 445 1012 Ἱίαυτοίς.
476 969 574 1020 ”Ορα
594 968 685 1015 πόση
702 970 764 1013 τῆς
780 966 904 1009 κακίας
921 969 942 1012 ἡ
960 965 1083 1005 ἐπίτα-

62 1049 134 1077 σις·
164 1032 307 1070 ἔναυλον
338 1031 477 1083 ἔχοντες
507 1030 570 1076 τὴν
595 1029 737 1080 μνήμην
765 1032 827 1075 τῆς
846 1027 1086 1079 πανωλεθρίας

63 1093 213 1140 ἐκείνης,
239 1093 296 1131 ἐπὶ
324 1091 495 1138 τοσαύτην
519 1090 646 1141 μανίαν
667 1089 865 1134 ἐξώκειλαν.
904 1088 973 1127 Καὶ
992 1091 1085 1127 οἷκο-

1155 972 1254 997 eam.
1275 959 1329 996 Et
1355 957 1602 1010 (edificemus,
1630 953 1812 1005 inquiunt,
1839 955 1947 991 nohis
1972 956 2109 991 civita-

1158 1029 1233 1058 tem
1251 1035 1258 1055 ε
1276 1032 1346 1058 non
1362 1020 1450 1064 Deo,
1467 1015 1529 1055 sed
1544 1018 1664 1054 Nobis
1677 1018 1781 1067 ipsis.
1796 1014 1902 1061 Vide,
1916 1028 1992 1062 oro,
2003 1029 2110 1065 quam

1158 1080 1312 1119 invaluit
1330 1079 1466 1117 malitia
1491 1094 1498 1114 :
1522 1077 1693 1115 habentes
1709 1075 1827 1114 adhuc
1846 1084 2017 1113 recentem
2033 1090 2110 1113 me-

65 1154 288 1205 δομήσρψεν,
307 1153 422 1206 φησὶν,
438 1155 572 1194 ἑαυτοῖς
587 1152 686 1190 πόλιν
703 1151 763 1189 χαὶ
777 1150 920 1202 πύργον,
938 1144 976 1188 οὗ
990 1150 1088 1188 ἔσται
1111 1161 1136 1193 C
1158 1142 1308 1181 moriam
1323 1139 1497 1192 generalis
1514 1139 1550 1176 in
1569 1137 1709 1176 diluvio
1723 1136 1902 1186 interitus,
1922 1137 1957 1174 in
1978 1146 2112 1174 tantam

64 1219 85 1262 ἡ
109 1215 241 1267 κεφαλὴ
261 1217 325 1258 ἕως
344 1219 404 1253 τοῦ
422 1216 577 1264 οὐρανοῦ.
594 1214 657 1265 Τῷ
676 1210 821 1263 ὀνόματι
832 1215 892 1250 τοῦ
906 1213 1051 1263 οὐρανοῦ
1065 1214 1087 1258 ἡ

65 1275 141 1313 θεία
171 1275 295 1328 Γραφὴ
327 1277 390 1320 τῆς
416 1274 548 1324 τόλμης
575 1276 686 1312 αὐτῶν
707 1272 769 1319 τὴν
788 1271 984 1324 ὑπερὸολὴν
1004 1276 1089 1323 ἡμῖν

64 1340 290 1388 παραστῆσαι
315 1334 499 1381 ε’ὃουλήθη.
534 1334 602 1373 Καὶ
632 1333 847 1384 ποιήσωμεν,
872 1333 994 1385 φησὶν,
1011 1336 1090 1371 ἑαυ-

70 1404 139 1440 τοῖς
161 1397 282 1447 ὄνομα.
321 1391 420 1440 Εἶδες
438 1396 501 1443 τὴν
520 1396 616 1448 ῥίζαν
637 1397 701 1440 τῆς
720 1395 844 1438 κακίας
858 1411 867 1441 3
881 1394 973 1442 Ἵνα,
993 1395 1090 1447 φησὶ,

67 1459 208 1509 μνήμης
234 1460 410 1505 διηνεκοῦς
433 1457 699 1507 ἀπολαύσωμεν,
727 1456 783 1494 ἵνα
813 1458 860 1499 εἷς
877 1456 916 1494 τὸ
937 1456 1091 1503 διηνεκὲς

65 1519 203 1569 ἔχωμεν
220 1516 509 1568 μνημονεύεσθαι.
527 1515 684 1562 Τοιαύτη
698 1518 799 1566 ἡμῶν
816 1515 915 1553 ἔσται
931 1519 952 1562 ἡ
967 1515 1092 1569 πρᾶξις

66 1579 126 1617 καὶ
144 1579 182 1617 τὸ
198 1580 310 1631 ἔργον,
326 1581 371 1621 ὡς
388 1578 564 1628 μηδέποτε
578 1578 668 1630 λήθῃ
686 1579 1002 1629 παραπεμφθῆναι.
1022 1578 1092 1616 Καὶ

66 1643 166 1678 τοῦτο
184 1640 386 1690 ποιήσωμεν
402 1639 479 1692 Πρὸ
497 1643 555 1678 τοῦ
572 1640 810 1691 διασπαρῆναι
827 1639 883 1677 ἐπὶ
900 1638 1088 1692 προσώπου

66 1701 180 1749 πάσης
198 1703 260 1748 τῆς
274 1704 348 1752 γῆς.
369 1700 434 1743 <Ως
454 1699 517 1747 ἔτι,
539 1700 637 1754 φησὶ,
657 1700 748 1738 κατὰ
765 1700 888 1738 ταύτόν
908 1701 1026 1751 ἐσμεν,
1042 1702 1088 1743 εἷς

67 1761 165 1813 ἔργον
186 1762 372 1813 ἀγάγωμεν
393 1761 433 1799 τὸ
453 1761 553 1805 δόξαν
569 1765 668 1812 ἡμῖν,
682 1761 739 1799 ἵνα
756 1762 978 1800 ἀδιάλειπτον
999 1762 1088 1812 μνή-

69 1838 137 1872 μην
158 1822 409 1872 καταλίπωμεν
431 1828 506 1865 ταῖς
526 1824 573 1866 εἷς
592 1822 630 1860 τὸ
644 1822 721 1869 ἑξῆς
736 1828 883 1873 γενεαῖς.
905 1823 986 1861 Εἰσὶ
1002 1823 1088 1860 πολ-

68 1882 120 1921 λοὶ
147 1883 205 1920 καὶ
228 1886 285 1920 ν’ὗν
310 1883 446 1925 τούτους
474 1882 706 1933 μιμούμενοι,
742 1883 802 1921 καὶ
828 1883 897 1921 ἀπὸ
924 1883 1088 1922 τοιούτων

68 1942 226 1995 πράξεων
249 1943 526 1993 μνημονεύεσθαι
547 1944 768 1994 βουλόμενοι,
789 1946 820 1981 οἱ
841 1942 902 1986 τὰς
923 1943 1088 1997 λαμπρὰς

66 2005 323 2054 οἰκοδομοῦντες
336 2004 458 2051 οἰκίας,
474 2004 531 2043 καὶ
545 2004 588 2042 τὰ
595 2004 735 2055 λουτρὰ,
751 2004 809 2042 καὶ
823 2003 884 2048 τὰς
898 2004 1014 2052 στοὰς,
1029 2005 1089 2043 καὶ

68 2064 145 2108 τοὺς
158 2066 381 2118 περιπάτους.
402 2066 484 2104 Ἐὰν
499 2065 567 2117 γὰρ
581 2066 640 2103 καὶ
654 2065 783 2104 τούτων
800 2065 946 2104 ἕκαστον
962 2068 977 2104 ε’
983 2067 1090 2119 ρωτή-

69 2142 130 2177 σῃς
150 2126 237 2169 τίνος
257 2126 371 2164 ἕνεκεν
387 2133 485 2164 πονεῖ
499 2127 556 2164 καὶ
575 2128 863 2178 ταλαιπωρεῖται,
885 2127 944 2164 καὶ
961 2126 1089 2165 τοσαύ-

67 2203 129 2232 την
150 2186 382 2225 ἐπιδείκνυται
409 2186 603 2240 χρημάτων
635 2187 794 2233 δαπάνην
822 2189 869 2230 εἰς
887 2187 983 2225 οὐδὲν
1001 2187 1088 2236 δέον,

67 2247 162 2284 οὐδὲν
183 2246 300 2298 ἕτερον
323 2247 474 2298 ἀκούσῃ,
494 2247 516 2292 ἢ
537 2251 647 2285 ταῦτα
668 2247 711 2286 τὰ
733 2247 886 2299 ῥήματα,
907 2247 998 2286 ὥστε
1025 2247 1088 2294 τὴν

69 2307 210 2359 μνήμην
232 2309 396 2354 διηνεκῶς
418 2308 589 2352 σώζεσθαι
605 2339 614 2356 ,
637 2307 697 2346 καὶ
720 2308 860 2347 ἀκούειν
875 2307 928 2346 ὅτι
944 2313 1003 2347 τοῦ
1022 2310 1089 2347 δεῖ·

66 2384 120 2411 νος
138 2373 160 2416 ἡ
182 2368 287 2415 οἰκία,
315 2368 375 2407 καὶ
397 2373 456 2406 τοῦ
475 2370 582 2413 δεῖνος
600 2372 618 2407 ὁ
633 2369 749 2421 ἀγρός.
787 2368 891 2408 Ἀλλὰ
910 2373 1010 2408 τοῦτο
1027 2372 1089 2409 οὐκ

67 2427 139 2466 ἔστι
173 2429 313 2480 μνήμης
341 2429 533 2480 ἀξιοῦσθαι,
570 2429 661 2468 ἀλλὰ
700 2432 832 2481 μᾶλλον
861 2431 1087 2484 κατηγορίας.

68 2489 206 2534 Εὐθέως
232 2490 300 2543 γὰρ
315 2496 387 2534 τοῖς
406 2490 519 2543 λόγοις
552 2491 685 2536 τούτοις
707 2491 948 2544 ἐπεισέρχεται
966 2492 1025 2530 καὶ
1046 2493 1090 2531 τὰ

69 2551 203 2604 μυρίων
236 2555 454 2604 κατηγοριῶν
487 2552 566 2597 ἄξια
598 2553 739 2604 ῥήματα
754 2569 762 2576 ·
802 2556 862 2592 τοῦ
892 2555 998 2597 δεῖνος
1031 2558 1090 2593 τοῦ

67 2613 291 2661 πλεονέκτου,
321 2617 381 2651 τοῦ
409 2614 583 2666 ἅρπαγος,
618 2620 678 2654 τοῦ
703 2615 816 2668 χήρας
835 2616 895 2654 καὶ
923 2616 1090 2670 ὀρφανοὺς

66 2674 327 2725 γυμνώσαντος.
348 2676 426 2714 Οὐκ
446 2675 519 2714 ἔστι
535 2675 646 2715 τοίνυν
661 2680 762 2715 τοῦτο
779 2677 921 2728 μνήμης
935 2677 1089 2717 ἀπολαύ-
1125 2697 1130 2705 ·

67 2748 128 2781 ειν,
149 2734 240 2773 ἀλλὰ
262 2736 487 2788 κατηγορίαις
508 2737 682 2783 διηνεκέσι
700 2737 906 2789 βάλλεσθαι,
921 2739 980 2776 καὶ
1001 2739 1090 2790 μετὰ

68 2794 213 2833 θάνατον
237 2796 517 2843 στηλιτεύεσθαι,
545 2798 604 2836 καὶ
630 2799 692 2842 τὰς
710 2801 779 2837 τῶν
799 2798 959 2852 ὁρώντων
979 2799 1092 2852 γλώτ-

68 2869 130 2898 τας
149 2856 275 2907 ἀκονᾷν
295 2858 342 2900 εἷς
359 2858 586 2910 βλασφημίαν
606 2860 665 2898 καὶ
682 2860 895 2913 κατηγορίαν
910 2864 970 2899 τοῦ
983 2865 1092 2899 ταῦτα

70 2915 304 2966 κτησαμένου.
346 2919 390 2956 Εἰ
424 2918 459 2956 δὲ
495 2921 581 2963 ὅλως
611 2920 755 2972 μνήμης
785 2923 866 2974 ἐρᾷς
904 2923 1092 2970 διηνεκοῦς,

70 2974 139 3027 ἐγώ
156 2991 210 3015 σοι
232 2977 401 3023 ὑποδείξω
420 2979 517 3026 ὁδὸν,
539 2981 584 3019 δι’
600 2976 640 3028 ἧς
658 2983 788 3034 δυνήσῃ
806 2982 865 3022 καὶ
886 2982 1063 3034 μνημονεύ
1079 3005 1093 3011 -

71 3040 168 3075 εσθαι
205 3036 261 3075 διὰ
289 3040 436 3086 παντὸς,
470 3041 530 3079 καὶ
565 3044 641 3092 μετ’
674 3044 844 3096 εὐφημίας
871 3046 1004 3090 πολλ’ῆς
1033 3044 1092 3082 καὶ

72 3097 201 3144 πολλήν
239 3113 294 3137 σοι
333 3099 397 3147 τὴν
426 3102 623 3153 παῤῥησίαν
651 3105 686 3142 ἐν
709 3107 758 3158 τῷ
786 3104 950 3155 μέλλοντι
980 3107 1093 3157 καιρῷ

72 3157 240 3208 παρέξεις.
276 3161 357 3204 Πῶς
385 3155 444 3199 οὖν
469 3161 599 3214 δυνήσῃ
631 3165 691 3202 καὶ
712 3165 990 3215 μνημονεύεσθαι
1014 3168 1091 3203 καθ’

73 3217 222 3277 ἑκάστην
254 3220 388 3272 ἡμέραν
403 3251 412 3268 ,
447 3222 506 3260 καὶ
525 3230 595 3267 τοῖς
612 3225 800 3275 ἐγκωμίοις
828 3225 1017 3276 βάλλεσθαι
1037 3226 1096 3264 καὶ

75 3276 164 3325 μετὰ
185 3278 246 3325 τὴν
271 3283 332 3326 τῆς
362 3283 450 3329 ζωῆξ
480 3285 720 3334 μετάστασιν,
754 3287 797 3324 Ei
826 3287 927 3324 ταυτὶ
945 3286 988 3324 τὰ
1008 3286 1098 3340 χρή-

1158 1203 1360 1242 inciderunt
1394 1199 1580 1239 insaniam.
1613 1200 1665 1237 Et
1698 1198 1952 1251 oedifieemus‚
1986 1197 2112 1249 inquit,

1161 1266 1270 1302 nobis
1290 1266 1502 1308 civitatem,
1530 1270 1565 1298 et
1593 1262 1744 1306 turrim,
1773 1261 1882 1311 cujus
1902 1268 2016 1311 caput
2041 1262 2113 1296 erit

1161 1340 1280 1378 usque
1305 1327 1347 1362 in
1374 1324 1526 1362 caelum.
1550 1321 1704 1360 Nomine
1731 1320 1807 1359 caeli
1829 1334 2004 1358 summam
2032 1320 2112 1357 illo-

1160 1400 1241 1424 rum
1267 1385 1455 1423 audaciam
1486 1383 1672 1435 Scriptura
1704 1381 1828 1420 divina
1861 1380 2028 1419 declarat.
2062 1383 2113 1419 El

1156 1449 1372 1501 faciamus,
1395 1445 1526 1497 inquit,
1558 1446 1762 1496 nobisipsis
1785 1457 1936 1481 nomen.
1958 1441 2114 1482 Vidistis

1159 1509 1315 1548 radicem
1337 1507 1456 1546 mali?
1484 1507 1556 1555 Ut,
1580 1505 1712 1556 inquit,
1740 1512 1948 1557 perpetuam
1977 1517 2113 1541 memo-

1158 1571 1250 1609 riam
1269 1582 1540 1620 consequamur,
1561 1575 1600 1604 ut
1618 1565 1730 1604 nostri
1750 1574 1922 1618 perpetuo
1943 1578 2115 1602 memores

1162 1632 1233 1671 sint
1251 1630 1383 1684 posteri
1406 1646 1414 1666 :
1438 1629 1509 1667 tale
1534 1627 1602 1666 erit
1628 1635 1790 1665 nostrum
1816 1639 1922 1678 opus,
1947 1634 1984 1662 ut
2011 1638 2114 1662 num-

1161 1708 1268 1745 quam
1279 1691 1458 1731 oblivioni
1470 1690 1646 1729 tradatur.
1659 1688 1708 1726 Et
1718 1688 1784 1726 hoc
1796 1687 1967 1725 faciamus
1981 1688 2114 1725 Prius-

1161 1768 1280 1807 quam
1305 1755 1574 1805 dispergamur
1592 1764 1706 1802 super
1713 1750 1870 1802 faciem
1895 1751 2019 1785 omnis
2044 1755 2118 1784 ter-

1160 1830 1224 1853 roe.
1241 1814 1384 1864 Adhuc,
1400 1813 1529 1865 inquit,
1545 1810 1749 1863 congregati
1767 1809 1865 1861 quod
1880 1809 1982 1847 uobis
1997 1808 2112 1847 visum

1160 1885 1211 1914 est
1230 1876 1441 1924 efficiamus,
1460 1883 1499 1912 ut
1518 1872 1667 1926 posteris
1682 1880 1893 1924 perpetuum
1913 1884 2038 1908 nomen
2057 1884 2112 1908 re-

1161 1938 1376 1989 linquamus.
1406 1938 1499 1975 Sunt
1527 1934 1633 1973 multi
1659 1934 1766 1972 etiam
1795 1932 1905 1970 hodie
1936 1932 1999 1984 qui
2033 1933 2114 1971 illos

1163 2000 1360 2048 imitantur,
1381 2007 1414 2036 et
1435 1997 1566 2035 talibus
1586 1995 1755 2048 operibus
1775 1989 1945 2032 celebrari
1968 1994 2113 2043 volunt,

1161 2061 1223 2112 qui
1246 2058 1452 2112 splendidas
1476 2057 1606 2096 domus
1631 2056 1820 2102 aedificant,
1844 2064 1877 2092 et
1898 2054 2051 2101 lavacra,
2082 2063 2115 2092 et

1162 2121 1332 2173 porticus,
1360 2128 1394 2157 et
1416 2117 1682 2157 deambulacra.
1711 2116 1877 2162 Quorum
1903 2114 1932 2152 si
1961 2115 2115 2165 aliquem

1160 2179 1355 2232 rogaveris,
1376 2191 1485 2229 quare
1501 2179 1550 2214 ita
1572 2176 1709 2214 laboret
1728 2183 1761 2212 et
1780 2175 1963 2225 fatigetur,
1985 2183 2116 2211 tantos-

1160 2255 1229 2292 que
1251 2239 1484 2293 pecuniarum
1507 2246 1646 2275 sumtus
1661 2235 1780 2286 faciat,
1797 2248 1924 2285 eosque
1942 2233 2084 2272 inutiles
2107 2249 2113 2268 :

1161 2301 1253 2340 nihil
1268 2299 1370 2339 aliud
1385 2298 1523 2349 audies,
1541 2311 1650 2349 quam
1669 2296 1745 2334 haec
1759 2295 1885 2344 verba,
1908 2304 1946 2332 ut
1967 2294 2118 2332 immor-

1161 2363 1242 2402 talis
1276 2370 1436 2400 servetur
1465 2358 1649 2408 memoria,
1685 2366 1718 2395 et
1746 2356 1888 2395 dicatur
1916 2355 2014 2394 illius
2046 2370 2119 2394 esse

1162 2425 1254 2462 hanc
1276 2422 1439 2471 domum,
1464 2421 1563 2459 illius
1594 2420 1691 2457 hunc
1714 2432 1857 2470 agrum.
1884 2421 1930 2455 At
1956 2417 2024 2455 hoc
2050 2431 2117 2455 non

1163 2495 1213 2525 est
1223 2485 1369 2524 laudem
1383 2493 1416 2522 et
1427 2481 1652 2531 memoriam,
1667 2480 1728 2519 sed
1743 2480 1874 2518 crimen
1890 2478 1956 2516 sibi
1974 2492 2113 2530 parare.

1162 2550 1255 2587 Nam
1279 2546 1398 2585 statim
1420 2544 1466 2582 ad
1490 2544 1568 2581 haec
1589 2542 1852 2594 subjungentur
1877 2539 2118 2592 plurimarum

1163 2608 1461 2648 contumeliarum
1482 2604 1617 2652 verba5
1644 2617 1770 2654 nempe
1791 2602 1899 2653 hujus
1929 2610 1979 2638 est
2004 2600 2118 2645 avari,

1163 2673 1270 2725 hujus
1299 2669 1450 2722 rapacis,
1471 2668 1578 2719 hujus
1602 2664 1796 2703 viduarum
1817 2672 1851 2701 et
1872 2663 2115 2714 orphanorum

1162 2731 1376 2786 spoliatoris.
1398 2729 1515 2781 Igitur
1536 2728 1603 2765 hoc
1626 2740 1694 2763 non
1720 2733 1771 2762 est
1794 2723 2001 2761 memoriam
2024 2736 2115 2759 asse-

1164 2794 1240 2846 qui,
1270 2791 1333 2830 sed
1360 2789 1539 2843 perpetuis
1566 2786 1674 2840 objici
1705 2784 1928 2831 criminibus,
1954 2793 1987 2821 et
2015 2783 2120 2820 ctiam

2170 1817 2320 1845 Momm-im

2127 1864 2238 1888 aeternae
2270 1871 2318 1887 cu-

2129 1902 2245 1940 piditas.

1163 2864 1244 2908 post
1271 2861 1420 2892 mortem
1445 2848 1625 2895 infamari,
1652 2861 1693 2884 ac
1715 2855 1951 2899 spectatorum
1980 2845 2121 2896 linguas
2162 2845 2171 2849 ’

1164 2929 1288 2954 acuere
1319 2915 1355 2952 in
1386 2910 1659 2964 blasphemiam,
1690 2917 1723 2945 ct
1754 2906 2015 2945 accusationem
2045 2907 2120 2959 ejus

1165 2979 1226 3030 qui
1245 2976 1307 3014 illa
1328 2972 1498 3028 possidet.
1518 2969 1625 3017 Quod
1643 2969 1672 3007 si
1695 2968 1840 3007 omnino
1859 2977 2026 3006 aeternam
2045 2983 2122 3006 mc—

1165 3039 1315 3078 moriam
1340 3049 1450 3083 amas,
1475 3047 1539 3085 ego
1577 3031 1643 3070 tibi
1675 3030 1773 3068 viam
1802 3030 2023 3079 monstrabo,
2052 3044 2120 3081 qua

1166 3100 1298 3154 poteris
1312 3110 1450 3149 semper
1470 3092 1654 3142 celebrari,
1673 3101 1706 3130 ct
1725 3105 1802 3142 quae
1821 3091 1923 3129 dabit
1943 3091 2006 3129 tibi
2028 3091 2122 3129 fidu-

1167 3163 1258 3201 ciam
1289 3161 1325 3198 iu
1359 3159 1479 3196 futuro
1511 3153 1654 3192 saeculo.
1688 3153 1854 3199 Quonam
1888 3161 1993 3204 pacto
2027 3152 2122 3204 gitur

1169 3222 1300 3278 poteris
1326 3230 1358 3258 et
1383 3215 1667 3264 commemorari,
1690 3223 1723 3252 ct
1751 3213 1920 3251 celebrari
1947 3212 2120 3263 quotidie,

1171 3282 1410 3331 encomiisque
1434 3278 1535 3317 evehi
1562 3277 1668 3315 etiam
1693 3285 1771 3328 post
1799 3274 1890 3312 hanc
1915 3273 2060 3312 vitam?
2085 3274 2122 3311 Si

77 3353 173 3386 ματα
200 3342 248 3383 εἰς
279 3341 339 3385 τὰς
370 3345 438 3381 τῶν
459 3345 615 3392 πενήτων
638 3346 818 3399 διανείμης
838 3354 980 3399 χεῖρας,
1003 3348 1100 3399 ἀφεὶς
1113 3347 1237 3407 29⁷¹¹³⁵
1257 3342 1425 3396 pecunias
1445 3339 1479 3377 in
1507 3352 1632 3376 manus
1658 3337 1804 3388 inopum
1823 3335 2016 3387 dispenses,
2039 3334 2122 3371 reli-

75 3398 152 3443 rob<
183 3401 295 3445 λίθους
327 3403 386 3441 καὶ
419 3404 480 3448 τὰς
515 3407 669 3457 μεγάλας
702 3408 902 3455 οἰκοδομὰς,
938 3409 995 3448 καὶ
1024 3408 1100 3452 τοὺς
1129 3420 1152 3449 Α
1175 3407 1238 3446 ctis
1252 3404 1445 3456 lapidibus,
1464 3397 1790 3451 maguiscrdificiis,
1807 3396 1918 3447 villis,
1936 3405 1965 3433 ct
1979 3395 2122 3432 balucis.
