2516 3791
680 205 721 234 ix
760 205 860 234 CAP.
900 204 1011 234 xvii.
1051 201 1413 252 GENES-JIOMiL.
1454 201 1609 232 xxxix.

120 293 201 345 παρ’
220 290 333 329 αὐτῶν
351 288 590 339 σπουδάζομεν
606 304 612 310 ·
633 287 724 326 οὕτω
743 288 802 325 καὶ
821 291 839 326 ὃ
859 290 927 325 τῶν
945 286 1034 325 ὅλων
1051 286 1141 329 Θεὸς

119 352 215 396 εἰδὼς
241 353 356 390 αὐτῶν
386 351 448 396 τῆς
472 349 615 401 γνώμης
645 348 708 396 τὴν
729 349 902 394 εὐκολίαν,
930 348 969 386 τὸ
997 353 1142 398 σημεῖον

117 417 219 452 τοῦτο
245 414 327 464 παρ’
361 413 477 450 αὐτῶν
504 412 701 457 ἀπαιτῆσαι
729 409 960 456 κατεδέξατο,
992 411 1057 462 οὐχ
1085 409 1142 446 ἵνα

117 475 283 522 διηνεκῶς
303 473 390 524 μένῃ
421 472 462 510 τὸ
487 477 632 523 σημεῖον
647 474 771 516 τοῦτο,
800 472 877 509 ἀλλ’
899 470 956 508 ἵνα
974 474 1044 509 τῶν
1063 470 1142 508 τότε

115 534 212 579 τέλος
229 534 481 586 λαμὸανόντων
499 533 558 572 καὶ
583 536 605 580 ἡ
625 536 684 571 τοῦ
705 533 850 583 σημείου
873 532 975 586 χρεία
1001 547 1142 583 περιαι-

119 599 214 648 ρεθῇ.
235 595 377 647 “stem-:p
397 595 465 648 γὰρ
486 596 569 634 ὅταν
588 594 733 646 σημεῖόν
752 610 840 638 τινες
864 594 1062 640 ἀπαιτῶσι,
1082 590 1141 630 καὶ

115 657 277 710 ἐνέχυρον
300 657 492 709 βούλωνται
506 656 712 707 λαμὸάνειν,
734 655 874 694 ἐπειδὰν
892 657 952 692 τοῦ
972 652 1143 705 πράγμα-

116 735 173 762 τος
200 722 222 765 ἡ
251 718 411 762 ὑπόθεσις
436 719 532 762 τέλος
558 717 673 769 λάὸῃ,
694 717 752 755 καὶ
779 717 819 755 τὸ
845 721 990 766 σημεῖον
1020 713 1141 752 λοιπὸν

118 781 274 833 αἴρεται·
294 779 385 818 οὕτω
406 779 446 826 δὴ
467 779 525 817 καὶ
546 780 712 826 ἐνταῦθα,
731 783 746 799 “
760 776 881 822 ἐπειδὴ
898 776 956 814 διὰ
973 774 1013 813 τὸ
1034 791 1142 813 κατα·

118 843 208 893 φανῆ
232 840 387 892 γίνεσθαι
410 840 469 878 τὸν
488 839 571 878 λαὸν
597 844 657 878 τοῦ
685 837 904 890 πατριάρχου
930 836 970 874 τὸ
996 841 1141 887 σημεῖον

116 905 218 940 τοῦτο
236 903 319 953 παρ’
345 903 443 952 ὑμῶν
460 900 645 952 εἰσηνέχθη
658 931 666 947 ,
681 901 802 951 ἐχρῆν,
831 901 900 937 τῶν
931 900 1036 936 ἐθνῶν
1053 896 1142 936 ἐκεί-

116 979 182 1001 νων
219 963 263 1000 δι’
296 962 353 1006 οὒς
385 963 424 1000 τὸ
454 967 598 1013 σημεῖον
625 960 807 1009 ἐδέξασθε,
836 961 906 998 τῶν
935 958 998 1010 μὲν
1032 958 1142 1012 ἄρδην

116 1023 386 1077 ἀφανισθέντων,
408 1025 477 1061 τῶν
503 1022 539 1061 δὲ
561 1025 636 1075 μετ’
656 1021 807 1065 ἐκείνους
826 1023 877 1074 τῷ
895 1023 959 1068 τῆς
978 1020 1141 1067 ἀληθείας

115 1084 206 1138 φωτὶ
224 1084 531 1138 προσδραμόντων,
553 1083 679 1136 μηκέτι
702 1083 760 1122 τὸν
778 1083 920 1135 ἔλεγχον
934 1084 996 1129 τῆς
1013 1082 1143 1125 οἰκείας

116 1146 366 1198 ἀγνωμοσύνης
394 1146 605 1200 περιφέρειν,
637 1147 714 1184 ἀλλ’
746 1144 1054 1191 ἀπαλλάττεσθαι,
1082 1143 1141 1182 καὶ

117 1210 165 1253 εἰς
195 1207 259 1255 τὴν
293 1207 466 1260 προτέραν
499 1207 671 1258 εὐγένειαν
704 1205 922 1258 ἀνατρέχειν.
953 1205 1140 1252 Ἐννόησον

116 1270 184 1321 γάρ
201 1285 278 1320 μοι,
292 1269 346 1308 ὅτι
358 1273 376 1308 ὁ
390 1269 580 1320 θαυμάσιος
595 1270 740 1314 ἐκεῖνος,
755 1271 773 1306 ὁ
787 1267 1011 1320 πατριάρχης
1026 1267 1139 1319 λέγω,

116 1331 198 1383 πρὶν
211 1329 234 1377 ἢ
247 1333 308 1378 τῆς
324 1334 516 1384 περιτομῆς
541 1329 701 1374 δέξασθαι
723 1327 787 1375 τὴν
814 1327 957 1376 ἐντολὴν
975 1332 987 1377 (
1001 1328 1141 1375 ἐννενή-

116 1406 222 1431 κοντα
244 1391 312 1443 γὰρ
327 1392 386 1430 καὶ
404 1391 502 1430 ἐννέα
517 1393 603 1430 ἐτῶν
632 1385 689 1438 ἦν,
706 1389 810 1436 ἡνίκα
830 1393 933 1428 τοῦτο
948 1390 1140 1428 ἐπετάττε-

114 1457 201 1502 το),
227 1453 286 1492 καὶ
315 1453 498 1505 εὐάρεστος
526 1454 576 1505 τῷ
605 1453 689 1504 Θεῷ
718 1451 860 1504 γέγονε,
891 1451 950 1490 καὶ
977 1452 1141 1504 μυριάκις

114 1513 333 1567 ἀνεκηρύχθη
354 1514 451 1565 παρὰ
476 1516 537 1551 τοῦ
558 1513 750 1553 Δεσπότου.
773 1514 842 1552 Καὶ
873 1513 994 1561 ἐπειδὴ
1017 1513 1139 1552 λοιπὸν

113 1577 163 1619 εἷς
190 1575 290 1628 ἔργον
319 1576 464 1627 ἔμελλεν
484 1574 656 1614 ε’κὸαίνειν
678 1576 721 1614 τὰ
740 1576 803 1620 τῆς
821 1574 1054 1627 ἐπαγγελίας,
1080 1574 1139 1613 καὶ

112 1638 290 1677 τίκτεσθαι
305 1637 450 1689 ἔμελλεν
464 1640 483 1676 ὁ
501 1637 642 1684 Ἰσαὰκ,
663 1637 723 1676 καὶ
742 1636 949 1682 αὐξάνεσθαι
968 1637 1008 1675 τὸ
1021 1636 1118 1690 γένος
1130 1668 1139 1685 ,

113 1699 173 1739 καὶ
187 1702 206 1738 ὁ
225 1699 445 1752 πατριάρχης
463 1699 499 1738 δὲ
519 1699 748 1750 μεθίστασθαι
767 1702 829 1746 τῆς
845 1701 957 1746 ζῶης,
981 1698 1060 1736 τότε
1079 1698 1140 1737 δέ-

113 1777 216 1814 χεται
246 1761 310 1808 τὴν
345 1759 488 1807 ἐντολὴν
517 1763 580 1806 τῆς
614 1762 826 1812 περιτομῆς,
858 1759 917 1797 καὶ
953 1761 989 1797 ἐν
1018 1760 1140 1812 ἡλικίᾳ

113 1822 257 1875 τοιαύτῃ
280 1822 544 1874 περιτέμνεται,
562 1821 620 1859 ἵνα
638 1828 708 1866 τοῖς
733 1821 810 1869 ἑξῆς
836 1821 946 1859 ἅπασι
965 1821 1069 1872 νόμος
1087 1838 1140 1866 τις

114 1883 173 1922 καὶ
203 1886 317 1922 κανὼν
347 1882 489 1934 γίνηται
520 1882 564 1921 τὰ
592 1882 688 1935 παρὰ
716 1887 777 1921 τοῦ
795 1882 1015 1936 πατριάρχου
1036 1899 1138 1936 γεγε-

115 1945 260 1997 νημένα.

167 2007 237 2045 Καὶ
272 2007 329 2045 ἵνα
360 2006 494 2059 μάθητε
524 2008 701 2060 ἀκριὸῶς,
732 2009 931 2060 ἀγαπητοὶ,
959 2009 1013 2048 ὅτι
1040 2010 1137 2049 οὐδὲν

113 2072 214 2107 τοῦτο
231 2068 313 2121 πρὸς
331 2069 394 2116 τὴν
408 2073 470 2116 τ-’ῆς
488 2073 603 2122 ψυχῆς
613 2069 739 2121 ἀρετ-ὴν
757 2071 948 2120 λυσιτελεῖ,
968 2070 1004 2115 ἓξ
1024 2073 1138 2110 αὐτῶν

112 2132 181 2168 τῶν
199 2130 387 2182 γινομένων
405 2132 553 2169 συνιδεῖν
563 2131 719 2169 δυνατόν.
736 2130 784 2169 Τί
799 2131 866 2184 γάρ
883 2147 1001 2184 φησιν,
1018 2132 1137 2172 Ὀκτὼ

115 2194 252 2244 ἡμερῶν
267 2192 404 2230 παιδίον
422 2191 724 2244 περιτμηθήσεται
738 2208 748 2239 ;
764 2192 836 2230 Τὸν
849 2193 884 2231 δὲ
899 2192 1024 2245 χρόνον
1037 2187 1136 2244 οἶμαι

109 2258 230 2292 τοῦτον
244 2253 391 2305 ὡρίσθαι
408 2253 504 2306 παρὰ
522 2257 582 2292 τοῦ
602 2254 846 2306 φιλανθρώπου
863 2255 956 2293 Θεοῦ
977 2254 1037 2294 δύο
1054 2255 1136 2294 τού-

109 2330 177 2353 των
198 2314 330 2353 ἔνεκεν·
350 2314 423 2358 ἑνὸς
448 2314 525 2366 μὲν,
541 2314 598 2353 ἵνα
616 2317 651 2353 ἐν
669 2317 712 2367 τῇ
740 2315 845 2368 ἀώρῳ
865 2316 986 2370 ἡλικίᾳ
1003 2317 1135 2370 κουφό-

109 2391 208 2428 τερον
227 2378 378 2427 ἐνεγκεῖν
399 2375 458 2413 τὸν
476 2375 578 2414 πόνον
599 2377 728 2429 δυνηθῇ
760 2379 824 2421 τῆς
849 2380 1044 2430 περιτομῆς
1072 2381 1135 2426 τῆς

110 2437 258 2489 σαρκός·
291 2437 451 2490 δευτέρου
476 2436 534 2486 δὲ,
554 2436 610 2476 ἵνα
629 2438 672 2476 δι’
694 2439 806 2476 αὐτῶν
825 2441 895 2477 τῶν
919 2440 1028 2493 ἔργων
1048 2457 1135 2479 παι-

112 2499 276 2537 δευθῶσιν
294 2501 341 2542 ὡς
359 2501 421 2537 οὐκ
440 2501 486 2543 εἷς
505 2499 624 2551 ψυχήν
642 2515 677 2537 τι
702 2501 860 2538 συντελεῖ
874 2501 914 2539 τὸ
939 2500 1135 2553 γινόμενον,

111 2559 200 2598 ἀλλὰ
228 2560 374 2610 σημείου
405 2561 508 2613 χάριν
537 2563 639 2599 τοῦτο
666 2561 811 2612 γίνεται.
839 2561 893 2600 Τὸ
925 2562 992 2615 γὰρ
1023 2563 1135 2616 ἄωρον

110 2621 258 2667 παιδίον,
277 2621 317 2659 τὸ
336 2621 384 2672 μὴ
405 2625 575 2674 γινῶσκον
593 2622 639 2660 τὰ
657 2622 843 2674 γινόμενα,
866 2623 956 2674 μηδὲ
974 2624 1135 2672 αἴσθησίν

109 2699 186 2722 τινα
205 2683 300 2736 ἔχον,
325 2684 428 2722 ποίαν
447 2684 617 2737 ὠφέλειαν
638 2687 686 2729 εἷς
709 2685 774 2732 τὴν
799 2685 916 2738 ψυχὴν
943 2687 984 2725 ἐκ
1011 2685 1134 2725 τούτου

110 2744 270 2789 δέξασθαι
289 2744 473 2792 δυνήσεται
491 2761 498 2784 ;
519 2745 661 2785 Ἐκεῖνα
675 2745 743 2799 γάρ
760 2747 834 2785 ἐστι
855 2749 918 2794 τῆς
936 2749 1053 2800 ψυχῆς
1070 2749 1134 2787 ἷδι-

109 2807 177 2849 κῶς
193 2805 450 2858 κατορθώματα
463 2838 472 2855 ,
492 2806 536 2845 τὰ
554 2809 594 2846 ἐκ
606 2807 843 2860 προαιρέσεως
858 2809 1036 2860 γινόμενα.
1054 2810 1135 2849 Ψυ-

107 2868 175 2918 χῆς
203 2865 270 2918 γάρ
301 2867 375 2905 ε’στι
408 2868 618 2920 κατόρθωμα
648 2867 688 2906 τὸ
716 2869 844 2920 ἀρετὴν
878 2869 1044 2918 ἑλέσθαι,
1075 2872 1135 2910 καὶ

108 2927 232 2965 κακίαν
260 2933 397 2979 φυγεῖν·
417 2930 531 2981 ψυχῆς
550 2930 779 2981 κατόρθωμα,
797 2931 837 2970 τὸ
855 2930 904 2982 μὴ
925 2934 995 2970 τῶν
1014 2934 1132 2971 πλειό-

107 3005 173 3026 νων
194 2988 298 3039 μόνον
321 2992 370 3040 μὴ
398 2989 574 3042 ἐφίεσθαι,
599 2991 689 3030 ἀλλὰ
718 2992 777 3030 καὶ
796 2991 841 3030 τὰ
864 2992 947 3031 ὄντα
964 2993 1134 3046 προέσθαι

107 3056 176 3094 τοῖς
203 3050 392 3102 δεομένοις·
422 3053 538 3104 ψυχῆς
570 3052 782 3104 κατόρθωμα
796 3085 805 3102 ,
824 3054 875 3093 ’τὸ
894 3055 943 3106 μὴ
975 3061 1047 3100 τοῖς
1065 3072 1133 3094 πα·

109 3114 204 3161 ροῧσι
234 3112 528 3163 προστετηκέναι,
562 3113 653 3151 ἀλλὰ
685 3113 816 3152 τούτων
847 3115 911 3166 μὲν
947 3118 1132 3169 ὑπερορᾷν,

108 3172 149 3209 τὰ
171 3171 343 3220 μέλλοντα
370 3174 405 3212 δὲ
439 3175 516 3212 καθ’
546 3173 696 3220 ἑκάστην
724 3175 859 3227 ἡμέραν
890 3177 1132 3227 φαντάζεσθαι.

152 3305 163 3329 Ῥ
188 3294 302 3328 MorcI.
326 3300 424 3335 ἐπειδὴ
445 3301 492 3332 διὰ
512 3303 545 3332 τὸ
568 3308 723 3343 καταφανῆ
747 3303 874 3341 γίνεσθαι
897 3305 947 3334 τὸν
972 3304 1043 3335 λαὸν
1067 3306 1119 3335 τοῦ

108 3353 347 3393 πατριάρχου,τ“ο
360 3357 480 3390 σημεῖον
493 3357 580 3384 τοῦτο
594 3354 757 3396 παρύμῶν
774 3359 838 3384 etc.
852 3351 917 3384 Sex
930 3352 1008 3386 Mss.
1019 3355 1118 3390 ἐπειδὴ

108 3403 153 3433 δια
175 3405 208 3434 τὸ
233 3407 356 3445 φανερὸν
376 3408 409 3436 τὸ
434 3417 550 3446 smum-1
575 3411 638 3436 etc.
655 3402 755 3436 Savil.
783 3407 880 3445 ἐπειδὴ
907 3407 954 3440 διὰ
976 3410 1009 3440 τὸ
1033 3419 1118 3449 φανε-

2073 190 2163 247 4(ὶὸ

1213 285 1372 337 pignoris
1403 285 1480 324 loco
1507 284 1745 338 recipiamus:
1763 284 1929 322 similiter
1948 292 1981 322 ct
2008 287 2167 324 omnium

1214 345 1389 385 Dominus
1419 345 1531 384 sciens
1553 345 1711 398 ipsorum
1733 344 1844 383 animi
1875 344 2167 392 inconstanti:nn‚

1214 406 1282 445 hoc
1296 407 1342 445 ab
1360 407 1409 446 eis
1427 407 1571 459 signum
1591 415 1708 460 petere
1735 405 1870 444 voluit:
1890 419 1958 443 non
1980 414 2018 443 ut
2033 419 2170 458 semper

1214 477 1352 506 maneat
1373 468 1516 520 signum
1532 468 1612 514 hoc,
1632 467 1692 507 sed
1714 477 1752 506 ut
1769 477 1958 521 postquam
1969 468 2113 518 antiqua
2129 469 2171 505 il-

1213 529 1245 566 la
1260 529 1366 567 finem
1381 529 1592 582 acceperint,
1608 538 1640 567 et
1656 529 1748 579 signi
1770 542 1856 567 usus
1873 528 2064 566 auferatur.
2080 530 2171 566 Nam

1212 590 1304 628 sicut
1331 591 1392 641 qui
1418 590 1559 641 signum
1582 600 1778 643 expetunt,
1798 599 1830 628 et
1858 590 1989 643 pignus
2013 589 2172 642 accipere

1212 650 1356 698 volunt,
1377 664 1458 688 cum
1477 651 1658 701 negotium
1680 652 1874 704 peiscctnm
1897 650 2019 700 suerit,
2035 660 2118 689 tunc
2136 661 2172 689 et

1212 710 1354 762 signum
1387 710 1541 748 tollunt:
1560 712 1607 748 ita
1628 711 1733 749 ctiam
1765 712 1825 749 liic
1843 726 1936 761 cum,
1958 722 1995 750 ut
2015 713 2170 765 populus

1212 770 1273 808 ille
1295 779 1395 809 ortus
1408 785 1427 808 a
1441 771 1644 823 patriarcha
1669 772 1880 823 conspicuus
1896 773 2010 821 fieret,
2027 774 2169 825 signum

1212 831 1278 870 hoc
1297 830 1394 885 apud
1418 846 1483 870 vos
1511 831 1755 870 introductum
1779 832 1847 880 sit,
1871 834 2054 884 oportebat
2076 845 2171 886 post-

1210 907 1315 945 quam
1329 903 1449 946 gentes
1465 893 1535 931 illae
1546 902 1690 946 propter
1704 907 1792 944 quas
1808 893 1952 945 signum
1966 896 2168 947 accepistis,

1211 955 1342 1008 partim
1356 955 1480 993 deletae
1498 964 1592 1003 sunt,
1612 954 1743 1008 partim
1772 963 1851 1007 post
1867 954 1948 992 illos
1972 955 2018 992 ad
2044 958 2170 994 verita-

1211 1017 1256 1055 tis
1277 1017 1392 1055 lucem
1408 1025 1643 1066 accesserunt,
1662 1030 1732 1054 non
1756 1016 1829 1068 jam
1845 1015 2000 1068 amplius
2016 1018 2170 1070 propria?

1211 1077 1451 1130 improbitatis
1478 1077 1651 1116 indicium
1678 1077 1921 1125 circumferre,
1943 1077 2004 1115 scd
2038 1078 2169 1117 liberos

1211 1153 1297 1189 esse,
1315 1148 1348 1177 et
1375 1138 1419 1177 ad
1438 1139 1626 1192 pristinam
1645 1138 1867 1177 nobilitatem
1896 1138 2021 1177 redire.
2043 1140 2168 1191 Cogita

1211 1201 1307 1238 enim
1335 1201 1511 1238 eximium
1536 1200 1640 1238 illum
1670 1200 1933 1253 patriarcham,
1960 1200 2168 1252 priusquam

1211 1262 1386 1314 acciperet
1416 1261 1699 1300 circumcisionis
1720 1260 1929 1299 mandatum
1949 1266 1961 1309 (
1978 1263 2168 1313 nonaginta

1211 1321 1305 1359 enim
1319 1331 1352 1360 et
1366 1335 1495 1360 novem
1512 1335 1685 1360 annorum
1700 1330 1775 1359 erat
1790 1320 1934 1372 quando
1950 1320 2018 1359 hoc
2032 1321 2062 1359 ei
2079 1337 2168 1374 prze-

1154 1421 1201 1448 402
1211 1391 1353 1435 ceptum
1373 1387 1465 1432 est),
1487 1380 1674 1435 acceptum
1692 1382 1802 1420 fuisse
1818 1384 1906 1432 Deo,
1924 1391 1957 1420 et
1976 1384 2169 1422 sexcenties

1164 1459 1190 1488 Α
1209 1458 1229 1482 a
1245 1444 1400 1483 Domino
1429 1444 1662 1482 celebratum.
1689 1443 1735 1482 Et
1757 1444 1841 1495 quia
1860 1444 2066 1496 propediem
2086 1459 2169 1496 pro-

1211 1506 1395 1544 missiones
1413 1515 1512 1544 crant
1534 1505 1737 1558 implendae,
1757 1505 2028 1556 nasciturusque
2055 1507 2167 1555 Isaac,

1209 1575 1243 1605 et
1262 1567 1466 1618 augendum
1488 1581 1613 1619 genus,
1634 1576 1666 1605 et
1686 1566 1898 1619 patriarchae
1920 1567 2169 1619 emigrandum

1210 1636 1284 1666 erat
1300 1642 1346 1666 ex
1363 1627 1428 1665 hac
1446 1627 1534 1673 vita,
1550 1636 1636 1665 tunc
1648 1627 1793 1666 demum
1814 1628 1945 1681 accipit
1959 1628 2168 1667 mandatum

1214 1689 1510 1735 circumcisionis,
1531 1697 1564 1727 et
1584 1689 1620 1727 in
1640 1689 1702 1726 tali
1722 1698 1822 1727 aetate
1837 1690 2117 1739 circumciditur,
2130 1700 2168 1728 ut

1210 1748 1361 1800 posteris
1379 1748 1545 1786 omnibus
1562 1747 1621 1786 lex
1634 1748 1799 1799 quaedam
1808 1758 1842 1788 et
1855 1749 1977 1801 regula
1994 1749 2110 1788 fierint
2129 1764 2166 1788 ea

1209 1823 1290 1860 quae
1312 1809 1514 1862 patriarcha
1533 1809 1632 1863 prior
1651 1810 1793 1848 fecerat.

1164 594 1189 625 Ε

1263 2005 1298 2043 5.
1320 2005 1367 2043 Et
1389 2014 1427 2043 ut
1449 2004 1632 2044 evidenter
1650 2004 1810 2056 discatis,
1832 2005 1967 2056 dilecti,
1989 2006 2056 2045 hoc
2075 2006 2166 2044 nibil

1209 2065 1254 2104 ad
1270 2066 1396 2104 animae
1418 2067 1588 2106 virtutem
1611 2066 1819 2117 conducere,
1840 2082 1885 2105 ex
1909 2068 1952 2105 iis
1970 2082 2049 2118 quse
2076 2069 2167 2106 sacta

1207 2137 1289 2166 sunt
1306 2127 1422 2167 videri
1449 2137 1577 2180 potest.
1603 2129 1677 2166 Cur
1701 2129 1796 2166 enim
1812 2129 1876 2178 ait,
1903 2131 1998 2167 Octo
2018 2130 2168 2167 dierum

1207 2191 1344 2240 infans
1364 2192 1687 2229 cit-cumcidetur?
1704 2191 1866 2243 Tempus
1883 2190 2074 2229 definitum
2093 2206 2168 2230 csse

1206 2265 1226 2288 a
1242 2250 1399 2302 benigno
1415 2252 1490 2289 Deo
1505 2250 1647 2289 duabus
1660 2251 1705 2289 de
1719 2252 1836 2289 causis
1863 2251 2010 2304 opinor:
2028 2267 2110 2303 una,
2129 2262 2166 2290 ut

1206 2312 1242 2350 in
1253 2320 1354 2350 aetate
1367 2312 1559 2351 immatura
1568 2312 1710 2351 facilius
1722 2313 2002 2352 circumcisionis
2018 2314 2053 2352 in
2065 2328 2168 2352 carne

1205 2373 1406 2412 molestiam
1436 2375 1528 2412 ferre
1553 2383 1690 2427 posset3
1712 2375 1780 2413 alia
1809 2384 1849 2413 ut
1870 2375 1977 2413 rebus
1998 2375 2086 2429 ipsis
2111 2375 2166 2413 di-

1205 2450 1384 2476 sceremus
1399 2435 1438 2474 id
1452 2436 1580 2474 animae
1595 2436 1687 2474 nihil
1702 2435 1912 2487 conducere,
1926 2436 1990 2475 sed
2003 2437 2071 2475 hoc
2085 2437 2164 2475 fieri

1205 2498 1299 2550 signi
1317 2497 1442 2550 gratia.
1459 2499 1553 2536 Puer
1571 2497 1667 2536 enim
1682 2498 1912 2548 immaturus,
1934 2512 2015 2536 cum
2031 2513 2069 2537 ca
2085 2514 2163 2550 quae

1205 2560 1298 2598 fiunt
1309 2560 1462 2612 ignorat,
1482 2573 1596 2610 neque
1615 2573 1756 2598 sensum
1777 2573 1900 2598 eorum
1919 2559 2037 2609 habet,
2056 2574 2165 2611 quam

1206 2621 1289 2660 inde
1307 2621 1344 2660 in
1373 2621 1491 2660 anima
1519 2635 1582 2659 sua
1610 2620 1803 2659 utilitatem
1832 2620 1991 2672 accipere
2009 2621 2166 2673 poterit?

1206 2683 1273 2722 Illa
1301 2683 1394 2722 enim
1417 2691 1499 2720 sunt
1519 2696 1604 2722 vere
1623 2682 1714 2720 bona
1733 2695 1839 2734 opera
1856 2681 2003 2731 animae,
2022 2696 2101 2732 quae
2120 2695 2163 2720 cx

1206 2744 1374 2783 electione
1400 2743 1504 2781 fiunt.
1537 2741 1673 2780 Animae
1702 2741 1797 2780 enim
1831 2741 1967 2780 bonum
1997 2755 2089 2794 opus
2115 2751 2165 2781 est

1206 2806 1377 2844 virtutem
1391 2803 1532 2856 eligere,
1547 2811 1580 2841 et
1598 2802 1775 2841 malitiam
1790 2802 1913 2854 fugere
1924 2832 1934 2852 ,
1954 2802 2082 2841 animae
2102 2803 2165 2841 bo-

1207 2881 1294 2905 num
1312 2879 1402 2918 opus
1416 2873 1482 2913 est,
1504 2877 1574 2902 non
1593 2862 1699 2901 modo
1720 2877 1790 2902 non
1809 2863 1914 2915 plura
1931 2877 2040 2914 quam
2062 2878 2166 2917 opor-

1159 2940 1182 2971 c
1206 2938 1255 2967 tet
1284 2925 1553 2978 concupiscere,
1575 2923 1636 2962 sed
1666 2924 1774 2962 etiam
1805 2924 1992 2963 facultates
2011 2925 2168 2964 tribucre

1205 2987 1466 3040 indigentibus;
1486 2985 1614 3024 animae
1645 2984 1781 3023 bonum
1799 2998 1890 3037 opus
1920 2995 1993 3035 est,
2016 3000 2084 3023 non
2105 2987 2167 3024 ad-

1204 3052 1344 3091 dietum
1372 3063 1445 3089 esse
1464 3048 1570 3086 rebus
1588 3047 1842 3100 praesentibus,
1861 3047 1922 3086 sed
1941 3062 1999 3086 eas
2019 3048 2165 3099 quidem

1204 3113 1404 3166 despicere,
1427 3110 1565 3147 futuras
1583 3116 1702 3146 autem
1717 3108 1886 3147 continuo
1902 3108 1938 3146 in
1959 3108 2078 3147 animo
2099 3109 2163 3146 ha—

1206 3175 1299 3214 bere.
1317 3174 1358 3211 In
1385 3184 1488 3210 carne
1508 3183 1592 3208 vero
1607 3169 1751 3221 signum
1780 3170 1955 3223 accipere,
1971 3170 2076 3221 quale
2096 3171 2162 3209 bo-

1151 3306 1204 3345 p'w
1232 3302 1302 3333 εἶναι
1326 3302 1360 3332 τὸ
1380 3302 1430 3330 τοῦ
1455 3294 1584 3339 ‘Repudia
1610 3295 1750 3340 σπέρμα,
1766 3298 1813 3328 καὶ
1836 3299 1877 3333 μ),
1897 3302 2080 3339 eampum-121
2108 3303 2164 3331 τοῖς

1153 3358 1261 3386 ἔθνεσι.
1283 3357 1316 3385 τὸ
1342 3357 1461 3392 στμείον
1484 3353 1571 3382 τοῦτο
1589 3349 1662 3391 παρ’
1680 3349 1772 3388 ὑμῶν.

2212 724 2373 753 Circi-mci<

2185 767 2226 793 sio
2241 767 2371 795 ευι·ι1.ιι,ι

2184 807 2304 836 suda-ie.

2234 2398 2367 2426 Circum-

2180 2441 2251 2466 cisio
2294 2441 2367 2467 nitu!

2179 2483 2281 2508 anima:
2301 2493 2368 2508 run-

2180 2522 2332 2550 scribom.
