2516 3791
141 813 211 837 (ivn.
234 813 321 837 ¹31¹-

144 1360 232 1386 ΙΙ.·ιΙι
262 1368 306 1388 11.

144 2050 220 2077 ΙιίιιΙ.

146 2285 213 2311 ma
238 2285 330 2321 v.14.

149 2584 329 2613 ΙΙιιι...Ινι5

339 95 433 153 804
761 109 800 139 5.

339 201 497 243 quuntur
527 193 602 244 ejus
632 202 814 241 naturam,
845 193 907 244 qui
933 192 1108 244 promisit.
1137 191 1284 228 Relictis

338 252 449 304 igitur
485 252 639 301 incertis,
664 253 887 306 apprehende
917 267 956 290 ea
987 266 1065 302 quae
1098 251 1286 303 conspicua

340 323 423 351 sunt
445 329 453 350 ι
476 314 665 366 conspicua
682 324 801 352 autem
822 323 916 361 sunt,
933 326 1001 350 non
1021 311 1288 364 praesentia‚sed

339 373 474 411 sutura.
496 375 578 413 Jam
601 374 696 425 quod
716 374 827 424 aliqui
845 374 890 410 ad
910 373 1095 424 praesentia
1114 381 1287 424 spectant,

340 443 374 472 ct
388 436 508 473 sutura
524 444 693 487 respuunt
706 451 713 471 :
726 448 796 472 non
814 434 892 472 ideo
912 443 1094 486 respuunt,
1109 433 1207 485 quod
1226 434 1288 473 ob-

340 510 441 533 scura
455 506 488 534 et
506 496 651 544 incerta,
662 495 721 533 sed
736 496 834 546 quod
850 495 1019 533 sublimia
1035 495 1117 545 sint,
1131 505 1164 534 et
1180 510 1288 548 supra

340 571 440 594 suam
462 556 754 593 imbecillitatem.
788 556 984 594 Considera
1015 556 1126 609 igitur
1159 566 1291 609 quanta

339 618 383 655 sit
401 618 516 655 virtus
541 617 644 669 justi.
666 617 881 656 Promiserat
901 618 933 656 ei
961 620 1056 658 Deus
1077 618 1287 672 corporalia,

338 686 371 715 et
389 678 462 729 ipse
482 678 681 730 spiritualia
699 679 888 730 quaerebat.
909 679 998 730 Ubi,
1019 679 1128 727 dices,
1149 679 1286 732 promi-

339 739 384 776 sit
402 739 434 776 ei
452 741 548 778 Deus
569 740 778 792 corporalia,
798 749 831 778 et
850 740 924 793 ipse
945 740 1144 793 spiritualia
1163 741 1288 792 quaesi-

338 801 416 840 vit?
437 802 644 852 Egredere,
668 801 796 853 inquit,
816 803 863 839 de
880 810 984 840 terra
1005 811 1086 848 tua,
1110 811 1146 841 et
1165 804 1212 840 de
1227 817 1288 841 co-

336 864 522 914 gnatione
546 870 626 909 tua,
650 871 686 900 et
707 863 754 900 de
778 864 892 900 domo
907 865 1031 914 patris
1053 865 1122 909 tui,
1141 871 1179 900 et
1195 866 1288 901 veni

339 927 381 961 in
401 932 543 962 terram
564 937 682 974 quam
703 931 966 962 monstravero
986 925 1065 962 tibi.
1082 924 1289 975 Corporalis

339 993 413 1023 erat
442 993 533 1022 terra
559 984 667 1036 prior,
692 993 732 1021 ut
760 993 793 1022 et
819 984 952 1034 futura,
977 999 1054 1035 quae
1087 984 1140 1022 illi
1170 984 1288 1022 danda

340 1054 425 1084 erat.
444 1044 543 1091 Quid
563 1059 647 1096 crgo
666 1044 751 1083 ille?
769 1045 846 1082 Imo
864 1059 933 1082 non
953 1045 1071 1093 illum,
1087 1044 1148 1083 sed
1163 1045 1289 1083 audia-

341 1121 420 1144 mus
433 1109 477 1144 de
493 1106 555 1143 illo
569 1105 745 1143 dicentem
761 1106 926 1155 Paulum,
947 1115 987 1143 ut
1000 1105 1181 1144 discamus
1194 1121 1287 1157 eum,

341 1168 422 1205 licet
446 1167 538 1204 hane
565 1176 693 1205 terram
718 1166 937 1219 promisisset
961 1169 1069 1216 Deus,
1082 1167 1214 1206 relictis
1238 1176 1291 1205 ta-

341 1243 422 1266 men
442 1227 688 1280 praesentibus,
709 1242 786 1265 eam
801 1242 870 1265 non
890 1228 1099 1281 respexisse,
1120 1228 1183 1266 sed
1194 1228 1291 1266 festi-

343 1303 442 1327 nasse
480 1289 525 1326 ad
570 1290 700 1326 futura.
732 1288 830 1335 Quid
867 1288 978 1340 igitur
1011 1289 1144 1327 Paulus
1180 1288 1292 1327 dicit?

344 1353 603 1405 Juxta-fidem
629 1355 770 1390 mortui
790 1360 881 1390 sunt
896 1353 937 1389 ki
952 1365 1095 1398 omnes,
1107 1350 1151 1389 de
1171 1351 1292 1389 Abra-

346 1415 429 1453 ham
448 1415 609 1466 loquens,
630 1415 728 1452 Isaac
746 1423 779 1452 et
797 1413 922 1462 Jacob,
945 1422 978 1451 et
992 1413 1099 1465 justis
1114 1412 1292 1450 omnibus.

344 1478 465 1526 Neque
479 1475 573 1513 enim
596 1476 776 1513 Abraham
791 1475 898 1523 solus,
922 1473 985 1512 sed
999 1488 1118 1512 omnes
1137 1474 1296 1526 ejusdcm

344 1545 443 1574 erant
456 1535 691 1587 philosophiae
704 1535 909 1587 participes.
921 1536 952 1573 J
950 1543 1058 1587 uxta·
1060 1535 1180 1585 sidem
1197 1549 1296 1573 mor-

344 1600 402 1635 tni
420 1606 510 1634 sunt
533 1598 574 1634 hi
595 1610 739 1644 omnes,
754 1609 841 1633 cnm
861 1609 939 1632 non
960 1597 1196 1646 accepissent
1207 1610 1297 1647 pro-

343 1661 553 1704 missiones,
578 1658 648 1696 sed
661 1657 798 1709 procul
814 1670 879 1694 eas
898 1657 1104 1694 vidissent.
1129 1656 1229 1702 Quid
1243 1656 1296 1695 di-

342 1719 415 1757 cis?
433 1733 502 1757 non
531 1719 688 1757 obtinuit
714 1718 895 1756 Abraham
925 1718 1203 1770 promissiones?
1226 1733 1296 1757 non

342 1781 437 1819 venit
463 1781 497 1818 in
523 1781 771 1819 Palaestinam?
792 1780 895 1818 Falsa
923 1793 1007 1831 ergo
1032 1794 1071 1818 ea
1096 1795 1176 1831 quae
1200 1780 1296 1820 dicta

342 1842 447 1880 sunt?
476 1843 730 1893 Nequaquam,
763 1841 891 1893 inquit.
928 1842 1039 1881 Venit
1070 1842 1219 1893 quidem
1258 1843 1295 1881 in

342 1903 566 1941 Palaestinam
578 1933 588 1952 ,
622 1917 690 1941 non
723 1902 816 1941 hanc
855 1912 974 1940 autem
1011 1904 1200 1956 spectavit,
1232 1904 1296 1943 scd

342 1963 449 2001 aliam
479 1979 556 2016 quae
586 1963 622 2001 in
653 1964 763 2012 caelis,
786 1963 1015 2002 desideravit.
1049 1965 1160 2017 Cujus
1188 1965 1238 2003 rei
1262 1975 1296 2004 et

346 2024 479 2062 Paulus
508 2024 620 2071 testis,
641 2039 723 2062 cum
754 2023 877 2076 adjicit
898 2039 906 2060 ε
927 2025 981 2062 Et
1008 2026 1177 2078 confessi
1205 2034 1297 2064 sunt

345 2098 385 2123 se
394 2086 559 2136 hospites
571 2094 607 2123 et
615 2088 835 2137 peregrinos
852 2088 894 2122 in
907 2093 1019 2123 terra.
1037 2086 1218 2138 Hospesne
1231 2095 1296 2135 est,

346 2145 406 2195 qui
426 2155 557 2183 tantam
575 2145 710 2197 accepit
724 2146 890 2198 patriam,
900 2155 933 2184 et
945 2155 1081 2184 tantam
1092 2147 1296 2198 regionem?

345 2206 418 2255 dic,
435 2206 591 2244 obsecro.
611 2207 714 2255 Sane,
735 2206 851 2257 inquit
871 2223 878 2243 :
901 2221 970 2244 non
997 2207 1092 2244 enim
1116 2208 1219 2257 hanc,
1236 2208 1298 2246 sed

347 2268 473 2305 caelum
489 2268 672 2320 spectavit.
693 2268 796 2305 Nam
818 2271 884 2319 qni
903 2269 984 2305 hoec
1000 2269 1147 2315 dicunt,
1168 2269 1296 2321 inquit,

348 2330 549 2366 declarant
566 2343 606 2366 se
625 2329 746 2366 aliam
775 2330 969 2380 inquirere
982 2331 1166 2380 patriam,
1190 2332 1298 2382 cnjus

348 2391 494 2442 artifex
507 2398 542 2426 et
556 2391 686 2442 opifeoe
699 2397 753 2427 est
765 2390 884 2435 Deus,
902 2388 1015 2438 illam,
1029 2389 1299 2440 inquam‚Jcru-

345 2450 453 2488 salem
473 2450 660 2498 caelcstcm,
682 2459 716 2488 et
738 2463 943 2502 supernam.
965 2449 1102 2489 Vidisti
1121 2450 1298 2500 quomodo

345 2511 546 2564 plonliscrit
566 2512 619 2549 illi
640 2512 736 2549 Deus
762 2510 992 2562 corporalem,
1014 2519 1048 2549 et
1077 2511 1151 2563 ipse
1173 2512 1298 2562 quas-si-

344 2574 436 2611 ierit
456 2587 647 2625 supernam
671 2572 897 2612 Jerusalem?
921 2574 995 2623 Qui
1016 2575 1119 2610 enim
1138 2574 1221 2611 lzoee
1242 2575 1298 2611 di-

345 2643 451 2681 eunt,
466 2633 594 2685 inquit,
609 2633 830 2686 significant
848 2647 888 2671 se
901 2635 1072 2685 patriam
1092 2636 1296 2686 inquirere.

344 2696 410 2733 Ac
423 2699 457 2733 si
472 2696 580 2733 illins
592 2696 748 2747 quidem
768 2697 1044 2741 meminissent,
1055 2710 1102 2733 ex
1117 2709 1195 2748 qna
1209 2704 1298 2734 sunt

343 2761 495 2809 egressi,
508 2766 655 2808 tempus
669 2758 749 2794 illis
763 2757 948 2794 redeundi
967 2766 1178 2808 suppeteret
1193 2761 1296 2811 :jam

343 2833 437 2856 ‘vero
473 2819 634 2856 alterins
665 2818 834 2855 melioris
860 2818 1050 2855 desiderio
1082 2819 1275 2857 ducuntur
1281 2849 1293 2867 ,

344 2882 414 2917 hoc
432 2888 501 2926 est,
523 2880 697 2918 cielestis.
718 2880 842 2930 Itaque
862 2879 1056 2931 corporalis
1077 2889 1127 2918 cst
1145 2881 1297 2933 promis-

343 2941 409 2985 sio,
429 2940 613 2992 spirituale
640 2949 756 2977 autcm
784 2940 874 2992 justi
906 2940 1135 2979 desiderium.
1159 2944 1206 2980 At
1235 2956 1297 2980 nos

342 3002 446 3054 plane
467 3000 605 3038 diversa
626 3001 787 3038 facimus.
811 3002 908 3039 Dens
930 3001 984 3039 illi
1003 3002 1213 3054 promiserat
1229 3003 1295 3041 Pa-

342 3061 527 3109 laestinam,
546 3061 607 3098 sed
626 3061 686 3098 illc
705 3062 887 3113 spectabat
909 3063 1036 3100 caelum
1057 3079 1064 3099 z
1091 3063 1192 3102 nobis
1209 3078 1294 3116 pro—

342 3124 489 3161 missum
506 3132 556 3160 cst
572 3122 757 3169 εει-111111,οῑ
772 3121 817 3159 ad
837 3132 967 3161 terram
987 3124 1176 3163 tendimus.

396 3185 430 3221 ’1.
464 3184 549 3221 11100
566 3183 665 3221 lucra
685 3197 729 3220 ex
746 3183 925 3221 Abraham
943 3185 1044 3223 nobis
1059 3185 1294 3237 contigerunt,

341 3244 422 3294 quia
450 3256 574 3280 nomen
603 3242 679 3294 ejus
709 3241 914 3290 didicimus,
929 3252 963 3280 et
978 3258 1085 3293 quare
1105 3244 1294 3282 'I'ransitoi

338 3306 454 3343 ‹lit-tus
481 3304 539 3353 sit,
560 3312 591 3342 ct
615 3302 708 3354 quod
737 3302 856 3341 relicta
882 3313 972 3341 terra
1000 3319 1061 3342 sua
1083 3305 1116 3343 in
1141 3306 1291 3344 alirn-‘un
1322 3315 1343 3343 Α
1368 3309 1433 3357 οἶφε
1420 3322 1464 3343 t:

837 110 1028 140 JOANNts
1059 109 1312 140 CIIRYSOST.
1355 110 1562 140 ARCHIEP.

1602 111 1963 143 CONSTANTINOP-

1359 207 1427 235 τως
1453 193 1503 230 δεῖ
1533 193 1592 230 καὶ
1622 196 1690 231 τῶν
1722 194 1899 246 στεφάνων
1924 196 2112 246 ἐπιτυχεῖν.
2132 193 2178 232 ‘H
2197 195 2264 247 γὰρ
2283 194 2389 238 ἐλπὶς
2438 225 2441 233 .

1361 255 1398 291 οὗ
1417 255 1655 306 καταισχύνει.
1685 257 1777 294 Θεοῦ
1804 255 1872 309 γάρ
1891 258 1984 294 ἐστιν
2007 255 2214 307 ὑπόσχεσις,
2238 257 2298 294 καὶ
2323 257 2381 295 τὸν

1361 314 1597 366 ὑποσχόμενον
1633 322 1792 366 μιμεῖται
1828 316 1872 354 τὰ
1909 317 2014 367 δῶρα.
2050 315 2161 367 Ἀφεὶς
2193 316 2304 354 τοίνυν
2340 317 2384 354 τὰ

1362 375 1495 423 ἄδηλα,
1523 375 1650 427 κάτεχε
1675 374 1719 414 τὰ
1737 377 1928 429 φαινόμενα
1944 392 1951 398 ·
1976 376 2020 414 τὰ
2039 375 2107 428 γὰρ
2136 375 2326 428 φαινόμενα
2348 377 2386 415 οὗ

1362 435 1406 474 τὰ
1434 435 1589 488 παρόντα
1611 436 1716 485 ἐστὶν,
1745 436 1835 475 ἀλλὰ
1865 436 1909 475 τὰ
1941 436 2123 487 μέλλοντα.
2150 439 2196 476 Εἰ
2224 437 2260 475 δέ
2285 453 2387 485 τινες,
2441 479 2443 482 ⁴

1362 498 1448 550 πρὸς
1462 497 1506 535 τὰ
1526 498 1682 550 παρόντα
1697 498 1905 549 ἐπτοημένοι
1920 528 1930 546 ,
1948 501 2017 536 τῶν
2040 497 2236 549 μελλόντων
2256 500 2385 550 ὕπερο-

1365 561 1482 610 ρῶσιν,
1503 558 1621 606 ἐπειδὴ
1653 558 1891 613 ἀσθενέστεροί
1911 561 1977 597 εἶσι
1990 565 2050 598 τοῦ
2071 558 2177 612 ὕψους
2195 562 2257 606 τῆς
2283 560 2386 598 ἐλπί-

1364 620 1420 663 δος
1438 619 1591 667 ἐκείνης,
1616 619 1673 658 διὰ
1687 623 1788 659 τοῦτο
1804 622 2032 673 ὑπερορῶσιν,
2049 621 2112 659 οὐκ
2127 620 2246 667 ἐπειδὴ
2272 623 2386 673 ἀφανῆ

1362 681 1474 718 ταῦτά
1496 682 1570 719 ἐστι
1594 680 1654 719 καὶ
1679 681 1804 728 ἄδηλα.
1829 680 1962 719 Σκόπει
1987 684 2067 733 γοῦν
2094 679 2157 727 τὴν
2186 680 2388 734 φιλοσοφίαν

1363 746 1423 780 τοῦ
1458 741 1601 780 δικαίου.
1629 740 1674 781 ‘O
1710 741 1800 785 Θεὸς
1839 741 2069 793 ἐπηγγείλατο
2109 743 2204 794 αὐτῷ
2239 741 2388 789 αἰσθητὰ

1363 803 1580 854 πράγματα,
1607 802 1666 841 καὶ
1690 803 1791 846 αὐτὸς
1808 802 1915 850 νοητὰ
1935 803 2059 849 ἐζήτει.
2081 803 2152 841 Καὶ
2177 806 2243 841 ποῦ
2262 805 2280 840 ὁ
2301 802 2390 846 Θεὸς

1365 863 1513 910 αἰσθητὰ
1535 865 1630 916 αὐτῷ
1660 863 1910 915 ἐπηγγείλατο,
1934 864 2033 907 αὐτὸς
2055 863 2091 901 δὲ
2119 862 2225 910 νοητὰ
2245 863 2390 911 ἤθελεν,

1363 924 1506 969 Ἔξελθε
1520 954 1530 972 ,
1551 925 1667 976 φησὶν,
1697 926 1735 962 ἐκ
1763 927 1825 970 τῆς
1849 927 1912 976 γῆς
1932 941 1991 964 σου
2005 955 2014 972 ,
2037 924 2096 962 καὶ
2118 927 2156 962 ἐκ
2181 927 2242 971 τῆς
2265 941 2390 977 συγγε-
2444 955 2445 959 ,

1364 985 1457 1030 νείας
1490 1001 1572 1033 σου,
1604 985 1664 1023 καὶ
1690 988 1729 1024 ἐκ
1756 990 1816 1024 τοῦ
1841 985 1934 1024 οἴκου
1963 990 2023 1024 τοῦ
2050 985 2182 1037 πατρός
2215 1001 2298 1033 σου,
2330 985 2390 1024 καὶ

1365 1049 1464 1100 δεῦρο
1484 1049 1532 1090 εἰς
1552 1048 1631 1097 γῆν,
1650 1046 1692 1092 ἣν
1721 1046 1764 1084 ἄν
1787 1062 1840 1085 σοι
1860 1045 1973 1089 δείξω.
2004 1045 2162 1093 Αἷσθητὴ
2191 1046 2250 1084 καὶ
2266 1049 2288 1092 ἡ
2304 1063 2391 1097 προ-

1363 1106 1448 1157 τέρα
1478 1109 1543 1156 γῆ,
1573 1105 1668 1152 καὶὴ
1688 1105 1863 1155 μέλλουσα
1893 1104 2048 1142 δίδοσθαι
2077 1103 2230 1157 ὕστερον.
2261 1104 2309 1143 Τί
2333 1100 2390 1143 οὖν

1365 1167 1488 1214 αὐτός,
1511 1169 1655 1205 Μᾶλλον
1679 1166 1715 1205 δὲ
1741 1165 1789 1217 μὴ
1809 1168 1913 1204 αὐτοῦ
1934 1166 2159 1217 ἀκούσωμεν,
2182 1166 2272 1204 ἀλλὰ
2288 1165 2390 1204 Παύ-

1364 1231 1425 1268 λου
1455 1229 1536 1280 περὶ
1566 1229 1670 1266 αὐτοῦ
1690 1227 1869 1279 λέγοντος,
1897 1225 1954 1265 ἵνα
1976 1227 2142 1278 μάθωμεν
2169 1226 2221 1264 ὅτι
2250 1228 2288 1265 οὖ
2307 1227 2394 1279 πρὸς

1364 1289 1492 1337 ταύτην
1513 1289 1637 1327 ἔὸλεπε
1664 1287 1728 1334 τὴν
1756 1290 1834 1340 γῆν,
1854 1286 1883 1327 ἐἷ
1899 1287 1958 1327 καὶ
1978 1287 2107 1335 ταύτην
2125 1287 2358 1340 ἐπηγγείλατο
2373 1290 2392 1325 6

1365 1350 1476 1425 Θεος,
1509 1349 1598 1388 ἀλλὰ
1630 1348 1675 1388 τα
1701 1349 1858 1402 παρόντα
1887 1349 2001 1401 ἀφεὶς,
2031 1349 2116 1401 πρὸς
2147 1365 2192 1386 τα
2222 1348 2393 1400 μέλλοντα

1338 1422 1343 1431 ·
1367 1410 1536 1464 ἐκεχηνει.
1553 1410 1600 1449 Τί
1616 1415 1674 1449 ουν
1694 1413 1711 1448 6
1731 1409 1871 1452 Παυλός
1887 1425 1993 1462 emm.
2014 1409 2114 1447 Κατα
2128 1409 2246 1447 πίστιν
2264 1409 2392 1447 ἀπέθα-

1365 1488 1420 1510 νον
1449 1474 1541 1510 οὑτοι
1562 1471 1704 1517 πάντες,
1729 1486 1810 1523 περι
1829 1470 1990 1521 Ἀδραὰμ
2015 1470 2140 1522 λέγων,
2163 1470 2222 1509 καὶ
2245 1468 2391 1516 Ἰσαὰκ,

1366 1532 1425 1571 καὶ
1450 1531 1602 1579 Ianthe,
1634 1531 1693 1570 καὶ
1724 1535 1792 1569 τῶν
1820 1531 1962 1569 δικαίων
1991 1531 2166 1569 ἁπάντων.
2198 1529 2289 1568 Οὐδὲ
2322 1530 2392 1582 γὰρ

1366 1593 1528 1646 Ἀδρααμ
1546 1593 1668 1645 μόνος,
1687 1592 1778 1631 ἀλλα
1794 1591 1921 1635 πάντες
1941 1595 2003 1638 τ’ἧς
2020 1594 2126 1639 αυτῆς
2141 1596 2228 1638 ἠσαν
2249 1593 2390 1643 φιλοσο-

1366 1654 1445 1707 φίας
1473 1655 1642 1693 κοινωνοί.
1669 1653 1762 1692 Κατ
1750 1671 1771 1692 α
1790 1652 1909 1692 πίστιν
1935 1653 2104 1692 ἀπέθανον
2127 1669 2219 1692 ουτοι
2244 1653 2392 1701 πάντες,

1369 1716 1416 1768 μὴ
1432 1717 1665 1768 κομισάμενοι
1687 1715 1750 1759 τὰς
1770 1715 1999 1768 ἐπαγγελίας,
2019 1714 2110 1754 ἀλλὰ
2129 1714 2307 1768 πόῤῥωθεν
2325 1716 2392 1753 αὖ·

1366 1778 1429 1823 τας
1445 1778 1582 1822 ἰδόντες.
1598 1778 1645 1817 Τί
1664 1777 1793 1828 λέγεις,
1815 1779 1876 1816 οὐκ
1893 1776 2080 1828 ἐκομίσατο
2094 1775 2156 1820 τὰς
2184 1776 2393 1828 ἐπαγγελίας

1367 1843 1384 1878 6
1385 1839 1587 1918 Ἀδρααμ,
1607 1838 1684 1878 οὐδὲ
1701 1833 1802 1886 ἦλθεν
1827 1840 1874 1882 εἷς
1888 1837 1951 1885 τὴν
1969 1837 2148 1876 Παλαιστ’
2121 1853 2210 1884 tit-vr,

1367 1918 1424 1941 ουν
1440 1901 1485 1940 τὰ
1502 1900 1691 1955 εἰρημένα,
1703 1900 1815 1952 Ουχὶ,
1830 1899 1946 1953 φησίν.
1966 1901 2073 1938 Ηλθε
2090 1898 2132 1950 με
2134 1914 2151 1936 ν
2166 1898 2233 1950 γὰρ
2262 1900 2309 1942 εἷς
2327 1897 2400 1945 τὴν-

1367 1962 1621 2009 Παλαιστίνην,
1642 1963 1679 2000 οὗ
1697 1961 1784 2014 πρὸς
1803 1960 1932 2007 ταύτην
1950 1960 1985 1998 δὲ
2006 1960 2131 1998 ἔὸλεπε
2153 1958 2215 2006 τὴν
2243 1962 2391 2011 ἐπαγγε-

1365 2023 1456 2072 λίαν,
1480 2024 1556 2061 ἀλλ
1587 2022 1706 2075 ἑτέρας
1727 2021 1890 2073 ἐπεθύμει
1909 2037 1972 2068 της
1991 2023 2024 2059 ἐν
2042 2023 2195 2073 ουρανοῖς
2211 2050 2221 2069 ,
2244 2036 2303 2058 και
2322 2022 2392 2059 τῶν

2222 1838 2294 1884 3¹1
2297 1838 2392 1881 ε’ὖδος

1366 2084 1549 2137 παρόντων
1564 2084 1686 2129 ξένονξ
1673 2083 1792 2122 εαυτὸν
1809 2083 1961 2134 ἐνόμιζεν
1977 2086 2064 2121 εἶναι
2085 2081 2259 2120 ἁπάντων.
2273 2080 2393 2134 “Ὀπερ

1367 2150 1425 2185 οὖν
1446 2162 1506 2184 και
1525 2147 1620 2183 αὖτε)
1640 2147 1824 2197 μαρτυρῶν
1842 2147 1860 2182 6
1874 2144 2044 2187 Παῦλος’
2030 2158 2202 2217 επηγαγε·
2220 2143 2318 2180 Καὶε
2305 2158 2392 2193 ομο-

1366 2207 1577 2258 λογησαντες
1604 2205 1658 2244 ὅτι
1682 2204 1769 2248 ξένοι
1791 2219 1850 2242 και
1874 2203 2114 2279 παρεπίδημοί
2134 2205 2213 2242 εἰσι.
2244 2202 2350 2246 Ξένος
2374 2206 2399 2241 6.
2449 2227 2451 2230 <

2282 2264 2393 2311 ,Ναὶ,

1367 2328 1495 2381 φησίν·
1515 2329 1552 2366 οὖ
1571 2326 1639 2380 γὰρ
1660 2343 1746 2380 προς
1773 2342 1916 2374 ταυτην,
1945 2325 2035 2364 ἀλλα
2055 2324 2140 2378 πρὸς
2164 2324 2222 2362 τὸν
2251 2325 2392 2378 οὖρανον

1366 2267 1518 2341 πατρίδα
1540 2265 1670 2314 λαὸων,
1686 2265 1762 2304 εἶπέ
1786 2280 1865 2316 μοι,
1881 2281 1940 2303 και
1962 2263 2080 2316 χώραν
2100 2263 2268 2311 τοσαύτην

1367 2390 1475 2428 ἔέλετ-
1449 2405 1523 2427 -τεν,
1557 2390 1603 2426 Οἱ
1628 2404 1695 2441 γαρ
1724 2392 1833 2426 ταῦτα
1864 2386 2021 2438 λέγοντες
2047 2385 2304 2438 ἐμφανίζουσιν,
2339 2385 2392 2424 ὅτι

1369 2450 1424 2488 ἑτε
1409 2466 1488 2502 ραν
1516 2449 1668 2502 πατρίδα
1697 2452 1869 2496 ζητοῦσιν,
1888 2452 1982 2494 ἦςτε
1984 2446 2106 2499 χνίτης
2134 2463 2192 2485 και
2220 2447 2391 2499 δημιουρ-

1367 2528 1424 2563 γος
1455 2516 1472 2550 6
1505 2511 1615 2555 Θεος,
1652 2510 1784 2556 ἐκείνην
1815 2508 1879 2556 τὴν
1908 2507 2106 2560 ἐπουράνιον
2137 2507 2391 2559 Ἰερουσαλὴμ,

1367 2572 1429 2619 τὴν
1461 2573 1542 2611 ἅνω.
1570 2566 1670 2616 Εἶδες
1698 2574 1772 2615 πῶς
1794 2571 2028 2622 ἐπηγγείλατο
2058 2572 2152 2621 αὐτῷ
2174 2573 2191 2608 6
2210 2568 2298 2612 Θεὸς
2332 2570 2391 2606 αἷ-

1367 2634 1495 2682 σθητοί,
1519 2650 1592 2677 πως
1613 2635 1740 2676 ἐκεῖνος
1765 2631 1873 2679 τὴν
1851 2648 1922 2670 ανω
1939 2629 2170 2683 Ιερουσαλὴμ
2194 2630 2324 2677 ἐζήτει,
2345 2632 2392 2669 Οἱ

1367 2711 1433 2747 γαρ
1451 2711 1560 2732 ταυτα
1579 2694 1736 2745 λέγοντες
1752 2723 1760 2740 ,
1780 2693 1895 2766 φησὶν,
1912 2691 2156 2744 ἐμφανίζουσιν
2172 2690 2225 2729 ὅτι
2241 2691 2392 2744 πατρίδα

1336 2780 1345 2789 2
1368 2757 1519 2802 ζητουσι.
1539 2755 1608 2793 Και
1630 2756 1660 2792 εἷ
1675 2753 1738 2804 μὲν
1759 2754 1889 2800 εκείνης
1906 2753 2118 2804 ἐμέμνηντο,
2141 2753 2198 2804 ἀφ’
2228 2755 2269 2797 ἧς
2295 2751 2394 2798 ἐξῆλ-

1368 2820 1437 2864 θον,
1457 2809 1547 2867 εἶχον
1567 2815 1605 2852 ἂν
1627 2816 1746 2867 καιρὸν
1764 2814 1987 2866 ἀνακάμψαι·
2003 2814 2075 2851 νυνὶ
2095 2813 2131 2850 δὲ
2148 2812 2267 2866 ἑτερας
2282 2812 2395 2866 κρείτ-

1368 2892 1462 2920 τονος
1474 2876 1664 2928 ὀρέγονται,
1675 2875 1866 2922 τουτέστιν,
1877 2874 2089 2926 ἐπουρανίου.
2103 2875 2237 2912 Οὐκοῦν
2246 2872 2393 2920 αἰσθητὴ

1370 2938 1430 2990 μὲν
1454 2942 1475 2984 ἡ
1496 2937 1701 2990 ὑπόσχεσις,
1731 2936 1836 2984 νοητ>Ι
1864 2936 1899 2976 δὲ
1925 2939 1946 2982 ἡ
1968 2934 2137 2986 ἐπιθυμία
2154 2939 2214 2973 τοῦ
2247 2934 2394 2982 δικαίου,

1369 2999 1575 3043 ἁπεναντίας
1604 3002 1700 3049 ἡμῖν.
1722 2997 1870 3051 Ἰἰκείνῳ
1894 2996 1956 3047 μὲν
1976 2995 2043 3050 γὰρ
2069 2995 2302 3047 ἐπηγγείλατο
2332 2994 2395 3042 τὴν

1369 3060 1628 3108 Παλαιστίνην,
1648 3064 1665 3098 6
1682 3059 1716 3098 δὲ
1737 3059 1987 3113 περιεὸλέπετο
2008 3058 2065 3095 τὸν
2081 3056 2223 3109 οὐρανόν
2238 3073 2245 3079 ·
2259 3061 2343 3106 ἡμῖν
2359 3055 2394 3094 δὲ

1368 3122 1620 3173 ἐπαγγέλλεται
1636 3121 1692 3159 τὸν
1704 3120 1857 3174 οὐρανὸν,
1870 3119 2024 3172 καὶπρὸς
2035 3117 2096 3164 τὴν
2108 3121 2171 3169 γῆν
2183 3117 2393 3170 κεχήναμεν.

1423 3185 1548 3221 Ιαυτα
1575 3182 1807 3234 ἐκερδάιαυιεν
1839 3180 1908 3218 ἀπὸ
1935 3183 1993 3218 του
2024 3178 2182 3232 ’Χὸραὰμ
2210 3178 2393 3229 ὀνόματος,

1343 3244 1516 3299 5μαθόντε
1522 3261 1535 3287 ς
1559 3243 1614 3281 δια
1636 3244 1668 3281 τί
1689 3243 1841 3295 περάτης
1860 3243 1913 3279 ελε
1901 3242 2013 3293 ἔχθη,
2040 3240 2098 3278 καὶ
2113 3240 2166 3279 ὅτι
2183 3239 2245 3287 τὴν
2264 3239 2393 3278 οἰκείαν

1508 3309 1571 3356 γῆν
1585 3336 1593 3352 ,
1630 3320 1712 3355 προς
1744 3303 1806 3350 τὶν
1836 3301 2018 3354 αλλοτρίαν
2058 3301 2228 3351 μετέστη,
2257 3300 2314 3338 καὶ
2348 3299 2391 3338 τὰ
