2433 3775
168 161 246 192 XIV
1074 161 1321 193 PRAEFATIO.

170 255 288 283 tamen
306 243 451 283 omnino
464 244 590 283 rustici
605 252 723 293 erant,
739 252 879 284 arantes
886 253 1065 294 ,armenta
1081 254 1256 293 curantes,
1273 243 1412 282 sarculo
1430 252 1557 284 terram
1578 247 1779 298 sarrientes,
1791 247 1932 298 aliaque
1945 247 2118 287 vilissima
2140 263 2206 302 agr

169 306 364 344 ministeria
381 314 601 356 exercentes,
624 306 691 344 vili
708 314 805 344 veste
817 314 953 343 utentes
966 321 978 355 ;
998 305 1094 356 iique
1107 319 1236 357 magno
1251 318 1413 355 numerO,
1431 313 1471 342 ut
1483 320 1546 358 per
1561 317 1676 346 totum
1689 308 1846 346 homiliae
1865 308 2012 346 deeimae
2028 323 2129 347 nonae
2148 311 2216 348 ini-

168 368 260 406 tium
275 367 399 406 videre
412 375 474 405 est.
491 366 537 404 Hi
552 375 670 405 autem
683 366 828 416 quinam
844 366 906 403 alii
921 374 1018 415 sunt,
1037 379 1146 415 quam
1164 366 1189 402 ii
1205 364 1249 402 de
1269 364 1402 415 quihus
1421 379 1580 406 sermone
1594 368 1632 406 in
1648 370 1786 407 Annam
1804 369 1907 418 dicit,
1928 369 2047 417 ἐπειδὴ
2067 370 2135 423 γὰρ
2153 371 2216 417 τὴν

168 429 348 481 ἀγροικίαν
365 428 504 466 ἅπασαν
524 431 587 474 τῆς
601 426 734 470 πόλεως
751 426 886 476 εἴδομεν
907 425 1090 472 ἕπιὸᾶσαν,
1112 425 1208 461 Cum
1224 427 1328 462 enim
1348 433 1467 463 totam
1484 427 1595 465 illam
1619 432 1851 468 rusticorum
1870 431 1938 467 vel
1955 431 2218 482 agricolarum

166 499 318 542 gentem
339 493 382 527 in
405 491 537 527 urbem
558 491 772 539 ingressam
798 489 1065 524 cerneremus?
1084 484 1175 535 quid
1197 485 1297 524 aliud
1321 485 1501 538 significat
1521 488 1584 526 illa
1614 491 1773 541 ἀγροικία
1802 491 1946 539 ἅπασα,
1979 506 2088 542 quam
2118 495 2149 531 οἱ
2181 495 2215 531 ἐν

167 551 329 605 ἀγροικίᾳ
346 549 495 594 ζῶντεςῖ)
513 549 560 586 ita
577 547 672 585 enim
690 555 864 585 vocantur
879 545 916 584 in
933 545 1084 584 homilia
1104 545 1209 584 XIX.

218 613 298 651 Jam
319 611 401 648 hinc
420 618 511 647 certe
529 608 756 646 manifestum
775 607 865 644 mihi
883 606 1028 658 quidem
1046 616 1118 658 est,
1139 608 1301 647 eamdem
1321 609 1511 661 utrobique
1529 609 1715 648 homiliam
1735 612 1942 660 memorari,
1961 627 2040 663 quae
2059 613 2105 651 ad
2123 613 2217 665 agri-

165 673 260 710 colas
277 671 398 708 hahita
424 670 488 720 sit,
509 684 586 722 quae
604 683 696 708 anno
715 668 808 719 587,
834 683 914 720 quae
935 678 1015 721 post
1036 668 1244 707 diuturnam
1268 669 1511 722 plurimorum
1539 680 1741 724 martyrum
1768 671 2032 721 celebritatem,
2060 687 2139 723 quae
2172 673 2217 711 de

158 732 389 785 juramentis,
405 745 482 783 quae
501 731 586 769 item
605 731 728 768 multis
747 739 827 783 post
842 730 978 769 Pascha
995 730 1122 769 diebus
1136 730 1231 769 dicta
1249 731 1375 769 fuerit:
1401 745 1481 770 nam
1498 731 1566 770 hoc
1584 746 1724 784 quoque
1742 733 1936 772 necessario
1956 733 2216 786 adjiciendum,

164 802 203 831 ut
221 808 305 831 mox
328 792 523 832 videbitur.

216 856 354 894 Verum
361 863 412 892 est
423 852 520 904 quod
528 853 675 891 fortasse
681 852 886 905 objiciatur:
900 852 935 891 in
946 852 1094 892 homilia
1105 853 1238 906 quippe
1248 853 1386 893 decima
1397 867 1488 891 nona
1498 853 1549 891 ait
1561 853 1852 906 Chrysostomus,
1861 869 1898 893 se
1909 854 1998 893 dum
2013 864 2215 907 martyrum

161 915 240 953 festi
258 914 334 953 dies
358 915 619 953 celebrarentur
637 927 774 966 aegrum
804 914 1015 952 decubuisse
1023 930 1034 965 3
1056 924 1092 952 at
1116 915 1153 953 in
1175 915 1324 953 homilia
1349 915 1466 967 prima
1487 914 1523 952 in
1550 916 1689 952 Annam
1708 915 1808 953 nulla
1827 916 1942 953 morbi
1963 915 2112 965 mentio,
2142 916 2214 954 imo

160 976 305 1015 videtur
323 976 598 1028 Chrysostomus
612 984 697 1013 tunc
709 975 881 1027 temporis
895 975 952 1013 vel
965 975 1010 1014 de
1029 976 1249 1029 martyribus
1265 975 1451 1014 conciones
1465 974 1632 1013 babuisse
1639 1005 1651 1025 ,
1671 976 1729 1014 vel
1744 975 1868 1014 saltem
1882 976 2014 1014 habere
2033 976 2190 1028 potuisse
2203 1007 2211 1022 ‚

161 1038 257 1076 unde
269 1038 441 1076 inferatur
459 1037 563 1075 illum
584 1045 668 1074 tunc
683 1050 753 1074 non
774 1035 989 1087 aegritudine
1006 1037 1206 1086 laborasse3
1228 1046 1337 1088 utque
1355 1036 1582 1075 difficultatis
1601 1037 1692 1075 ratio
1710 1037 1848 1089 plenior
1868 1037 2012 1087 evadat,
2026 1037 2214 1089 utriusque

159 1099 318 1138 homiliae
334 1099 443 1138 verba
461 1097 642 1136 referenda
657 1107 750 1136 sunt.
768 1098 808 1135 In
825 1097 981 1134 Homilia
996 1097 1116 1149 itaque
1131 1097 1179 1135 ad
1199 1098 1438 1135 Antiochenos
1457 1097 1593 1135 decima
1612 1111 1702 1136 nona
1719 1098 1770 1136 sic
1792 1099 1932 1136 orditur
1950 1115 1957 1135 :
1973 1099 2112 1151 Epulis
2126 1113 2214 1138 san-

161 1170 310 1200 ctorum
325 1168 544 1209 martyrum
555 1161 703 1211 excepti
714 1161 803 1197 estis
811 1160 871 1196 his
881 1161 1087 1210 praeteritis
1097 1159 1244 1206 diebus,
1261 1159 1459 1210 spirituali
1472 1159 1695 1196 celebritate
1707 1160 1842 1210 repleti
1856 1161 2078 1198 exsultastis
2093 1162 2210 1199 hone-

162 1227 232 1262 stis
247 1223 574 1262 exsultationibus
582 1237 597 1266 ;
616 1222 773 1259 vidistis
793 1229 926 1272 aperta
950 1221 1089 1267 latera,
1103 1228 1139 1258 et
1151 1221 1223 1257 ilia
1245 1222 1416 1266 concisa,
1435 1232 1609 1257 cruorem
1636 1220 1805 1271 undique
1823 1219 2066 1275 defluentem,
2081 1221 2214 1273 infini-

163 1293 224 1323 tas
239 1292 517 1323 tormentorum
543 1285 686 1335 species
696 1298 711 1327 ;
732 1283 945 1320 humanam
973 1282 1131 1319 vidistis
1157 1289 1340 1319 naturam
1360 1280 1676 1332 supernaturalia
1701 1289 1968 1331 praestantem,
1991 1289 2030 1318 et
2043 1295 2211 1320 coronas

160 1349 350 1399 sanguine
362 1353 564 1383 contextas
575 1360 591 1389 ;
605 1344 811 1396 pulchram
831 1343 1007 1396 saltastis
1025 1344 1227 1393 choream,
1242 1345 1284 1379 in
1308 1355 1459 1379 omnem
1472 1349 1622 1393 partem
1638 1343 1807 1379 civitatis
1823 1342 1896 1379 hoc
1909 1342 2099 1393 praeclaro
2117 1343 2214 1381 duce

160 1421 233 1446 vos
257 1410 553 1459 circumagente,
575 1409 635 1444 τοῦ
655 1407 762 1443 καλοῦ
788 1405 908 1444 τούτου
929 1404 1154 1457 περιάγοντος
1186 1406 1277 1454 ὑμᾶς
1310 1405 1519 1454 στρατηγοῦ.
1543 1401 1618 1440 Sed
1635 1414 1703 1439 nos
1738 1402 1805 1439 vel
1831 1405 1974 1440 invitos
2002 1404 2212 1455 infirmitas

160 1468 266 1506 domi
292 1481 448 1506 manere
469 1469 642 1519 cogebat.
671 1467 817 1504 Tamen
845 1468 918 1504 etsi
935 1466 1163 1504 solennitati
1185 1478 1264 1502 non
1286 1463 1533 1515 interfuimus
1541 1491 1552 1511 ,
1583 1463 1827 1514 voluptatem
1856 1466 2181 1515 participavimus
2195 1481 2211 1510 ,-

160 1531 233 1567 etsi
251 1529 298 1567 de
313 1530 498 1566 concione
507 1529 687 1580 fructum
701 1541 778 1564 non
792 1529 973 1578 cepimus,
997 1528 1198 1564 vobiscum
1216 1533 1347 1563 tamen
1364 1524 1542 1561 laetitiam
1564 1536 1805 1561 communem
1829 1525 2035 1562 habuimus
2041 1553 2204 1562 ..........

158 1597 361 1642 propterea
376 1597 413 1626 et
431 1589 536 1626 domi
559 1589 694 1626 sedens
705 1588 922 1640 gaudebam
942 1588 1162 1633 vobiscum,
1182 1594 1218 1624 et
1232 1586 1364 1622 morbo
1378 1584 1551 1622 nondum
1572 1584 1719 1622 solutus
1739 1587 1905 1631 surrexi,
1931 1593 1967 1622 et
1983 1588 2138 1623 cucurri
2159 1587 2214 1623 ad

160 1664 253 1697 vos,
273 1659 315 1688 ut
329 1649 748 1702 desiderabiles-facies
768 1657 919 1686 vestras
940 1650 1110 1686 intuerer
1115 1662 1132 1696 ;
1149 1645 1278 1684 deinde
1293 1659 1377 1684 vero
1395 1644 1439 1682 de
1457 1644 1695 1696 agricolarum
1712 1645 1885 1691 adventu,
1902 1645 1938 1683 in
1955 1660 2108 1696 quorum
2125 1660 2207 1698 gra-

160 1713 247 1750 tiam
268 1712 358 1750 hanc
373 1711 574 1749 concionem
593 1719 713 1748 contra
728 1710 930 1763 juramenta
946 1708 1094 1759 habuit,
1116 1708 1240 1746 multis
1259 1706 1443 1756 edisserit,
1465 1706 1621 1744 Homilia
1639 1715 1756 1744 autem
1777 1706 1894 1759 prima
1913 1706 1949 1744 in
1971 1710 2111 1745 Annam
2132 1708 2210 1746 haec

159 1775 293 1813 habet:
316 1776 460 1811 Postea
483 1786 638 1811 rursum
665 1773 797 1809 multis
825 1773 958 1809 diebus
989 1779 1210 1809 sanctorum
1221 1770 1446 1821 festivitate
1461 1770 1575 1819 potiti
1593 1781 1743 1814 sumus,
1778 1782 1902 1820 neque
1927 1772 2089 1820 tempori
2118 1782 2210 1807 con-

161 1840 272 1874 niens
281 1836 420 1886 fuisset
433 1847 511 1880 eos,
529 1835 595 1885 qui
605 1835 647 1870 in
659 1833 844 1884 sepulcris
858 1840 1079 1880 martyrum
1095 1837 1360 1875 versarentur,
1381 1843 1513 1866 earum
1527 1829 1700 1875 laudum,
1719 1843 1804 1881 quoe
1820 1832 2058 1878 martyribus
2073 1831 2211 1869 deben-

160 1906 235 1944 tur,
252 1904 422 1935 exsortes
435 1894 638 1932 discedere.
654 1893 840 1931 Successit
863 1893 923 1930 his
941 1892 995 1929 ad
1007 1891 1278 1930 abstinendum
1292 1905 1317 1928 a
1329 1892 1565 1942 juramentis
1586 1891 1817 1928 cohortatio.
1850 1891 1948 1928 Cum
1964 1894 2068 1928 enim
2084 1899 2208 1929 totam

158 1960 389 1996 rusticorum
415 1957 582 2002 turbam,
609 1953 672 2001 τὴν
696 1953 877 2007 ἀγροικίαν
901 1953 1053 2001 ἅπασαν,
1066 1955 1108 1990 in
1134 1954 1263 1990 urbem
1290 1954 1502 2003 ingressam
1523 1965 1776 1998 cerneremus,
1805 1952 1874 1989 hos
1891 1952 1960 1989 illo
1983 1966 2009 1989 a
2024 1954 2133 1990 nobis
2148 1955 2209 1989 in-

157 2026 321 2056 structos
343 2018 492 2054 viatico
519 2017 737 2052 censuimus
762 2014 1022 2051 dimittendos.
1044 2012 1112 2050 Hic
1127 2027 1210 2051 sane
1227 2012 1344 2066 primo
1370 2020 1558 2064 conspectu
1583 2011 1724 2050 videtur
1748 2012 1793 2050 de
1813 2012 1951 2065 duplici
1970 2013 2208 2051 festivitatum

156 2088 358 2131 martyrum
378 2077 466 2115 serie
483 2075 554 2127 agi,
573 2089 728 2126 quorum
743 2074 857 2126 priori
875 2087 945 2112 non
964 2073 1079 2111 adfuit
1098 2074 1388 2126 Chrysostomus,
1406 2071 1502 2124 quod
1521 2072 1734 2123 aegritudine
1748 2073 1945 2122 laboraret,
1966 2073 2001 2110 in
2020 2073 2210 2125 posteriori

157 2154 241 2179 vero
255 2139 312 2177 vel
325 2137 452 2186 adfuit,
467 2146 501 2175 et
519 2136 745 2174 concionatus
760 2144 828 2184 est,
844 2135 921 2183 vel,
942 2134 1080 2173 etiamsi
1101 2148 1170 2172 non
1191 2134 1418 2172 concionatus
1436 2133 1492 2182 sit,
1513 2146 1581 2170 non
1599 2133 1746 2171 morbus
1762 2142 1854 2171 certe
1870 2133 1906 2171 in
1924 2147 2026 2171 eausa
2046 2134 2129 2184 fuit,
2145 2148 2209 2172 eur

158 2216 226 2240 non
241 2200 507 2240 concionaretur
515 2214 526 2249 3
547 2198 707 2249 alioquin
725 2196 841 2235 morbi
861 2197 1125 2235 excusationem
1148 2195 1337 2245 attulisset,
1365 2203 1398 2247 et
1425 2193 1518 2231 hanc
1542 2193 1714 2231 rationem
1733 2192 1901 2244 dedisset,
1931 2208 1994 2232 cur
2023 2195 2207 2233 materiam

157 2262 336 2301 concionis
353 2275 460 2312 quam
475 2269 664 2313 paraverat
684 2258 731 2297 ad
750 2267 889 2296 tantum
908 2267 1048 2310 tempus
1068 2256 1280 2295 distulisset.

210 2326 349 2363 Verum
367 2322 397 2361 si
417 2321 498 2372 quis
520 2320 764 2373 Chrysostomi
786 2333 920 2357 morem
938 2319 1049 2371 probe
1068 2327 1196 2367 teneat,
1219 2330 1289 2355 non
1311 2315 1502 2354 mirabitur
1529 2329 1612 2353 eum
1631 2315 1691 2353 hic
1712 2316 1880 2353 morbum
1909 2329 1979 2354 non
1999 2324 2144 2367 tangere
2173 2326 2207 2355 et

155 2400 234 2424 eam
249 2398 393 2423 causam
412 2383 527 2432 silere,
548 2391 625 2420 tum
640 2381 723 2433 quia
739 2395 814 2419 rem
834 2379 1028 2418 admodum
1049 2389 1235 2427 recentem,
1250 2392 1292 2416 ac
1312 2376 1446 2415 nemini
1462 2390 1533 2415 non
1547 2385 1668 2414 notam
1684 2390 1727 2414 ne
1746 2376 1926 2427 cogitabat
1944 2376 2092 2428 quidem
2107 2391 2205 2415 com-

156 2460 372 2495 memorare;
392 2454 470 2483 tum
491 2443 575 2495 quia
593 2444 630 2481 iu
651 2441 866 2495 praecedenti
893 2442 1059 2479 concione
1078 2456 1156 2492 quae
1179 2439 1226 2478 ad
1250 2439 1401 2478 rusticos
1428 2452 1486 2476 seu
1513 2438 1689 2488 agricolas
1709 2446 1794 2486 erat,
1820 2452 1969 2489 quaeque
1989 2438 2144 2490 priorem
2163 2439 2208 2476 de

158 2511 258 2546 Anna
278 2505 475 2560 praecessit,
494 2505 660 2543 morbum
686 2518 791 2542 suum
817 2511 1165 2552 commemoraverat,
1185 2515 1296 2551 neque
1317 2500 1353 2538 id
1377 2499 1412 2537 in
1431 2499 1499 2537 hac
1521 2498 1687 2538 concione
1706 2508 1861 2551 repetere
1882 2499 2010 2539 voluit.
2031 2500 2133 2538 Certe
2148 2500 2208 2538 ille

156 2584 226 2607 non
243 2583 305 2607 nos
318 2598 329 2617 ,
348 2567 411 2619 qui
428 2575 480 2604 tot
496 2566 707 2604 saeculorum
725 2564 903 2603 curriculo
919 2573 999 2616 post
1018 2564 1117 2601 illam
1136 2562 1339 2601 concionem
1366 2560 1525 2599 vivimus
1541 2591 1550 2609 ,
1567 2560 1780 2611 alloquitur,
1805 2569 1844 2598 ut
1864 2560 2068 2599 minutatim
2089 2561 2208 2598 omnia

157 2629 402 2682 ignorantibus
420 2625 556 2679 aperiat
570 2656 580 2675 ,
602 2625 664 2664 sed
684 2625 947 2673 Antiochenos,
967 2625 1029 2675 qui
1060 2625 1262 2676 nuperrime
1290 2624 1365 2661 haec
1382 2631 1478 2675 gesta
1502 2621 1679 2671 viderant,
1699 2635 1762 2659 nec
1783 2622 1948 2674 ampliori
1970 2621 2095 2659 notitia
2115 2635 2205 2674 opus

155 2691 345 2728 habebant.
368 2688 534 2739 Alioquin
561 2701 647 2726 vero
665 2687 741 2725 haec
758 2687 844 2725 festa
862 2694 1088 2739 martyrum,
1114 2699 1192 2736 quae
1213 2686 1247 2723 in
1269 2683 1422 2723 diversis
1443 2683 1542 2721 urbis
1561 2682 1723 2734 partibus
1738 2682 2025 2731 celebrabantur,
2045 2682 2205 2734 impedi-

158 2760 274 2789 mento
292 2764 428 2802 semper
444 2749 610 2798 fuissent,
624 2762 694 2800 quo
714 2748 832 2786 minus
858 2746 904 2786 de
921 2747 989 2785 hac
1010 2747 1171 2795 materia,
1186 2760 1292 2797 quam
1314 2746 1348 2783 in
1368 2745 1485 2797 prima
1503 2744 1548 2781 de
1564 2745 1664 2780 Anna
1680 2743 1834 2781 oratione
1850 2757 1886 2780 se
1905 2742 2084 2794 paravisse
2100 2741 2204 2789 dicit,

154 2812 446 2860 concionaretur3
466 2824 534 2848 non
552 2810 645 2848 enim
663 2817 818 2863 poterat,
837 2808 974 2847 etiamsi
991 2808 1084 2846 bona
1101 2807 1304 2847 valetudine
1321 2805 1458 2855 fuisset,
1477 2805 1512 2842 in
1528 2803 1626 2842 festis
1642 2813 1841 2856 martyrum
1858 2804 1894 2841 in
1908 2802 2059 2842 diversis
2080 2802 2204 2841 Antio-

155 2874 246 2912 chiae
262 2872 426 2926 partibus
447 2871 613 2909 celebrari
634 2870 759 2920 solitis,
776 2869 875 2909 aliud
901 2883 1009 2921 quam
1028 2877 1227 2921 martyrum
1247 2867 1407 2920 ipsorum
1429 2874 1678 2918 argumentum
1698 2873 1849 2902 tractare
1873 2880 1880 2900 :
1902 2878 1946 2902 cx
1965 2863 2105 2903 duobus
2122 2877 2206 2916 ergo

156 2934 418 2988 impedimentis
440 2933 606 2970 morbum
628 2932 688 2970 hic
717 2931 871 2981 reticuit,
891 2940 1163 2983 martyrumque
1188 2928 1398 2967 memoriam
1426 2928 1462 2965 in
1490 2925 1649 2964 medium
1668 2924 1832 2963 adduxit.

208 2999 253 3033 At
274 3010 336 3033 eur
359 2995 392 3032 in
412 2994 468 3031 bis
495 2994 629 3031 diutius
648 2993 855 3031 moramur?
875 2991 1016 3044 quando
1038 2990 1184 3029 aliunde
1204 2999 1341 3028 certum
1362 2997 1414 3026 est
1439 2987 1641 3026 concionem
1661 2986 1761 3024 illam
1780 2986 1953 3024 decimam
1977 2999 2105 3023 nonam
2131 2997 2201 3022 non

156 3058 312 3111 potuisse
331 3055 518 3095 Dominica
539 3055 717 3093 Passionis
737 3055 883 3104 haberi,
905 3063 945 3092 ut
964 3067 1028 3106 ego
1050 3053 1190 3106 pridem
1217 3065 1298 3089 cum
1318 3049 1550 3087 Tillemontio
1569 3047 1855 3085 existimaveram
1879 3063 1886 3083 :
1907 3060 1989 3084 nam
2009 3046 2039 3084 si
2062 3046 2125 3084 illo
2144 3045 2204 3083 die

157 3119 278 3157 habita
297 3119 430 3167 suisset,
444 3118 528 3155 festa
551 3116 610 3154 illa
632 3125 847 3168 martyrum,
866 3129 945 3167 quae
960 3116 1065 3166 longa
1086 3113 1172 3152 serie
1184 3127 1246 3166 per
1267 3125 1405 3150 omnem
1425 3119 1562 3162 partem
1583 3108 1748 3156 cix-itatis,
1763 3111 1943 3160 πανταχοῦ
1965 3111 2027 3154 τῆς
2049 3107 2182 3150 πόλεως
2195 3137 2203 3153 ,

155 3180 443 3227 celebrabantur,
460 3177 666 3216 incidissent
693 3178 755 3215 illo
776 3191 868 3216 anno
893 3177 928 3216 in
949 3175 1208 3215 hebdomadem
1226 3173 1282 3211 vel
1303 3173 1339 3210 in
1362 3170 1598 3209 hebdomades
1624 3168 1847 3207 Dominieam
1872 3167 2048 3206 Passionis
2067 3181 2201 3219 preecc—

156 3242 296 3280 dentes:
323 3241 357 3279 in
377 3241 443 3278 hac
459 3240 591 3291 quippe
610 3239 776 3276 concione
799 3239 860 3277 illa
881 3248 919 3276 ut
937 3239 1012 3290 jam
1028 3237 1171 3277 omnino
1190 3235 1306 3287 elapsa
1335 3240 1596 3272 commemorat.
1618 3231 1684 3268 Illa
1708 3243 1790 3281 crgo
1824 3239 2021 3282 martyrum
2050 3229 2134 3265 festa
2167 3228 2201 3265 in

158 3303 270 3342 media
291 3301 572 3353 Quadragesima
598 3300 771 3339 celebrata
794 3300 960 3350 fuissent,
978 3304 1037 3338 τοῦ
1063 3300 1170 3338 καλοῦ
1196 3297 1316 3334 τούτου
1337 3298 1531 3347 στρατηγοῦ
1549 3295 1638 3343 ὑμᾶς
1663 3291 1908 3343 περίᾱγοντος,
1930 3291 2003 3328 HOC
2030 3290 2201 3342 prirclaro

154 3365 261 3407 duce,
282 3363 410 3401 seilicet
443 3361 610 3399 Flaviano
631 3360 816 3412 episcopo,
841 3360 1075 3399 Antiochenos
1095 3368 1177 3397 tunc
1197 3357 1367 3396 ducente.
1392 3355 1498 3405 Atqui
1534 3353 1769 3392 certissimum
1799 3361 1848 3391 est
1881 3360 1963 3390 tunc
1984 3351 2194 3391 Flavianum
