2516 3791
696 214 736 242 ix
774 213 872 243 car.
911 211 1021 243 xvu.
1059 211 1220 241 cnam.
1261 211 1416 241 tinuit„
1457 211 1528 242 xe.
2051 200 2144 264 ¹50⁴.)

89 299 235 350 νομίζων
249 299 312 345 τὴν
331 298 440 336 πάλαι
455 286 690 348 γεγενημένην
706 296 803 348 παρὰ
820 299 879 334 τοῦ
899 297 991 334 θεοῦ
1009 296 1111 345 ἐπαγ·
1138 297 1160 326 B
1185 292 1347 343 audiens,
1368 303 1566 347 putansque
1592 294 1678 332 olim
1697 295 1759 333 Dei
1780 296 2049 348 promissionem
2069 298 2139 336 im-

89 360 206 411 γελίαν
226 358 454 405 ἐκὸεῧηκέναι
476 359 523 400 εἷς
537 357 594 395 τὸν
613 356 783 407 Ἰσμαήλ·
799 357 918 402 ἐπειδὴ
932 356 999 408 γὰρ
1012 349 1110 402 εἶπε,
1187 355 1318 408 pletam
1344 356 1378 394 in
1404 356 1552 394 lsmacle
1579 372 1586 394 :
1609 357 1692 409 quia
1725 357 1820 395 enim
1846 357 1942 395 dixit
1963 374 1970 394 :
1998 360 2081 396 Tibi
2106 369 2141 395 et

92 421 153 459 Σοὶ
173 420 231 458 καὶ
250 422 300 472 τῷ
319 418 496 470 σπέρματί
523 433 584 456 σου
606 418 708 456 δώσω
728 418 792 464 τὴν
810 420 875 469 γῆν
905 416 1050 464 ταύτην,
1073 417 1111 454 οὗ
1187 418 1322 454 semini
1337 425 1400 455 tuo
1416 418 1516 455 dabo
1535 426 1676 457 terram
1701 419 1818 469 lianc,
1837 432 1898 456 nec
1918 417 2085 456 distinxit
2106 433 2143 456 se

89 482 236 533 διέκρινε
266 480 300 518 δὲ
328 479 381 519 ὅτι
397 479 477 532 περὶ
498 482 558 517 τοῦ
584 478 653 516 ἀπὸ
669 481 731 524 τῆς
750 477 890 530 Σάρρας
909 475 1111 527 τικτομένου
1186 475 1231 514 de
1249 477 1324 515 filio
1343 492 1387 516 cx
1406 479 1511 517 Sarra
1539 479 1716 517 nascituro
1736 478 1849 530 loqui,
1879 479 1938 517 ille
1964 479 2141 529 cogitabat

88 542 192 594 φησὶ,
220 541 392 593 ἐλογίζετο
416 543 492 579 καθ’
517 539 638 578 ἑαυτὸν
658 539 712 577 ὅτι
730 539 774 577 τὰ
803 541 864 585 τῆς
890 535 1112 588 ὑποσχέσεως
1187 550 1305 574 secum
1320 538 1396 588 jam
1415 539 1664 590 promissiones
1681 540 1843 592 impietas
1862 554 1956 578 055οε
1974 554 2141 577 1111110011-

88 602 258 648 ἐκὸέῧηκε
271 618 278 625 ·
299 602 371 640 νυνὶ
391 602 426 641 δὲ
447 601 581 640 ἀκούων
606 600 734 652 Κυρίου
749 603 808 637 τοῦ
828 600 920 636 Θεοῦ
936 597 1112 647 λέγοντος,
1188 604 1258 633 tem
1271 596 1418 634 audiens
1434 599 1627 636 Dominum
1646 601 1758 638 Deum
1769 599 1960 648 dicentem,
1981 601 2143 638 Benedi-

86 663 140 701 ὅτ,
171 663 362 714 Ιςύλογῆσω
390 662 453 709 τὴν
483 662 637 715 Σάρῥαν,
658 661 716 698 χαὶ
736 659 838 697 δώσω
865 673 919 695 σοι
951 655 986 700 ἐξ
1006 658 1113 701 αὐτῆς
1188 670 1270 693 cam
1303 656 1475 702 sarram,
1498 667 1533 695 et
1565 660 1665 696 dabo
1693 661 1759 698 tibi
1785 675 1833 697 ez·
1860 675 1906 698 ea
1934 661 2071 708 filium,
2104 670 2141 700 et

88 724 219 771 τέκνον,
241 725 300 762 καὶ
320 723 500 774 εὐλογήσω
523 722 642 769 αὐτὸν,
663 720 721 759 καὶ
741 719 839 756 ἔσται
865 719 914 760 εἷς
933 716 1011 763 ἔθνη
1024 732 1031 739 ·
1053 715 1112 753 καὶ
1188 718 1413 755 benedicam
1432 718 1556 765 illum,
1579 728 1613 755 el
1631 723 1701 758 erit
1717 722 1756 757 in
1777 730 1925 768 ιι,’νι·ιιιι·5;
1935 731 1967 759 et
1986 722 2112 760 iterum
2131 739 2138 759 ε

86 786 204 831 πάλιν,
221 785 280 830 ἘΞ
308 784 438 823 ἐκείνου
468 784 622 835 βασιλεῖς
653 782 758 818 ἐθνῶν
778 777 1032 822 ἐξελεύσονται·
1049 778 1112 814 οὐκ
1188 778 1253 815 EJ:
1273 778 1344 815 illo
1362 792 1468 830 reges
1495 783 1664 831 gentium
1693 782 1959 832 egredientur:
1977 797 2058 820 cum
2082 797 2139 821 ne-

85 846 174 898 ἔχων
188 845 208 883 δ’
221 861 255 883 τι
274 846 356 896 εἴπῃ
379 853 389 896 (
405 844 482 882 οὔτε
501 842 567 894 γὰρ
586 844 745 880 ἀπιστεῖν
761 838 911 886 ἠδύνατο
929 843 1000 881 τοῖς
1015 837 1111 888 παρὰ
1187 836 1289 875 sciret
1307 837 1396 888 quid
1413 839 1545 876 diceret
1573 844 1708 892 (neque
1730 840 1822 878 enim
1847 842 1909 878 lici
1934 842 2050 879 verbis
2070 858 2140 880 ere—

84 911 144 944 τοῦ
172 908 265 945 Θεοῦ
295 906 512 957 λεγομένοις,
539 903 694 955 φιλόθεος
723 901 813 947 ὢν),
846 899 904 938 καὶ
931 898 1016 951 πρὸς
1048 897 1111 945 τὴν
1185 896 1268 936 dere
1294 912 1363 936 non
1389 908 1523 951 poterat
1551 900 1608 939 vir
1636 910 1707 939 tam
1731 901 1954 952 religiosusl,
1976 902 2022 939 nd
2041 917 2140 940 suam

84 967 224 1013 ἡλικίαν
253 969 342 1017 ὁρῶν
360 966 424 1012 τὴν
458 967 594 1011 ἑαυτοῦ,
624 963 682 1001 καὶ
705 962 790 1013 πρὸς
809 960 871 1008 τὴν
890 963 951 1007 τῆς
972 959 1111 1011 Σάῤῥας
1186 960 1375 1012 respiciens
1390 969 1527 999 aetatem
1539 991 1548 1009 ,
1564 971 1598 1000 ct
1616 962 1730 1000 Sarra:
1746 961 1965 1001 sterilitatem
1978 992 1986 1007 ,
2002 977 2080 1014 qua¹
2095 962 2140 1000 ad

84 1028 266 1080 στείρωσιν
295 1026 358 1074 τὴν
388 1025 513 1078 μέχρις
537 1024 671 1071 ἐκείνης
696 1022 835 1070 ἡλικίας
862 1020 1110 1073 γεγενημένην,
1135 1028 1159 1057 Γ,
1186 1020 1286 1058 illam
1301 1035 1410 1072 usque
1429 1031 1564 1060 εει-110111
1586 1023 1860 1075 perduraverat,
1880 1023 2016 1062 consilii
2039 1024 2140 1076 inops

83 1090 118 1127 ἐν
132 1088 315 1140 ἀμηχανίᾳ
329 1087 478 1139 γεγονὼς
491 1116 500 1133 ,
523 1085 582 1124 καὶ
600 1082 836 1134 καταπλαγεὶς
853 1085 914 1120 τοῦ
934 1084 1027 1121 Θεοῦ
1047 1080 1110 1128 τὴν
1184 1090 1217 1119 et
1236 1081 1485 1134 obstupescens
1504 1083 1550 1121 ob
1570 1083 1838 1136 promissionem
1866 1084 1931 1122 Dei
1953 1100 1960 1120 :
1983 1086 2043 1121 17.
2068 1085 2138 1123 Ce-

82 1149 271 1201 ὑπόοχεσιν
286 1179 295 1195 ,
330 1148 462 1187 'Earsos
479 1177 489 1195 ,
527 1146 633 1198 φησὶν
650 1176 659 1194 ‚
699 1145 756 1184 ἐπὶ
798 1143 1008 1196 πρόσωπον,
1051 1142 1111 1180 καὶ
1185 1144 1294 1191 cidit,
1323 1143 1460 1195 inquit,
1481 1146 1696 1198 infaciem,
1719 1154 1756 1184 et
1774 1147 1872 1184 risit.

84 1209 261 1261 ἐγέλασεν.

136 1265 218 1309 Εἶδε
239 1270 302 1318 τὴν
321 1269 518 1322 ὑπερὸολὴν
539 1272 601 1316 τῆς
621 1267 842 1321 ὑποσχέσεως
857 1296 867 1316 ,
889 1266 948 1304 καὶ
965 1268 1028 1313 τῆς
1049 1266 1111 1304 δυ-
1238 1271 1274 1307 2.
1295 1268 1432 1309 Videns
1446 1270 1572 1309 miram
1586 1270 1869 1324 promissi0nem,
1893 1281 1926 1310 et
1946 1271 2139 1324 potentiam

85 1332 220 1382 νάμεως
253 1335 313 1369 τοῦ
346 1330 644 1383 ἐπαγγειλαμένου
674 1330 714 1368 τὸ
747 1329 889 1380 μέγεθος
920 1327 1085 1373 ἐννοήσας
1099 1355 1108 1373 ,
1183 1331 1259 1384 ejus
1275 1331 1337 1381 qui
1354 1331 1562 1384 promiserat
1579 1333 1748 1384 cogitanS,
1767 1334 1913 1372 Cecidit
1927 1334 2139 1386 infaciem,

83 1392 236 1431 Ἔπεσεν
255 1394 313 1430 ἐπὶ
332 1393 531 1445 πρόσωπον,
548 1392 607 1430 καὶ
623 1391 800 1442 ἐγέλασεν,
825 1390 902 1427 ἀντὶ
920 1393 992 1435 τοῦ,
1012 1403 1110 1440 περι·
1184 1401 1220 1431 et
1242 1396 1338 1443 risit,
1368 1393 1435 1431 1100
1456 1403 1522 1443 est,
1544 1396 1725 1447 voluptate
1755 1396 1918 1448 pei-susus
1945 1404 2019 1443 est;
2047 1405 2079 1433 et
2103 1396 2138 1433 in

84 1454 197 1507 χαρὴς
219 1454 373 1505 ἐγένετο·
395 1454 454 1492 καὶ
470 1453 560 1492 κατὰ
577 1452 656 1496 τοὺς
674 1454 736 1498 τῆς
754 1451 905 1495 διανοίας
921 1448 1110 1501 λογισμοὺς
1182 1454 1301 1493 animo
1320 1455 1521 1506 cogitabat,
1541 1456 1719 1507 quomodo
1735 1456 1929 1494 secundum
1945 1457 2138 1495 humanam

84 1515 231 1562 ἐνενόει,
260 1518 334 1559 πῶς
363 1515 402 1553 ἂν
423 1515 513 1553 κατὰ
532 1514 751 1567 ἀνθρωπίνην
782 1511 988 1552 ἀκολουθίαν
1007 1515 1110 1550 τοῦτο
1183 1516 1474 1554 consuetudinem
1494 1516 1562 1554 hoc
1580 1517 1655 1555 ficri
1677 1526 1810 1570 posset,
1832 1532 1917 1555 num
1940 1518 2140 1556 centenario
2166 1547 2182 1562 v,

85 1576 218 1627 γένοιτό
238 1592 340 1625 ποτε,
361 1577 420 1614 καὶ
435 1578 465 1614 εἰ
483 1578 533 1628 τῷ
553 1573 793 1614 ἑκατονταέτει
810 1573 946 1613 παιδίον
966 1572 1109 1624 γενήσε-
1184 1586 1385 1615 nasceretur
1400 1577 1516 1626 filius,
1539 1593 1581 1616 ac.
1601 1592 1686 1616 num
1707 1579 1836 1616 sterilis
1856 1586 1890 1616 et
1905 1579 2140 1631 nonagenaria

85 1654 166 1686 ται,
186 1638 246 1676 καὶ
265 1640 336 1685 εἷὴ
359 1645 499 1690 στεῖρα,
527 1637 587 1676 καὶ
615 1636 739 1689 μέχρις
771 1635 996 1683 ἐννενήκοντα
1022 1635 1109 1672 ἐτῶν
1184 1646 1325 1690 1·οΡοηῑο
1355 1648 1472 1690 posset
1501 1638 1625 1677 idonea
1658 1639 1735 1677 fieri
1763 1639 1807 1677 ad
1837 1649 1992 1692 partum.
2028 1642 2142 1691 Atque

85 1698 206 1749 ἄγονος
236 1698 462 1749 διαμείνασα,
481 1698 641 1750 ἐξαίφνης
671 1697 855 1744 δυνήσεται
874 1697 960 1749 πρὸς
985 1711 1108 1734 τεκνο-
1186 1713 1266 1737 011111
1296 1699 1372 1736 liaec
1400 1699 1520 1737 animo
1549 1700 1760 1751 cogitasset,
1792 1714 1860 1738 non
1892 1700 2043 1738 audebat
2075 1700 2142 1738 tale

84 1759 202 1810 γονίαν
235 1761 462 1813 διεγερθῆναι.
498 1759 567 1797 Καὶ
599 1761 711 1796 ταῦτα
743 1758 834 1798 κατὰ
860 1758 924 1805 τὴν
959 1757 1112 1796 διάνοιαν
1185 1758 1357 1810 quiddam
1392 1759 1514 1812 lingua
1547 1761 1646 1798 effari
1660 1776 1671 1810 3
1705 1761 1766 1800 sed
1796 1770 1937 1813 gratum
1969 1761 2142 1800 exhibens

85 1821 332 1872 λογισάμενος,
349 1823 412 1860 οὐκ
431 1819 604 1871 ἐτόλμησέ
624 1836 658 1858 τι
673 1824 826 1858 τοιοῦτον
844 1819 900 1857 διὰ
920 1821 981 1865 τῆς
999 1818 1111 1869 γλώτ-
1136 1823 1160 1852 D
1185 1820 1345 1858 animum
1365 1821 1481 1859 oravit
1501 1836 1566 1874 pro
1581 1822 1748 1871 Ismaele,
1767 1823 1868 1873 quasi
1886 1821 2019 1860 diceret
2041 1838 2049 1859 :
2071 1824 2142 1862 Do-

85 1897 148 1928 της
165 1888 399 1934 προενεγκεῖν,
426 1881 516 1920 ἀλλὰ
545 1882 676 1925 δεικνὺς
706 1884 828 1920 ἑαυτοῦ
847 1880 912 1927 τὴν
931 1881 1109 1931 εὖγνωμο-
1186 1881 1300 1930 minc,
1317 1882 1402 1920 satis
1429 1897 1485 1920 me
1504 1883 1705 1921 consolatus
1725 1897 1784 1933 es,
1806 1893 1839 1922 et
1856 1883 2016 1921 dolorem
2037 1898 2143 1935 quem

86 1943 208 1991 σύνην,
220 1943 441 1996 παράκλησιν
457 1943 626 1995 προσάγει
641 1943 721 1995 περὶ
732 1946 790 1981 τοῦ
807 1942 978 1993 Ἰσμαὴλ,
995 1957 1112 1993 μονον·
1187 1957 1232 1981 ex
1246 1943 1355 1995 prolis
1375 1943 1495 1996 inopia
1521 1944 1708 1996 gerebam,
1727 1945 1810 1983 dato
1829 1945 1976 1983 Ismaele
1996 1945 2032 1982 in
2054 1945 2143 1983 laeti-

85 2005 164 2058 ουχὶ
191 2005 322 2056 λέγων·
349 2004 535 2053 Δέσποτα,
557 2004 754 2058 ἀρκούντως
780 2020 823 2055 με
846 2003 1085 2057 παρεμυθήσω
1099 2033 1110 2051 ,
1187 2004 1274 2041 tiam
1288 2004 1437 2043 vertisti.
1459 2005 1551 2043 Nato
1573 2006 1668 2044 enim
1693 2006 1771 2055 illo,
1793 2020 1905 2057 neque
1932 2006 1969 2044 in
1991 2016 2144 2044 mentem

87 2066 146 2105 καὶ
161 2067 224 2113 τὴν
244 2068 283 2104 ἐκ
301 2069 363 2113 τῆς
373 2065 537 2109 ἀπαιδίας
550 2066 698 2116 ἀθυμίαν
712 2067 756 2118 τῇ
773 2065 865 2104 δόσει
884 2069 944 2102 τοῦ
961 2064 1112 2116 Ἱσμαὴλ
1187 2073 1307 2116 postea
1333 2065 1474 2117 accepi,
1504 2065 1563 2103 vel
1591 2066 1743 2118 cogitavi
1774 2065 1966 2117 aliquando
1993 2081 2012 2103 e
2039 2067 2143 2105 Sarra

87 2130 135 2171 εἷς
158 2127 372 2180 εὐφροσύνην
389 2126 589 2178 μετέὸαλες.
605 2127 698 2165 Οὐδὲ
712 2127 800 2178 γὰρ,
827 2125 949 2164 τούτου
967 2123 1111 2176 τεχθέν·
1187 2123 1408 2161 nasciturum
1432 2123 1522 2161 mihi
1547 2124 1676 2174 fllium,
1693 2124 1755 2162 sed
1768 2138 1880 2175 neque
1899 2125 1974 2177 ipsa
1996 2125 2063 2163 hoc
2084 2140 2146 2164 ex-

86 2204 163 2236 τος,
189 2188 310 2226 λοιπὸν
329 2187 394 2226 κᾶν
413 2189 448 2225 ἐν
478 2186 611 2240 διανοίᾳ
629 2187 756 2225 ἔλαὸον
775 2186 798 2234 ἢ
817 2185 984 2233 ἐνενόησά
1002 2200 1087 2223 ποτε
1100 2215 1110 2234 ,
1188 2183 1360 2236 spectavit
1380 2199 1388 2220 ι
1406 2183 1555 2235 ideoque
1586 2186 1681 2237 Agar
1709 2185 1799 2223 mihi
1819 2185 1986 2235 tradidit,
2005 2200 2147 2224 omnem

85 2248 140 2287 ὅτι
159 2250 199 2287 ἐκ
226 2251 288 2295 τῆς
310 2249 450 2301 Σάῤῥας
481 2247 581 2286 ἔσται
600 2263 661 2298 μοι
683 2254 788 2296 παῖς,
819 2248 897 2286 ἀλλ’
924 2247 1002 2285 οὐδὲ
1023 2246 1112 2294 αὐτὴ
1188 2245 1256 2284 sibi
1295 2259 1396 2298 spem
1433 2245 1623 2297 denegans.
1664 2248 1835 2298 Magnam
1872 2247 2148 2285 consolationem

86 2313 188 2348 τοῦτο
202 2309 442 2362 προσεδόκησε
456 2325 464 2333 ·
482 2309 534 2348 διὸ
548 2310 607 2348 καὶ
618 2309 680 2356 τὴν
695 2309 808 2362 Ἅγαρ
823 2326 881 2361 μοι
898 2309 1113 2361 παρέδωκεν,
1188 2307 1295 2346 ambo
1319 2307 1521 2360 accepimus
1552 2316 1633 2345 nato
1653 2307 1730 2346 filio
1751 2308 1910 2346 Ismaele.
1932 2308 1999 2346 Hic
2014 2308 2148 2360 igitur,

87 2370 358 2424 ἀπαγορεύσασα
388 2370 432 2409 τὰ
461 2372 537 2409 καθ’
569 2370 711 2417 ἑαυτήν.
735 2370 874 2417 Ἱκανὴν
907 2369 1020 2408 τοίνυν
1041 2372 1115 2421 ἀμ-
1188 2367 1251 2419 qui
1266 2377 1335 2406 ate
1352 2367 1458 2406 datus
1477 2377 1547 2417 est,
1565 2371 1665 2408 vivat
1678 2382 1797 2408 eoram
1815 2378 1871 2418 te,
1891 2378 1925 2407 et
1943 2369 2086 2408 abunde
2100 2384 2149 2408 sa·

86 2433 228 2485 φότεροι
265 2431 330 2478 τὴν
358 2431 586 2483 παραμυθίαν
621 2431 825 2484 ἐσχήκαμεν
843 2430 1024 2483 τεχθέντος
1054 2433 1113 2469 τοῦ
1140 2440 1163 2470 Ε
1188 2429 1234 2467 tis
1252 2428 1399 2466 recreati
1417 2428 1551 2468 erimus
1565 2459 1574 2477 ,
1594 2438 1627 2467 et
1647 2439 1861 2468 senectutem
1877 2439 2032 2468 nostram
2052 2430 2149 2469 illius

87 2493 250 2545 Ἰσμαήλ.
266 2487 378 2536 Οὗτος
391 2486 448 2531 οὖν
465 2495 483 2530 ὁ
498 2492 596 2544 παρὰ
613 2496 673 2530 σοῦ
685 2492 793 2536 δοθεὶς
809 2495 892 2543 ἡμῖν
904 2491 998 2538 ζήτω
1016 2492 1113 2529 ἐναν-
1190 2489 1262 2528 vita
1280 2489 1464 2527 solabitur.
1485 2489 1584 2536 Quid
1601 2490 1713 2541 igitur
1730 2490 1776 2528 ad
1794 2490 1870 2528 haec
1886 2490 2061 2542 benignus
2078 2493 2148 2530 Do-

86 2554 158 2593 τίον
188 2571 261 2601 σου,
292 2554 350 2592 καὶ
376 2556 549 2606 ἀρκοῦσαν
569 2553 689 2604 ἕξομεν
715 2553 780 2602 τὴν
798 2554 1034 2606 παράκλησιν,
1054 2553 1113 2591 καὶ
1189 2550 1448 2597 minus?Quia
1471 2551 1568 2604 piam
1588 2551 1677 2603 justi
1699 2561 1851 2589 mentem
1870 2561 1964 2589 tanto
1994 2561 2148 2604 tempore

86 2616 126 2655 τὸ
144 2618 255 2668 γῆρας
273 2616 312 2654 τὸ
330 2615 499 2668 ἡμέτερον
521 2618 542 2662 ἡ
563 2630 685 2653 τουτου
710 2615 781 2663 ζωὴ
802 2614 1110 2667 παραμυθήσεται.
1189 2612 1274 2650 satis
1300 2612 1534 2665 probaverat,
1553 2621 1586 2650 et
1607 2613 1721 2651 Sarrae
1741 2612 1873 2661 fidem;
1895 2612 1979 2663 quia
2009 2612 2148 2652 viderat

88 2677 121 2714 'l'
125 2676 135 2713 ί
167 2669 226 2714 οῧν
253 2679 271 2714 ὁ
301 2676 543 2728 φιλάνθρωπος
573 2676 782 2726 Δεσπότης,
805 2676 953 2723 Ἐπειδὴ
987 2677 1114 2720 ἱκανῶς
1190 2683 1380 2724 utrumque
1409 2673 1501 2714 nihil
1526 2673 1594 2712 sibi
1614 2673 1659 2711 de
1677 2674 1750 2711 suis
1778 2673 2040 2725 promittentem
2062 2674 2148 2712 viri-

88 2737 147 2775 καὶ
165 2740 224 2776 τοῦ
251 2737 383 2776 δικαίου
401 2740 464 2784 τῆς
482 2737 625 2789 γνώμης
654 2738 694 2776 τὸ
712 2738 868 2791 φιλόθεον
888 2738 945 2776 διὰ
963 2740 1026 2785 τῆς
1052 2741 1112 2776 τοῦ
1189 2736 1268 2785 bus,
1290 2734 1470 2772 Abraham
1489 2734 1636 2786 quidem
1652 2743 1799 2787 propter
1818 2743 2049 2783 senectutem,
2065 2736 2148 2774 Sar-

88 2797 213 2850 χρόνου
233 2798 461 2850 παρατάσεως
490 2799 674 2838 ἐδασάνισε
690 2828 700 2846 ,
722 2800 781 2838 καὶ
800 2802 862 2844 τῆς
882 2799 1022 2852 Σάῤῥας
1049 2799 1114 2846 τὴν
1189 2811 1266 2835 ram
1280 2805 1398 2834 autem
1426 2804 1571 2849 propter
1597 2796 1821 2834 sterilitatem
1849 2804 1954 2847 atque
1985 2805 2123 2835 aetatem
2138 2827 2147 2845 ,

88 2859 218 2906 πίστιν,
246 2860 305 2897 καὶ
336 2853 424 2898 εἶδεν
450 2860 664 2912 ἀμφοτέρους
695 2860 1024 2912 ἀπαγορεύσαντας,
1055 2861 1112 2899 καὶ
1188 2857 1275 2896 dicit
1297 2873 1305 2893 :
1325 2858 1428 2895 Nunc
1459 2856 1543 2906 quia
1573 2856 1718 2894 omnino
1750 2856 1854 2894 vobis
1889 2856 1958 2895 hoc
1989 2871 2064 2896 esse
2096 2858 2149 2896 vi-

88 2921 146 2958 τὸν
175 2921 238 2970 μὲν
255 2919 312 2958 διὰ
330 2921 370 2958 τὸ
388 2923 518 2973 γῆρας,
547 2921 612 2967 τὴν
633 2921 669 2959 δὲ
691 2921 780 2971 μετὰ
807 2924 868 2968 τῆς
894 2922 1034 2969 ἡλικίας
1056 2922 1114 2960 καὶ
1188 2919 1292 2957 detur
1324 2917 1545 2970 impossibile
1567 2932 1575 2952 :
1597 2916 1728 2955 idcirco
1765 2917 1859 2955 enim
1891 2926 1924 2955 et
1958 2932 2029 2970 ego¹
2059 2927 2148 2957 tam-

89 2981 146 3020 διὰ
165 2981 227 3029 τὴν
245 2981 440 3033 στείρωσιν,
456 2981 563 3034 φησί·
584 2985 642 3020 νῦν
660 2983 780 3031 ἐπειδὴ
797 2983 913 3033 πάντη
931 2987 1013 3034 ὑμῖν
1032 2983 1115 3021 ἀδό-
1188 2981 1252 3018 diu
1270 2979 1419 3028 distuli,
1440 2987 1478 3015 ut
1507 2977 1690 3016 ostendam
1723 2978 1826 3030 longe
1858 2979 1951 3017 ultra
1984 2990 2147 3018 naturam

89 3057 191 3080 νατον
208 3046 308 3082 τοῦτο
332 3035 419 3081 εἶναι
445 3042 623 3095 φαίνεται·
643 3043 699 3081 διὰ
721 3044 788 3096 γὰρ
811 3047 914 3083 τοῦτο
931 3043 1031 3094 κάγὼ
1049 3043 1112 3091 τὴν
1191 3056 1264 3081 0550
1284 3041 1418 3079 donum
1435 3039 1533 3091 quod
1554 3039 1727 3089 concedo,
1746 3039 1843 3092 quod
1870 3050 1903 3078 et
1932 3055 1995 3080 vos
2016 3042 2149 3093 aliique

91 3102 262 3149 τοσαύτην
291 3103 531 3155 μακροθυμίαν
564 3104 812 3155 ἐπεδειξάμην,
841 3103 897 3142 ἵνα
931 3104 1030 3149 δείξω
1060 3105 1115 3144 ὅτι
1191 3118 1312 3143 01111105
1328 3103 1383 3140 his
1401 3102 1502 3141 sactis
1520 3100 1658 3139 discant
1675 3116 1731 3140 me
1745 3111 1778 3140 et
1793 3111 1929 3140 naturae
1951 3103 2145 3141 Dominum

91 3162 178 3214 ὑπὲρ
209 3163 310 3215 φύσιν
336 3165 553 3216 ἀνθρωπίνην
572 3165 665 3203 ἐστὶν
695 3168 718 3212 ἠ
749 3165 864 3217 δωρεὰ
878 3168 901 3211 ἠ
919 3168 1003 3217 παρ’
1028 3167 1115 3217 ἐμοῦ
1132 3191 1178 3217 aus
1192 3180 1276 3213 esse,
1291 3163 1382 3203 etad
1397 3163 1649 3214 quodcumque
1668 3163 1810 3202 libuerit
1824 3178 1862 3202 ea
1878 3164 1943 3211 uti,
1964 3164 2148 3217 ipsamque

91 3223 317 3275 παρεχομένη
329 3252 338 3269 ,
357 3226 415 3263 καὶ
433 3225 491 3263 ἵνα
509 3226 569 3263 καὶ
589 3229 692 3278 ἡμεῖς
726 3226 785 3264 καὶ
804 3229 836 3264 οἱ
862 3225 962 3264 ἄλλοι
989 3226 1117 3270 πάντες
1144 3228 1169 3256 Λ
1193 3225 1360 3276 obsequi,
1374 3233 1407 3262 et
1422 3224 1544 3263 cedere
1559 3224 1742 3277 praeceptis
1759 3224 1857 3262 meis.
1876 3225 1946 3271 Qui
1963 3226 2054 3263 enim
2071 3241 2146 3263 eam

93 3285 137 3322 δι’
162 3286 276 3322 αὐτῶν
306 3284 443 3335 μάθωσι
470 3289 539 3325 τῶν
566 3287 800 3339 πραγμάτοιν,
820 3287 874 3326 ὅτι
893 3287 952 3325 καὶ
969 3289 1032 3334 τῆς
1051 3288 1118 3340 φύ-
1194 3302 1239 3326 ex
1257 3287 1368 3324 nihilo
1385 3285 1564 3338 produxi,
1584 3285 1834 3337 multomagis
1852 3301 1933 3324 cum
1946 3287 2021 3338 jam
2037 3287 2098 3335 sit,
2117 3297 2148 3324 et

92 3346 179 3389 σε’ώς
197 3348 269 3396 εἶμι
285 3346 487 3394 Δεσπότης,
506 3347 665 3400 καὶπρὸς
685 3349 704 3387 ὃ
729 3349 901 3400 βούλομαι
918 3349 1006 3396 αὐτὴ
1027 3351 1118 3387 ὑπα-
1195 3347 1383 3398 claudicet,
1401 3346 1536 3399 erigere
1553 3360 1709 3399 possum.
1732 3348 1782 3386 Ut
1803 3346 1914 3400 igitur
1931 3347 2056 3385 melius
2073 3362 2149 3386 con-

91 3406 206 3453 κούει,
235 3408 293 3446 καὶ
314 3407 397 3446 εἴκει
420 3413 490 3452 τοῖς
510 3410 604 3460 ἐμοῖς
630 3409 878 3461 ἐπιτάγμασιν.
909 3413 952 3451 Εἰ
985 3411 1054 3462 γὰρ
1082 3412 1120 3449 ἐκ
1196 3409 1304 3448 fidere
1331 3408 1460 3462 possis,
1483 3407 1566 3447 audi
1586 3417 1618 3447 et
1639 3409 1904 3461 expergiscere,
1934 3409 2150 3462 repulsisque
