2433 3775
51 1683 163 1713 March.
189 1682 218 1712 5.

52 2111 167 2149 Philip.
188 2119 215 2139 α.

260 171 320 216 38
682 186 719 216 s.
757 186 944 217 JOANMS
984 182 1229 216 cnnrsosr.

259 268 352 307 casio
370 268 437 307 tibi
457 268 658 321 praebeatur
677 268 766 307 dum
792 269 937 307 inimico
959 267 1148 314 benefacis,
1170 274 1208 304 ut

257 329 461 382 aperiantur
471 329 538 368 tibi
546 330 664 382 januae
680 330 823 368 fiduciae
839 328 1004 369 veniendi
1020 328 1067 366 ad
1078 329 1206 374 Deum,

257 399 292 428 et
306 389 502 429 redimendi
514 400 657 443 peccata
676 400 686 428 t
692 405 737 428 ua
748 391 766 428 Ξ)
782 392 828 428 At
844 390 932 427 forte
951 387 1138 426 inimicum
1150 385 1208 422 ul-

257 451 358 502 cisci,
383 461 417 490 et
441 466 523 490 eum
557 451 619 503 qui
643 452 747 489 malis
774 460 809 488 te
835 450 948 488 afficit
977 448 1124 500 paribus
1150 445 1209 485 vel

258 513 454 564 majoribus
479 513 585 565 plecti
620 513 703 551 vis?
728 511 774 550 Et
797 510 886 562 quid
908 509 993 547 inde
1013 507 1205 554 commodi,

258 587 341 612 cum
362 588 474 624 neque
490 582 528 610 tu
549 571 686 622 aliquid
714 570 797 609 inde
824 569 991 607 utilitatis
1020 567 1209 606 habiturus

259 633 321 683 sis,
336 633 398 671 sed
412 642 556 684 propter
566 632 634 670 hoe
646 631 694 669 sis
707 645 829 683 poenas
842 631 991 669 daturus
1005 628 1102 682 apud
1117 629 1207 667 hor-

257 693 409 731 rendum
428 692 521 730 illud
539 692 711 740 tribunal,
725 701 764 730 ut
779 692 843 742 qui
861 692 955 743 leges
971 690 1059 728 tanti
1071 689 1207 743 judicis

257 753 502 793 obliteraveris
523 763 557 792 et
577 753 784 805 infregeris?
803 753 886 802 Dic,
908 766 985 802 oro,
1009 752 1039 789 si
1058 765 1123 789 rex
1140 751 1207 789 ali-
1225 790 1231 796 ,

257 815 337 865 quis
352 825 509 854 terrenus
522 815 636 868 legem
653 814 840 868 posuisset,
853 823 892 852 ut
904 813 961 854 vel
978 813 1206 851 inimicorum

255 885 456 915 nostrorum
475 891 598 915 curam
614 889 790 928 geramus,
804 876 860 914 vel
876 884 986 913 morte
999 874 1205 927 puniamur,

255 951 372 976 annon
401 947 496 976 metu
529 937 653 975 mortis
679 936 874 988 corporalis
900 950 1019 974 omnes
1044 948 1207 973 accurre—

257 1007 334 1036 rent
351 998 397 1036 ad
415 998 633 1050 implendam
661 997 802 1049 legem?
821 997 963 1043 Quanta
994 996 1106 1048 igitur
1132 996 1207 1033 eri—

257 1059 449 1096 minatione
477 1058 608 1110 dignus
638 1058 743 1096 fuerit
769 1057 813 1108 is,
833 1057 894 1108 qui
918 1057 965 1094 ob
989 1056 1208 1107 corporalem

256 1127 420 1168 mortem,
439 1132 548 1170 quam
565 1119 697 1170 alioqui
717 1127 852 1156 naturae
870 1116 1052 1154 necessitas
1068 1116 1205 1166 afferet,

256 1180 374 1218 onmia
398 1179 564 1232 amplecti
590 1189 748 1232 paratus,
768 1177 947 1231 proposita
966 1186 1085 1214 autem
1103 1190 1207 1229 poena

1269 185 1474 216 ARCfflEP.
1513 188 1873 220 CONSTANTINOP-

1280 267 1384 316 γῆναί
1401 284 1454 306 σοι
1482 271 1544 314 τῆς
1571 271 1656 321 πρὸς
1679 272 1736 310 τὸν
1758 272 1848 312 Θεὸν
1870 272 2067 325 παρρησίας
2087 274 2148 319 τὰς
2182 274 2304 329 θύρας,

1281 327 1342 363 καὶ
1361 330 1430 365 τῶν
1449 331 1708 381 ἡμαρτημένων
1729 348 1782 371 σοι
1809 333 1873 380 τὴν
1895 334 2052 380 δαπάνην
2072 335 2302 389 ἓργάσασθαι;

1282 385 1373 424 Ἀλλ’
1394 387 1475 432 ἴσως
1494 391 1673 441 ἐπιθυμεῖς
1703 393 1901 443 ἀμύνασθαι
1926 395 1984 433 τὸν
2011 395 2146 448 ἐχθρὸν,
2166 396 2226 445 καὶ
2245 396 2304 434 τὸν

1282 451 1399 491 κακῶς
1419 465 1456 487 σε
1473 450 1669 489 διατιθέντα
1685 458 1758 496 τοῖς
1777 453 1862 498 ἴσοις
1879 456 2080 509 περιὲαλεῖν
2100 456 2122 503 ἢ
2146 457 2206 495 καὶ
2226 457 2305 507 μεί-

1282 509 1374 555 ζοσι;
1396 510 1466 547 Καὶ
1484 510 1520 548 τί
1537 511 1642 550 πλέον
1672 515 1712 550 ἐκ
1737 513 1857 552 τούτου
1885 515 2004 563 ἔσται,
2028 516 2110 555 ὅταν
2135 517 2223 568 μετὰ
2243 521 2304 555 τοῦ

1284 568 1371 618 μηδὲ
1403 570 1520 618 ὄνησίν
1552 571 1607 610 σοί
1635 588 1714 611 τινα
1748 573 1924 626 γίνεσθαι,
1960 576 2020 614 καὶ
2045 576 2186 622 εὐθύνας
2214 577 2299 628 με’λ-

1281 632 1352 674 λεις
1379 632 1465 684 ὑπὲρ
1489 632 1610 672 τούτου
1632 633 1772 686 ὑπέχειν
1803 637 1837 673 ἐν
1868 637 1916 687 τῷ
1938 637 2074 690 φοέερῷ
2107 638 2227 690 ἐκείνῳ
2255 639 2305 675 δι-

1282 693 1550 746 καστηρίῳ,·ὡς
1578 694 1658 739 τοὺς
1685 697 1743 734 ὑπ’
1774 697 1879 735 αὐτοῦ
1910 696 2071 741 τεθέντας
2089 698 2214 748 νόμους
2232 714 2307 737 πα-

1283 755 1505 807 ραχαράξας,
1542 757 1616 794 Ξῖπὲ
1636 756 1704 808 γάρ
1734 773 1817 808 μοι,
1837 760 1867 796 εἰ
1899 757 2060 810 βασιλεύς
2084 775 2136 804 τις
2157 763 2226 798 τῶν
2248 758 2307 797 ἐπὶ

1279 819 1341 868 γ”ῆς
1362 816 1465 868 νόμον
1494 821 1647 856 τοιοῦτον
1667 817 1801 867 ἔθηκεν,
1821 818 1912 858 ὥστε
1934 820 2012 863 τοὺς
2035 820 2178 872 ἐχθροὺς
2198 824 2303 872 θερα-

1279 877 1410 926 πεύειν,
1428 877 1450 924 ἢ
1475 877 1620 917 θάνατον
1638 873 1724 918 εἶναι
1739 879 1802 927 τὴν
1821 880 2006 934 τιμωρίαν,
2028 883 2090 919 οὐκ
2109 881 2148 919 ἂν
2169 879 2226 920 διὰ
2247 882 2304 920 τὸν

1280 938 1384 990 φόὸον
1417 944 1484 994 τοῦ.
1507 943 1711 989 σωματικοῦ
1747 940 1868 979 τούτου
1901 941 2049 980 θανάτου
2070 941 2196 985 πάντες
2225 941 2306 980 ἐπέ-

1281 1000 1411 1050 δραμον
1433 1002 1478 1044 εἷς
1499 1000 1567 1047 τὴν
1595 1005 1656 1039 τοῦ
1684 1000 1790 1052 νόμου
1817 1002 2062 1055 ἐκπλήρωσιν,
2094 1002 2216 1050 Πόσης
2245 997 2304 1041 οὖν

1281 1061 1342 1097 οὒκ
1358 1060 1399 1097 ἂν
1420 1061 1472 1106 εἴη
1490 1061 1702 1113 κατηγορίας
1730 1061 1838 1110 ἄξιον,
1859 1062 1914 1101 διὰ
1938 1062 1999 1111 μὲν
2026 1063 2083 1101 τὸν
2104 1064 2304 1114 σωματικὸν

1282 1119 1440 1167 θάνατον,
1457 1121 1492 1159 ὃν
1509 1121 1568 1159 καὶ
1588 1121 1666 1159 ἄνευ
1683 1121 1804 1160 τούτου
1820 1123 1860 1160 τὸ
1877 1126 1939 1168 τῆς
1952 1123 2085 1175 φύσεως
2101 1127 2186 1175 ἡμῖν
2202 1124 2304 1176 χρέος

2231 1184 2299 1199 ὶκὶ

1280 1179 1420 1224 πάντως
1440 1179 1587 1232 1’ἐπάγει
1601 1211 1610 1229 ,
1632 1181 1749 1219 πάντα
1773 1183 2029 1234 καταδέχεσθαι
2047 1189 2172 1232 ποιεῖν,
2191 1186 2248 1222 δια
2267 1199 2304 1222 οε

256 1241 405 1292 mortis,
438 1256 516 1292 quae
538 1242 672 1279 nullam
703 1240 878 1279 invenerit
907 1238 1181 1277 consolationem
1194 1268 1206 1289 ,
1233 1248 1258 1279 E
1281 1240 1339 1278 τὸν
1356 1241 1514 1289 θάνατον,
1531 1241 1611 1280 ἔνθα
1627 1242 1852 1295 παραμυθίαν
1872 1245 1934 1282 οὐκ
1949 1244 2041 1282 ἔστιν
2057 1247 2184 1296 εὑρεῖν,
2200 1245 2306 1282 ἔλατ-

254 1302 374 1340 minus
405 1312 505 1340 curat
539 1303 652 1354 legem
687 1302 732 1340 ab
751 1301 1017 1340 ‘universorum
1054 1298 1209 1338 Domino

253 1362 388 1401 latam?

307 1429 343 1468 8.
373 1430 443 1468 Sed
463 1431 531 1468 mei
548 1431 683 1469 oblitus
697 1444 790 1478 sum,
808 1428 894 1467 dum
912 1428 989 1466 haec
1006 1428 1135 1479 loquor
1148 1427 1206 1478 iis,

253 1490 315 1542 qui
323 1492 692 1530 neebenesacientibns
703 1505 824 1544 parem
836 1489 985 1542 gratiam
995 1489 1204 1542 rependunt.

254 1551 345 1598 Quis
365 1552 477 1604 igitur
497 1553 641 1604 posthac
657 1567 676 1590 e
689 1551 866 1604 supplicio
895 1551 958 1589 illo
982 1565 1043 1588 nos
1063 1550 1203 1603 eripiet,

254 1613 396 1662 quando
410 1627 479 1651 non
496 1614 612 1651 solum
635 1613 680 1650 ab
700 1613 768 1650 hoc
780 1612 948 1650 mandato
970 1612 1073 1663 longe
1088 1611 1204 1650 dista-

255 1686 349 1724 mus,
371 1673 434 1712 sed
452 1688 564 1724 neque
596 1688 633 1711 ea
654 1673 806 1710 facimus
830 1687 907 1723 quae
934 1672 1148 1724 publicani?
1166 1674 1206 1711 Si

255 1737 358 1772 enim
376 1735 538 1787 diligitis
563 1735 765 1786 diligentes
780 1747 866 1780 vos,
881 1733 943 1779 ait,
964 1734 1058 1785 quid
1073 1735 1206 1785 magni

240 1795 386 1846 facitis
398 1798 415 1832 P
431 1808 559 1832 nonne
573 1802 610 1832 et
619 1794 820 1845 publicani
833 1794 904 1831 lzoc
916 1794 1015 1830 idem
1025 1795 1204 1845 faciunt?

254 1856 345 1893 Cum
371 1855 484 1906 igitur
511 1869 624 1905 neque
641 1855 708 1892 hoc
727 1869 747 1892 a
766 1854 868 1892 nobis
888 1855 965 1903 fiat,
983 1868 1061 1905 quae
1081 1855 1204 1895 salutis

253 1925 379 1955 nostra:
396 1916 498 1969 spes?
516 1915 600 1954 Ideo
614 1929 690 1965 oro,
710 1929 752 1952 ne
766 1915 876 1953 simus
890 1915 1200 1965 immisericordes,

252 1973 315 2012 sed
347 1983 484 2012 nostras
514 1972 742 2025 cogitationes
773 1973 972 2023 domemus,
993 1982 1026 2011 et
1046 1973 1203 2025 primum

252 2035 398 2086 quidem
412 2035 591 2073 diseamus
608 2034 751 2072 vincere
765 2034 972 2086 proximum
995 2034 1150 2083 caritate,
1171 2045 1203 2074 et

253 2096 449 2134 secundum
475 2096 621 2134 beatum
647 2096 860 2147 apostolum,
880 2095 992 2133 alium
1022 2095 1151 2147 singuli
1168 2111 1203 2135 se

252 2157 387 2196 honore
408 2156 690 2210 praestantiorem
716 2155 944 2205 arbitrantes,
963 2157 998 2194 in
1018 2156 1085 2194 hoc
1106 2157 1202 2195 vinei

252 2232 321 2256 non
340 2219 508 2265 feramus,
520 2217 582 2256 sed
598 2217 785 2256 vincamus
800 2226 833 2254 et
851 2231 1069 2269 superemus,
1088 2217 1151 2255 sed
1171 2227 1204 2255 et

251 2280 422 2331 majorem
432 2288 465 2317 et
478 2278 727 2317 ferventiorem
739 2292 819 2329 erga
836 2277 1022 2328 diligentes
1037 2279 1202 2316 affectum

250 2339 544 2378 demonstremus.
556 2339 632 2377 Hoc
646 2341 740 2377 enim
754 2338 1078 2377 maximcomnium
1092 2339 1203 2377 vitam

251 2409 407 2438 nostram
423 2399 578 2438 eontinet
593 2408 626 2437 ct
639 2409 837 2449 conservat,
857 2408 890 2437 et
901 2399 968 2438 hoe
983 2414 1002 2436 a
1018 2399 1134 2437 brutis
1146 2400 1201 2438 se-

250 2462 369 2512 risque
391 2461 578 2510 distamus,
594 2459 689 2511 quod.
706 2461 894 2513 possimus,
913 2460 942 2498 si
962 2460 1201 2510 voluerimus,

250 2519 502 2574 congruentem
522 2520 622 2559 nobis
641 2534 850 2560 conservare
876 2521 1050 2570 ordinem,
1073 2530 1106 2559 et
1127 2536 1201 2559 ma-

250 2596 355 2633 gnam
367 2582 631 2635 cumproximis
643 2581 867 2620 concordiam
875 2582 1043 2620 exhihere
1054 2598 1061 2619 :
1072 2582 1202 2621 deinde

249 2657 332 2682 vcro
346 2643 596 2696 cogitationem
614 2652 771 2681 nostram
787 2657 954 2692 coercere,
967 2656 1008 2680 ac
1020 2643 1200 2681 truculen-

250 2714 322 2742 tam
339 2705 439 2742 illam
452 2705 573 2753 seram,
584 2704 669 2741 iram
682 2704 718 2742 di
724 2718 776 2753 co,
789 2703 978 2753 lancinare,
994 2717 1035 2742 ac
1049 2713 1199 2742 tremen-

248 2764 285 2803 di
306 2766 403 2803 illius
423 2765 611 2803 tribunalis
633 2767 817 2803 horrorem
840 2764 907 2818 ipsi
927 2774 1197 2818 repraeseutare,

247 2826 418 2877 illamque
442 2826 579 2875 doecre,
594 2826 621 2864 si
639 2826 767 2864 adduci
789 2826 899 2879 possit
913 2835 952 2864 ut
965 2826 1118 2864 inimicis
1136 2841 1196 2864 re—

248 2887 470 2936 roocilietur,
492 2887 565 2925 sore
581 2887 734 2925 utbonis
754 2887 956 2938 ingentibus
979 2887 1196 2935 cumuletur;

247 2948 300 2985 sin
321 2957 439 2985 autem
459 2948 493 2984 in
517 2947 735 2985 contentione
754 2957 966 3000 perseveret,
987 2947 1087 3000 gravi
1110 2962 1197 2999 sup-

247 3007 354 3059 plicio
375 3007 557 3059 puniatur.
578 3008 700 3059 Neque
722 3008 815 3047 enim
834 3018 962 3047 temere
976 3018 1010 3048 et
1024 3008 1198 3048 inutiliter

287 3150 304 3173 ι»
321 3149 375 3181 stc
388 3138 490 3181 savii.
505 3156 537 3180 et
551 3149 626 3180 uss.
641 3165 648 3189 ³
666 3148 779 3181 More).
797 3154 914 3192 ἐπείγει.

1280 1317 1337 1340 τον
1366 1302 1555 1354 φροντίζειν
1576 1306 1635 1341 τοῦ
1667 1303 1738 1342 ὑπὸ
1765 1309 1826 1342 τοῦ
1845 1307 1913 1342 τῶν
1943 1305 2106 1343 ἁπάντων
2126 1305 2306 1344 Δεσπότου

1281 1363 1440 1415 κειμένου
1459 1363 1586 1414 νόμου,

1334 1425 1438 1464 Ἀλλὰ
1455 1424 1522 1477 γὰρ
1543 1425 1664 1464 ἔλαθον
1686 1425 1834 1477 ἐμαυτὸν
1852 1430 1962 1464 ταῦτα
1976 1425 2218 1478 διαλεγόμενος
2235 1432 2305 1471 τοῖς

1279 1485 1356 1526 οὐδὲ
1376 1487 1462 1539 πρὸς
1482 1485 1560 1530 τοὺς
1585 1489 1794 1537 ἀγαπῶντας
1816 1485 1879 1532 τὴν
1911 1486 1988 1534 ἴσην
2008 1487 2149 1538 ἀγάπην
2177 1483 2305 1526 ἐπιδεῖ-

1278 1547 1471 1599 κνυμένοις.
1491 1548 1556 1592 Τίς
1577 1542 1635 1587 οὖν
1654 1552 1748 1598 ἡμᾶς
1766 1548 1887 1586 λοιπὸν
1905 1548 2127 1600 ἐξαιρήσεται
2160 1551 2222 1595 τῆς
2247 1566 2305 1588 κο-

1277 1608 1410 1652 λάσεως
1429 1608 1579 1657 ἐκείνης,
1600 1607 1682 1647 ὅταν
1705 1608 1753 1659 μὴ
1785 1608 1887 1659 μόνον
1918 1608 2052 1656 ἐκείνης
2072 1611 2135 1655 τῆς
2163 1612 2304 1657 ἐντολῆς

1276 1662 1370 1720 ὦμεν
1391 1669 1529 1722 μακρὰν
1550 1669 1807 1722 ἀπῳκισμένοι,
1829 1668 1919 1707 ἀλλὰ
1944 1670 2032 1720 μηδὲ
2052 1670 2097 1709 τὰ
2116 1670 2206 1709 αὐτὰ
2232 1677 2304 1714 τοῖς

1279 1730 1443 1774 τελώναις
1455 1731 1683 1783 πράττωμεν,
1701 1730 1787 1770 Ἐὰν
1807 1730 1874 1784 γὰρ
1892 1730 2099 1783 ἀγαπήσητε
2117 1731 2194 1774 τοὺς
2211 1732 2303 1782 ἀγα-

1275 1795 1414 1835 πῶντας
1434 1795 1543 1843 ὑμᾶς,
1578 1792 1684 1845 φησὶ,
1711 1791 1746 1830 τί
1778 1792 1868 1843 μέγα
1898 1797 2048 1839 ποιεῖτε;
2075 1791 2151 1844 οὐχὶ
2180 1791 2240 1829 καὶ
2271 1794 2304 1831 οἱ

1275 1855 1423 1891 τελῶναι
1439 1854 1478 1892 τὸ
1493 1853 1577 1892 αὐτὸ
1594 1857 1769 1901 ποιοῦσιν,
1783 1851 1899 1891 εὈτοιν
1915 1847 1972 1890 οἶν
1994 1853 2081 1903 μηδὲ
2099 1856 2201 1890 τοῦτο
2217 1855 2302 1905 παρ’

1230 1923 1255 1953 Α
1275 1917 1376 1963 ἡμῶν
1391 1914 1548 1966 γίνηται,
1568 1914 1652 1953 ποία
1673 1913 1847 1966 σωτηρίας
1861 1916 1945 1964 ἡμῖν
1967 1913 2086 1961 ἐλπίς;
2105 1913 2171 1952 Διὸ
2185 1930 2302 1966 παραε

1274 1977 1392 2024 καλῶ,
1410 1975 1481 2026 ῃ’μὴ
1506 1976 1686 2027 γενώμεθα
1717 1975 1957 2027 ἅσπλαγχνοι,
1978 1975 2069 2014 ἀλλὰ
2088 1976 2302 2026 δαμάσωμεν

1274 2038 1375 2085 ἡμῶν
1395 2036 1452 2074 τὸν
1471 2037 1651 2087 λογισμὸν,
1669 2036 1727 2073 καὶ
1747 2038 1884 2088 πρῶτον
1909 2035 1971 2086 μὲν
1991 2035 2235 2086 παιδεύσωμεν
2252 2053 2303 2074 νι-

1275 2103 1339 2146 κᾷν
1355 2097 1412 2134 τὸν
1438 2096 1584 2143 πλησίον
1604 2098 1640 2133 ἐν
1670 2099 1713 2147 τῇ
1734 2095 1855 2147 ἀγάπῃ
1871 2126 1879 2143 ,
1897 2095 1976 2143 καὶ,
1996 2095 2088 2133 κατὰ
2104 2096 2164 2133 τὸν
2184 2097 2303 2147 μακά-

1277 2172 1345 2209 ριον
1367 2158 1522 2204 Παῦλον,
1538 2159 1580 2208 τῇ
1610 2158 1697 2207 τιμῇ
1721 2156 1890 2201 ἀλλήλους
1918 2155 2176 2207 προηγούμενοι
2198 2158 2302 2208 ὑπερ-

1274 2217 1417 2268 έχοντας
1439 2220 1585 2264 ἑαυτῶν,
1604 2217 1662 2255 καὶ
1678 2217 1728 2267 μὴ
1749 2216 1935 2268 ἀνέχεσθαι
1951 2219 2196 2265 ἐλαττοῦσθαι,
2212 2218 2301 2256 ἀλλὰ

1273 2286 1386 2330 νικᾷν,
1403 2279 1462 2316 καὶ
1480 2278 1528 2329 μὴ
1545 2278 1841 2330 ὑπερῧάλλεσθαι,
1862 2277 1952 2315 ἀλλὰ
1978 2278 2037 2315 καὶ
2057 2277 2201 2316 πλείονα
2221 2281 2299 2316 ἐπι-

1273 2339 1468 2377 δείκνυσθαι
1487 2339 1546 2377 καὶ
1567 2339 1776 2391 θερμοτέραν
1788 2338 1851 2386 τὴν
1870 2337 1886 2357 ¹'
1898 2338 1978 2390 περὶ
1998 2337 2075 2382 τοὺς
2091 2341 2301 2390 ἀγαπῶντας

1273 2400 1438 2438 διάθεσιν.
1459 2401 1572 2438 Τοῦτο
1587 2400 1654 2452 γάρ
1673 2401 1766 2437 ἐστιν
1783 2400 1800 2438 ὃ
1817 2400 1972 2450 μάλιστα
1990 2400 2129 2452 συνέχει
2142 2400 2201 2438 καὶ
2218 2416 2301 2452 συγ-

1273 2468 1389 2514 κροτεῖ
1411 2461 1474 2508 τὴν
1493 2461 1584 2509 ζωὴν
1611 2461 1675 2508 τὴν
1694 2461 1881 2515 ἡμετέραν,
1897 2461 1957 2499 καὶ
1983 2461 2093 2515 τούτῳ
2121 2464 2189 2500 τῶν
2219 2462 2299 2501 ἀλό-

1271 2539 1341 2574 γων
1370 2523 1429 2561 καὶ
1459 2526 1527 2561 τῶν
1548 2523 1676 2576 θηρίων
1705 2523 1953 2573 διεστήκαμεν,
1975 2525 2024 2575 τῷ
2057 2524 2244 2569 δύνασθαι,
2268 2526 2298 2562 εἷ

1273 2584 1536 2635 βουληθείημεν,
1552 2584 1614 2632 τὴν
1630 2584 1874 2636 προσήκουσαν
1894 2587 1979 2634 ἡμῖν
1996 2583 2090 2628 τάξιν
2109 2585 2297 2636 διατηρεῖν,

1271 2647 1330 2684 καὶ
1350 2646 1482 2693 πολλὴν
1510 2646 1572 2692 τὴν
1594 2645 1674 2698 περὶ
1697 2645 1775 2688 τοὺς
1805 2645 1952 2692 πλησίον
1975 2644 2136 2695 ὁμόνοιαν
2168 2645 2296 2683 ἐπιδεί-

1270 2711 1434 2745 κνυσθαι·
1453 2707 1574 2745 ἔπειτα
1593 2706 1628 2745 δὲ
1652 2707 1773 2758 ἄγχειν
1800 2705 1859 2744 τὸν
1878 2706 2060 2756 λογισμὸν,
2080 2705 2139 2743 καὶ
2159 2705 2197 2743 τὸ
2217 2705 2296 2743 ἀτί-

1271 2771 1395 2806 θασσον
1417 2773 1517 2806 τοῦτο
1537 2766 1667 2819 θηρίον,
1696 2766 1754 2805 τὸν
1785 2765 1891 2816 θυμὸν
1917 2766 2032 2817 λέγω,
2059 2765 2294 2812 καταξαίνειν,

1269 2827 1328 2866 καὶ
1347 2828 1404 2866 τὸν
1431 2830 1550 2879 ἀγῶνα
1570 2829 1664 2880 αὐτῷ
1685 2832 1744 2866 τοῦ
1763 2827 1909 2879 φοῧεροῦ
1932 2825 2111 2879 κριτηρίου
2139 2827 2294 2878 ἐφιστᾷν,

1269 2889 1327 2927 καὶ
1342 2889 1529 2934 παιδεύειν,
1549 2888 1601 2927 ὅτι
1618 2888 1807 2940 ὑπόσχοιτο
1831 2887 1917 2939 πρὸς
1935 2886 2014 2930 τοὺς
2034 2887 2173 2940 ἐχθροὺς
2192 2888 2294 2926 σπεί-

1268 2954 1393 2988 σασθαι
1408 2978 1417 2996 ,
1436 2950 1597 3000 μεγάλων
1611 2948 1766 2992 τεύξεται
1792 2949 1861 2985 τῶν
1882 2950 2019 2998 ἀγαθῶν
2035 2963 2042 2970 ·
2063 2950 2093 2985 εἰ
2113 2947 2149 2985 δὲ
2170 2947 2220 2986 ἔτι
2239 2964 2292 3000 φι-

1266 3009 1450 3057 λονεικοίη,
1466 3011 1599 3057 πολλὴν
1614 3009 1848 3056 ὑποστήσεται
1863 3009 1974 3055 δίκην.
1989 3008 2080 3047 Οὐδὲ
2090 3009 2157 3060 γὰρ
2172 3009 2292 3051 ἁπλῶς

1284 3154 1518 3196 προηγούμενοι,
1536 3153 1735 3197 ὑπερέχοντας
1750 3152 1862 3184 ἑαυτῶν
1880 3153 1946 3188 τοὺς
1960 3153 2051 3188 πέλας
2075 3155 2222 3191 ἡγεῖσθαι,
2241 3155 2290 3183 καὶ

285 3211 299 3226 ·
316 3202 379 3233 llic
405 3200 546 3233 multum
571 3201 702 3233 variant
726 3200 937 3244 exemplaria.
965 3201 1068 3236 savit.
1092 3209 1126 3235 et
1148 3201 1245 3236 Cotb.
1282 3210 1325 3245 μὴ
1348 3207 1429 3247 vlia-'2-
1447 3204 1531 3237 Cum
1553 3203 1667 3237 Mor-el.
1698 3211 1732 3235 et
1752 3202 1936 3234 Montsauc.
1953 3202 2118 3234 consentit
2134 3200 2291 3244 Coislin.]

243 3258 384 3295 1111113μή
409 3257 562 3295 γενώμεθα
578 3256 706 3297 (ἱᾴθυμοι
728 3259 794 3298 περὶ
817 3259 870 3291 τὴν
887 3262 1008 3299 τήρησιν
1029 3262 1085 3288 τῶν
1101 3258 1225 3289 ἐντολῶν
1238 3281 1245 3293 ,

1325 3257 1340 3280 ¹¹
1360 3256 1438 3297 neg.
1467 3267 1548 3287 unus
1570 3260 1616 3290 ἐπὶ
1644 3259 1721 3294 τοὺς.
1749 3254 1825 3287 Mox
1853 3254 1938 3287 idem
1965 3255 2044 3296 Reg.
2070 3263 2103 3287 et
2127 3255 2227 3286 smil.
2256 3255 2289 3286 in

243 3309 322 3339 ἀλλὰ.
347 3308 540 3348 δαμὺσωμεν.
567 3303 703 3338 Coislin.
725 3312 769 3347 μὴ
793 3311 948 3348 γενώμεθα.
974 3313 1107 3341 τελωνῶν
1132 3311 1243 3350 ὅμοιοι,
1281 3306 1427 3351 margine
1448 3316 1601 3353 συγκρατεῖ
1616 3314 1668 3346 τὴν
1686 3314 1772 3348 ζωήν.
1800 3306 1890 3339 Infra
1912 3306 2012 3340 Saril.
2038 3315 2066 3339 et
2088 3309 2161 3339 Mss.
2182 3310 2286 3342 ἐπιδεί-

242 3362 310 3391 νΗλ.
336 3356 448 3390 Morcl.
477 3363 517 3396 μὴ
533 3363 685 3400 γενώμεθα
703 3362 900 3400 infirmum,
925 3362 1014 3393 α’.)ῌ..
1029 3360 1126 3402 [Mox
1143 3359 1243 3392 Savil.
1281 3365 1408 3394 ναυσθαι.
1426 3360 1541 3392 Mutet.
1564 3363 1735 3394 Esimwhz.
