2433 3775
274 228 335 286 84
705 240 741 268 s.
781 238 967 269 sommis

1002 235 1245 267 CHRYSOST.

1283 238 1304 265 Α
1313 238 1470 267 RCfflEP
1479 257 1487 266 .
1525 236 1887 267 CONSTANTINOP-

274 323 504 371 mutitudine,
541 337 618 375 quae
648 337 717 360 una
755 322 940 360 nobiseum
972 320 1150 367 laborant,
1189 328 1222 356 et
1245 323 1271 352 D
1297 319 1383 370 βαρὺ
1403 319 1463 356 καὶ
1482 319 1642 371 φορτικὸν
1671 323 1730 357 τοῦ
1748 321 1890 371 ἱδρῶτος
1920 322 1969 370 τῷ
1990 319 2116 366 πλήθει
2142 322 2209 358 τῶν
2237 321 2319 360 ἀλό-

272 386 451 425 molestias
471 385 589 422 serunt
599 415 610 433 ,
626 384 720 421 idem
738 383 872 421 faciens
884 381 981 432 quod
995 380 1173 431 benignus
1190 388 1223 416 et

272 447 430 500 prudens
443 444 711 498 paterfamilias,
722 443 783 493 qui
796 442 975 493 flagellato
988 454 1101 487 servo,
1116 438 1222 476 etiam

273 522 395 546 curam
409 506 604 558 quamdam
617 517 810 555 congruam
824 501 974 553 flagellis
993 500 1156 538 adhibet:
1172 498 1222 536 sic

272 579 306 607 et
329 571 426 607 Deus
440 577 478 604 ut
495 564 746 604 condemnavit
776 572 1011 615 peecatorem,
1050 560 1221 598 leniorem

271 630 377 668 etiam
396 625 722 666 condemnationem
739 638 812 661 esse
830 623 960 672 voluit,
995 631 1028 660 et
1055 621 1158 659 nobis
1176 620 1220 659 ad

271 691 436 729 sudorem
450 698 483 726 et
495 688 655 726 laborem
672 694 885 738 perpetuum
899 683 1092 731 damnatis,
1105 682 1221 721 subsi-

268 751 383 789 diaria
398 751 480 788 fecit
501 749 614 787 multa
634 748 821 785 brutarum
845 760 983 798 genera.
1008 747 1121 796 Atque
1154 745 1218 794 ita,

271 811 371 863 quod
388 811 561 850 honorem
587 808 688 847 nobis
720 807 819 846 dedit
851 817 883 845 et
903 821 1025 845 rursus
1055 806 1218 854 abstulit,

272 883 305 911 et
322 873 516 910 bestiarum
532 870 634 908 nobis
653 878 785 907 metum
806 868 965 917 immisit,
984 877 1018 906 et
1037 867 1171 917 omnia,
1191 869 1220 906 si

271 934 350 985 quis
364 933 554 984 diligenter
567 940 600 969 et
613 930 755 969 cordate
768 930 938 981 inquirat,
949 928 1103 968 offendet
1117 929 1220 981 plena

68 1015 184 1044 Moralis
205 1025 255 1044 ex·
270 995 465 1047 sapientiae,
481 991 726 1046 providentiae,
738 1000 771 1028 et
780 990 1020 1042 benignitatis.
1042 990 1219 1036 Quocirca

269 1071 334 1109 pro
354 1057 411 1094 his
429 1055 594 1094 omnibus
615 1053 745 1105 gratias
762 1052 794 1090 ei
805 1067 961 1090 summas
977 1065 1138 1102 agamus,
1157 1051 1219 1102 qui

269 1126 365 1155 tanta
387 1116 484 1167 apud
504 1129 565 1153 nos
578 1113 749 1152 beneficia
767 1113 966 1150 collocavit.
985 1113 1109 1162 Neque
1124 1111 1220 1149 enim

66 1198 244 1225 Saenificium
271 1192 380 1229 grave
394 1176 533 1228 aliquid
547 1185 581 1214 et
599 1189 786 1213 onerosum
805 1189 823 1212 a
842 1174 945 1211 nohis
974 1173 1123 1224 requirit
1138 1189 1146 1209 z
1159 1172 1220 1211 sed

66 1240 237 1288 maximum·
271 1237 388 1274 solum
407 1245 446 1273 ut
462 1244 632 1273 testemur
645 1242 678 1270 et
692 1233 868 1270 fateamur
881 1240 977 1269 tanta
988 1231 1176 1280 beneficia,
1185 1241 1219 1269 et

63 1279 254 1352 33:¹2⁷ssssss
268 1312 333 1349 pro
348 1297 405 1335 his
421 1295 552 1348 gratias
572 1295 766 1332 referamus
793 1308 800 1329 :
833 1306 902 1331 non
930 1291 1027 1343 quod
1057 1292 1131 1344 ipse
1161 1292 1219 1330 his

65 1363 194 1392 contari.
268 1367 379 1410 egeat,
395 1357 457 1408 qui
476 1356 575 1394 nulla
592 1370 630 1393 re
649 1355 803 1406 indiget,
818 1353 878 1391 sed
897 1362 936 1390 ut
954 1366 1016 1391 nos
1038 1352 1219 1392 discamus

266 1428 447 1457 auctorem
465 1418 641 1455 bonorum
665 1415 768 1454 nobis
784 1413 987 1463 conciliare,
1016 1423 1049 1452 et
1067 1428 1137 1452 non
1162 1414 1218 1452 in-

266 1480 358 1529 grati
372 1479 496 1528 simus,
511 1477 572 1516 sed
588 1477 737 1529 dignam
754 1475 861 1514 tantis
875 1474 1059 1513 beneficiis
1076 1484 1109 1513 et
1125 1490 1214 1527 pro—

264 1540 423 1579 videntia
440 1540 612 1578 virtutem
628 1538 833 1575 asseramus,
853 1537 946 1574 Nam
966 1537 1016 1575 sic
1031 1536 1150 1589 ipsum
1169 1536 1215 1574 ad

265 1602 437 1653 majorem
443 1599 554 1638 nostri
563 1597 841 1637 sollicitudinem
848 1597 1214 1650 provocabimusssm

264 1663 392 1713 igitur,
415 1675 458 1699 ne
469 1659 608 1699 desides
641 1659 764 1709 simus,
789 1658 850 1696 sed
871 1658 1114 1709 unusquisque
1151 1673 1215 1710 pro

264 1723 362 1761 virili
378 1731 547 1775 supputet
562 1720 660 1773 apud
677 1735 712 1757 se
725 1720 876 1772 singulis
890 1720 1000 1768 horis,
1015 1733 1084 1757 non
1100 1720 1216 1758 solum

264 1784 466 1822 communia
476 1782 660 1831 beneficia,
674 1781 738 1819 sed
752 1790 785 1819 et
804 1781 945 1833 privata
959 1781 995 1818 in
1013 1794 1049 1818 50
1063 1781 1190 1819 collata
1204 1797 1211 1818 :

265 1858 336 1882 non
359 1859 397 1881 ea
411 1853 548 1881 tantum
559 1857 638 1893 quae
649 1856 768 1879 omnes
784 1842 952 1891 fatentur,
973 1850 1005 1879 et
1015 1856 1093 1892 quae
1105 1842 1216 1879 omni-

265 1905 333 1942 bus
348 1904 535 1942 manifesta
554 1911 651 1949 sunt,
670 1901 732 1939 sed
749 1911 781 1939 et
796 1901 956 1954 propria,
976 1916 1016 1939 ae
1028 1902 1216 1954 plerosque

262 1965 410 2003 latentia
425 1981 432 2001 :
448 1965 499 2002 sic
513 1964 608 2002 enim
622 1963 667 2001 ad
679 1963 881 2001 continuam
897 1964 1090 2015 gratiarum
1103 1965 1216 2002 actio—

264 2041 344 2064 nem
366 2025 521 2063 Domino
536 2023 755 2062 referendam
773 2024 990 2062 incitabitur.
1013 2024 1089 2062 Hoc
1101 2026 1216 2063 maxi-

265 2102 366 2124 mum
386 2085 615 2133 sacrificium,
634 2085 710 2122 haec.
731 2085 887 2137 perfecta
909 2085 1045 2123 oblatio
1065 2095 1127 2134 est,
1149 2086 1217 2124 hoe

267 2147 407 2185 fiduciae
426 2160 509 2198 erga
523 2147 643 2183 Deum
659 2154 787 2182 nostrae
797 2154 1049 2195 argumentum
1064 2155 1097 2183 et
1112 2160 1217 2185 causa

268 2217 318 2246 est
341 2224 347 2244 :
364 2217 396 2245 et
408 2206 602 2258 quomodo,
623 2219 687 2257 ego
703 2205 834 2244 dicam.
849 2205 922 2251 Qui
938 2205 1030 2243 enim
1048 2206 1123 2244 hzec
1134 2222 1214 2246 con-

267 2269 366 2306 tinuo
394 2269 431 2306 in
454 2277 570 2305 mente
588 2281 651 2305 sua
669 2275 809 2315 versat,
836 2275 869 2304 et
886 2281 986 2304 suam
1007 2267 1215 2307 tenuitatem

265 2338 427 2367 accurate
444 2328 556 2376 novit,
568 2336 599 2365 et
615 2327 827 2365 eminentem
839 2326 998 2365 divinam
1010 2328 1215 2379 benignita-

265 2397 335 2424 tem
355 2386 503 2438 cogitat,
513 2385 691 2436 quomodo
707 2399 833 2437 nempe
846 2399 915 2423 non
931 2386 1113 2424 attendens
1126 2387 1215 2438 quid

266 2457 467 2485 mereantur
485 2456 629 2499 peecata
647 2455 780 2496 nostra,
799 2446 862 2485 sed
877 2446 964 2497 quid
993 2461 1055 2485 sua
1072 2447 1214 2486 bonitas

266 2509 431 2560 postulet,
457 2508 506 2546 ita
524 2522 579 2545 res
598 2516 734 2546 nostras
761 2507 939 2559 dispenset
962 2507 1018 2545 :is
1041 2508 1211 2547 nimirum

264 2578 417 2607 mentem
432 2568 615 2621 deprimit,
630 2581 691 2606 cor
701 2569 860 2615 conterit,
880 2583 1020 2606 omnem
1038 2570 1169 2608 fastum
1180 2580 1214 2608 et

263 2630 503 2682 arrogantiam
524 2629 685 2681 castigat,
700 2628 806 2667 discit
820 2629 977 2668 modeste
993 2645 1112 2682 agere,
1132 2646 1213 2671 eon-

264 2701 418 2729 temnere
434 2690 617 2743 praesentis
636 2690 716 2728 vitae
736 2689 900 2741 gloriam,
916 2690 1033 2730 ridere
1052 2691 1211 2732 visibilia

265 2751 396 2795 omnia,
420 2751 574 2803 cogitare
591 2751 708 2788 sutura
721 2751 815 2788 bona
832 2751 1014 2803 vitamque
1027 2752 1211 2792 immorta-

264 2810 334 2847 lem
350 2825 390 2847 ae
407 2824 604 2860 numquam
616 2810 822 2848 finiendam.
839 2810 911 2857 Qui
922 2820 1041 2850 autem
1061 2812 1111 2850 sic
1127 2813 1208 2850 assi—

264 2870 495 2917 citat-animo,
511 2885 636 2909 verum
656 2880 690 2909 et
708 2880 891 2924 acceptum
906 2872 1122 2911 sacrificium
1135 2875 1211 2912 Deo

65 2943 147 2972 1¹.-.1.‘.
183 2944 231 2973 50,
264 2932 381 2976 offert,
407 2931 498 2969 sicut
518 2932 693 2983 propheta
718 2931 807 2970 dicit
831 2948 838 2969 :
860 2933 1103 2988 Sacrificium
1123 2936 1209 2973 Deo

66 2992 110 3022 Ὠ·
262 2994 417 3043 spiritus
428 2993 708 3030 contribulatus
712 3009 726 3038 ,·
740 3006 807 3030 cor
821 2996 1028 3031 contritum
1041 2996 1210 3033 011111γηί-

262 3053 400 3090 Iiatum
433 3053 539 3090 Deus
573 3067 649 3089 non
678 3054 871 3105 despiciet.
909 3054 1081 3093 Cordatos
1110 3056 1204 3094 enim

258 3112 410 3151 famulos
426 3126 495 3150 non
527 3122 600 3150 tam
620 3127 730 3165 poena:
750 3123 783 3151 et
803 3114 976 3166 supplicia
996 3115 1200 3167 emendant,

70 1057 206 1086 hortatio.

299 3238 312 3252 ⁸
331 3234 486 3278 [Coislin.
504 3237 561 3268 οἷον
576 3241 611 3269 ἀν
627 3239 674 3268 καὶ
689 3238 714 3267 ὖ.
729 3235 832 3268 Saxil.
847 3238 905 3270 οἷον
917 3242 951 3270 ἂν
969 3242 993 3271 εἰ
1010 3238 1108 3280 ’ἴε-στι]

297 3297 309 3310 ‘'-
329 3286 389 3319 Α111
408 3292 456 3320 καὶ
473 3292 643 3331 &lun-:fam

298 3340 309 3358 ‘³
327 3338 463 3370 Coisliu.
480 3344 527 3371 καὶ
542 3345 614 3381 τόνῳ
630 3341 762 3375 διηνεκεῖ.

1237 1568 1269 1592 70

1239 1605 1265 1634 A

1238 2214 1262 2243 B

1293 394 1363 429 γων
1383 382 1451 416 τῶν
1474 379 1784 430 συνεφαπτομένων
1803 384 1888 431 ἡμῖν
1902 383 1962 418 τοῦ
1979 379 2084 418 πόνου
2101 377 2237 426 καὶτῆς
2255 396 2318 418 τα-

1293 439 1505 491 λαιπωρίας,
1534 439 1594 477 καὶ
1621 440 1744 478 ταύτὸν
1777 441 1979 489 πεποίηκεν,
2008 435 2108 479 *οἷον
2143 440 2184 478 ἂν
2204 442 2316 489 εἶκαὶ

1294 499 1464 545 δεσπότης
1492 499 1732 551 φιλάνθρωπος
1758 501 1819 538 καὶ
1847 501 2073 551 κηδεμονικὸς
2102 501 2158 539 τὸν
2179 500 2315 548 οἰκέτην

1292 560 1350 598 τὸν
1365 562 1466 598 αὐτοῦ
1486 559 1654 611 μαστίξας
1665 591 1674 607 ,
1695 565 1710 580 ⁰
1723 561 1909 613 θεραπείαν
1923 561 2001 600 τινὰ
2014 561 2222 614 προσαγάγῃ
2241 567 2316 606 ταῖς

1295 620 1472 671 μάστιξιν·
1493 619 1580 659 οὕτω
1610 620 1651 666 δὴ
1680 621 1739 659 καὶ
1757 624 1775 659 ὃ
1792 622 1882 665 Θεὸς
1899 622 2093 668 καταδίκην
2115 622 2242 665 ἐπιθεὶς
2265 624 2316 674 τῷ

1292 683 1513 733 ἡμαρτηκότι
1524 713 1533 729 ,
1551 682 1656 720 παντὶ
1671 682 1790 736 τρόπῳ
1803 682 1866 728 τὴν
1882 682 2218 729 καταδίκην-ταύτην
2238 699 2316 721 κου-

1292 743 1438 795 φοτέραν
1461 743 1619 795 βούλεται
1634 747 1800 790 ποι-ἧσαι,
1821 744 1941 795 ἱδρῶτι
1968 743 2031 794 μὲν
2054 747 2149 794 ἡμᾶς
2168 744 2312 782 καταδι-

1291 804 1402 847 κάσας
1420 803 1503 842 (ικαὶ
1533 804 1627 855 πόνῳ
1646 805 1814 850 διηνεκεῖ,
1837 807 1893 841 τοῦ
1913 803 1948 842 δὲ
1966 804 2072 842 πόνου
2100 804 2315 856 συνεφάπτε-
2346 838 2355 844 ,

1292 869 1371 903 σθαι
1401 866 1515 904 πολλὰ
1544 868 1612 903 τῶν
1643 866 1777 917 ἀλόγων
1806 865 1888 917 γένη
1921 864 2192 917 παρασκευάσας
2215 869 2313 916 ἡμῖν.

1292 926 1399 965 υΩστε
1420 926 1532 965 καὶτὸ
1548 928 1665 965 δοῦναι
1689 926 1752 973 τὴν
1779 926 1899 977 τιμὴν,
1919 926 1978 964 καὶ
1999 927 2039 964 τὸ
2057 926 2162 964 πάλιν
2187 925 2314 977 ἀφελέ-

1291 990 1392 1034 σθαι,
1409 986 1477 1025 ’καὶ
1505 987 1543 1024 τὸ
1568 987 1626 1024 τὸν
1648 987 1752 1039 φόὸον
1782 989 1969 1033 ἐπιστῆσαι
1997 989 2065 1024 τῶν
2091 986 2232 1037 θηρίων,
2256 985 2315 1024 καὶ

1290 1048 1424 1095 πάντα,
1455 1048 1496 1086 ἄν
1525 1063 1577 1091 τις
1607 1048 1760 1100 ἀκριδῶς
1792 1047 1943 1092 ἐξετάζοι
1973 1047 2034 1085 καὶ
2064 1045 2313 1097 εὐγνωμόνως,
2351 1040 2355 1044 ”

1290 1107 1421 1154 πολλῆς
1441 1108 1540 1159 γέμει
1558 1108 1691 1160 σοφίας,
1711 1110 1842 1155 πολλῆς
1863 1107 2083 1158 κηδεμονίας,
2099 1108 2232 1153 πολλῆς
2253 1109 2316 1153 τῆς

1290 1168 1559 1220 φιλανθρωπίας.
1580 1169 1693 1221 (Υπὲρ
1710 1168 1751 1215 δὴ
1772 1168 1902 1207 τούτων
1917 1169 2080 1207 ἁπάντων
2103 1169 2315 1220 εὐχαριστῶ·

1291 1245 1353 1279 μεν
1369 1231 1462 1282 αὐτῷ
1474 1260 1484 1277 ,
1499 1229 1559 1267 καὶ
1574 1229 1787 1280 εὐγνώμονες
1799 1228 1980 1282 γενώμεθα
1994 1229 2075 1282 περὶ
2091 1230 2149 1268 τὸν
2162 1231 2315 1267 τοσαῦτα

1289 1292 1383 1341 ἡμᾶς
1411 1290 1681 1343 εὖηργετηκότα.
1701 1289 1792 1329 Οὐδὲ
1813 1290 1880 1342 γὰρ
1902 1290 1990 1343 βαρύ
2018 1306 2053 1327 τι
2077 1290 2137 1328 καὶ
2166 1289 2315 1341 ἐπαχθὲς

1289 1353 1442 1399 ἐπιζητεῖ
1466 1355 1549 1404 παρ’
1580 1354 1695 1402 ἡμῶν,
1716 1353 1792 1390 ἀλλ’
1821 1351 1843 1396 ἢ
1862 1352 1902 1390 τὸ
1920 1353 2100 1402 ὁμολογεῖν
2129 1349 2232 1401 μόνον
2252 1349 2314 1394 τὰς

1288 1412 1457 1456 τοσαύτας
1485 1412 1700 1464 εὐεργεσίας,
1719 1412 1779 1450 καὶ
1803 1410 1970 1464 τὰς-ὑπὲρ
1986 1411 2117 1448 τούτων
2141 1412 2235 1463 αὐτῷ
2255 1412 2313 1448 εὗ-

1288 1473 1472 1526 χαριστίας
1485 1476 1500 1493 ⁰
1514 1472 1708 1525 ἀναφέρειν·
1728 1475 1789 1510 οὐκ
1806 1471 1924 1518 ἐπειδὴ
1942 1470 2041 1515 αὐτὸς
2056 1472 2164 1509 δεῖται
2179 1471 2312 1509 τούτου·

1289 1535 1449 1583 ἀνενδεὴς
1474 1534 1542 1588 γὰρ
1565 1534 1737 1587 ὑπάρχει·
1759 1535 1834 1571 ἀλλ’
1855 1532 1911 1570 ἵνα
1937 1536 2038 1583 ἡμεῖς
2065 1531 2312 1582 παιδευώμεθα

1285 1596 1342 1634 τὸν
1380 1596 1532 1649 χορηγὸν
1564 1594 1823 1634 ἐπισπάσασθαι
1861 1596 1929 1631 τῶν
1968 1595 2106 1643 ἀγαθῶν
2119 1622 2129 1640 ,
2165 1592 2226 1630 καὶ
2261 1592 2311 1643 μὴ

1287 1656 1485 1707 ἀγνώμονες
1503 1654 1683 1708 γενώμεθα
1696 1685 1706 1702 ,
1730 1656 1806 1692 ἀλλ’
1828 1653 1925 1698 ἀξίαν
1945 1656 2014 1690 τῶν
2033 1655 2237 1706 εὐεργεσιῶν
2253 1653 2312 1690 καὶ

1285 1719 1347 1762 τῆς
1379 1716 1549 1762 τοσαύτης
1586 1715 1796 1766 κηδεμονίας
1829 1714 1893 1761 τὴν
1926 1713 2052 1766 ἀρετὴν
2087 1713 2313 1766 εἷσφέρωμεν.

1286 1777 1391 1816 Οὕτω
1405 1777 1473 1830 γὰρ
1491 1777 1550 1815 καὶ
1570 1776 1671 1815 αὐτὸν
1689 1778 1736 1818 εἷς
1754 1775 1898 1813 πλείονα
1912 1773 1976 1821 τὴν
1994 1774 2075 1826 περὶ
2094 1777 2188 1825 ἡμᾶς
2207 1775 2312 1812 ἐκκα-

1286 1839 1460 1888 λεσόμεθα
1483 1836 1706 1889 κηδεμονίαν.
1736 1836 1798 1883 Μὴ
1818 1835 1931 1873 τοίνυν
1953 1837 2176 1889 ῥᾳθυμῶμεν,
2194 1851 2313 1887 παρα·

1287 1901 1406 1948 καλῶ,
1434 1899 1510 1938 ἀλλ’
1544 1900 1688 1941 ἕκαστος
1717 1900 1838 1948 abtum
1868 1899 1944 1935 καθ’
1967 1897 2120 1944 ἑκάστην
2151 1895 2260 1948 ὥραν,
2282 1898 2311 1934 εἰ

1286 1955 1354 2000 οἷόν
1389 1977 1425 1999 τε
1439 1992 1448 2010 ,
1474 1959 1728 2012 ἀναλογιζέσθω
1758 1961 1836 1997 καθ’
1868 1958 2000 2006 ἑαυτὸν,
2030 1958 2078 2009 μὴ
2114 1957 2216 2009 μόνον
2249 1957 2312 2002 τὰς

1287 2021 1401 2065 κοινὰς
1418 2021 1631 2074 εὐεργεσίας,
1653 2019 1743 2058 ἀλλὰ
1761 2019 1821 2058 καὶ
1836 2019 1897 2064 τὰς
1913 2018 2001 2062 ἰδίας
2021 2021 2068 2062 εἷς
2094 2018 2198 2056 αὐτὸν
2213 2034 2310 2070 γινο-

1287 2083 1410 2132 μένας,
1430 2083 1477 2134 μὴ
1492 2083 1553 2126 τὰς
1565 2081 1836 2133 ὡμολογημένας
1850 2109 1858 2126 ,
1874 2081 1933 2118 καὶ
1948 2087 2035 2118 πᾶσι
2063 2080 2184 2126 δήλους
2194 2109 2204 2128 ,
2220 2079 2312 2118 ἀλλὰ

1287 2144 1346 2181 καὶ
1374 2144 1434 2187 τὰς
1461 2143 1656 2187 ἰδιαζούσας
1683 2143 1742 2180 καὶ
1767 2141 2002 2184 λανθανούσας
2029 2140 2108 2184 τοὺς
2137 2141 2284 2185 πολλούς
2303 2157 2311 2165 ·

1287 2204 1376 2242 οὕτω
1396 2203 1463 2255 γὰρ
1492 2204 1675 2250 δυνήσεται
1696 2204 1836 2248 διηνεκῗΙ
1853 2202 1916 2248 τὴν
1932 2201 2157 2253 εὐχαριστίαν
2179 2202 2312 2254 ἀναφέ-

1287 2280 1356 2316 ρειν
1376 2268 1425 2318 τῷ
1452 2265 1626 2315 Δεσπότῃ.
1646 2265 1679 2301 Τ
1682 2267 1760 2301 οῧτο
1779 2262 1926 2313 μεγίστη
1943 2261 2062 2309 θυσία,
2078 2267 2178 2300 τοῦτο
2195 2279 2309 2315 προσ-

1286 2325 1373 2378 φορὰ
1395 2325 1531 2372 τελεία,
1553 2329 1653 2363 τοῦτο
1673 2322 1872 2375 παρῥησίας
1890 2326 1974 2373 ἡμῖν
1992 2321 2150 2364 ὑπόθεσις
2167 2323 2310 2373 γενήσε-

1283 2400 1361 2422 ται·
1394 2386 1453 2424 καὶ
1481 2389 1576 2433 πῶς,
1602 2383 1670 2435 ἐγὼ
1698 2384 1803 2435 λέγω.
1835 2383 1880 2422 ‘O
1907 2383 1974 2435 γὰρ
2001 2387 2113 2421 ταῦτα
2144 2383 2310 2429 διηνεκῶς

1284 2447 1439 2499 στρέφων
1456 2449 1490 2485 ἐν
1509 2449 1551 2498 τῇ
1573 2445 1707 2497 διανοίᾳ
1722 2447 1764 2496 τῇ
1783 2446 1918 2489 ἑαυτοῦ,
1934 2444 1993 2481 καὶ
2013 2443 2079 2490 τὴν
2100 2442 2162 2494 μὲν
2179 2443 2308 2481 οἰκείαν

1283 2508 1456 2547 εὐτέλειαν
1476 2506 1754 2558 καταμανθάνων
1780 2504 1869 2555 μετὰ
1888 2503 2068 2555 ἀκριὸείας
2083 2531 2093 2549 ,
2123 2505 2247 2541 ἐννοῶν
2272 2503 2309 2543 δὲ

1282 2570 1344 2617 τὴν
1374 2570 1501 2622 ἄφατον
1534 2568 1593 2606 καὶ
1618 2567 1904 2620 ὓπερὸάλλουσαν
1925 2571 1984 2604 τοῦ
2003 2567 2095 2605 Θεοῦ
2114 2566 2308 2618 φιλανθρω-

1281 2630 1377 2677 πίαν,
1406 2630 1465 2669 καὶ
1481 2629 1575 2673 ὅπως
1597 2629 1634 2667 οὗ
1652 2629 1737 2680 πρὸς
1768 2626 1865 2671 ἀξίαν
1884 2630 1952 2665 τῶν
1972 2626 2232 2680 ἡμαρτημένων
2252 2628 2306 2679 ὑφ’

1281 2693 1394 2742 ἡμῶν,
1433 2690 1523 2729 ἀλλὰ
1556 2690 1641 2742 πρὸς
1672 2688 1736 2736 τὴν
1763 2687 1892 2726 οἰκείαν
1927 2686 2126 2739 ἀγαθότητα
2156 2689 2307 2740 ἀφορῶν,

1282 2751 1371 2789 οὕτω
1398 2751 1440 2789 τὰ
1467 2752 1544 2789 καθ’
1573 2753 1668 2800 ἡμᾶς
1695 2751 1888 2799 οἰκονομεῖ,
1913 2747 2215 2794 συστέλλεταιτὴν
2230 2747 2308 2786 διά-

1282 2828 1387 2860 νοιαν,
1422 2811 1642 2864 συντρίὸεται
1666 2810 1724 2847 τὸν
1748 2808 1930 2859 λογισμὸν,
1968 2808 2084 2846 πάντα
2107 2811 2212 2860 τῦφον
2247 2808 2307 2846 καὶ

1280 2873 1445 2912 ἀπόνοιαν
1467 2871 1722 2918 καταστέλλει,
1753 2870 1950 2922 μετριάζειν
1975 2869 2159 2920 μανθάνει,
2183 2871 2307 2920 ὑπερο-

1282 2941 1342 2986 ρᾷν
1359 2938 1420 2981 τῆς
1441 2934 1538 2980 δόξης
1561 2937 1619 2971 τοῦ
1639 2931 1810 2985 παρόντος
1831 2930 1926 2982 βίου,
1947 2931 2144 2982 καταγελᾷν
2164 2929 2304 2968 πάντων

1278 2999 1345 3033 τῶν
1361 2995 1557 3046 ὁρωμένων,
1576 2994 1807 3046 φαντάζεσθαι
1834 2991 1879 3029 τὰ
1900 2992 2071 3042 μέλλοντα
2092 2990 2205 3042 ἀγαθὰ
2220 3019 2230 3037 ,
2245 2991 2305 3029 καὶ

1280 3057 1342 3103 τὴν
1363 3056 1454 3103 ζωὴν
1475 3056 1538 3103 τὴν
1565 3054 1807 3101 ἀτελεύτητον,
1840 3053 1900 3091 καὶ
1927 3053 2036 3104 πέρας
2064 3054 2126 3090 οὐκ
2142 3051 2302 3103 ἔχουσαν.

1279 3117 1324 3156 ‘O
1347 3116 1381 3156 δὲ
1398 3117 1488 3154 οὕτω
1517 3116 1579 3162 τὴν
1607 3114 1723 3167 ψυχὴν
1750 3113 1984 3163 διακείμενος,
2016 3112 2078 3159 τὴν
2112 3114 2223 3158 ἀληθῆ
2245 3111 2304 3149 καὶ

1297 3244 1345 3273 τὸν
1362 3245 1489 3283 χορηγὸν
1506 3243 1693 3273 ἐπισπᾶσθαι.

1340 3301 1353 3315 n
1371 3292 1451 3332 Reg.
1480 3301 1563 3322 unus
1589 3296 1690 3333 ἡμῶν,
1709 3299 1775 3320 11011
1799 3286 1884 3319 male
1901 3299 1906 3317 :
1923 3297 1999 3318 nam
2029 3285 2081 3317 lnic
2108 3285 2211 3328 probe
2234 3297 2301 3318 sese

1295 3350 1406 3385 potest.
1421 3341 1682 3386 chrysostomus
1697 3352 1774 3374 cum
1799 3339 1870 3372 aliis
1893 3337 2186 3381 comprehendere.
2208 3338 2299 3371 Iusru

298 3397 307 3409 ‘
325 3390 458 3423 (Joislin.
471 3397 503 3421 ct
517 3389 597 3421 alius
612 3389 913 3432 :tvzntpmwfflaulo
927 3402 1001 3435 post
1015 3394 1117 3429 Savil.
1129 3403 1159 3429 ct
1173 3396 1254 3439 Reg.
1292 3393 1378 3427 idn-m
1397 3402 1449 3433 τὰς
1466 3398 1539 3433 ἰιῖίως
1558 3400 1596 3432 εἰς
1614 3397 1712 3427 αὐτόν.
