2516 3791
290 133 384 197 496
711 151 732 181 5
741 171 750 180 .

282 234 432 284 justum
443 246 526 271 cum
548 235 679 284 impio,
699 241 735 270 et
758 234 942 285 sitjustus
956 232 1055 268 sicut
1081 230 1234 278 impius.

291 294 568 346 Nequaquam.
585 294 660 344 Qui
664 294 822 346 judicas
838 303 988 330 omnem
1002 298 1237 335 terram‚non

281 357 408 407 jacies
417 353 740 406 judiciumPVide
764 349 942 403 quomodo
955 357 989 386 et
1013 348 1049 384 in
1065 346 1134 383 hac
1158 359 1234 384 ora-

287 420 382 458 tione
397 435 497 458 suam
511 420 712 470 religiosam
728 426 760 454 et
785 416 882 467 piam
898 422 1051 451 mentem
1065 410 1235 459 declarat,

287 488 321 518 et
328 479 489 531 judicem
501 479 616 516 omnis
628 486 728 514 terrae
742 474 940 521 confitetur,
952 480 1183 525 precaturque
1193 484 1237 508 ne

287 549 406 592 pereat
417 541 536 592 justus
561 550 642 575 cum
658 535 801 587 injusto.
826 535 949 571 Postea
966 531 1063 570 mitis
1082 541 1116 569 et
1136 531 1237 569 beni-

287 615 377 653 gnus
390 598 563 638 Dominus
575 596 698 634 annuit
710 594 885 648 petitioni,
900 603 934 632 et
952 593 1042 631 dicit
1056 592 1183 630 :Facio
1197 590 1235 629 id

285 661 383 714 quod
407 658 544 709 dixisti,
566 667 601 696 et
618 657 754 710 accipio
771 665 870 694 tuam
885 653 1099 708 petitionem.
1111 655 1174 693 96.
1194 653 1234 691 Si

292 723 848 773 invenienturquinquaginta
864 719 961 769 justi
992 722 1033 755 in
1052 717 1209 754 civitate
1222 743 1232 763 ,

281 791 435 836 propter
446 782 535 820 illos
546 794 705 834 parcam
715 782 785 819 toti
796 781 891 818 loco.
901 777 1004 816 Dabo
1016 777 1097 826 hoc,
1106 774 1233 826 inquit,

282 843 541 896 quinquaginta
550 842 670 895 justis,
687 841 714 879 si
730 840 865 879 inventi
879 838 1020 887 fuerint,
1035 846 1069 875 et
1082 836 1162 875 aliis
1173 850 1232 874 sa-

280 905 392 944 lutem
409 904 630 958 impertiam,
650 912 683 941 et
710 901 913 955 petitionem
943 909 1040 937 tuam
1060 897 1230 950 implebo.

282 969 421 1006 Verum
434 966 621 1006 videamus
630 965 767 1017 justum
780 963 894 1011 illum,
905 959 1083 1013 quomodo
1095 967 1233 1011 arrepta

281 1028 427 1078 fiducia,
439 1037 473 1066 et
487 1027 607 1079 agnita
620 1025 803 1064 clementia
818 1023 897 1071 Dei,
912 1023 1041 1060 iterum
1055 1020 1163 1058 aliam
1174 1033 1233 1071 pe-

281 1089 440 1128 titionem
456 1089 569 1137 affert,
585 1097 618 1125 ct
637 1087 750 1138 inquit
766 1102 773 1123 :
789 1086 851 1124 27.
869 1085 983 1123 Nunc
1007 1084 1102 1133 coepi
1126 1082 1233 1133 loqui

282 1152 336 1189 ad
351 1152 562 1189 Dominum
581 1163 721 1195 meum,
738 1161 804 1201 ego
825 1155 951 1184 autem
968 1157 1051 1183 sum
1076 1152 1178 1181 terra
1196 1150 1233 1181 et

282 1215 391 1251 cinis.
408 1213 461 1250 Ne
470 1220 586 1263 putes,
602 1209 729 1261 inquit,
742 1207 907 1254 Domine,
918 1219 974 1243 mc
989 1205 1150 1256 ignorare
1161 1217 1233 1241 me-

281 1273 413 1326 ipsum,
426 1282 459 1311 et
470 1270 667 1323 transgredi
683 1282 896 1316 mensuram,
912 1276 945 1305 ct
960 1274 1056 1304 tanta
1071 1265 1121 1302 uti
1139 1264 1232 1302 fidu-

282 1335 347 1372 cia.
368 1334 450 1372 Scio
470 1333 580 1382 enim,
600 1346 657 1369 me
679 1341 807 1369 terram
832 1343 906 1367 0550
930 1337 963 1366 et
980 1327 1153 1365 cinerem:
1171 1325 1233 1364 sed

281 1397 372 1435 sicut
386 1396 454 1434 hoc
468 1395 552 1444 scio,
575 1403 607 1432 et
624 1393 806 1431 manifeste
822 1391 905 1439 5οἰ0,
931 1390 979 1428 ita
1006 1402 1118 1439 neque
1140 1385 1233 1424 illud

280 1457 417 1509 ignoro,
433 1456 610 1508 copiosam
626 1469 699 1492 0550
717 1463 786 1491 tuae
804 1451 998 1490 clementiae
1013 1448 1233 1500 magnitudi-

279 1531 373 1567 nem,
389 1526 422 1555 et
437 1526 470 1554 te
482 1516 633 1554 divitem
656 1529 730 1552 csse
751 1513 920 1560 bonitate,
935 1511 1098 1561 velleque
1112 1523 1232 1547 omnes

278 1579 439 1617 homines
453 1578 569 1616 salvos
583 1576 672 1614 fieri.
698 1576 791 1613 Nam
803 1588 891 1625 quos
910 1588 953 1611 ex
969 1572 1083 1610 nihilo
1097 1569 1234 1623 produ-

277 1640 379 1688 xisti,
396 1637 574 1690 quomodo
590 1637 700 1674 factos
714 1635 890 1688 perdereS,
909 1634 976 1671 nisi
993 1646 1122 1683 magna
1144 1639 1232 1669 essct

277 1710 503 1755 peccatorum
517 1698 642 1751 copia?
664 1696 803 1735 Idcirco
816 1696 947 1733 iterum
960 1707 1021 1731 oro
1045 1702 1078 1730 ct
1093 1705 1230 1745 precor,

276 1762 383 1801 528.Si
392 1762 592 1813 panciores
607 1758 894 1810 quinquaginta
905 1756 1052 1793 invenci
1064 1755 1230 1807 suerint,

276 1833 313 1861 et
333 1823 596 1875 quadraginta
628 1822 799 1872 quinque
819 1818 972 1869 fuerint
998 1818 1040 1853 in
1076 1814 1232 1853 civitate'

269 1886 381 1938 justi,
415 1897 494 1921 non
519 1882 691 1921 salvabis
707 1877 905 1918 civitatem
923 1882 938 1915 Ρ
961 1878 1015 1915 Ec
1035 1877 1135 1914 dixit
1157 1892 1166 1913 :
1192 1876 1232 1915 Si

277 1947 424 1984 inventi
432 1943 853 1997 fuerintquadraginla
866 1941 1049 1991 quinque,
1067 1951 1231 1987 nonper-

277 2009 381 2045 dam.
396 2005 487 2052 Quis
500 2019 564 2058 pro
576 2003 751 2055 dignitate
765 2002 961 2040 Dominum
976 1999 1137 2038 omnium
1153 1999 1230 2036 lau-

275 2067 382 2116 darit,
394 2066 439 2104 ob
454 2074 588 2104 tantam
603 2063 809 2117 patientiam
827 2071 930 2113 atque
946 2060 1204 2112 indulgentiam
1220 2076 1228 2096 :

276 2128 333 2166 vel
349 2129 489 2180 justum
512 2127 658 2164 beatum
686 2124 906 2177 praedicarit,
928 2131 1022 2160 tanta
1038 2121 1231 2174 praeditum

276 2187 434 2227 fiducia?
450 2188 516 2226 29.
539 2188 592 2224 Ec
613 2186 769 2237 adjecit,
785 2183 914 2234 inquit,
936 2183 1039 2220 ultra
1059 2183 1177 2234 loqui,
1195 2191 1231 2219 et

275 2252 376 2288 dixit
392 2265 402 2285 .-
417 2249 460 2288 Si
470 2247 779 2300 inventifzcerint
792 2247 844 2282 ibi
863 2243 1125 2296 quadraginta
1138 2246 1154 2279 Ρ
1176 2244 1231 2279 Et

277 2312 376 2350 dixit
389 2328 399 2347 :
415 2312 504 2349 Non
513 2308 673 2360 perdam
684 2305 1118 2357 propterquadraginta.
1131 2302 1228 2340 Exin

274 2372 377 2423 quasi
386 2367 789 2411 reveritusincffabilem
802 2365 867 2404 Dei
879 2364 1086 2417 patientiam
1092 2364 1226 2416 justus,

276 2443 309 2471 et
331 2434 460 2471 timens
475 2446 518 2470 ne
546 2432 636 2469 forte
662 2427 839 2483 precando
863 2425 1028 2465 videatur
1053 2435 1229 2464 transcen-

274 2494 357 2532 dere
374 2493 536 2543 modum,
549 2491 637 2530 dicit
652 2507 659 2528 :
676 2492 738 2530 50.
754 2488 967 2540 Numquid,
989 2488 1171 2536 Domine,
1195 2490 1228 2525 si

275 2556 437 2607 loquar:
454 2554 494 2592 Si
514 2552 826 2604 inventi-fuerint
849 2552 903 2587 ibi
927 2551 1112 2601 triginta?
1133 2548 1228 2595 Quia

274 2616 584 2670 paratuminvenit
600 2615 646 2653 ad
659 2611 955 2661 misericordiam,
974 2625 1042 2649 non
1054 2611 1128 2663 jam
1141 2625 1227 2663 pau-

274 2679 380 2716 latim
409 2677 590 2725 diminuit,
611 2690 724 2727 neque
749 2674 906 2725 quinque
918 2674 1035 2725 justos
1060 2671 1226 2720 detrahit,

273 2738 334 2777 sed
345 2738 467 2776 decem
479 2769 488 2785 ,
505 2748 538 2775 ct
557 2737 720 2776 sicasscrt
745 2734 984 2788 patrocinium
1001 2749 1007 2770 :
1025 2734 1063 2773 Si
1078 2735 1225 2772 inventi

261 2802 422 2855 suerint
437 2800 520 2838 illic
535 2801 720 2851 triginta?
737 2799 789 2835 Ec
805 2797 926 2834 dix-ic:
947 2796 1036 2834 Non
1053 2796 1226 2847 perdam,

274 2863 307 2898 si
321 2862 532 2899 invenerim
547 2861 629 2897 illic
647 2861 815 2911 triginta.
829 2855 1083 2895 Animadverte
1098 2864 1227 2907 quanta

268 2921 357 2973 justi
377 2922 596 2969 constantia3
613 2935 700 2971 quas
733 2919 808 2972 ipse
833 2919 922 2956 soret
947 2917 1125 2956 obnoxius
1145 2931 1223 2955 scn-

272 2983 388 3020 tcntiae
402 3013 411 3031 ‚
434 2982 481 3019 ita
501 2981 634 3033 cripere
654 2981 771 3019 studet
790 2996 809 3018 a
836 2994 938 3033 poena
960 2977 1225 3017 Sodomitarum

272 3053 423 3095 gentem.
448 3045 509 3081 51.
531 3045 583 3080 Et
601 3043 714 3090 dixit,
739 3045 925 3094 quoniam
941 3053 1095 3092 possum
1119 3040 1226 3090 loqui

272 3107 324 3143 ad
345 3107 557 3143 Dominum
569 3121 579 3140 .·
595 3105 635 3142 Si
656 3103 964 3155 invemifiu‘rint
985 3103 1038 3138 ibi
1051 3102 1222 3153 viginti?

272 3169 323 3206 Et
335 3168 432 3205 dixit
447 3183 455 3203 :
470 3167 559 3204 Non
568 3167 723 3215 perdam
737 3173 891 3215 propte}-
903 3165 1054 3216 viginti.
1070 3162 1221 3200 Omnem

1249 224 1296 250 429

1261 262 1287 290 A

1254 2928 1275 2957 E

314 3306 324 3317 π
350 3291 661 3333 58νὶ1.δτιτιηγάζεις
679 3296 706 3324 ἐν
724 3296 897 3333 ἁγκῦὸτητι.
908 3291 990 3322 Tres
1003 3290 1078 3321 Mss.
1093 3293 1137 3323 ἔτι
1153 3293 1272 3330 πηγάζῃ

270 3362 306 3380 εν,
328 3345 437 3378 llorcl,
459 3346 543 3377 utin
563 3351 664 3375 tcxtu.

787 150 973 181 JOANNIS
1011 147 1254 178 CHRYSOST.
1294 146 1500 176 ARCHlEP.
1541 145 1900 176 CONSTANTINOP.

1310 226 1409 264 ἔσται
1430 229 1448 263 ὃ
1471 225 1601 269 δίκαιος
1634 227 1680 269 ὡς
1708 229 1726 264 ὃ
1753 227 1894 274 ἀσεὸής.
1924 229 2119 278 Μηδαμῶς.
2140 228 2185 267 ‘O
2205 229 2332 281 κρίνων

1309 293 1426 324 πᾶσαν
1451 286 1514 333 τὴν
1533 289 1598 338 γῆν
1621 287 1660 323 οὗ
1679 287 1836 334 ποιήσεις
1854 286 2104 340 κρίσινςὊΟρα
2124 291 2198 332 πῶς
2216 290 2274 327 καὶ
2295 291 2331 327 ἐν

1308 349 1351 397 τῇ
1379 346 1493 398 ἱκεσίᾳ
1521 346 1692 384 δείκνυσιν
1723 349 1827 386 αὐτοῦ
1847 352 1909 395 τῆς
1936 347 2079 399 γνώμης
2097 348 2136 386 τὸ
2158 349 2329 401 φιλόθεον,

1309 408 1368 446 καὶ
1384 407 1505 459 κριτὴν
1521 407 1638 454 πάσης
1655 410 1717 454 τῆς
1732 411 1795 459 γῆς
1813 411 1975 460 ὁμολογεῖ
1984 436 1996 455 ,
2017 410 2077 448 καὶ
2094 409 2182 454 ἀξιοῖ
2195 410 2243 461 μὴ
2260 426 2334 448 συν-

1310 468 1481 507 απολέσαι
1502 468 1633 507 δίκαιον
1657 469 1746 519 μετὰ
1766 469 1923 513 ἀσεὸοῧς.
1950 464 2041 508 Εἶτα
2071 472 2089 508 ὃ
2118 471 2246 522 ἥμερος
2271 472 2332 509 καὶ

1309 529 1549 582 φιλάνθρωπος
1577 527 1668 571 Θεὸς
1693 529 1843 567 ἐπινεύει
1871 532 1914 581 τῇ
1949 529 2106 580 αἰτήσει,
2132 531 2192 569 καί
2220 547 2306 583 φησι
2323 547 2331 555 ·

1308 593 1398 629 ποιῶ
1414 592 1499 644 ὅπερ
1514 591 1656 644 εἴρηκας
1667 622 1676 640 ,
1696 591 1756 629 καὶ
1772 591 1920 644 δέχομαί
1940 608 2000 630 σου
2018 593 2081 641 τὴν
2096 593 2330 646 παράκλησιν.

1309 651 1394 691 Ἐὰν
1416 655 1581 705 εὓρεθῶσι
1611 653 1830 700 πεντήκοντα
1860 652 1988 692 δίκαιοι
2020 655 2056 692 ἐν
2086 657 2129 706 τῇ
2149 655 2267 702 πόλει,
2286 657 2331 694 δι’

1309 714 1457 758 ἐκείνους
1479 714 1604 767 ἀφήσω
1621 714 1737 752 πάντα
1754 714 1811 753 τὸν
1830 715 1949 753 τόπον.
1975 715 2174 768 Χαρίζομαι
2187 745 2197 762 ,
2223 717 2330 769 φησὶ,

1308 781 1378 819 τοῖς
1394 775 1611 822 πεντήκοντα
1633 776 1795 823 δικαίοις,
1823 776 1882 814 ἐὰν
1901 779 2068 830 εὖρεθῶσι
2082 807 2091 825 ,
2112 781 2182 816 τῶν
2199 781 2332 817 λοιπῶν

1309 835 1372 883 τὴν
1403 836 1592 888 σωτηρίαν,
1621 837 1681 875 καὶ
1710 837 1773 884 τὴν
1804 838 1941 884 αἴτησιν
1970 837 2033 885 τὴν
2070 837 2135 885 σὴν
2166 841 2212 881 εἷς
2233 838 2333 891 ἔργον

1310 897 1446 948 ἀγάγω.
1469 898 1560 936 Ἀλλ’
1582 898 1710 950 ἴδωμεν
1722 899 1779 937 τὸν
1795 899 1927 938 δίκαιον
1942 903 2076 947 τοῦτον,
2095 900 2187 944 ὅπως
2200 903 2330 953 παρρη-

1309 958 1384 1001 σίας
1406 959 1676 1009 ἐπιλαὲόμενος,
1700 961 1759 998 καὶ
1778 964 1837 998 τοῦ
1858 963 1950 1000 Θεοῦ
1979 961 2042 1009 τὴν
2071 961 2331 1013 φιλανθρωπίαν

1308 1019 1425 1065 εἰδὼς,
1445 1020 1555 1063 πάλιν,
1577 1020 1740 1072 δευτέραν
1760 1021 1896 1067 αἴτησιν
1927 1022 2117 1073 προσάγει,
2138 1022 2197 1060 καί
2224 1038 2308 1074 φησι
2324 1038 2332 1045 ·

1308 1083 1381 1119 NUv
1399 1080 1559 1133 ἠρξάμην
1582 1082 1736 1127 λαλῆσαι
1755 1081 1840 1133 πρὸς
1867 1082 1925 1120 τὸν
1945 1082 2072 1134 Κύριόν
2102 1098 2166 1133 μου
2180 1099 2187 1106 ·
2207 1083 2276 1134 ἐγὼ
2296 1082 2333 1120 δέ

1307 1145 1379 1192 εἰμι
1409 1144 1454 1194 γῆ
1482 1141 1541 1179 καὶ
1572 1142 1712 1185 σποδός.
1744 1142 1804 1190 Μὴ
1834 1143 2002 1194 νομίσῃς,
2024 1143 2127 1196 φησι,
2147 1143 2332 1191 Δέσποτα,

1307 1205 1440 1255 ἀγνοεῖν
1462 1219 1504 1254 με
1530 1204 1692 1254 ἐμαυτὸν,
1724 1203 1783 1241 καὶ
1811 1204 2032 1256 ὑπερέαίνειν
2056 1221 2099 1256 με
2128 1205 2168 1243 τὸ
2194 1205 2332 1258 μέτρον,

1305 1265 1364 1303 καὶ
1390 1264 1544 1316 τοσαύτῃ
1564 1267 1756 1318 κεχρῆσθαι
1774 1268 1817 1317 τῇ
1848 1266 2040 1318 παρρησία.
2064 1260 2155 1304 Οἶδα
2183 1265 2249 1318 γὰρ
2279 1265 2334 1304 ὅτι

1306 1329 1351 1377 γῆ
1373 1328 1446 1376 εἰμι
1472 1326 1531 1364 καὶ
1552 1327 1677 1369 σποδός
1691 1342 1698 1349 ·
1723 1327 1801 1364 ἀλλ’
1822 1326 1941 1379 ὥσπερ
1960 1331 2061 1366 τοῦτο
2079 1321 2171 1374 οἶδα,
2189 1327 2248 1365 καὶ
2267 1343 2332 1366 σα-

1306 1389 1375 1438 φῶς
1393 1386 1607 1437 ἐπίσταμαι,
1631 1386 1739 1430 οὕτως
1754 1387 1832 1426 οὐδὲ
1847 1390 1958 1425 ἐκεῖνο
1975 1391 2101 1438 ἀγνοῶ,
2118 1388 2171 1426 ὅτι
2186 1387 2274 1427 πολὺ
2293 1388 2334 1426 τὸ

1307 1447 1449 1499 μέγεθος
1475 1451 1538 1494 τῆς
1559 1450 1622 1493 σῆς
1642 1449 1921 1500 φιλανθρωπίας,
1947 1449 2032 1486 amca
2051 1450 2104 1487 ὅτι
2125 1449 2286 1493 πλούσιος
2303 1444 2336 1488 εἷ

1306 1510 1340 1546 ἐν
1357 1509 1569 1560 ἀγαθότητι,
1585 1509 1644 1547 καὶ
1661 1509 1778 1560 βούλει
1794 1510 1926 1553 πάντας
1946 1509 2145 1562 ἀνθρώπους
2162 1513 2329 1556 σωθῆναι.

1306 1569 1350 1608 ‘O
1369 1570 1437 1621 γὰρ
1456 1571 1495 1607 ἐκ
1513 1574 1572 1607 τοῦ
1594 1569 1642 1620 μὴ
1659 1571 1754 1614 ὄντος
1770 1570 1998 1622 παραγαγὼν,
2018 1574 2092 1614 πῶς
2112 1571 2152 1609 ἅν
2170 1587 2254 1609 ποτε
2271 1588 2329 1623 γε·

1304 1630 1467 1694 logi-{vove
1490 1632 1686 1682 ἀπολέσῃς,
1712 1634 1741 1669 εἰ
1765 1631 1814 1682 μὴ
1842 1632 1954 1679 πολλ’)Ι
1976 1635 2045 1669 τῶν
2066 1622 2331 1684 ἁμαρτημάτων

1304 1696 1346 1739 ἠν
1366 1695 1386 1738 ἡ
1402 1692 1508 1744 φορά,
1528 1695 1583 1730 Δι’
1603 1693 1621 1730 ὃ
1636 1691 1759 1743 δέομαι
1778 1693 1882 1730 πάλιν
1913 1693 1972 1731 καί
1991 1693 2096 1740 ἀξιῶ,
2113 1693 2200 1731 Ἐὰν
2226 1693 2332 1731 ἐλάτ-

1303 1768 1382 1796 τους
1414 1755 1482 1813 τῶν
1518 1752 1735 1798 πεντήκοντα
1773 1755 1957 1804 εὓρεθῶσι,
1982 1753 2041 1791 καὶ
2070 1753 2332 1805 τεσσαράκοντα

1304 1814 1407 1852 πέντε
1421 1807 1506 1853 &mv
1525 1815 1560 1852 ἓν
1579 1817 1621 1866 τῇ
1639 1815 1740 1852 πόλει
1760 1814 1904 1863 δίκαιοι,
1924 1816 1962 1852 οὐ
1983 1814 2107 1858 σώσεις
2128 1814 2191 1862 τὴν
2211 1814 2334 1863 πόλιν;

1304 1876 1374 1915 Καὶ
1397 1872 1490 1916 εἶπεν
1505 1893 1512 1900 ·
1535 1876 1593 1915 ἐὰν
1613 1879 1781 1929 εὑρεθῶσι
1798 1877 2061 1930 τεσσαράκοντα
2080 1876 2183 1915 πέντε
2195 1906 2204 1923 ,
2223 1878 2261 1915 οὐ
2283 1877 2332 1928 μὴ

1304 1939 1479 1978 ἀπολέσω.
1513 1939 1578 1983 Τίς
1614 1939 1654 1977 ἂν
1686 1942 1764 1978 κατ’
1797 1939 1894 1984 ἀξίαν
1925 1939 1983 1978 τον
2016 1942 2085 1977 τῶν
2114 1939 2203 1977 ὅλων
2241 1941 2333 1978 Θεὸν

1304 2000 1468 2050 ὑμνήσειε
1494 2002 1556 2046 τῆς
1578 1999 1750 2047 τοσαύτης
1773 2000 2012 2052 μακροθυμίας
2031 2001 2090 2039 καὶ
2108 2001 2332 2052 συγκαταῦά·

1304 2077 1410 2108 σεως,
1427 2060 1448 2107 ἢ
1464 2061 1521 2100 τὸν
1539 2061 1670 2100 δίκαιον
1683 2062 1887 2114 μακαρίσειε
1898 2061 2069 2110 τοσαύτης
2080 2062 2333 2101 ἀπολαύσαντα

1304 2122 1521 2185 τίαῤῥησίας,
1541 2122 1609 2160 Καὶ
1625 2122 1842 2174 προσέθηκε,
1870 2122 1987 2174 φησὶν,
2009 2123 2061 2161 ἔτι
2078 2125 2252 2170 λαλῆσαι,
2272 2123 2332 2162 καὶ

1305 2186 1401 2245 εέπεν
1414 2198 1422 2206 ·
1457 2182 1515 2219 ἐὰν
1549 2183 1583 2220 δὲ
1619 2185 1806 2234 εὑρεθῶσιν
1840 2185 1912 2220 ἐκεῖ
1939 2184 2226 2235 τεσσαράκοντα;
2263 2184 2333 2222 Καὶ

1304 2247 1418 2281 εἶπεν·
1439 2245 1476 2281 οὐ
1493 2243 1541 2294 μὴ
1562 2243 1723 2281 ἀπολέσω
1737 2243 1850 2281 ἕνεκεν
1866 2247 1935 2282 τῶν
1952 2244 2223 2296 τεσσαράκοντα.
2241 2239 2332 2283 Εἶτα

1303 2303 1423 2341 λοιπὸν
1443 2302 1562 2354 ὥσπερ
1583 2302 1751 2346 αἰδεσθεὶς
1774 2307 1833 2340 τοῦ
1854 2305 1945 2342 Θεοῦ
1965 2303 2028 2350 τὴν
2049 2305 2180 2356 ἄφατον
2200 2319 2331 2355 μακρο-

1305 2365 1430 2415 θυμίαν
1449 2368 1466 2402 ὁ
1488 2365 1637 2411 δίκαιος,
1661 2364 1720 2402 καὶ
1739 2363 1858 2407 δεδιὼς
1879 2364 2016 2414 μήποτε
2041 2365 2099 2402 καὶ
2119 2364 2198 2416 δόξῃ
2218 2367 2330 2417 ὑπερ-

1304 2425 1448 2473 θαίνειν,
1468 2426 1526 2464 καὶ
1545 2425 1636 2478 πέρα
1654 2429 1713 2463 τοῦ
1737 2424 1864 2477 μέτρου
1884 2425 1947 2472 τὴν
1972 2425 2106 2464 ἱκεσίαν
2136 2429 2329 2474 ποιεῖσθαι,

1303 2487 1407 2539 φησί·
1429 2487 1490 2534 Μή
1512 2503 1566 2533 τι,
1587 2486 1710 2540 Κύριε,
1726 2486 1784 2524 ἐὰν
1801 2487 1948 2533 λαλήσω
1962 2503 1969 2510 ·
1987 2487 2045 2525 ἐὰν
2059 2489 2244 2539 εὑρεθῶσιν
2258 2487 2331 2525 ἐκεῖ

1302 2548 1506 2599 τριάκοντα;
1536 2548 1683 2595 Ἐπειδὴ
1721 2542 1806 2586 εἶδεν
1844 2549 1983 2598 ἕτοιμον
2016 2548 2100 2599 πρὸς
2135 2550 2328 2600 φιλανθρω-

1302 2609 1398 2655 πίαν,
1430 2611 1493 2648 οὐκ
1521 2609 1572 2647 ἔτι
1600 2608 1690 2648 κατὰ
1720 2610 1842 2662 μικρὸν
1871 2609 2093 2662 καθυφίησιν,
2121 2609 2198 2647 οὐδὲ
2225 2608 2328 2647 πέντε

1302 2671 1454 2715 δικαίους
1472 2671 1487 2691 ¹'
1500 2671 1721 2723 παραλιπὼν,
1743 2671 1833 2709 ἀλλὰ
1853 2670 1948 2717 δέκα,
1963 2670 2053 2709 οὕτω
2077 2671 2246 2723 προσάγει
2265 2670 2328 2718 τὴν

1301 2733 1536 2784 παράκλησιν,
1566 2732 1625 2770 καί
1646 2748 1771 2784 φησιν’
1792 2732 1878 2771 Ἐὰν
1910 2735 2094 2784 εὗρεθῶσιν
2124 2734 2196 2770 ἐκεῖ
2227 2732 2329 2784 τριά-

1301 2808 1425 2839 κοντα,
1444 2793 1511 2831 Καὶ
1529 2787 1620 2831 εἶπεν
1634 2809 1640 2815 ·
1656 2795 1692 2831 οὔ
1711 2792 1759 2843 μὴ
1777 2793 1949 2839 ἀπολέσω,
1971 2793 2028 2831 ἐὰν
2047 2793 2134 2846 εὕρω
2146 2795 2216 2832 ἐκεῖ
2231 2792 2327 2846 τριά-

1302 2870 1419 2892 κοντα.
1441 2853 1572 2892 Σκόπει
1602 2854 1694 2901 πόση
1715 2858 1774 2891 τοῦ
1795 2855 1928 2892 δικαίου
1948 2858 1969 2900 ἡ
1988 2854 2124 2893 εὐτονία
2139 2870 2146 2878 ·
2170 2854 2328 2906 καθάπερ

1304 2916 1403 2958 αὐτὸς
1439 2914 1575 2965 μέλλων
1603 2914 1790 2958 ὑπεύθυνος
1822 2918 1864 2967 τῇ
1896 2915 2004 2968 ψήφῳ
2034 2916 2208 2966 γίνεσθαι,
2237 2915 2327 2954 οὕτω

1301 2976 1433 3023 πολλὴν
1446 2975 1578 3014 τίθεται
1596 2976 1658 3023 τὴν
1675 2976 1828 3024 σπουδὴν
1846 2976 2039 3028 ἐξαρπάσαι
2052 2979 2114 3022 τῆς
2131 2975 2327 3026 μελλούσης

1298 3038 1488 3088 ἐπάγεσθαι
1510 3037 1679 3089 τιμωρίας
1706 3038 1746 3076 τὸ
1781 3040 1848 3075 τῶν
1876 3039 2079 3088 Σοδομιτῶν
2116 3039 2219 3080 ἔθνος.
2255 3036 2325 3075 Καὶ

1297 3094 1408 3137 εἶπεν·
1439 3098 1558 3144 ἐπειδὴ
1581 3099 1652 3150 ἔχω
1678 3100 1828 3145 λαλῆσαι
1847 3099 1931 3150 πρὸς
1950 3099 2008 3136 τὸν
2037 3099 2176 3151 Κύριον,
2207 3098 2266 3137 ἐὰν
2288 3098 2324 3137 δὲ

1296 3161 1481 3211 εὑρεθῶσιν
1515 3160 1586 3197 ἐκεῖ
1607 3159 1741 3206 εἴκοσι;
1774 3160 1844 3198 Καὶ
1871 3155 1986 3198 εἶπεν·
2014 3162 2050 3198 οὐ
2083 3159 2130 3210 μὴ
2161 3158 2325 3198 ἀπολέσω

1355 3288 1368 3308 ¹*
1396 3285 1520 3327 Aliquo!
1541 3286 1615 3316 Ἢεέ.
1636 3290 1828 3329 π’κιταὶαίών,
