2516 3791
702 188 744 219 ix
782 188 886 218 cAr.
926 188 1005 218 xii.
1043 186 1204 216 CRM-:S-
1247 180 1403 216 uomu'„
1446 188 1589 218 xxxii.
2086 175 2178 237 360

130 278 221 327 ὑμᾶς
234 303 244 322 ,
264 273 323 325 καὶ
340 272 515 326 διεγείρων
535 273 634 323 ὑμῶν
661 271 718 309 τὸν
735 273 837 318 ζῆλον
858 270 917 308 καὶ
938 269 1001 317 τὴν
1025 273 1150 322 προθυ-

130 338 226 388 μίαν,
245 339 354 374 ταῦτα
372 337 526 386 συνεχῶς
551 335 733 385 παραινῶ,
752 332 960 383 βουλόμενος
979 335 1070 383 ὑμᾶς
1092 347 1151 369 τε·

129 396 239 440 λείους
264 395 324 434 καὶ
351 394 630 447 ἀπηρτισμένους
653 393 898 445 γενέσθαι.οὗ
931 392 1054 444 μικρὸν
1084 391 1153 444 γὰρ

129 456 189 496 καὶ
211 460 311 495 τοῦτο
330 455 414 494 αὐτὸ
430 456 556 506 δεῖγμα
572 460 739 505 ποιοῦμαι
757 457 819 500 τῆς
838 453 930 491 κατὰ
949 453 1041 492 Θεὸν
1056 455 1152 504 ὑμῶν

128 520 331 569 προκοπῆς,
352 515 392 554 τὸ
426 515 516 566 μετὰ
546 514 717 561 τοσαύτης
744 514 939 567 προθυμίας
965 514 1045 552 καθ’
1073 513 1155 551 ἑκά-

128 594 215 626 στην
234 578 369 630 ἡμέραν
394 579 540 615 ἐνταῦθα
570 575 846 628 παραγίνεσθαι,
868 576 929 614 καὶ
956 574 1155 627 α’κορέστως

129 637 222 691 ἔχειν
241 639 323 691 περὶ
341 638 404 685 τὴν
418 636 659 688 πνευματικὴν
674 636 915 674 διδασκαλίαν.
936 635 1074 687 εὨσπερ
1088 633 1156 685 γὰρ

130 702 153 746 ἡ
173 699 254 752 περὶ
271 698 335 746 τὴν
365 697 570 749 σωματικὴν
596 696 726 750 τροφὴν
745 696 855 748 ὄρεξις
883 695 1012 748 ὑγιείας
1031 694 1072 733 ἂν
1103 695 1154 740 εἴη

134 759 300 812 μεγίστης
328 764 495 810 σημεῖον·
526 758 635 802 οὕτως
655 761 677 805 ἡ
708 757 788 808 περὶ
817 756 880 802 τὴν
914 755 1156 806 πνευματικὴν

134 821 362 860 διδασκαλίαν
378 819 545 870 ἐπιθυμία
556 823 619 866 τῆς
635 818 727 857 κατὰ
741 817 858 870 ψυχὴν
875 816 1008 868 ὑγιείας
1023 816 1156 866 τεκμη-

134 897 205 935 ριον
226 882 265 919 ἂν
289 881 342 928 εἴη
365 880 626 932 ἐναργέστατον.
649 878 717 917 Ami
745 894 798 916 τοι
819 882 922 916 τοῦτο
940 876 1040 929 κάγὼ
1060 877 1158 920 εἰδὼς

132 945 230 993 ὑμῶν
244 941 303 979 τὸν
320 941 438 987 πόθον,
459 940 518 979 καὶ
534 942 587 978 ὅτι
609 940 672 978 κᾶν
693 938 856 990 μυριάκις
875 937 1076 992 παρατείνω
1094 938 1158 985 τὴν

132 1001 375 1048 διδασκαλίαν,
393 1001 467 1040 οὐδὲ
485 1000 593 1044 οὕτως
610 1001 791 1051 ἐμπλῆσαι
809 1002 908 1049 ὑμῶν
928 999 1080 1050 δύναμαι
1095 999 1158 1047 τὴν

135 1063 338 1114 ἐπιθυμίαν,
364 1061 424 1101 καὶ
457 1062 558 1115 κόρον
579 1063 772 1113 ε’μποιῆσαι
797 1063 860 1106 τῆς
879 1063 1008 1112 τροφῆς
1028 1060 1160 1106 ταύτης

133 1126 199 1170 τῆς
227 1125 486 1173 πνευματικῆς,
513 1124 551 1160 οὖ
579 1121 763 1171 παύσομαι
791 1119 882 1159 κατὰ
918 1119 1066 1171 δύναμιν
1097 1118 1158 1166 τὴν

134 1184 237 1236 ἐμὴν,
257 1184 347 1237 ἅπερ
371 1183 410 1221 ἂν
429 1186 451 1230 ἡ
482 1186 542 1222 τοῦ
561 1186 653 1221 Θεοῦ
674 1182 778 1235 χάρις
805 1181 966 1233 παρέχῃ,
988 1184 1035 1224 εἷς
1064 1180 1159 1233 ὠφέ-

136 1248 233 1284 λειαν
248 1244 420 1296 ὑμετέραν
440 1249 553 1283 ταῦτα
576 1247 628 1296 ἐφ’
647 1243 798 1290 ἑκάστης
825 1246 906 1293 ὑμῖν
936 1243 1160 1295 παρατιθεὶς,

135 1307 198 1344 καὶ
217 1305 262 1344 τὰ
278 1306 347 1344 ἀπὸ
363 1308 432 1343 τῶν
450 1305 548 1343 θείων
572 1307 722 1357 Γραφῶν
745 1303 942 1356 διδάγματα
963 1303 1159 1342 ἐναποτιθέ-

139 1382 240 1416 μενος
253 1371 329 1409 ταῖς
344 1366 530 1420 ὑμετέραις
545 1365 723 1409 διανοίαις.

191 1429 287 1479 Φέρε
301 1422 358 1465 οὖν
377 1427 437 1466 καὶ
460 1426 612 1479 σήμερον
632 1427 690 1465 τὸν
718 1427 961 1480 φιλάνθρωπον
977 1427 1158 1473 Δεσπότην

137 1486 448 1540 παρακαλέσαντες
465 1489 637 1539 ὁδηγῆσαι
667 1491 766 1540 ἡμῶν
790 1487 854 1535 τὴν
882 1490 1046 1540 γλῶσσαν
1075 1491 1160 1542 πρὸς

136 1548 201 1595 τὴν
216 1551 284 1586 τῶν
303 1547 524 1599 ζητουμένων
546 1547 694 1620 εὕρεσιν,
713 1548 778 1596 τὴν
798 1549 929 1597 συνήθη
946 1554 1160 1604 παραθῶμεν

137 1612 221 1660 ὑμῖν
250 1609 492 1659 διδασκαλίαν,
513 1608 600 1648 αὐτὰ
621 1609 788 1685 πρότερον
819 1609 864 1647 τὰ
896 1611 1161 1662 ἀναγνωσθέντα

137 1671 346 1724 προθέν’τες
332 1687 389 1710 επι
408 1673 470 1718 τῆς
487 1669 658 1725 ὑμετέρας
671 1671 1034 1746 ἀγάπης.Καιῶφθη,
1052 1673 1159 1725 φησὶ,

139 1732 292 1784 Κύριοςὸ
305 1733 395 1776 Θεὸς
411 1735 461 1770 τῶ
474 1731 636 1785 Ἄδραμ,
655 1748 716 1770 και
735 1725 829 1770 εἶπεν
845 1735 1025 1772 αὐτῶ.οὐ
1045 1735 1162 1777 καλῶς

139 1795 290 1847 ἔλεγον
275 1794 311 1838 εξ
340 1797 474 1848 ἀρχης,
495 1794 549 1832 ὅτι
571 1793 677 1838 πολυς
700 1797 719 1832 ὁ
738 1794 910 1847 θησαυρὸς
940 1795 1162 1833 ἕναπόκειται

139 1862 211 1900 τοῖς
231 1855 381 1908 βραχέσι
399 1855 531 1899 τούτοις
551 1855 722 1907 ρήμασινς
740 1854 829 1894 Ἰδοὺ
843 1854 911 1908 γὰρ
931 1855 1054 1899 εὐθέως
1070 1855 1161 1899 ξένον

139 1917 200 1954 καὶ
217 1916 334 1954 καινὸν
354 1916 394 1954 τὸ
411 1915 597 1968 προοίμιον
625 1917 694 1952 τῶν
726 1916 918 1969 εἰρημένων
931 1933 938 1940 ·
955 1917 1025 1955 Καὶ
1043 1917 1142 1970 ὤφθη
1152 1948 1162 1965 ,

139 1977 227 2030 φησὶ
241 2006 251 2023 ,
266 1976 391 2030 Κύριος
409 1980 428 2015 ὁ
442 1977 533 2020 Θεὸς
559 1979 609 2030 τῷ
625 1975 776 2030 Ἄδραμ.
807 1979 952 2029 Πρῶτον
973 1983 1075 2017 τοῦτο
1101 1982 1160 2017 εὖ·

143 2038 308 2091 ρίσκομεν
321 2040 356 2076 ἐν
377 2042 419 2090 τῇ
442 2040 566 2092 Γραφῇ
589 2043 648 2076 νῦν
679 2039 718 2077 τὸ
738 2039 852 2092 ῥηθὲν,
872 2040 925 2078 ὅτι
947 2040 1063 2093 ὤφθη·
1084 2041 1163 2081 οὔτε

138 2099 242 2152 γὰρ’
227 2115 284 2138 επι
303 2103 362 2139 του
381 2100 508 2150 Ἀδὰμ,
528 2100 606 2138 οὔτε
626 2100 684 2138 ἐπι
707 2105 768 2140 τοῦ
787 2101 909 2150 Ἄὲελ,
922 2102 1002 2141 οὔτε
1028 2103 1085 2142 ἐπὶ
1104 2109 1163 2142 τοῦ

141 2162 240 2208 Nais,
257 2161 333 2199 οὔτε
350 2163 404 2199 ἐπ’
424 2161 530 2200 ἄλλου
561 2162 652 2205 τινὸς
670 2161 780 2213 ταύτῃ
807 2162 982 2216 ἐχρησατο
1008 2166 1052 2215 τῇ
1073 2164 1163 2209 λέξει

138 2224 162 2267 ἡ
183 2220 257 2258 θεία
273 2220 408 2273 Γραφη.
423 2221 470 2259 Τί
489 2225 547 2260 οὐν
567 2223 642 2261 ἐστι
663 2223 704 2261 τὸ
731 2222 927 2275 εἰρημένον,
944 2225 1015 2263 Και
1042 2225 1162 2276 ὤφθη,

138 2281 244 2334 φησί,
263 2281 331 2320 Και
346 2284 420 2326 πῶς
438 2282 581 2333 ἑτέρωθι
593 2283 708 2334 λεγει,
723 2283 832 2328 οὐδεὶς
849 2285 971 2336 ὄψεται
987 2285 1044 2324 τὸν
1058 2287 1162 2334 Θεὸν,

137 2343 200 2381 καὶ
219 2342 382 2389 ζησεται;
402 2343 450 2381 Τί
472 2347 529 2382 οὖν
549 2343 589 2382 ἂν
608 2344 766 2396 εἴποιμεν
784 2362 843 2383 νυν
861 2361 924 2392 της
943 2348 1086 2400 Γραφῆς
1099 2349 1162 2386 >s-

137 2404 266 2455 γούσης
297 2404 351 2442 ὅτι
369 2403 488 2456 ὤφθη;
507 2405 593 2448 Πῶς
621 2405 720 2457 ὤφθη
749 2409 800 2444 τῶ
824 2407 966 2461 δικαίῳ;
991 2411 1075 2460 'Apa
1095 2411 1162 2447 αὖ-

139 2462 203 2509 τὴν
232 2462 296 2509 τὴν
323 2464 442 2502 οὐσίαν
471 2459 577 2503 εἶδεν·
569 2467 709 2518 ,Οὖγί·
742 2466 790 2517 μὴ
820 2467 965 2519 γένοιτο.
983 2469 1088 2508 Ἀλλὰ
1107 2469 1161 2519 τί,

139 2522 263 2567 Οὕτως
281 2523 435 2576 ὤφθη,“
417 2541 464 2569 ως
491 2527 553 2563 αὐτ
556 2526 591 2569 ὸς
625 2520 695 2564 οἶδε
728 2527 846 2578 μόνος,
873 2528 933 2567 καὶ
960 2532 1008 2574 ὡς
1039 2531 1160 2583 εκείνῳ

141 2584 283 2622 δυνατὸν
309 2589 352 2631 ἡν
383 2587 478 2624 ἰδεῖν.
499 2586 713 2639 Εὐμήχανος
739 2588 808 2642 γὰρ
844 2606 892 2628 ων
924 2593 943 2628 ὁ
968 2591 1071 2644 σοφὸς
1101 2593 1160 2630 καὶ

139 2645 382 2698 φιλάνθρωπος
412 2649 513 2697 ἡμῶν
543 2647 744 2696 Δεσπότης,
774 2665 834 2687 και
871 2652 1160 2702 συγκαταὸαίνων

137 2708 184 2757 τῇ
212 2706 410 2759 ἀνθρωπίνῃ
442 2707 561 2759 φύσει,
579 2713 650 2752 τοῖς
681 2709 783 2754 ἀξίως
800 2713 1161 2765 προπαρεσκευασμέ-

141 2783 211 2811 νοις
239 2768 358 2806 ἑαυτὸν
391 2769 582 2821 ἐμφανίζει.
609 2770 679 2809 Καὶ
709 2775 810 2810 τοῦτο
842 2773 992 2812 δείκνυσι
1014 2774 1070 2813 διὰ
1099 2780 1160 2814 τοῦ

138 2828 337 2882 προφήτου,
364 2830 488 2882 λέγων,
507 2830 610 2884 ΙἘγὼ
644 2832 780 2884 ὁράσεις
811 2835 1008 2884 ἐπλήθυνα,
1035 2836 1095 2875 καὶ
1125 2839 1160 2875 ἐν

139 2905 243 2943 γερσι
274 2906 461 2943 προφητων
481 2893 678 2942 ωμοιώθην.
697 2893 800 2933 Ἐπει
819 2911 880 2933 και
907 2895 1057 2941 Ἡσαΐας
1073 2892 1160 2936 εἶδεν

141 2950 244 2988 αυτὸν
275 2951 487 3002 καθημενον·
504 2957 604 2992 τοῦτο
629 2954 665 2992 δὲ
686 2954 824 3000 ἀνάξιον
843 2957 961 2995 Θεοῧ·
982 2957 1073 3002 Θεὸς
1091 2959 1159 3012 γὰρ

140 3013 179 3050 οὐ
196 3011 370 3058 κάθηται·
390 3028 464 3056 πως
481 3012 549 3067 γὰρ
564 3017 626 3060 ‘51'
607 3014 793 3066 ασώματος
811 3018 925 3066 εκείνη
952 3035 1011 3058 και
1026 3021 1161 3059 ἀνώλε-

140 3076 219 3125 θρος
237 3072 360 3125 φύσις·
350 3103 360 3120 ,
379 3073 439 3111 καὶ
457 3076 476 3112 ὁ
493 3074 628 3123 Δανιὴλ
647 3077 752 3116 παλιν
772 3071 858 3117 εἶδεν
889 3081 1004 3129 αὐτὸν,
1020 3085 1066 3126 ὡς
1091 3098 1161 3120 πα-

139 3133 236 3171 λαιὸν
250 3137 410 3185 ἡμερῶν·
423 3134 482 3173 καὶ
497 3138 515 3174 ὁ
530 3137 710 3190 Ζαχαρίας
723 3138 850 3192 ἑτέρως
862 3141 962 3179 αὐτὸν
974 3142 1158 3192 ἐθεάσατο,

142 3192 203 3230 καὶ
221 3187 389 3241 ’Ῐεζεκιὴλ
419 3185 525 3234 παλιν
554 3198 679 3243 αΛλως.
706 3199 774 3238 Διὰ
806 3216 909 3240 τουτο
942 3207 1000 3241 οὖν
1031 3203 1086 3241 ἕλε
1073 3219 1160 3255 εγεν,

143 3252 240 3339 Ἐγὼ
255 3253 392 3305 ὁράσεις
410 3257 606 3305 ἐπλήθυνα,
626 3259 704 3298 ἀντι
723 3276 784 3299 του
797 3262 913 3314 ,πρὸς
930 3263 993 3311 τὴν
1014 3264 1160 3304 ἑκάστου

144 3312 241 3357 ἀξίαν
265 3312 373 3359 οὕτως
401 3314 531 3368 ὤφθην.
561 3320 631 3359 Καὶ
659 3336 718 3358 νυν
745 3325 817 3369 οὖν,
845 3323 964 3371 επειδὴ
994 3327 1160 3373 ἀνέστησε

143 3375 202 3413 τὸν
219 3374 354 3414 δίκαιον
371 3376 516 3427 οἴκοθεν,
534 3395 593 3419 και
608 3381 817 3434 προσέταξεν
833 3385 880 3428 εἷς
894 3385 958 3432 τὴν
975 3387 1101 3425 ἀλλ-,ὀ
1063 3389 1162 3440 τρίαν

302 3442 396 3467 Tou.
428 3445 482 3469 iv.

1142 2567 1220 2592 ¹318

1227 277 1341 307 strum
1369 269 1484 307 zelum
1509 269 1692 319 animique
1716 269 1899 317 studium,
1923 270 2073 309 subinde
2104 272 2178 309 liae«-

1225 328 1435 378 admonens,
1454 339 1489 368 et
1510 329 1656 382 cupiens
1674 343 1739 368 vos
1759 330 1931 381 perfectos
1953 339 1986 367 et
2000 331 2181 369 absolutos

1229 403 1313 429 esse.
1335 391 1414 428 Non
1428 390 1524 429 enim
1542 389 1721 428 mediocre
1738 398 1989 441 argumentum
2013 390 2101 427 milii
2131 401 2181 428 est

1228 449 1296 488 hoc
1318 450 1427 488 vestri
1447 450 1483 489 in
1503 450 1639 489 divinis
1657 451 1849 503 profectus,
1874 449 1973 501 quod
1994 460 2088 488 tanta
2109 451 2182 488 ala-

1178 514 1202 544 C
1229 510 1354 549 critate
1385 511 1548 562 quotidie
1575 511 1646 549 huc
1675 510 1913 560 conveniatis,
1940 519 1974 548 et
2004 510 2181 563 spirituali

1228 569 1387 608 doctrina
1408 572 1545 623 expleri
1576 585 1644 609 non
1671 571 1826 624 possitis.
1847 572 1937 609 Nam
1953 571 2184 622 quemadmo-

1229 629 1318 668 dum
1351 632 1546 682 corporalis
1582 632 1653 670 cibi
1687 634 1883 685 appetitus,
1920 632 2094 670 iudicium
2134 641 2184 670 est

1230 691 1374 742 optimae
1394 691 1613 729 valetudinis
1638 709 1645 729 :
1666 693 1714 730 ita
1745 693 1966 731 desiderium
1988 694 2186 746 spiritualis

1230 751 1423 801 doctrinm,
1459 753 1788 791 manifestissimum
1839 765 2091 804 argumentum
2136 763 2188 793 est

1231 811 1360 850 animm
1396 812 1485 849 bene
1511 813 1673 852 valentis.
1697 814 1926 866 Quapropter
1956 824 1989 852 et
2016 830 2080 866 ego
2098 816 2188 854 bene

1233 872 1395 910 conscius
1406 872 1516 910 vestri
1533 873 1717 921 desiderii,
1737 873 1834 924 quod
1849 874 1984 912 scilicet
1998 885 2189 925 quantuni-

1233 933 1290 973 νίς
1307 934 1508 986 producam
1526 949 1738 984 sermonem,
1753 949 1821 973 non
1837 935 1971 988 possim
1985 936 2043 973 vel
2061 936 2112 974 sic
2127 951 2188 975 ex-

1234 995 1331 1048 plere
1346 994 1580 1046 desiderium,
1602 1005 1636 1034 ct
1657 995 1826 1034 alimento
1846 995 2026 1048 spirituali
2048 1012 2112 1035 vos
2128 1012 2188 1035 sa-

1233 1055 1341 1105 tiare,
1364 1070 1433 1094 non
1472 1055 1603 1095 desisto
1624 1072 1688 1109 pro
1720 1071 1797 1095 mea
1828 1056 1941 1106 virili,
1966 1072 2005 1096 ea
2026 1073 2103 1108 quae
2124 1059 2190 1096 Dei

1235 1117 1349 1168 gratia
1365 1116 1634 1170 suppeditat,in
1650 1127 1802 1156 vestram
1821 1117 2010 1156 utilitatem
2031 1119 2192 1170 quotidie

1234 1177 1340 1216 vobis
1361 1192 1571 1230 proponere,
1587 1188 1620 1217 ct
1634 1178 1768 1218 divinae
1781 1178 1976 1231 Scriptura:
1993 1179 2189 1218 doctrinam

1187 1249 1212 1278 D
1237 1239 1414 1277 mentibus
1436 1240 1563 1278 vestris
1582 1240 1743 1278 inserere.

1290 1431 1326 1466 9.
1350 1430 1423 1479 Age
1443 1427 1555 1480 igitur
1586 1437 1620 1465 et
1653 1426 1760 1466 hodie
1783 1428 2050 1466 misericordem
2079 1430 2194 1466 Deum

1237 1489 1478 1540 obsecremus,
1502 1498 1542 1526 ut
1560 1489 1723 1541 linguam
1741 1498 1900 1527 nostram
1927 1489 2061 1541 dirigat
2081 1490 2126 1527 ad
2140 1490 2192 1527 in-

1236 1549 1457 1589 veniendum
1478 1549 1574 1601 quod
1593 1549 1804 1601 quaerimus,
1827 1559 1860 1588 et
1881 1565 1946 1603 pro
1963 1565 2061 1589 more
2077 1560 2196 1589 nostro

1236 1610 1339 1649 vobis
1353 1611 1543 1648 afferamus
1569 1610 1788 1661 doctrinam,
1822 1612 2017 1664 propositis
2038 1612 2196 1664 primum

1236 1672 1294 1710 his
1317 1686 1396 1723 quae
1428 1671 1518 1710 lecta
1551 1680 1633 1710 sunt
1664 1671 1800 1710 caritati
1832 1681 1970 1710 vestrae.
1993 1675 2030 1711 7.
2054 1675 2109 1711 Et
2135 1677 2198 1710 vi-

1239 1746 1304 1770 sus
1326 1741 1404 1779 est,
1429 1731 1545 1783 inquit
1559 1762 1571 1782 ,
1592 1733 1786 1770 Dominus
1805 1732 1848 1770 A
1852 1734 1941 1770 hroe.
1960 1735 1996 1771 E
2001 1742 2014 1770 t
2033 1735 2133 1770 dia-it
2149 1738 2195 1772 ei.

1238 1794 1363 1831 Nonne
1383 1793 1474 1831 bene
1489 1793 1655 1832 dicebam
1671 1793 1718 1831 ab
1736 1793 1856 1843 initio,
1882 1794 1994 1832 latere
2017 1794 2054 1832 in
2072 1797 2197 1847 paucis

1237 1852 1310 1890 illis
1324 1853 1444 1893 verbis
1458 1867 1631 1904 magnum
1651 1854 1884 1891 thesaurum?
1904 1854 1998 1892 Ecce
2012 1855 2107 1893 enim
2122 1865 2192 1893 sta*

1187 1926 1211 1956 Ε
1237 1912 1303 1951 tim
1322 1927 1446 1951 rarum
1465 1923 1499 1951 et
1517 1913 1731 1952 admirabile
1751 1914 1968 1966 prooemium
1984 1917 2063 1954 :Et
2082 1919 2192 1955 visus

1239 1983 1311 2021 est,
1336 1974 1468 2026 inquit,
1503 1976 1697 2013 Dominus
1727 1976 1834 2014 Dens
1862 1976 1995 2014 Alme.
2020 1976 2096 2015 Hoc
2114 1977 2194 2030 pri-

1239 2050 1340 2073 mum
1352 2035 1555 2074 invenimus
1569 2035 1603 2073 in
1617 2035 1802 2087 Scriptura
1819 2049 1912 2074 nunc
1932 2036 2083 2086 dictum,
2095 2037 2193 2088 quod

1238 2096 1338 2136 visus
1366 2097 1442 2135 sit:
1463 2111 1577 2148 neque
1609 2096 1703 2134 enim
1723 2096 1909 2148 Scriptura
1936 2098 2059 2135 divina
2086 2099 2196 2136 verbo

1236 2157 1306 2196 hoc
1322 2172 1385 2196 usa
1407 2167 1470 2206 est,
1491 2172 1574 2195 cum
1592 2157 1638 2195 de
1657 2157 1784 2207 Adam,
1803 2158 1860 2196 vel
1879 2158 1925 2196 de
1944 2159 2050 2209 Abel,
2072 2159 2129 2196 vel
2149 2159 2194 2198 de

1238 2219 1327 2268 Noe,
1343 2219 1399 2257 vel
1415 2218 1460 2256 de
1469 2218 1540 2256 alio
1552 2218 1722 2270 quopiam
1732 2218 1881 2269 loquuta
1893 2228 1956 2257 est.
1972 2219 2071 2266 Quid
2083 2220 2196 2272 igitur

1237 2288 1290 2317 est
1309 2279 1406 2330 quod
1433 2279 1568 2317 dicitur
1588 2294 1596 2315 τ
1617 2280 1671 2316 Et
1691 2282 1800 2317 visus
1832 2285 1914 2318 est?
1934 2280 1982 2318 Et
2013 2282 2195 2332 quomodo

1236 2340 1324 2378 alibi
1342 2340 1431 2378 dicit
1449 2356 1458 2378 ε
1474 2341 1620 2378 Nullus
1639 2341 1791 2378 videbit
1812 2342 1962 2391 Deum,
1986 2351 2022 2380 et
2057 2346 2161 2381 vt'vet
2177 2349 2308 2389 ?Ea·0d.
2340 2359 2391 2388 33.

1237 2401 1338 2448 Quid
1364 2401 1477 2453 igitur
1500 2401 1664 2439 dicemus
1681 2415 1778 2438 nunc
1808 2401 1995 2454 Scriptura
2023 2403 2161 2442 dicente
2181 2421 2188 2441 :
2205 2410 2254 2430 ²0·

1236 2464 1292 2501 Et
1314 2465 1425 2501 visus
1444 2466 1528 2500 est?
1553 2461 1744 2508 Quomodo
1768 2461 1869 2500 visus
1888 2472 1938 2500 est
1953 2463 2077 2515 justo?
2093 2466 2190 2502 Num

1236 2524 1349 2576 ipsam
1365 2523 1602 2562 substantiam
1611 2521 1727 2561 vidit
1719 2523 1736 2549 ·'‘
1755 2523 1848 2573 Non,
1866 2523 1970 2562 absit.
1986 2525 2056 2562 Sed
2075 2525 2188 2575 quid?

1185 2605 1211 2634 Α
1235 2585 1296 2625 Sic
1314 2585 1414 2623 visus
1428 2594 1492 2632 est,
1516 2593 1554 2622 ut
1582 2585 1658 2636 ipse
1673 2584 1770 2621 solus
1786 2584 1865 2630 scit,
1891 2594 1924 2622 et
1941 2594 1978 2622 ut
1997 2585 2048 2622 illi
2067 2587 2185 2637 possi—

1234 2645 1308 2683 bile
1326 2654 1400 2682 eiat
1419 2643 1552 2682 videre.
1574 2642 1693 2681 Solers
1712 2642 1806 2680 enim
1835 2656 1916 2680 cum
1936 2643 1981 2680 sit
1997 2645 2137 2696 sapiens
2152 2655 2186 2683 et
2220 2663 2299 2690 Dan,
2316 2674 2390 2701 quo-

1233 2704 1432 2743 misericors
1444 2703 1624 2742 Dominus
1639 2712 1770 2751 noster,
1785 2717 1822 2740 se
1836 2702 2000 2741 humana?
2013 2714 2185 2758 attenipe·
2199 2715 2244 2731 'm’
2249 2706 2286 2731 ¹⁰
2345 2716 2354 2731 ⁸
2364 2716 2388 2732 ¹·

1232 2776 1288 2805 rat
1307 2775 1455 2813 naturae,
1477 2774 1511 2802 et
1531 2764 1759 2817 semetipsum
1779 2764 1823 2801 iis
1852 2765 1914 2815 qui
1944 2779 1981 2803 se
1998 2775 2100 2804 antea
2123 2767 2185 2805 di-
2199 2747 2314 2773 ‘leam‘

1233 2841 1301 2880 gne
1317 2833 1620 2879 praeparaverunt,
1637 2823 1801 2862 ostendit.
1826 2824 1940 2875 quue
1969 2825 2187 2866 demonstrat

1233 2901 1296 2940 per
1323 2886 1549 2938 prophetam,
1569 2884 1689 2922 dicens
1714 2900 1721 2920 ι
1746 2885 1831 2936 Ego
1858 2888 2030 2924 visiones
2050 2889 2184 2925 multi·
2203 2899 2386 2926 Omiza.»

1231 2949 1391 3000 plicavi,
1424 2955 1461 2984 et
1481 2949 1523 2982 in
1551 2947 1729 2982 manibus
1746 2947 2022 2997 prophetarum
2035 2951 2186 2986 assimi-

1235 3010 1425 3061 latztsszei.
1447 3007 1625 3053 Quoniam
1642 3014 1675 3043 ct
1705 3006 1815 3044 Isaias
1834 3006 1928 3044 vidit
1953 3022 2035 3046 eum
2060 3010 2185 3048 sedcn-
2201 3023 2276 3050 lsai.
2291 3023 2321 3052 6.
2340 3031 2363 3050 ι.

1233 3079 1305 3108 tem
1329 3086 1336 3106 ε
1359 3069 1426 3107 hoc
1441 3077 1559 3106 autem
1574 3069 1648 3105 Deo
1665 3066 1854 3118 indignum
1871 3083 1879 3104 :
1897 3069 1994 3107 Deus
2006 3071 2101 3109 enim
2116 3086 2183 3110 non

1235 3130 1330 3169 sedet
1349 3146 1360 3180 ς
1383 3130 1442 3181 qui
1463 3129 1558 3167 enim
1577 3137 1707 3181 potest,
1727 3142 1812 3166 cum
1830 3129 1881 3167 sit
1911 3129 2133 3183 incorporea,
2153 3142 2186 3170 et

1235 3192 1394 3230 interitui
1416 3204 1483 3228 non
1502 3190 1657 3228 obnoxia
1675 3191 1829 3230 natura?
1847 3200 1881 3229 et
1896 3191 2027 3229 Daniel
2048 3208 2187 3244 quoque
2203 3204 2277 3230 Dan.
2294 3210 2320 3238 7.
2336 3211 2385 3230 22.

1186 3271 1208 3300 B
1237 3253 1328 3291 vidit
1348 3266 1444 3297 eum,
1464 3260 1503 3288 ut
1524 3251 1712 3302 antiquum
1730 3250 1892 3299 dierum3
1916 3252 2106 3291 Zacharias
2125 3270 2187 3292 au-
2200 3264 2293 3292 zai-11.
2329 3271 2373 3290 ι,-

1238 3330 1307 3358 tem
1319 3318 1423 3356 aliter
1436 3331 1518 3355 eum
1533 3316 1714 3356 contuitus
1728 3326 1779 3357 est
1794 3333 1804 3366 ;
1819 3318 1882 3356 sed
1901 3328 1935 3356 et
1947 3318 2110 3357 Ezechiel
2123 3320 2186 3358 ali-

1240 3398 1302 3427 ter.
1321 3385 1424 3426 Unde
1437 3384 1577 3423 dicebat
1593 3400 1600 3420 :
1617 3386 1701 3437 Ego
1718 3388 1889 3425 visiones
1903 3387 2162 3437 multiplicari
2174 3405 2186 3425 .-

1955 3450 2001 3476 23
