2483 3791
318 147 341 159 μιν

290 158 374 190 130
705 160 743 190 S.
789 161 975 191 JOANNIS
1010 161 1251 192 CHRYSOST.

281 252 422 293 temque
437 242 584 295 praebet.
605 243 698 281 Nam
716 243 746 281 si
773 257 818 281 cx
842 244 1012 282 immensa
1045 258 1110 282 sua
1134 243 1233 281 beni-

283 303 428 354 gnitate,
442 303 547 341 etiam
567 303 777 356 priusquam
789 318 852 343 nos
868 305 1096 356 produceret,
1113 304 1235 341 ineffa-

282 363 369 401 bilia
387 364 448 401 illa
463 363 555 401 bona
576 364 676 402 nohis
691 365 915 416 praeparavit,
931 363 1235 415 quemadmodum
1260 369 1282 398 Β

82 436 196 464 March.
219 436 255 465 25
284 423 346 461 ille
365 424 476 462 dicit:
496 426 632 462 Venite
652 426 844 462 benedicti
861 426 996 462 Patris
1015 426 1104 470 mei,
1124 425 1235 460 here-

82 476 133 514 34,
285 485 409 523 ditate
433 487 596 537 accipite
614 493 798 536 paratum
824 486 928 522 vobis
950 497 1112 536 regnum
1143 491 1236 521 ante

284 549 595 585 constitutionem
619 546 754 583 mundi
765 561 775 581 .·
789 545 903 583 multo
922 545 1035 597 magis
1047 544 1234 597 praesentia

284 607 402 644 omnia
418 606 562 659 largiter
581 605 766 658 praebebit.

336 852 372 888 5.
389 851 484 899 Quia
499 850 608 902 igitur
635 859 686 888 tot
704 849 877 889 beneficia
889 850 926 888 in
947 859 1104 889 creatum
1122 850 1236 889 homi-

284 924 366 948 nem
384 911 547 959 contulit,
570 910 758 962 primoque
776 924 821 948 ex
847 910 961 948 nihilo
990 910 1178 962 produxit,
1200 920 1236 949 et

284 986 330 1009 ex
345 971 493 1023 pulvere
513 985 640 1023 corpus
656 972 808 1009 formare
823 970 992 1022 dignatus
1009 981 1074 1016 est,
1096 981 1235 1023 postea-

283 1047 351 1083 que
377 1032 471 1083 quod
498 1033 728 1070 excellentius
760 1041 848 1079 erat,
882 1032 1040 1069 animam
1069 1032 1233 1085 incorpo-

283 1106 377 1129 ream
397 1107 460 1144 per
489 1092 767 1131 insufflationem
781 1091 893 1140 dedit,
912 1091 1111 1142 deindeque
1130 1107 1234 1144 para-

280 1152 400 1190 disum
434 1167 522 1201 esse,
539 1162 573 1191 et
589 1167 670 1191 eum
690 1153 765 1191 illie
780 1152 993 1191 commorari
1013 1153 1132 1205 jussit,
1155 1163 1234 1205 post
1258 1160 1282 1192 C

281 1215 357 1252 haee
379 1223 419 1253 ut
437 1223 538 1267 pater
558 1215 667 1267 prolis
692 1229 825 1264 amans,
854 1223 974 1252 tenero
1004 1214 1080 1252 filio
1120 1215 1233 1254 multa

279 1275 441 1313 libertate
462 1284 495 1313 et
508 1275 631 1326 requie
646 1276 789 1325 fruenti,
803 1289 847 1313 ne
867 1275 1064 1326 insolescat,
1083 1291 1231 1328 parvam

278 1337 471 1387 quamdam
496 1345 530 1374 et
557 1335 775 1374 moderatam
805 1350 927 1374 curam
956 1337 1148 1388 excogitat3
1181 1338 1232 1376 sic

278 1398 376 1436 Deus
402 1398 539 1436 Adamo
559 1398 798 1450 operationem
820 1407 854 1436 et
874 1398 1073 1436 custodiam
1098 1413 1231 1451 praece-

278 1460 350 1511 pit,
372 1468 411 1496 ut
441 1473 521 1497 cum
547 1459 659 1496 multa
689 1459 885 1511 voluptate,
916 1458 1104 1497 securitate
1125 1469 1231 1511 atque

276 1520 394 1570 quiete
412 1520 486 1558 haec
504 1519 575 1558 duo
593 1519 753 1569 haberet,
769 1533 846 1571 quae
874 1519 1139 1570 aliquantulum
1162 1520 1229 1559 im-

276 1581 440 1634 pedirent
454 1595 498 1619 ne
513 1581 606 1618 ultra
621 1589 732 1618 metas
747 1580 963 1632 procederet.
985 1580 1068 1619 Haec
1083 1580 1229 1632 quidem

276 1642 395 1694 primo
409 1642 536 1680 collata
558 1650 639 1680 sunt
658 1641 801 1679 condito
832 1640 994 1690 homini,
1011 1656 1089 1692 quae
1110 1652 1229 1681 autem

276 1703 344 1740 sub
360 1703 436 1740 haec
449 1703 587 1754 adjecta
607 1711 689 1740 sunt
708 1714 874 1753 magnam
893 1715 975 1753 erga
990 1701 1095 1740 illum
1111 1701 1229 1742 decla-

275 1773 355 1802 rant
379 1763 636 1815 benignitatem
669 1772 774 1813 atque
814 1762 1084 1814 indulgentiam,
1118 1778 1227 1815 quam
1253 1774 1276 1803 D

276 1839 321 1862 ex
335 1839 398 1862 sua
417 1824 577 1862 bonitate
599 1824 777 1862 exhibuit.
798 1823 897 1870 Quid
916 1824 1011 1862 enim
1025 1824 1116 1862 dicit
1131 1824 1226 1864 Scri-

274 1886 409 1937 pturas)
436 1887 489 1923 Et
520 1888 702 1937 proecepit
740 1887 934 1924 Dominus
970 1887 1077 1924 Deus
1106 1886 1223 1927 Adoe.

72 1951 179 1998 copim
214 1960 261 1977 νος
277 1947 369 1985 Ecce
388 1948 517 1985 iterum
530 1947 590 1985 hic
611 1947 733 1985 eadem
753 1946 1010 1985 consuetudine
1027 1947 1140 1985 utitur
1154 1977 1166 1997 ,
1188 1956 1227 1985 ut

71 2003 136 2061 {3¹:¹1¹
175 2002 263 2059 ᾞέζ
276 2009 405 2047 iisdem
419 2011 618 2060 frequenter
630 2008 787 2061 repetitis
802 2008 1001 2047 accuratius
1027 2008 1227 2047 doctrinam

75 2075 164 2107 *³³¹¹ss
181 2085 263 2122 ‘tp-is·
277 2070 514 2122 excipiamus,
537 2078 570 2108 et
589 2084 632 2107 ne
647 2070 739 2107 ultra
753 2069 908 2107 feramus
929 2083 1000 2117 cos,
1017 2069 1078 2119 qui
1095 2069 1227 2108 audent

71 2116 261 2187 ζ’(ῗὲῗήγὲἱῐω
277 2131 420 2167 nomina
449 2144 514 2181 pro
540 2130 644 2167 libito
668 2129 903 2179 distinguere,
929 2139 962 2167 et
992 2129 1091 2167 aliud
1116 2130 1226 2179 Patri,

73 2200 154 2228 bant.
275 2190 375 2228 aliud
392 2191 483 2228 Filio
498 2190 710 2228 adscribere.
732 2190 825 2237 Quia
841 2190 937 2227 enim
958 2190 1143 2241 utriusque
1158 2205 1227 2228 una

276 2252 473 2289 substantia
487 2260 549 2300 est,
564 2251 644 2288 ideo
659 2250 781 2288 divina
801 2250 987 2303 Scriptura
1005 2250 1224 2289 indiscrimi-

276 2312 386 2350 natim
410 2312 600 2363 aliquando
621 2311 731 2359 Patri,
751 2310 944 2362 aliquando
967 2311 1060 2349 Filio
1088 2312 1225 2351 tribuit.

276 2376 331 2411 Et
347 2377 540 2425 praecepit,
563 2373 694 2424 inquit,
711 2374 905 2412 Dominus
921 2373 1026 2410 Deus
1042 2373 1145 2411 Adoe
1164 2375 1224 2411 di-

276 2448 379 2473 cens.
416 2435 484 2472 llic
510 2435 635 2472 merito
667 2443 869 2486 stupeamus
896 2433 965 2472 Dei
998 2433 1224 2472 clementiam

278 2495 384 2533 verba
400 2495 517 2533 omnia
541 2505 764 2547 superantem
794 2494 966 2541 videntes,
989 2508 1096 2546 quam
1125 2495 1226 2533 brevi
1251 2500 1272 2529 E

278 2556 345 2594 hac
356 2556 511 2594 dictione
525 2556 684 2594 exhibet.
705 2558 759 2594 Et
775 2558 968 2608 praecepit,
981 2555 1109 2607 inquit.
1132 2556 1227 2595 Vide

277 2618 396 2655 statim
422 2618 468 2655 ab
491 2617 604 2667 initio,
629 2625 761 2667 quanto
788 2616 921 2654 honore
938 2615 1122 2668 hominem
1143 2631 1226 2668 pro-

280 2678 447 2730 sequitur.
471 2680 594 2729 Neque
612 2678 707 2715 enim
723 2676 837 2714 dixit:
853 2676 1055 2729 imperavit,
1077 2676 1135 2715 vel
1150 2677 1226 2729 jus-

279 2739 339 2777 sit:
366 2739 426 2777 sed
448 2739 562 2790 quid?
590 2741 791 2791 Praecepit.
814 2739 914 2777 Sicut
948 2738 1084 2775 amicus
1113 2738 1227 2776 amico

279 2800 323 2837 de
342 2801 446 2838 rebus
464 2801 667 2838 necessariis
688 2800 896 2852 praecipiens
922 2799 1081 2852 loquitur
1095 2829 1105 2848 ‚
1126 2799 1174 2838 ita
1195 2808 1228 2837 et

281 2862 375 2899 Deus
397 2875 479 2913 erga
498 2862 675 2899 Adamum
700 2861 869 2910 afficit‘ur,
884 2861 985 2912 quasi
1010 2860 1076 2898 hoc
1095 2861 1227 2899 honore

280 2925 397 2977 ipsum
416 2924 462 2961 ad
482 2923 719 2962 obediendum
739 2924 783 2961 iis
796 2937 872 2975 quae
884 2938 903 2961 a
924 2938 959 2961 sc
972 2922 1229 2975 praecipieban-

280 2994 350 3033 tur,
379 2993 605 3023 attracturus.
643 2987 706 3024 16.
742 2986 794 3023 Ec
824 2987 1003 3037 praecepit
1034 2985 1287 3045 Dominus¹¹0

280 3046 387 3083 Deus
406 3045 509 3083 Adoe
530 3046 660 3083 (licens
675 3062 685 3081 :
708 3046 769 3082 De
786 3048 890 3082 omni
909 3046 1028 3097 ligno,
1048 3047 1153 3098 quod
1171 3055 1225 3084 cst
1255 3059 1272 3086 Α

280 3110 321 3143 in
333 3107 532 3157 paradiso,
554 3108 785 3145 comedendo
805 3107 995 3145 comedes:
1022 3109 1083 3145 17.
1108 3108 1155 3145 de
1176 3108 1224 3145 li-

325 3243 336 3255 v
354 3231 428 3262 Duo
446 3231 521 3262 Mss.
538 3237 595 3264 απὸ
613 3236 790 3269 anafieng.

322 3287 334 3304 Ἰ
354 3287 363 3327 [
380 3283 481 3317 Sssvll.
500 3282 593 3314 addit
612 3284 716 3327 trapi}

323 3346 333 3358 ²
348 3336 459 3370 Mox-cl.
474 3343 503 3367 ct
517 3334 643 3377 aliquot
656 3335 732 3366 Mss.
751 3340 797 3367 καὶ
814 3339 827 3367 ο
846 3339 906 3372 θεὸς
924 3339 999 3379 πρὸς
1018 3340 1066 3368 τὸν
1086 3332 1167 3377 Ᾰδάμ
1186 3337 1278 3368 ulmi<

1290 160 1496 191 ARCHIEP.
1534 160 1878 191 CONSTANTINOP
1887 181 1897 191 .

1307 258 1393 286 σεως
1421 242 1484 290 τὴν
1514 242 1671 294 φυλακὴν
1702 243 1939 295 ἐπιτρέψαντι.
1968 243 2093 281 Πάντα
2112 242 2178 295 γὰρ
2199 250 2289 282 ποιεῖ
2310 246 2328 281 ὁ

1306 303 1395 346 Θεὸς
1422 303 1481 340 καὶ
1501 303 1786 354 πραγματεύεται
1814 303 1871 342 διὰ
1894 303 1956 350 τὴν
1971 302 2140 355 ὠφέλειαν
2160 303 2222 350 τὴν
2240 307 2330 354 ἡμε-

1306 361 1424 414 τέραν,
1457 363 1516 401 καὶ
1545 363 1634 414 μετὰ
1660 364 1781 402 τούτου
1807 364 1865 402 καὶ
1883 364 1946 411 τὴν
1975 364 2167 403 ἀπόλαυσιν
2188 364 2247 402 καὶ
2265 365 2328 411 τὴν

1308 423 1422 461 ἄνεσιν
1451 424 1625 476 δωρεῖται.
1654 426 1698 462 Εἰ
1723 424 1790 477 γὰρ
1809 424 1865 462 διὰ
1883 425 1946 472 τὴν
1967 425 2253 476 ὑπερὸάλλουσαν
2270 427 2331 463 αὖ·

1307 490 1366 523 τοῦ
1394 484 1680 537 φιλανθρωπίαν,
1710 485 1770 523 καὶ
1803 487 1884 537 πρὶν
1917 489 2011 536 ἡμᾶς
2040 493 2256 538 παραγαγεῖν
2283 485 2329 525 τὰ

1306 544 1491 597 ἀπόρρητα
1512 546 1627 583 ἐκεῖνα
1647 548 1731 596 ἡμῖν
1752 546 1866 596 ἀγαθὰ
1878 546 2080 597 ηὐτρέπισε,
2097 546 2211 590 καθὼς
2227 548 2328 590 αὐτὸς

1304 605 1416 657 λέγει·
1439 608 1547 644 Δεῦτε
1576 609 1606 644 οἱ
1637 605 1862 658 εὐλογημένοι
1894 611 1956 645 τοῦ
1973 608 2112 659 Πατρός
2133 624 2218 658 μου,
2239 609 2328 656 κλη-

1307 668 1536 719 ρονομήσατε
1551 667 1614 715 τὴν
1650 668 1910 718 ἡτοιμασμένην
1929 670 2009 719 ὑμῖν
2032 668 2209 719 βασιλείαν
2236 670 2329 722 οπρὸ

1304 729 1503 774 καταέολῆς
1523 728 1654 779 κόσμου
1670 744 1678 752 ·
1698 730 1818 780 πολλῷ
1839 730 1969 780 μᾶλλον
1985 728 2030 767 τὰ
2049 732 2195 768 ἐνταῦθα
2212 730 2328 768 πάντα

1307 789 1395 841 μετὰ
1415 789 1595 842 δαψιλείας
1615 790 1770 840 παρέξει.

1359 851 1462 890 Ἐπεὶ
1489 846 1546 890 οὖν
1577 851 1747 895 τοσαύτας
1766 851 1963 904 εὐεργεσίας
1981 853 2028 894 εἷς
2043 852 2100 890 τὸν
2117 853 2327 905 δημιουργη-

1307 911 1409 950 θέντα
1427 912 1591 951 κατέθετο
1603 943 1612 961 ,
1628 916 1766 965 πρῶτον
1783 913 1852 951 ἀπὸ
1871 917 1929 950 τοῦ
1945 912 1992 963 μὴ
2009 913 2102 956 ὄντος
2122 916 2167 957 εἷς
2181 914 2220 952 τὸ
2241 908 2328 952 εἶναι

1305 973 1523 1025 παραγαγὼν
1546 974 1660 1019 αὐτὸν,
1689 973 1748 1011 καὶ
1762 973 1831 1012 ἀπὸ
1844 978 1902 1011 τοῦ
1914 974 1994 1027 χοὸς
2008 973 2324 1025 σῶμαὶδιαπλάσαι

1306 1033 1524 1077 καταξιώσας
1537 1065 1546 1081 ‚
1568 1035 1628 1072 καὶ
1650 1034 1739 1084 μετὰ
1755 1040 1865 1073 ταῦτα
1881 1036 1920 1073 τὸ
1937 1035 2158 1087 κυριώτερον,
2184 1034 2249 1081 τὴν
2265 1036 2328 1087 ψυ-

1305 1094 1372 1145 χὴν
1398 1094 1414 1115 ‘¹
1427 1093 1489 1140 τὴν
1513 1094 1700 1146 ἀσώματον
1718 1094 1774 1132 διὰ
1796 1101 1854 1134 τοῦ
1872 1097 2118 1147 ἐμφυσηματος
2136 1096 2329 1149 χαρισάμε-

1304 1170 1376 1202 νος,
1398 1149 1472 1193 εἶτα
1488 1156 1545 1194 τὸν
1567 1156 1778 1208 παράδεισον
1797 1155 1956 1206 γενέσθαι
1971 1155 2149 1203 κελεύσας,
2175 1156 2234 1194 καὶ
2257 1158 2328 1194 ἐκεῖ

1305 1216 1407 1254 αὐτὸν
1427 1218 1665 1255 ἐνδιαιτᾶσθαι
1680 1217 1888 1269 προστάξας,
1909 1216 1997 1267 μετὰ
2012 1221 2122 1254 ταῦτα
2138 1217 2244 1255 πάλιν
2265 1233 2327 1255 κα-

1305 1277 1414 1330 θάπερ
1436 1277 1554 1331 πατὴρ
1575 1277 1799 1330 φιλόστοργος
1826 1278 1926 1316 παιδὶ
1954 1277 2020 1331 νέῳ
2053 1279 2184 1324 πολλῆς
2211 1278 2328 1321 ἀδείας

1303 1339 1361 1377 καὶ
1394 1338 1542 1382 ἀνέσεως
1584 1339 1815 1385 ἀπολαύοντι,
1850 1338 1941 1377 ὥστε
1973 1338 2021 1389 μὴ
2056 1340 2326 1391 ἀποσκιρτῆσαι,

1304 1401 1430 1452 μικράν
1460 1417 1538 1438 τινα
1563 1400 1621 1438 καὶ
1649 1399 1845 1452 σύμμετρον
1875 1403 2004 1439 ἐπινοεῖ
2024 1400 2208 1452 φροντίδα·
2235 1399 2325 1438 οὕτω

1301 1461 1360 1499 καὶ
1375 1465 1392 1499 ὁ
1411 1462 1591 1508 Δεσπότης
1609 1461 1698 1504 Θεὸς
1717 1464 1766 1514 τῷ
1781 1461 1891 1512 Ἀδὰμ
1910 1461 1972 1507 τὴν
1993 1460 2156 1513 ἐργασίαν
2178 1461 2237 1499 καὶ
2260 1460 2324 1508 τὴν

1301 1522 1458 1575 φυλακὴν
1486 1522 1694 1576 προσέταξεν
1709 1552 1718 1570 ,
1736 1522 1792 1560 ἵνα
1818 1522 1907 1573 μετὰ
1927 1526 1988 1569 τῆς
2006 1525 2136 1574 τρυφῆς
2155 1526 2216 1569 τῆς
2235 1523 2325 1561 πολ-

1299 1585 1385 1631 λῆς,
1413 1584 1472 1622 καὶ
1503 1586 1565 1630 τῆς
1595 1583 1731 1630 ἀδείας,
1759 1583 1817 1621 καὶ
1839 1586 1900 1629 τῆς
1918 1583 2084 1628 ἀνέσεως,
2113 1582 2229 1637 ἠρέμα
2247 1599 2322 1627 πως

1300 1643 1363 1696 ἔχῃ
1389 1649 1499 1683 ταῦτα
1532 1644 1715 1697 ἀμφότερα
1748 1643 1961 1696 ἐγκόπτοντα
1992 1647 2096 1682 αὐτοῦ
2123 1644 2186 1691 τὴν
2210 1647 2258 1689 εἰς
2284 1644 2325 1684 τὸ

1299 1705 1420 1757 πρόσω
1440 1705 1560 1758 φοράν.
1585 1708 1708 1744 Ταῦτα
1737 1705 1798 1756 μὲν
1821 1699 1879 1743 οἶν
1908 1705 1952 1743 τὰ
1968 1706 2034 1753 ἤδη
2058 1706 2259 1759 ὑπάρξαντα
2273 1709 2323 1759 τῷ

1300 1766 1607 1819 δημιουργηθέντι·
1624 1767 1668 1805 τὰ
1687 1767 1724 1804 δέ
1742 1783 1781 1818 γε
1800 1766 1876 1813 ἑξῆς
1897 1768 2096 1819 ἕπαγόμενα
2112 1768 2217 1806 πάλιν
2231 1770 2321 1806 πολ-

1297 1827 1361 1873 λὴν
1384 1827 1442 1866 καὶ
1458 1828 1745 1880 ὑπερὸάλλουσαν
1759 1831 1842 1879 ἡμῖν
1864 1827 2024 1880 ἐμφαίνει
2039 1828 2101 1874 τὴν
2122 1828 2202 1879 περὶ
2218 1828 2321 1867 αὐτὸν

1299 1889 1574 1941 φιλανθρωπίαν,
1601 1889 1663 1935 τήν
1682 1905 1719 1927 τε
1739 1889 1997 1941 συγκατάέασιν
2010 1918 2019 1936 ,
2042 1889 2083 1934 ἣν
2104 1889 2161 1927 διὰ
2182 1889 2244 1936 τὴν
2268 1892 2323 1928 οἷ-

1299 1950 1394 1988 κείαν
1410 1950 1612 2002 ἀγαθότητα
1625 1950 1871 1989 ἐπιδείκνυται.
1883 1949 1930 1988 Τί
1944 1950 2010 2002 γάρ
2026 1966 2127 2001 φησιν
2141 1954 2162 1996 ἢ
2182 1950 2321 2004 Γραφή;

1299 2011 1370 2049 Καὶ
1390 2011 1583 2050 ἐνετείλατο
1601 2012 1728 2064 Κύριος
1746 2015 1763 2050 ὃ
1780 2011 1869 2054 Θεὸς
1889 2013 1938 2062 τῷ
1960 2011 2080 2061 Ἀδάμ.
2111 2011 2201 2050 Ἰδοὺ
2216 2012 2321 2049 πάλιν

1299 2072 1358 2110 καὶ
1380 2074 1528 2110 ἐνταῦθα
1550 2076 1592 2123 τῇ
1618 2075 1704 2123 αὐτῇ
1726 2072 1888 2123 συνηθείᾳ
1907 2072 2095 2124 ἐχρήσατο,
2122 2072 2177 2110 ἵνα
2195 2075 2237 2123 τῇ
2255 2089 2321 2111 πυ-

1299 2132 1440 2179 κνότητι
1453 2135 1520 2170 τῶν
1536 2132 1732 2183 λεγομένων
1747 2133 1875 2183 ἀκριὸἧ
1893 2131 1955 2178 τὴν
1974 2133 2199 2170 διδασκαλίαν
2216 2132 2321 2178 δεξώ-

1299 2195 1399 2242 μεθα,
1418 2192 1477 2230 καὶ
1493 2192 1619 2242 μηκέτι
1635 2191 1840 2244 ἀνεχώμεθα
1854 2197 1922 2232 τῶν
1936 2193 2145 2243 τολμώντων
2163 2195 2322 2240 ἀποκλη-

1300 2257 1377 2306 ροῦν
1391 2252 1452 2295 τὰς
1465 2256 1532 2290 τῶν
1553 2253 1733 2303 ὀνομάτων
1752 2254 1988 2306 προσηγορίας
2003 2285 2012 2302 ,
2032 2255 2091 2292 καὶ
2107 2254 2170 2301 τὴν
2188 2254 2250 2305 μὲν
2270 2259 2320 2308 τῷ

1297 2313 1414 2365 Πατρὶ
1428 2344 1437 2361 ,
1483 2313 1543 2360 τὴν
1573 2314 1607 2351 δὲ
1638 2317 1687 2367 τῷ
1718 2316 1793 2367 Υίῷ
1820 2316 2040 2369 προσνέμειν.
2078 2316 2223 2363 Ἐπειδὴ
2253 2317 2321 2371 γὰρ

1299 2375 1503 2428 ἀμφοτέρων
1526 2378 1547 2420 ἡ
1574 2374 1671 2413 οὐσία
1698 2375 1761 2425 μία
1774 2405 1783 2423 ,
1803 2376 1859 2414 διὰ
1879 2382 1979 2415 τοῦτο
1993 2376 2052 2414 καὶ
2067 2380 2088 2423 ἡ
2105 2375 2181 2414 θεία
2195 2378 2319 2430 Γραφὴ

1298 2436 1493 2489 ἀδιαφόρως
1522 2436 1605 2476 ποτὲ
1634 2437 1694 2487 μὲν
1714 2441 1763 2490 τῷ
1785 2439 1912 2490 Πατρὶ,
1936 2438 2019 2477 ποτὲ
2039 2438 2074 2477 δὲ
2095 2442 2144 2492 τῷ
2164 2441 2238 2492 Υἱῷ
2255 2439 2318 2487 τὴν

1297 2497 1403 2544 αὐτὴν
1434 2498 1668 2551 προσηγορίαν
1709 2499 1905 2552 εὑρίσκεται
1947 2502 2205 2551 ἀποκληροῧσα.
2249 2501 2319 2539 Καὶ

1298 2558 1502 2605 ἐνετείλατο,
1531 2559 1627 2610 φησὶ,
1666 2559 1790 2611 Κύριος
1819 2564 1836 2598 ὁ
1860 2561 1950 2603 Θεὸς
1979 2563 2029 2612 τῷ
2052 2561 2169 2611 Ἀδὰμ
2195 2561 2318 2613 λέγων.

1297 2617 1406 2662 Ἄξιον
1427 2622 1571 2658 ἐνταῦθα
1592 2622 1811 2673 ἐκπλαγῆναι
1831 2621 1893 2668 τὴν
1911 2622 2025 2659 πάντα
2039 2622 2139 2673 λόγον
2156 2622 2318 2674 amponi-

1297 2695 1420 2718 νουσαν
1441 2686 1500 2719 τοῦ
1529 2683 1621 2719 Θεοῦ
1641 2682 1923 2734 φιλανθρωπίαν,
1949 2682 1990 2728 ἦν
2008 2682 2218 2720 ἐνδείκνυται
2233 2685 2318 2733 ἡμῖν

1299 2740 1354 2778 διὰ
1391 2743 1453 2787 τῆς
1484 2741 1651 2794 βραχείας
1679 2742 1809 2789 ταύτης
1838 2742 1972 2786 λέξεως.
2016 2742 2085 2779 Καὶ
2113 2743 2321 2791 ἐνετείλατο,

1298 2800 1394 2852 φησί.
1427 2801 1540 2839 Βλέπε
1560 2804 1598 2839 ἐκ
1624 2801 1813 2854 προοιμίων
1835 2804 1926 2853 πόσῃ
1942 2806 2027 2854 τιμῇ
2049 2803 2219 2856 κέχρηται
2239 2803 2321 2855 περὶ

1298 2862 1354 2899 τὸν
1371 2862 1564 2914 ἄνθρωπον.
1596 2861 1688 2901 Οὐδὲ
1707 2862 1774 2913 γὰρ
1790 2856 1882 2911 εἷπε,
1900 2863 2121 2916 προσέταξεν,
2141 2864 2163 2909 ἢ
2183 2863 2318 2902 ἐκέλευ-

1298 2939 1368 2971 σεν,
1386 2924 1475 2962 ἀλλὰ
1491 2924 1548 2970 τί;
1565 2924 1796 2963 Ἐνετείλατο.
1831 2925 1999 2976 Καθάπερ
2018 2926 2114 2978 φίλος
2132 2925 2221 2978 φίλῳ
2239 2925 2320 2977 περί

1299 3002 1400 3023 τινων
1417 2985 1614 3036 ἀναγκαίων
1637 2986 1878 3035 ἐντελλόμενος
1895 2986 2109 3039 διαλέγεται,
2128 2986 2219 3024 οὕτω
2237 2986 2320 3024 ε’καὶ

1300 3051 1317 3085 ὁ
1341 3046 1429 3090 Θεὸς
1451 3047 1535 3098 πρὸς
1560 3047 1617 3085 τὸν
1639 3047 1747 3097 Ἀδὰμ
1767 3047 1969 3095 διατίθεται,
1987 3048 2169 3099 μονονουχὶ
2186 3047 2241 3086 διὰ
2257 3049 2320 3093 τῆς

1299 3108 1466 3154 τοσαύτης
1487 3110 1591 3157 τιμῆς
1608 3107 1869 3146 ἐπισπάσασθαι
1890 3108 2096 3159 βουλόμενος
2112 3108 2213 3146 αὐτὸν
2234 3107 2319 3159 πρὸς

1316 3237 1408 3265 Ost-xi.
1429 3230 1545 3271 Savil.‚
1562 3232 1641 3273 ch.
1661 3239 1693 3263 ct
1709 3230 1856 3266 colbert.
1878 3239 1925 3268 καὶ
1948 3238 1963 3268 ὁ
1986 3239 2047 3271 Osos
2065 3243 2101 3278 τῇ
2120 3239 2197 3279 εὐτε(
2214 3243 2251 3280 τῇ
2268 3241 2318 3268 ἀν-

1314 3290 1443 3328 θρωπίνη
1454 3311 1460 3322 ,
1479 3290 1633 3326 μονονουχὶ
1649 3287 1695 3318 διὰ
1712 3294 1763 3322 τῆς
1774 3313 1780 3325 ,
1796 3293 1859 3318 ote.
