2516 3791
309 168 405 226 484
732 182 770 212 s.
809 181 988 212 Jomms
1022 178 1262 209 cunrsosr.
1301 177 1898 210 ARCH1EP.CONSTANT1NOP

299 276 408 304 tatem
426 275 460 304 et
475 265 631 303 laborem
652 263 775 303 divina
799 264 993 315 Scriptura,
1009 261 1150 298 dicens:
1168 259 1206 297 A
1211 272 1249 295 c-

300 330 419 367 currit
445 336 574 365 autem
589 329 630 362 in
646 339 844 364 occursum
872 336 1001 359 eorum
1017 337 1028 356 :
1043 321 1090 358 ita
1108 328 1141 357 et
1155 317 1250 356 nun'c

300 388 383 439 quia
395 387 486 426 vidit
499 387 608 433 viros,
623 395 655 423 et
665 385 699 422 id
711 384 807 435 quod
818 383 962 435 optabat
973 381 1129 433 perfecit,
1139 393 1249 430 neque

301 448 352 486 sic
365 450 411 486 ab
425 447 603 485 alacritate
615 445 751 482 desistit
757 460 767 493 5
782 443 844 481 sed
857 442 970 494 magis
985 442 1178 481 ferventem
1191 439 1251 477 de-

302 508 411 546 clarat
426 520 580 545 amorem
595 535 604 553 ,
624 518 735 554 neque
749 503 832 554 quia
847 517 989 541 securus
1004 511 1077 540 erat
1090 531 1100 551 ,
1116 500 1196 538 ideo
1210 500 1251 538 fit

301 568 542 620 negligentior.
563 566 606 604 Id
627 564 722 616 quod
750 564 853 602 nobis
884 565 1083 616 frequenter
1113 562 1250 612 evenit,

299 638 333 667 et
345 627 518 680 principio
531 624 635 665 val-le
653 624 802 663 studiosi
817 639 940 663 sumus
955 640 962 661 τ
977 623 1118 676 quando
1133 632 1252 661 autem

300 690 335 727 in
351 688 530 739 negotium
546 695 693 726 ventum
709 695 780 737 est,
794 700 862 724 non
877 701 942 738 par
958 684 1117 723 studium
1133 683 1252 722 afferi-

299 764 390 787 mus.
410 750 548 788 Verum
574 748 693 799 justus
718 761 787 785 non
808 747 859 784 sic
872 777 881 795 ‚
904 746 965 784 sed
985 745 1096 796 quid?
1118 746 1251 783 Iterum

299 810 439 849 festinat
455 819 487 848 et
506 817 691 862 properat,
713 817 747 846 et
765 808 876 846 currit
903 807 999 845 senio
1020 807 1198 844 confectus
1215 805 1252 842 in

299 870 566 910 tabernaculum
577 869 622 907 ad
632 870 830 916 Sarram,E
833 877 846 905 t
858 870 958 906 dixit
971 871 1007 905 ei
1021 883 1031 904 .·
1048 868 1086 905 A
1091 867 1252 914 coelem,

301 942 337 971 et
352 935 468 970 misce
483 940 557 969 tres
574 943 772 968 mensuras
791 929 942 967 similae.
961 926 1154 966 Considera
1168 940 1255 977 quo-

302 992 407 1031 modo
417 1001 449 1030 et
460 992 604 1030 sarram
616 989 812 1029 venationis
819 988 949 1026 sociam
959 987 1120 1037 assumit,
1130 995 1254 1037 etquo-

302 1053 406 1092 modo
415 1067 491 1091 eam
503 1051 634 1102 erudit,
647 1060 685 1088 ut
704 1064 805 1089 suam
818 1050 978 1088 imitetur
995 1048 1175 1087 virtutem.
1192 1047 1256 1085 Et-

302 1116 396 1153 enim
409 1123 442 1152 et
455 1114 554 1151 illam
564 1112 687 1150 incitat
694 1126 737 1149 ne
746 1111 865 1150 officio
876 1125 939 1149 suo
951 1109 1168 1162 negligenter
1175 1110 1256 1147 fun-

302 1185 418 1226 gamm,
433 1174 505 1223 sed,
519 1175 558 1212 A
562 1174 722 1222 coetera,
733 1172 861 1223 inquit.
872 1174 1042 1223 Magnam
1050 1170 1256 1222 negotiatio-

302 1251 382 1275 nem
400 1236 577 1286 asscquuti
601 1248 738 1285 sumus,
758 1248 802 1271 ne
822 1232 1012 1286 perdamus
1033 1232 1254 1282 thesaurum,

302 1297 363 1336 sed
384 1297 589 1343 Αεεεῖενιι,
608 1303 644 1333 et
659 1297 774 1333 misce
801 1303 875 1332 tres
893 1307 1091 1332 mensuras
1105 1294 1256 1331 similae.

302 1358 482 1405 Quoniam
497 1357 629 1395 sciebat
641 1355 850 1408 bonioperis
865 1353 1260 1406 magnitiidinem7'v‘ole-

303 1419 364 1456 bat
379 1418 461 1457 x-Itae
481 1432 552 1456 suae
573 1417 704 1455 sociam
719 1417 824 1454 etiam
837 1416 1072 1455 retribuendae
1086 1415 1258 1454 mercedis

302 1494 375 1517 esse
411 1478 630 1531 participem.
655 1478 774 1524 Quare
804 1478 912 1528 enim,
945 1478 1004 1515 dic
1031 1478 1136 1526 mihi,
1167 1478 1259 1515 nulli

300 1539 511 1577 ancillarum
529 1539 596 1576 hoc
618 1539 803 1590 praecepit,
825 1538 886 1576 sed
907 1539 1011 1576 uxori
1034 1547 1105 1576 tam
1133 1552 1258 1590 prove<

301 1609 364 1637 etse
385 1599 522 1637 aetatisi‘
540 1599 731 1649 nonaginta
756 1599 850 1636 enim
875 1613 1050 1637 annorum
1071 1608 1156 1636 erat.
1178 1600 1257 1636 Non

299 1668 473 1712 repugnat
502 1658 669 1696 mandato
696 1659 816 1707 Sarra,
837 1658 899 1696 sed
919 1673 1042 1711 parem
1058 1659 1163 1697 etiam
1182 1659 1258 1711 ipsa

299 1721 516 1758 alacritatem
528 1721 642 1758 affert.
657 1719 813 1757 audiant
825 1720 906 1767 viri,
915 1719 1062 1757 audiant
1072 1720 1237 1758 mulieres
1249 1736 1256 1757 :

298 1782 367 1819 viri
385 1782 545 1833 quidem,
561 1791 600 1819 ut
615 1781 665 1820 sic
681 1795 761 1819 suas
789 1782 1056 1819 contubernales
1077 1781 1257 1832 audiant,

299 1852 337 1880 ut
354 1843 382 1880 si
400 1842 541 1894 quando
571 1842 758 1894 spirituale
783 1842 926 1880 lucrum
953 1841 1109 1891 incidat,
1130 1856 1172 1880 ne
1197 1857 1260 1895 pel

1324 257 1494 309 ἐπείγετο,
1513 259 1682 308 ἐμήνυσεν
1706 263 1811 300 αὐτοῦ
1837 263 1896 301 τὸν
1927 262 2023 301 τόνον
2050 265 2110 302 καὶ
2139 265 2202 312 τὴν
2218 268 2351 319 προθυ·

1325 318 1407 369 μίαν
1437 322 1458 365 ἡ
1487 319 1562 357 θεία
1584 321 1729 373 Γραφὴ,
1747 324 1910 369 εἰποῦσα,
1927 322 2177 375 Προσέδραμεν
2203 328 2251 369 εἷς
2271 343 2353 364 συν-

1325 378 1468 425 άντησιν
1493 382 1632 427 αὐτοῖς,
1654 381 1744 419 οὕτω
1774 398 1833 420 και
1864 386 1922 420 νῦν
1947 383 2067 431 ἐπειδὴ
2099 379 2166 422 εἶδε
2187 385 2266 430 τοὺς
2291 386 2353 424 ἄν·

1327 441 1429 492 δρας,
1458 440 1519 478 καὶ
1547 441 1776 493 κατώρθωσεν
1809 442 1894 494 ὅπερ
1923 444 2109 495 ἐπεθύμει,
2138 445 2215 484 οὐδὲ
2245 447 2356 490 οὕτως

1326 500 1445 548 ἵστησι
1472 501 1534 548 τὴν
1562 502 1770 553 προθυμίαν,
1792 503 1882 541 ἀλλὰ
1905 505 2112 557 θερμότερον
2142 505 2250 544 πάλιν
2277 509 2354 545 ἐπι·

1329 563 1479 600 δείκνυσι
1498 563 1556 601 τὸν
1575 562 1707 613 ἔρωτα,
1728 564 1805 601 οὐδὲ
1828 563 1947 611 ἐπειδὴ
1967 566 2002 602 ἐν
2020 566 2193 617 ἀσφαλείᾳ
2210 566 2330 617 γέγονε
2342 595 2352 613 ,

1327 624 1448 661 λοιπὸν
1475 623 1705 676 ῥᾳθυμότερος
1724 624 1890 671 κατέστη.
1920 624 2040 677 ςὈπερ
2060 625 2229 669 πολλάκις
2254 630 2357 677 ἡμεῖς

1328 684 1546 736 ὑπομένομεν
1560 713 1569 730 ,
1591 685 1650 723 καὶ
1670 685 1766 738 παρὰ
1787 685 1848 737 μὲν
1869 684 1933 733 τὴν
1950 686 2062 738 ἀρχὴν
2093 687 2201 725 ἐνίοτε
2221 687 2355 735 πολλὴν

1329 746 1595 797 ἐπιδεικνύμεθα
1615 746 1677 794 τὴν
1696 747 1868 793 σπουδήν·
1884 747 2024 785 ἐπειδὰν
2052 747 2088 785 δὲ
2105 753 2166 786 τοῦ
2186 749 2357 802 πράγμα-

1329 823 1386 850 τος
1405 808 1498 851 ἐντὸς
1524 804 1728 859 γενώμεθα,
1748 811 1785 846 οὐ
1810 809 1868 847 τὸν
1901 808 1975 847 ἴσον
2005 809 2108 848 πόνον
2137 810 2354 862 εἰσφέρομεν.

1330 867 1422 906 Αλλ’
1439 883 1476 906 ου
1479 884 1505 920 s
1523 871 1540 906 ὁ
1567 867 1697 912 δίκαιος
1718 869 1843 917 οὕτως,
1872 868 1961 907 ἀλλὰ
1990 869 2041 917 τί,
2071 870 2187 908 Πάλιν
2217 870 2358 909 σπεύδει

1331 944 1390 966 και
1406 928 1583 979 ἐπείγεται
1599 945 1658 966 και
1676 929 1795 981 τρέχει
1814 933 1832 968 ὃ
1848 929 2050 982 γεγηρακὼς
2070 931 2127 969 ἐπὶ
2141 931 2204 978 τὴν
2225 931 2357 978 σκηνὴν

1333 987 1468 1039 πρὸς...
1438 988 1592 1062 Σρὶῥραν,
1616 989 1686 1026 Και
1702 994 1798 1027 εἶπεν
1820 991 1927 1040 αὐτῇ·
1949 994 2111 1038 σπεῦσον,
2130 1008 2188 1029 και
2206 992 2357 1044 φύρασον

1332 1048 1413 1100 τρία
1435 1065 1477 1099 με
1480 1064 1546 1101 τρα
1554 1050 1713 1099 σεμιοάλ
1717 1066 1791 1092 εως.
1812 1050 1944 1088 Σκόπει
1965 1067 2039 1094 πως
2058 1068 2117 1089 και
2134 1052 2197 1098 τὴν
2217 1053 2361 1104 Σαῤῥαν

1333 1109 1495 1148 κοινωνὸν
1513 1110 1688 1161 λαμὲάνει
1703 1115 1765 1158 τῆς
1784 1111 1910 1164 θήρας,
1932 1112 1991 1149 καὶ
2009 1115 2083 1155 πῶς
2099 1112 2206 1159 αὐτὴν
2226 1112 2362 1157 ἐξεπαί-

1334 1171 1433 1209 δευσε
1457 1173 1580 1217 ζηλοῦν
1604 1174 1707 1209 αὐτοῦ
1738 1172 1800 1219 τὴν
1834 1172 1973 1224 ἀρετήν.
2003 1173 2074 1211 Καὶ
2100 1172 2167 1225 γὰρ
2196 1173 2361 1219 κάκείνην

1332 1238 1500 1284 παρορμᾷ
1521 1231 1569 1282 μὴ
1606 1231 1766 1284 ῥᾳθύμως
1795 1236 1838 1285 τῇ
1869 1233 1971 1285 χρείᾳ
2003 1234 2219 1285 προσελθεῖν,
2249 1233 2361 1284 ἀλλὰ,

1333 1294 1507 1339 Σπεῦσον,
1537 1293 1726 1345 φ·ησί.Τῆς
1758 1294 1914 1345 μεγάλης
1947 1293 2165 1346 ἐπετύχομεν
2193 1310 2361 1346 πραγμα-

1333 1353 1448 1399 τείας,
1470 1353 1518 1404 μὴ
1541 1353 1768 1405 ἀπολέσωμεν
1790 1355 1846 1392 τὸν
1873 1354 2057 1407 θησαυρὸν,
2077 1354 2168 1393 ἀλλὰ
2187 1357 2360 1402 Σπεῦσον,

1334 1414 1392 1453 καὶ
1431 1413 1582 1466 φύρασον
1617 1415 1696 1467 τρία
1732 1415 1843 1467 μέτρα
1872 1416 2096 1466 σεμιδάλεως.
2122 1416 2268 1463 Ἐπειδὴ
2294 1416 2363 1469 γὰρ

1333 1476 1410 1527 ᾔδει
1425 1479 1484 1513 τοῦ
1502 1476 1771 1528 κατορθώματος
1787 1477 1826 1514 τὸ
1842 1476 1982 1527 μέγεθος
1997 1506 2006 1523 ,
2023 1476 2185 1515 ἐδούλετο
2200 1476 2365 1515 κοινωνὸν

1333 1538 1402 1573 τῶν
1423 1539 1554 1586 μισθων
1583 1537 1775 1587 λαμὲάνειν
1805 1537 1864 1574 καὶ
1891 1538 1960 1573 τῶν
1981 1536 2188 1574 ἀντιδόσεων
2209 1537 2267 1574 καὶ
2298 1536 2364 1583 τὴν

1333 1600 1392 1634 τοῦ
1416 1595 1491 1648 βίου
1511 1596 1699 1647 γενομένην
1720 1599 1814 1648 αὐτῷ
1838 1597 2013 1635 κοινωνόν.
2033 1597 2101 1635 Διὰ
2128 1597 2162 1635 τί
2181 1597 2266 1649 γὰρ,
2286 1597 2364 1636 εἰπέ

1335 1671 1412 1705 μοι,
1427 1654 1566 1692 ιὀὐδενὶ
1583 1671 1652 1692 των
1669 1656 1864 1693 παιδισκῶν
1879 1659 1980 1693 τοῦτο
2007 1655 2186 1703 ἐπέταξεν,
2204 1655 2293 1693 ἀλλὰ
2317 1659 2361 1707 τῇ

1333 1714 1471 1777 γυναικὶ
1481 1717 1524 1766 τῇ
1537 1714 1778 1767 προὸεὸηκυίᾳ
1788 1732 1796 1763 ;
1808 1716 2034 1762 ἐννενήκοντα
2043 1716 2109 1768 γὰρ
2121 1718 2205 1754 ἐτῶν
2219 1715 2362 1768 ἐτύγχα-

1332 1791 1387 1813 νεν
1401 1779 1498 1814 οὐσα.
1514 1776 1582 1813 Καὶ
1597 1777 1659 1814 οὐκ
1677 1775 1834 1814 ἀνανεύει
1847 1779 1868 1823 ἡ
1890 1777 2012 1829 Σάῤῥα
2025 1777 2109 1828 πρὸς
2123 1777 2161 1815 τὸ
2173 1777 2364 1828 ἐπίταγμα,

1334 1836 1424 1875 ἀ)λα
1443 1836 1506 1884 τὴν
1528 1852 1604 1883 ισην
1624 1852 1683 1874 και
1714 1836 1801 1884 αὐτὴ
1826 1837 2022 1890 προθυμίαν
2041 1837 2203 1890 εἰσφέρει.
2225 1837 2364 1876 ’Axomis'-

299 1904 451 1941 famulos
471 1904 540 1941 hoc
559 1903 768 1956 perficiant,
797 1902 857 1941 sed
884 1918 945 1955 per
965 1903 1097 1955 seipsos
1128 1902 1260 1940 faciant
1285 1903 1309 1931 E
1334 1912 1450 1935 τωσαν
1470 1897 1608 1948 ἄνδρες,
1635 1897 1855 1936 ἀκουέτωσαν
1874 1904 2052 1948 γυναῖκες·
2071 1899 2215 1950 ἄνδρες
2209 1898 2270 1936 υιὲν
2291 1894 2363 1946 οὖν,

301 1965 444 2013 omnia;
465 1965 631 2002 mulieres
645 1973 775 2013 autem,
792 1973 830 2002 ut
844 1964 1037 2002 festinent·
1024 1979 1090 2017 jux
1093 1979 1151 2002 aie
1165 1964 1261 2002 viros

301 2027 337 2063 in
355 2035 426 2063 tam
435 1995 545 2063 ‚honis
567 2025 734 2077 operibus
751 2055 760 2072 ,
780 2034 813 2062 ct
827 2039 897 2062 non
915 2025 1122 2062 erubescant
1139 2024 1263 2076 hospi-

302 2086 474 2125 talitatem
494 2086 529 2123 in
549 2086 686 2136 aliquos
710 2099 883 2133 exercere,
908 2085 1048 2136 illisque
1068 2099 1266 2136 congruum

303 2147 462 2200 przcbere
480 2147 717 2184 ministerium
735 2161 742 2182 ε
761 2145 820 2183 sed
837 2145 1020 2183 imitentur
1040 2146 1184 2184 Sari-am
1202 2160 1264 2184 ve-

305 2209 441 2255 tulam,
462 2208 497 2245 in
517 2217 613 2245 tanta
635 2215 771 2245 senecta
803 2207 958 2243 laborem
982 2206 1133 2243 libenter
1155 2206 1264 2243 susci-

142 2269 528 2322 1,‚ff1..1„rpientem,et
547 2268 762 2306 famularum
787 2281 890 2319 opeia
915 2267 1168 2319 pellicientem.
1189 2268 1264 2305 Ve-

107 2340 135 2355 ““
162 2334 294 2354 «mmmm
310 2346 390 2369 rum
418 2330 489 2368 scio
517 2330 590 2367 fore
621 2338 658 2366 ut
685 2328 806 2365 nullus
839 2328 928 2365 ferat
957 2341 997 2364 ea
1025 2342 1103 2378 quae
1126 2342 1144 2365 a
1165 2326 1308 2366 nobis

111 2369 278 2396 mulierum.

309 2391 488 2429 dicuntur.
521 2392 625 2428 Nunc
662 2389 756 2426 enim
793 2402 914 2426 omnes
949 2388 1054 2440 plane
1092 2388 1267 2426 contraria

1335 1959 1392 1997 ἵνα
1411 1959 1501 1996 οὕτω
1517 1959 1577 2002 τὰς
1598 1961 1730 1997 ἑαυτων
1752 1959 1928 2002 συνοίκους
1943 1959 2207 2008 ἐκπαιδεύωσιν,
2224 1960 2363 1999 ἐπειδὰν

1323 2020 1557 2070 πνευματικόν
1583 2035 1615 2058 τι
1634 2019 1753 2071 κέρδος
1771 2020 1983 2073 παρεμπέσῃ
1997 2049 2007 2066 ,
2030 2020 2078 2071 μὴ
2099 2021 2155 2058 διὰ
2173 2024 2240 2058 τῶν
2267 2023 2360 2059 οἰκε-

1333 2083 1401 2118 τῶν
1429 2083 1530 2118 τοῦτο
1557 2081 1726 2132 πληροῦν,
1762 2080 1852 2118 ἀλλὰ
1878 2082 1921 2118 δι’
1958 2084 2089 2119 ἑαυτῶν
2116 2082 2254 2120 ἅπαντα
2286 2083 2365 2121 δια-

1333 2141 1550 2192 πράττεσθαι
1564 2156 1572 2164 ·
1586 2147 1745 2191 γυναῖκες
1763 2141 1798 2178 δὲ
1811 2171 1820 2188 ,
1834 2141 1891 2179 ἰ’να
1908 2142 2084 2180 σπεύδωσι
2100 2149 2274 2182 κοινωνεῖν
2292 2150 2365 2187 τοῖς

1335 2201 1480 2253 ἀνδράσι
1500 2203 1567 2238 τῶν
1589 2202 1752 2240 τοιούτων
1786 2202 2082 2254 κατορθωμάτων,
2104 2204 2162 2241 καὶ
2183 2204 2231 2254 μὴ
2259 2206 2364 2242 ε’παι-

1335 2261 1531 2313 σχύνωνται
1552 2261 1614 2308 τὴν
1642 2262 1846 2315 φιλοξενίαν,
1867 2263 1926 2301 καὶ
1948 2262 2010 2310 τὴν
2038 2265 2084 2307 εἷς
2102 2264 2244 2308 τούτους
2263 2268 2364 2316 θερα-

1333 2321 1448 2368 πείαν,
1469 2322 1560 2360 ἀλλὰ
1582 2322 1821 2372 μιμείσθωσαν
1852 2322 1916 2370 τὴν
1950 2324 2090 2376 Σάρραν
2117 2324 2179 2372 τὴν
2205 2325 2364 2377 xpm-56⁸-

1334 2398 1398 2429 τιν,
1419 2381 1482 2429 τὴν
1502 2385 1536 2420 ἐν
1552 2383 1673 2436 ἡλικίᾳ
1691 2383 1834 2435 τοιαύτῃ
1851 2390 1968 2422 πονεῖν
1989 2386 2286 2438 καταδεχομένην,
2303 2387 2363 2425 καὶ

309 2454 367 2492 via
399 2452 590 2501 incedunt⁷
623 2460 657 2489 et
693 2451 805 2488 multa
837 2450 1030 2488 mulierum
1064 2458 1115 2488 est
1148 2450 1266 2487 molli-
1276 2475 1322 2502 419
1336 2443 1378 2481 τὰ
1398 2446 1465 2482 τῶν
1487 2445 1681 2482 παιδισκῶν
1705 2446 1790 2497 ἔργα
1805 2447 1991 2484 ἐπιτελεῖν.
2015 2446 2106 2484 Ἀλλ’
2126 2442 2201 2485 οἶδα
2229 2447 2283 2486 ὅτι
2303 2451 2362 2487 οὐ-

309 2515 395 2563 tics‚
413 2527 582 2564 omneque
610 2512 770 2550 studium
787 2512 821 2549 in
840 2511 939 2549 cultu
957 2511 1128 2558 vestium,
1150 2510 1185 2547 in
1205 2525 1267 2548 au-
1289 2514 1315 2541 A
1336 2505 1403 2548 δεὶς
1424 2505 1581 2550 ἀνέξεται
1600 2509 1669 2544 τῶν
1703 2509 1786 2559 παρ’
1821 2509 1922 2558 ἡμῶν
1950 2509 2160 2559 λεγομένων.
2188 2511 2261 2548 Νῦν
2294 2510 2362 2563 γὰρ

309 2575 378 2613 reis
408 2573 622 2612 ornamentis
636 2582 669 2611 et
685 2572 880 2610 monilibus
912 2581 1016 2623 atque
1044 2580 1189 2609 externo
1211 2586 1268 2609 or-

310 2646 409 2684 natu,
429 2636 556 2673 animm
585 2648 668 2673 vero
696 2633 794 2671 nulla
824 2642 874 2671 est
903 2647 999 2670 cura.
1021 2634 1144 2684 Neque
1170 2633 1268 2669 Pau-

118 2724 140 2740 .,
173 2698 366 2740 γ’[,,,,2,1ιι5
395 2712 452 2735 cas
484 2704 696 2743 commovet,
731 2694 851 2732 dicens
875 2695 994 2732 :Non
1025 2697 1067 2731 in
1100 2695 1271 2731 crinibus

109 2767 138 2791 9·
312 2761 433 2804 torlis,
449 2757 518 2794 vel
533 2771 640 2805 auro,
655 2756 722 2793 vel
745 2757 976 2807 margaritis,
988 2755 1055 2792 vel
1074 2762 1273 2792 sumtuosa

310 2829 426 2857 veste.
458 2818 553 2857 Yidc
585 2818 741 2855 animam
762 2817 855 2854 hanc
875 2817 993 2868 ipsum
1021 2816 1147 2853 caelum
1166 2815 1274 2852 attin-

309 2889 448 2930 gentem
465 2910 474 2925 ‚
494 2878 670 2929 quomodo
699 2892 767 2915 non
800 2877 940 2929 putavit
974 2875 1162 2927 indignum
1182 2889 1219 2914 sc
1239 2883 1273 2913 ct

308 2942 394 2988 vile,
415 2940 521 2977 ctiam
536 2938 580 2975 dc
601 2938 813 2990 capillorum
834 2936 1049 2975 ornamentis
1068 2935 1270 2974 admonere.

309 3002 439 3040 Merito
459 3016 465 3036 :
485 3014 587 3036 omne
604 2999 697 3036 cuim
712 2999 742 3036 ei
762 2998 921 3036 studium
936 3007 1009 3036 crat
1023 2997 1057 3035 in
1078 2996 1270 3035 excolenda

307 3063 437 3100 anima.
460 3060 553 3106 Ouia
574 3059 681 3109 igitur
709 3058 840 3096 sciebat
860 3058 936 3096 liaec
958 3058 1114 3095 maxime
1140 3056 1268 3094 animae

306 3123 497 3175 perniciem
515 3134 693 3170 geneia1c,
715 3119 793 3157 ideo
815 3133 884 3156 non
903 3119 1035 3170 iesugit
1063 3118 1123 3156 illa
1142 3116 1268 3155 afferre

1336 2571 1420 2617 ἡμῖν
1440 2569 1499 2604 ἀπ’
1517 2568 1673 2611 ἐναντίας
1699 2569 1812 2619 ἐκείνῃ
1831 2568 1958 2612 πάντες
1979 2570 2129 2620 βαδίζειν
2148 2571 2362 2622 ἐπείγονται,

1337 2629 1397 2666 καὶ
1414 2628 1527 2675 πολλὴ
1549 2631 1570 2674 ἡ
1591 2629 1736 2680 βλακεία
1751 2635 1826 2672 ταῖς
1838 2630 1990 2680 γυναιξὶ,
2007 2630 2066 2668 καὶ
2086 2634 2107 2677 ἡ
2133 2632 2365 2685 σπουδὴπρὸς

1336 2690 1393 2728 τὸν
1414 2690 1544 2740 κόσμον
1563 2693 1632 2728 τῶν
1651 2690 1812 2740 ἱματίων,
1827 2689 1907 2741 περὶ
1926 2689 1970 2727 τὰ
1982 2691 2111 2742 χρυσία
2130 2691 2190 2730 καὶ
2207 2693 2250 2730 τὰ
2266 2709 2363 2745 περι-

1339 2751 1482 2802 δέῤῥαια
1499 2751 1558 2789 καὶ
1574 2751 1632 2789 τὸν
1655 2750 1776 2795 ἔξωθεν
1802 2752 2068 2803 καλλωπισμὸν,
2087 2753 2146 2790 καὶ
2171 2756 2232 2800 τῆς
2251 2757 2369 2807 ψυχῆς

1337 2812 1480 2862 οὐδεμία
1500 2812 1656 2864 πρόνοια.
1677 2812 1747 2850 Καὶ
1762 2812 1838 2850 οὐδὲ
1857 2813 1996 2855 Παῦλος
2016 2813 2129 2851 αὐτῶν
2151 2818 2365 2854 καθικνεῖται

1339 2876 1427 2924 βοῶν
1445 2873 1502 2910 καὶ
1517 2873 1628 2924 λέγων
1645 2889 1652 2896 ·
1671 2873 1731 2920 Μὴ
1750 2875 1783 2910 ἐν
1801 2873 2012 2925 πλέγμασιν,
2031 2874 2053 2920 ἢ
2071 2878 2192 2926 χρυσῷ
2204 2905 2214 2922 ,
2230 2875 2252 2922 ἢ
2270 2892 2365 2929 μαρ-

1336 2934 1437 2985 γαρίτ
1426 2951 1511 2981 αις,
1531 2951 1553 2980 η
1582 2937 1763 2986 ἱματισυκ)
1785 2935 1980 2972 πο)υτελεῖ.
2002 2934 2095 2986 ζὈρα
2125 2935 2188 2982 τὴν
2219 2938 2364 2988 οὐρανο-

1339 2995 1435 3044 μήκη
1452 2996 1581 3042 ταύτην
1602 2995 1731 3047 ψυχλν,
1752 2998 1826 3038 πῶς
1851 2997 1913 3033 οὐκ
1932 2995 2088 3045 ἐνόμισεν
2109 2998 2144 3033 αἰ
2137 2997 2253 3048 ,σχρὸν
2270 3000 2365 3050 αὐτῷ

1337 3059 1424 3093 εἰναι
1453 3055 1601 3107 μέχρι
1584 3055 1706 3094 τούτου
1738 3056 1796 3094 τὸν
1827 3056 1928 3106 λόγον
1963 3055 2196 3102 ποιησασθαι,
2221 3073 2279 3095 και
2307 3058 2366 3096 ἐπὶ

1336 3117 1595 3166 ἐμπλεγματων
1628 3116 1850 3169 παραινέσαι.
1871 3116 2046 3160 Εἰκότως·
2067 3125 2164 3156 πᾶσα
2187 3118 2255 3170 γὰρ
2272 3135 2364 3172 αυτῳ

305 3199 382 3236 que
414 3181 672 3221 conveniebant
701 3180 746 3217 ad
778 3179 979 3218 docendum
1009 3194 1066 3217 cas
1093 3192 1171 3230 quae
1203 3177 1313 3216 illoss
1336 3180 1357 3223 ἡ
1379 3177 1511 3224 σπουδὴ
1532 3193 1612 3230 περι
1637 3178 1700 3224 τὴν
1726 3180 1787 3224 τῆς
1811 3179 1926 3230 ψυχης
1955 3178 2158 3228 ἐπιμέλειαν
2186 3183 2239 3225 ἠν.
2262 3179 2363 3217 Ἐπεὶ

352 3308 368 3331 ¹·
393 3308 515 3347 [υᾷὖενὶ
544 3314 601 3338 τῶν
629 3306 795 3340 ruffinum,
820 3303 865 3334 sic
895 3315 1028 3341 omncs,
1048 3310 1080 3334 ct
1097 3302 1197 3335 Coisl.
1225 3303 1318 3334 Fort.
1354 3300 1500 3343 loquitur
1517 3301 1550 3332 S.
1571 3300 1711 3343 doctor;
1734 3312 1800 3334 non
1825 3300 1864 3333 (lc
1887 3301 2006 3342 servis,
2024 3302 2080 3344 qui
2097 3302 2128 3333 in
2145 3303 2246 3335 sacris
2262 3301 2363 3335 literis

309 3358 515 3393 ‹.·u·il›cmlu¹11
531 3360 651 3399 οᾲὖεμιᾷ
664 3371 690 3389 τ.
712 3371 741 3389 π,
761 3357 807 3388 Dc·
826 3355 976 3398 aucdlzls,
992 3355 1323 3397 mzfilumsfflmniuo
1356 3364 1482 3396 semper
1500 3357 1614 3393 πτιῖιῦες,
1630 3365 1811 3397 numquam
1829 3357 1972 3389 παιδίσκοι
1988 3355 2177 3395 vocantium]
