2483 3791
108 1072 291 1111 an.1o.19.

325 251 409 298 ¹70
737 251 774 281 s.
813 251 996 283 Joaxms

313 334 532 374 observabit
548 341 678 386 caput,
693 341 730 372 et
744 341 786 372 tu
799 335 882 386 ejus
901 335 1121 372 observabis
1133 333 1266 372 calca—

313 409 438 434 neum.
462 394 622 431 Tantum
643 392 739 430 enim
767 392 821 429 illi
848 393 958 430 robur
989 392 1200 441 concedam,
1227 399 1267 428 ut

1032 251 1279 282 CURYSOST.
1318 252 1537 284 Ancuuit’.

1575 252 1934 287 CONSTANTlNOP.

1338 336 1402 379 τῆς
1431 337 1483 388 τῷ
1513 335 1689 387 σπέρματί
1709 353 1768 376 σου
1788 339 1954 389 πολέμιον
1985 339 2125 387 διηνεκῆ
2158 341 2362 393 ἐργάσομαι.

1338 395 1452 438 Αὐτός
1475 411 1536 434 σου
1556 397 1704 448 τηρήσει
1722 398 1889 450 κεφαλὴν,
1907 400 1969 438 καὶ
1993 400 2034 439 σὺ
2063 401 2226 454 τηρήσεις
2257 403 2361 440 αὐτοῦ

311 455 479 494 continuo
507 453 689 492 incumbat
705 452 812 504 capiti
836 461 918 500 tuo,
946 460 980 489 te
998 460 1116 488 autem
1138 451 1266 489 faciam
1286 466 1314 497 D
1337 454 1500 508 πτέρναν,
1523 457 1592 495 Καὶ
1617 457 1686 511 γὰρ
1705 460 1877 507 τοσαύτην
1908 460 2029 499 ἐκείνω
2055 461 2118 513 μὲν
2142 463 2281 515 παρέξω
2298 463 2363 510 τὴν

2011 503 2017 514 .

312 517 380 556 sub
405 516 559 570 pedibus
585 515 660 566 ejus
679 515 807 566 jacere.
827 513 924 552 Vide
945 513 1017 562 hic,
1043 511 1182 562 dilecte,
1203 526 1267 564 per

311 592 455 631 poenam
469 577 554 615 huic
566 574 688 613 bestiae
701 573 919 625 deputatam,
933 581 1103 623 quantam
1116 571 1264 610 humani

311 639 450 690 generis
468 649 592 675 curam
607 634 708 672 nobis
721 633 953 672 demonstret.
973 632 1022 671 Et
1035 633 1104 671 hoc
1119 632 1267 684 quidem

311 699 356 737 de
376 697 511 737 visibili
539 705 720 747 serpente:
749 694 832 733 licet
855 703 975 733 autem
992 694 1125 734 volenti
1145 703 1266 746 postea

310 758 534 798 considerare
552 756 766 809 scriptorum
786 756 911 795 seriem
923 786 937 809 ,
958 765 992 795 et
1010 769 1218 808 cognoscere
1235 755 1266 794 si

309 821 354 860 de
366 819 526 860 sensibili
540 828 700 871 serpente.
713 819 789 857 haec
803 818 898 857 dicta
915 827 1010 868 sunt,
1023 817 1138 856 multo
1149 817 1266 869 magis

307 881 515 934 accipienda
533 894 607 918 esse
625 879 670 918 de
688 879 866 932 spirituali
882 889 1053 932 serpente.
1070 878 1214 918 Etenim
1231 887 1266 917 et

307 944 412 982 illum
428 942 580 996 pedibus
599 941 729 979 uostris
746 941 896 993 subjecit
907 940 1156 991 humiliatum,
1178 949 1212 978 et
1227 938 1265 977 id

307 1004 474 1057 praestitit
492 1013 532 1041 ut
546 1017 609 1041 nos
626 1003 702 1055 ejus
723 1002 829 1054 capiti
848 1001 1111 1041 incumbamus.
1136 1002 1265 1040 Annon

308 1065 377 1104 hoc
396 1065 576 1117 significat
591 1064 725 1109 dicens,
743 1063 906 1101 Calcate
926 1076 1040 1114 super
1054 1071 1262 1114 serpentes,

306 1135 344 1165 et
361 1128 580 1178 scorpiones
592 1130 609 1163 Ρ
626 1123 764 1163 Deinde
780 1137 823 1161 ne
841 1131 1008 1175 putemus
1025 1121 1071 1160 de
1084 1122 1264 1160 sensibili·
1285 1139 1311 1169 Ε,

307 1187 374 1225 bus
392 1187 476 1225 feris
486 1201 560 1225 esse
573 1186 727 1235 dictum,
744 1183 867 1222 subdit
888 1199 896 1221 ε
917 1185 971 1222 Et
986 1197 1100 1236 super
1112 1197 1265 1222 omnem

307 1251 495 1287 virtutem
513 1245 837 1287 inimici.Vidistis
851 1259 896 1283 ex
908 1245 967 1283 his
981 1260 1058 1296 quae
1073 1244 1169 1283 dicta
1182 1253 1264 1283 sunt

306 1309 352 1348 de
363 1324 465 1362 poena
479 1309 713 1347 instrumento
725 1306 903 1345 diabolico
917 1306 1067 1357 inflicta,
1087 1305 1265 1358 ingentem

305 1372 374 1411 Dei
394 1370 680 1409 humanitatem?
699 1369 896 1410 Veniamus
915 1369 1056 1417 iterum,
1077 1367 1106 1406 si
1130 1368 1261 1420 placet,

307 1433 355 1472 ad
382 1433 579 1471 mulierem.
614 1432 768 1484 Serpens
802 1430 886 1481 quia
918 1428 1097 1467 fallaciam
1129 1428 1266 1479 intulit,

307 1504 492 1548 propterea
504 1502 536 1531 et
550 1492 777 1545 poenamipse
788 1491 928 1544 primus
947 1489 1103 1542 accepit:
1124 1498 1158 1527 et
1177 1489 1263 1541 quia

306 1557 424 1609 primo
443 1554 630 1592 mulierem
640 1552 790 1604 decepit,
810 1560 843 1590 et
859 1551 920 1589 illa
936 1559 1058 1603 postea
1075 1550 1195 1589 virum
1209 1565 1261 1589 se-

306 1631 390 1656 cum
419 1615 541 1664 traxit,
567 1614 646 1652 ideo
674 1622 708 1651 et
737 1613 812 1665 ipsa
835 1612 934 1664 prior
959 1611 1127 1664 plectitur
1157 1626 1261 1664 poena

1337 515 1450 569 inqiut,
1476 518 1524 562 ὡς
1549 518 1717 566 διηνεκῶς
1741 521 1937 559 ἐπικεῖσθαι
1955 524 1998 573 τῇ
2018 525 2061 574 σῇ
2092 525 2246 576 κεφαλῆ,
2267 523 2306 562 σὲ
2326 525 2362 563 δὲ

1335 584 1406 621 τοῖς
1431 578 1562 629 ἐκείνου
1583 579 1686 618 ποσὶν
1706 582 1924 620 ὑποκεῖσθαι.
1944 573 2060 634 ιγΟρα,
2091 568 2250 635 ἀγαπητὲ
2267 613 2278 631 ,
2307 583 2364 622 διὰ

1335 641 1398 686 τῆς
1422 639 1514 677 κατὰ
1545 643 1606 679 τοῦ
1633 640 1754 693 θηρίου
1780 640 1901 680 τούτου
1943 642 2133 696 τιμωρίας,
2164 643 2249 689 ὅσην
2276 648 2362 695 ἡμῖν

1336 700 1548 740 ἐνδείκνυται
1575 701 1639 749 τὴν
1666 702 1888 753 κηδεμονίαν,
1906 703 1948 750 ἣν
1963 702 2044 754 περὶ
2061 703 2125 751 τὴν
2139 706 2209 742 τῶν
2227 704 2362 756 ἀνθρώ-

1335 777 1411 800 πων
1441 762 1542 815 φύσιν
1575 762 1661 816 ἔχει.
1684 763 1753 802 Καὶ
1772 766 1884 801 ταῦτα
1905 762 1968 815 μὲν
1996 763 2078 816 περὶ
2108 769 2169 803 τοῦ
2199 766 2364 812 αἰσθητοῦ

1335 822 1464 875 ὄφεως
1491 824 1602 869 ἔξεστι
1634 823 1670 863 δὲ
1700 827 1751 878 τῷ
1785 824 1985 877 βουλομένῳ
2007 825 2097 875 μετὰ
2115 828 2218 863 τοῦτο
2245 831 2366 878 τηρεῖν

1336 887 1405 922 τῶν
1422 885 1716 939 ἐγγεγραμμένων
1734 885 1796 933 τὴν
1814 885 2019 924 ἀκολουθίαν
2031 916 2041 934 ,
2060 886 2120 924 καὶ
2140 885 2288 933 εἰδέναι,
2311 885 2366 924 ὅτι

1336 946 1366 982 εἰ
1385 945 1465 998 περὶ
1484 951 1544 984 τοῦ
1566 948 1734 993 αἰσθητοῦ
1753 950 1866 984 ταῦτα
1896 947 2052 998 εἴρηται,
2080 947 2202 999 πολλῷ
2232 949 2365 997 μᾶλλον

1334 1006 1567 1056 ἔκλαμζὶάνειν
1601 1007 1647 1045 τὰ
1675 1007 1842 1060 εἰρημένα
1868 1008 1919 1045 δεῖ
1952 1007 2013 1046 καὶ
2047 1007 2127 1060 περὶ
2153 1011 2213 1045 τοῦ
2241 1010 2366 1055 νοητοῦ

1334 1067 1456 1119 ὄφεως.
1475 1068 1542 1106 Καὶ
1561 1068 1630 1121 γὰρ
1645 1068 1706 1106 καὶ
1729 1070 1858 1107 ἐκεῖνον
1875 1069 1943 1108 ὑπὸ
1958 1069 2036 1113 τοὺς
2055 1069 2164 1112 πόδας
2178 1072 2281 1119 ἡμῶν
2298 1085 2367 1107 τα-

1333 1127 1506 1172 πεινώσας
1528 1128 1721 1175 κατήνεγκε
1736 1158 1746 1175 ,
1773 1129 1832 1167 καὶ
1848 1132 1943 1180 ἡμᾶς
1966 1133 2160 1168 ἐπικεῖσθαι
2189 1130 2292 1168 αὐτοῦ
2319 1132 2364 1182 τῇ

1334 1191 1474 1241 κεφαλῇ
1501 1188 1764 1237 πεποίηκεν.Ἦ
1800 1190 1877 1242 οὐχὶ
1908 1195 2008 1228 τοῦτο
2037 1189 2202 1239 σημαίνει
2227 1189 2362 1241 λέγων,

1335 1251 1486 1289 Πατεῖτε
1510 1251 1628 1289 ἐπάνω
1642 1250 1751 1304 ὄφεων
1766 1251 1826 1289 καὶ
1841 1251 2037 1302 σκορπίων;
2057 1246 2148 1289 Εἶτα
2167 1250 2225 1288 ἵνα
2245 1251 2293 1302 μὴ
2308 1266 2364 1289 νο-

1335 1311 1494 1363 μίσωμεν
1511 1311 1592 1364 περὶ
1610 1315 1679 1350 τῶν
1696 1314 1872 1358 αἰσθητῶν
1898 1311 2028 1364 θηρίων
2045 1317 2157 1351 ταῦτα
2185 1314 2364 1364 εἰρῆσθαι,

1333 1372 1489 1424 ἐπήγαγε
1505 1388 1513 1396 ·
1537 1373 1607 1411 Καὶ
1629 1372 1686 1411 ἐπὶ
1713 1379 1830 1411 πᾶσαν
1855 1372 1918 1420 τὴν
1950 1372 2097 1424 δύναμιν
2133 1376 2193 1411 τοῦ
2224 1375 2363 1426 ἐχθροῦ.

1333 1433 1456 1472 Εἴόετε
1474 1433 1534 1472 καὶ
1556 1435 1596 1471 ἐκ
1613 1437 1676 1480 τῆς
1695 1433 1908 1486 ἐπαχθείσης
1921 1436 1974 1486 τῷ
1995 1434 2132 1487 ὀργάνῳ
2151 1437 2212 1472 τοῦ
2243 1434 2363 1473 &2266-

1330 1496 1391 1533 λου
1405 1495 1576 1547 τιμωρίας
1591 1494 1654 1542 τὴν
1673 1494 1961 1549 ὑπερίάλλουσαν
1980 1499 2040 1533 τοῦ
2057 1498 2151 1535 Θεοῦ
2169 1497 2364 1548 φιλανθρω-

1330 1555 1436 1605 πίαν,
1463 1555 1676 1606 ε’]ἰλθωμεν
1693 1556 1812 1604 πάλιν,
1836 1558 1866 1594 εἰ
1886 1557 2002 1603 δοκεῖ,
2025 1556 2084 1594 ἐπὶ
2111 1555 2176 1604 τὴν
2193 1561 2361 1607 γυναῖκα.

1331 1617 1478 1665 Ἐπειδὴ
1505 1617 1572 1670 γὰρ
1601 1611 1699 1661 οὗτος
1717 1617 1781 1664 τὴν
1811 1617 1950 1664 ἀπάτην
1978 1617 2165 1669 εἰσήγαγε,
2184 1617 2243 1655 διὰ
2262 1620 2368 1656 τοῦτο

306 1692 472 1729 magnam
492 1675 770 1714 admonitionem
786 1673 948 1711 habente.
964 1674 1026 1711 16.
1038 1673 1092 1711 Et
1108 1673 1261 1710 mulieri
1269 1661 1317 1728 134
1330 1673 1428 1722 οὗτος
1447 1682 1585 1733 πρῶτος
1603 1678 1666 1727 τὴν
1680 1678 1854 1731 τιμωρίαν
1872 1678 2010 1723 ἐδέξατο
2022 1694 2030 1702 .
2047 1679 2107 1717 χαὶ
2122 1679 2247 1727 ἐπειδὴ
2265 1678 2364 1732 πρώ-

306 1742 408 1780 dixit
429 1754 440 1775 :
459 1738 737 1789 Multiplicans
768 1735 1037 1786 multiplicabo
1067 1747 1261 1773 aerumnas

306 1810 410 1847 tuas,
433 1809 470 1838 et
486 1801 670 1852 gemitum
699 1805 805 1835 tuum
821 1811 833 1832 .·
856 1798 898 1833 in
918 1795 1116 1833 doloribus
1131 1797 1263 1847 paries

300 1864 410 1916 filios
420 1878 435 1907 ;
446 1870 482 1900 et
500 1861 695 1899 advirum
711 1868 817 1896 tuum
829 1860 1028 1896 conversio
1041 1866 1123 1904 tua,
1136 1865 1171 1895 et
1184 1859 1263 1908 ipse

307 1927 363 1964 tui
372 1919 747 1961 dominabiturNide
757 1917 1116 1966 bonitatemnomini,
1129 1927 1263 1969 quanta

307 1994 388 2038 post
405 1992 537 2022 tantam
554 1980 882 2034 praevaricationem
904 1978 1181 2017 mansuetudine
1193 1978 1264 2016 uti-

307 2055 367 2085 tur
396 2047 446 2083 M
445 2043 672 2095 ultiplicans
682 2041 948 2093 multiplicabo
958 2054 1151 2079 oerumnas
1160 2049 1262 2079 tuas.

307 2107 387 2158 Ego
411 2105 557 2157 quidem
576 2103 747 2156 yolcbam
767 2132 780 2152 ,
809 2101 925 2152 iuquit
940 2131 952 2152 ,
982 2110 1016 2139 te
1043 2101 1132 2139 citra
1158 2101 1266 2139 dolo-

308 2181 384 2206 rem
406 2176 439 2205 et
456 2179 652 2204 {erumnam
670 2164 791 2203 vivere
805 2193 817 2213 ,
840 2162 1068 2214 liberamque
1093 2162 1140 2200 al)
1168 2162 1267 2200 omni

308 2241 461 2267 moerore
475 2237 508 2265 et
525 2226 682 2274 tristitia,
698 2233 731 2262 et
751 2223 847 2261 omni
866 2223 1049 2275 voluptate
1068 2222 1213 2275 repleri,
1233 2231 1268 2261 et

308 2289 392 2327 licet
416 2301 563 2341 corpore
593 2283 866 2334 circumdatam,
894 2283 1136 2336 corporalium
1164 2297 1267 2321 sensu

309 2364 379 2389 non
402 2350 497 2387 affici
517 2365 524 2385 :
548 2357 585 2386 at
603 2347 686 2399 quia
709 2360 782 2384 non
802 2359 866 2383 usa
887 2358 923 2383 es
943 2353 979 2382 ut
1006 2353 1145 2396 oportet
1170 2353 1266 2382 tanta

309 2411 556 2466 prosperitate,
577 2409 635 2447 secl
656 2407 837 2446 affluentia
855 2407 1033 2444 bonorum
1053 2414 1125 2443 tam
1149 2406 1267 2457 ingra-

308 2482 384 2512 tum
409 2472 476 2511 tibi
493 2471 655 2509 animum
675 2468 825 2518 invexit,
841 2476 1027 2520 propterea
1048 2466 1113 2504 tibi
1128 2467 1268 2504 frenum

308 2536 468 2588 impono,
490 2542 529 2571 ut
547 2547 591 2571 ne
608 2531 766 2584 amplius
784 2530 973 2578 lascivias,
992 2527 1038 2566 ad
1057 2528 1219 2566 tristitias
1235 2537 1268 2566 et

309 2597 462 2651 gemitus
479 2604 513 2633 te
526 2593 779 2633 condemnans.
796 2591 1072 2643 Multiplicans
1087 2590 1270 2642 multipli-

310 2661 408 2698 cabo
434 2668 630 2696 oerumnas
665 2663 765 2701 tuas,
798 2662 833 2692 et
856 2654 1040 2705 gemitum
1070 2659 1176 2689 tuum
1194 2667 1204 2687 :
1228 2653 1270 2688 in

310 2721 507 2759 doloribus
531 2719 660 2770 paries
682 2717 810 2769 filios.
831 2715 935 2762 Rem,
965 2713 1094 2764 inquit,
1128 2727 1269 2765 magnae

311 2782 442 2820 lzetitiae
458 2790 490 2818 ct
502 2780 661 2817 filiorum
677 2775 971 2830 propagationem
987 2789 1006 2812 a
1026 2774 1149 2813 dolore
1162 2783 1201 2811 nt
1217 2773 1270 2811 in-

312 2844 423 2896 cipias
454 2842 596 2890 faciam,
625 2849 664 2878 ut
694 2848 728 2877 et
752 2839 827 2891 ipsa
853 2851 915 2890 per
946 2836 1119 2889 cujusque
1144 2843 1270 2887 partus

312 2907 452 2946 dolores
476 2915 509 2943 et
531 2918 720 2952 wrulnnas,
743 2912 915 2956 perpetuo
941 2899 1115 2938 monearis
1140 2908 1270 2950 quanta

315 2973 363 3011 sit
385 2969 519 3024 peccati
539 2978 572 3007 et
589 2967 836 3007 inobedientias
851 2965 1072 3017 magnitudo,
1086 2974 1118 3002 et
1132 2978 1175 3002 ne
1188 2978 1272 3016 pro-

315 3048 414 3073 cessu
437 3031 602 3084 temporis
622 3029 793 3068 olilixioni
814 3027 931 3066 tradas
946 3026 1041 3079 quod
1055 3027 1270 3073 factumest,

314 3095 375 3134 sod
397 3108 518 3132 noscas
536 3091 741 3144 hujusmodi
766 3089 944 3127 fallaciam
964 3089 1092 3127 horum
1107 3087 1169 3125 ubi
1185 3100 1268 3124 cau-

1329 1756 1393 1788 την
1411 1740 1474 1788 τὴν
1493 1748 1642 1792 γυναῖκα
1661 1740 1840 1789 ἠπάτησε,
1861 1740 1922 1778 καὶ
1941 1739 2020 1778 τότε
2040 1740 2156 1788 ε’κείνη
2174 1739 2233 1778 τὸν
2256 1739 2366 1791 ἄνδρα

1330 1801 1615 1853 συγκατέσπασε,
1635 1801 1692 1840 διὰ
1714 1805 1816 1840 τοῦτο
1832 1801 1966 1849 ἐκείνην
1991 1804 2130 1855 πρῶτον
2152 1805 2364 1853 τιμωρεῖται

1329 1863 1502 1915 τιμωρίαν
1526 1862 1705 1901 νουθεσίαν
1723 1864 1857 1909 πολλὴν
1882 1863 2046 1915 ἔχουσαν.
2072 1862 2142 1901 Καὶ
2163 1865 2206 1914 τῇ
2226 1862 2364 1913 γυναικὶ

1332 1918 1407 1963 εἷπε
1420 1940 1428 1948 ·
1443 1923 1627 1971 πληθύνων
1642 1925 1808 1971 πληθυνῶ
1819 1923 1882 1966 τὰς
1893 1924 2006 1966 λύπας
2021 1938 2081 1961 σου
2096 1923 2227 1961 καὶτὸν
2241 1938 2365 1961 στενα·

1331 1985 1419 2038 γμόν
1436 2001 1515 2025 σου·
1537 1987 1572 2023 ἐν
1593 1985 1721 2029 λύπαις
1737 1985 1818 2038 τέξῃ
1839 1983 1965 2024 τέκνα·
1989 1985 2049 2024 καὶ
2074 1985 2161 2037 πρὸς
2175 1985 2234 2023 τὸν
2253 1984 2363 2036 ἄνδρα

1335 2063 1396 2086 σου
1413 2051 1434 2094 η
1453 2047 1655 2101 ἀποστροφή
1677 2062 1738 2085 σου
1750 2077 1760 2095 ,
1783 2046 1843 2085 καὶ
1866 2046 1966 2090 αὐτός
1983 2061 2044 2084 σου
2064 2045 2249 2099 κυριεύσει.
2267 2045 2363 2099 εὈρα

1333 2108 1512 2146 Δεσπότου
1537 2107 1737 2159 ἀγαθότητα
1749 2136 1759 2154 ,
1789 2107 1854 2159 ὅσῃ
1885 2107 2060 2159 κέχρηται
2097 2109 2141 2159 τῇ
2173 2105 2367 2160 ἡμερότητι

1336 2168 1425 2219 μετὰ
1436 2168 1499 2215 τὴν
1514 2167 1686 2213 τοσαύτην
1697 2167 1913 2219 παράὸασιν.
1924 2167 2116 2214 Πληθύνων
2126 2169 2290 2215 πληθυνῶ
2304 2166 2367 2210 τὰς

1334 2227 1448 2271 λύπας
1460 2244 1520 2268 σου
1535 2228 1663 2266 καὶτὸν
1677 2227 1870 2279 στεναγμόν
1883 2242 1957 2266 σου.
1967 2227 2062 2279 Ἐγὼ
2078 2227 2139 2278 μὲν
2153 2227 2366 2275 ἠὲουλήθην,

1336 2288 1454 2342 φησὶν,
1470 2288 1641 2328 ἀνώδυνον
1657 2289 1717 2327 καὶ
1737 2287 1984 2340 ἀταλαίπωρον
2004 2304 2042 2327 σε
2062 2289 2154 2341 ἔχειν
2175 2288 2282 2336 ζωὴν,
2297 2288 2365 2326 πά-

1336 2367 1399 2396 σης
1429 2350 1542 2398 λύπης
1570 2350 1629 2388 καὶ
1659 2349 1809 2401 ἀθυμίας
1841 2350 2130 2401 ἀπηλλαγμένην,
2162 2349 2221 2388 καὶ
2251 2349 2369 2396 πάσης

1290 2418 1313 2448 Β
1336 2412 1462 2459 ἡδονῆς
1480 2411 1775 2463 πεπληρωμένην,
1799 2409 1859 2449 καὶ
1889 2411 2035 2460 μηδενὸς
2058 2411 2280 2449 αἰσθάνεσθαι
2298 2413 2368 2449 τῶν

1337 2476 1548 2524 σωματικῶν
1597 2474 1702 2523 σῶμα
1745 2471 1992 2523 περικειμένην
2005 2487 2012 2495 ’
2059 2471 2179 2519 ἐπειδὴ
2222 2471 2258 2510 δὲ
2305 2473 2368 2510 οὐκ

1337 2534 1478 2586 ἐχρήσω
1502 2536 1549 2578 εἷς
1574 2533 1647 2572 δέον
1664 2537 1707 2585 τῇ
1723 2532 1874 2585 τοσαύτῃ
1895 2532 2030 2580 ἀνέσει,
2050 2533 2127 2571 ἀλλ’
2147 2535 2169 2580 ἡ
2185 2532 2367 2586 περιουσία

1338 2598 1406 2633 τῶν
1428 2598 1564 2647 ἀγαθῶν
1580 2597 1628 2638 εἷς
1643 2594 1815 2641 τοσαύτην
1833 2610 1871 2632 σε
1891 2593 2141 2645 ἀγνωμοσύνην
2161 2592 2287 2644 ἤγαγε,
2309 2591 2367 2630 διὰ

1340 2657 1440 2695 τοῦτό
1455 2673 1507 2696 σοι
1526 2656 1669 2710 χαλινὸν
1686 2655 1881 2706 ἐπιτίθημι,
1899 2654 1989 2693 ὥστε
2004 2654 2053 2705 μὴ
2075 2654 2132 2693 ἐπὶ
2149 2653 2254 2692 πλέον
2276 2656 2366 2692 ἀπο-

1341 2720 1539 2772 σκιρτῆσαι,
1550 2718 1610 2757 καὶ
1621 2717 1749 2760 λύπαις
1763 2716 1824 2755 καὶ
1837 2721 2044 2766 στεναγμοῖς
2055 2731 2093 2753 σε
2105 2719 2120 2735 “”
2131 2715 2364 2758 καταδικάζω.

1341 2779 1533 2827 Πληθύνων
1551 2781 1716 2827 πληθυνῶ
1731 2777 1793 2822 τὰς
1810 2777 1924 2821 λύπας
1938 2793 1998 2815 σου
2018 2776 2077 2814 καὶ
2094 2775 2152 2814 τὸν
2173 2776 2366 2827 στεναγμόν

1342 2857 1400 2880 σου
1415 2857 1422 2864 ·
1445 2842 1478 2878 ἐν
1501 2840 1626 2885 λύπαις
1644 2839 1725 2891 τέξῃ
1743 2838 1861 2877 τέκνα.
1883 2837 1959 2884 Τὴν
1981 2837 2155 2884 ὑπόθεσιν,
2179 2836 2284 2889 φησὶ,
2305 2838 2367 2883 τῆς

1340 2905 1471 2949 ποῌῆς
1504 2901 1733 2954 εὐφροσύνης,
1762 2900 1824 2938 καὶ
1848 2901 1917 2937 τῶν
1948 2898 2076 2938 τέκνων
2105 2897 2168 2946 τὴν
2201 2897 2366 2950 διαδοχὴν

1340 2964 1410 3002 ἀπὸ
1430 2963 1542 3011 λύπης
1565 2961 1735 3015 ἄρχεσθαί
1757 2977 1811 3000 σοι
1837 2960 2118 3012 παρασκευάσω,
2145 2958 2202 2996 ἵνα
2223 2959 2364 3006 διηνεκῆ

1341 3023 1425 3076 ἔχῃς
1444 3024 1504 3062 καὶ
1524 3023 1612 3071 αὐτὴ
1639 3022 1701 3069 τὴν
1728 3022 1924 3073 ὑπόμνησιν
1946 3020 2003 3058 διὰ
2028 3022 2096 3058 τῶν
2120 3021 2196 3058 καθ’
2222 3019 2366 3057 ἕκαστον

1340 3086 1461 3139 καιρὸν
1487 3085 1632 3133 ὠδίνων,
1659 3083 1718 3122 καὶ
1745 3086 1814 3122 τῶν
1839 3085 2004 3135 λυπηρῶν
2026 3084 2093 3119 τῶν
2114 3082 2191 3119 καθ’
2217 3080 2366 3128 ἑκάστην

313 3170 387 3196 sam
402 3154 519 3191 [uisse.
544 3156 736 3205 Propterea
769 3151 1046 3202 Multiplicans
1076 3148 1264 3199 multipt‘i-
1293 3161 1317 3191 (2
1340 3146 1564 3197 τικτομένων,
1579 3145 1686 3184 πόσον
1700 3148 1762 3191 τῆς
1777 3143 1950 3197 ἁμαρτίας
1964 3142 2092 3189 ταύτης
2106 3141 2164 3180 καὶ
2180 3145 2242 3188 τῆς
2255 3156 2367 3193 παρα-

314 3217 410 3255 cabo
419 3227 612 3253 [erumnas
622 3222 720 3261 tuas,
731 3221 765 3249 et
775 3214 957 3263 gemitum
967 3219 1074 3248 tuum
1088 3211 1149 3246 :in
1162 3208 1268 3245 dolo-

316 3279 423 3317 ribus
441 3278 566 3329 paries
579 3275 699 3327 filios.
722 3273 788 3311 Hic
802 3269 1267 3325 significatparturientium

359 3405 369 3417 ‘
386 3398 439 3430 Sic
458 3394 558 3429 Savil.
582 3402 614 3425 ct
631 3393 756 3435 aliquot
774 3393 846 3423 Mss.
866 3390 980 3424 Metel.
1000 3394 1204 3433 μετέλθωμεγ.
1220 3385 1320 3421 Paulo

316 3458 390 3492 pust
407 3446 542 3482 Colsl'tn.
563 3452 615 3487 τὴν
633 3451 778 3489 τ’μωρὶαν
797 3446 969 3486 {inegerun-

1341 3210 1423 3253 κοῆς
1444 3209 1483 3246 τὸ
1504 3207 1646 3258 μέγεθος
1659 3236 1668 3254 ,
1692 3205 1751 3244 καὶ
1772 3205 1820 3255 μὴ
1846 3208 1906 3242 τοῦ
1927 3203 2051 3256 χρόνου
2076 3202 2254 3254 προϊόντος
2273 3202 2363 3249 λήθη

1340 3270 1503 3320 mpure&
1534 3269 1572 3306 τὸ
1608 3266 1849 3319 γεγενημένον,
1877 3267 1953 3303 ἀλλ’
1988 3265 2112 3303 εἰδέναι
2145 3263 2228 3316 ἔχῃς
2260 3265 2307 3308 ὡς
2341 3267 2362 3310 ἡ

1400 3396 1411 3409 ¹
1429 3385 1503 3417 Mox.

1358 3445 1449 3472 κ’λσω.

1536 3385 1628 3419 malti
1655 3393 1688 3418 et
1717 3383 1853 3418 Coisliu.
1880 3385 2080 3425 καταδικάζω.
2102 3379 2216 3416 Morel.
2245 3382 2367 3416 καταδι-
