2516 3791
866 209 921 238 m:

85 311 152 335 των
172 298 270 346 ἡμῖν,
295 292 427 340 πολλὴν
455 293 532 345 ὄψει
551 291 614 340 τὴν
643 292 806 340 ἰσότητα,
827 293 959 342 μᾶλλον
985 291 1022 330 δὲ
1044 291 1107 338 τὴν

84 355 283 402 πλεονεξίαν
309 353 409 408 παρὰ
427 360 499 399 τοῖς
518 354 661 402 πένησιν
680 348 797 393 οῦσαν.
816 353 886 393 Καὶ
899 353 968 407 γὰρ
984 352 1108 398 ὕπνος,

84 424 103 460 ὁ
114 419 230 466 πάσης
247 419 378 470 τρυφῆς
390 416 498 464 ἡδίων
516 416 574 454 καὶ
591 414 859 468 ἀναγκαιότερος
872 445 881 462 ,
904 413 963 454 καὶ
978 415 1108 467 τροφῆς

84 480 222 527 ἁπάσης
248 477 534 531 χρησιμώτερος,
558 476 788 530 εὐκολώτερος
806 482 878 520 τοῖς
906 474 1065 522 πένησιν,
1085 473 1108 521 ἢ

83 547 154 585 τοῖς
167 539 343 585 πλουσίοις
362 539 468 579 ἐστίν·
492 541 556 580 οὐκ
582 538 813 592 εὖκολώτερος
827 538 863 578 δὲ
884 537 1000 589 μόνον,
1017 535 1108 575 ἀλλὰ

84 603 143 643 καὶ
157 601 453 655 εἷλικρινέστερος.
470 601 638 646 Ἐκείνοις
653 600 716 652 μὲν
730 600 799 653 γὰρ
813 604 835 647 ἠ
855 598 968 646 πολλὴ
982 596 1107 651 τρυφὴ,

84 664 143 704 καὶ
156 664 197 703 τὸ
212 664 303 716 μήτε
319 667 510 708 πεινῶντας
524 662 662 712 ἐσθίειν,
684 663 774 714 μήτε
791 663 964 714 διψῶντας
982 659 1107 708 πίνειν,

85 726 176 778 μήτε
202 725 381 764 καθεύδειν
401 725 632 770 νυστάζοντας
645 753 654 769 ,
674 723 736 772 τὴν
768 725 802 762 ἐν
829 723 960 761 ἅπασιν
980 721 1108 769 ἡδονὴν

85 786 221 825 ἐκλύειν
244 786 362 826 εἴωθεν
377 802 384 811 ·
411 788 449 826 οὗ
468 785 536 839 γὰρ
553 785 663 830 οὕτως
678 786 783 832 ἡτῶν
803 783 1024 837 πραγμάτων
1044 782 1107 835 φύ-

85 864 150 897 σις,
165 850 212 893 ὡς
227 847 267 886 τὸ
285 851 348 895 τῆς
368 847 489 900 χρείας
505 849 693 898 ἀναγκαῖον
711 845 858 884 ἕκαστον
874 849 958 895 ἡμῖν
976 843 1106 883 τούτων

83 909 147 956 ἡδὺ
171 909 386 956 καθίστησιν.
412 911 493 960 Οὐχ
508 908 597 947 οὕτω
619 911 702 960 γοῦν
721 908 762 946 τὸ
779 906 890 946 πίνειν
911 900 1000 946 οἶνον
1024 906 1108 954 ἡδὺν

83 971 143 1010 καὶ
155 971 358 1022 ἀνθοσμίαν,
373 973 420 1013 ὡς
436 970 476 1009 τὸ
493 971 666 1023 διψῶντας
682 969 792 1008 πίνειν
808 968 900 1021 ὕδωρ
916 968 1108 1022 εὐφραίνειν

83 1031 199 1072 εἴωθεν
215 1047 222 1055 ·
239 1034 304 1084 οὐχ
321 1030 412 1070 οὕτω
429 1031 469 1070 τὸ
487 1033 729 1076 ’πλακοῦντας
748 1030 886 1079 ἐσθίειν,
906 1032 953 1074 ὡς
971 1031 1010 1070 τὸ
1029 1047 1108 1069 πει-

82 1096 212 1138 νῶντας
227 1092 363 1132 ἐσθίειν·
382 1095 447 1145 οὐχ
465 1092 556 1131 οὕτω
574 1093 614 1132 τὸ
632 1092 810 1132 καθεύδειν
837 1092 895 1131 ἐπὶ
924 1096 1110 1146 στρωμνῆς

81 1155 241 1203 ἁπαλῆς,
259 1156 307 1198 ὡς
333 1154 373 1193 τὸ
391 1154 621 1199 νυστάζοντας
645 1153 820 1193 καθεύδειν
833 1170 840 1178 ·
862 1153 952 1207 ἅπερ
971 1153 1111 1192 ἅπαντα

81 1215 178 1269 παρὰ
190 1223 261 1261 τοῖς
274 1216 399 1265 πένησι
412 1217 544 1269 μᾶλλόν
562 1219 668 1265 ἐστιν,
680 1215 703 1264 ἢ
717 1216 815 1269 παρὰ
828 1223 898 1260 τοῖς
913 1217 1112 1255 πλουτοῦσι.
1132 1228 1157 1257 D

81 1276 139 1317 Τὰ
158 1278 193 1316 δὲ
213 1281 274 1324 τ’ῆς
294 1277 426 1329 ὑγιείας
444 1281 504 1317 τοῦ
519 1276 682 1329 σώματος
696 1277 755 1316 καὶ
773 1281 836 1325 τῆς
855 1277 965 1324 ἄλλης
984 1276 1113 1321 εὐεξίας

83 1339 222 1386 ἁπάσης
237 1341 274 1378 οὐ
288 1338 387 1378 κοινὰ
412 1339 472 1377 καὶ
495 1338 673 1383 πλουσίοις
689 1339 750 1378 καὶ
768 1339 895 1386 πένησι
909 1337 1111 1392 πρόκειται,

83 1399 146 1448 Μὴ
162 1399 306 1439 δύναταί
318 1416 371 1444 τις
386 1402 492 1439 εἰπεῖν
505 1399 528 1446 ἢ
542 1400 662 1448 δεῖξαι,
677 1400 731 1438 ὅτι
751 1400 895 1448 πένητες
911 1399 974 1451 μὲν
990 1402 1111 1453 ἀῤῥω-

83 1465 201 1501 στοῦσι
229 1461 346 1513 μόνον,
365 1461 525 1500 πλούσιοι
550 1460 585 1500 δὲ
605 1461 661 1500 διὰ
678 1461 807 1504 παντὸς
824 1463 858 1500 ἐν
881 1464 1020 1514 καθαρᾷ
1038 1461 1112 1499 δια-

84 1522 244 1573 μένουσιν
258 1521 371 1577 ὑγιείᾳ
386 1540 396 1571 ;
409 1521 619 1562 Τούναντίον
633 1521 694 1574 μὲν
709 1516 766 1561 οῦν
781 1524 874 1561 ἐστιν
891 1523 988 1571 ἰδεῖν,
1002 1522 1109 1569 πένη-

80 1599 142 1627 τας
165 1583 227 1635 μὲν
250 1585 288 1622 οὗ
309 1584 435 1637 ῥᾳδίως
466 1584 722 1636 ἁλισκομένους
740 1590 811 1629 τοῖς
833 1584 985 1629 ἀνιάτοις
1009 1584 1113 1631 νοσή-

83 1659 185 1695 μασι,
205 1648 388 1696 πανταχοῦ
418 1644 454 1684 δὲ
474 1647 509 1684 ἐν
528 1652 599 1690 τοῖς
617 1647 686 1684 τῶν
706 1645 948 1684 πλουτούντων
971 1645 1113 1697 σώμασι

82 1709 193 1744 ταῦτα
209 1705 460 1758 βλαστάνοντα.
480 1706 679 1758 Ποδαλγίαι
697 1711 790 1758 γοῦν,
807 1706 867 1745 καὶ
884 1706 1114 1760 καρηὸαρίαι,

84 1766 143 1804 καὶ
152 1766 331 1819 παρέσεις,
346 1767 406 1806 καὶ
418 1768 548 1820 νεύρων
561 1767 973 1821 ἀνήκεστοιδιαστροφαὶ,
983 1768 1043 1807 καὶ
1055 1784 1116 1807 πο·

84 1827 174 1881 νηρὰ
190 1828 251 1867 καὶ
266 1829 500 1883 διεφθαρμένα
521 1828 680 1882 ῥεύματα
704 1830 926 1878 παντοδαπὰ,
945 1829 1118 1873 κάκείνοις

86 1889 240 1940 μάλιστα
269 1891 423 1942 ἐνοχλεῖν
457 1890 557 1929 εἴωθε
590 1898 661 1935 τοῖς
685 1894 842 1944 τρυφῶσι
859 1921 868 1938 ,
899 1896 970 1935 τοῖς
997 1890 1115 1944 μύρων

959 209 1081 239 ΑΝΝΑ
1117 207 1264 237 δΙίΙιΜι)
1303 208 1346 238 V.

2040 192 2132 240 86⁷,

1180 305 1249 341 quc
1267 290 1388 330 utilior
1407 291 1639 339 nutrimento,
1655 290 1872 344 pauperibus
1887 300 1938 328 est
1950 306 2056 342 quam
2072 293 2132 331 di-

1182 353 1318 391 vitibus
1341 352 1481 391 facilior
1499 369 1506 390 :
1525 366 1638 405 neque
1655 366 1739 391 vero
1752 352 1892 391 facilior
1901 361 2055 400 tantum,
2074 354 2136 392 scd

1181 413 1287 452 etiam
1310 414 1494 453 sincerior.
1522 414 1582 453 llli
1602 414 1713 464 enim,
1730 423 1769 452 ut
1785 414 1846 466 qui
1862 414 1898 452 in
1912 413 2052 452 deliciis
2076 414 2135 453 de-

1182 483 1290 526 gunt,
1306 475 1386 514 cibo
1402 476 1551 525 samem,
1570 485 1657 529 potu
1670 475 1783 524 sitim,
1798 489 1922 514 somno
1936 475 2136 514 dormiendi

1129 543 1154 574 C
1183 535 1425 575 necessitatem
1444 537 1798 590 praeveniunt,atque
1813 537 1861 576 ita
1877 551 2017 576 omnem
2039 538 2137 576 volu-

1183 607 1318 650 ptatem
1338 599 1408 638 sibi
1435 599 1667 652 intercipiunt
1686 615 1693 636 ι
1711 613 1780 638 non
1808 599 1902 637 enim
1931 599 2078 652 perinde
2102 600 2138 638 in

1184 670 1308 699 natura
1328 660 1496 711 istorum,
1516 671 1623 713 atque
1651 661 1687 700 in
1710 676 1776 701 usu
1804 661 2015 711 necessario,
2036 662 2138 701 volu·

1182 731 1262 775 ptas
1291 722 1461 762 consistit.
1494 725 1575 763 Non
1600 724 1648 762 ita
1673 724 1823 763 delectat
1848 723 1974 763 vinum
2002 723 2138 777 ipsum-

1183 798 1251 835 que
1280 799 1388 824 suave
1424 785 1522 824 olens
1554 795 1690 838 potare,
1729 795 1768 824 ut
1803 785 1979 824 sitientem
2016 786 2139 824 bibere

1182 859 1313 897 aquam
1328 861 1338 895 ;
1355 860 1424 884 non
1437 846 1485 884 ita
1498 846 1678 899 placentas
1689 846 1916 900 ederejuvat‚
1930 856 1968 885 ιιι
1982 848 2139 886 esurien-

1182 905 1229 945 do
1241 907 1407 958 quemvis
1424 907 1546 947 cibum
1560 922 1700 947 sumere
1707 924 1718 959 ;
1735 923 1805 947 non
1825 910 1873 947 ita
1893 908 1993 947 molli
2010 909 2139 948 cubare

1182 978 1310 1017 strato,
1330 978 1368 1008 ut
1388 984 1599 1023 oppressum
1618 984 1742 1009 somno
1757 971 1875 1023 jacere
1895 987 1901 1007 :
1923 985 2001 1022 quae
2020 971 2138 1009 omnia

1184 1032 1298 1084 magis
1313 1033 1413 1086 apud
1431 1047 1606 1086 pauperes
1632 1042 1735 1082 sunt,
1755 1047 1862 1084 quam
1877 1033 1976 1086 apud
1996 1033 2137 1073 divites.

1183 1092 1274 1139 Qua:
1292 1107 1376 1132 vero
1394 1094 1572 1147 pertinent
1590 1093 1637 1132 ad
1653 1094 1812 1147 corporis
1829 1094 2086 1144 valetudinem,
2106 1105 2139 1133 et

1184 1169 1325 1193 omnem
1343 1155 1452 1194 aliam
1472 1155 1605 1195 bonam
1623 1155 1893 1206 habitudinem,
1910 1171 2026 1195 nonne
2044 1170 2140 1195 com—

1186 1216 1308 1255 munia
1332 1226 1414 1256 sunt
1440 1217 1620 1258 divitibus
1643 1231 1743 1269 aeque
1764 1227 1869 1269 atque
1896 1217 2141 1270 pauperibus?

1186 1280 1240 1317 An
1257 1293 1342 1319 vero
1355 1279 1474 1321 dicere
1491 1280 1671 1333 quispiam
1693 1288 1808 1332 potest
1823 1277 1916 1317 illud
1941 1287 2003 1317 aut
2027 1288 2143 1317 osten-

1185 1338 1288 1390 dere,
1317 1341 1414 1392 quod
1445 1355 1618 1394 pauperes
1647 1354 1786 1393 semper
1807 1349 1992 1392 aegrotent,
2012 1340 2145 1379 divites

1185 1415 1326 1454 semper
1352 1417 1520 1456 prospera
1554 1411 1702 1441 utantur
1732 1401 1965 1441 valetudine?
1995 1403 2144 1441 Contra-

1185 1462 1280 1501 rium
1299 1463 1446 1514 quidem
1472 1462 1597 1503 videre
1624 1463 1724 1512 licet,
1743 1477 1919 1516 pauperes
1945 1477 2014 1502 non
2040 1463 2146 1501 facile

2199 1413 2345 1444 Valetudo

2209 1465 2346 1492 prospera

1187 1523 1448 1563 insanabilibus
1463 1525 1600 1563 morbis
1614 1524 1710 1578 capi,
1725 1524 1788 1564 sed
1802 1524 1945 1563 morbos
1959 1525 2093 1578 passim
2107 1525 2143 1563 in
2158 1507 2347 1577 {iglihufaun

1186 1584 1345 1626 divitum
1381 1587 1592 1640 corporibus
1627 1587 1794 1638 grassari.
1829 1587 1932 1625 Certe
1956 1586 2144 1640 podagrae,

1188 1648 1421 1701 gravedines,
1450 1648 1704 1687 dissolutiones
1732 1662 1944 1697 nervorum,
1971 1658 2033 1686 aut
2058 1662 2143 1687 con-

1188 1710 1395 1760 tractiones,
1419 1710 1511 1750 varii
1537 1710 1658 1749 fluxus
1678 1710 1800 1749 vitiosi
1821 1724 1862 1749 ac
1880 1710 2055 1764 corrupti,
2084 1709 2146 1749 de-

1188 1772 1314 1812 licatos
1335 1772 1417 1811 illos
1441 1772 1557 1824 magis
1580 1772 1767 1821 infestant,
1789 1785 1848 1811 eos
1873 1772 1935 1823 qui
1967 1781 2146 1823 unguenta

1190 1833 1309 1883 olent,
1338 1847 1407 1872 non
1433 1847 1492 1872 eos
1521 1833 1584 1885 qui
1612 1833 1777 1872 laborant
1804 1842 1838 1871 et
1865 1841 2091 1880 exercentur,
2115 1842 2147 1870 et

1193 1895 1400 1947 quotidiana
1420 1909 1527 1948 opera
1544 1895 1681 1934 victum
1703 1895 1772 1933 sibi
1793 1903 1931 1947 parant.

84 1952 232 2000 ὄζουσιν,
253 1953 292 1990 οὐ
316 1957 387 1995 τοῖς
411 1956 556 1990 πονοῦσι
580 1952 641 1992 καὶ
665 1952 1032 2006 ταλαιπωρουμένοις,
1058 1951 1118 1991 καὶ
1142 1967 1164 1997 Ε

86 2015 126 2052 ἐκ
140 2016 203 2060 τῆς
225 2014 302 2051 καθ’
327 2013 481 2061 ἑκάστην
501 2014 638 2068 ἡμέραν
658 2014 823 2068 ἐργασίας
843 2014 906 2062 τὴν
926 2013 1118 2067 ἀναγκαίαν

84 2073 214 2127 τροφὴν
232 2074 429 2128 πορίζουσι.

139 2141 208 2179 Διὰ
226 2146 329 2180 τοῦτο
349 2141 499 2180 καὶτῶν
526 2144 726 2195 προσαιτῶν
756 2144 788 2182 οἱ
815 2146 927 2196 τρυφῇ
955 2145 1122 2188 συζῶντες

87 2202 292 2256 ἀθλιώτεροι
312 2204 459 2247 πάντες·
486 2204 547 2242 καὶ
575 2208 675 2243 τοῦτο
703 2206 772 2244 οὐδ’
796 2204 837 2243 ἂν
863 2205 961 2244 αὐτοὶ
982 2207 1014 2243 οἱ
1042 2220 1121 2256 τρυ-

88 2266 220 2317 φῶντες
235 2264 443 2304 ἀντείποιεν.
459 2265 640 2310 Πολλάκις
657 2269 738 2318 γοῦν
758 2266 921 2310 πλούσιος
935 2266 993 2304 ἐπὶ
1007 2281 1122 2319 στρω-

91 2329 178 2377 μνῆς
189 2325 442 2378 κατακείμενος
461 2327 613 2375 ἁπαλῆς,
635 2329 779 2366 οἰκετῶν
793 2326 854 2365 καὶ
867 2326 1121 2379 θεραπαινίδων

91 2387 287 2441 παρόντων,
303 2389 436 2435 πολλῆς
450 2388 636 2441 θεραπείας
651 2388 838 2428 ἀπολαύων
856 2387 954 2441 παρὰ
967 2388 1122 2437 πάντων,

93 2446 240 2495 πένητος
259 2448 318 2487 διὰ
332 2451 392 2486 τοῦ
411 2453 588 2488 στενωποῦ
604 2449 755 2493 ἀκούσας
773 2451 936 2501 βοῶντος,
947 2449 1050 2501 ἄρτον
1069 2451 1123 2488 αἰ-

93 2511 249 2556 τοῦντος,
281 2508 467 2561 ἐδάκρυσε,
498 2510 561 2549 καὶ
591 2509 772 2559 ἐστέναξε,
805 2511 866 2550 καὶΙ
901 2510 1033 2559 ηὔξατο
1066 2528 1124 2565 γε·

1134 2554 1182 2582 748

1251 2141 1288 2178 5.
1320 2140 1550 2191 Quapropter
1593 2137 1765 2176 mendicis
1803 2136 1911 2175 etiam
1953 2135 2153 2175 miseriores

1196 2211 1301 2249 sunt,
1319 2209 1494 2252 quotquot
1514 2199 1552 2237 in
1571 2199 1712 2237 deliciis
1736 2199 1868 2239 vivunt
1879 2214 1890 2249 3
1907 2197 1947 2238 id
1969 2198 2065 2250 quod
2092 2213 2154 2237 nec

1195 2263 1265 2316 ipsi
1289 2261 1442 2301 infitiari
1471 2270 1629 2313 possunt.
1652 2261 1868 2311 Frequenter
1896 2260 2030 2313 quippe
2052 2259 2155 2298 dives

1196 2324 1298 2363 molli
1316 2322 1448 2361 lectulo
1461 2321 1608 2371 cubans,
1633 2321 1725 2360 inter
1750 2321 1956 2360 omnimoda
1970 2336 2155 2360 servorum

1196 2400 1238 2425 ac
1250 2385 1464 2424 ancillarum
1481 2383 1675 2434 obsequia,
1697 2382 1821 2422 audito
1840 2382 2004 2422 mendico
2017 2398 2081 2436 per
2101 2384 2155 2422 vi-

1197 2462 1281 2489 cum
1301 2447 1457 2486 elamore
1486 2459 1617 2499 panem
1642 2453 1783 2498 petente
1802 2445 1996 2497 ingemuit,
2018 2453 2050 2483 et
2074 2459 2155 2483 cum

1197 2508 1368 2561 lacrymis
1389 2515 1554 2559 precatus
1573 2513 1642 2553 est,
1662 2514 1701 2542 ut
1720 2504 1801 2542 talis
1819 2504 1936 2554 fieret,
1957 2503 2155 2542 dummodo

95 2568 214 2608 νέσθαι
225 2572 378 2613 τοιοῦτος
399 2569 488 2621 μετὰ
504 2573 567 2617 τῆς
586 2570 736 2622 ὑγιείας,
754 2571 778 2619 ἢ
799 2571 888 2624 μετὰ
899 2577 960 2612 τοῦ
973 2573 1124 2613 πλούτου
1147 2593 1173 2621 A
1199 2584 1323 2620 sanus,
1339 2569 1460 2622 potius
1476 2580 1586 2619 quam
1600 2566 1638 2604 in
1654 2564 1793 2603 deliciis
1812 2563 1963 2603 adversa
1979 2564 2157 2603 laboraret

95 2630 159 2677 τὴν
179 2630 376 2684 ἀρρωστίαν
398 2630 504 2683 ἔχειν.
526 2633 606 2671 Οὐκ
626 2632 684 2671 ἐπὶ
707 2637 770 2681 τῆς
789 2633 920 2685 ὑγιείας
945 2634 980 2673 δὲ
1008 2635 1124 2686 μόνον,

97 2692 188 2731 ἀλλὰ
208 2692 268 2731 καὶ
286 2692 345 2731 ἐπὶ
361 2695 424 2739 τῆς
442 2693 665 2738 παιδοποιίας
689 2694 797 2733 πάλιν
813 2695 911 2734 οὐδὲν
932 2696 1054 2749 ὄψεταί
1073 2713 1126 2741 τις

97 2754 156 2792 τὸν
173 2753 336 2793 πλούσιον
356 2757 415 2792 τοῦ
434 2754 580 2803 πένητος
597 2758 881 2796 πλεονεκτοῦντα·
903 2760 979 2797 ἀλλ’
999 2759 1126 2810 ὁμοίως

99 2814 159 2853 καὶ
177 2814 275 2868 παρὰ
294 2813 427 2859 τούτοις
439 2846 449 2864 ,
471 2817 532 2855 καὶ
550 2819 634 2870 παρ’
655 2818 797 2863 ἐκείνοις
816 2818 876 2857 καὶ
896 2819 1126 2858 πολυπαιδίαι

99 2875 160 2914 καὶ
186 2875 369 2914 ἄπαιδίαι·
393 2879 525 2928 μᾶλλον
552 2877 590 2916 δὲ
616 2882 795 2919 κάνταῦθα
825 2880 893 2919 ἴδοι
918 2896 971 2925 τις
1001 2880 1041 2920 ἂν
1068 2881 1125 2920 τὸν

100 2936 266 2976 πλούσιον
295 2937 557 2988 ἐλαττούμενον.
573 2938 618 2978 Ὁ
647 2940 711 2992 μὲν
728 2941 797 2995 γὰρ
817 2941 944 2989 πένης,
977 2941 1041 2980 κᾶν
1076 2942 1126 2991 μὴ

100 2999 244 3051 γένηται
265 2999 396 3052 πατὴρ,
420 3002 458 3039 οὐ
478 3001 611 3047 πολλ’ἧς
640 3005 842 3042 αἰσθάνεται
860 3007 922 3051 τῆς
950 3003 1072 3051 ὀδύνης
1085 3019 1092 3026 ·
1111 3006 1128 3041 ὁ

101 3060 138 3099 δὲ
157 3059 332 3108 πλούσιος,
355 3061 427 3113 ὅσῳ
442 3060 504 3108 τὴν
526 3061 646 3100 οὐσίαν
665 3061 856 3115 αὐξομένην
876 3068 958 3118 ὁρᾷ,
974 3064 1128 3115 τοσούτῳ

101 3121 263 3160 δάκνεται
285 3124 416 3173 μᾶλλον
442 3122 590 3170 ὑπὸτῆς
609 3124 794 3173 ἀπαιδίας,
816 3127 978 3177 οὐδεμιᾶς
1003 3127 1128 3172 ἠδονῆς

103 3182 349 3234 αἰσθανόμενος
375 3184 432 3223 διὰ
458 3183 522 3231 τὴν
543 3185 694 3238 ἐρημίαν
713 3191 774 3225 τοῦ
797 3188 1027 3240 κληρονόμου.
1058 3189 1128 3227 Καὶ

103 3247 162 3282 τοῦ
193 3244 339 3290 πένητος
369 3244 431 3296 μὲν
448 3250 466 3285 ὁ
485 3248 629 3298 κλῆρος,
662 3247 725 3285 κᾶν
754 3248 860 3293 ἄπαις
887 3249 1044 3301 ἀπέλθῃ,
1073 3249 1130 3287 διὰ

104 3302 166 3349 τὴν
187 3303 358 3343 εὐτέλειαν
375 3308 437 3344 οὐκ
456 3305 503 3344 ὧν
523 3307 765 3359 περιμάχητος
778 3337 787 3353 ,
816 3311 861 3352 εἷς
887 3309 1005 3362 φίλους
1032 3310 1129 3356 διέῧη

153 3418 166 3434 “
188 3409 268 3454 Reg·
288 3413 483 3450 πλαισῦυδας.

1200 2631 1419 2673 valetudine.
1451 2630 1526 2668 Nec
1552 2636 1692 2666 tantum
1721 2625 1928 2665 valetudine
1958 2625 2067 2676 bona,
2096 2626 2158 2663 sed

1200 2694 1312 2748 prolis
1330 2692 1436 2731 etiam
1452 2689 1637 2739 felicitate,
1651 2687 1781 2726 divites
1801 2687 1915 2725 nihilo
1930 2686 2084 2739 potiores
2104 2686 2157 2724 vi-

1200 2756 1284 2794 deas
1298 2784 1307 2802 ,
1324 2766 1430 2805 quam
1448 2764 1622 2804 pauperes
1629 2764 1640 2798 ;
1659 2747 1722 2787 sed
1739 2747 1929 2799 utrobique
1953 2746 2156 2786 indifferen-

1202 2826 1254 2855 ter
1272 2824 1334 2854 aut
1360 2813 1498 2852 nullam
1515 2820 1578 2850 aut
1597 2823 1823 2848 numerosam
1852 2808 2010 2848 sobolem
2036 2825 2044 2845 :
2071 2808 2156 2860 quin

1204 2876 1322 2930 potius
1343 2884 1378 2913 et
1404 2875 1472 2911 hac
1499 2881 1600 2925 parte
1621 2870 1773 2910 divitem
1791 2869 1916 2910 videas
1943 2867 2157 2908 inferiorem.

1205 2939 1344 2990 Pauper
1358 2935 1452 2974 enim
1476 2933 1556 2972 licet
1579 2941 1679 2984 pater
1698 2945 1768 2969 non
1785 2931 1863 2978 flat,
1881 2930 1980 2969 haud
2007 2930 2160 2968 multum

1204 2999 1310 3038 sentit
1344 2997 1504 3035 dolorem
1546 3010 1552 3031 :
1588 2994 1691 3033 dives
1727 3001 1847 3033 autem
1883 3001 2016 3044 quanto
2049 2991 2161 3041 marnis

1205 3069 1348 3099 auctam
1378 3071 1454 3096 rem
1485 3055 1602 3104 videt,
1640 3063 1738 3094 tanto
1771 3054 1886 3106 magis
1918 3053 2070 3092 orbitate
2102 3067 2158 3089 an-

1207 3123 1325 3174 gitur,
1360 3134 1434 3173 prae
1466 3117 1606 3156 heredis
1645 3115 1822 3155 desiderio
1848 3115 1985 3154 nullam
2011 3113 2162 3152 sentiens

1209 3183 1442 3235 voluptatem.
1485 3179 1532 3218 Et
1578 3178 1747 3233 pauperis
1782 3176 1928 3228 quidem
1966 3173 2160 3219 hereditas,

1158 3257 1180 3285 Β
1209 3245 1291 3284 licet
1317 3243 1391 3282 sinc
1422 3241 1545 3280 liberis
1571 3239 1742 3288 decedat,
1779 3252 1859 3277 cum
1888 3245 2031 3290 propter
2058 3233 2162 3273 exili-

1212 3315 1318 3344 tatem
1332 3318 1401 3343 non
1414 3303 1459 3342 sit
1473 3301 1695 3341 contentione
1705 3300 1827 3351 digna,
1839 3297 1884 3335 ad
1896 3296 2025 3334 amicos
2039 3295 2163 3333 transit

2158 1580 2311 1609 divitibus.
