2566 3791
211 1805 326 1835 Gen-5.
341 1806 391 1835 31.

213 2112 287 2139 Gen.
305 2111 334 2139 6.
353 2111 382 2139 3.

214 2416 294 2443 Ibitl.

394 198 483 245 270
813 192 851 222 S.
890 188 1078 221 JOANNIS
1115 183 1369 218 CIIRYSOST.

390 280 451 318 hic
464 276 614 317 docendi
630 275 739 315 finem
758 273 988 312 faciebamus.
1007 268 1184 310 Fortassis
1202 267 1296 305 enim
1311 273 1345 302 et

391 340 461 393 ipsi
488 337 699 377 meministis
725 334 869 388 quando
895 331 1034 371 caritati
1054 338 1178 368 vestrce
1201 338 1345 364 causam

392 401 630 448 reddidimus,
652 411 760 450 quare
779 397 874 433 Deus
895 408 940 431 ex
958 390 1102 429 mundis
1123 396 1279 439 septena,
1301 398 1347 422 ex

392 460 686 500 immundisbina
706 455 883 495 introduci
902 451 1060 504 jusserit.
1082 451 1156 499 Age
1175 460 1259 498 ergo
1280 446 1345 482 ho-

393 523 452 561 dic
477 520 686 559 accedamus
717 516 760 553 ad
799 529 837 552 ea
867 526 946 563 quae
978 517 1230 559 consequenter
1258 506 1348 544 lecta

395 592 492 632 sunt,
513 591 546 619 et
566 579 754 618 videamus
779 573 867 626 quid
886 572 988 610 nobis
1006 570 1131 609 divina
1162 567 1348 619 Scriptura

393 645 489 682 dicat
505 650 583 694 post
609 640 811 690 ingressum
829 637 904 674 Noe'
923 635 960 672 in
980 647 1111 671 arcam.
1131 632 1236 668 Nunc
1255 628 1350 667 enim

395 704 565 751 maxime,
586 701 615 739 si
636 700 711 738 ullo
730 698 800 736 alio
822 706 994 749 tempore,
1022 694 1121 732 decet
1139 701 1179 730 ut
1195 690 1351 744 amplius

395 765 441 803 sit
459 773 620 801 nostrum
640 759 816 810 studium,
838 772 918 796 cum
940 757 986 795 ol)
1010 753 1139 808 jejunii
1159 762 1298 804 tempus
1319 759 1353 788 et

395 823 605 863 dulcissima
623 831 740 860 vestra
769 817 1024 858 consuetudine
1043 815 1158 866 magis
1178 813 1352 859 fruimur,

395 895 465 924 eta
484 885 668 935 voluptate
696 881 850 934 crapulae
879 879 1089 924 liberamur,
1120 873 1354 923 excitatisque

396 945 592 994 mentibus,
610 942 715 981 dictis
734 941 926 992 diligenter
947 936 1128 976 attendere
1147 947 1351 987 possumus.

399 1006 603 1046 Dicendum
620 1004 732 1056 igitur
751 1002 846 1040 unde
862 1000 970 1039 hodie
985 997 1090 1037 lectio
1107 1004 1220 1048 coepta
1235 1003 1296 1032 est.
1317 994 1354 1032 6.

399 1070 486 1108 Νοέ
498 1076 628 1106 autem
642 1073 726 1103 erat
734 1076 928 1101 annorum
938 1067 1219 1103 sexcentorum,
1229 1053 1358 1111 inquit,

401 1138 437 1168 et
465 1130 654 1166 diluvium
681 1125 970 1178 aquoefactum
988 1129 1043 1159 est
1071 1126 1357 1171 superterram.

403 1189 599 1237 Attendite,
629 1187 799 1233 obsec1·o‚·
817 1194 850 1222 et
880 1198 922 1221 ne
955 1179 1194 1235 perfunctorie
1221 1177 1358 1215 dictum

402 1260 740 1303 praetercurramus3
758 1246 891 1283 habent
919 1244 1014 1282 enim
1041 1242 1188 1279 latentes
1214 1238 1360 1277 divitias

403 1311 528 1349 brevia
556 1310 633 1347 haee
660 1308 786 1355 verba;
807 1305 904 1357 quod
928 1302 964 1342 'si
992 1311 1144 1340 mentem
1164 1298 1358 1338 intenderi-

405 1386 497 1419 mus,
516 1370 639 1408 licebit
668 1383 713 1407 ex
740 1368 807 1405 isto
827 1367 904 1419 ipso
930 1362 1183 1403 misericordiae
1212 1360 1360 1399 Domini

406 1431 666 1480 excellentiam,
701 1428 918 1478 malitiaeque
948 1425 1150 1472 hominum,
1185 1422 1247 1473 qui
1275 1431 1361 1459 tunc

407 1502 518 1542 erant,
534 1490 821 1544 exsuperantiam
838 1485 1110 1540 deprehendere.
1130 1485 1214 1523 Noe·
1232 1492 1360 1521 autem

1383 1122 1407 1152 E

407 1566 600 1591 annorum
615 1561 713 1597 erat,
732 1549 859 1601 inquit,
875 1556 1155 1586 sexcentorum.
1176 1546 1254 1583 Non
1275 1545 1361 1582 aLs-

407 1628 477 1664 que
505 1628 609 1651 causa
639 1625 812 1650 annorum
836 1609 926 1662 justi
949 1622 1138 1645 numerum
1160 1620 1223 1644 nos
1241 1605 1364 1643 docuit

408 1674 533 1713 divina
553 1674 755 1724 Scriptura,
780 1684 893 1720 neque
914 1677 953 1706 ut
985 1668 1078 1705 istuc
1109 1667 1226 1719 ipsum
1249 1666 1366 1704 disca-

409 1750 506 1783 mus,
534 1743 621 1785 quot
649 1746 823 1771 annorum
843 1730 948 1768 fuerit
977 1729 1038 1766 ille
1053 1758 1062 1775 ,
1082 1727 1143 1765 sed
1162 1727 1245 1778 quia
1264 1727 1366 1778 prius

409 1811 472 1836 nos
493 1795 616 1833 docuit
648 1794 835 1846 Scriptura
857 1791 992 1838 dicens,
1013 1791 1097 1827 No&
1125 1797 1254 1826 autem
1281 1795 1366 1825 erat

409 1871 604 1896 annorum
638 1859 935 1908 quingentorum
952 1867 962 1888 .-
981 1860 1015 1888 et
1042 1859 1232 1903 postquam
1264 1848 1365 1886 nobis

408 1932 584 1956 annorum
618 1915 813 1954 declaravit
845 1926 1057 1960 numerum,
1091 1920 1177 1948 tunc
1206 1909 1366 1947 narravit

409 1979 641 2016 immodicam
659 1975 848 2014 hominum
867 1974 902 2011 in
923 1972 1058 2010 malum
1076 1970 1364 2024 propensionem,

411 2048 443 2076 et
466 2038 548 2089 quia
568 2035 744 2075 incumbit
773 2032 941 2085 cogitatio
963 2031 1150 2069 hominum
1178 2027 1368 2082 diligenter

414 2100 447 2137 in
471 2099 563 2136 mala
581 2114 601 2136 a
615 2099 828 2149 juventute,
853 2093 1002 2143 ideoque
1027 2092 1123 2130 dixit
1145 2088 1256 2141 Deus,
1278 2092 1369 2129 Non

410 2161 652 2212 permanebit
666 2158 831 2208 Spiritus
852 2168 959 2192 meus
975 2157 1016 2191 in
1035 2154 1254 2190 hominibus
1267 2155 1365 2198 istis,

415 2235 457 2258 eo
488 2220 592 2272 qnod
622 2220 694 2270 ipsi
727 2220 804 2255 sint
834 2228 994 2253 carnes:
1012 2212 1287 2265 praenuntiando
1319 2212 1369 2250 eis

414 2278 672 2331 indignationis
693 2292 763 2315 suae
782 2274 1086 2327 niagnitudinem5
1106 2273 1188 2311 dein
1211 2282 1249 2310 ut
1269 2272 1370 2310 daret

415 2341 465 2379 cis
485 2340 652 2378 idoneum
680 2347 834 2390 tempus,
855 2335 952 2387 quod
981 2335 1157 2372 sufficeret
1179 2333 1225 2371 ad
1243 2333 1369 2385 resipi-

416 2401 598 2449 scendum,
611 2409 649 2437 ut
663 2397 947 2450 indignationem
963 2410 1032 2433 non
1048 2394 1306 2446 experirentur,
1316 2393 1370 2431 di-

1389 1910 1414 1939 A

417 2463 482 2501 cit:
501 2464 630 2500 Erunt
659 2469 789 2497 autem
825 2460 906 2496 dies
929 2470 1061 2495 eorum
1091 2458 1188 2493 anni
1219 2464 1370 2492 centum

417 2534 451 2563 et
470 2526 612 2576 viginti
630 2538 640 2558 .·
655 2522 722 2559 hoc
742 2532 805 2566 est,
832 2519 960 2558 Adhuc
979 2516 1246 2570 procrastinabo
1266 2516 1371 2554 etiam

416 2594 495 2638 post
507 2584 717 2636 quingentos
737 2581 817 2619 illos
835 2594 956 2625 annos,
975 2579 1012 2616 in
1027 2577 1159 2629 quibus
1172 2577 1290 2629 justus
1307 2576 1373 2614 iste

417 2661 480 2684 suo
499 2645 642 2683 nomine
661 2643 745 2682 satis
773 2655 893 2680 omnes
917 2640 998 2678 illos
1026 2637 1241 2676 admonebat
1260 2646 1293 2675 et
1313 2637 1372 2674 in-

418 2707 582 2753 ducebat,
606 2705 635 2743 si
654 2704 800 2756 quidem
820 2701 999 2741 attendere
1019 2699 1229 2749 voluissent,
1250 2708 1289 2736 ut
1306 2708 1339 2736 et
1354 2713 1374 2736 a

421 2769 555 2807 malitia
585 2767 807 2815 desisterent,
826 2774 860 2803 et
888 2763 934 2802 ad
963 2762 1134 2801 virtutem
1153 2775 1188 2799 se
1206 2761 1373 2798 transser-

421 2839 510 2867 rent.
530 2831 787 2868 Verumtamen
809 2835 842 2864 et
871 2839 966 2863 nunc
985 2823 1157 2876 polliceor
1185 2836 1242 2860 me
1268 2835 1377 2859 annos

423 2899 564 2927 centum
597 2887 725 2939 viginti
758 2887 1004 2935 toleraturum,
1027 2893 1067 2922 ut
1095 2892 1253 2935 tempore
1282 2881 1375 2934 quod

424 2949 630 2996 intercedet,
653 2947 954 2999 quemadmodum
973 2960 1040 2998 par
1055 2954 1106 2982 est
1124 2953 1283 2992 utantur,
1304 2958 1378 2981 ma-

425 3010 609 3060 litiamque
625 3009 777 3060 fugiant,
799 3017 831 3046 et
851 3008 1021 3045 virtutem
1050 3005 1310 3058 amplexentur.
1332 3004 1379 3043 Et

428 3085 495 3108 nou
511 3070 626 3108 solum
643 3078 825 3107 contentus
840 3068 907 3105 suit
922 3077 1063 3105 centum
1077 3076 1111 3105 et
1125 3065 1254 3118 viginti
1271 3079 1378 3103 anno-

428 3146 507 3170 rum
528 3130 772 3183 promissione,
806 3129 866 3167 sed
899 3129 996 3181 justo
1015 3128 1182 3180 praecepit
1203 3136 1240 3165 ut
1261 3141 1380 3165 arcam

429 3201 658 3239 construeret,
680 3205 749 3241 quo
769 3200 801 3228 ct
822 3190 895 3243 ipsc
926 3199 1088 3242 aspectus
1106 3203 1194 3227 areat·
1219 3188 1262 3226 iis
1281 3188 1378 3226 suffi—

475 3306 491 3329 ¹>
509 3302 676 3336 §insat-31.
694 3309 727 3333 et
743 3313 796 3333 sex
814 3301 889 3334 uss.
910 3301 950 3332 Iu
966 3298 1079 3333 Morol.
1103 3305 1224 3345 βραχέα.
1240 3297 1342 3330 deest.

476 3368 487 3380 -1
508 3355 587 3387 Vida-
605 3366 674 3397 ψη·
700 3352 842 3385 diximus
860 3364 955 3394 supra
975 3364 1006 3393 p.
1029 3353 1101 3393 198,
1121 3359 1192 3384 not.
1211 3352 1239 3389 l‘,
1255 3351 1343 3382 circa
1362 3347 1432 3381 illos

1376 1873 1421 1898 231

1409 181 1597 211 ARCHIEI‘
1606 200 1615 209 .
1654 178 2015 208 CONSTANTINOP.

1418 261 1520 305 Θεός.
1538 260 1657 313 Μέχρι
1672 259 1791 298 τούτου
1813 258 2001 307 στήσαντες
2022 256 2196 308 τὸνλόγον
2217 258 2363 295 ἐνταῦθα
2380 269 2445 292 κα-

1418 321 1641 371 τεπαύσαμεν
1669 319 1733 366 τὴν
1765 319 2004 358 διδασκαλίαν.
2034 317 2226 368 Μέμνησθε
2261 316 2331 367 γὰρ
2362 314 2446 356 ἴσως

1419 382 1480 420 καὶ
1497 382 1616 430 αὐτοὶ,
1634 381 1692 420 ὅτε
1710 380 1773 428 τὴν
1793 379 1904 418 αἰτίαν
1926 379 2116 433 εἰρήκαμεν
2135 381 2233 429 ὑμῶν
2252 381 2295 429 τῇ
2313 375 2446 428 ἀγάπῃ,

1419 442 1510 486 τίνος
1529 443 1642 480 ἕνεκεν
1670 441 1738 480 ἀπὸ
1760 441 1822 492 μὲν
1847 444 1915 479 τῶν
1937 442 2097 492 καθαρῶν
2119 439 2209 478 ἑπτὰ
2228 438 2317 477 ἑπτὰ
2336 451 2446 488 προσ-

1421 503 1537 548 έταξεν
1568 505 1795 554 εἰσαχθῆναι,
1816 502 1885 540 ἀπὸ
1913 501 1948 540 δὲ
1973 504 2042 538 τῶν
2071 500 2279 551 ἀκαθάρτων
2299 497 2359 536 δύο
2378 496 2448 535 δύο.

1421 562 1517 615 Φέρε
1548 558 1605 601 οὖν
1633 563 1753 601 λοιπὸν
1788 562 1938 613 σήμερον
1969 567 2038 604 τοῖς
2068 560 2144 606 ἑξῆς
2178 561 2449 609 ἀναγνωσθεῖσιν

1422 623 1683 673 ἐπεξέλθωμεν,
1716 622 1774 660 καὶ
1802 622 1929 672 ἴδωμεν
1961 621 1994 658 τί
2015 622 2188 672 διηγεῖται
2215 624 2299 670 ἡμῖν
2321 621 2343 664 ἡ
2375 615 2450 655 θεία

1423 684 1548 739 Γραφὴ
1576 684 1666 736 μετὰ
1690 683 1753 730 τὴν
1786 683 1915 722 εἴσοδον
1942 688 2002 721 τοῦ
2025 685 2105 721 Νῶε
2125 683 2173 724 εἷς
2198 679 2261 726 τὴν
2288 677 2450 717 κιὸωτόν.

1423 747 1496 784 Νῦν
1514 745 1581 796 γὰρ
1594 774 1603 791 ,
1632 747 1661 783 εἰ
1679 744 1738 783 καί
1765 760 1849 782 ποτε
1878 746 2021 791 α’λλοτε,
2045 742 2199 794 μάλιστα
2217 739 2349 786 πολλὴν
2370 741 2451 776 ε’πι-

1425 805 1622 844 δείκνυσθαι
1639 809 1733 856 ἧμᾶς
1753 804 1924 856 προσήκει
1945 804 2009 850 τὴν
2027 802 2198 851 σπουδὴν,
2226 801 2283 839 ὅτε
2311 799 2368 838 διὰ
2393 799 2450 837 τὸν

1426 871 1488 914 τῆς
1506 866 1668 914 νηστείας
1687 866 1806 919 καιρὸν
1833 866 1891 904 καὶ
1907 870 1968 912 τῆς
1992 865 2135 911 ἡδίστης
2152 866 2249 913 ὑμῶν
2269 859 2453 912 συντυχίας

1429 928 1588 980 συνεχῶς
1602 927 1842 977 ἀπολαύομεν,
1860 927 1919 964 καὶ
1949 929 2011 972 τῆς
2031 926 2112 978 περὶ
2140 924 2202 971 τὴν
2218 921 2349 977 τρυφὴν
2366 922 2454 967 ἀδη-

1430 989 1557 1041 φαγίας
1577 988 1855 1039 ἀπηλλάγμεθα,
1878 987 1936 1025 καὶ
1957 985 2222 1039 διεγηγερμένον
2244 984 2381 1036 ἔχοντες
2397 981 2454 1020 τὸν

1430 1050 1598 1101 λογισμὸν
1628 1049 1802 1099 δυνάμεθα
1839 1049 1929 1098 μετὰ
1965 1048 2143 1100 ἀκριὸείας
2173 1046 2358 1098 προσέχειν
2385 1048 2456 1086 τοῖς

1431 1110 1641 1162 λεγομένοις.
1672 1109 1785 1147 Πόθεν
1822 1104 1880 1146 οὖν
1917 1112 2002 1159 ’ἡμῖν
2041 1112 2064 1154 ἡ
2103 1108 2196 1160 ἀρχὴ
2230 1106 2350 1159 γέγονε
2386 1108 2456 1143 τῶν

1433 1170 1584 1223 σήμερον
1612 1170 1920 1223 ἀναγνωσθέντων,
1949 1171 2136 1222 ἀναγκαῖον
2167 1171 2288 1206 εἰπεῖν.
2312 1168 2394 1205 Νῶε
2420 1163 2456 1203 δὲ

1432 1226 1474 1279 ἦν
1507 1234 1592 1270 ἐτῶν
1625 1230 1832 1279 ἑξακοσίων,
1859 1230 1965 1284 φησὶ,
1990 1231 2049 1269 καὶ
2077 1234 2095 1269 ὃ
2124 1228 2371 1279 κατακλυσμὸς
2398 1229 2457 1265 τοῦ

1433 1293 1556 1337 ὕδατος
1578 1293 1712 1345 ἐγένετο
1745 1292 1802 1331 ἐπὶ
1828 1296 1890 1339 τῆς
1909 1295 1985 1343 γῆς.
2004 1292 2205 1345 Προσέχετε
2218 1320 2228 1338 ,
2248 1290 2457 1342 παρακαλῶ,

1432 1352 1492 1390 καὶ
1523 1351 1571 1403 μὴ
1605 1354 1724 1396 ἁπλῶς
1760 1352 2050 1404 παραδράμωμεν
2082 1352 2122 1390 τὸ
2151 1350 2354 1403 εἰρημένον·
2384 1349 2457 1401 ἔχει

1431 1413 1500 1465 γάρ
1518 1429 1595 1451 τινα
1617 1415 1763 1451 πλοῦτον
1793 1414 2071 1465 ἐγκεκρυμμένον
2091 1412 2107 1433 b
2122 1413 2223 1451 ταυτὶ
2248 1412 2291 1450 τὰ
2324 1411 2458 1465 βραχέα

1435 1474 1589 1526 ῥήματα,
1609 1475 1668 1511 καὶ
1686 1474 1743 1512 ἐὰν
1763 1475 1992 1525 συντείνωμεν
2010 1477 2109 1525 ἡμῶν
2130 1478 2192 1522 τὴν
2214 1474 2379 1521 διάνοιαν,
2399 1472 2459 1512 καὶ

1433 1534 1467 1579 ἐξ
1489 1536 1592 1573 αὐτοῦ
1621 1534 1742 1573 τούτου
1764 1535 1982 1585 δυνησόμεθα
2011 1539 2226 1586 καταμαθεῖν
2246 1538 2309 1582 τῆς
2333 1551 2370 1573 τε
2397 1550 2459 1587 φι-

1433 1594 1654 1646 λανθρωπίας
1682 1599 1742 1633 τοῦ
1776 1595 1956 1634 Δεσπότου
1984 1596 2047 1644 τὴν
2071 1596 2290 1650 ὑπερὲολὴν,
2313 1596 2372 1634 καὶ
2399 1600 2461 1642 τ’ἧς

1431 1658 1500 1692 τῶν
1531 1655 1608 1693 τότε
1646 1656 1836 1709 ἀνθρώπων
1864 1657 1990 1700 κακίας
2025 1657 2087 1704 τὴν
2120 1657 2252 1704 πολλὴν
2287 1657 2459 1695 ἐπίτασιν.

1471 1719 1492 1726 ’ν
1532 1712 1606 1730 ’κὶὙ

1433 1717 1514 1754 Νωε
1528 1732 1564 1753 οε
1584 1733 1625 1763 ην
1641 1718 1746 1763 ἐτῶν,
1763 1717 1867 1769 φησὶν
1881 1748 1890 1766 ,
1913 1719 2113 1762 ἑξακοσίων.
2133 1719 2211 1770 Οὐχ
2229 1720 2348 1762 ἁπλῶς
2366 1722 2460 1765 ἡμᾶς

1432 1777 1490 1815 τὸν
1517 1777 1663 1830 ἀριθμὸν
1687 1781 1755 1816 τῶν
1773 1781 1858 1816 ἐτῶν
1878 1779 2011 1823 ἐδίδαξε
2029 1783 2088 1817 τοῦ
2118 1779 2270 1826 δικαίου,
2301 1779 2378 1817 οὐδὲ
2405 1779 2462 1816 ἵνα

1439 1838 1524 1876 αὐτὸ
1544 1843 1644 1876 τοῦτο
1666 1839 1850 1889 μάθωμεν,
1873 1840 1989 1878 πόσων
2011 1835 2053 1886 ἧν
2072 1843 2157 1878 ἐτῶν
2178 1843 2195 1878 ὃ
2212 1840 2362 1887 δίκαιος,
2384 1841 2460 1877 ἀλλ’

1438 1899 1558 1947 ἐπειδὴ
1578 1899 1805 1953 προλαὸοῦσα
1825 1900 1975 1945 ἐδίδαξεν
1996 1906 2091 1952 ἡμᾶς
2115 1905 2136 1948 ἡ
2159 1901 2234 1940 θεία
2253 1900 2375 1953 Γραφὴ
2395 1901 2462 1947 ἤδη

1440 1963 1597 2009 εἰποῦσα,
1618 1960 1672 1999 ὅτι
1692 1963 1772 2000 Νῶε

1793 1961 1827 1999 32

1813 1993 1829 2000 -
1853 1956 1895 2009 ἦν
1916 1964 2000 2000 ἐτῶν
2021 1963 2280 2011 πεντακοσίων,
2296 1962 2355 2000 καὶ
2375 1962 2464 2013 μετὰ

1438 2023 1478 2061 τὸ
1491 2022 1663 2074 γνώριμον
1682 2025 1767 2074 ἡμῖν
1781 2027 1927 2070 ποι-ἧσαι
1947 2027 2014 2062 τῶν
2031 2025 2117 2062 ἐτῶν
2136 2026 2193 2063 τὸν
2212 2024 2372 2076 ἀριθμὸν,
2387 2023 2465 2062 τότε

1439 2084 1632 2133 διηγήσατο
1651 2087 1719 2121 τῶν
1741 2084 1931 2135 ἀνθρώπων
1962 2084 2025 2132 τὴν
2050 2085 2182 2132 πολλὴν
2212 2086 2291 2139 περὶ
2315 2085 2378 2133 τὴν
2400 2102 2466 2125 κα·-

1440 2145 1519 2183 κίαν
1542 2144 1667 2196 ῥοπὴν,
1686 2146 1746 2183 καὶ
1763 2146 1816 2184 ὅτι
1837 2146 1990 2197 ἔγκειται
2009 2149 2031 2192 ἡ
2052 2147 2187 2184 διάνοια
2209 2151 2268 2185 τοῦ
2285 2147 2466 2200 ἀνθρώπου

1441 2207 1615 2256 ἐπιμελῶς
1629 2206 1687 2244 ἐπὶ
1697 2206 1741 2244 τὰ
1755 2209 1890 2258 πονηρὰ
1907 2209 1946 2244 ἐκ
1958 2208 2118 2253 νεότητος
2129 2224 2136 2231 ·
2149 2208 2202 2247 διό
2216 2225 2318 2260 φησιν
2333 2211 2350 2246 ὃ
2365 2209 2466 2256 Θεὸς,

1441 2269 1494 2305 Οὐ
1531 2267 1578 2317 μὴ
1610 2267 1805 2318 καταμείνῃ
1839 2268 1878 2306 τὸ
1903 2267 2051 2319 Πνεῦμοί
2084 2285 2149 2320 μου
2177 2271 2211 2307 ἐν
2239 2275 2309 2312 τοῖς
2329 2269 2464 2321 ἀνθρώ-

1441 2344 1518 2372 ποις
1535 2327 1679 2375 τούτοις,
1698 2328 1754 2366 διὰ
1773 2327 1812 2366 τὸ
1833 2322 1921 2366 εἶναι
1941 2328 2062 2373 αὐτοὺς
2079 2330 2231 2381 σάρκας,
2257 2330 2466 2382 προμηνύων

1443 2391 1556 2433 αὐτοῖς
1578 2393 1640 2436 τῆς
1659 2390 1927 2440 ἀγανακτήσεως
1949 2392 2052 2428 αὐτοῦ
2072 2389 2135 2437 τὴν
2156 2390 2352 2444 ὑπερίολήν
2368 2407 2375 2414 ·
2392 2384 2467 2429 εἶτα

1441 2450 1498 2489 ἵνα
1515 2452 1562 2504 δῷ
1584 2453 1697 2495 αὐτοῖς
1717 2452 1836 2504 καιρὸν
1853 2454 2023 2503 ἀρκοῦντα
2040 2452 2124 2504 πρὸς
2140 2452 2179 2490 τὸ
2195 2452 2468 2503 μεταὸαλέσθαι,

1443 2513 1502 2550 καὶ
1524 2513 1586 2560 τὴν
1607 2518 1729 2565 πεῖραν
1750 2515 1928 2565 διαφυγεῖν
1945 2516 2006 2560 τῆς
2027 2506 2295 2563 ἀγανακτήσεως
2310 2544 2320 2561 ,
2340 2514 2443 2566 φησίν
2460 2529 2467 2537 ·

1442 2573 1611 2612 Ἔσονται
1638 2574 1672 2611 δὲ
1706 2577 1741 2611 αἱ
1774 2574 1904 2625 ἡμέραι
1938 2577 2049 2612 αὐτῶν
2079 2575 2139 2620 ἔτη
2178 2575 2300 2613 ἑκατὸν
2339 2574 2466 2613 εἴκοσι·

1445 2636 1522 2673 ἀντὶ
1540 2641 1618 2683 τοῦ,
1640 2636 1902 2688 μακροθυμήσω
1923 2635 1973 2673 ἔτι
1993 2635 2081 2686 μετὰ
2100 2636 2144 2674 τὰ
2159 2636 2372 2674 πεντακόσια
2395 2637 2468 2683 ἔτη.

1446 2696 1536 2734 Οὐῗὲ
1556 2697 1623 2748 γὰρ
1645 2697 1821 2735 ἐπαύσατο
1843 2700 1860 2735 ὁ
1880 2697 2010 2740 δίκαιος
2033 2691 2129 2741 οὗτος
2151 2699 2184 2734 ἐν
2207 2703 2276 2741 τοῖς
2299 2713 2471 2736 πεντακο-

1448 2756 1534 2801 σίοις
1561 2757 1651 2795 ἔτεσι
1673 2757 1730 2795 διὰ
1757 2761 1819 2803 τῆς
1845 2757 1973 2800 οἰκείας
1999 2758 2234 2811 προσηγορίας
2255 2758 2388 2802 πάντας
2409 2762 2468 2797 αὖ·

1448 2818 1525 2861 τοὺς
1558 2819 1856 2869 ὑπομιμνήσκων,
1889 2819 1947 2856 καὶ
1980 2819 2111 2870 ἐπάγων
2125 2851 2134 2867 ,
2165 2819 2263 2873 εἴπερ
2293 2820 2473 2859 ἐδούλοντο

1449 2879 1635 2933 προσέχειν
1652 2910 1661 2927 ,
1682 2879 1769 2917 ὥστε
1789 2881 1848 2918 καὶ
1869 2883 1931 2926 τῆς
1950 2880 2073 2924 κακίας
2095 2884 2290 2928 ἀποστῆναι
2311 2882 2370 2920 καὶ
2388 2882 2473 2934 πρὸς

1450 2941 1512 2988 τὴν
1533 2940 1658 2994 ἀρετὴν
1680 2941 1951 2991 μετατάξασθαι.
1970 2941 2060 2980 Ἀλλ’
2081 2942 2195 2992 ὅμως,
2216 2943 2319 2995 φησὶ,
2341 2944 2399 2981 καὶ
2415 2948 2471 2981 νῦν

1451 3002 1500 3040 ἔτι
1520 3005 1533 3021 ³
1548 3001 1668 3040 ἑκατὸν
1689 3001 1798 3040 εἴκοσι
1815 3004 1902 3040 ἐτῶν
1924 3005 2066 3055 ἀριθμὸν
2087 3007 2323 3055 ὑπισχνοῦμαι
2345 3020 2474 3057 μακρο-

1452 3063 1632 3113 θυμήσειν,
1652 3063 1708 3102 ἵνα
1726 3066 1774 3115 τῷ
1799 3064 1925 3113 μεταξὺ
1941 3065 2055 3116 χρόνῳ
2078 3067 2125 3108 εἰς
2149 3065 2223 3103 δέον
2245 3066 2473 3117 χρησάμενοι,

1452 3126 1511 3163 καὶ
1532 3124 1594 3170 τὴν
1616 3125 1739 3163 κακίαν
1765 3125 1897 3177 φύγωσι
1912 3154 1921 3169 ‚
1949 3126 2008 3163 καὶ
2036 3129 2096 3172 τῆς
2116 3128 2241 3178 ἀρετῆς
2260 3127 2474 3166 ἀντιλάίῗων-

1452 3203 1521 3224 ται.
1554 3186 1621 3225 Καὶ
1649 3187 1686 3224 οὐ
1723 3187 1825 3236 μόνον
1852 3190 1893 3238 τῇ
1926 3186 2113 3238 ὑποσχέσει
2141 3190 2207 3225 τῶν
2239 3190 2324 3226 ἐτῶν
2353 3187 2473 3226 ἑκατὸν

1468 3303 1599 3329 centum
1620 3296 1735 3339 viginti
1751 3307 1865 3329 anuos.
