2516 3791
854 178 895 209 IN
933 177 1129 209 Gelu-:sim
1164 176 1312 206 SERMO
1352 176 1381 205 1.
2054 164 2134 225 ,75¹

86 265 194 305 ὄντων
211 264 345 316 γένοιτό
375 281 428 316 τι,
448 264 535 304 “On
555 263 619 317 μὲν
636 264 705 319 γὰρ
736 263 773 310 ἐξ
804 266 865 303 οὐκ
885 263 1001 303 ·ὄντων
1018 264 1041 309 ἡ
1069 262 1115 313 γῆ

87 326 239 379 γέγονεν,
263 325 332 379 ἐγὼ
354 325 418 377 μὲν
445 326 619 373 πιστεύω,
648 326 690 365 σὺ
719 325 756 365 δὲ
789 324 1039 378 ἀμφιὸάλλεις·
1061 321 1116 360 ὅτι

87 386 124 425 δὲ
144 388 184 425 ἐκ
199 390 262 438 γῆς
290 387 429 440 γέγονεν
443 388 643 442 ἄνθρωπος,
658 387 849 441 ἀμφότεροι
868 387 1115 437 ὁμολογοῦμεν.

87 447 178 486 Εἰπὲ
204 448 318 487 τοίνυν
349 449 390 488 τὸ
421 448 761 502 συνομολογούμενον
781 448 842 486 καὶ
873 445 1116 498 εὐκολώτερον,

86 510 161 552 πῶς
184 508 255 548 ἀπὸ
280 512 344 556 τῆς
362 514 426 562 γ’ἧς
444 510 564 563 γέγονε
590 511 717 565 σαρκὸς
736 510 847 564 φύσις.
862 507 946 548 Ἀπὸ
962 509 1026 558 γῆς
1047 504 1117 557 γὰρ

87 570 215 619 πηλὸς,
244 571 306 611 καὶ
324 573 483 620 πλίνθος,
514 573 572 611 καὶ
593 572 764 627 κέραμος,
784 571 842 610 καὶ
861 570 1029 622 ὄστρακον
1060 565 1116 619 γί-

86 647 200 670 νεται·
229 634 344 685 σάρκα
368 634 404 672 δὲ
432 634 502 673 ἀπὸ
537 637 600 686 γῆς
631 632 816 685 γινομένην
847 630 956 674 οὐδεὶς
984 628 1024 666 ἂν
1050 628 1118 666 ἴδοι

87 693 184 732 ποτέ.
204 695 288 739 Πῶς
303 689 362 734 οὐν
386 695 506 747 γέγονε
526 695 654 749 σαρκὸς
673 694 791 748 φύσις;
811 695 885 737 πῶς
909 694 1032 731 ὀστοῦν
1049 691 1119 727 διε-

87 755 250 803 πλάσθη;
266 759 341 800 πῶς
360 761 482 810 νεῦρα,
503 759 579 800 πῶς
599 756 744 809 φλέὸεςς
763 757 838 798 πῶς
852 752 1030 807 ἀρτηρίας
1046 754 1121 794 πῶς

86 815 214 867 “ὑμὴν,
234 817 294 855 καὶ
313 817 433 866 λίπος,
450 818 510 856 καὶ
527 817 674 870 σάρκες,
694 816 754 855 καὶ
768 815 899 869 δέρμα,
919 814 1120 866 καὶόνυχες,

87 878 148 916 καὶ
165 877 304 930 τρίχες,
323 878 382 916 καὶ
399 878 551 926 τοσαύτη
569 878 727 917 ποικιλία
741 877 915 931 διαφόρων
936 877 1062 915 οὐσιῶν
1084 877 1123 914 ἐκ

88 945 171 991 μιᾶς
185 942 247 986 τῆς
265 939 500 992 ὑποκειμένης
518 943 601 990 γῆςς
621 940 714 979 Ἀλλ’
744 943 807 979 οὐκ
823 939 863 978 ἂν
881 939 973 993 ἔχοις
1001 940 1121 976 εἰπεῖν.

86 1002 172 1045 Πῶς
197 994 254 1040 οῧν
271 1003 332 1040 οὐκ
361 1002 492 1040 ἄτοπον
506 1002 547 1041 τὸ
570 1001 784 1055 σαφέστερον
809 1001 870 1040 καὶ
890 1000 1123 1053 εὐκολώτερον

87 1064 294 1115 ἀγνοοῦντα,
307 1063 348 1101 τὸ
367 1064 638 1117 δυσχερέστερον
657 1064 717 1103 καὶ
733 1062 1011 1117 ἀπορῤητότερον
1027 1078 1125 1116 περι-

89 1124 296 1176 εργάζεσθαι
317 1125 377 1163 καὶ
396 1127 724 1180 πολυπραγμονεῖν,

144 1185 271 1224 Βούλει
285 1203 323 1226 σε
342 1187 401 1225 καὶ
422 1189 474 1240 ἐφ’
503 1187 619 1241 ἕτερον
648 1188 709 1226 καὶ
730 1186 961 1239 εὐκολώτερον
981 1185 1124 1238 ἀγάγω,

91 1246 151 1284 καὶ
177 1249 254 1285 καθ’
275 1247 427 1294 ἑκάστην
443 1248 580 1301 ἡμέραν
600 1249 796 1300 γινόμενον;
817 1248 908 1286 Ἀλλ’
925 1246 1020 1298 ὅμως
1047 1247 1125 1285 οὐδὲ

91 1308 212 1347 τούτου
235 1324 294 1360 μοι
318 1311 375 1349 τὸν
391 1310 494 1362 λόγον
513 1313 593 1363 ἐρεῖ.
609 1310 730 1363 Ἄρτον
748 1309 937 1361 σιτούμεθα
948 1311 1025 1347 καθ’
1044 1308 1126 1347 ἑκά-

92 1386 179 1418 στην
192 1371 344 1425 ἡμέραν.
365 1374 449 1416 Πῶς
468 1366 526 1411 οὐν
538 1402 549 1420 ,
577 1372 654 1411 εἰπέ
675 1389 752 1424 μοι,
778 1375 801 1418 ἠ
817 1375 878 1410 τοῦ
895 1371 1002 1423 ἄρτου
1027 1370 1126 1423 φύσις

92 1431 180 1480 αὕτη
198 1435 245 1476 εἷς
261 1428 352 1485 αἷμα
375 1433 579 1484 μεθίσταται
594 1433 653 1472 καὶ
673 1432 831 1486 φλέγμα,
848 1432 908 1471 καὶ
925 1431 1050 1484 χολὴν,
1066 1431 1126 1470 καὶ

91 1493 170 1538 τοὺς
185 1494 326 1538 λοιποὺς
340 1498 373 1534 ἐν
389 1499 475 1547 ἡμῖν
494 1495 645 1548 χυμούς,
669 1494 715 1534 Ὁ
734 1493 798 1545 μὲν
816 1494 885 1546 γάρ
905 1496 980 1533 ἐστι
998 1494 1126 1537 πυκνὸς

90 1556 150 1596 καὶ
178 1557 349 1609 σκληρὸς,
371 1557 412 1596 τὸ
431 1557 467 1596 δὲ
486 1552 575 1609 αἷμα
598 1556 726 1610 χαυνὸν
748 1556 807 1595 καὶ
833 1555 1004 1609 ὃιαῤῥέον,
1030 1556 1090 1595 καὶ
1109 1558 1127 1594 6

92 1618 156 1670 μὲν
167 1619 290 1663 λευκὸς
305 1618 328 1665 ἢ
345 1618 527 1672 σιτόχρους
540 1649 550 1669 ,
565 1619 605 1658 τὸ
621 1619 656 1657 δὲ
683 1618 824 1672 ἐρυθρὸν
840 1618 900 1657 καὶ
918 1620 1040 1669 μέλαν.
1057 1619 1127 1657 Καὶ

90 1683 161 1720 τῶν
180 1682 295 1720 ἄλλων
314 1681 350 1720 δὲ
369 1681 565 1728 ποιοτήτων
585 1680 647 1725 τὰς
663 1680 831 1733 διαφορὰς
849 1679 880 1718 εἴ
897 1696 949 1724 τις
967 1680 1127 1728 ἐπέλθοι,

90 1741 180 1781 πολὺ
200 1743 240 1781 τὸ
266 1742 370 1792 μέσον
395 1742 533 1795 εὑρήσει
552 1742 657 1795 ἄρτοι)
686 1741 747 1780 καὶ
772 1740 930 1792 αἵματος.
957 1743 1043 1785 Πῶς
1068 1735 1127 1780 οῧν

90 1809 202 1843 ταῦτα
226 1803 380 1855 γίνεται,
398 1798 476 1842 εἶπέ
498 1820 583 1855 μοι,
603 1804 664 1842 καὶ
680 1805 738 1842 τὸν
754 1803 856 1855 λόγον
876 1803 1016 1848 ἀπόδος.
1034 1803 1126 1842 Ἀλλ’

91 1868 156 1905 οὐκ
169 1865 210 1904 ἂν
231 1865 336 1918 ἔχοις.
364 1859 456 1904 Εἶτα
475 1868 605 1918 τροφῆς
631 1869 694 1913 τῆς
712 1867 790 1904 καθ’
809 1865 944 1919 ἡμέραν
966 1868 1126 1905 ἀλλοιου-

93 1927 201 1979 μένης
218 1933 416 1980 παρασχεῖν
435 1927 494 1966 τὸν
515 1926 616 1980 λόγον
637 1930 699 1966 οὐκ
725 1927 835 1979 ἔχων,
855 1929 919 1974 τῆς
945 1931 1006 1966 τοῦ
1035 1930 1126 1967 Θεοῦ

93 1988 322 2044 δημιουργίας
336 1992 497 2033 ἀπαιτεῖς
519 2005 563 2040 με
583 1988 741 2037 εὐθύνας,
755 1989 826 2027 Καὶ
845 1991 920 2034 πῶς
940 1991 1003 2028 οὐκ
1019 1990 1128 2043 ἐσχά-

93 2068 157 2099 της
179 2050 297 2094 ἀνοίας
315 2056 433 2099 τοῧτο;
451 2052 496 2089 Εἰ
517 2050 579 2102 μὲν
599 2051 667 2103 γὰρ
679 2053 756 2089 καθ’
768 2054 863 2102 ἡμᾶς
880 2053 974 2089 ἐστιν
985 2055 1003 2090 6
1017 2053 1126 2100 Θεὸς,

92 2113 235 2152 ἀπαίτει
256 2115 326 2151 τῶν
353 2111 548 2164 γενομένων
584 2112 642 2150 τὸν
669 2112 771 2163 λόγον
786 2128 794 2136 ·
809 2113 942 2162 μᾶλλον
969 2113 1005 2151 δὲ
1037 2113 1125 2165 μηδὲ

86 2175 198 2214 οὕτω·
229 2175 344 2214 πολλὰ
374 2173 443 2227 γὰρ
468 2176 538 2211 τῶν
573 2173 774 2226 ἀνθρωπίνῃ
800 2174 992 2226 γινομένων
1015 2175 1122 2228 τέχνῃ

85 2237 180 2281 ὅπως
209 2237 343 2290 γίνεται
368 2238 477 2275 εἰπεῖν
498 2237 560 2274 οὐκ
587 2235 737 2287 ἔχομεν·
756 2229 845 2284 οἷον,
867 2239 942 2280 πῶς
967 2237 1036 2276 ἀπὸ
1061 2240 1125 2290 γῆς

85 2301 149 2346 τῆς
165 2301 200 2338 ἐν
219 2305 290 2342 τοῖς
312 2297 498 2349 μετάλλοις
512 2296 658 2351 χρυσίου
689 2295 822 2348 γίνεται
840 2296 956 2350 φύσις·
975 2301 1051 2342 πῶς
1077 2301 1123 2343 εἷς

85 2361 187 2398 ὑελοῢ
216 2358 440 2411 καθαρότητα
455 2361 477 2405 ἡ
491 2358 637 2411 ψάμμος
652 2357 669 2378 b
685 2357 902 2410 μεθίσταται.
922 2360 994 2398 Καὶ
1020 2360 1124 2413 ἔτερα

86 2420 216 2459 τούτων
239 2420 312 2459 ἐστὶ
335 2419 481 2458 πλείονα
501 2421 624 2466 εἰπεῖν,
645 2419 668 2456 ἃ
686 2418 820 2470 γίνεται
842 2419 904 2471 μὲν
921 2421 1121 2475 ἀνθρωπίνῃ

86 2483 194 2535 τέχνῃ
207 2513 217 2530 ,
227 2482 286 2520 τὸν
301 2480 337 2519 δὲ
349 2481 452 2532 λόγον
472 2482 533 2519 οὐκ
555 2480 659 2531 ἴσμεν
673 2483 788 2532 ἡμεῖς.
803 2480 908 2527 Πλὴν
921 2483 1001 2520 ἀλλ’
1017 2483 1122 2535 εἰμὲν

87 2546 166 2582 καθ’
194 2546 288 2594 ἡμᾶς
303 2545 322 2580 6
337 2541 427 2585 Θεός
441 2544 548 2588 ἐστιν,
571 2541 712 2580 ἀπαίτει
725 2541 828 2594 λόγον
843 2558 850 2566 ·
874 2545 902 2581 εἷ
922 2543 958 2582 δὲ
972 2545 1125 2598 ἀπείρως

87 2608 190 2656 ἡμῶν
210 2603 372 2651 διέστηκε
404 2603 464 2641 καὶ
491 2603 711 2655 ἀσυγκρίτως
743 2603 931 2658 ὑπερέχει,
959 2609 1035 2650 πῶς
1062 2609 1125 2647 οὐκ

90 2666 244 2719 ἐσχάτης
261 2665 303 2704 ἂν
318 2665 372 2713 εἴη
394 2664 520 2715 μανίας
532 2695 541 2712 ,
557 2664 700 2718 ἄπειρον
713 2666 819 2704 αὐτοῦ
838 2667 898 2705 καὶ
922 2666 986 2715 τὴν
1001 2669 1123 2722 σοφίαν

88 2728 149 2766 καὶ
176 2726 240 2773 τὴν
257 2726 402 2777 δύναμιν
423 2727 680 2778 ὁμολογοῦντας
694 2757 704 2775 ,
724 2727 784 2765 καὶ
805 2727 898 2766 θείαν
918 2729 978 2767 καὶ
993 2732 1124 2770 ἀκατά-

89 2789 240 2835 ληπτον,
259 2789 305 2830 ὡς
326 2788 408 2838 περὶ
429 2786 649 2838 ἀνθρωπίνης
667 2788 759 2832 τινὸς
774 2788 921 2841 τέχνης,
937 2789 1028 2829 οὕτω
1044 2793 1124 2831 καθ’

1191 273 1260 297 non
1286 258 1539 298 exsistentibus
1563 267 1654 298 terra
1679 260 1770 298 tacta
1784 261 1851 311 sit,
1869 274 1933 311 ego
1961 261 2086 310 credo,
2107 273 2144 301 tu

1141 326 1165 356 B
1190 329 1310 359 autem
1328 320 1495 371 dubitas;
1517 321 1615 373 quod
1632 331 1752 360 autem
1770 337 1813 361 ex
1844 332 1936 361 terra
1955 324 2069 362 sactus
2099 325 2147 362 sit

1193 380 1314 428 homo,
1332 382 1439 420 ambo
1458 382 1682 420 confitemur.
1707 383 1775 421 Dic
1808 383 1920 435 igitur
1936 384 2029 423 illud
2050 386 2147 436 quod

1191 441 1228 480 in
1246 444 1403 482 confesso
1420 453 1453 481 et
1472 444 1613 482 facilius
1638 453 1704 495 est,
1723 445 1904 497 quomodo
1922 461 1966 485 ex
1987 456 2078 485 terra
2098 448 2147 486 sa-

1200 513 1254 543 cta
1269 506 1314 543 sit
1331 505 1447 544 carnis
1461 507 1775 547 na1111·a.Exte1·1·a
1790 509 1885 547 enim
1898 509 2030 559 lutum,
2047 510 2146 557 later,

1193 580 1255 605 vas
1275 566 1401 617 fictile,
1423 577 1457 606 ct
1485 577 1571 606 testa
1591 569 1667 607 fieri
1698 570 1785 608 solet
1805 587 1812 607 :
1838 584 1978 609 carnem
1998 586 2083 610 vero
2102 587 2146 610 ex

1194 636 1287 666 terra
1314 629 1445 667 factam
1465 643 1568 668 nemo
1595 645 1766 682 umquam
1791 632 1936 671 viderit.
1959 633 2149 680 Quomodo

1194 690 1305 741 igitur
1323 691 1413 729 sacta
1431 700 1482 730 est
1498 694 1615 730 carnis
1636 694 1786 731 natura?
1810 694 1988 745 quomodo
2008 709 2085 733 ossa
2100 697 2150 734 es-

1194 751 1344 789 formata
1364 752 1470 790 sunt?
1485 753 1668 804 quomodo
1685 755 1802 805 nervi,
1823 770 1920 794 vcnae
1941 766 1972 794 et
1991 757 2150 795 arteria?

1194 812 1373 863 quomodo
1394 814 1608 852 mcmbranae
1622 845 1632 864 ‚
1650 815 1772 868 adep5‚
1797 831 1932 861 carnes,
1953 818 2058 866 cutis,
2087 832 2152 856 un-

1197 888 1302 926 gues,
1323 875 1467 928 capilli,
1487 886 1521 915 ct
1539 886 1634 916 tanta
1656 877 1848 917 diversitas
1867 879 2049 918 variarum
2069 881 2154 918 sub·

1194 937 1407 975 stantiarum
1421 953 1466 977 ex
1485 953 1555 977 una
1573 939 1776 993 subjacente
1794 942 1911 980 terra?
1926 944 2063 982 Verum
2080 946 2154 983 haec

1149 1011 1173 1042 c
1197 997 1315 1036 dicere
1334 999 1484 1038 minime
1498 1001 1623 1053 possis.
1643 1003 1836 1050 Quomodo
1854 1018 1938 1057 ergo
1954 1006 2155 1045 absurdum

1200 1073 1268 1098 non
1288 1060 1395 1098 suerit
1409 1076 1490 1099 cum
1506 1062 1568 1113 qui
1588 1062 1626 1101 id
1645 1063 1744 1114 quod
1760 1065 1892 1104 clarius
1906 1075 1939 1104 ct
1953 1067 2092 1105 facilius
2104 1077 2156 1106 est

1199 1122 1351 1173 ignorat,
1367 1122 1572 1162 difficiliora
1602 1134 1637 1163 et
1659 1139 1786 1164 arcana
1815 1126 1954 1166 curiose
1975 1129 2157 1166 scrutari?

1252 1186 1291 1222 5.
1324 1185 1392 1225 Vis
1420 1194 1455 1223 te
1480 1185 1601 1224 adhuc
1631 1187 1679 1225 ad
1709 1187 1869 1226 faciliora
1898 1187 2044 1239 ducam,
2076 1205 2155 1241 quae

1197 1245 1359 1297 quotidie
1371 1247 1450 1285 ficri
1468 1247 1609 1286 solent?
1631 1251 1795 1286 Attamen
1809 1263 1853 1287 ne
1872 1249 1918 1288 de
1936 1250 1993 1288 his
2007 1251 2153 1302 quidem
2184 1267 2293 1296 Rerum
2311 1276 2360 1293 na-

1197 1309 1350 1347 tationes
1382 1308 1521 1347 reddes.
1552 1311 1684 1348 Panem
1719 1310 1881 1362 quotidie
1916 1312 2151 1352 comedimus.
2218 1309 2360 1379 :31:1¹ssssss

1198 1369 1388 1417 Quomodo
1417 1370 1539 1422 igitur,
1573 1385 1707 1422 quaeso⁷
1730 1372 1832 1425 panis
1854 1373 1930 1426 ipsa
1963 1385 2090 1414 natura
2118 1377 2154 1414 in
2172 1405 2228 1423 non
2274 1392 2362 1419 intel-

1199 1432 1410 1484 sanguincm
1426 1432 1592 1476 vertitur,
1619 1433 1655 1471 in
1675 1434 1854 1486 pituitam,
1880 1436 1915 1474 in
1935 1436 2047 1476 bilem
2065 1447 2098 1476 et
2121 1438 2156 1477 in
2227 1436 2360 1480 ¹³2⁴³¹¹st¹⁵f

1199 1493 1353 1545 reliquos
1381 1493 1577 1532 humores?
1594 1496 1688 1533 Nam
1712 1496 1816 1548 panis
1844 1497 1993 1549 quidem
2026 1498 2157 1539 densus
2171 1483 2363 1548 afflugiflss..

1150 1564 1175 1594 D
1200 1555 1384 1606 durusque
1411 1564 1477 1604 est,
1500 1555 1645 1606 sanguis
1672 1570 1757 1595 vero
1788 1558 1908 1596 mollis
1935 1569 1969 1598 et
1994 1560 2154 1610 ssuidus;

1201 1616 1304 1670 panis
1321 1617 1379 1656 vel
1400 1615 1575 1655 candidus
1593 1617 1651 1655 vel
1670 1618 1838 1656 frumenti
1861 1620 1994 1669 colore,
2012 1624 2159 1675 sanguis

1200 1679 1311 1717 ruber
1330 1688 1365 1717 et
1386 1679 1497 1730 niger.
1520 1679 1738 1718 Caeterarum
1755 1680 1838 1719 item
1856 1683 2068 1733 qualitatum
2088 1685 2159 1722 dif-

1200 1740 1385 1779 ferentiam
1406 1740 1435 1778 si
1454 1740 1535 1792 quis
1557 1751 1805 1793 persequatur⁷
1827 1744 1983 1782 multum
2003 1745 2159 1786 inveniet

1201 1817 1330 1855 panem
1349 1804 1440 1841 inter
1466 1811 1499 1841 et
1518 1802 1727 1855 sanguinem
1745 1803 1950 1844 discrimen.
1967 1807 2157 1854 Quomodo

1201 1866 1311 1917 igitur
1342 1866 1418 1904 hece
1448 1865 1556 1915 fiunt,
1580 1865 1755 1904 rationem
1784 1867 1915 1906 reddas
1943 1869 2064 1908 velim.
2086 1871 2157 1909 Sed

1200 1941 1397 1979 numquam
1425 1927 1550 1979 possis.
1572 1926 1714 1979 Ergone
1741 1938 1779 1967 tu
1808 1930 1870 1981 qui
1900 1930 1973 1968 cibi
1997 1932 2157 1983 quotidie

1199 1989 1378 2027 immutati
1407 1988 1579 2027 rationem
1597 1988 1746 2028 reddere
1764 1990 1890 2042 nequis
1902 2022 1913 2040 ,
1936 2006 1956 2030 a
1977 1994 2053 2032 Deo
2072 2009 2154 2046 per-

1197 2061 1284 2090 aetae
1299 2050 1487 2089 creationis
1501 2050 1653 2089 rationes
1665 2065 1685 2089 a
1700 2066 1758 2090 me
1772 2053 1932 2105 repetes?
1944 2056 2067 2093 Annon
2088 2056 2157 2095 hoc

1199 2123 1365 2152 extremae
1384 2112 1571 2151 dementia:
1591 2113 1728 2151 fuerit?
1751 2114 1790 2152 Si
1815 2116 1926 2153 nostri
1952 2116 2082 2156 similis
2105 2127 2156 2156 est

1152 2189 1172 2218 Ε
1199 2175 1297 2212 Deus
1310 2203 1320 2222 ‚
1339 2174 1515 2211 rationem
1533 2172 1637 2225 exige
1653 2187 1825 2226 operum3
1848 2175 1920 2215 imo
1940 2190 1983 2215 ne
2001 2177 2040 2216 id
2067 2181 2154 2230 qui-

1198 2236 1282 2275 dem
1297 2235 1511 2274 concedatur
1529 2250 1536 2271 :
1555 2235 1666 2272 multa
1683 2235 1817 2288 quippe
1828 2236 1984 2278 humana
1998 2250 2091 2279 certe
2103 2242 2154 2280 sa—

1198 2306 1253 2336 cta
1267 2297 1328 2349 qui
1344 2297 1432 2335 siant
1447 2296 1567 2334 dicere
1582 2309 1650 2334 non
1667 2310 1858 2348 possumus
1867 2314 1879 2348 5
1896 2301 2052 2354 exempli
2069 2317 2155 2341 cau-

1197 2374 1251 2409 sa,
1278 2357 1460 2410 quomodo
1490 2371 1537 2397 ex
1570 2358 1747 2397 metallica
1774 2368 1868 2398 terra
1900 2375 2027 2402 aurum
2068 2365 2150 2412 fiat;

1196 2419 1376 2473 quomodo
1407 2433 1514 2458 arena
1549 2419 1584 2457 in
1622 2419 1710 2458 vitri
1744 2421 1940 2473 puritatem
1979 2435 2150 2464 mutetur.

1197 2483 1384 2534 Multoque
1410 2482 1515 2534 plura
1548 2481 1622 2519 dici
1648 2491 1789 2533 possent
1816 2483 1973 2523 humano
2000 2487 2153 2526 artificio

1196 2545 1310 2593 facta,
1338 2556 1493 2594 quorum
1518 2542 1692 2580 rationem
1717 2542 1935 2594 ignoramus.
1962 2547 2153 2587 Verumta-

1199 2619 1278 2644 men
1295 2605 1326 2643 si
1342 2603 1454 2641 nostri
1469 2603 1598 2641 similis
1612 2603 1657 2641 sit
1674 2603 1786 2650 Deus,
1802 2619 1866 2656 per
1880 2620 1937 2644 me
1951 2607 2033 2646 licet
2047 2611 2152 2649 ratio-

1198 2681 1278 2705 nem
1292 2674 1451 2717 repeta53
1469 2664 1523 2701 sin
1544 2664 1716 2702 immenso
1739 2665 1855 2717 spatio
1871 2681 1891 2705 a
1912 2668 2012 2707 nobis
2027 2670 2153 2719 distat,

1199 2738 1233 2766 et
1245 2725 1502 2780 supramodum
1520 2724 1698 2763 antecellit
1712 2755 1722 2775 ,
1736 2740 1851 2765 annon
1866 2737 2033 2769 extremae
2049 2732 2155 2772 fuerit

1199 2788 1346 2827 insania:
1368 2801 1450 2835 eos,
1464 2787 1526 2836 qui
1550 2786 1758 2825 immensam
1779 2787 1877 2827 iltius
1891 2790 2102 2843 sapientiam
2121 2805 2154 2834 ct

91 2848 237 2888 ἕκαστον
273 2851 342 2885 τῶν
382 2849 573 2899 γινομένων
615 2851 778 2888 ἀπαιτεῖν
812 2851 953 2896 εὐθύνας
998 2855 1123 2902 αὐτόν,
1137 2891 1162 2915 6,
1198 2852 1370 2890 virtutem
1401 2848 1628 2895 confitentur,
1660 2862 1807 2901 eamque
1839 2851 2001 2891 divinam
2034 2865 2067 2893 ct
2102 2857 2154 2895 in-

90 2909 197 2949 Ἀλλὰ
214 2908 283 2962 γὰρ
310 2908 454 2961 ἀφέντες
473 2908 551 2952 τοὺς
578 2909 786 2961 λογισμοὺς,
813 2911 872 2951 ἐπὶ
898 2913 962 2961 τὴν
990 2915 1122 2967 πέτραν
1148 2901 1171 2957 ,ἶ
1200 2910 1576 2964 comprehensibilem,
1607 2910 1708 2961 quasi
1737 2911 1782 2949 de
1811 2912 1967 2952 humana
2000 2917 2154 2968 quadam

90 2971 336 3021 ἐπανέλθωμεν
358 2969 423 3015 τὴν
440 2971 577 3023 ἀῤῥαγῆ
590 2986 597 2993 ·
615 2969 677 3009 Ἐν
704 2973 796 3025 ἀρχῇ
817 2973 981 3022 ἐποίησεν
1001 2978 1019 3014 6
1035 2977 1125 3021 Θεὸς

89 3033 147 3072 τὸν
173 3031 316 3084 οὐρανὸν
339 3031 398 3069 καὶ
416 3030 480 3077 τὴν
499 3033 576 3082 γῆν.
597 3030 682 3069 Ἐπὶ
704 3032 815 3085 τούτῳ
831 3037 932 3081 στῆθι
946 3039 997 3089 τῷ
1017 3040 1124 3089 θεμε-

90 3093 174 3146 λίῳ·
207 3092 255 3143 μή
280 3091 332 3135 τίς
365 3107 404 3130 σε
425 3094 473 3135 εἰς
501 3092 680 3143 λογισμῶν
708 3094 935 3146 ἀνθρωπίνων
965 3098 1126 3151 ταραχὴν

90 3154 275 3207 καταγάγῃ
287 3169 295 3177 ·
317 3153 492 3207 Λογισμοὶ
512 3152 579 3206 γὰρ
603 3155 737 3200 θνητῶν
755 3155 878 3204 δειλοὶ,
904 3157 962 3195 καὶ
979 3161 1126 3212 ἐπισφα-

90 3219 161 3262 λεῖς
188 3219 223 3255 αἱ
242 3216 392 3255 ἐπίνοιαι
420 3217 548 3254 αὐτῶν.
568 3213 630 3262 Μὴ
645 3214 760 3253 τοίνυν
773 3215 812 3254 τὸ
825 3217 993 3270 “στερῤὸν
1009 3221 1105 3272 ἀφεὶς
1117 3253 1126 3269 ‚

138 3344 150 3358 ²
176 3331 261 3375 i'fn'qv
277 3340 326 3369 mi
339 3339 452 3377 πιμελὴ
468 3341 517 3369 >izi
535 3341 640 3378 σάρκες
650 3334 730 3376 Reg.

140 3388 154 3410 ¹³
181 3392 364 3422 Μεθίσταται
378 3388 458 3431 Rog.
479 3395 511 3420 et
527 3387 643 3428 savii„
661 3392 838 3423 καθίσταται
854 3389 968 3421 Morel.

1199 2982 1284 3019 arte,
1297 2973 1348 3011 sic
1357 2986 1420 3024 per
1432 2971 1572 3022 singula
1593 2970 1769 3010 sactorum
1782 2973 1955 3014 rationem
1968 2981 2156 3030 expetere?

1201 3037 1337 3074 Verum
1365 3033 1421 3070 his
1445 3032 1562 3070 missis
1588 3032 1796 3077 ratiociniis,
1821 3035 1868 3074 ad
1890 3046 2027 3089 petram
2056 3041 2156 3078 illam

1202 3095 1354 3135 solidam
1386 3093 1574 3131 redeamus
1594 3109 1602 3130 :
1637 3096 1687 3131 In
1714 3098 1906 3148 principu'o
1925 3100 2028 3151 fecit
2049 3102 2155 3140 Deus

1202 3157 1336 3196 coelum
1349 3163 1383 3193 et
1396 3163 1552 3192 terram.
1566 3154 1683 3207 Supra
1698 3155 1788 3194 illud
1805 3157 2076 3197 fundamentum
2091 3170 2155 3206 sta,

1203 3232 1246 3256 nc
1274 3216 1354 3268 quis
1374 3216 1409 3254 in
1429 3224 1462 3253 tc
1487 3215 1727 3255 humanarum
1746 3218 1999 3269 cogitationum
2028 3221 2156 3259 fluctus

1190 3351 1200 3360 >¹
1228 3338 1306 3379 neg.
1325 3345 1454 3381 στερεὸν.
1486 3336 1575 3368 Iusta
1592 3343 1645 3371 κάν
1676 3346 1846 3379 Μαυιχκὶος.
1868 3338 2067 3370 Manu-tuens
2093 3340 2159 3369 sin*

1145 3390 1256 3422 Manes
1272 3387 1405 3421 dicebat
1433 3387 1606 3420 materiam
1624 3395 1781 3421 aeternnm
1807 3400 1885 3422 csfc.
1914 3390 1989 3431 Ejus
2007 3388 2088 3423 hbet
2115 3393 2159 3423 sic
