2516 3791
42 2315 159 2342 Montis
181 2324 230 2341 cx-

43 2357 180 2384 hortatio.

679 141 718 170 S.
755 139 942 170 JOANMS

261 125 355 185 464

259 236 328 260 non
348 222 491 260 alterius
513 222 713 275 cujuspiam
734 221 846 273 gratia
879 221 916 257 id
939 221 1074 264 facere,
1101 231 1208 268 quam

261 293 300 321 ut
318 283 612 335 essetassignatus
625 291 659 320 ct
674 283 741 320 sibi
757 290 957 332 segregatus
973 278 1141 330 populus,
1155 277 1206 314 in-

259 343 358 395 quit,
374 345 427 382 Et
449 347 520 382 erit
544 347 585 380 in
604 346 755 394 signum
788 342 1007 378 testamenti
1029 341 1130 374 inter
1150 351 1207 375 me

259 413 297 442 et
315 418 400 443 vos.
423 404 469 441 Et
488 413 606 456 postea
634 402 738 439 etiam
768 400 812 437 de
843 409 1000 449 tempore
1025 397 1200 449 imperat,

258 479 330 516 quo
345 463 531 503 conveniat
547 463 614 499 hoc
628 460 717 498 sieri.
742 461 790 496 12
816 459 982 496 Puellus
999 461 1101 496 enim
1118 488 1127 507 ‚
1145 458 1205 495 in—

257 526 347 577 quit,
365 534 448 564 octo
458 525 602 561 dierum
619 521 911 559 circumcidetur
923 522 1045 567 vobis,
1065 529 1102 558 et
1120 534 1206 558 'ver—
1230 532 1254 561 Ε

259 585 443 633 nac-ulus,
463 592 498 622 et
517 585 684 621 emtitius
702 598 712 618 :
731 590 768 620 et
787 595 916 619 omnes
930 584 972 619 in
992 590 1206 631 summa‚ut

258 647 314 681 ita
340 644 490 691 dicam,
511 644 577 694 qni
595 642 702 693 apud
721 655 791 679 vos
816 651 924 689 sunt,
955 643 1027 680 hoc
1053 645 1205 694 signum

257 706 476 755 suscipient.
496 705 559 740 M.
579 704 632 740 Et
651 703 825 754 quisquis
854 717 927 739 non
956 705 1203 741 circumcide-

256 776 319 804 tur
341 769 380 803 in
396 766 458 802 die
485 767 712 812 constituto,
739 765 943 815 perfletur:
972 767 1065 815 quia
1087 773 1202 801 testa-

254 835 423 865 mentum
453 839 579 863 meum
609 826 833 877 dissipavi&
859 824 945 874 quia
967 834 1206 876 transgressus

253 897 322 937 est,
344 886 459 938 inquit
469 917 479 935 ,
495 894 724 938 p1·aeceptum.
736 885 831 924 Vide
843 884 1050 937 sapientiam
1081 886 1205 923 Domi-

251 949 303 999 ni,
320 947 497 999 quomodo
510 961 591 984 cnm
605 947 709 985 sciret
724 946 946 998 imperfectas
955 955 988 983 et
1001 961 1129 998 pravas
1140 961 1202 984 eo—

252 1024 332 1047 rum
349 1018 482 1047 mentes
502 1006 1090 1058 futuras,signumcircumeisionis
1101 1006 1202 1057 quasi
1217 1038 1262 1065 401

250 1071 390 1108 frenum
399 1068 579 1121 quoddam
598 1067 787 1120 imposuit,
806 1066 852 1104 ad
874 1066 1066 1105 indomitos
1081 1081 1203 1105 eorum
1228 1077 1252 1104 Α

251 1130 404 1183 impetus
420 1128 646 1177 cohibendos,
658 1137 746 1166 utne
760 1127 924 1179 gentibus
935 1127 1202 1166 commisceren-

250 1200 320 1228 tur.
329 1192 419 1229 Nam
427 1190 510 1242 quia
522 1189 780 1227 sciebateorum
790 1188 986 1237 lasciviam,
997 1198 1028 1226 et
1039 1203 1110 1238 eos,
1120 1189 1202 1228 licet

250 1252 420 1290 infinities
434 1251 604 1299 monitos,
624 1260 663 1288 ut
683 1250 728 1288 ab
746 1249 872 1288 illicito
891 1249 1026 1302 impetu
1049 1251 1202 1289 abstine-

248 1323 339 1363 rent,
362 1312 564 1351 obedituros
589 1325 658 1350 non
678 1325 772 1350 esse:
796 1311 875 1350 ideo
895 1312 979 1350 dato
996 1312 1046 1349 eis
1075 1327 1199 1364 perpe-

247 1384 308 1412 tuo
325 1374 538 1424 memoriali,
551 1373 671 1425 injecit
684 1373 733 1411 eis
751 1373 1030 1412 circumcisionis
1041 1373 1197 1425 signum,

246 1436 348 1486 quasi
363 1435 550 1475 vinculum
582 1434 776 1485 quoddam,
795 1434 963 1486 deditque
986 1435 1035 1472 eis
1052 1435 1146 1486 leges
1168 1444 1200 1473 et

247 1497 408 1548 regulas,
437 1497 530 1534 ultra
557 1510 644 1547 quas
664 1495 812 1533 transire
838 1495 888 1533 eis
910 1509 979 1533 non
994 1495 1140 1545 liceret,
1161 1506 1200 1534 ut

245 1573 308 1595 sua
341 1567 444 1609 gente
473 1556 626 1594 contenti
651 1565 783 1604 essent,
807 1565 840 1593 et
868 1555 966 1593 nullo
987 1556 1093 1594 modo
1117 1556 1198 1594 cum

246 1619 409 1670 gentibus
427 1631 463 1656 se
481 1616 759 1666 commiscerent,
778 1616 839 1654 sed
854 1616 1064 1668 patriarcha²
1080 1631 1196 1655 semen

245 1682 513 1734 impermixtum
527 1689 699 1729 maneret,
720 1688 759 1717 ut
772 1679 821 1717 sic
840 1688 874 1717 et
889 1679 1060 1731 promissa
1088 1680 1124 1717 in
1148 1681 1198 1719 eis
1224 1688 1245 1717 B

245 1742 413 1795 compleri
432 1750 583 1794 possent.
605 1740 651 1778 Et
671 1739 972 1791 quemadmodum
991 1740 1048 1779 vir
1068 1740 1197 1792 aliquis

243 1814 441 1856 temperans
455 1811 488 1840 et
500 1801 608 1850 lenis,
629 1800 796 1839 ancillam
810 1801 945 1840 habens
965 1801 1195 1853 petulantem,

243 1865 410 1903 terminos
440 1872 472 1902 et
502 1862 643 1914 regulas
662 1862 716 1900 illi
744 1861 829 1912 dat,
848 1876 891 1900 ne
905 1876 1077 1914 umquam
1097 1873 1195 1902 extra

244 1925 418 1964 vestibula
444 1923 610 1977 prodeat,
640 1936 753 1974 neque
786 1936 870 1961 cum
902 1924 1196 1975 praetereuntibus

244 1986 443 2036 conveniat,
457 1985 530 2022 imo
553 1997 820 2034 nonnumquam
839 1983 989 2035 pedibus
1011 1983 1196 2037 compedes

242 2047 365 2094 addit,
388 2055 425 2083 ut
445 2046 495 2083 sic
518 2045 616 2082 illius
631 2043 950 2095 imtemperantiam
965 2058 1123 2083 coercere
1135 2060 1196 2084 va-

243 2113 337 2150 leat:
360 2112 406 2149 ita
439 2120 472 2148 et
510 2109 686 2160 benignus
716 2108 892 2146 Dominus
919 2109 1197 2148 circumcisionis

243 2173 385 2225 signum
405 2171 502 2211 carni
520 2184 641 2208 eorum
661 2168 808 2220 indidit,
827 2169 928 2220 quasi
947 2170 1098 2222 pedibus
1114 2172 1196 2210 vin-

243 2235 365 2273 culum
372 2232 563 2285 quoddam,
572 2230 851 2269 utdomesticum
861 2230 1030 2269 habentes
1041 2232 1195 2284 signum,

245 2310 313 2334 non
327 2295 418 2333 ultra
437 2293 598 2332 doctrina
614 2292 766 2329 aliorum
777 2305 866 2343 opus
888 2290 1067 2330 haherent.
1088 2293 1195 2344 Atqui
1222 2303 1244 2333 C

245 2358 375 2410 ingrati
390 2355 628 2406 insensatique
638 2356 658 2394 J
663 2352 754 2391 udaei
769 2353 876 2390 etiam
895 2367 1001 2404 nunc,
1013 2367 1094 2392 cum
1111 2364 1195 2394 tem-

245 2435 311 2473 pus
331 2433 400 2457 non
414 2428 476 2468 est,
492 2415 796 2455 circumcisionem
812 2429 949 2453 servare
960 2414 1100 2466 volunt,
1110 2431 1196 2469 puc-

243 2482 414 2532 rilemque
434 2478 616 2517 declarant
630 2486 793 2515 mentem.
815 2476 927 2528 Cujus
944 2476 1037 2514 enim
1049 2477 1097 2515 rei
1118 2491 1196 2529 gra-

242 2540 308 2590 tia,
341 2539 400 2577 dic
430 2538 543 2586 mihi,
567 2550 662 2575 nunc
695 2533 901 2573 circumcidi
925 2535 1074 2574 volunt?
1103 2538 1194 2574 Nam

244 2611 328 2639 tunc
341 2599 505 2651 quidem,
521 2607 560 2635 ut
580 2611 622 2635 ne
636 2596 757 2648 impiis
778 2595 850 2633 illis
865 2596 1030 2647 gentibus
1048 2611 1084 2634 se
1099 2611 1193 2635 com-

242 2663 442 2709 miscerent,
463 2660 577 2698 hocin
590 2657 766 2696 mandatis
782 2666 983 2710 acceperant
1001 2674 1008 2694 :
1026 2672 1118 2696 nunc
1133 2673 1194 2696 au-

241 2733 311 2761 tem
335 2738 395 2776 per
408 2722 473 2760 Dei
492 2721 641 2773 gratiam
662 2719 830 2757 omnihus
848 2718 1020 2757 adlucem
1036 2719 1193 2759 veritatis

240 2785 422 2833 adductis,
440 2797 517 2835 quae
537 2781 816 2820 circumcisionis
830 2781 991 2819 utilitas?
1007 2781 1193 2832 Numquid

239 2846 283 2884 ad
303 2846 428 2884 animae
448 2844 646 2882 libertatem
673 2841 812 2892 aliquid
838 2841 971 2880 confert
988 2841 1104 2880 carnis
1122 2841 1189 2880 de—

242 2907 396 2960 positio?
416 2906 492 2943 Non
527 2903 714 2941 audierunt
734 2903 918 2941 manifeste
932 2904 1050 2940 Deum
1070 2902 1192 2941 dicen-
1216 2916 1239 2945 n

239 2978 308 3006 tem
328 2984 335 3004 ε
354 2969 389 3005 E
393 2976 405 3004 t
426 2969 495 3004 erit
516 2969 556 3002 in
574 2967 722 3017 signum
744 2966 961 3002 testamenti
976 2980 985 3000 :
1003 2963 1103 3014 quasi
1123 2963 1188 3002 de-

241 3037 491 3067 monstrantem
504 3027 598 3078 ipsos
616 3026 661 3063 ol)
677 3026 827 3062 multam
851 3024 1049 3063 socordiam
1065 3024 1126 3062 tali
1142 3025 1189 3063 si-

239 3105 308 3142 gno
328 3087 548 3140 indiguisse?
583 3088 633 3123 Ita
660 3086 753 3123 enim
776 3086 857 3123 etin
885 3086 1052 3124 humanis
1080 3087 1188 3124 rebus

240 3163 500 3200 nonnumquam
523 3147 597 3184 snm-i
616 3147 712 3184 solet.
746 3146 898 3193 Quando
915 3160 983 3184 non
1014 3147 1186 3185 habemus

238 3211 417 3263 :aliquibus
442 3209 564 3252 iidem,
594 3221 756 3245 curamus
795 3217 827 3244 ut
861 3207 906 3245 ul)
933 3207 1017 3260 ipsis
1041 3208 1182 3258 Signum

322 3337 394 3367 Ilm-c
425 3333 591 3377 paululum
622 3344 675 3364 rur
692 3340 749 3364 ,ιιιι
777 3333 807 3364 in
837 3330 1046 3364 Editiouilms
1071 3342 1128 3366 τῶν
1149 3331 1192 3362 ω’.
1212 3332 1236 3362 Y

977 137 1220 168 CHRYSOST.
1259 135 1465 166 ARCHIEP.
1504 135 1865 167 CONSTANTINOP-

1278 220 1390 267 ἡμᾶς,
1411 217 1502 260 τίνος
1529 218 1643 256 ἕνεκεν
1672 222 1773 257 τοῦτο
1798 218 1960 266 ἐπέταξε,
1992 219 2051 257 καὶ
2084 219 2137 258 &zi
2170 221 2305 264 οὐδενὸς

1279 277 1396 329 ἑτέρου
1416 277 1520 329 χάριν
1546 281 1647 316 τοῦτο
1679 279 1840 330 βούλεται
1868 280 2047 331 γίνεσθαι,
2070 281 2145 318 ἀλλ’
2167 280 2189 327 ἢ
2213 281 2303 320 ὥστε

1278 335 1450 388 ἐπίσημον
1471 330 1557 375 εἶναι
1577 337 1634 375 τὸν
1653 339 1736 377 λαὸν
1755 340 1812 378 τὸν
1832 342 1926 392 αὐτῷ
1947 340 2183 390 ἀνακείμενον,
2201 340 2306 392 φησὶ,

1279 397 1347 435 Καὶ
1367 397 1465 436 ἔσται
1490 399 1525 435 ἐν
1555 399 1690 450 σημείῳ
1717 400 1883 446 διαθήκης
1917 401 1982 438 ἀνὰ
2018 401 2123 451 μέσον
2143 403 2227 452 ἐμοῦ
2247 400 2307 439 καὶ

1279 460 1389 508 ὑμῶν.
1413 458 1484 496 Καὶ
1497 458 1617 496 λοιπὸν
1633 459 1692 497 καὶ
1711 460 1768 497 τὸν
1789 461 1909 512 καιρὸν
1933 461 2175 509 διατάττεται,
2197 466 2210 482 ‘²
2227 464 2303 499 καθ’

1279 518 1315 556 ὃν
1351 519 1522 571 προσήκει
1557 518 1658 557 τοῧτο
1687 521 1854 572 γίνεσθαι.
1887 521 2034 560 Παιδίον
2066 522 2153 574 γὰρ,
2188 523 2305 574 φησὶν,

1279 580 1371 618 ὀκτὼ
1391 583 1531 633 ἡμερῶν
1551 581 1854 633 περιτμηθήσεται
1870 583 1965 632 ὑμῖν,
1981 583 2040 620 καὶ
2059 585 2076 620 ὁ
2106 583 2303 634 οἰκογενὴς,

1280 640 1337 678 καὶ
1349 644 1366 679 ὁ
1382 641 1623 693 ἀργυρώνητος
1635 673 1643 687 ,
1655 642 1714 680 καὶ
1731 642 1858 686 πάντες
1872 641 2086 687 ἁπαξαπλῶς
2099 672 2108 688 ,
2122 647 2168 686 ὣς
2183 645 2306 691 εἰπεῖν,

1279 705 1310 739 οἱ
1330 702 1487 746 συνόντες
1505 705 1586 753 ὑμῖν
1600 704 1640 742 τὸ
1659 709 1804 753 σημεῖον
1824 706 1926 741 τοῦτο
1942 703 2107 747 δέξονται.
2128 704 2198 742 Καὶ
2213 704 2305 747 ὅστις

1279 767 1317 802 οὐ
1344 764 1647 816 περιτμηθήσεται
1676 768 1720 816 τῆ
1751 764 1868 817 ἡμέρᾳ
1893 767 1936 816 τῆ
1961 765 2236 817 διατεταγμένῃ,
2252 764 2305 808 ἐξ·

1279 825 1584 877 ολοθρευθήσεται,
1612 827 1665 863 ὅτι
1684 825 1747 872 τὴν
1777 825 1946 872 διαθήκην
1976 842 2044 876 μου
2066 825 2305 864 διεσκέδασεν·

1278 885 1331 921 ὅτι
1353 886 1492 937 παρέξ-η
1510 916 1519 933 ,
1540 886 1624 938 φησὶ
1638 915 1648 933 ,
1668 886 1707 924 τὸ
1729 887 1963 939 προσταχθέν.
1985 885 2078 939 “Ops
2096 887 2218 939 σοφίαν
2237 889 2305 925 Δε-

1279 945 1409 983 σπότου
1423 976 1432 993 ,
1451 950 1525 989 πῶς
1546 947 1643 990 εἰδὼς
1660 949 1729 986 τῶν
1756 948 1952 998 μελλόντων
1976 948 2115 987 ἔσεσθαι
2130 948 2169 986 τὸ
2187 948 2306 992 ἀτελὲς

1279 1008 1340 1051 τῆς
1365 1006 1526 1057 γνώμης,
1548 1007 1705 1061 καθάπερ
1731 1008 1874 1059 χαλινόν
1902 1025 1979 1046 τινα
2010 1009 2195 1056 ἐπιτιθεὶς,
2215 1009 2306 1047 οὕτω

1278 1066 1318 1104 τὸ
1348 1073 1494 1118 σημεῖον
1513 1072 1617 1106 τοῦτο
1646 1071 1708 1114 τῆς
1738 1072 1930 1120 περιτομῆς
1950 1070 2077 1115 ἔδωκε,
2111 1069 2174 1116 τὴν
2193 1070 2305 1122 ὁρμὴν

1278 1129 1391 1166 αὐτῶν
1416 1130 1480 1175 τὴν
1501 1129 1692 1167 ἀκάθεκτον
1712 1128 1905 1175 ἐκκόπτων,
1925 1129 2016 1167 ὥστε
2038 1129 2086 1179 μὴ
2106 1136 2176 1174 τοῖς
2195 1129 2305 1168 ἔθνεσι

1279 1191 1610 1243 συναναμίγνυσθαι.
1631 1191 1778 1239 Ἐπειδὴ
1795 1191 1863 1243 γὰρ
1882 1191 1958 1243 ᾔδει
1978 1194 2092 1230 αὐτῶν
2111 1192 2149 1230 τὸ
2162 1192 2304 1244 λάγνον,

1279 1252 1338 1289 καὶ
1365 1252 1417 1289 ὅτι
1444 1254 1506 1290 οὐκ
1539 1252 1737 1297 ἀνέξονται,
1756 1252 1819 1290 κᾶν
1838 1245 1903 1290 ὦσι
1925 1253 2086 1305 μυριάκις
2111 1253 2304 1306 ἐνηχούμε-

1278 1330 1350 1361 νοι,
1371 1313 1587 1366 ἀποσχέσθαι
1607 1316 1668 1360 τῆς
1687 1314 1812 1365 ἀλόγου
1827 1317 1957 1366 ὁρμῆς,
1979 1314 2034 1352 διὰ
2047 1318 2149 1353 τοῦτο
2162 1316 2305 1362 διηνεκῆ

1277 1374 1472 1426 ὑπόμνησιν
1495 1376 1610 1418 αὐτοῖς
1641 1375 1775 1421 διδοὺς,
1795 1376 1952 1427 καθάπερ
1979 1376 2098 1428 δεσμῷ
2123 1392 2190 1415 τινι
2208 1392 2306 1429 περι-

1276 1435 1380 1474 έβαλε
1406 1439 1456 1489 τῷ
1487 1436 1622 1488 σημείῳ
1652 1439 1712 1481 τῆς
1742 1439 1957 1488 περιτομῆς,
1980 1436 2078 1488 ὅρους
2105 1439 2218 1481 αὐτοῖς
2245 1438 2305 1476 καὶ

1275 1497 1424 1539 κανόνας
1440 1497 1551 1539 διδοὺς
1574 1497 1622 1547 μὴ
1642 1497 1839 1548 περαιτέρω
1859 1497 2070 1548 προὸαίνειν,
2088 1498 2179 1536 ἀλλὰ
2198 1499 2304 1551 μέχρι

1274 1560 1333 1593 τοῦ
1359 1557 1486 1594 οἰκείου
1506 1557 1620 1599 ἔθνους
1647 1555 1828 1601 ἵστασθαι,
1849 1556 1906 1593 καὶ
1929 1555 2104 1606 μηδεμίαν
2126 1556 2304 1608 ἐπιμιξίαν

1273 1621 1446 1655 ποιεῖσθαι
1483 1616 1568 1668 πρὸς
1597 1616 1760 1663 τούτους,
1792 1617 1882 1654 ἀλλὰ
1915 1620 1974 1655 τοῦ
2012 1617 2232 1669 πατριάρχου
2264 1618 2304 1656 τὸ

1273 1677 1415 1729 σπέρμα
1434 1677 1614 1720 διασώζειν
1646 1676 1768 1727 ἀμιγὲς
1786 1676 1827 1714 ἵν’
1851 1677 1941 1714 οὕτω
1961 1677 2019 1715 καὶ
2050 1677 2093 1714 τὰ
2111 1680 2174 1724 τῆς
2198 1680 2304 1728 ἐπαγ·

1271 1738 1390 1789 γελίας
1418 1741 1465 1782 εἷς
1497 1737 1619 1781 αὐτοὺς
1643 1738 1791 1783 {xC-“mm
1811 1739 1952 1790 δυνηθῇ.
1975 1738 2045 1776 Καὶ
2074 1739 2232 1791 καθάπερ
2253 1755 2306 1782 τις

1272 1798 1360 1851 ἀνὴρ
1377 1798 1523 1851 σώφρων
1556 1798 1615 1837 καὶ
1643 1799 1801 1845 ἐπιεικὴς
1830 1799 2021 1845 παιδίσκην
2052 1798 2142 1851 ἔχων
2172 1799 2302 1837 ἀκόλα-

1272 1876 1366 1906 στον,
1390 1861 1488 1912 ὅρους
1513 1861 1600 1911 αὐτῇ
1629 1860 1688 1898 καὶ
1717 1860 1862 1903 κανόνας
1881 1860 2015 1908 τίθησι,
2034 1859 2210 1911 μηδέποτε
2237 1860 2302 1905 ἔξω

1272 1923 1452 1974 φαίνεσθαι
1471 1925 1540 1960 τῶν
1567 1921 1748 1974 προθύριοΝ
1775 1925 1837 1968 τῆς
1866 1922 1998 1971 οἰκίας,
2022 1921 2111 1972 μηδὲ
2130 1928 2200 1966 τοῖς
2227 1939 2300 1961 πα-

1273 1986 1382 2034 ριοῦσι
1402 1983 1605 2035 φαίνεσθαι,
1629 1982 1720 2021 ἀλλὰ
1739 1982 1909 2026 πολλάκις
1925 1982 1984 2020 καὶ
1999 1988 2071 2026 τοῖς
2089 1982 2171 2021 ποσὶ
2189 1983 2302 2033 δεσμὰ

1269 2044 1503 2095 περιτίθησιν,
1518 2044 1565 2081 ἵν’
1587 2043 1678 2081 οὕτω
1691 2043 1934 2095 περιγενέσθαι
1954 2045 2082 2095 δυνηθῇ
2094 2046 2157 2089 τῆς
2169 2045 2302 2090 πολλῆς

1271 2106 1474 2149 ἀκολασίας·
1498 2105 1555 2143 τὸν
1579 2105 1680 2143 αὐτὸν
1701 2105 1741 2152 δὴ
1771 2104 1899 2156 τρόπον
1922 2105 1982 2143 καὶ
2015 2108 2033 2143 ὁ
2061 2104 2301 2157 φιλάνθρωπος

1271 2166 1473 2213 Δεσπότης,
1493 2166 1649 2218 καθάπερ
1677 2166 1788 2216 δεσμὰ
1821 2165 1936 2212 ποσὶν,
1959 2165 2050 2204 οὕτω
2084 2165 2124 2204 τὸ
2156 2173 2300 2217 σημεῖον

1270 2230 1330 2273 τῆς
1347 2230 1539 2280 περιτομῆς
1558 2229 1602 2278 τῆ
1624 2227 1727 2278 σαρκὶ
1749 2226 1952 2274 ἐναπέθετο,
1972 2226 2027 2264 ἵνα
2045 2227 2176 2266 οἴκοθεν
2197 2227 2301 2279 ἔχον-

1270 2304 1326 2331 τες
1345 2288 1556 2339 ὑπόμνησιν,
1580 2287 1706 2339 μηκέτι
1722 2287 1812 2338 μηδὲ
1832 2289 1894 2333 τῆς
1909 2291 1992 2339 παρ’
2014 2287 2140 2339 ἑτέρων
2157 2287 2299 2328 δέωνται

1269 2349 1505 2393 διδασκαλίας.
1525 2349 1615 2388 Ἀλλ’
1636 2351 1666 2388 οἱ
1688 2348 1885 2400 ἀγνώμονες
1903 2348 1964 2386 καὶ
1990 2348 2194 2396 ἀναίσθητοι
2213 2349 2303 2388 Ἰου-

1270 2413 1360 2449 δαῖοι
1378 2411 1437 2449 καὶ
1465 2410 1561 2464 παρὰ
1581 2410 1703 2463 καιρὸν
1722 2413 1780 2448 νῦν
1800 2409 1863 2457 τὴν
1883 2409 2078 2462 περιτομὴν
2111 2410 2300 2463 φυλάσσειν

1272 2473 1477 2524 βούλονται,
1495 2473 1553 2511 καὶ
1567 2471 1732 2519 παιδικὴν
1751 2471 2006 2510 ἐπιδείκνυνται
2021 2471 2176 2523 γνώμην.
2197 2472 2301 2516 Τίνος

1269 2534 1334 2586 γὰρ
1351 2535 1484 2580 ἕνεκεν,
1506 2533 1582 2571 εἰπέ
1611 2549 1669 2584 μοι
1685 2562 1694 2580 ,
1717 2536 1775 2570 ν’ὔν
1806 2532 2074 2583 περιτέμνεσθαι
2097 2532 2297 2583 βούλονται;

1268 2595 1358 2633 Τότε
1381 2596 1442 2646 μὲν
1463 2595 1529 2647 γὰρ
1542 2624 1551 2641 ,
1570 2594 1628 2631 ἵνα
1649 2594 1696 2645 μὴ
1717 2599 1788 2636 τοῖς
1807 2592 2022 2645 παρανόμοις
2043 2592 2185 2636 ἐκείνοις
2202 2593 2296 2632 ἔθνε-

1268 2673 1302 2694 σι
1318 2658 1601 2708 συναναφυρῶσι,
1620 2659 1722 2692 τοῦτο
1742 2654 1981 2705 ἐπετάγησαν·
1999 2654 2071 2691 νυνὶ
2101 2654 2137 2692 δὲ
2154 2654 2212 2692 διὰ
2235 2654 2298 2702 τὴν

1266 2720 1326 2754 τοῦ
1345 2718 1437 2755 Θεοῧ
1460 2717 1564 2768 χάριν
1577 2715 1717 2753 πάντων
1736 2715 1820 2766 πρὸς
1840 2713 1903 2761 τὴν
1926 2713 2090 2760 ἀλήθειαν
2110 2717 2170 2752 τοῦ
2184 2715 2296 2767 φωτὸς

1265 2778 1608 2831 χειραγωγηθέντων,
1627 2783 1725 2815 ποῖον
1753 2778 1815 2822 τῆς
1840 2779 2032 2827 περιτομῆς
2065 2776 2207 2828 ὅφελος;
2234 2776 2296 2823 Μὴ

1264 2839 1331 2891 γὰρ
1349 2839 1434 2891 πρὸς
1452 2839 1514 2886 τὴν
1534 2841 1594 2884 τῆς
1612 2840 1728 2889 ψυχῆς
1747 2836 1941 2888 ἐλευθερίαν
1971 2853 2001 2874 τι
2019 2837 2259 2887 συμὸάλλεται
2275 2841 2295 2883 ἡ

1264 2903 1327 2947 τῆς
1343 2900 1470 2952 σαρκὸς
1486 2900 1671 2945 ἀπόθεσις,
1695 2900 1772 2937 Οὐκ
1796 2898 1950 2944 ἤκουσαν
1982 2900 2099 2950 σαφῶς
2125 2901 2184 2935 τοῦ
2202 2899 2295 2936 Θεοῦ

1264 2961 1442 3013 λέγοντος,
1473 2961 1541 2999 Καὶ
1569 2960 1667 2998 ἔσται
1683 2961 1718 2996 ἐν
1743 2959 1879 3011 σημείῳ
1902 2959 2087 3005 διαθήκης,
2112 2958 2295 3010 μονονουχὶ

1266 3022 1479 3068 δεικνύντος,
1501 3021 1553 3059 ὅτι
1574 3021 1631 3059 διὰ
1650 3020 1713 3067 τὴν
1739 3019 1872 3066 πολλὴν
1899 3021 2012 3057 αὐτῶν
2043 3018 2293 3069 ἀγνωμοσύνην

1264 3087 1323 3122 τοῦ
1342 3083 1486 3134 σημείου
1508 3082 1722 3129 ἐδεήθησαν;
1739 3080 1844 3119 Οὕτω
1861 3080 1930 3131 γὰρ
1954 3079 2012 3118 καὶ
2048 3079 2106 3116 ἐπὶ
2134 3082 2202 3117 τῶν
2231 3081 2292 3116 ἀν-

1263 3146 1442 3196 θρωπίνων
1462 3143 1629 3186 πολλάκις
1654 3143 1787 3194 γίνεται
1807 3141 2036 3193 πραγμάτιον.
2057 3140 2222 3179 Ἐπειδὰν
2242 3141 2290 3188 μὴ

1262 3206 1443 3258 θῑιῤῥῶμέν
1474 3222 1563 3245 τισι,
1594 3210 1738 3254 σημεῖον
1767 3203 1930 3255 ἐνεχύρου
1964 3202 2066 3254 χάριν
2097 3201 2288 3252 λαμὸάνειν

1264 3327 1709 3372 1·raes.'l'ouiilnujusKlY.
