2516 3791
167 763 308 793 Patientia

120 802 221 832 Issaei.

110 2389 189 2416 Deus
205 2391 295 2427 exigit

110 2437 142 2457 ut
192 2438 294 2467 gratias

107 2482 232 2507 agamus.

333 171 424 217 588
735 192 772 222 s.

329 271 374 308 sti
393 272 632 324 prudentiam.
646 276 725 312 Non
737 277 880 314 omnino
892 286 1050 328 puteum,
1065 286 1104 314 ut
1118 276 1276 326 videtur,

329 331 565 381 abstulerunt,
578 334 640 372 sed
653 336 909 374 contendebant
928 353 935 372 :
959 346 992 374 et
1008 337 1082 374 visa
1096 337 1281 375 manifesta

810 194 991 224 ιΙΟΑΝΝΙΞ
1028 195 1270 224 Cimvsos'r.
1310 192 1513 226 AnCmEP.
1552 197 1912 230 CONSTANTINOP.

1353 277 1390 316 δὲ
1417 278 1476 316 καὶ
1505 279 1585 331 περὶ
1609 279 1762 328 ἐκείνου,
1781 281 1841 319 καὶ
1863 282 2085 334 ἐπωνόμασεν
2112 287 2212 332 αὐτὸ,
2241 287 2374 339 ἐγθρία,

1354 338 1488 377 Σκόπει
1507 340 1612 379 πάλιν
1637 345 1697 378 τοῦ
1726 342 1859 381 δικαίου
1887 343 1950 391 τὴν
1970 343 2120 384 σύνεσιν.
2143 349 2316 386 Ἐνταῦθα
2336 351 2373 386 οὐ

328 391 960 448 injustitia,discesserunt.Propterea
975 396 1186 434 Inimicitias
1198 411 1278 435 eum
1306 407 1326 436 E
1354 399 1481 452 πάντῃ,
1501 402 1548 443 ὡς
1574 401 1677 449 ἔοικε,
1705 402 1744 440 τὸ
1767 403 1876 456 φρέαρ
1904 404 2102 456 ἀφείλοντο,
2127 408 2217 445 ἀλλὰ
2247 410 2373 459 διαμα-

328 455 541 505 appellavit,
565 455 662 505 quod
693 456 962 493 inimicitiarum
983 456 1104 494 fuisset
1130 457 1278 495 occasio.

328 515 502 552 Caeterum
525 515 684 565 quotidie
702 515 960 568 propemodum
986 517 1068 554 talia
1102 518 1214 555 ferens
1233 519 1279 556 ab

326 574 369 611 iis
384 575 445 624 qui
468 575 647 626 regionem
667 576 880 623 incolebant,
899 590 968 614 non
983 578 1159 628 gravatim
1178 579 1276 629 tulit,

325 649 392 671 non
417 636 552 687 abjecto
583 636 651 673 fuit
683 636 814 684 animo,
846 651 915 674 non
947 638 1118 689 cogitavit
1146 653 1277 689 secum,

327 709 438 746 neque
458 695 552 733 dixit
572 712 578 731 :
600 695 691 733 Ecce
713 710 755 733 ne
773 706 960 748 puteorum
977 698 1121 749 quidem
1146 709 1184 738 ut
1211 701 1278 738 sim

324 756 490 793 dominus
507 785 517 804 ,
545 756 634 793 mihi
655 756 785 794 datur:
807 771 850 794 an
868 772 936 795 non
957 772 1109 810 superno
1140 760 1278 798 auxilio

324 816 515 854 destitutus
548 817 657 854 sum?
681 831 725 854 an
758 832 825 855 non
841 819 1017 857 Dominus
1041 820 1178 872 abjecta
1194 835 1278 859 cura

323 877 390 915 mei
415 877 547 916 oblitus
578 879 652 916 cst?
674 878 775 916 Nihil
807 879 978 931 ejusmodi
1011 881 1068 918 vel
1093 880 1189 919 dixit
1219 882 1277 921 vel

321 938 494 990 cogitavit
511 955 518 975 ε
539 939 602 976 sed
621 940 738 977 omnia
755 955 883 992 magna
903 956 986 979 cum
1005 943 1277 982 mansuetudine

1352 461 1562 511 χεσάμενοι,
1586 461 1646 499 καὶ
1662 462 1746 513 πρὸς
1761 464 1801 502 τὸ
1818 464 1991 516 προφανὲς
2004 470 2066 512 τῆς
2081 468 2216 511 ἀδικίας
2229 471 2376 520 ὁρῶντες

1352 521 1567 569 ἀπέστησαν.
1596 521 1664 560 Διὰ
1683 527 1784 561 τοῦτο
1810 524 1949 576 ἐχθρίαν
1970 526 2054 563 αὐτὸ
2082 531 2373 580 προσηγόρευσεν,

1351 581 1472 629 ἐπειδὴ
1493 583 1617 635 ἔχθρας
1643 583 1801 626 ὑπόθεσις
1821 584 1987 631 κατέστη.
2018 587 2088 624 Καὶ
2106 588 2184 625 καθ’
2204 589 2373 633 ἑκάστην,

1350 643 1396 684 ὡς
1417 644 1545 690 εἰπεῖν,
1565 643 1632 681 ὑπὸ
1649 646 1718 681 τῶν
1738 644 1918 695 ἐγχωρίων
1934 650 2076 684 τοιαῦτα
2096 648 2292 698 ἱπομένων,
2312 651 2374 687 οὐκ

1351 702 1596 755 ἐδυσχέρανεν,
1612 703 1689 742 οῦδὲ
1708 704 1922 756 μικρόψυχόν
1940 722 1974 743 τι
1989 707 2198 754 ἐπεδείξατο,
2212 710 2288 747 οὐδὲ
2304 711 2375 748 ἐνε-

1349 763 1451 809 νόησε
1465 765 1551 816 πρὸς
1565 765 1699 813 ἑαυτὸν,
1715 765 1792 804 οὐδὲ
1810 760 1919 813 εἶπεν,
1933 768 1985 805 ὅτι
2001 768 2077 806 οὐδὲ
2093 769 2198 822 μέχρι
2216 771 2374 823 φρεάτων

1349 826 1538 863 ἀπολαύειν
1550 826 1622 876 εἷμὶ
1632 826 1747 878 κύριος
1760 843 1767 850 ·
1785 822 1852 879 ἆρα
1865 828 1912 878 μὴ
1928 828 2057 880 ἔρημος
2070 829 2194 882 γέγονα
2213 836 2275 878 τῆς
2287 832 2373 869 ἅνω-

1349 887 1405 922 θεν
1426 889 1551 938 ῥοπῆς;
1571 882 1637 939 ἆρα
1659 887 1706 937 μὴ
1725 890 1787 933 τῆς
1804 888 1967 940 προνοίας
1986 889 2179 941 ἐστέρημαι
2197 896 2259 938 τῆς
2278 893 2372 944 παρὰ

1351 948 1411 983 τοῦ
1423 946 1621 995 Δεσπότου;
1634 947 1746 985 Οὐδὲν
1758 948 1888 985 τούτων
1904 950 1966 987 οὐκ
1980 950 2175 998 ἐνενόησεν,
2191 955 2253 990 οὐκ
2268 952 2374 1003 ἐλογί-

320 999 510 1049 tolcravit,
542 1010 575 1038 et
608 1000 742 1039 idcirco
762 1001 894 1054 dignus
925 1002 993 1040 fuit
1024 1003 1182 1053 habitus,
1213 1006 1274 1057 qui
1286 1035 1332 1061 509
1349 1020 1445 1054 σατο,
1464 1006 1554 1044 ἀλλὰ
1570 1010 1644 1057 μετ’
1662 1007 1848 1050 ἐπιεικείας
1863 1008 2002 1054 ἁπάσης
2017 1010 2157 1049 ἅπαντα
2172 1011 2285 1064 ἔφερε.
2305 1012 2372 1050 Διὰ

319 1060 485 1112 ampliori
508 1061 633 1100 divino
655 1063 790 1100 auxilio
821 1063 1064 1116 adjuvaretur.
1085 1067 1177 1103 Nam
1196 1066 1273 1105 haec
1296 1073 1322 1101 A
1347 1069 1448 1104 τοῦτο
1468 1067 1527 1105 καὶ
1546 1067 1704 1111 πλείονος
1726 1068 1885 1114 ἀπήλαυε
1904 1072 1966 1114 τῆς
1998 1070 2126 1108 ἄνωθεν
2156 1073 2371 1124 συμμαχίας.

316 1136 393 1172 quae
416 1133 623 1171 evenerunt,
645 1125 861 1174 exercitatio,
879 1134 918 1163 ut
936 1125 984 1164 ita
1003 1125 1135 1171 dicam,
1156 1127 1272 1166 virtu-

315 1183 360 1220 tis
374 1183 462 1235 justi
480 1184 586 1222 fuere.
605 1186 700 1223 Dicit
714 1186 808 1224 enim
825 1203 832 1222 :
851 1190 913 1225 Ἠ.
929 1189 1136 1240 Profectus
1148 1190 1272 1240 illinc,

316 1244 422 1294 fodit
431 1253 587 1295 puteum
609 1247 746 1294 alium,
770 1257 805 1285 et
823 1262 899 1285 non
919 1250 1198 1289 contenderunt
1210 1265 1272 1289 su-

316 1317 385 1354 per
400 1305 470 1341 illo
487 1321 497 1340 .·
520 1314 555 1343 et
572 1310 840 1358 agnominavit
855 1323 994 1347 nomen
1006 1312 1103 1362 ejus,
1119 1312 1272 1351 Latitu-

319 1365 462 1413 dinem,
483 1368 614 1406 dicens
629 1385 640 1404 .-
663 1370 764 1419 Quia
785 1384 886 1408 nunc
897 1371 1079 1409 dilatavit
1099 1387 1166 1412 nos
1185 1375 1269 1412 Do-

314 1429 453 1473 minus,
471 1437 508 1465 et
523 1442 692 1468 crescere
707 1433 883 1484 nos-fecit
900 1447 1012 1484 super
1028 1443 1184 1474 terram.

366 1490 402 1526 5.
439 1489 537 1529 Vide
565 1501 707 1541 gratum
738 1493 896 1531 animum
923 1495 1022 1547 justi.
1060 1497 1151 1535 Nam
1185 1512 1267 1536 cum

312 1548 448 1600 priores
461 1550 573 1588 fontes
596 1551 752 1604 diripere
766 1563 951 1605 tentarent,
970 1570 1039 1594 non
1057 1571 1150 1609 aegre
1167 1559 1265 1608 tulit,

312 1622 382 1645 non
400 1609 602 1648 obluctatus
622 1621 689 1649 est:
707 1613 767 1650 sed
784 1614 819 1651 in
839 1616 912 1653 sola
932 1625 1122 1668 puteorum
1141 1620 1264 1671 appel—

312 1669 441 1707 latione
460 1671 605 1708 malitiae
625 1672 767 1711 illorum
789 1674 1015 1714 indelebilem
1030 1678 1178 1729 reliquit
1192 1693 1266 1718 me-

310 1729 473 1768 moriam.
494 1730 561 1769 Hic
581 1746 664 1770 vero
682 1734 763 1784 quia
783 1735 879 1773 nulla
900 1736 1042 1776 fuerunt
1063 1739 1261 1791 obstacula,

310 1789 370 1826 sed
389 1805 469 1828 cum
485 1794 580 1829 omni
600 1793 763 1832 libertate
774 1795 957 1836 laboribus
972 1799 1046 1837 suis
1059 1800 1130 1838 frui
1150 1801 1263 1850 licuit,

309 1859 423 1888 totum
452 1852 578 1890 tribuit
594 1855 681 1892 Deo.
704 1858 862 1895 Vocavit
892 1858 1004 1909 enim,
1031 1861 1160 1912 inquit,
1187 1878 1261 1915 pu-

310 1919 412 1949 teum
432 1914 559 1961 illum,
579 1917 843 1956 Latitudinem
867 1935 874 1955 :
895 1929 928 1958 et
945 1920 1074 1960 deinde
1090 1923 1263 1977 interpre-

307 1980 401 2010 tatus
416 1975 647 2025 vocabulum,
658 1977 746 2015 dicit
765 1995 772 2014 :
791 1980 940 2032 Propter
954 1982 1021 2020 hoc
1037 1984 1262 2025 latitudinem

307 2045 407 2081 voco,
432 2035 533 2084 Quia
566 2037 747 2075 dilatavit
776 2041 966 2081 Dominus
994 2053 1031 2081 et
1062 2049 1173 2084 auxit
1194 2062 1262 2086 nos

307 2106 420 2144 super
435 2103 589 2134 terram.
614 2097 748 2137 Vidisti
778 2101 873 2152 piam
896 2113 1062 2155 mentem,
1083 2109 1261 2158 quomodo

307 2167 377 2191 non
396 2155 486 2193 facta
514 2158 689 2196 mentione
707 2168 883 2200 tantarum
910 2163 1164 2206 difficultatum
1181 2184 1260 2220 quae

309 2215 534 2266 obstiterant,
569 2218 744 2258 honorum
773 2232 910 2262 tantum
935 2227 1108 2276 meminit,
1128 2239 1161 2267 et
1195 2245 1260 2283 pro

309 2274 382 2313 illis
403 2277 534 2327 gratias
553 2280 628 2316 Deo
655 2281 740 2332 agit,
769 2292 800 2320 et
819 2283 906 2322 dicit
924 2302 931 2321 :
956 2288 1056 2337 Quia
1076 2290 1258 2330 dilatavit

309 2337 502 2377 Dominus
526 2354 607 2386 nos,
640 2351 677 2378 et
696 2347 806 2381 auxit
835 2360 902 2384 nos
935 2361 1048 2400 super
1081 2359 1222 2389 terram
1242 2357 1258 2390 ‚³

308 2398 409 2435 Nihil
428 2400 521 2437 enim
547 2410 620 2439 tam
639 2413 823 2455 acceptum
842 2408 928 2456 Deo,
959 2418 996 2446 ut
1016 2410 1132 2449 anima
1157 2423 1257 2464 grata

306 2468 338 2496 et
360 2460 491 2511 gratias
509 2476 627 2513 agens.
646 2465 736 2502 Nam
766 2481 845 2504 eum
866 2469 1061 2509 innumeris
1076 2472 1258 2513 beneficiis

305 2520 462 2571 quotidie
491 2536 610 2561 omnes
642 2539 705 2562 nos
728 2539 973 2579 prosequatur,
1002 2532 1077 2570 sive
1107 2534 1256 2573 velimus

303 2581 376 2619 sive
397 2583 562 2633 nolimus,
578 2585 654 2624 sive
682 2601 720 2624 ea
748 2589 900 2628 sciamus
929 2591 1004 2630 sive
1037 2593 1254 2645 ignoremus,

303 2643 391 2680 nihil
426 2653 540 2683 tamen
573 2647 671 2685 aliud
699 2663 718 2686 a
748 2651 850 2689 nobis
869 2653 993 2704 exigit,
1008 2669 1115 2705 quam
1134 2667 1173 2695 ut
1191 2658 1254 2696 ha—

302 2703 446 2742 beamus
463 2707 615 2755 gratiam
633 2723 697 2761 pro
714 2711 756 2747 iis
775 2726 853 2761 quae
866 2713 968 2751 nobis
983 2728 1143 2755 concessa
1158 2728 1251 2768 sunt,

303 2774 341 2801 ut
363 2780 426 2817 pro
448 2766 507 2803 illa
524 2768 599 2819 ipsa
620 2771 816 2819 gratiarum
835 2774 970 2813 actione
1000 2777 1046 2814 ad
1077 2779 1251 2831 ampliora

302 2825 419 2863 danda
439 2839 664 2878 provocetur,
686 2833 761 2870 Hoc
781 2843 818 2871 ut
845 2835 948 2883 scias,
968 2837 1053 2875 vide
1073 2841 1252 2890 quomodo

299 2887 417 2938 justus
439 2887 498 2924 ille
513 2890 602 2939 grati
631 2891 825 2932 admodum
857 2897 966 2935 animi
999 2913 1103 2938 causa
1135 2901 1251 2939 denuo

302 2962 493 2999 supernum
515 2953 681 2990 meruerit
706 2955 836 2994 visum.
856 2959 947 2997 Nam
979 2962 1147 3011 quoniam
1172 2978 1251 3002 con-

303 3008 454 3059 dignum
489 3024 559 3048 sure
595 3014 737 3052 xirtutis
757 3019 933 3069 specimen
964 3022 1186 3071 exhibuerat,
1218 3034 1250 3062 et

301 3070 397 3121 apud
419 3071 626 3119 Gerarcnos‚
647 3085 775 3114 etcum
799 3094 858 3116 rex
879 3095 959 3119 eum
992 3084 1196 3135 expelleret,
1216 3096 1249 3124 ct

301 3143 381 3167 cum
403 3141 556 3183 pastores
572 3144 693 3185 puteos
712 3139 888 3177 auferrent
906 3157 913 3177 :
935 3143 1109 3195 benignus
1126 3147 1249 3185 Domi-

300 3205 366 3229 nus
386 3192 495 3230 veluti
516 3196 788 3237 confirmaturus
814 3203 889 3253 ejus
919 3205 1148 3255 alacritatem,
1173 3209 1248 3261 jam

300 3252 346 3289 ob
376 3252 548 3305 insignem
574 3256 671 3295 illam
700 3264 1005 3304 mansuetudinem
1034 3281 1114 3306 eum
1151 3283 1247 3308 acce-

1348 1128 1381 1164 T
1384 1132 1471 1166 αῧτα
1501 1127 1580 1180 γὰρ,
1600 1132 1646 1172 ὡς
1665 1131 1792 1176 εἰπεῖν,
1811 1128 1855 1166 τὰ
1874 1129 2110 1179 συμὸαίνοντα
2128 1133 2304 1183 γυμνασία
2322 1150 2373 1177 τις

1348 1182 1391 1235 ἦν
1405 1191 1468 1235 τῆς
1483 1193 1542 1227 τοῦ
1558 1190 1691 1228 δικαίου
1715 1192 1852 1242 ἀρετῆς.
1877 1189 2028 1242 ’Λπάρας
2046 1193 2126 1244 γὰρ,
2146 1194 2265 1245 φησὶν,
2282 1196 2372 1232 ἐκεῖ-

1344 1252 1411 1297 Οεν,
1426 1249 1535 1302 ὤρυξε
1553 1250 1662 1303 φρέαρ
1678 1251 1807 1304 ἕτερον,
1822 1251 1880 1288 καὶ
1893 1253 1954 1288 οὐκ
1973 1252 2192 1304 ἐμαχέσαντο
2211 1256 2291 1307 περὶ
2306 1257 2371 1292 αὐ-

1341 1314 1401 1348 τοῦ
1419 1327 1426 1334 ·
1447 1311 1505 1349 καὶ
1525 1312 1729 1363 ἐπωνόμασε
1749 1313 1789 1351 τὸ
1808 1312 1916 1362 ὄνομα
1937 1315 2058 1361 αὐτοῦ,
2080 1316 2290 1368 εὐρυχωρία,
2309 1316 2368 1354 λέ·

1340 1387 1433 1422 γων,
1464 1372 1552 1410 διότι
1580 1378 1638 1411 νῦν
1668 1374 1837 1411 ἐπλάτυνε
1867 1373 1994 1425 Κύριος
2019 1376 2199 1425 ἡμῖν,καὶ
2217 1377 2368 1424 ηὔξησεν

1342 1436 1435 1483 ἡμᾶς
1452 1433 1509 1471 ἐπὶ
1528 1437 1588 1481 τῆς
1605 1437 1681 1485 γῆς.

1392 1501 1485 1554 (Ὀρα
1502 1502 1768 1554 εὐγνωμοσύνην
1797 1507 1857 1541 τοῦ
1895 1503 2043 1543 δικαίου.
2069 1503 2196 1543 εΗνίκοι
2227 1506 2289 1556 μὲν
2323 1506 2366 1544 τὰ

1338 1563 1494 1616 πρότερα
1511 1564 1644 1616 φρέατα
1660 1566 1786 1602 ἐκεῖνοι
1802 1565 2102 1617 παρασπάσασθαι
2117 1567 2364 1618 ἐπεχείρησαν,

1338 1627 1399 1663 οὐκ
1415 1625 1655 1677 ἐδυσχέρανεν,
1670 1628 1732 1664 οὐκ
1753 1626 1958 1673 ἀντέτεινεν,
1976 1627 2066 1664 ἀλλὰ
2082 1627 2184 1677 μόνον
2201 1632 2242 1679 τῇ
2260 1644 2365 1680 προσ·

1338 1686 1465 1738 ηγορίᾳ
1493 1690 1564 1724 τῶν
1585 1686 1742 1738 φρεάτων
1772 1686 2017 1730 ἀνεξάλειπτον
2039 1687 2102 1733 τὴν
2132 1688 2273 1737 μνήμην
2302 1692 2364 1735 τ’ἧς

1337 1746 1476 1784 ἐκείνων
1497 1746 1623 1789 κακίας
1641 1747 1849 1784 ἐναπετίθει.
1863 1746 2038 1785 Ἐνταῦθα
2054 1748 2089 1785 δὲ
2108 1748 2227 1795 πάλιν,
2242 1749 2362 1797 ἐπειδὴ

1288 1819 1310 1848 Β
1340 1807 1453 1850 οὐδεὶς
1473 1806 1634 1858 ἐμποδὼν
1661 1807 1825 1858 γέγονεν,
1861 1807 1951 1844 ἀλλὰ
1986 1807 2075 1858 μετὰ
2104 1807 2221 1852 ἀδείας
2249 1810 2366 1857 πάσης

1335 1871 1404 1905 τῶν
1430 1869 1566 1907 οἰκείων
1581 1869 1694 1907 πόνων
1722 1869 1903 1915 ἀπήλαυε,
1932 1868 1971 1906 τὸ
1999 1876 2069 1906 πᾶν
2095 1870 2279 1918 ἀνατίθησι
2312 1874 2363 1923 τῷ

1335 1930 1430 1982 Θεῷ.
1461 1930 1636 1969 Ἐκάλεσε
1655 1930 1723 1982 γὰρ
1747 1930 1851 1978 αὐτὸ,
1880 1930 2106 1983 εὐρυχωρίαν.
2136 1926 2225 1969 Εἶτα
2254 1935 2362 1984 ἑρμη-

1335 1989 1426 2028 νεύει
1453 1991 1562 2038 αὐτὴν
1578 1993 1641 2038 τὴν
1659 1991 1896 2043 προσηγορίαν
1909 2007 1916 2014 ·
1937 1991 1993 2029 διὰ
2019 1995 2139 2039 τοῦτο,
2160 1991 2286 2044 φησὶν,
2302 1995 2360 2030 εὐ-

1339 2053 1527 2104 ρυχωρίαν,
1547 2057 1650 2090 τοῦτο
1669 2054 1766 2091 καλῶ
1778 2082 1787 2099 ,
1818 2052 1904 2091 (Ότι
1925 2052 2097 2114 ἐπλάτυνε
2115 2052 2243 2104 Κύριος
2261 2057 2360 2104 ἡμῖν,

1333 2112 1392 2149 καὶ
1410 2112 1557 2159 ηὔξησεν
1574 2117 1668 2163 ἡμᾶς
1679 2113 1737 2151 ἐπὶ
1753 2115 1814 2159 τ’ἧς
1829 2116 1905 2164 γῆς.
1919 2114 2019 2155 Εἶδες
2030 2112 2174 2164 γνώμην
2188 2113 2358 2165 φιλόθεον,

1332 2176 1405 2216 πῶς
1425 2176 1493 2210 τῶν
1513 2175 1547 2211 ἐν
1569 2175 1665 2226 μέσῳ
1685 2176 1862 2226 δυσχερῶν
1891 2173 2056 2224 οὐδεμίαν
2085 2174 2228 2224 μνήμην
2255 2191 2359 2223 ποιη-

1331 2234 1492 2284 σάμενος,
1512 2237 1580 2272 τῶν
1599 2237 1765 2287 χρηστῶν
1787 2235 1888 2285 μόνον
1909 2234 2142 2285 μεμνημένος,
2159 2235 2245 2287 ὑπὲρ
2264 2237 2357 2274 ἐκεί-

1331 2311 1388 2333 νου
1405 2295 1466 2342 τὴν
1488 2296 1712 2348 εὐχαριστίαν
1732 2296 1909 2348 ἀναφέρει,
1930 2295 1990 2333 καί
2010 2311 2127 2348 φησιν,
2145 2295 2232 2335 (Ότι
2250 2298 2356 2335 ἐπλά-

1330 2373 1408 2395 τυνε
1439 2356 1566 2409 Κύριος
1593 2362 1697 2408 ἡμῖν,
1724 2358 1783 2396 καὶ
1814 2357 1964 2405 ηὔξησεν
1990 2361 2085 2407 ἡμᾶς
2104 2358 2162 2394 ἐπὶ
2190 2360 2251 2403 τῆς
2271 2362 2354 2409 γῆς;

1330 2418 1442 2457 Οὐδὲν
1458 2418 1524 2470 γὰρ
1541 2419 1648 2463 οὕτως
1663 2424 1680 2458 ὁ
1695 2419 1785 2463 Θεὸς
1800 2419 2023 2470 ἀποδέχεται,
2038 2421 2085 2460 ὡς
2096 2418 2213 2470 ψυχὴν
2228 2419 2353 2470 εὐγνώ-

1331 2494 1417 2529 μονα
1434 2479 1493 2517 καὶ
1509 2480 1714 2532 εὐχάριστον
1727 2498 1733 2505 ·
1748 2480 1806 2518 καὶ
1825 2479 1931 2533 μυρία
1952 2479 2030 2517 καθ’
2046 2479 2198 2525 ἑκάστην
2219 2479 2353 2532 ἡμέραν

1279 2557 1302 2587 C
1329 2541 1485 2583 ἅπαντας
1511 2544 1606 2590 ἡμᾶς
1636 2544 1824 2593 εὐεργετῶν
1856 2541 1915 2579 καὶ
1944 2540 2084 2582 ἑκόντας
2106 2540 2165 2577 καὶ
2193 2540 2352 2588 ἄκοντας,

1327 2602 1385 2639 καὶ
1405 2601 1537 2645 εἰδότας
1567 2602 1626 2640 καὶ
1646 2605 1871 2654 ἀγνοοῦντας,
1893 2602 1988 2640 οὐδὲν
2010 2601 2126 2651 ἕτερον
2147 2601 2232 2652 παρ’
2249 2604 2351 2652 ἡμῶν

1325 2664 1502 2709 ἐπιζητεῖ,
1529 2662 1550 2708 ἢ
1582 2663 1621 2701 τὸ
1639 2663 1787 2716 χάριτας
1815 2664 1942 2701 εἰδέναι
1973 2664 2067 2713 αὐτῷ
2086 2661 2174 2712 ὑπὲρ
2201 2664 2271 2699 τῶν
2303 2665 2351 2706 εἷς

1323 2727 1416 2773 ἡμᾶς
1433 2724 1694 2774 γεγενημένων,
1714 2724 1768 2762 ἵνα
1786 2725 1845 2762 καὶ
1865 2724 1952 2775 ὑπὲρ
1972 2722 2094 2761 τούτου
2119 2725 2224 2761 αὐτοῦ
2243 2723 2348 2761 πάλιν

1326 2785 1468 2822 πλείονα
1488 2785 1551 2831 τὴν
1571 2785 1721 2835 ἀμοιὲὴν
1742 2789 1826 2836 ἡμῖν
1847 2785 2028 2836 παράσχῃ.
2053 2783 2122 2821 Καὶ
2144 2782 2201 2821 ἵνα
2223 2784 2348 2835 μάθῃς,

1323 2845 1386 2897 ὅρα
1406 2847 1462 2884 τὸν
1484 2846 1614 2884 δίκαιον
1634 2851 1754 2884 τοῦτον
1775 2847 1832 2884 διὰ
1851 2846 1914 2893 τὴν
1934 2846 2067 2892 πολλὴν
2088 2847 2191 2882 αὐτοῦ
2214 2847 2346 2896 εὐγνω-

1325 2905 1477 2956 μοσύνην
1505 2908 1610 2946 πάλιν
1644 2911 1705 2954 τῆς
1737 2908 1868 2946 ἄνωθεν
1900 2906 2101 2959 ἐπιφανείας
2133 2904 2345 2955 ἀξιούμενον.

1323 2968 1470 3014 Ἐπειδὴ
1497 2969 1562 3019 γὰρ
1592 2970 1764 3020 ἀρκοῦσαν
1797 2969 1945 3020 βάσανον
1971 2972 2032 3015 τῆς
2056 2967 2185 3010 οἰκείας
2215 2969 2343 3017 ἁρετῆπ

1321 3029 1519 3073 ἐπεδείξατο
1544 3030 1602 3068 ἐπί
1621 3047 1658 3068 τε
1679 3033 1748 3068 τῶν
1766 3033 1801 3068 ἐν
1822 3031 2004 3082 Γεράροις,
2026 3028 2084 3066 ἐπί
2100 3044 2137 3065 τε
2157 3031 2217 3065 τοῧ
2240 3030 2328 3078 βασ-

1321 3089 1407 3133 λέως
1428 3090 1676 3141 ἀπωθουμένου
1696 3091 1881 3138 αὐτὸν,ἐπί
1901 3106 1937 3127 τε
1955 3093 2023 3127 τῶν
2042 3088 2217 3138 ποιμένων
2231 3095 2328 3153 προίξ

1321 3151 1416 3188 σπών
1424 3167 1488 3188 των
1499 3152 1539 3189 τὰ
1553 3152 1696 3203 φρέατα,
1708 3152 1826 3203 ὥσπερ
1839 3154 2010 3202 νευρῶσαι
2022 3149 2228 3201 βουλόμενος
2242 3156 2323 3210 (ζ’ῐῡυ

1272 3212 1296 3240 D
1320 3210 1383 3257 τὴν
1402 3212 1596 3263 προθυμίαν
1612 3216 1629 3250 ὃ
1646 3214 1884 3264 φιλάνθρωπος
1906 3211 2099 3257 Δεσπότης,
2116 3210 2175 3248 καὶ
2191 3214 2232 3271 τίς
2244 3212 2324 3272 ‘'3:¹²'‘-

1319 3273 1447 3317 εικείας
1458 3274 1559 3312 αὐτὸν
1571 3275 1824 3326 ἀποδεχόμενος
1836 3277 1897 3319 τῆς
1913 3274 2055 3318 πολλῆς,
2065 3269 2183 3309 ἐπιδ-λ
2201 3262 2316 3310 Ᾱνῑὸη

343 3386 355 3400 ²
375 3377 478 3409 Savil.
507 3387 539 3410 ct
559 3388 622 3413 tres
641 3383 713 3415 Mss.
734 3390 820 3423 ἀνέθη
839 3394 948 3423 ἀνωθεν
971 3396 1028 3425 e'm'.
1047 3392 1162 3425 Mor-el.
1197 3402 1227 3427 et
1257 3395 1308 3428 alii
1325 3400 1410 3434 ἀνέξῃ
1432 3402 1536 3431 ἐκεῖθεν
1554 3402 1618 3438 ἐπ”,
1637 3405 1734 3441 atquc
1753 3397 1798 3429 ita
1819 3395 1894 3439 legit
1915 3402 2005 3427 vetus
2023 3394 2171 3434 Iiltcr1v⁵‘
