2516 3791
866 148 908 178 iu
947 146 1141 178 Gssntzsm
1178 145 1325 175 senno
1365 145 1432 173 ιιι.
2086 129 2165 190 7⁴3¹

122 237 211 286 αὐτὰ
235 239 334 288 ἡμῶν
367 235 486 287 ἄρχει,
514 232 573 272 καὶ
613 231 745 278 πολλὴν
770 234 855 282 ἡμῖν
877 230 1046 282 ἐμῧοὶλλει
1088 229 1150 275 τὴν

122 297 284 350 ἀγωνίαν.
312 296 477 336 Μάλιστα
507 293 569 345 μὲν
602 287 660 331 οὖν
683 294 783 330 τοῦτο
802 292 865 331 οὐκ
885 290 1031 338 ἀληθές·
1053 292 1151 342 ἀρκεῖ

121 359 188 412 γὰρ
219 358 278 397 καὶ
309 358 385 411 ὄψις
415 354 614 410 ἀνθρωπίνη
638 359 783 406 φανεῖσα
813 351 970 391 ἐκποδὼν
1003 354 1149 396 ποιῆσαι

1222 228 1420 274 minamur;
1442 227 1527 280 ipsa·
1550 226 1650 265 nobis
1676 227 1794 279 potius
1823 226 2052 264 dominantur
2083 229 2174 265 uiul-
2211 243 2375 278 mpumn«.

1219 298 1367 340 tumque
1395 297 1528 326 metum
1549 287 1727 340 injiciunt.
1750 287 1841 325 Sane
1860 287 2005 339 quidem
2028 287 2094 324 lioc
2114 303 2174 326 rc-
2190 281 2379 350 ¹¹·''f1hffil'2'lss

1220 366 1299 388 runi
1325 365 1394 389 non
1423 359 1475 388 est
1494 366 1501 386 ε
1521 348 1654 387 sufficit
1675 347 1769 387 enim
1788 348 1834 386 ad
1864 348 2013 386 bestiam
2031 348 2175 400 abigcn-
2194 364 2280 390 nom.
2297 374 2326 394 u.
2349 375 2376 400 p.

122 419 239 472 θηρίον
252 435 259 443 ·
278 422 437 461 τοσοῦτος
459 420 574 461 αὐτοῖς
598 418 672 455 ἐστι
684 417 768 468 παρ’
785 418 870 466 ἡμῖν
884 417 902 452 6
921 412 1037 466 φόὸος.
1055 413 1097 450 1·ἶῖ
1114 411 1150 449 δέ

121 497 188 519 που
216 481 300 533 πρὸς
323 480 457 531 ἄμυναν
487 477 688 531 ὁρμήσειεν,
703 476 726 523 ἢ
745 478 850 527 λιμοῦ
866 473 1149 525 καταναγκάζον-

122 558 177 587 τος
192 572 201 589 ,
227 541 250 588 ἢ
278 544 379 593 ἡμῶν
405 541 520 578 αὐτῶν
546 537 853 591 στενοχιιῳούντων
883 534 1072 582 πολλάκις,
1092 533 1151 572 καὶ

121 602 207 656 πρὸς
225 602 379 654 ἀνάγκην
395 599 690 651 ι’ἔκὸὀιλλομένων
708 597 795 637 αὐτὰ
807 626 816 644 ,
836 601 938 637 τοῦτο
951 591 1008 635 οὖν
1029 598 1092 635 οὐκ
1111 595 1150 632 ἂν

124 664 176 711 εἴη
197 666 309 716 ἀρχῆς
328 663 606 716 ἀπηρτισμένης.
631 660 722 699 Οὐδὲ
743 659 832 712 γὰρ,
849 659 880 697 εἴ
897 674 949 702 τις
966 660 1068 708 ἡμῶν
1087 659 1142 709 λῃ-

122 725 206 779 στὰς
227 724 386 769 ἐπιόντας
417 727 506 779 ὁρῶν
530 723 726 769 ὁπλίζοιτο,
753 721 814 760 καὶ
832 720 918 774 πρὸς
935 719 998 767 τὴν
1019 718 1153 769 ἄμυναν
1176 725 1198 755 Ε

123 787 274 840 χωροίη,
296 789 406 839 ἀρχῆς
433 785 473 824 τὸ
499 783 646 838 πρᾶγμά
676 786 789 831 ἐστιν,
815 782 905 821 ἀλλὰ
930 783 993 828 τῆς
1025 781 1154 825 οἰκείας

125 847 298 902 σωτηρίας
315 847 428 894 πολλὴ
448 845 594 900 πρόνοια
607 861 614 868 ·
628 844 720 892 πλὴν
737 845 800 882 οὐκ
820 846 970 883 ἐντεῦθεν
987 847 1156 894 ποιοῦμαι

124 909 185 957 τὴν
207 908 412 961 ἀπολογίαν,
433 909 509 946 ἀλλ’
531 906 717 960 ἑτέρωθεν,
746 905 821 945 ὅθεν
843 905 903 944 καὶ
923 907 1005 956 ὑμῖν
1027 904 1154 958 χρήσι-

125 986 188 1022 μον
210 971 366 1009 ἀκοῦσαι.
393 968 606 1020 Φοὸούμεθα
640 968 683 1007 τὰ
717 967 822 1020 θηρία
844 967 903 1005 καὶ
931 966 1152 1017 δεδοίκαμεν,

123 1030 183 1069 καὶ
200 1034 261 1078 τ’ἧς
276 1032 387 1085 ἀρχῆς
403 1029 678 1081 ἐκπεπτώκαμεν
690 1045 697 1053 ·
712 1031 773 1068 οὐκ
790 1028 958 1081 ἀντιλέγω
969 1044 976 1051 ·
993 1028 1084 1081 φημὶ
1097 1027 1159 1066 καὶ

128 1092 227 1136 αὐτός
239 1108 246 1115 ·
265 1094 342 1132 ἀλλ’
360 1093 398 1131 οὐ
418 1097 517 1131 τοῦτο
543 1092 652 1143 ψευδῆ
680 1091 736 1130 τὸν
757 1093 815 1128 τοῦ
841 1091 934 1130 Θεοῦ
961 1088 1066 1140 νόμον
1086 1087 1158 1127 δεί-

127 1169 236 1193 κνυσι.
258 1153 366 1206 Παρὰ
381 1153 448 1206 γὰρ
463 1153 526 1199 τὴν
543 1152 655 1206 ἀρχὴν
678 1154 744 1205 οὐχ
772 1150 863 1190 οὕτω
890 1151 935 1189 τὰ
964 1150 1158 1204 πράγματα

128 1216 294 1261 διέκειτο,
314 1217 390 1254 ἀλλ’
419 1215 583 1254 ἐδεδοίκει
605 1215 664 1252 καὶ
685 1214 829 1268 ἔτρεμε,
861 1213 920 1252 καὶ
947 1213 1157 1261 ὑπέκυπτεν,

130 1281 176 1322 ὡς
195 1277 365 1328 δεσπότῃ,
385 1279 435 1329 τῷ
464 1275 637 1330 ἀνθρώπῳ
650 1307 659 1323 ,
682 1274 802 1322 ἐπειδὴ
827 1275 862 1314 δὲ
880 1278 943 1321 τῆς
963 1274 1160 1328 παῤῥηοίας

127 1339 333 1389 ἐξεπέσομεν
350 1338 482 1385 καὶτῆς
502 1341 624 1389 τιμῆς,
644 1336 702 1376 διὰ
720 1341 821 1375 τοῦτο
837 1336 1040 1388 δεδοίκαμεν
1058 1336 1160 1375 αὐτοί.

1169 1371 1217 1396 657

1218 411 1362 457 (iamsi
1393 411 1499 449 facies
1531 411 1684 449 humana
1719 420 1921 462 compar-vat
1954 426 1960 445 :
1992 419 2109 447 tantus
2144 407 2242 447 in‘'7·

1218 487 1275 510 eas
1306 488 1326 510 a
1361 473 1462 510 nobis·
1496 472 1601 510 timor
1635 472 1809 510 dimanut.
1847 471 1952 516 Quod
1983 471 2096 508 sic-ubi
2133 471 2178 508 ud

1220 547 1258 571 se
1278 533 1496 571 ulciscendas
1529 533 1697 585 impetum
1731 533 1882 582 suriant,
1909 532 1985 570 sive
2013 534 2104 570 tinne
2124 548 2182 570 co-

1221 601 1335 642 gente,
1356 591 1431 630 sive
1459 591 1558 643 quod
1579 607 1640 629 nos
1662 592 1726 644 ipsi
1752 607 1809 629 cas
1831 592 1863 629 in
1889 591 2070 643 augustias
2090 591 2182 629 redi-

1222 667 1363 705 gamus,
1378 653 1497 705 eisque
1514 653 1590 691 vim
1604 653 1809 698 inseramus,
1827 653 1894 690 hoc
1909 667 1961 689 vr·
1973 670 1993 689 o
2010 653 2183 704 pei-sectus

1223 729 1292 753 non
1311 724 1364 753 cst
1381 714 1600 753 dominatus.
1624 715 1745 766 Neque
1764 714 1857 752 enini
1879 714 1906 751 si
1927 714 2004 764 quis
2025 723 2183 752 nostrum

1222 776 1309 816 visis
1340 776 1539 816 latronibus
1570 776 1740 828 impetum
1768 776 1979 813 sarientibus
2006 785 2183 818 armetur,

1223 845 1255 874 et
1275 835 1320 875 ad
1351 851 1386 874 se
1410 835 1656 875 ulciscendum
1684 849 1721 873 se
1749 844 1950 887 comparet,
1981 834 2186 872 dominatus

1223 897 1395 951 appellari
1428 913 1482 936 res
1513 898 1576 936 illa
1609 906 1742 950 potest,
1777 896 1838 935 sed
1875 896 2027 949 propria}
2060 895 2186 937 saluti>-

1223 957 1364 996 tuendae
1393 957 1599 996 sollicitudo
1629 973 1636 994 :
1663 966 1816 995 attamen
1849 970 1916 994 non
1953 955 2035 994 inde
2066 970 2186 1006 quaero

1223 1019 1479 1069 defensionem,
1499 1019 1562 1058 scd
1578 1018 1737 1069 aliunde,
1759 1033 1866 1071 quam
1886 1018 1989 1056 vohis
2006 1018 2093 1055 utile
2112 1018 2188 1055 fuc-

1225 1081 1271 1120 rit
1291 1081 1459 1120 audiisse.
1483 1081 1671 1120 Timemus
1691 1081 1823 1120 bestias
1841 1094 1882 1118 ae
1898 1079 2187 1124 reformidamus,

1226 1153 1330 1196 atque
1364 1144 1549 1183 dominatu
1586 1143 1788 1182 excidimus
1817 1159 1824 1179 :
1855 1156 1924 1180 non
1960 1155 2080 1192 neg03
2116 1142 2189 1178 imo

1227 1214 1352 1257 sponte
1371 1204 1562 1242 confiteor:
1582 1218 1650 1242 non
1679 1213 1793 1242 tamen
1822 1201 1861 1240 id
1887 1200 2092 1239 mendacem
2117 1216 2191 1239 csse

1229 1266 1295 1304 Dei
1314 1266 1427 1318 legem
1444 1264 1612 1303 ostendit.
1639 1265 1717 1303 Non
1741 1263 1836 1301 enim
1864 1262 1914 1301 ita
1938 1276 1975 1301 se
2002 1276 2058 1300 res
2080 1262 2190 1300 habe-

1228 1328 1315 1366 bant
1342 1341 1361 1365 a
1391 1326 1585 1379 principio,
1608 1325 1672 1364 sed
1698 1324 1902 1363 metuebant
1920 1333 1954 1362 et
1978 1324 2188 1370 tremebant,

130 1400 242 1439 Πόθεν
264 1403 366 1439 τοῦτο
392 1402 516 1447 δῆλον;
531 1398 688 1451 ’'H-fay&
712 1401 730 1436 ὁ
759 1398 849 1442 Θεὸς
877 1397 922 1436 τὰ
944 1397 1049 1451 θηρία
1076 1398 1162 1450 πρὸς
1183 1408 1208 1438 Α
1230 1402 1334 1440 seque
1362 1387 1501 1426 homini
1533 1396 1716 1439 tamquam
1734 1385 1883 1425 domino
1902 1385 2160 1424 submittebant
2180 1401 2187 1421 :

128 1461 187 1500 τὸν
210 1460 344 1512 Ἀδὰμ,
367 1462 449 1499 ἰδεῖν
466 1459 501 1498 τί
527 1458 668 1498 καλέσει
688 1458 777 1497 αὖτόί
793 1474 801 1482 ·
822 1459 882 1497 καὶ
899 1461 960 1498 οὐκ
980 1459 1162 1506 ἀπεπήδη-

130 1539 186 1563 σεν
203 1525 221 1561 ὁ
239 1522 361 1573 Ἀδὰμ,
381 1521 540 1575 καθάπερ
562 1519 741 1568 δεδοικὼς,
775 1522 851 1559 ἀλλ’
879 1519 999 1575 ὥσπερ
1029 1520 1163 1564 δούλοις

130 1583 420 1637 ὖποπτεταγμένοις
435 1583 479 1621 τὰ
492 1582 647 1634 ὀνόματα
665 1582 832 1630 ἐπέθηκεν
855 1582 976 1621 ἅπασι.
992 1583 1107 1621 Τοῦτο
1125 1582 1160 1620 δὲ

131 1645 333 1689 δεσποτείας
348 1644 537 1696 σύμὸολον.
556 1644 620 1682 Διὸ
637 1643 699 1682 καὶ
709 1645 728 1681 ὁ
742 1643 831 1687 Θεὸς
848 1643 1054 1695 βουλόμενος
1067 1645 1160 1697 αὐτῷ

131 1708 191 1746 καὶ
220 1707 276 1746 διὰ
295 1706 416 1745 τούτου
439 1705 548 1750 δεῖξαι
566 1706 607 1744 τὸ
632 1708 694 1751 τ’ἦς
718 1704 870 1749 ἐξουσίας
903 1704 1042 1756 ἀξίωμα
1057 1737 1066 1754 ,
1098 1706 1160 1754 τὴν

131 1776 200 1813 τῶν
219 1774 398 1826 ὀνομάτων
416 1775 510 1826 αὐτῷ
537 1771 630 1811 θέσιν
650 1771 838 1825 ἐπέτρεψε,
868 1772 928 1810 καὶ
946 1773 990 1811 τὰ
1019 1773 1163 1812 τεθέντα

132 1841 287 1893 ὀνόματα
307 1843 439 1892 ἔμεινεν
460 1840 495 1885 ἐξ
514 1840 646 1879 ἐκείνου
669 1843 716 1884 εἰς
736 1840 833 1879 αὐτά.
854 1841 932 1879 Πᾶν
950 1840 1018 1895 γὰρ
1037 1841 1055 1880 ὃ
1075 1841 1161 1880 ἐκοί-

132 1911 231 1949 λεσεν
246 1909 373 1961 Ἀδὰμ,
387 1913 488 1947 τοῦτο
501 1908 611 1959 ὄνομα
627 1910 762 1955 αὐτοῖς,
781 1907 900 1961 φησίν.
917 1907 984 1947 Ἓν
1006 1909 1046 1957 δὴ
1063 1915 1164 1949 τοῦτο

133 1981 278 2026 σημεῖον
306 1980 366 2015 τοῦ
390 1975 438 2027 μὴ
464 1975 595 2029 φοὸερὰ
614 1969 702 2014 εἶναι
723 1978 773 2028 τῷ
804 1975 977 2029 ἀνθρώπῳ
995 1976 1039 2015 τὰ
1059 1976 1164 2030 θηρία

133 2043 230 2097 παρὰ
254 2044 316 2090 τὴν
337 2043 451 2097 ἀρχήν
464 2059 472 2068 ·
495 2042 653 2095 δεύτερον
677 2042 713 2082 δὲ
739 2043 799 2082 καὶ
818 2047 878 2082 τοῦ
896 2043 1036 2096 πρώτου
1056 2043 1163 2096 σαφέ-

134 2114 303 2163 στερον,ἡ
325 2111 409 2164 πρὸς
429 2110 492 2158 τὴν
509 2115 658 2162 γυναῖκα
691 2114 751 2148 τοῦ
785 2110 893 2163 ὄφεως
922 2110 1083 2155 διάλεξις.
1119 2112 1163 2149 Εἰ

132 2175 200 2230 γὰρ
234 2171 275 2224 ἦν
307 2177 437 2231 φοὸερὰ
468 2176 512 2215 τὰ
548 2175 651 2228 θηρία
682 2181 753 2220 τοῖς
794 2176 1004 2229 ἀνθρώποις,
1027 2179 1089 2215 οὐκ
1122 2177 1162 2215 ἂν

133 2245 252 2284 ἰδοῦσα
277 2245 334 2284 τὸν
354 2245 430 2298 ὅφιν
445 2244 578 2296 ἔμεινεν
594 2247 616 2291 ἡ
642 2243 748 2296 γυνὴ,
781 2245 858 2282 ἀλλ’
883 2244 1003 2297 ἔφυγεν
1024 2245 1084 2283 ἄν·
1103 2248 1164 2284 οὐκ

135 2310 175 2349 ἂν
193 2314 207 2331 “
220 2311 357 2356 ἐδέξατο
375 2310 575 2362 συμὸουλὴν
587 2339 598 2358 ,
625 2313 686 2350 οὐκ
713 2310 752 2349 ἂν
774 2311 863 2362 μετὰ
882 2311 1055 2360 τοσαύτης
1071 2314 1164 2366 αὐτῷ

136 2378 295 2430 διελέχθη
320 2381 381 2425 τῆς
415 2378 554 2427 ἀδείας,
582 2380 658 2417 ἀλλ’
689 2379 813 2424 εὐθέως
838 2379 879 2418 ἂν
898 2379 984 2433 πρὸς
1004 2379 1068 2428 τὴν
1087 2380 1164 2432 ὄψιν

135 2445 196 2483 καὶ
212 2444 384 2498 ἐξεπλάγη
403 2447 461 2485 καὶ
480 2446 684 2495 ἀπεπήδησε
697 2463 704 2470 ·
726 2447 800 2485 νυνὶ
816 2446 852 2486 δὲ
871 2447 1091 2500 διαλέγεται,
1105 2448 1166 2487 καὶ

136 2514 175 2551 οὗ
196 2512 352 2565 “oaesi-tat
363 2529 370 2535 ·
386 2513 520 2552 οὐδέπω
536 2513 604 2567 γὰρ
618 2509 660 2562 ἦν
675 2517 693 2553 6
707 2514 811 2567 φόὸος
821 2509 1026 2559 οῧτος.Ἀλλ’
1045 2516 1165 2564 ἐπειδὴ

136 2583 158 2626 ἡ
177 2580 332 2634 ἁμαρτία
351 2582 522 2628 εἰσῆλθεν,
543 2581 694 2635 ἀνῃρέθη
713 2582 774 2620 καὶ
791 2581 836 2620 τὰ
862 2586 925 2630 τῆς
949 2586 1074 2635 τιμῆς·
1105 2584 1166 2622 καὶ

137 2648 294 2701 καθάπερ
322 2649 379 2688 ἐπὶ
403 2652 472 2687 τῶν
492 2650 634 2688 οἰκετῶν
647 2680 657 2698 ,
677 2652 708 2688 οἱ
738 2649 799 2702 μὲν
820 2651 1079 2702 εὐδοκιμοῦντες
1107 2667 1166 2704 φο-

138 2714 232 2767 ὅεροὶ
245 2721 314 2758 τοῖς
336 2716 530 2760 συνδούλοις
545 2715 643 2765 εἰσὶν,
663 2719 694 2755 οἱ
716 2716 752 2755 δὲ
772 2717 1090 2771 προσκεκρουκότες
1106 2718 1165 2757 καὶ

138 2779 217 2824 τοὺς
231 2781 433 2832 ὁμοδούλους
461 2782 653 2822 δεδοίκασιν
667 2799 675 2807 ·
696 2782 785 2822 οὕτω
805 2784 865 2823 καὶ
884 2784 942 2823 ἐπὶ
956 2788 1016 2824 τοῦ
1034 2785 1166 2839 ἀνθρώ-

138 2863 204 2886 που
223 2848 372 2900 γέγονεν.
398 2849 493 2893 ’Ἐως
513 2849 575 2900 μὲν
594 2851 660 2902 γὰρ
683 2845 754 2904 εἶχε
773 2852 858 2905 πρὸς
873 2852 932 2891 τὸν
951 2852 1042 2892 Θεὸν
1066 2856 1164 2906 παῤ-

139 2914 276 2966 ῥησίαν,
307 2915 449 2969 φοὲερὸς
477 2922 546 2960 τοῖς
585 2917 715 2971 θηρίοις
746 2912 807 2966 ἧν·
841 2919 960 2967 ἐπειδὴ
987 2919 1022 2958 δὲ
1053 2936 1164 2975 προσ-

139 2983 302 3036 έκρουσε,
326 2985 385 3023 καὶ
417 2985 495 3028 τοὺς
520 2986 689 3038 ἐσχάτους
718 2991 786 3026 τῶν
815 2989 1010 3040 ὁμοδούλων
1031 2989 1162 3029 δέδοικε

138 3051 272 3090 λοιπόν.
299 3053 344 3091 Εἰ
374 3053 410 3091 δὲ
440 3052 489 3103 μὴ
519 3053 618 3093 τοῦτο’
636 3055 728 3102 ἐστι,
747 3054 788 3094 σύ
807 3071 866 3106 μοι
888 3056 996 3102 δεῖξαι
1015 3057 1083 3110 πρὸ
1102 3060 1164 3103 τῆς

141 3119 334 3173 ἁμαρτίας,
353 3120 407 3159 ὅτι
432 3120 562 3174 φοὸερὰ
596 3128 665 3166 τοῖς
695 3122 887 3176 ἀνθρώποις
906 3123 951 3162 τὰ
977 3124 1081 3177 θηρία
1098 3118 1139 3171 ἦν
1156 3140 1163 3147 ·

141 3186 217 3223 ἀλλ’
241 3188 302 3225 οὐκ
321 3187 360 3225 ἂν
376 3187 480 3240 ἔχοις.
507 3191 551 3228 Εἰ
584 3189 620 3229 δὲ
654 3190 742 3241 μετὰ
758 3195 869 3230 ταῦτα
886 3193 1040 3239 εἷο-’ἦλθεν
1059 3195 1077 3230 6
1099 3191 1164 3244 φό-

188 3311 204 3334 ¹0
229 3310 309 3354 Reg.
325 3316 558 3355 ἐκκαλουμένων.

363 3386 454 3411 ΤΟΜ.
481 3389 511 3411 Η
527 3405 533 3411 .

1230 1449 1401 1502 quoniam
1429 1459 1548 1488 autem
1576 1448 1710 1487 fiducia
1740 1457 1773 1486 et
1804 1447 1937 1485 honore
1968 1446 2189 1492 excidimus,

1230 1512 1365 1551 idcirco
1398 1512 1480 1550 illas
1508 1511 1686 1550 timemus.
1715 1509 1822 1549 Unde
1844 1523 1929 1549 vero
1962 1509 1998 1547 id
2024 1510 2191 1548 constat?

1230 1574 1413 1612 Adduxit
1432 1575 1574 1612 bestias
1593 1573 1648 1610 ad
1665 1572 1801 1610 Adam
1822 1573 1941 1614 Deus,
1963 1579 2006 1609 ut
2025 1572 2189 1619 videret,
2209 1583 2284 1611 Gen.
2300 1592 2326 1611 2.
2343 1592 2389 1622 ¹9·

1230 1637 1326 1689 quid
1354 1644 1513 1674 vocaret
1543 1647 1762 1684 ea5:neque
1786 1633 1913 1671 resiliit
1943 1631 2058 1673 Adam
2091 1634 2192 1684 quasi

1230 1697 1360 1736 timore
1396 1706 1591 1749 correptus,
1622 1695 1686 1734 sed
1718 1704 1901 1746 tamquam
1933 1695 2088 1734 subditis
2124 1696 2192 1734 sibi

1230 1759 1344 1799 servis
1360 1757 1505 1797 nomina
1523 1757 1660 1796 cunctis
1679 1757 1863 1810 imposuit.
1880 1757 1956 1796 Hoc
1974 1772 2058 1796 vero
2075 1757 2193 1796 domi-

1232 1831 1336 1861 natus
1368 1831 1420 1860 est
1449 1820 1635 1859 indicium.
1659 1820 1901 1866 Quamobrem
1932 1819 2056 1859 volens
2085 1820 2192 1859 etiam

1232 1885 1329 1922 Deus
1348 1897 1411 1936 per
1430 1882 1497 1920 hoc
1521 1881 1577 1920 illi
1608 1896 1680 1920 suae
1708 1881 1892 1934 potcstatis
1923 1881 2105 1920 ostendere
2136 1882 2193 1920 di-

1232 1945 1420 1997 gnitatem,
1452 1943 1638 1981 nominum
1663 1942 1928 1995 impositionem
1959 1943 2027 1995 ipsi
2056 1943 2191 1996 permi-

1233 2007 1293 2057 sit,
1323 2016 1427 2057 atque
1454 2004 1622 2058 imposita
1646 2003 1719 2042 illis
1748 2003 1892 2042 nomina
1921 2004 1955 2042 in
1985 2004 2036 2042 eis
2066 2018 2111 2043 ex
2129 2004 2194 2043 illo

1232 2078 1391 2121 tempore
1419 2074 1704 2120 permanserunt.
1742 2067 1863 2104 Omne
1882 2064 1976 2103 enim
1999 2067 2104 2118 quod
2123 2080 2193 2103 vo-

1233 2132 1338 2168 cavit
1370 2128 1520 2175 Adam,
1552 2128 1624 2166 hoc
1644 2140 1784 2164 nomen
1803 2127 1897 2173 illis,
1921 2126 2051 2177 inquit.
2070 2128 2194 2178 Itaque

1234 2205 1346 2229 unum
1374 2190 1442 2228 hoc
1466 2188 1644 2227 indicium
1671 2197 1723 2227 est
1745 2188 1791 2226 ab
1821 2187 1924 2226 initio
1945 2188 2036 2227 feras
2054 2188 2193 2227 homini
2208 2189 2247 2215 ¹³0

2130 2250 2137 2257 .
2185 2240 2265 2257 ,non
2295 2228 2398 2256 sorni.-

1234 2251 1414 2293 terribiles
1440 2264 1511 2289 non
1531 2249 1641 2288 fuisse
1659 2250 1835 2288 :alterum
1851 2264 1936 2287 vcro
1956 2250 2063 2288 ctiam
2082 2266 2193 2303 priori
2209 2271 2306 2298 dum,

1235 2313 1458 2352 manifestius
1487 2321 1555 2361 est,
1584 2311 1757 2364 serpentis
1779 2311 1999 2362 colloquium
2017 2326 2098 2350 cum
2117 2327 2193 2350 mu-

1233 2376 1330 2415 liere.
1357 2377 1450 2414 Nam
1469 2374 1498 2413 si
1518 2373 1696 2412 terribiles
1717 2373 1924 2411 hominibus
1954 2373 2101 2412 fuissent
2134 2375 2195 2412 be-

1235 2437 1326 2487 stiae,
1347 2436 1477 2474 mulier
1506 2443 1665 2487 serpente
1695 2442 1880 2486 conspecto
1902 2447 1971 2472 non
1993 2434 2192 2483 mansisset,

1234 2513 1361 2539 verum
1385 2497 1603 2550 aufugisset;
1625 2510 1738 2547 neque
1763 2496 1952 2534 consilium
1975 2495 2192 2546 admisisset,

1235 2576 1349 2613 neque
1368 2570 1464 2600 tanta
1483 2573 1565 2598 cum
1586 2558 1775 2597 securitate
1793 2558 1998 2608 colloquuta
2025 2572 2107 2596 rum
2131 2558 2194 2597 illo

1234 2622 1370 2671 fuisset,
1389 2620 1452 2660 sed
1468 2619 1651 2659 confestim
1671 2619 1719 2657 ad
1737 2628 1920 2672 aspectum
1940 2620 2016 2671 ejus
2030 2620 2195 2673 obstupe-

1234 2684 1326 2722 facta
1354 2680 1682 2735 profugisset:jam
1701 2694 1786 2717 vcro
1818 2689 1851 2718 et
1877 2680 2107 2732 colloquitur,
2133 2695 2195 2721 nec

1235 2743 1456 2793 reformidat,
1469 2741 1565 2794 quod
1594 2740 1753 2780 nondum
1772 2741 1834 2779 ille
1851 2741 1958 2780 timor
1973 2752 2074 2781 essct.
2095 2745 2195 2782 Post-

1236 2820 1345 2856 quam
1365 2814 1483 2842 autem
1514 2812 1696 2856 peccatum
1717 2802 1880 2850 intravit,
1909 2802 2068 2855 dignitas
2087 2804 2192 2843 etiam

1236 2875 1286 2904 est
1304 2866 1434 2904 ablata.
1454 2865 1501 2903 Et
1514 2865 1607 2902 sicut
1625 2863 1716 2901 inter
1730 2863 1883 2902 famulos
1897 2865 1960 2915 qui
1975 2865 2194 2905 honestiores

1237 2938 1318 2968 sunt
1347 2938 1380 2966 et
1411 2927 1600 2974 clariores,
1628 2925 1807 2964 conservis
1834 2926 1908 2964 suis
1940 2926 2064 2965 terrori
2095 2937 2190 2973 sunt,

1237 2991 1299 3043 qui
1312 2999 1431 3028 autem
1449 2987 1676 3027 offenderunt
1691 2987 1832 3035 herum,
1849 3001 2036 3026 conservos
2050 2988 2191 3026 timent:

1238 3058 1289 3095 sic
1307 3066 1340 3095 et
1358 3054 1494 3093 homini
1515 3052 1674 3105 contigit.
1698 3053 1790 3090 Nam
1811 3052 1900 3090 dum
1930 3052 2063 3091 fiducia
2096 3052 2193 3105 apud

1239 3126 1356 3162 Deum
1374 3122 1472 3161 salva
1493 3119 1644 3165 mansit,
1667 3119 1838 3158 terribilis
1857 3120 1922 3158 fuit
1938 3120 2079 3158 bestiis:
2097 3129 2190 3172 post-

1238 3203 1347 3240 quam
1375 3196 1494 3226 autem
1521 3183 1685 3235 offendit,
1705 3184 1812 3224 etiam
1840 3185 1986 3223 ultimos
2008 3199 2192 3223 conservo-

1234 3325 1245 3339 ·
1270 3314 1349 3354 Reg.
1368 3315 1485 3351 ἐδέξατο
1497 3317 1551 3350 τὴν
1563 3316 1672 3354 πικρὰν
1689 3315 1796 3348 ἐκείνην
1807 3314 1853 3343 καὶ
1868 3314 1999 3353 ὀλέθριον
2014 3310 2190 3348 ουμέωὶνζγ.

1964 3373 2009 3406 50

2227 2145 2324 2173 Homo
2339 2148 2397 2172 ini-

2325 2188 2397 2214 serus
