2566 3791
214 424 302 452 Psal.
321 421 367 452 18.

218 473 264 493 10.

271 1100 401 1128 Avaritia

212 1142 383 1169 insatiabilis

212 1185 351 1211 ebrietas.

224 2868 299 2894 15:11⁴.

314 2866 342 2894 §.R

419 200 509 245 258
851 216 888 245 5.

415 297 524 344 Quod
537 298 633 337 0111111
643 298 758 338 virtus
771 312 861 351 opus
872 300 1001 337 habeat
1016 300 1060 337 iis
1074 299 1135 350 qui
1151 313 1227 336 eam
1241 311 1368 335 coneu-
1394 299 1418 330 C

415 358 568 411 piseunt,
588 369 622 398 et
653 360 730 412 ejus
760 359 938 398 desiderio
970 360 1216 406 exardescunt,
1229 357 1274 394 de
1302 357 1370 394 hoc

414 420 627 472 prophetam
641 419 726 457 audi
741 420 915 458 dicentem
928 437 935 456 :
948 422 979 458 J
978 422 1108 457 udicia
1126 417 1289 456 Domini
1302 431 1371 453 ve·

414 482 697 533 ra‚jnstificata
708 483 749 517 in
766 482 945 530 idipsum,
962 479 1239 517 desiderabilia
1257 491 1372 529 super

414 555 553 579 auriam
583 550 619 578 et
651 541 818 591 lapidem
844 542 1054 590 pretiosum
1087 539 1252 576 multum
1266 554 1277 574 .·
1299 551 1370 576 non

414 602 510 651 quod
525 616 592 640 non
607 601 721 651 magis
733 599 1001 651 desiderabilia,
1018 600 1082 639 sed
1101 600 1184 651 quia
1195 598 1294 652 apud
1306 612 1370 637 nos

413 675 483 699 non
500 662 734 700 inveniuntur
754 660 835 709 alia,
853 675 930 712 quae
949 661 1007 699 his
1027 661 1183 699 materiis
1201 661 1271 698 sint
1290 674 1371 712 pre-

412 721 557 760 tiosiora
578 738 585 758 :
606 731 794 774 propterea
814 722 938 760 subdit
960 738 968 759 :
990 724 1044 761 Et
1059 723 1238 760 dulciora
1257 735 1371 773 super

415 784 493 820 mel
511 792 547 821 et
554 785 716 836 savum.
737 783 784 820 Et
805 783 864 821 1110
886 798 1026 835 1111011110
1042 784 1127 834 quia
1149 798 1215 822 non
1233 783 1371 822 invenit

412 844 509 894 quod
527 854 653 882 natura
674 845 778 882 melle
795 844 936 883 dulcius
954 855 1057 895 esset,
1078 844 1146 883 hae
1161 844 1370 883 similitudi-

413 919 456 942 ne
476 919 561 943 usus
585 914 649 943 est.
673 906 789 956 Igitur
816 906 908 943 sieut
934 906 958 943 ii
980 906 1041 956 (1111
1064 906 1099 943 111
1123 906 1250 957 opibus
1269 905 1370 944 colli-

413 965 538 1015 gendis
553 966 733 1004 insaniunt
747 966 924 1004 desiderio
937 976 970 1004 et
986 967 1269 1018 concupiscentia
1284 981 1371 1017 qua-

415 1029 510 1074 dam,
531 1027 567 1064 in
583 1027 651 1064 1100
668 1027 880 1064 1110111111111111
899 1041 1028 1078 magno
1049 1027 1167 1064 studio
1181 1036 1214 1064 et
1225 1035 1369 1077 conatu,
1394 1026 1420 1057 D

416 1096 449 1124 01
467 1102 664 1138 numquam
680 1088 887 1139 explentur:
909 1088 1058 1127 avaritia
1073 1088 1167 1125 0111111
1187 1087 1370 1125 insatiabi-

414 1148 460 1185 lis
479 1157 530 1186 est
548 1149 700 1186 ebrietas
719 1164 725 1185 :
744 1158 776 1186 et
796 1149 887 1186 510111
907 1149 1012 1197 ebrii,
1031 1158 1165 1199 quanto
1190 1149 1272 1200 plus
1288 1149 1371 1187 vino

416 1223 452 1247 se.
467 1208 701 1260 ingurgitant,
721 1219 816 1248 tauto
834 1210 946 1261 magis
966 1210 1013 1247 ad
1032 1210 1128 1247 sitim
1147 1210 1372 1248 inflamman-

416 1279 475 1308 tur
491 1287 498 1307 :
514 1271 565 1308 sic
579 1280 613 1308 et
629 1271 685 1308 isti
705 1286 847 1322 quoque
867 1271 1042 1309 insaniam
1056 1271 1148 1308 1111110
1162 1270 1372 1310 indomitam

416 1346 613 1382 numquam
631 1332 752 1370 sistere
767 1342 927 1384 possunt,
939 1332 1000 1369 sed
1011 1341 1144 1382 quanto
1161 1332 1276 1383 magis
1293 1347 1373 1370 suas

417 1407 501 1444 opes
522 1393 645 1444 augeri
665 1393 800 1441 vident,
823 1403 920 1431 tanto
939 1403 972 1432 et
994 1393 1279 1445 concupiscentia
1298 1408 1374 1431 ma-

417 1455 470 1503 gis
490 1454 788 1506 flagrantzneque
807 1464 908 1492 antea
923 1469 942 1492 a
962 1455 1114 1506 pessimo
1131 1454 1291 1506 appetitu
1306 1455 1374 1493 hoc

417 1516 608 1561 absistunt,
630 1515 741 1553 donec
768 1516 804 1553 111
829 1516 948 1566 ipsum
981 1515 1127 1553 malitiae
1154 1516 1373 1567 profundum

417 1576 675 1615 descenderint.
693 1577 810 1628 Igitur
825 1577 853 1614 si
868 1577 919 1614 illi
937 1577 1172 1629 perniciosam
1188 1577 1278 1615 lianc
1291 1591 1374 1615 con-

418 1637 673 1689 cupiscentiam
686 1638 863 1675 malorum
877 1638 1036 1675 omnium
1049 1652 1191 1676 eausam
1204 1652 1284 1675 011111
1297 1647 1374 1676 tan-

417 1708 451 1736 ta
474 1698 697 1736 contentione
721 1708 846 1736 curant
864 1714 871 1734 :
891 1699 1004 1736 multo
1018 1699 1151 1750 justius
1169 1708 1220 1736 est
1240 1713 1302 1737 nos
1315 1700 1375 1751 ju-
1397 1697 1422 1728 Ε

417 1759 511 1797 dicia
528 1759 689 1803 Domini,
707 1773 784 1809 quae
805 1774 911 1810 5111101·
925 1773 1052 1796 aurum
1069 1769 1150 1797 sunt
1168 1769 1201 1797 et
1218 1759 1376 1812 lapidem

417 1821 613 1871 pretiosum
626 1819 794 1867 multum,
813 1834 951 1872 semper
971 1821 1005 1857 in
1026 1829 1142 1859 mente
1164 1830 1282 1859 nostra
1296 1835 1375 1860 ver-

417 1894 508 1929 sare,
526 1880 689 1931 nihilque
708 1880 898 1932 pretiosius
913 1881 1046 1919 virtute
1064 1881 1139 1933 ipsa
1154 1881 1374 1931 existimare,

416 1941 475 1978 sed
500 1941 706 1979 exscindere
731 1956 775 1979 ex
798 1941 916 1978 animo
939 1950 1058 1979 nostro
1077 1942 1280 1980 affectiones
1296 1943 1377 1981 illas

416 2002 598 2054 pestiferas
613 2016 746 2050 omnes,
761 2011 794 2040 et
810 2002 899 2040 seire
913 2003 1143 2055 temporalem
1158 2003 1258 2041 illam
1273 2004 1378 2042 volu-

418 2072 550 2114 ptatem
568 2073 779 2116 perpetuum
796 2078 919 2116 parere
935 2065 1045 2102 solere
1063 2064 1235 2113 dolorem,
1256 2074 1289 2103 et
1308 2066 1379 2103 fine

419 2124 573 2161 carentia
588 2133 777 2173 tormenta,
789 2124 1061 2175 cavendumque
1074 2139 1148 2162 esse
1163 2140 1206 2162 ne
1221 2125 1378 2177 decipia-

423 2199 505 2221 mus
520 2198 584 2221 nos
603 2185 836 2236 ipsos,neque
856 2195 1020 2237 putemus
1041 2186 1099 2224 hic
1113 2186 1221 2224 finem
1231 2187 1377 2224 habitu-

927 217 1107 247 JOANNIS
1142 214 1382 246 CHRYSOST.
1423 214 1627 245 ARCHIEP.
1665 214 2014 246 CONSTANTINOP.

1442 296 1574 347 ἀρετὴ,
1602 297 1662 334 καὶ
1690 296 1996 347 ἐκκαιομένων.εἷς
2020 296 2078 334 τὸν
2109 296 2190 348 περὶ
2216 298 2321 344 αὐτῆς
2348 297 2465 345 πόθον,

1442 356 1546 394 ἄκουε
1576 361 1635 394 τοῦ
1663 357 1841 409 προφήτου
1868 358 2045 408 λέγοντος·
2070 357 2128 396 Τὰ
2154 358 2309 409 κρίματα
2338 358 2466 409 Κυρίου

1443 417 1591 463 ἀληθινὰ
1603 447 1613 465 ,
1635 418 1890 468 δεδικαιωμένα
1908 419 1966 456 ἐπὶ
1982 419 2021 456 τὸ
2041 418 2123 456 αὐτὸ
2135 448 2144 466 ,
2165 418 2364 469 ἐπιθυμητὰ
2380 418 2468 471 ὑπὲρ

1442 476 1585 528 χρυσίον
1608 477 1669 516 καὶ
1688 478 1781 516 λίθον
1796 478 1912 529 τίμιον
1932 478 2040 516 πολ-ὂν
2053 494 2061 502 ·
2080 481 2142 517 οὐκ
2162 478 2282 525 ἐπειδὴ
2306 483 2467 517 τοσοῦτον

1445 537 1547 589 μόνον
1562 539 1654 579 ἐστὶν
1673 539 1874 591 ἐπιθυμητὰ
1888 569 1897 587 ,
1920 541 1996 579 ἀλλ’
2013 539 2133 586 ἐπειδὴ
2148 540 2277 578 τούτων
2293 544 2360 578 τῶν
2377 542 2468 578 ὑλῶν

1442 600 1504 637 οὒκ
1526 598 1618 638 ἔστιν
1639 599 1764 652 ’ἑτέραν
1796 603 1977 652 εὑρεθῆναι
2000 603 2083 653 παρ’
2116 604 2200 651 ἡμῖν
2231 600 2442 651 τιμιωτέραν
2460 615 2468 623 ·

1442 660 1494 698 διὸ
1517 660 1577 698 καὶ
1599 661 1775 712 ἐπήγαγε,
1804 661 1874 700 Καὶ
1893 660 2089 714 γλυκύτερα
2105 661 2190 712 ὑπὲρ
2220 662 2299 711 μέλι
2319 662 2380 699 καὶ
2398 677 2468 708 κη-

1443 720 1525 773 ρίον.
1547 722 1616 762 Καὶ
1644 724 1792 760 ἐνταῦθα
1810 722 1930 769 πάλιν,
1959 721 2080 769 ἐπειδὴ
2103 721 2152 771 μὴ
2185 715 2258 773 εἶχε
2290 721 2390 773 φύσιν
2410 725 2469 760 εὓ-

1442 787 1512 834 ρεῖν
1551 787 1611 821 τοῦ
1644 782 1783 835 μέλιτος
1813 783 2041 835 γλυκυτέραν,
2077 783 2185 835 ταύτῃ
2217 784 2392 835 ἐχρήσατο
2424 786 2468 836 τῇ

1441 843 1558 882 εἰκόνι.
1585 843 1754 897 Καθάπερ
1776 839 1833 882 οῧν
1853 847 1884 883 οἱ
1903 844 1983 897 περὶ
1999 845 2063 891 τὴν
2084 847 2153 882 τῶν
2172 844 2366 897 χρημάτων
2386 846 2470 883 συλ·

1440 904 1546 956 λογὴν
1567 905 1761 956 μεμηνότες
1779 905 1949 958 ἐπιθυμία
1969 906 2037 943 τινί
2062 905 2122 943 καὶ
2147 905 2267 957 πόθῳ,
2284 905 2342 943 ἐπὶ
2358 905 2470 957 τούτῳ

1439 972 1557 1003 πᾶσαν
1593 965 1656 1014 τὴν
1676 966 1788 1018 ὁρμὴν
1809 966 1900 1018 ἔχειν
1931 967 2182 1013 σπουδάζουσι,
2220 968 2279 1005 καὶ
2306 966 2470 1004 οὐδέποτε

1442 1025 1542 1078 κόρον
1572 1026 1810 1076 λαμὸάνουσι·
1833 1028 1920 1077 μέθη
1941 1027 2008 1079 γὰρ
2039 1027 2225 1080 ἀκόρεστός
2251 1030 2344 1065 ἐστιν
2370 1030 2392 1072 ἡ
2416 1043 2470 1077 φι-

1440 1087 1631 1138 λαργυρία·
1651 1089 1711 1126 καὶ
1739 1089 1898 1140 καθάπερ
1918 1091 1949 1127 οἱ
1970 1089 2150 1140 μεθύοντες
2176 1090 2246 1140 ὅσῳ
2267 1088 2307 1125 ἂν
2326 1087 2472 1126 πλείονα

1441 1144 1500 1182 τὸν
1521 1145 1671 1199 ἄκρατον
1687 1149 1846 1190 Ωὲαυτοῖς
1862 1147 2044 1199 ἐκχέωσιν,
2064 1147 2218 1199 τοσούτῳ
2237 1148 2368 1197 μᾶλλον
2387 1146 2473 1199 πρὸς

1442 1205 1482 1243 τὸ
1501 1205 1598 1259 δίψος
1618 1207 1819 1246 ἐκκαίονται
1836 1225 1843 1232 ·
1866 1209 1955 1248 οὕτω
1977 1209 2017 1255 δὴ
2041 1209 2101 1248 καὶ
2130 1203 2225 1247 οὗτοι
2252 1207 2314 1255 τὴν
2344 1206 2472 1258 μανίαν

1441 1266 1570 1314 ταύτην
1605 1268 1670 1315 τὴν
1703 1269 1894 1307 ἀκάθεκτον
1930 1270 2094 1308 οὐδέποτε
2125 1273 2253 1316 στῆσαι
2287 1268 2473 1312 δύνανται,

1445 1329 1521 1366 ἀλλ’
1541 1328 1613 1381 ὅσῳ
1633 1329 1672 1367 ἂν
1690 1329 1880 1381 αὐξομένην
1906 1331 2025 1369 ἴδωσιν
2043 1333 2159 1373 αὐτοῖς
2174 1330 2237 1377 τὴν
2254 1329 2472 1381 περιουσίαν,

1442 1389 1596 1442 τοσούτῳ
1619 1390 1678 1428 καὶ
1696 1390 1758 1438 τὴν
1777 1392 1962 1442 ἐπιθυμίαν
1981 1391 2198 1438 ἀνάπτουσι,
2215 1391 2275 1429 καὶ
2295 1392 2332 1428 οὐ
2348 1388 2474 1443 πρότε-

1445 1465 1500 1502 ρον
1526 1450 1673 1501 λήγουσι
1691 1455 1755 1499 τ’ῆς
1774 1460 1929 1505 πονηρᾶς
1946 1453 2074 1500 ταύτης
2090 1452 2253 1506 ὀρέξεως,
2283 1451 2407 1503 μέχρις
2433 1450 2473 1488 ἂν

1442 1512 1489 1554 εἷς
1509 1511 1612 1549 αὐτὸν
1634 1515 1696 1563 τῆς
1717 1513 1844 1557 κακίας
1863 1514 1922 1552 τὸν
1949 1514 2108 1565 πυθμένα
2138 1517 2407 1565 κατενεχθῶσιν.
2430 1511 2476 1549 Ei.

1442 1571 1556 1610 τοίνυν
1574 1567 1668 1611 οὗτοι
1684 1572 1747 1620 τὴν
1762 1574 1918 1626 ὀλέθριον
1937 1574 2066 1622 ταύτην
2090 1574 2292 1626 ἐπιθυμίαν,
2310 1573 2370 1612 καὶ
2388 1572 2476 1611 πάν-

1442 1647 1511 1671 των
1544 1635 1613 1671 τῶν
1646 1638 1764 1673 κακῶν
1799 1635 1913 1674 αἰτίαν
1953 1636 2156 1687 γενομένην,
2191 1636 2282 1687 μετὰ
2311 1633 2474 1673 τοσούτου

1445 1695 1699 1734 ἐπιδείκνυνται
1718 1702 1778 1736 τοῦ
1797 1698 1915 1746 τόνου,
1938 1700 2059 1751 πολλῷ
2080 1699 2212 1748 μᾶλλον
2229 1701 2322 1747 ’ἡμᾶς
2343 1695 2475 1733 δίκαιον

1443 1755 1488 1793 τὰ
1508 1757 1666 1808 κρίματα
1694 1758 1844 1810 Κυρίου,
1864 1759 1909 1797 τὰ
1930 1759 2019 1812 ὑπὲρ
2044 1759 2187 1813 χρυσίον
2210 1759 2270 1796 καὶ
2296 1758 2391 1796 λίθον
2418 1755 2476 1793 τί·ν

1445 1832 1523 1866 μιον
1539 1817 1648 1857 πολὺν
1673 1820 1909 1870 τυγχάνοντα,
1929 1824 2040 1858 ταῦτα
2068 1822 2110 1858 δι’
2144 1821 2223 1861 ὅλου
2247 1819 2406 1871 στρέφειν
2435 1819 2470 1854 ἐν

1444 1880 1488 1925 τῇ
1520 1878 1654 1931 διανοίᾳ
1680 1883 1723 1929 τῇ
1743 1881 1918 1933 ἡμετέρα,
1938 1881 1997 1918 καὶ
2019 1880 2126 1931 μηδὲν
2145 1885 2207 1928 τῆς
2228 1883 2354 1933 ἀρετῆς
2372 1883 2471 1929 ἡγεῖ-

1446 1940 1528 1976 σθαι
1546 1939 1810 1993 προτιμότερον,
1830 1941 1919 1978 ἀλλὰ
1939 1941 2000 1979 καὶ
2018 1941 2062 1980 τὰ
2085 1941 2223 1995 ὀλέθρια
2249 1946 2360 1979 ταῦτα
2378 1939 2473 1984 πάθη

1447 1998 1625 2050 ἐκτέμνειν
1646 2003 1709 2047 τ’ῆς
1728 2004 1857 2040 ἑαυτῶν
1877 2005 1991 2054 ψυχῆς
2003 2031 2012 2048 ,
2030 2003 2089 2041 καὶ
2107 2003 2233 2042 εἰδέναι
2251 2003 2306 2042 ὅτι
2321 2007 2343 2050 ἡ
2363 2001 2475 2054 πρόσ-

1447 2075 1566 2115 καιρος
1585 2061 1674 2107 αὕτη
1693 2063 1798 2109 ἡδονὴ
1815 2063 1938 2110 ὀδύνην
1964 2063 2093 2102 τίκτειν
2114 2064 2213 2102 εἴωθε
2230 2065 2371 2111 διηνεκῆ
2385 2094 2395 2111 ,
2414 2063 2475 2102 καὶ

1450 2121 1600 2172 βάσανον
1618 2123 1727 2176 πέρας
1742 2125 1802 2161 οὐκ
1823 2125 1983 2178 ἔχουσαν,
2004 2127 2064 2164 καὶ
2088 2125 2136 2176 μὴ
2158 2128 2295 2177 ἀπατᾷν
2312 2125 2474 2172 ἑαυτοὺς,

1449 2181 1539 2230 μήτε
1553 2183 1702 2232 νομίζειν
1720 2185 1773 2222 ὅτι
1791 2185 1896 2238 μέχρι
1911 2190 1970 2223 τοῦ
1988 2186 2158 2238 παρόντος
2177 2187 2252 2237 βίου
2271 2186 2412 2224 ἵσταται
2429 2185 2475 2224 τὰ

422 2258 483 2281 ras
502 2259 575 2282 esse
600 2259 655 2282 res
684 2254 832 2282 nostras.
852 2244 895 2282 ld
914 2259 998 2282 vero
1015 2246 1172 2284 sentiunt
1201 2247 1374 2298 plerique,
1389 2270 1438 2295 205
1450 2241 1614 2294 ἡμέτερα·
1628 2246 1673 2282 E?
1686 2245 1752 2297 γὰρ
1768 2246 1828 2283 καὶ
1843 2246 1891 2296 μὴ
1909 2252 1979 2290 τοῖς
1994 2247 2127 2297 ῥήμασι
2144 2251 2254 2284 ταῦτα
2268 2247 2474 2300 φθέγγονται

421 2305 636 2344 110011·01·1)15
651 2320 719 2343 non
736 2306 1035 2356 loquanturmam
1050 2307 1190 2345 eredere
1204 2323 1240 2346 se
1253 2308 1375 2348 dicunt
1402 2307 1429 2336 Α
1450 2305 1480 2340 Οἱ
1513 2304 1637 2342 πολλοὶ
1649 2334 1657 2350 ‚
1679 2305 1768 2343 ἀλλὰ
1800 2307 1859 2345 καὶ
1885 2306 2060 2347 πιστεύειν
2079 2306 2217 2359 λέγουσι
2234 2310 2284 2359 τῷ
2313 2311 2376 2354 ’ῑῆς
2391 2309 2475 2345 ἅνα-

421 2366 729 2415 resurrectionem,
751 2376 783 2404 et
810 2367 969 2404 futuram
990 2368 1262 2406 retributionem
1285 2385 1292 2405 ε
1317 2369 1378 2408 sed

420 2442 484 2478 ego
499 2442 567 2465 non
582 2427 724 2466 attendo
734 2428 855 2475 verba,
866 2427 927 2465 5011
938 2428 1146 2478 quotidiana
1163 2439 1270 2478 gesta.
1283 2432 1376 2470 Nam

421 2487 451 2524 si
489 2487 779 2525 resurrectionem
813 2497 994 2539 exspectas
1026 2497 1058 2525 et
1088 2489 1375 2539 retributionem,

421 2563 530 2599 quare
544 2549 590 2586 ita
611 2549 794 2600 przesentis
807 2548 889 2587 vitae
904 2549 1026 2600 gloriae
1040 2549 1183 2588 deditus
1205 2552 1267 2589 es?
1279 2552 1377 2598 Qua-

421 2624 470 2656 re,
489 2610 547 2648 (110
578 2609 681 2658 1111111,
702 2608 863 2660 (1110111110
882 2610 1019 2648 crucias
1040 2619 1086 2659 10,
1109 2611 1275 2663 pecunias
1294 2613 1378 2664 plu-

422 2686 476 2709 res
503 2685 610 2722 quam
638 2685 743 2709 arena
774 2671 818 2708 sit
843 2671 1032 2723 colligens,
1053 2681 1085 2710 et
1109 2685 1230 2723 agros,
1257 2683 1289 2711 01
1313 2673 1378 2711 do-

423 2746 518 2779 mos,
556 2741 589 2769 et
622 2732 748 2769 balnea
780 2745 917 2781 emens,
952 2741 1056 2783 atque
1084 2732 1159 2771 111100
1189 2748 1280 2786 510110
1318 2749 1379 2787 per

424 2792 587 2847 rapinam
617 2801 650 2829 et
672 2792 862 2830 avaritiam
884 2793 1112 2840 corradendo,
1137 2803 1170 2831 et
1191 2794 1378 2847 111111111ιό-

381 2888 387 2894 ,
424 2853 538 2904 pheta:
569 2853 708 2890 dietum
736 2853 1023 2905 implendoxVoe
1055 2857 1122 2907 qui
1140 2858 1379 2909 conjungunt

425 2915 581 2951 domum
601 2915 654 2951 ad
675 2915 845 2961 domum,
862 2924 898 2952 et
918 2929 1054 2967 agrum
1071 2931 1164 2969 agro
1180 2920 1379 2970 copulant,

426 2983 466 3012 ut
485 2977 620 3012 vicino
643 2977 828 3027 auferant
851 2977 1034 3028 aliquid?
1053 2979 1176 3015 Annon
1200 2978 1276 3016 haec
1291 2994 1379 3030 quo-
1409 2989 1431 3017 R

426 3035 512 3073 tidie
526 3035 647 3074 videre
662 3037 734 3073 est?
752 3036 798 3074 Et
814 3037 873 3073 ille
888 3037 1033 3088 quidem
1047 3037 1136 3076 dicit
1154 3054 1161 3074 ε
1181 3039 1298 3091 Hujus
1316 3041 1381 3079 do·

427 3111 505 3133 111115
519 3097 770 3134 obscuritatem
787 3106 820 3134 et
837 3099 1002 3136 umbram
1020 3114 1104 3137 meae
1121 3100 1237 3152 parit;
1253 3110 1285 3139 et
1301 3101 1382 3139 insi-

427 3157 518 3194 nitos
538 3166 731 3209 prsetextus
752 3158 943 3209 excogitat,
963 3169 1002 3197 ut
1032 3174 1109 3197 eam
1134 3160 1250 3213 rapiat
1267 3178 1274 3198 :
1291 3162 1382 3199 alius

426 3227 544 3255 autem
576 3227 716 3269 raptum
748 3219 895 3270 pauperi
922 3234 1063 3270 agrum,
1088 3235 1152 3258 suo
1180 3223 1378 3274 conjungit.

428 3283 503 3319 1100
529 3292 646 3320 autem
672 3283 784 3319 multo
814 3284 942 3335 majus,
963 3294 996 3322 et
1021 3286 1136 3337 magis
1158 3286 1381 3335 admirabile,

471 3400 483 3411 -ι
503 3388 556 3420 Sic
569 3388 625 3419 Sat
639 3387 669 3419 il.
689 3396 719 3419 1-1,
740 3387 831 3419 multi
849 3389 911 3420 Mss
932 3390 1083 3430 filma-t,
1103 3396 1241 3434 ἐκχέωσιν
1258 3397 1286 3425 ἐν
1309 3395 1431 3430 ἑαυτοῖς-

1450 2363 1604 2408 στάσεως
1618 2365 1711 2418 λόγῳ
1724 2397 1733 2413 ,
1750 2367 1809 2405 καὶ
1827 2371 1869 2419 τῇ
1887 2371 1956 2407 τῶν
1973 2368 2168 2418 μελλόντων
2183 2368 2355 2407 ἀντιδόσει
2370 2384 2377 2392 ·
2394 2369 2472 2406 ἀλλ’

1451 2423 1519 2475 ἐγὼ
1535 2426 1572 2463 οὗ
1587 2432 1658 2471 τοῖς
1678 2428 1810 2479 ῥήμασι
1828 2428 1992 2481 προσέχω
2003 2459 2014 2475 ,
2033 2429 2123 2466 ἀλλὰ
2139 2434 2210 2472 τοῖς
2225 2431 2301 2467 καθ’
2321 2429 2473 2475 ἑκάστην

1450 2486 1584 2537 ἡμέραν
1603 2489 1804 2539 γινομένοις.
1830 2491 1873 2528 Εἰ
1895 2489 1962 2540 γὰρ
1988 2490 2178 2528 ἀνάστασιν
2199 2491 2395 2542 προσδοκᾷς
2414 2489 2475 2528 καὶ

1450 2549 1637 2596 ἀντίδοσιν,
1655 2549 1746 2596 τίνος
1765 2550 1877 2589 ἕνεκεν
1897 2550 1985 2589 οὕτω
2011 2552 2091 2605 περὶ
2111 2551 2173 2598 τὴν
2201 2557 2259 2590 τοῦ
2281 2552 2354 2603 βίου
2374 2551 2475 2594 δόξαν

1450 2608 1640 2659 ἐπτόησαι;
1660 2611 1764 2655 Τίνος
1804 2612 1930 2661 ἕνεκεν,
1961 2613 2038 2651 εἶπέ
2073 2629 2153 2663 μοι,
2183 2613 2322 2657 κόπτεις
2349 2612 2474 2651 σαυτὸν

1450 2673 1526 2709 καθ’
1554 2673 1705 2721 ἑκάστην
1736 2674 1885 2727 ἡμέραν,
1912 2674 1998 2728 ὑπὲρ
2025 2673 2087 2720 τὴν
2110 2674 2228 2723 ἅμμον
2243 2674 2287 2713 τὰ
2306 2673 2475 2726 χρήματα

1451 2733 1642 2784 συλλέγων,
1657 2735 1716 2774 καὶ
1732 2733 1855 2786 ἀγροὺς
1865 2765 1874 2782 ,
1891 2735 1949 2772 καὶ
1963 2735 2072 2778 οἰκίας
2085 2765 2094 2782 ,
2115 2736 2173 2772 καὶ
2192 2737 2358 2785 βαλανεῖα
2373 2734 2477 2773 ὠνού-

1453 2809 1552 2845 μενος
1567 2825 1574 2842 ;
1594 2796 1653 2833 καὶ
1670 2796 1839 2840 πολλάκις
1855 2795 1890 2840 ἐξ
1906 2797 2065 2848 ἁρπαγῆς
2079 2796 2138 2834 καὶ
2153 2795 2350 2840 πλεονεξίας
2364 2799 2475 2834 ταῦτα

1451 2858 1746 2910 περιὸαλλόμενος
1757 2888 1767 2906 ,
1786 2858 1845 2896 καὶ
1859 2859 1930 2904 πλη
1938 2861 2003 2911 ρῶν
2026 2860 2136 2896 ἐκεῖνο
2151 2857 2191 2896 τὸ
2208 2857 2303 2909 παρὰ
2319 2861 2378 2895 τοῦ
2392 2873 2477 2908 προ-

1453 2921 1561 2974 φήτου
1579 2920 1758 2973 εἰρημένον
1776 2935 1783 2942 ·
1801 2918 1893 2957 Οὐαὶ
1913 2922 1943 2957 οἱ
1961 2920 2190 2963 συνάπτοντες
2206 2919 2318 2958 οἰκίαν
2332 2918 2417 2971 πρὸς
2431 2919 2479 2955 οἷ-

1455 2982 1545 3029 κίαν,
1560 2981 1619 3019 καὶ
1635 2982 1740 3034 ἀγρὸν
1751 2980 1835 3031 πρὸς
1848 2980 1952 3034 ἀγρὸν
1969 2980 2169 3031 ἐγγίζοντες,
2184 2980 2241 3018 ἵνα
2255 2985 2316 3019 τοῦ
2330 2979 2477 3026 πλησίον

1457 3043 1652 3094 ἂῳέλωνταί
1670 3042 1785 3089 τι;“11
1806 3041 1883 3093 οὐχὶ
1902 3042 2011 3080 ταῦτά
2027 3043 2101 3080 ἐστι
2120 3045 2196 3079 καθ’
2214 3042 2364 3087 ἑκάστην
2384 3039 2478 3091 ἠμέ-

1457 3119 1518 3154 ραν
1540 3104 1621 3140 ἰδεῖν
1649 3102 1833 3152 γινόμενα;
1857 3103 1925 3140 Καὶ
1954 3106 1971 3139 ὃ
2000 3102 2061 3153 μέν
2083 3118 2198 3154 φησιν,
2225 3105 2399 3139 ἐπισκοτεῖ
2421 3117 2480 3151 μοι

1456 3169 1515 3202 τοῦ
1533 3166 1638 3207 δεῖνος
1651 3168 1672 3211 ἡ
1693 3163 1805 3210 οἰκία,
1827 3164 1887 3202 καὶ
1905 3163 2027 3215 μυρίας
2047 3162 2236 3216 προφάσεις
2255 3165 2405 3209 ἐπινοεῖ,
2424 3161 2480 3199 ἵνα

1455 3225 1583 3271 ταύτην
1611 3225 1801 3277 ἀφέληται·
1831 3225 1946 3276 ἕτερος
1973 3224 2007 3262 δὲ
2033 3225 2090 3262 τὸν
2112 3224 2214 3275 ἀγρὸν
2243 3227 2302 3261 τοῦ
2334 3223 2479 3270 πένητος

1455 3287 1573 3326 λαὸὼν
1591 3289 1722 3338 συνῆψε
1746 3290 1796 3338 τῷ
1813 3289 1946 3324 ἑαυτοῦ.
1966 3285 2035 3323 Καὶ
2053 3286 2093 3324 τὸ
2113 3285 2153 3330 δὴ
2175 3287 2302 3335 μεῖζον,
2323 3285 2382 3323 καὶ
2398 3301 2479 3323 ›tou-
