2433 3775
780 171 822 202 ΙΝ
857 173 958 204 cn».
1000 173 1028 203 l.

170 257 258 296 Εἰπὲ
284 256 351 308 γάρ
371 270 447 306 μοι,
467 254 556 298 τίνος
587 254 701 293 ἕνεκεν
730 256 788 293 καὶ
821 256 877 294 διὰ
908 255 942 294 τί
968 255 1138 304 ἐπτόησαι

115 317 193 371 περὶ
211 316 268 355 τὸν
287 320 356 355 τῶν
375 314 566 368 ἀνθρώπων
583 314 723 354 ἔπαινον
734 331 744 365 5
766 318 842 355 Οὐκ
862 311 980 365 οἶσθα,
995 316 1049 356 ὅτι
1068 333 1137 356 κα-

113 377 222 429 θάπερ
242 377 337 425 σκιὰ,
360 376 420 415 καὶ
439 376 472 415 εἴ
487 392 521 415 τι
546 375 675 424 ταύτης
701 378 952 431 εὐτελέστερον,
969 377 1102 423 ὀὕτως
1120 382 1139 418 ὁ

111 438 208 492 παρὰ
226 438 356 477 τούτων
386 437 524 482 ἔπαινος
546 441 592 483 εἷς
612 439 669 477 τὸν
697 438 784 491 ἀέρα
813 440 988 492 διαχυθεὶς
1008 440 1136 492 ἀφανί-

111 502 227 546 ζεται;
245 499 376 543 Ἄλλως
391 515 428 537 τε
448 499 506 538 καὶ
524 499 788 553 εὐπερίτρεπτος
803 501 862 539 καὶ
879 501 1138 552 εὐμετάὸλητός

111 561 202 598 ἐστιν
222 563 244 606 ἡ
265 562 334 599 τῶν
363 559 554 612 ἀνθρώπων
581 560 698 613 φύσις,
718 561 778 599 καὶ
802 564 833 600 οἱ
862 561 960 600 αὐτοὶ
983 566 1041 600 νῦν
1073 562 1136 613 μὲν

1010 623 1025 635 Ν

111 624 302 668 ἐπαινοῦσι,
334 625 391 660 νῦν
425 621 461 661 δὲ
487 622 666 666 κακίζουσι
690 623 747 661 τὸν
776 622 900 661 αὐτόν·
926 622 983 660 ἐπὶ
1006 623 1041 662 οὲ
1074 627 1136 670 τῆς

110 687 169 722 τοῦ
187 686 279 723 Θεοῦ
294 684 408 737 ψήφου
427 686 488 723 οὐκ
515 684 555 722 ἄν
584 699 667 723 ποτε
686 689 786 723 τοῦτο
810 683 954 735 γένοιτο.
979 684 1040 732 Μὴ
1058 685 1133 722 τοί-

109 762 168 784 νυν
189 739 448 796 ἀνόητοιῶμεν,
469 745 556 795 μηδὲ
577 746 652 795 εἰκῇ
674 745 733 783 καὶ
753 746 867 794 μάτην
885 744 1026 788 ἑαυτοὺς
1041 748 1133 784 ἀπα-

107 809 234 856 τῶμεν.
255 805 329 844 Κᾶν
356 805 423 856 γὰρ
448 805 604 856 ποιῶμέν
617 821 652 843 τι
670 807 810 856 ἀγαθὸν,
829 805 878 855 μὴ
899 804 955 843 διὰ
974 810 1075 844 τοῦτο
1096 806 1132 844 δὲ

107 866 209 917 μόνον
237 866 319 905 αὐτὸ
347 865 612 918 μετερχώμεθα,
640 865 698 904 ἵνα
717 866 780 912 τὴν
810 866 952 913 ἐντολὴν
983 866 1131 918 πληρώ-

106 943 221 980 σωμεν
241 932 300 966 τοῦ
322 927 493 979 ἡμετέρου
519 926 698 966 Δεσπότου
711 957 720 974 ,
747 926 898 980 κάκείνῳ
918 927 1013 980 μόνῳ
1037 927 1129 979 γνώ-

107 1002 201 1041 ριμοι
218 987 397 1039 γενώμεθα
410 1016 419 1032 ,
438 990 514 1039 εἰκῇ
535 988 592 1026 τὸν
611 988 714 1027 πόνον
734 988 972 1039 ὑπομένομεν,
991 992 1051 1027 τοῦ
1072 991 1128 1028 ἐν·

103 1051 219 1087 τεῦθεν
241 1052 375 1100 καρποῦ
405 1048 545 1092 ἑαυτοὺς
568 1051 850 1101 ἀποστεροῦντες.
868 1048 913 1088 ‘O
928 1049 994 1102 γὰρ
1016 1050 1074 1089 διὰ
1089 1050 1129 1089 τὸ

103 1113 273 1162 θηρᾶσθαι
289 1109 353 1156 τὴν
368 1110 466 1164 παρὰ
485 1112 553 1149 τῶν
569 1110 760 1164 ἀνθρώπιον
777 1110 875 1155 δόξαν
895 1128 928 1149 τι
950 1114 1019 1149 τῶν
1035 1115 1124 1164 ἀγα-

103 1174 170 1209 θῶν
191 1172 436 1223 ἐργαζόμενος,
465 1172 530 1210 κοῖν
545 1188 582 1210 τε
600 1172 729 1220 ταύτης
757 1174 956 1211 ἀπολαῦσαι
981 1175 1126 1226 δυνηθῇ,

102 1232 166 1270 κᾶν
180 1249 218 1271 τε
235 1233 283 1284 μή
297 1249 304 1256 ·
316 1229 484 1278 πολλάκις
498 1233 565 1286 γὰρ
577 1234 636 1272 καὶ
650 1233 707 1272 διὰ
722 1237 822 1273 τοῦτο
833 1234 948 1296 πάντα
961 1235 1126 1286 πράττων

102 1292 176 1332 οὐδὲ
191 1295 367 1347 ἐπιτυχεῖν
386 1294 514 1342 ταύτης
529 1295 714 1342 δυνήσεται
727 1310 734 1318 ·
754 1294 818 1332 κοῖν
832 1311 870 1333 τε
888 1298 945 1333 οὖν
961 1295 1126 1348 ἐπιτύχῃ,

100 1355 163 1392 κοῖν
179 1371 216 1393 τε
233 1355 405 1408 ἀποτύχῃ,
421 1358 592 1408 ἀρκοῦσαν
614 1357 750 1408 ε”ληφεν
774 1358 921 1394 ἐνταῦθα
940 1355 1002 1403 τὴν
1019 1360 1124 1407 ἀμοι-

100 1414 164 1461 δὴν
178 1446 186 1460 ,
206 1415 265 1454 καὶ
291 1416 452 1466 οὐδεμίαν
472 1416 622 1469 λήψεται
644 1419 714 1455 ἐκεῖ
741 1417 828 1470 ὑπὲρ
846 1418 969 1457 τούτου
990 1417 1125 1456 1ὀἰντα-

98 1477 252 1515 πόδοσιν.
278 1477 346 1516 Διὰ
367 1477 422 1525 τί;
442 1477 588 1524 Ἐπειδὴ
620 1479 806 1530 προλαὸὼν
828 1479 948 1517 ἑαυτὸν
976 1479 1123 1518 ἀπεστέ-

98 1553 182 1590 ρησε
199 1540 261 1585 τῆς
278 1538 376 1591 παρὰ
394 1542 453 1577 τοῦ
469 1543 588 1593 κριτοῦ
606 1538 806 1592 φιλοτιμίας
817 1569 826 1586 ,
841 1539 1063 1593 προτιμήσας
1079 1539 1122 1578 τὰ

95 1600 251 1651 παρόντα
267 1602 335 1638 τῶν
353 1600 562 1651 μελλόντων,
581 1601 641 1639 καὶ
655 1600 718 1648 τὴν
735 1617 783 1639 πα
790 1600 831 1655 ρὰ
847 1604 915 1639 τῶν
930 1601 1122 1655 ἀνθρώπων

96 1660 193 1705 δόξαν
220 1664 283 1708 τῆς
307 1661 422 1714 ψήφου
448 1665 507 1700 τοῦ
536 1661 670 1700 δικαίου
693 1665 826 1714 κριτοῦ.
855 1661 970 1700 Πάλιν
1004 1662 1043 1700 ἂν
1077 1660 1122 1699 δι’

95 1723 176 1761 αὐτὸ
204 1726 304 1761 τοῦτο
333 1722 434 1773 μόνον
464 1722 691 1774 ἐργαζώμεθά
719 1725 840 1761 τιτῶν
859 1726 1119 1786 πνευματικῶν,

92 1783 182 1823 ὥστε
201 1784 320 1837 ἐκείνῳ
341 1784 444 1835 μόνον
467 1783 590 1836 ἀρέσαι
606 1787 656 1837 τῷ
676 1784 859 1836 ἀκοιμήτῳ
878 1785 1048 1836 ὀφθαλμῷ
1060 1815 1070 1832 ,
1090 1787 1119 1835 ᾡ

92 1844 206 1882 πάντα
224 1845 340 1896 γυμνά
359 1847 433 1884 ἐστι
455 1845 514 1883 καὶ
533 1845 856 1896 τετραχηλισμένα,
876 1845 935 1882 καὶ
951 1848 968 1882 ὁ
987 1848 1119 1891 θησαυ-

94 1903 148 1956 ρὸς
172 1908 257 1955 ἡμῖν
279 1906 455 1949 ἀνάλωτος
484 1906 596 1957 μένει,
622 1905 744 1943 καὶτὰ
770 1907 834 1950 τῆς
853 1904 1004 1955 ἀμοιὲἧς
1034 1904 1117 1943 ἀκέ-

93 1981 194 2017 ραια,
223 1966 282 2004 καὶ
309 1970 331 2013 ἡ
361 1966 499 2018 χρηστὴ
531 1966 724 2018 προσδοκία
751 1968 904 2005 ἐντεῦθεν
935 1968 1020 2016 ἡμῖν
1047 1966 1115 2012 ἤδη

93 2027 221 2073 πολλὴν
250 2027 398 2079 παρέχει
428 2027 491 2074 τὴν
517 2027 762 2081 παραμυθίαν,
793 2027 852 2065 καὶ
882 2026 971 2077 μετὰ
992 2030 1051 2065 τοῦ
1079 2029 1114 2066 ἐν

89 2088 204 2140 ἀσύλῳ
245 2089 394 2141 ταμιείῳ
430 2088 563 2134 ἐκείνην
600 2092 684 2139 ἡμῖν
722 2087 1014 2140 διαφυλάττεσθαι
1050 2087 1112 2135 τὴν

88 2148 259 2199 ἀμοιὸἡν,
279 2150 339 2188 καὶ
373 2154 393 2196 ἡ
424 2149 521 2200 παρὰ
547 2152 615 2186 τῶν
651 2149 844 2201 ἀνθρώπιον
868 2149 1113 2195 ἀκολουθήσειε

86 2209 178 2254 δόξα.
199 2210 291 2248 Τότε
307 2209 375 2263 γὰρ
396 2212 502 2257 αὐτῆς
532 2211 664 2260 μᾶλλον
694 2208 783 2260 μετὰ
810 2209 991 2262 δαψιλείας
1022 2212 1112 2248 ἀπο-

83 2271 247 2322 λαύομεν,
268 2272 350 2311 ὅταν
370 2273 477 2318 αὐτῆς
496 2273 733 2323 ὑπερορῶμεν,
753 2269 834 2308 ὅταν
857 2269 964 2317 αὐτὴν
982 2270 1030 2321 μὴ
1051 2272 1111 2318 ζη-

83 2334 198 2382 τῶμεν
212 2363 222 2379 ,
242 2332 323 2371 ὅταν
347 2332 455 2378 αὐτὴν
475 2332 525 2383 μὴ
545 2331 741 2382 διώκωμεν.
758 2332 828 2370 Καὶ
848 2332 882 2370 τί
902 2333 1107 2383 θαυμάζεις,

82 2395 112 2431 εἷ
147 2394 204 2432 ἐπὶ
235 2397 303 2432 τῶν
328 2394 392 2442 τὴν
418 2393 659 2446 πνευματικὴν
688 2393 891 2447 φιλοσοφίαν
918 2394 1106 2445 μετιόντων

81 2459 183 2494 τοῦτο
203 2455 349 2507 γίνεται,
379 2455 465 2494 ὅπου
483 2472 523 2508 γε
542 2455 602 2493 καὶ
622 2455 678 2494 ἐπὶ
698 2457 766 2493 τῶν
787 2454 867 2508 περὶ
887 2454 931 2493 τὰ
957 2460 1017 2493 τοῦ
1044 2456 1104 2494 κό-

79 2531 168 2567 σμου
201 2517 394 2570 πράγματα
437 2515 680 2567 ἐπτοημένων,
720 2516 850 2555 τούτων
883 2517 1037 2567 μάλιστα
1073 2519 1104 2555 οἱ

79 2579 216 2623 πλείους
242 2582 518 2631 καταφρονοῦσι,
538 2579 597 2617 καὶ
619 2580 816 2633 ὑπερορῶσι
841 2582 910 2616 τῶν
929 2581 1104 2626 ἐπιζητεῖν

80 2637 299 2688 βουλομένων
319 2637 382 2684 τὴν
401 2637 497 2690 παρὰ
516 2640 586 2675 τῶν
615 2637 806 2689 ἀνθρώπων
835 2639 919 2688 εὔφη
926 2637 1027 2687 μίαν,
1045 2638 1104 2676 καὶ

80 2698 236 2750 εὑρήσεις
257 2698 354 2752 παρὰ
372 2698 513 2736 πάντων
534 2696 657 2742 αὐτοὺς
675 2698 941 2749 σκωπτομένους
967 2699 1026 2738 ἐπὶ
1052 2703 1102 2753 τῷ

78 2762 140 2806 τῆς
157 2759 353 2803 κενοδοκίας
384 2760 558 2812 ἐφίεσθαι;
579 2759 626 2798 Τί
647 2754 705 2799 οῧν
735 2759 944 2814 ἀθλιώτερον
969 2761 1102 2813 γένοιτο

78 2823 178 2871 ἡμῶν
197 2824 266 2859 τῶν
293 2820 336 2859 τὰ
363 2821 580 2872 πνευματικὰ
612 2821 824 2871 μετιόντων,
856 2824 886 2859 εἷ
913 2822 1100 2874 μέλλοιμεν

77 2880 204 2931 ὁμοίως
230 2882 371 2926 ἐκείνοις
398 2882 479 2935 περὶ
508 2883 571 2927 τὰς
597 2886 666 2921 τῶν
698 2882 889 2935 ἀνθρώπων
917 2885 1101 2936 κεχηνέναι

79 2939 268 2993 εὐφημίας,
283 2943 342 2980 καὶ
363 2942 411 2993 μὴ
430 2946 609 2996 ἀρκεῖσθαι
631 2946 682 2995 τῷ
699 2944 830 2996 ἐπαίνῳ
849 2947 899 2997 τῷ
919 2945 1016 2998 παρὰ
1039 2949 1099 2983 τοῦ

78 3005 188 3050 Θεοῦ,
217 3003 374 3055 καθάπερ
399 3003 457 3041 καὶ
481 3008 500 3043 ὁ
524 3004 665 3049 Παῦλός
691 3021 818 3057 φησιν,
838 3000 892 3044 Οῧ
914 3009 931 3044 ὁ
961 3006 1100 3051 ἔπαινος

77 3065 140 3102 οὖκ
153 3063 188 3109 ἐξ
208 3065 421 3117 ἀνθρώπων,
437 3066 514 3104 ἀλλ’
533 3067 573 3104 ἐκ
597 3070 657 3105 τοῦ
674 3068 779 3105 Θεοῦ.
799 3069 879 3119 Οὐχ
897 3070 997 3119 ὁρᾷς,
1015 3071 1100 3120 ἀγα·

64 3125 184 3174 ,vt-tite,
204 3126 264 3164 καὶ
286 3127 320 3164 ἐν
337 3132 413 3170 ταῖς
427 3126 692 3180 ἱπποδρομίαις,
711 3126 806 3170 ὅπως
825 3129 856 3165 οἱ
879 3128 957 3172 τοὺς
972 3128 1099 3175 ἵππους

123 3261 136 3276 ¹·
153 3251 208 3284 Sic
224 3252 325 3285 Saxil.
343 3261 375 3286 et
395 3254 470 3287 Mss.
485 3266 495 3297 ς
511 3255 628 3289 Morel.
648 3261 663 3291 'o
680 3263 782 3302 παρὼν
800 3262 922 3292 τούτων.

122 3305 138 3328 b
154 3304 229 3336 51⁵5.
245 3305 376 3347 plurimi
393 3314 446 3346 τήν
462 3312 616 3349 ›azaricam-2,
632 3317 665 3341 et
677 3311 726 3342 s‘ic
742 3311 841 3342 etiam
861 3309 1012 3347 sax-ilius,
1024 3309 1079 3342 sed

79 3367 153 3387 rum
184 3358 338 3390 asiel-isco
364 3368 549 3401 suspectam
579 3373 692 3394 xocem
722 3370 870 3395 notante.
895 3362 1007 3395 moret.
1029 3371 1081 3401 τῇ,

1066 173 1225 205 Gumis.

1265 177 1420 208 tloMiL.
1462 180 1506 210 V.
2110 184 2167 243 ἱ7

1263 261 1300 298 6.
1317 260 1402 309 Die,
1422 262 1580 313 obsecro,
1600 265 1701 315 milii,
1722 282 1787 306 cui·
1806 279 1838 307 ct
1857 284 1924 321 qua
1940 273 1984 311 dc
2002 288 2105 314 causa
2124 278 2171 316 ita

1211 318 1397 360 hominum
1435 323 1543 362 laude
1585 326 1742 365 teneris?
1771 329 1913 378 Nescis,
1944 337 2041 383 quod
2081 337 2173 375 sicut

1213 381 1351 431 umbra,
1371 391 1405 421 et
1422 382 1451 422 si
1467 384 1556 435 quid
1575 385 1637 424 illa
1653 387 1778 436 vilius,
1801 389 1847 427 ita
1868 390 2012 431 illorum
2033 395 2109 433 laus
2137 398 2169 435 iu

1210 455 1327 480 aerem
1351 441 1484 483 dissusa
1520 457 1706 486 evanescat
1723 448 1740 486 ἶ)
1771 450 1938 501 Alioquin
1972 453 2173 495 inconstans

1211 511 1244 540 et
1258 504 1430 543 mutabile
1443 515 1494 545 est
1508 506 1693 547 hominum
1710 524 1833 561 genus,
1850 522 1884 550 et
1898 512 1952 552 illi
1974 513 2063 567 ipsis
2076 531 2170 555 euui-

1209 562 1305 610 dem,
1331 580 1435 616 quem
1457 582 1550 606 nunc
1572 569 1732 620 laudaut,
1752 585 1821 609 non
1844 574 1958 612 multo
1976 586 2055 627 post
2070 577 2170 616 vitu-

1211 634 1332 675 perant
1349 641 1356 661 :
1373 628 1470 677 quod
1490 628 1525 666 iu
1545 630 1718 670 sententia
1737 632 1802 670 Dei
1825 648 2020 686 numquam
2041 652 2172 678 usuve-

1210 684 1273 722 nii.
1289 687 1342 724 Ne
1356 686 1466 738 igitur
1479 690 1523 727 ita
1539 689 1768 743 desipiamus,
1783 708 1825 732 ne
1841 704 1972 736 temere
1987 708 2020 737 et
2036 699 2171 752 absque

1206 747 1322 784 fructu
1371 749 1537 788 fallamus
1568 765 1630 790 nos
1664 754 1769 806 ipsos
1798 757 1889 795 Nam
1935 761 1999 798 etsi
2032 761 2168 802 honum

1206 808 1380 856 quiddam
1400 811 1565 861 facimus,
1582 827 1650 851 non
1667 824 1785 853 auiein
1803 828 1948 870 propter
1964 821 2032 859 hoc
2050 824 2167 862 solum

1205 868 1358 919 agimus,
1373 880 1412 908 ut
1425 872 1633 911 mandatum
1651 876 1795 914 Domini
1814 880 1922 916 nostri
1939 880 2167 933 impleamus,

1204 929 1305 980 eique
1322 931 1388 968 soli
1417 933 1550 984 cogniti
1577 934 1702 985 simus,
1731 936 1889 976 laborem
1918 940 2014 979 hunc
2034 943 2166 982 frustra

1204 990 1434 1043 suscipimus,
1453 1007 1586 1045 uosque
1603 996 1791 1047 privamus
1807 999 1942 1050 fructu,
1961 1016 2066 1052 quem
2086 1004 2167 1042 inde

1204 1052 1342 1103 assequi
1375 1053 1509 1092 liceret.
1536 1058 1627 1094 Nam
1659 1057 1687 1095 is
1720 1059 1781 1109 qui
1817 1061 1868 1111 ut}
1885 1062 1931 1099 al)
1960 1063 2166 1105 hominihus

1204 1113 1356 1164 gloriam
1372 1125 1532 1165 venetur,
1545 1118 1633 1169 quid
1650 1120 1733 1158 boni
1751 1132 1932 1173 operatur,
1948 1125 2023 1163 sive
2038 1141 2076 1164 ea
2093 1127 2164 1166 frui

1203 1175 1348 1226 poterit,
1369 1176 1445 1215 sive
1460 1192 1548 1228 noii3
1565 1193 1657 1232 saepe
1674 1181 1768 1219 enim
1789 1192 1822 1220 et
1841 1185 1901 1234 qui
1923 1196 2069 1238 propter
2090 1189 2165 1227 ina-

1202 1249 1281 1274 nem
1297 1237 1449 1288 gloriam
1467 1240 1587 1278 onmia
1602 1241 1699 1290 sacit,
1720 1242 1828 1281 etiam
1846 1245 1924 1297 ipsa
1949 1247 2161 1298 frustra1ur5

1201 1296 1276 1335 sive
1311 1298 1420 1350 igitur
1455 1314 1494 1337 ea
1526 1301 1686 1353 potiatur
1700 1332 1710 1351 ,
1749 1304 1824 1342 sive
1856 1319 1923 1344 non
1940 1337 1950 1355 ,
1985 1309 2070 1346 satis
2103 1310 2161 1348 liic

1201 1358 1444 1398 retributionis
1464 1361 1622 1413 accepit,
1643 1372 1676 1400 et
1704 1363 1754 1402 ibi
1774 1365 1866 1403 nihil
1896 1367 2045 1420 accipiet
2071 1384 2160 1422 prm-

1198 1418 1364 1457 miorum.
1399 1421 1520 1467 Quare
1552 1421 1650 1460 hoc?
1677 1424 1772 1471 Quia
1801 1427 1990 1478 prasci-ens
2028 1430 2160 1468 futuris

1197 1481 1402 1532 prasentia,
1415 1490 1447 1519 et
1460 1482 1547 1534 justi
1564 1484 1703 1523 Judicis
1717 1485 1853 1525 calculo
1870 1488 2065 1527 humanam
2081 1491 2159 1543 glo—

1196 1541 1302 1592 riam,
1318 1542 1507 1594 indignum
1520 1558 1556 1582 sc
1568 1545 1685 1583 reddit
1705 1547 1766 1598 qui
1779 1562 1797 1586 a
1809 1548 1936 1588 Judice
1951 1549 2157 1591 honoretur.

1197 1602 1326 1640 Contra
1345 1603 1373 1641 si
1391 1613 1538 1656 propter
1550 1605 1617 1643 hoc
1634 1606 1748 1645 solum
1766 1622 1955 1660 operemur
1975 1612 2159 1664 spirituale

1194 1661 1341 1713 aliquod
1374 1664 1523 1713 honum,
1552 1675 1592 1704 ut·
1618 1667 1823 1719 placeamus
1855 1672 1958 1709 oculo
1987 1673 2041 1710 illi
2074 1674 2153 1721 soli,

1165 260 1186 290 Β

1193 1784 1311 1822 onmia
1326 1799 1334 1821 :
1350 1794 1383 1823 et
1401 1785 1586 1825 thesaurus
1602 1798 1718 1827 noster
1731 1789 1767 1827 in
1788 1800 1862 1829 toto
1883 1793 1961 1842 erit,
1978 1803 2011 1831 et
2034 1795 2154 1833 incor—

1190 1854 1304 1896 ruptae
1324 1859 1386 1883 nos
1406 1861 1538 1885 merces
1566 1850 1775 1901 manebunt,
1806 1861 1838 1890 et
1865 1867 1909 1891 ex
1935 1855 2012 1907 ipsa
2031 1870 2154 1893 earum

1190 1906 1292 1946 suavi
1309 1908 1573 1960 exspectatione
1591 1911 1694 1948 nobis
1717 1913 1829 1951 multa
1856 1916 2051 1954 consolatio
2069 1918 2150 1968 erit,

1190 1965 1278 2004 dum
1302 1967 1337 2005 in
1358 1971 1601 2020 promtum-io,
1629 1972 1725 2022 quod
1751 1988 1851 2012 nemo
1877 1975 2034 2029 diripere
2054 1988 2150 2030 pote—

1188 2027 1246 2076 rit,
1269 2028 1330 2066 illa
1351 2029 1453 2067 nohis
1476 2031 1572 2070 salva
1595 2033 1794 2072 custoditur
1814 2050 1970 2075 merces:
1994 2038 2066 2077 imo
2091 2055 2146 2078 se-

1194 1723 1255 1773 qui
1283 1724 1393 1776 sopiri
1424 1725 1560 1777 nescit,
1584 1736 1618 1764 et
1649 1729 1704 1766 cui
1735 1730 1832 1768 nuda
1862 1741 1894 1769 ct
1923 1743 2043 1785 aperta
2073 1745 2154 1772 sunt
2199 1778 2203 1781 Δ

2179 2062 2243 2090 61οι
2254 2065 2276 2091 ia
2295 2066 2350 2092 liii-

1186 2087 1309 2137 quitur
1319 2088 1425 2126 etiam
1437 2089 1549 2140 gloria
1561 2091 1729 2130 humana.
1740 2094 1844 2132 Tunc
1858 2095 1952 2133 enim
1961 2097 2022 2135 illa
2035 2100 2147 2138 multo
2159 2114 2240 2132 man-¹
2257 2118 2265 2131 =
2275 2108 2294 2133 i·
2305 2113 2350 2133 ¹¹¹-

1184 2207 1230 2246 do
1250 2222 1326 2246 eam
1344 2223 1413 2247 non
1438 2210 1632 2261 quaerimus
1649 2243 1658 2260 ,
1679 2214 1821 2263 quando
1848 2229 1924 2254 eam
1943 2231 2012 2255 non
2035 2229 2146 2258 sceta-

1185 2285 1278 2308 mur.
1295 2270 1342 2308 Εἰ
1371 2271 1462 2322 quid
1492 2272 1658 2322 miraris,
1681 2275 1709 2312 si
1743 2275 1811 2314 hoc
1841 2278 1982 2316 eveniat
2010 2280 2053 2317 iis
2079 2281 2142 2332 qui

1183 2331 1386 2384 spirituales
1409 2333 1643 2386 philosophos
1663 2346 1787 2388 agunt,
1810 2352 1893 2376 cum
1910 2349 1943 2377 et
1966 2341 2071 2379 multi
2089 2356 2145 2380 eo-

1182 2407 1264 2430 rum
1295 2392 1356 2444 qui
1388 2394 1501 2450 hujus
1528 2395 1653 2435 mundi
1693 2397 1812 2436 studia
1844 2408 2024 2439 sectantur
2038 2433 2048 2452 ,
2087 2417 2145 2445 eos

1181 2455 1339 2493 maxime
1357 2465 1584 2494 contemnant
1602 2466 1635 2495 et
1654 2457 1866 2512 despiciant,
1884 2461 1944 2512 qui
1962 2464 2008 2501 ab
2027 2463 2144 2502 homi·

1180 2515 1286 2553 nibus
1306 2516 1457 2568 gloriam
1473 2527 1649 2567 quaerunt.
1668 2519 1895 2572 inveniesque
1911 2523 1954 2559 ah
1975 2525 2141 2563 omnihus

1178 2576 1337 2615 dicteriis
1353 2577 1475 2615 incessi
1496 2591 1553 2615 cos
1573 2579 1634 2629 qui
1654 2579 1818 2619 humanae
1835 2582 1956 2633 gloria}
1977 2585 2140 2623 inhiant?

1180 2637 1282 2686 Quid
1309 2638 1418 2690 igitur
1437 2638 1602 2676 miserius
1627 2640 1744 2689 nobis,
1765 2643 1825 2692 qui
1854 2644 2054 2695 spiritualia
2085 2661 2138 2685 se-

1179 2709 1330 2748 ctamur,
1350 2699 1378 2738 si
1403 2699 1537 2737 similes
1566 2700 1655 2749 illis,
1675 2702 1845 2741 celebrari
1863 2705 1908 2742 ab
1929 2705 2136 2746 hominibus

1178 2761 1385 2813 cupiamus,
1403 2770 1435 2798 et
1456 2761 1485 2798 si
1505 2775 1573 2798 non
1597 2771 1649 2799 sat
1676 2763 1781 2802 fuerit
1798 2765 1900 2804 nobis
1919 2781 1938 2805 a
1958 2769 2035 2806 Deo
2058 2770 2155 2823 lau--

1186 2147 1333 2186 uberius
1346 2149 1512 2198 fruimur,
1526 2151 1669 2200 quando
1683 2147 1758 2190 eain
1779 2153 2013 2207 despicimus,
2035 2172 2146 2209 quan·
2160 2152 2220 2215 :2¹1¹
2249 2157 2349 2184 *⁰¹¹⁴*

1178 2823 1385 2861 da1·i?sicut
1399 2832 1430 2860 et
1447 2822 1578 2860 Paulus
1593 2821 1680 2861 dicit
1695 2839 1702 2860 :
1722 2826 1842 2878 Cujus
1853 2828 1980 2880 gloria
1993 2844 2070 2868 non
2085 2846 2132 2870 ex
2150 2842 2236 2870 Ram.
2249 2852 2275 2870 2.
2287 2852 2333 2882 29.

1179 2885 1413 2930 hominihus,
1431 2885 1500 2921 sed
1520 2899 1567 2922 ea·
1583 2885 1681 2922 Deo.
1700 2887 1776 2924 Non
1795 2888 1908 2939 vides,
1926 2890 2067 2941 dilecte,
2096 2894 2131 2932 in

1123 2989 1134 2995 „
1178 2946 1404 2984 Circensibus
1419 2945 1525 2994 ludis,
1544 2947 1723 2997 quomodo
1738 2948 1761 2987 ii
1781 2950 1841 3001 qui
1857 2966 1964 3003 equos
1979 2955 2130 3006 agitant,

1121 2989 1155 3054 ,ξ
1176 3022 1244 3046 non
1273 3007 1463 3046 advertunt
1488 3006 1652 3058 plausum
1673 3018 1708 3047 et
1727 3010 1886 3050 savorem
1905 3016 2029 3067 populi
2045 3018 2131 3054 assi-

1176 3069 1292 3108 dentis
1314 3078 1344 3107 et
1365 3067 1605 3117 acclamantis,
1627 3084 1739 3121 neque
1758 3086 1804 3110 ex
1820 3087 1860 3111 eo
1879 3075 2006 3127 plausu
2029 3079 2130 3116 volu-

1176 3139 1308 3184 ptatem
1334 3129 1501 3181 capiunt:
1529 3128 1591 3167 sed
1618 3130 1662 3168 ad
1688 3135 1939 3173 unum-solum
1970 3148 2127 3189 spectant

1116 3263 1318 3294 ἀνταπόδοσιν.
1338 3261 1413 3293 Mox
1436 3272 1550 3294 omnes
1566 3270 1651 3310 παρὰ
1675 3271 1726 3299 τοῦ
1742 3271 1854 3311 κριτοῦ,
1876 3276 1992 3309 pra-ier
2009 3269 2122 3302 Morel.

1115 3312 1169 3354 ‘pii
1187 3310 1286 3344 habet
1306 3318 1362 3347 ἀπὸ
1379 3319 1430 3346 τοῦ
1446 3319 1558 3357 νριτοῦ.
