2516 3791
702 259 745 289 lx
783 258 882 289 mv.
927 259 1021 289 xm.

138 347 260 388 πᾶσιν;
277 340 509 380 Ἀκουέτωσαν
538 343 648 379 ταῦτα
669 343 699 379 οἱ
722 342 915 392 νομίζοντες
944 342 1008 386 ἔξω
1027 342 1156 394 τυγχά-

136 416 205 438 νειν
225 401 470 453 ἐγκλημάτων,
499 402 639 440 ἐπειδὰν
672 401 748 445 τοὺς
777 404 892 446 αὐτοῖς
918 403 1157 456 προσήκοντας

136 467 323 516 περιορῶσι
351 463 407 502 διὰ
429 463 492 510 τὴν
511 463 596 516 πρὸς
618 463 740 508 αὐτοὺς
764 464 960 510 οἰκειότητα
979 463 1155 515 ἁρπάζον-

134 539 215 569 τας,
232 525 521 566 πλεονεκτοῦντας
534 555 543 571 ,
561 524 668 578 μυρία
683 525 776 563 κακὰ
791 524 1025 571 διατιθέντας,
1045 523 1103 560 καὶ
1121 525 1155 560 ἐν

134 584 278 630 πόλεσι,
301 585 360 623 καὶ
380 588 414 624 ἐν
434 588 567 639 ἀγροῖς,
587 586 665 630 τοὺς
687 589 799 629 αὐτοῖς
828 589 1048 636 γειτνιῶντας
1061 615 1070 632 ,
1096 585 1155 622 καὶ

133 646 436 698 παρασπωμένους
454 651 512 684 τοῦ
535 647 596 698 μὲν
616 648 672 686 τὸν
692 648 812 699 ἀγρὸν,
825 651 884 684 τοῦ
899 646 934 685 δὲ
948 645 1011 692 τὴν
1027 644 1152 692 οἰκίαν,

134 708 321 758 καὶταύτῃ
338 709 481 747 πλείονα
500 711 630 760 μᾶλλον
661 708 724 755 τὴν
757 708 890 746 εὔνοιαν
919 707 1000 760 περὶ
1031 704 1153 749 αὐτοὺς

132 769 417 821 ἐπιδεικνύμενοι.
454 771 497 808 Εἰ
527 769 595 821 γὰρ
623 769 681 808 καὶ
713 770 828 821 ἑτέρου
853 769 891 806 τὸ
920 770 982 813 τῆς
1017 766 1153 810 ἀδικίας

133 831 228 882 ἔργον
247 826 302 877 ἦν,
318 833 395 868 ἀλλ’
418 831 520 873 αὐτὸς
546 829 776 876 ἐκοινώνησας
793 833 852 867 τοῦ
872 828 1078 879 πράγματος
1090 856 1098 871 ,
1114 830 1152 865 οὐ

130 891 233 940 μόνον
267 908 316 943 τι)
353 891 539 943 ἐφήδεσθαι
566 893 616 927 τῶ
648 888 867 940 γεγενημένα
880 917 889 933 ,
916 888 976 925 καὶ
1000 888 1151 938 νομίζειν

131 954 168 990 ἐκ
188 951 310 990 τούτου
326 968 379 990 σοι
399 951 460 998 τὴν
481 951 600 990 οὐσίαν
632 949 692 996 αὕς
679 950 815 995 εσθαι,
838 949 896 988 καὶ
916 948 979 996 τὴν
1009 965 1151 1002 περιου-

130 1011 206 1050 σίαν
221 1012 364 1051 πλείονα
382 1013 561 1064 γενέσθαι,
577 1011 667 1050 ἀλλὰ
680 1028 738 1050 και
758 1014 808 1050 τω
827 1011 876 1062 μὴ
894 1012 1050 1049 κωλῦσαι
1067 1011 1150 1061 μέλ-

128 1076 255 1112 λουσαν
274 1073 337 1121 τὴν
359 1074 494 1112 ἀδικίαν
520 1076 565 1118 εἰς
586 1073 684 1125 ἔργον
696 1052 878 1111 ἐκδαίνειν.
900 1072 945 1110 Ὁ
963 1073 1031 1125 γὰρ
1050 1073 1151 1110 δυνά-

131 1150 230 1184 μενος
249 1137 404 1173 κωλῦσαι
423 1135 481 1173 τὸν
512 1137 714 1180 ἀδικοῦντα,
735 1135 793 1173 καὶ
815 1134 863 1185 μὴ
895 1139 998 1172 τοῦτο
1027 1137 1149 1184 ποιῶν,

128 1196 189 1233 οὐκ
208 1195 351 1234 ἔλαττον
380 1201 438 1235 τοῦ
464 1197 661 1239 ἀδικοῦντος
688 1195 750 1240 τὰς
769 1196 911 1238 εὐθύνας
938 1194 1064 1248 ὑφέξει.
1085 1198 1146 1243 Μὴ

128 1257 238 1295 τοίνυν
261 1258 449 1308 ἀπαιτῶμεν
467 1256 848 1310 ἑαυτοὺς,παρακαλῶ,
868 1257 959 1295 ἀλλὰ
976 1257 1035 1295 καὶ
1051 1258 1147 1295 αὐτοὶ

127 1317 306 1369 φεύγωμεν
328 1318 390 1362 τὰς
421 1318 604 1370 ἁρπαγὰς,
626 1318 688 1362 τὰς
707 1318 923 1365 πλεονεξίας,
944 1318 1003 1356 καὶ
1033 1318 1073 1357 τὸ
1109 1322 1148 1358 ἐκ

125 1382 194 1416 τῶν
216 1379 377 1418 τοιούτων
407 1379 520 1424 αὔξειν
541 1384 626 1430 ἡμῖν
652 1379 715 1427 τὴν
743 1379 957 1433 περιουσίαν,
979 1379 1038 1418 καὶ
1069 1381 1148 1426 τοὺς

125 1443 210 1490 ἡμῖν
227 1441 464 1491 προσήκοντας
479 1441 700 1492 παιδεύωμεν
721 1442 828 1492 μηδὲν
849 1445 984 1480 τοιοῦτο
1003 1443 1145 1494 ἐργάζε-

126 1505 216 1539 σθαι.
237 1500 328 1540 Οὐδὲ
348 1501 415 1555 γὰρ
435 1502 634 1547 ἀνευθύνους
649 1505 743 1553 ἡμᾶς
762 1506 862 1540 τοῦτο
884 1501 1040 1554 ἀφίησιν,
1058 1503 1148 1542 ἀλλὰ

124 1562 266 1600 πλείονα
294 1563 356 1610 τὴν
387 1563 594 1616 κατάκρισιν
624 1564 830 1616 ἐργάζεται·
867 1563 954 1616 πρὸς
984 1563 1053 1617 γὰρ
1083 1565 1146 1611 τὴν

124 1622 296 1675 ἡμετέραν
323 1623 506 1675 ἀρέσκειαν
526 1626 650 1663 ἐκεῖνοι
680 1624 744 1671 τὴν
774 1627 907 1663 ἑαυτῶν
929 1626 1148 1677 προδιδόντες

123 1683 298 1734 σωτηρίαν
329 1683 392 1731 τὴν
419 1684 558 1723 ἀδικίαν
592 1687 768 1736 τολμῶσι,
804 1685 893 1736 μετὰ
921 1689 985 1732 τῆς
1016 1689 1146 1726 ἑαυτῶν

123 1745 299 1788 ἀπωλείας
319 1745 376 1783 καὶ
390 1749 483 1796 ἡμᾶς
494 1749 822 1798 συγκατασπῶντες.
841 1748 884 1785 Εἰ
896 1747 931 1787 δὲ
952 1749 1147 1800 βουλόμεθα

121 1805 255 1857 νήφειν,
273 1806 333 1843 καὶ
359 1807 457 1845 αὐτοὶ
484 1809 546 1852 τῆς
578 1809 731 1846 ἐντεῦθεν
752 1807 865 1859 λύμης
896 1810 1148 1861 ἀπαλλαγησό-

124 1869 230 1914 μεθα,
258 1867 436 1910 κάκείνους
469 1868 716 1920 ἀποστήσομεν
745 1872 806 1915 τῆς
837 1872 948 1915 κακῆς
969 1871 1147 1922 ἐπιχειρή-

123 1942 221 1968 σεως.
246 1928 314 1964 Καὶ
342 1928 390 1977 μή
419 1944 478 1978 μοι
508 1929 588 1979 λεγε
612 1929 656 1967 τὰ
685 1929 803 1981 ψυχρα
825 1932 939 1968 ἐκεῖνα
981 1930 1146 1984 ῥήματα·

1071 1994 1145 2031 Ου-

125 2048 179 2087 δὲν
211 2044 305 2088 οἶδα·
335 2049 448 2103 ἔτερος
492 2051 698 2102 εἰργάσατο,
741 2054 803 2090 οὐκ
840 2051 1055 2098 ἐκοινώνησα
1083 2057 1146 2100 τῆς

123 1988 218 2026 ’ὐδέν
239 2004 297 2038 μοι
325 1967 433 2039 με’λεί.
456 1989 516 2036 Μη
547 1990 614 2042 γὰρ
642 1990 711 2041 ἐγὼ
736 1990 1040 2044 παρεσπασάμηη

123 2110 269 2154 ἀδικίας.
291 2111 428 2162 Σκῆψις
446 2127 555 2149 ταυτα
570 2128 630 2150 και
646 2112 829 2165 πρόφασις.
849 2114 891 2150 Ei
908 2112 1025 2164 βούλει
1037 2114 1144 2158 δεῖξαι
1166 2123 1190 2152 Ι)

119 2170 174 2208 ὅτι
194 2173 255 2208 οὐκ
271 2170 501 2218 ἐκοινώνησας
519 2175 582 2218 τῆς
603 2171 755 2219 ἀδικίας,
773 2188 832 2210 και
849 2175 887 2211 οὐ
906 2171 1121 2234 συνέπραξας
1133 2206 1142 2222 ‚

119 2246 179 2268 και
201 2234 263 2277 τῆς
281 2231 477 2275 πλεονεξίας
492 2233 530 2270 οὐ
551 2231 694 2306 γέγονας
712 2234 877 2286 ἐργάτης,
899 2225 1084 2287 δίόρθωσαι
1104 2235 1143 2274 τὸ

118 2292 265 2342 γεγονὸς,
277 2291 530 2345 παραμύθησαι
539 2294 598 2332 τὸν
609 2294 834 2345 ἠδικημένον,
844 2295 971 2339 ἀπόδος
983 2295 1027 2335 τὰ
1040 2298 1141 2348 ἀφαι-

120 2352 270 2403 ρεθέντα.
290 2354 394 2392 Οὕτω
420 2354 488 2409 γὰρ
507 2356 565 2393 καὶ
595 2357 719 2394 σαυτὸν
735 2357 978 2409 ἐλευθερώσεις
1006 2360 1138 2410 ἐγκλη-

120 2414 253 2462 μάτων,
282 2416 341 2452 καὶ
371 2416 428 2454 τὸν
459 2417 653 2464 ἠδικηκότα
677 2418 865 2471 διορθώσῃ,
884 2419 995 2464 δείξας
1023 2423 1070 2465 ὡς
1101 2423 1139 2459 οὐ

119 2473 209 2512 κατὰ
228 2474 369 2526 γνώμην
391 2492 451 2515 σου
468 2477 512 2515 τὰ
531 2481 614 2532 παρ’
635 2481 737 2518 αὐτοῦ
762 2480 983 2532 πέπρακται,
1003 2482 1061 2520 καὶ
1082 2481 1140 2520 τὸν

119 2535 250 2580 πένητα
274 2538 522 2590 παρακαλέσας
542 2542 605 2578 οὐκ
639 2540 783 2592 ἀφήσεις
814 2541 880 2580 ὑπὸ
897 2545 961 2589 τῆς
991 2542 1140 2593 ἀθυμίας

119 2599 359 2641 καταποθῆναι
369 2628 379 2645 ,
388 2598 430 2644 ἣν
443 2598 500 2637 διὰ
511 2599 574 2646 τὴν
577 2600 767 2675 ,ἀφαίρεσιν
778 2601 987 2654 ὑφίστασθαι
1001 2604 1136 2654 ἔμελλε.

121 2655 218 2702 Μὴ”
199 2672 306 2701 εστω,
323 2658 429 2710 φησὶ,
450 2660 550 2712 μάχη
567 2660 630 2699 ἀνὰ
651 2661 755 2712 μέσον
773 2663 858 2713 ἐμοῦ
886 2663 945 2702 καὶ
974 2668 1056 2713 σοῦ,
1078 2665 1137 2703 καὶ

118 2719 185 2754 τῶν
207 2718 379 2767 ποιμένων
400 2735 465 2769 μου
480 2737 539 2758 και
554 2724 623 2759 τῶν
642 2723 816 2773 ποιμένων
837 2740 916 2773 σου,
932 2724 986 2764 ὅτι
1002 2726 1134 2778 ἄνθρω-

119 2793 176 2815 ποι
195 2779 333 2831 ἀδελφοι
345 2782 472 2830 ἡμεῖς
458 2793 576 2832 εσμεν.
596 2776 696 2827 Εἶδες
712 2801 912 2837 πραυτητα;
932 2780 1045 2830 εἰδες’
1031 2787 1138 2825 επιεί-

120 2854 232 2884 ;ιειαν;
252 2839 372 2878 Ἄκουε
386 2857 445 2879 και
462 2845 530 2880 τῶν
549 2842 647 2891 ἑξης,
666 2844 722 2883 ἵνα
743 2845 856 2898 μάθῃς
875 2848 981 2886 αὐτου
1000 2863 1062 2894 της
1079 2863 1137 2900 φι-

118 2899 279 2951 λοσοφίας
292 2899 353 2948 τὴν
369 2902 577 2954 υπερὸολήν.
599 2905 678 2948 Πῶς
692 2909 750 2944 οὖν
765 2907 810 2946 τὰ
824 2923 910 2958 της
903 2908 979 2960 uriz
980 2924 1022 2955 ης
1036 2908 1135 2946 λύσιν

119 2960 208 3011 λάθῃ
221 2990 230 3006 ,
253 2975 312 2998 και
332 2961 460 3014 σίῗεσθῇ
478 2963 523 3001 τὰ
542 2979 604 3010 της
622 2967 851 3017 φιλονεικίας;
877 2968 965 3007 Ἰδου
993 2976 1091 3008 πᾶσα
1112 2973 1134 3017 ἡ

118 3022 162 3070 τῆ
173 3050 183 3066 ,
198 3035 314 3072 φησιν,
330 3021 481 3061 ἐναντίον
498 3040 558 3063 σου
571 3025 656 3064 ἐστί.
670 3027 969 3080 Διαχωρίσθητι’
949 3031 1010 3068 απ’
1029 3033 1133 3081 ε’μου·

120 3083 148 3119 εἰ
178 3080 219 3119 σὺ
258 3084 305 3125 εἰς
341 3084 526 3136 ἀριστερὰ,
557 3086 625 3137 ἐγὼ
663 3089 711 3131 εἷς
739 3088 851 3134 δεξιά·
887 3092 915 3128 εἷ
955 3090 990 3128 δὲ
1018 3107 1060 3129 συ
1087 3094 1134 3136 εἷς

119 3142 172 3184 δες
158 3140 230 3188 ῗιὰ,
261 3142 330 3193 ἐγὼ
364 3145 410 3187 εἷς
437 3146 614 3199 ἀριστερά.
645 3148 776 3187 Σκόπει
812 3155 872 3188 τοῦ
905 3151 1040 3190 δικαίου
1069 3152 1133 3200 τὴν

121 3203 334 3254 φιλοσοφίαν,
362 3206 421 3242 καὶ
449 3221 510 3252 της
532 3210 848 3261 ταπεινοφροσύνης
865 3212 927 3259 τὴν
957 3213 1130 3252 ἐπίτασιν.

123 3261 197 3313 Πρὸ
214 3261 248 3300 δὲ
271 3263 397 3302 τούτων
417 3265 522 3304 ἐννόει
550 3284 628 3318 μοι,
655 3270 835 3319 ἀγαπητὲ,
860 3271 924 3320 ὅση
945 3277 1004 3312 τοῦ
1030 3276 1137 3314 πλού-

120 3339 176 3360 του
198 3326 220 3369 ἡ
242 3323 358 3374 λύιιη,
380 3342 438 3364 και
457 3331 518 3374 τῆς
547 3330 745 3382 περιουσίας
772 3334 833 3379 τῆς
862 3335 992 3381 πολλῆς
1011 3339 1032 3382 ἡ
1055 3337 1133 3374 δια-·

120 3384 219 3453 ῡρρά.
244 3384 314 3422 11ὐῖ
301 3385 383 3432 ,ήθη
404 3386 447 3425 τὰ
474 3389 637 3439 ποίυ.,νια
657 3394 883 3445 προσεγένετο
909 3398 1055 3441 πλουτος
1072 3413 1135 3435 πο-

123 3457 197 3492 ως,
214 3459 272 3482 και
298 3446 417 3490 ευθέως
447 3449 670 3490 διακόπτεται
690 3457 710 3500 ἠ
729 3454 893 3504 ὁμόνοια
916 3473 974 3495 και
992 3453 1115 3496 ἔνθα
1094 3475 1135 3505 ην

1060 257 1220 288 ΟΙίΝΙὶὃ.

2089 245 2178 305 380)

1228 350 1259 378 et
1279 339 1500 393 digladiari?
1521 340 1673 377 Audiant
1694 338 1768 377 11031ι
1789 339 1848 391 qui
1873 354 1907 377 sc
1929 349 2027 377 extra
2059 355 2180 393 repre-

1228 402 1430 440 hensionem
1450 409 1574 454 putant
1590 415 1678 451 esse,
1701 399 1842 452 quando
1863 409 2008 453 propter
2026 401 2177 438 familia-

1226 464 1364 502 ritatem
1396 463 1606 516 propinquis
1632 463 1706 500 suis
1726 462 1916 501 connivent
1942 462 2175 514 rapientibus,

1226 525 1509 578 decipientibus,
1535 524 1645 563 multa
1662 524 1753 562 mala
1769 523 2067 571 machinantibus,
2088 532 2120 561 et
2141 523 2174 561 iu

1260 256 1414 288 timul..
1456 257 1611 287 xxxin.

1189 589 1199 615 ἲ
1226 586 1445 635 civitatibus,
1474 595 1507 624 et
1536 587 1570 624 in
1590 586 1697 637 agris,
1717 586 1958 624 auferentibus
1995 599 2013 622 a
2049 585 2176 623 vicinis

1227 660 1319 685 nunc
1338 661 1478 699 agrum,
1495 661 1588 685 nunc
1606 646 1768 694 domum,
1790 662 1899 699 caque
1918 646 1963 686 de
1978 661 2080 685 causa
2102 661 2176 684 mu-

1219 708 1291 759 jori
1319 708 1405 746 tales
1432 708 1592 746 homines
1626 709 1870 747 benevolentia
1896 718 2172 761 prosequuntur.

1223 769 1316 806 Nam
1346 768 1426 806 licet
1446 768 1608 818 iniquum
1642 783 1731 820 opus
1762 770 1807 808 ab
1823 769 1892 806 alio
1910 778 2087 821 patratum
2113 769 2173 816 sit,

1221 838 1338 867 tamen
1367 839 1400 867 et
1422 829 1495 882 ipse
1525 830 1653 880 negotii
1678 830 1854 881 particeps
1881 830 1977 867 suisti
1997 847 2003 866 :
2027 845 2093 868 non
2118 846 2172 867 50-

1223 889 1298 927 111111
1314 889 1610 941 quodoblcctcris
1624 890 1726 939 sueto,
1742 899 1773 927 et
1788 890 1909 927 credas
1926 890 2007 928 inde
2027 892 2173 929 fuculta-

1223 950 1318 988 tibus
1338 950 1408 988 tuis
1433 950 1687 989 incrementum
1709 950 1895 1000 aecedere3
1913 951 1972 989 sed
1992 952 2086 1003 quod
2107 967 2173 990 nou

1223 1012 1429 1064 prohibeas,
1458 1026 1501 1050 ne
1534 1011 1670 1051 facinus
1699 1012 1954 1051 committatur.
1988 1015 2080 1051 Nam
2113 1015 2173 1065 qui

1222 1073 1412 1125 prohibere
1429 1082 1541 1127 potest
1560 1088 1640 1111 eum
1655 1074 1715 1126 qui
1737 1073 1903 1126 injuriam
1925 1074 2041 1125 insert,
2057 1085 2090 1113 et
2107 1090 2175 1114 non

1220 1135 1399 1187 prohibet,
1438 1135 1467 1173 is
1489 1150 1556 1173 non
1589 1136 1763 1174 minorem
1784 1135 1856 1173 luet
1885 1150 2039 1188 poenam,
2069 1151 2175 1187 quam

1219 1196 1313 1247 qui
1303 1196 1471 1250 injuriam
1499 1196 1617 1235 insert.
1639 1197 1795 1235 Obsecro
1821 1197 1945 1249 igitur,
1971 1212 2013 1235 ne
2031 1198 2175 1237 seduca-

1220 1271 1300 1295 mus
1316 1258 1565 1311 nosmetipsos⁷
1599 1256 1660 1295 scd
1684 1267 1717 1296 et
1738 1257 1803 1310 ipsi
1823 1259 2000 1311 fugiamus
2033 1259 2174 1312 rapinas

1179 1323 1191 1331 ”
1218 1328 1251 1357 et
1269 1318 1426 1371 fraudes,
1448 1330 1482 1358 et
1498 1335 1542 1359 ex
1559 1319 1759 1358 istiusmodi
1775 1320 1912 1359 :vitibus
1940 1322 2175 1361 emolumenta

1218 1389 1252 1419 et
1280 1381 1379 1419 lucra
1398 1391 1457 1420 :et
1489 1382 1681 1420 familiares
1714 1391 1851 1421 nostros
1880 1383 2102 1436 erudiamus,
2135 1401 2176 1425 ne

1218 1442 1308 1493 quid
1323 1443 1392 1481 tale
1410 1453 1611 1496 operentur.
1639 1444 1718 1482 Non
1739 1444 1832 1482 enim
1854 1445 1920 1483 hoc
1940 1459 2002 1484 nos
2022 1447 2177 1487 insontes

1219 1513 1377 1556 praestat,
1393 1504 1455 1543 sed
1476 1505 1592 1557 potius
1610 1505 1736 1558 majori
1759 1505 2043 1546 condemnationi
2063 1510 2176 1548 obno-

1220 1564 1298 1603 xios
1321 1581 1329 1601 :
1350 1565 1434 1617 quia
1456 1566 1490 1603 in
1513 1566 1624 1605 nostri
1644 1566 1794 1618 gratiam
1819 1567 1872 1605 illi
1891 1583 1991 1606 suam
2011 1570 2175 1609 amitten-

1219 1631 1270 1661 tes
1284 1624 1449 1673 salutem,
1467 1624 1679 1677 injustitiam
1692 1625 1838 1676 audent,
1860 1636 1893 1664 et
1912 1627 1980 1679 ipsi
2001 1628 2035 1666 in
2057 1631 2173 1681 perni-

1219 1681 1307 1719 ciem
1324 1691 1447 1720 euntes
1465 1697 1529 1721 1105
1549 1697 1668 1722 secum
1693 1684 1849 1736 rapiunt.
1868 1685 1975 1732 Quod
1995 1687 2023 1724 si
2048 1687 2174 1739 vigiles

1218 1756 1292 1780 esse
1316 1743 1551 1793 voluerimus,
1573 1753 1606 1781 et
1636 1744 1704 1796 ipsi
1721 1745 1766 1784 ab
1785 1760 1825 1783 eo
1852 1746 1983 1784 damno
2004 1747 2172 1786 liberabi—

1219 1817 1312 1851 mur,
1333 1813 1366 1842 et
1379 1803 1460 1842 illos
1478 1819 1496 1841 a
1517 1804 1622 1842 malis
1641 1807 1826 1844 conatibus
1838 1807 2049 1846 arcebimus.
2063 1810 2173 1848 Porro

1219 1878 1261 1901 ne
1289 1864 1379 1902 mihi
1415 1864 1513 1903 dicas
1545 1865 1672 1903 frivola
1703 1866 1764 1903 illa
1797 1867 1926 1905 verba:
1950 1869 2050 1906 Nihil
2083 1871 2172 1908 mihi

1218 1938 1311 1962 curae
1330 1934 1394 1964 est.
1418 1925 1604 1976 Numquid
1619 1939 1684 1977 ego
1700 1927 1802 1978 rapui
1815 1928 1832 1964 ἶ)
1846 1928 1945 1966 Nihil
1966 1930 2055 1967 mihi
2071 1945 2108 1968 ea
2128 1931 2173 1969 de

1218 2000 1254 2023 re
1275 1995 1410 2024 constat
1427 2003 1434 2023 ε
1451 1987 1543 2025 alius
1559 1987 1656 2036 fecit,
1679 2002 1746 2025 non
1759 1989 1811 2026 fui
1832 1990 2009 2044 particeps
2030 1993 2170 2045 injusti-

1219 2048 1286 2086 tiae.
1305 2050 1502 2086 Praetcxtus
1530 2048 1591 2086 illa
1611 2059 1707 2100 sunt,
1737 2059 1772 2088 et
1796 2051 1898 2089 inane
1917 2063 2168 2092 commentum.

1216 2107 1254 2147 Si
1273 2108 1328 2147 vis
1339 2108 1520 2147 declarare
1537 2119 1570 2148 te
1586 2123 1654 2147 non
1668 2120 1863 2149 consortem
1892 2112 2000 2150 fuisse
2024 2114 2168 2166 injusti-

1217 2168 1285 2216 u'ae,
1306 2183 1416 2220 neque
1443 2169 1604 2207 avaritiae
1631 2169 1821 2219 studuisse,
1846 2173 1994 2210 emenda
2022 2175 2167 2222 factum,

1215 2228 1328 2266 solare
1340 2243 1421 2266 eum
1441 2229 1501 2280 qui
1518 2228 1648 2281 injuria
1666 2229 1812 2268 affectus
1831 2241 1894 2278 est,
1918 2232 2024 2271 redde
2038 2233 2165 2273 ablata.

1214 2289 1274 2328 Sic
1287 2289 1382 2327 enim
1402 2298 1435 2327 et
1456 2298 1490 2327 te
1505 2289 1624 2342 ipsum
1643 2304 1663 2327 a
1683 2290 1896 2329 criminibus
1928 2292 2111 2344 liberabis,
2135 2306 2166 2334 et

1215 2365 1295 2388 eum
1310 2351 1370 2402 qui
1391 2350 1559 2403 injuriam
1582 2351 1662 2388 fecit
1677 2351 1844 2404 corriges,
1865 2353 1895 2391 si
1914 2353 2164 2403 declaraveris,

1216 2413 1291 2451 liaec
1307 2427 1375 2451 non
1392 2413 1498 2451 fuisse
1511 2414 1600 2451 facta
1616 2413 1812 2452 secundum
1826 2415 2040 2456 voluntatem
2056 2428 2164 2467 tuam,

1215 2483 1248 2512 et
1267 2474 1450 2513 consolans
1465 2488 1672 2527 pauperem,
1694 2489 1761 2513 non
1782 2476 1905 2515 siveris
1920 2492 2000 2516 eum
2019 2494 2038 2516 a
2057 2480 2164 2518 tristi-

1214 2535 1262 2573 tia
1281 2535 1476 2585 absorberi,
1496 2549 1604 2586 quam
1621 2536 1750 2574 ablatis
1770 2536 1873 2575 bonis
1892 2538 1964 2576 suis
1995 2554 2164 2591 passurus

1214 2607 1299 2635 erat.
1316 2599 1377 2635 Ne
1395 2600 1458 2646 sit,
1479 2596 1607 2647 inquit,
1632 2599 1720 2634 risa
1740 2600 1841 2635 inter
1861 2613 1920 2636 me
1935 2608 1969 2636 et
1988 2609 2035 2649 te,
2063 2604 2164 2640 inter·

1210 2669 1384 2711 pastores
1402 2673 1503 2696 meos
1523 2666 1559 2696 et
1579 2667 1663 2696 tuos
1683 2675 1692 2693 :
1715 2662 1808 2710 quia
1826 2661 2000 2700 homines
2015 2665 2162 2715 fratres

1214 2735 1282 2758 nos
1301 2734 1445 2759 summ.
1464 2718 1919 2758 Vidistimansuetudinem
1933 2723 1950 2758 9
1971 2723 2092 2763 vidisti
2112 2726 2161 2764 10-

1213 2782 1356 2819 nitatem
1373 2782 1391 2819 3*
1411 2780 1502 2818 Audi
1521 2789 1554 2817 et
1575 2781 1768 2831 sequentia,
1790 2789 1828 2818 ut
1844 2782 1961 2821 discas
1985 2787 2160 2825 excellen=

1212 2852 1281 2880 tem
1302 2843 1377 2895 ejus
1408 2841 1685 2894 philosophiam.
1717 2842 1906 2887 Quomodo
1946 2845 2055 2896 igitur
2083 2848 2158 2887 rixa

1211 2904 1418 2952 dirimitur,
1452 2912 1484 2940 et
1503 2903 1678 2941 contentio
1711 2904 1970 2955 restinguitur?
1988 2908 2026 2945 O.
2059 2911 2162 2948 Ecce

1213 2968 1336 3004 omnis
1352 2974 1469 3011 terra,
1498 2963 1627 3014 inquit,
1650 2978 1782 3002 coram
1802 2973 1838 3002 te
1857 2975 1923 3004 est.
1948 2969 2114 3009 Discede
2135 2988 2158 3010 a

1212 3042 1271 3066 me
1290 3044 1300 3063 :
1319 3029 1351 3065 si
1373 3035 1411 3063 tu
1435 3026 1489 3063 ad
1500 3027 1711 3070 sinistram,
1731 3039 1799 3077 ego
1818 3028 1872 3064 ad
1886 3029 2083 3069 dez-teram
2103 3038 2161 3074 ,·si

1212 3098 1251 3126 lu
1271 3089 1324 3126 ad
1337 3088 1550 3129 ἀρτων-(ινιτ,
1570 3099 1637 3137 ego
1657 3086 1711 3122 ad
1721 3089 1932 3128 sinistram.
1951 3092 2085 3131 Tecum
2106 3109 2158 3132 rc-

1211 3159 1296 3203 puta
1319 3146 1594 3201 philosophiam,
1609 3156 1643 3184 et
1671 3146 1844 3198 insignem
1872 3151 2079 3191 modestiam
2094 3155 2158 3192 hu-

1207 3212 1267 3263 jus
1280 3209 1379 3262 justi.
1395 3207 1464 3244 sed
1479 3216 1558 3244 anic
1573 3207 1664 3257 haec,
1679 3207 1837 3255 obsecro,
1858 3212 1971 3262 cogita
1985 3225 2158 3264 qnantum

1211 3286 1257 3309 ex
1275 3269 1414 3309 divitiis
1434 3267 1620 3315 damnum,
1638 3277 1671 3306 01
1688 3279 1817 3320 quanta
1838 3286 1879 3310 cx
1896 3274 2016 3312 multis
2030 3276 2159 3328 opibus

1185 3331 1400 3390 6contentio.
1422 3332 1532 3366 Aucta
1547 3338 1627 3366 sunt
1649 3341 1820 3380 armenta,
1843 3333 2068 3387 multiplicati
2082 3353 2160 3387 gre-

1164 3405 1285 3444 Ages,
1309 3392 1525 3430 affluxerunt
1541 3391 1678 3430 divitiae
1692 3393 1828 3441 multa»,
1849 3404 1881 3433 01
1895 3398 2012 3435 statim
2027 3398 2160 3437 discin-

1216 3456 1312 3493 ditur
1353 3452 1539 3492 concordia
1560 3469 1566 3488 :
1588 3461 1619 3490 01
1638 3453 1698 3491 11111
1730 3463 1800 3491 erat
1835 3470 1904 3507 pax
1942 3467 1971 3495 01
2007 3460 2162 3498 caritatis

2232 1217 2253 1244 Α
2268 1218 2379 1245 standi

2190 1260 2243 1286 bus
2258 1265 2285 1286 et
2303 1261 2379 1296 rapi-

2191 1302 2234 1327 nis
2248 1308 2356 1328 mucul.
