2516 3791
177 859 320 886 Paucitas.

133 901 301 927 auditorum

134 951 169 967 ne
215 944 323 970 coutri-

134 988 201 1010 stet.

337 135 428 181 858

337 231 544 270 viderentur
557 247 564 267 :
579 245 647 269 non
669 230 821 269 audiunt
833 243 944 279 nunc,
973 229 1050 267 imo
1066 234 1149 265 tunc
1170 227 1287 265 minus

338 292 543 342 a11dieban13
572 307 636 331 nec
653 292 769 330 solum
783 304 851 329 non
865 290 1070 339 audiebant,
1087 288 1148 326 sed
1181 287 1286 326 etiam

337 355 567 394 audientibus
585 353 818 407 obstrependo
830 352 967 390 molesti
983 360 1091 389 erant.
1121 352 1287 403 Quapro-
1315 362 1339 391 Α

338 426 416 469 pter
428 426 462 455 et
483 426 567 454 tunc
584 424 618 454 et
644 429 737 453 nunc
757 413 889 464 aequale
909 412 997 450 mihi
1017 420 1067 449 est
1091 411 1284 460 theatrum,

339 477 506 529 idemque
530 476 734 514 auditomm
771 483 978 522 conventus,
999 486 1063 510 nec
1090 472 1163 510 ulla
1184 472 1219 509 in
1251 485 1288 510 re

338 539 447 576 altero
465 538 525 576 hic
539 536 694 575 inferior.
709 536 800 584 Imo,
819 534 847 572 si
867 533 1000 571 mirum
1019 531 1158 583 aliquid
1168 532 1288 571 dicere

338 599 556 652 permittitis,
577 598 636 635 hic
667 597 731 635 illo
749 605 802 634 est
827 595 1068 649 praestantior,
1089 594 1186 646 quod
1213 594 1288 633 sine

337 663 485 715 strepitu
505 661 550 700 sit
565 675 695 711 sermo,
715 669 749 699 et
770 661 845 699 sine
871 659 1028 697 tumultu
1053 658 1229 708 doctrina,
1251 667 1285 697 et

337 738 417 761 cum
429 724 561 776 majore
572 722 754 760 intellectu
767 720 995 768 auscultatio,
1014 719 1114 758 nullo
1127 719 1286 757 tumultu

335 784 499 823 auditum
521 794 682 823 nostrum
699 783 992 836 interrumpente.

388 846 424 881 Q.
455 843 541 881 Haec
565 853 684 881 autem
712 841 808 892 dico,
832 855 903 879 non
933 839 1031 892 quod
1064 848 1286 878 contemnam

336 905 602 943 multitudinem
636 904 734 942 illius
767 911 974 950 conventus,
1012 900 1073 939 sed
1109 910 1148 938 ut
1181 901 1285 940 vobis

333 966 567 1021 persuadeam
595 980 640 1004 ne
667 965 829 1012 doleatis,
849 977 936 1002 neve
959 962 1217 1001 contristemini
1239 963 1285 1001 ob

333 1029 547 1083 paucitatem
569 1042 705 1076 eorum,
742 1026 802 1078 qui
822 1040 915 1064 nunc
935 1025 1006 1063 huc
1033 1034 1282 1064 convenerunt.
1315 1041 1335 1070 Β

333 1092 412 1129 Non
434 1090 528 1128 enim
557 1103 761 1142 corporum,
787 1086 850 1126 sed
874 1085 1085 1124 auditorum
1113 1085 1282 1123 multitu·

333 1151 453 1189 dinem
472 1151 507 1188 in
543 1149 688 1188 ecclesia
720 1147 946 1200 requirimus
987 1145 1282 1196 Quandoquidem

333 1211 444 1263 igitur
457 1210 566 1249 iidem
582 1209 741 1249 convivae
753 1209 816 1260 qui
836 1217 933 1257 tunc,
951 1207 1161 1246 etiamnunc
1183 1207 1285 1245 nobis

333 1272 474 1322 adsunt,
496 1272 573 1325 pari
589 1271 771 1309 alacritate
790 1269 897 1307 hodie
916 1282 1060 1319 quoque
1074 1268 1284 1306 convivium

333 1334 435 1372 vobis
453 1332 644 1378 exhibebo,
662 1331 710 1369 ad
726 1339 976 1382 argumentum
994 1343 1170 1378 reversus,
1188 1329 1283 1380 quod

332 1395 435 1433 nobis
447 1392 649 1433 festivitatis
667 1402 807 1444 tempus
820 1390 1021 1442 interrupit.
1040 1389 1283 1437 Quemadmo-

331 1455 420 1493 dum
451 1456 544 1494 enim
571 1455 607 1492 in
647 1455 850 1492 Pentecoste
877 1451 1167 1504 intempestivum
1197 1461 1282 1501 erat,

332 1516 461 1554 omissa
473 1513 726 1553 beneficiorum
745 1526 808 1565 per
820 1511 859 1550 id
872 1521 1012 1563 tempus
1027 1510 1063 1548 in
1090 1524 1153 1548 nos
1174 1511 1283 1549 colla-

331 1587 450 1615 torum
470 1574 816 1620 commemoratione,
831 1573 1014 1625 inceptum
1024 1582 1124 1610 antea
1138 1582 1282 1611 contex-

331 1648 407 1676 tum
448 1637 681 1676 continuare:
705 1635 754 1673 ita
783 1647 878 1672 nunc
913 1642 1036 1671 exacta
1068 1635 1282 1683 Pentecoste,

330 1708 526 1752 opportune
544 1696 732 1735 historiam
749 1695 784 1733 in
807 1708 932 1733 manus
948 1703 1144 1732 resumtam
1162 1709 1284 1747 prose-

330 1775 494 1811 quemur,
514 1759 706 1812 pristinum
729 1756 774 1795 de
802 1758 903 1794 Anna
931 1765 1183 1808 argumentum
1211 1766 1283 1795 tra-

330 1822 468 1860 ctaturi.
490 1822 569 1859 Non
583 1820 675 1858 enim
693 1817 927 1871 spectandum
945 1831 1054 1868 quam
1077 1818 1190 1856 multa
1205 1819 1283 1870 jam

328 1885 423 1922 dicta
444 1884 528 1933 sint,
547 1882 609 1921 sed
625 1892 745 1920 utrum
757 1880 805 1918 ad
827 1880 935 1918 finem
950 1880 1059 1932 hujus
1085 1893 1279 1932 argumen-

331 1945 355 1982 ti
376 1944 654 1997 pervenerimus.
675 1943 767 1980 Nam
784 1950 817 1979 et
836 1939 900 1991 qui
917 1939 1125 1977 thesaurum
1143 1939 1286 1978 invene-

333 2015 430 2055 runt,
449 2006 532 2044 licet
557 2004 734 2058 plurimas
765 2002 848 2040 inde
867 2001 1009 2053 capiant
1028 1997 1186 2049 divitias,
1217 2014 1286 2039 non

332 2067 431 2119 prius
463 2066 640 2104 absistunt
670 2079 780 2116 quam
810 2072 926 2101 totum
967 2060 1211 2111 exhauserim,
1247 2070 1285 2099 ut

331 2142 419 2179 quos
432 2141 502 2166 non
523 2137 599 2165 tam
617 2127 722 2178 juvat
744 2124 856 2163 multa
880 2122 1067 2175 accepisse,
1091 2135 1199 2172 quam
1230 2121 1284 2159 ni-

332 2193 385 2230 hil
400 2193 578 2242 reliquum
595 2190 730 2229 secisse.
755 2188 866 2235 Quod
879 2187 908 2224 si
924 2187 950 2224 ii
969 2187 1032 2237 qui
1062 2186 1098 2224 in
1116 2186 1285 2238 pecunias

333 2253 527 2303 insaniunt,
547 2261 644 2290 tanto
663 2264 782 2288 rerum
801 2248 1041 2301 periturarum
1060 2261 1124 2284 nec
1139 2260 1284 2285 mansu-

332 2329 452 2352 rarum
471 2322 635 2351 tenentur
657 2311 788 2359 studio,
810 2309 924 2347 multo
937 2307 1052 2360 magis
1069 2307 1138 2345 hoc
1156 2321 1220 2345 nos
1248 2307 1284 2345 in

332 2380 467 2420 divinis
483 2380 596 2418 facere
609 2376 786 2416 thesauris
805 2383 957 2427 oportet,
976 2386 1040 2411 nec
1069 2372 1171 2425 prius
1190 2372 1284 2410 absi·
1306 2399 1331 2429 D

333 2452 438 2491 stere,
451 2455 558 2492 quam
573 2449 689 2478 totum
705 2438 775 2476 hoc
790 2434 952 2488 quodibi
972 2433 1138 2473 videmus
1152 2433 1285 2472 exhau-

334 2504 493 2542 serimus.
508 2501 597 2540 Dixi
623 2509 755 2552 autem,
792 2497 888 2549 quod
921 2496 972 2534 ibi
998 2495 1176 2544 videmus,
1201 2496 1284 2547 quia

333 2565 541 2603 universum
557 2561 746 2601 exhaurire
766 2573 835 2598 non
851 2558 968 2597 datur.
990 2557 1084 2595 Fons
1117 2556 1212 2595 enim
1233 2566 1284 2595 est

335 2625 532 2678 perenniter
551 2636 697 2662 manans
715 2620 923 2659 divinarum
936 2618 990 2658 vis
1010 2617 1281 2668 sententiarum,

335 2701 529 2738 numquam
547 2684 731 2735 deficiens,
749 2696 946 2733 numquam
979 2678 1197 2719 evacuanda.
1214 2680 1284 2717 Ita-

335 2763 403 2800 que
431 2762 474 2786 ne
496 2747 757 2799 defatigemur:
778 2757 847 2782 non
876 2742 971 2781 enim
1002 2741 1047 2780 de
1073 2739 1286 2792 vulgaribus

337 2810 442 2848 rebus
462 2809 564 2847 nobis
585 2817 635 2847 est
662 2806 789 2854 oratio,
806 2804 868 2844 sed
902 2803 948 2843 de
977 2802 1193 2856 precatione,
1227 2815 1287 2854 spe

337 2887 471 2928 nostra,
494 2875 692 2930 precatione
710 2887 899 2927 perquam
926 2871 1057 2910 sterilis
1087 2879 1200 2909 mater
1236 2878 1288 2907 est

804 148 837 178 S.
875 147 1060 177 JOANMS
1096 146 1339 176 CHRYSOST.

378 2999 392 3013 ἢ
416 2986 512 3020 Colb.
531 2985 598 3018 duo
614 2992 647 3016 et
664 2984 742 3027 Reg.
762 2990 814 3021 τῆς
835 2988 1044 3019 πεντηκοστῆς.
1063 2978 1155 3012 Infra
1178 2977 1278 3010 etiam
1295 2986 1345 3014 τῆς

339 3049 548 3079 πεντηκοστῆς.
568 3036 661 3070 Edit.
677 3034 791 3068 Morel.
820 3033 922 3066 habet
939 3041 991 3072 τῆς
1006 3038 1294 3075 μεσοπεντηνοστῆς,
1313 3031 1344 3061 in

341 3102 480 3136 utroque
496 3091 583 3123 loco.
603 3090 676 3130 Qua
695 3087 788 3120 ducti
809 3087 958 3119 omnium
975 3085 1050 3117 Mss.
1071 3083 1272 3116 auctoritate
1298 3080 1344 3113 le-

340 3148 485 3178 ctionem
511 3143 723 3179 mutavimus,
751 3137 909 3171 suadente
935 3138 1035 3170 etiam
1064 3135 1139 3168 loco
1167 3135 1222 3168 illo
1248 3145 1344 3177 supra

341 3197 439 3241 paulo
455 3205 531 3239 post
544 3195 688 3232 initium,
704 3197 726 3226 εἰ
737 3198 794 3235 -Ῑὰρ
808 3196 856 3224 καὶ
869 3196 886 3228 ἡ
904 3195 1088 3228 πεντηκοστὴ
1102 3192 1265 3234 παρῆλθεν,
1280 3197 1346 3229 quo

340 3252 489 3283 innuitur
506 3248 558 3280 hic
575 3244 749 3288 legendum
767 3255 834 3277 esse
852 3245 884 3275 in
907 3241 1054 3275 secundo
1071 3240 1146 3274 loco
1171 3248 1223 3279 τῆς
1239 3255 1347 3277 πεντη-

341 3311 443 3341 κοςτῆς
470 3303 683 3347 παρελθούσης.
716 3298 999 3338 Mesopentecoste
1025 3302 1136 3326 autem
1162 3299 1233 3325 erat
1264 3291 1342 3323 feria

341 3363 457 3399 quarta
469 3352 687 3386 hebdomadis
700 3357 824 3393 quart-”e
841 3356 914 3389 post
929 3346 1071 3380 Pascha:
1088 3347 1133 3378 sic
1146 3344 1247 3386 dicta,
1267 3345 1340 3387 quia

1303 325 1349 351 741

1385 147 1408 174 A
1417 146 1571 174 nenti-:1³
1581 165 1589 174 .
1628 147 1979 176 (ΞΟλὸΤᾹ-λΤΙΝΟΡ.

1364 244 1420 265 ναι
1450 229 1499 279 τῷ
1525 227 1686 278 σώματι·
1709 230 1772 267 οὔκ
1792 229 1953 268 ἀκούουσι
1981 235 2054 268 νῦν·
2089 231 2220 280 μᾶλλον
2246 231 2282 269 δὲ
2306 232 2382 271 οὐδὲ

1363 289 1440 326 τότε
1464 288 1605 335 ἤκουον·
1634 291 1672 327 οὐ
1699 289 1802 341 μόνον
1821 291 1856 329 δὲ
1878 293 1941 329 οὐκ
1959 291 2084 337 ἤκουον
2096 322 2105 339 ,
2126 291 2215 330 ἀλλὰ
2233 293 2292 330 καὶ
2311 299 2382 336 τοῖς

1363 349 1545 389 ἀκούουσιν
1562 349 1756 403 ἠνώχλουν,
1778 351 1919 404 θόρυὲον
1940 351 1999 390 καὶ
2019 352 2178 405 ταραχὴν
2201 354 2383 403 ἐμποιοῦν-

1361 427 1427 455 τες.
1456 410 1568 449 ςΏστε
1589 411 1661 450 ἴσον
1683 412 1761 463 ἐμοὶ
1776 412 1816 450 τὸ
1831 412 1972 465 θέατρον
1990 413 2049 451 καὶ
2067 413 2145 451 τότε
2161 413 2221 451 καὶ
2235 419 2307 461 νῦν,
2323 415 2384 452 καὶ

1361 474 1379 509 ὁ
1406 475 1474 510 τῶν
1500 474 1680 523 ἀκροατῶν
1709 472 1873 524 σύλλογος
1898 477 1915 511 ὃ
1940 473 2064 521 αὐτὸς,
2093 473 2154 511 καὶ
2171 474 2267 512 οὐδὲν
2287 469 2385 519 οὗτος

1362 532 1515 571 ἐλάττων
1536 532 1678 572 ἐκείνου.
1716 532 1826 582 Ἀλλ’,
1854 537 1883 572 εἷ
1903 535 1953 572 δεῖ
1976 550 2010 572 τι
2037 534 2097 572 καὶ
2121 534 2318 584 θαυμαστὸν
2339 536 2384 572 εἷ-

1362 599 1452 642 πεῖν,
1480 593 1554 646 ἔχει
1576 611 1610 632 τι
1632 593 1736 633 πλέον
1753 588 1850 638 οἶτος
1869 595 2018 643 ἐκείνου,
2038 595 2109 647 ὅσῳ
2128 595 2188 633 καὶ
2207 594 2383 649 ἀτάραχος

1360 657 1383 700 ἡ
1411 655 1576 704 διάλεξις,
1605 655 1664 694 καὶ
1696 655 1860 708 ἀθόρυὲος
1890 659 1912 703 ἡ
1943 655 2173 704 διδασκαλία,
2204 656 2264 694 καὶ
2295 655 2384 707 μετὰ

1360 716 1516 761 πλείονος
1529 717 1696 761 συνέσεως
1708 721 1730 765 ἢ
1743 717 1922 771 ἀκρόασις,
1941 716 2075 761 οὐδενὸς
2088 720 2189 768 ἡμῶν
2197 716 2261 764 τὴν
2277 716 2384 763 ἀκοὴν

1361 779 1581 830 ἐνοχλοῦντος
1601 778 1757 831 θορύῧου.

1415 841 1538 879 Ταῦτα
1561 840 1596 879 δὲ
1612 840 1715 891 λέγω,
1735 842 1798 878 οὐκ
1819 840 1998 891 ἀτιμάζων
2019 841 2059 878 τὸ
2077 841 2209 888 πλῆθος
2221 844 2291 879 τῶν
2309 841 2387 880 τότε

1362 901 1611 954 συλλεγέντων,
1629 902 1718 940 ἀλλὰ
1737 901 1864 940 πείθων
1887 905 1976 953 ὑμᾶς
1993 902 2041 954 μὴ
2063 903 2275 954 στυγνάζειν,
2296 902 2384 954 μηδὲ

1361 970 1543 1016 κατηφιᾷν,
1565 962 1622 1001 διὰ
1652 962 1714 1010 τὴν
1745 962 1934 1015 ὀλιγότητα
1965 967 2033 1002 τῶν
2068 968 2125 1002 ν’ῦν
2152 965 2386 1018 συλλεγέντων

1361 1025 1523 1063 ἐνταῦθα.
1555 1025 1608 1063 Οὔ
1630 1023 1698 1077 γὰρ
1716 1024 1758 1071 δὴ
1776 1024 1950 1074 σωμάτων
1968 1026 2100 1071 πλῆθος
2117 1026 2313 1077 βουλόμεθα
2328 1026 2385 1064 ἐπὶ

1361 1088 1424 1131 τῆς
1448 1085 1635 1132 ἐκκλησίας
1654 1089 1737 1138 ὁρᾷν
1752 1116 1761 1134 ,
1789 1085 1879 1124 ἀλλὰ
1909 1087 2089 1138 ἀκροατῶν
2106 1089 2249 1134 πλῆθος.
2283 1087 2385 1125 Ἐπεὶ

1361 1142 1418 1186 οῧν
1446 1149 1477 1186 οἱ
1502 1148 1597 1186 αὐτοὶ
1625 1147 1830 1198 δαιτυμόνες
1854 1147 1914 1186 καὶ
1938 1148 2017 1186 τότε
2037 1148 2097 1186 καὶ
2123 1152 2182 1186 νῦν
2206 1153 2291 1200 ἡμῖν
2317 1149 2385 1187 πά-

1364 1225 1474 1263 ρεισι,
1507 1208 1595 1259 μετὰ
1622 1211 1684 1255 τῆς
1713 1211 1820 1255 αὐτῆς
1848 1208 2043 1261 προθυμίας
2068 1209 2129 1247 καὶ
2148 1209 2300 1262 σήμερον
2321 1208 2384 1256 τὴν

1361 1269 1514 1310 ἑστίασιν
1545 1272 1627 1321 ὑμῖν
1654 1268 1926 1321 παραθήσομαι,
1956 1270 2015 1308 ἐπὶ
2030 1270 2094 1316 τὴν
2114 1269 2275 1309 ὑπόθεσιν
2295 1271 2384 1308 ε’πα-

1359 1330 1500 1379 νελθὼν,
1517 1330 1559 1376 ἣν
1581 1334 1597 1369 ὃ
1616 1333 1678 1377 τῆς
1695 1332 1816 1382 ἑορτῆς
1832 1331 1952 1384 καιρὸς
1965 1330 2135 1382 διέκοψεν.
2162 1330 2304 1384 “Ώσπερ
2316 1329 2385 1384 γὰρ

1361 1396 1445 1439 3’.ἧς
1473 1395 1711 1438 πεντηκοστῆς
1739 1391 1939 1445 παρούσης,
1971 1391 2113 1443 ἄκαιρον
2143 1387 2206 1439 ἦν,
2239 1391 2387 1444 ἀφέντας

1360 1453 1471 1505 λέγειν
1490 1453 1570 1505 περὶ
1584 1455 1652 1491 τῶν
1667 1452 1832 1491 δοθέντων
1847 1456 1931 1503 ἡμῖν
1948 1453 2026 1491 κατ’
2042 1454 2170 1491 ἐκεῖνον
2190 1451 2245 1490 τὸν
2262 1452 2383 1504 καιρὸν

1362 1517 1500 1566 ἀγαθῶν
1514 1545 1523 1562 ,
1550 1517 1611 1561 τῆς
1631 1513 1834 1557 ἀκολουθίας
1848 1517 1910 1560 τῆς
1925 1514 2096 1567 προτέρας
2115 1512 2275 1566 ἔχεσθαι·
2296 1511 2386 1550 οὕτω

1361 1581 1418 1614 νῦν
1452 1579 1514 1623 τῆς
1542 1578 1782 1622 πεντηκοστῆς
1805 1574 2068 1626 παρελθούσης,
2095 1576 2142 1617 εἷς
2170 1574 2290 1625 καιρὸν
2321 1573 2385 1621 τὴν

1362 1637 1566 1675 ἀκολουθίαν
1586 1640 1648 1683 ’.ἧς
1675 1635 1828 1687 ἱστορίας
1847 1637 2098 1688 ἀναληψόμεθα
2112 1666 2122 1683 ,
2143 1635 2201 1673 ἐπὶ
2217 1638 2281 1682 τῆς
2295 1633 2386 1674 κατὰ

1360 1698 1423 1746 τὴν
1441 1698 1563 1737 Ἄνναν
1583 1696 1778 1741 ὑποθέσεως
1794 1694 1990 1749 ὴέχόμενοι.
2021 1696 2114 1736 Οὐδὲ
2133 1697 2201 1749 γὰρ
2221 1697 2251 1733 εἷ
2272 1695 2386 1735 πολλὰ

1359 1760 1403 1799 τὰ
1435 1759 1603 1813 εἰρημένα
1633 1758 1703 1813 χρὴ
1729 1765 1870 1797 σκοπεῖν
1887 1789 1896 1807 ,
1926 1758 1987 1796 καὶ
2006 1760 2040 1797 ἓν
2057 1758 2204 1801 πολλαῖς
2222 1756 2384 1811 ἡμέραις,

1359 1821 1438 1861 ἀλλ’
1463 1824 1493 1860 εἰ
1520 1821 1605 1876 πρὸς
1631 1820 1670 1858 τὸ
1696 1819 1794 1864 τέλος
1812 1820 1963 1871 ἤλθομεν
1992 1821 2054 1865 τῆς
2072 1819 2276 1863 ὑποθέσεως.
2315 1817 2384 1857 Καὶ

1358 1884 1426 1938 γὰρ
1446 1885 1477 1922 οἱ
1497 1882 1668 1936 θησαυρὸν
1690 1882 1857 1936 εὑρόντες,
1874 1881 1937 1920 κᾶν
1958 1881 2066 1934 μυρία
2085 1881 2242 1920 λάὸωσιν
2256 1883 2383 1919 ἐκεῖθεν

1357 1946 1540 1999 χρήματα,
1571 1947 1608 1983 οὔ
1639 1943 1804 1996 πρότερον
1838 1942 2072 1996 ἀφίστανται,
2102 1942 2167 1987 ἕως
2195 1942 2236 1980 ἂν
2255 1941 2295 1980 τὸ
2314 1947 2384 1981 πᾶν

1359 2007 1630 2054 ἐξαντλήσωσιν·
1656 2006 1694 2043 οὐ
1714 2004 1782 2057 γὰρ
1801 2004 1839 2042 τὸ
1859 2004 1973 2043 πολλὰ
1990 2003 2124 2052 λαὸεῖν,
2145 2003 2236 2043 ἀλλὰ
2249 2003 2289 2042 τὸ
2308 2019 2379 2055 μη-

1359 2069 1411 2108 δὲν
1436 2071 1587 2121 ἀφεῖναι,
1603 2072 1703 2106 τοῦτο
1726 2066 1879 2118 μάλιστα
1899 2065 2022 2110 αὐτοὺς
2039 2068 2255 2105 ἀνακτᾶσθαι
2271 2066 2384 2119 πέφυ-

1359 2147 1429 2170 κεν.
1466 2132 1510 2170 Εἰ
1533 2130 1568 2170 δὲ
1595 2132 1625 2168 οἱ
1646 2129 1726 2182 περὶ
1747 2128 1792 2167 τὰ
1817 2129 1987 2181 χρήματα
2007 2128 2211 2179 μαινόμενοι
2231 2126 2383 2179 τοσαύτῃ

1357 2192 1438 2244 περὶ
1471 2191 1514 2230 τὰ
1548 2190 1775 2242 ἀπολλύμενα
1804 2189 1863 2227 καὶ
1884 2189 1933 2240 μὴ
1958 2189 2106 2240 μένοντα
2128 2189 2321 2242 κέχρηνται
2339 2191 2383 2240 τῇ

1357 2253 1504 2303 σπουδῇ,
1524 2254 1644 2303 πολλῷ
1665 2252 1796 2302 μᾶλλον
1817 2253 1911 2300 ἡμᾶς
1927 2250 2067 2288 ἐπὶτῶν
2085 2249 2184 2288 θείων
2200 2252 2382 2303 θησαυρῶν

1355 2317 1457 2352 τοῦτο
1484 2318 1595 2351 ποιεῖν
1623 2311 1706 2364 χρὴ,
1727 2312 1785 2349 καὶ
1808 2311 1856 2362 μὴ
1876 2311 2044 2364 πρότερον
2068 2310 2298 2363 ἀφίστασθαι,
2317 2312 2382 2355 ἕως

1357 2376 1449 2413 ἅπαν
1466 2375 1505 2413 τὸ
1528 2374 1733 2426 φαινόμενον
1753 2372 2029 2423 ἐξαντλήσωμεν.
2054 2373 2107 2411 Τὸ
2126 2372 2331 2424 φαινόμενον
2347 2371 2383 2411 δὲ

1358 2431 1468 2482 εἶπον,
1500 2436 1619 2483 ἐπειδὴ
1655 2435 1770 2473 πάντα
1804 2434 2012 2481 ἐξαντλῆσαι
2046 2434 2241 2486 ἀμήχανον.
2275 2434 2382 2485 Πηγὴ

1356 2499 1422 2551 γάρ
1453 2501 1526 2537 ἐστι
1560 2499 1728 2552 διῃνεκῶς
1758 2496 1927 2548 βλύζουσα
1944 2498 2012 2534 τῶν
2033 2495 2131 2534 θείων
2153 2494 2338 2546 νοημάτων
2358 2499 2380 2542 ἡ

1358 2561 1502 2612 δύναμις
1516 2591 1524 2607 ,
1563 2559 1728 2598 οὐδέποτε
1750 2557 1978 2596 ἓπιλείπουσα
1993 2588 2002 2605 ,
2024 2557 2100 2596 οὐδὲ
2128 2556 2378 2607 δαπανωμένη.

1360 2621 1419 2668 Μὴ
1436 2621 1547 2660 τοίνυν
1565 2620 1806 2671 ἀποκάμωμεν
1824 2635 1830 2642 ·
1848 2618 1923 2658 οὖῗὲ
1939 2618 2007 2670 γὰρ
2021 2617 2108 2671 ὑπὲρ
2123 2621 2192 2656 τῶν
2205 2617 2381 2670 τυχόντων

1357 2686 1440 2733 ἡμῖν
1457 2685 1475 2720 ὃ
1495 2682 1607 2734 λόγος,
1630 2680 1720 2719 ἀλλὰ
1740 2680 1820 2733 περὶ
1841 2682 1958 2731 εὐχῆς,
1978 2683 2040 2725 τῆς
2061 2678 2198 2722 ἐλπίδος
2216 2682 2280 2726 τῆς
2295 2681 2381 2729 ἦμε-

1356 2745 1458 2797 τέρας
1475 2759 1482 2766 ·
1504 2744 1609 2795 εὐχῆς
1625 2742 1682 2787 δὲ,
1702 2742 1744 2779 δι’
1766 2736 1807 2787 ἧς
1826 2744 1847 2787 ἡ
1867 2747 1987 2794 στεῖρα
2009 2739 2126 2792 μήτηρ
2146 2740 2281 2793 ἐγένετο
2294 2771 2304 2787 ,
2324 2740 2383 2778 καὶ

1358 2806 1529 2848 πολύπαις
1559 2808 1581 2851 ἡ
1605 2805 1722 2851 ἄπαις,
1745 2803 1804 2842 καὶ
1825 2807 1847 2850 ἡ
1867 2803 2061 2846 κατώδυνος
2089 2804 2123 2840 ἐν
2147 2802 2312 2854 εὐθυμία·
2334 2803 2385 2840 δι’

1359 2867 1400 2913 ἣν
1418 2869 1441 2913 ἡ
1461 2866 1699 2918 πεπηρωμένη
1721 2866 1907 2916 διωρθοῦτο
1924 2863 2044 2916 φύσις,
2077 2863 2136 2901 καὶ
2160 2863 2276 2916 μήτρα
2296 2865 2383 2901 ἀπο-

1380 2975 1525 3008 medium
1553 2975 1696 3016 spatium
1720 2972 1908 3016 occupabat
1935 2971 2061 3005 Pascha
2089 2973 2173 3004 inter
2205 2979 2239 3003 et
2268 2972 2383 3004 Pente—

1380 3035 1505 3060 costen.
1523 3027 1570 3059 De
1586 3025 1638 3058 illa
1654 3025 1748 3068 plura
1765 3025 1908 3069 Congius
1925 3026 1955 3056 in
1970 3024 2139 3057 Glossario
2152 3023 2383 3058 Grae‹·0.1nsc-

1380 3081 1459 3113 riori
1475 3091 1543 3112 aexo
1560 3077 1823 3122 frequentissime
1836 3077 1904 3110 baec
1922 3088 1984 3110 vox
1999 3077 2156 3109 occurrit.
2173 3077 2296 3119 Aliquis
2307 3085 2382 3119 ergo

1380 3133 1550 3175 imperitus
1567 3129 1721 3163 librarius
1739 3130 1791 3162 hic
1803 3137 2081 3172 μεσοπεντηκοστήν
2103 3136 2224 3160 temere
2241 3127 2380 3160 induxit.

1382 3184 1473 3218 Adde
1489 3196 1562 3228 quae
1581 3183 1725 3216 diximus
1739 3184 1771 3215 in
1788 3183 1881 3215 Praes.
1900 3183 1999 3214 Tomi
2017 3180 2137 3225 hujus§
2155 3192 2227 3212 vin.

1425 3239 1441 3263 b
1465 3236 1646 3270 colbertini
1676 3242 1842 3281 ἐρχόμενοι.
1871 3233 1994 3277 [sax-il.
2030 3239 2076 3267 ἐπ’·
2105 3233 2196 3265 uncis
2225 3231 2384 3277 inclusit]

1379 3290 1469 3323 Infra
1487 3288 1587 3322 Savll-
1608 3295 1631 3323 οἱ
1652 3294 1795 3334 θησαυρὸν
1811 3291 2022 3332 ἀνορύττοντες
2035 3287 2077 3328 [ἐν
2097 3296 2136 3329 τῷ
2154 3287 2278 3330 κότμῳ]
