2516 3791
727 92 769 122 11⁸⁴
805 93 907 124 CAP.
946 94 1009 124 Vl.

138 174 266 228 τρόπον
286 173 457 226 προσήκει
471 203 482 222 ,
498 173 656 226 καθάπερ
678 178 872 220 πεινῶντας
898 177 957 215 καὶ
976 178 1161 230 διψῶντας,

138 236 228 275 οὕτω
245 239 288 287 τῇ
305 234 513 288 διδασκαλίᾳ
528 237 570 287 τῇ
584 240 804 288 πνευματικῇ
822 238 1014 289 προσιέναι.
1034 240 1081 276 Οἱ
1095 236 1163 290 γὰρ

137 300 286 335 τοιοῦτοι
316 296 354 334 οὗ
385 295 487 346 μόνον
509 298 744 348 μακαρισμῶν
764 297 874 343 ἄξιοι,
899 298 989 337 ἀλλὰ
1014 298 1074 338 καὶ
1092 302 1162 338 τῶν

139 356 431 408 σπουδαζομένων
467 355 713 401 ἐπιτεύξονται.
735 358 806 396 Καὶ
842 358 932 412 γὰρ,
954 361 1161 413 Χορτασθή-

136 433 274 465 σονται,
295 418 399 470 φησὶ,
414 417 508 457 τοῦτ’
527 417 639 465 ἔστιν,
659 419 967 470 ἐμπλησθήσονται
983 435 990 443 ·
1011 419 1160 472 πληρώ-

134 494 253 518 σουσιν
272 482 385 519 αὐτῶν
405 479 469 527 τὴν
491 479 676 530 ἐπιθυμίαν
699 479 763 526 τὴν
780 480 1034 532 πνευματικήν.
1058 480 1161 519 Ἐπεὶ

136 536 194 579 οὖν
221 546 377 581 τοιοῦτον
402 541 528 594 ἔχομεν
550 541 734 588 Δεσπότην
750 572 760 589 ,
784 542 891 586 οὕτως
908 543 1049 594 ἀγαθὸν,
1071 541 1162 579 οὕτω

135 602 333 655 φιλότιμον,
358 604 440 657 φέρε
468 604 528 642 καὶ
552 607 654 654 ἡμεῖς
684 603 740 642 ἐπ’
768 603 870 642 αὐτὸν
891 602 1160 654 καταφύγωμεν,

134 664 196 702 καὶ
216 665 281 713 τὴν
315 666 401 718 παρ’
426 666 531 703 αὐτοῦ
562 664 672 717 ῥοπὴν
700 663 994 714 ἐπισπασώμεθα,
1028 663 1084 701 ἵνα
1103 662 1162 700 καὶ

136 726 239 769 αὐτὸς
268 726 333 772 τὴν
353 726 482 764 οἰκείαν
512 724 774 778 φιλανθρωπίαν
797 723 1010 775 μιμούμενος
1025 722 1160 775 φωτίσῃ

133 790 236 838 ἡμῶν
267 788 325 826 τὸν
355 785 541 838 λογισμὸν,
562 786 647 837 πρὸς
666 786 706 823 τὸ
724 784 947 823 κατοπτεύειν
967 787 1037 822 τῶν
1059 783 1159 822 θείων

135 850 283 900 Γραφῶν
305 847 367 895 τὴν
390 847 535 896 δύναμιν
552 861 560 869 ·
589 845 649 884 καὶ
668 849 765 896 ὑμεῖς
785 844 820 883 δὲ
838 844 928 895 μετὰ
949 846 1080 889 πολλ’ἧς
1099 847 1160 891 τῆς

133 907 348 959 προθυμίας,
374 907 533 959 καθάπερ
562 907 748 950 πεινῶντες
776 904 835 943 καὶ
860 907 1041 957 διψῶντες,
1070 904 1161 944 οὕτω

133 969 196 1015 τὴν
218 967 458 1020 πνευματικὴν
473 966 701 1006 διδασκαλίαν
720 965 941 1010 ὑποδέξασθε.
961 966 1064 1010 Ἴσως
1079 965 1160 1019 γὰρ,

133 1029 215 1073 ἴσως
250 1033 269 1068 ὁ
293 1030 419 1081 ἀγαθὸς
438 1028 497 1067 καὶ
524 1028 720 1080 εὐμήχανος
749 1027 931 1074 Δεσπότης
945 1058 954 1076 ,
974 1027 1038 1066 κᾶν
1058 1031 1161 1079 ἡμεῖς

133 1092 279 1135 εὐτελεῖς
300 1083 395 1142 ῶμεν
408 1121 418 1139 ,
451 1089 511 1128 καὶ
542 1089 689 1140 μηδενὸς
718 1088 820 1141 λόγου
845 1088 957 1137 ἄξιοι,
991 1089 1081 1127 ἀλλὰ
1115 1089 1161 1127 δι’

132 1156 224 1202 ὑμᾶς
241 1153 302 1191 καὶ
317 1153 380 1199 τὴν
398 1150 570 1203 ὠφέλειαν
586 1149 650 1197 τὴν
665 1149 834 1202 ὑμετέραν
849 1150 1044 1202 χορηγήσει
1058 1149 1158 1202 λόγον

132 1217 219 1263 ἡμῖν
239 1215 273 1251 ἐν
293 1212 420 1257 ἀνοίξει
435 1215 493 1251 τοῦ
514 1212 688 1262 στόματος
707 1213 754 1254 εἷς
773 1209 873 1254 δόξαν
895 1212 1012 1257 αὐτοῦ,
1033 1212 1094 1249 καὶ
1114 1213 1160 1255 εἷς

131 1273 319 1325 οἰκοδομὴν
339 1272 523 1326 ὑμετέραν.
543 1273 606 1316 Εἷς
625 1272 688 1319 τὴν
709 1272 839 1310 ἄνωθεν
862 1271 976 1310 τοίνυν
996 1273 1102 1324 χάριν
1121 1272 1161 1310 τὸ

130 1341 201 1373 πᾶν
236 1334 479 1387 ἐπιῤῥίψαντες
491 1363 501 1381 ,
531 1336 691 1372 κάκεῖνον
709 1332 1005 1382 ἐπικαλεσάμενοι
1022 1333 1080 1371 τὸν
1101 1347 1160 1370 σο-

130 1396 273 1449 φίζοντα
294 1396 374 1440 τοὺς
404 1394 554 1448 τυφλοὺς
569 1426 579 1443 ,
613 1394 673 1432 καὶ
693 1397 885 1446 τρανοῧντα
911 1392 974 1437 τὰς
996 1392 1159 1445 γλώσσας

129 1460 199 1496 τῶν
220 1457 434 1509 μογιλάλων,
461 1455 632 1509 ἁψώμεθα
658 1455 717 1494 καὶ
741 1457 810 1493 τῶν
825 1454 1057 1508 θπροσφᾶτως
1077 1457 1158 1493 ἀνε-

128 1519 352 1571 γνωσμένων,
371 1518 414 1556 ἵν’
438 1518 528 1570 ἅπερ
547 1517 588 1555 ἂν
610 1516 711 1561 αὐτὸς
735 1516 920 1570 χορηγήσῃ
941 1515 1005 1563 τὴν
1025 1515 1156 1555 οἰκείαν

128 1579 390 1633 φιλανθρωπίαν
413 1579 635 1630 μιμούμενος,
652 1581 765 1617 ταῦτα
783 1580 997 1630 παραθῶμεν
1014 1581 1057 1630 τῇ
1074 1581 1154 1628 ὑμε·

125 1643 211 1694 τέρᾳ
230 1641 365 1693 ἀγάπῃ.
402 1640 507 1679 Ἀλλὰ
528 1639 726 1678 συντείνατέ
745 1656 826 1690 μοι,
845 1640 1044 1691 παρακαλῶ
1058 1669 1069 1686 ‚
1089 1638 1153 1687 τὴν

127 1703 294 1750 διάνοιαν,
316 1701 375 1741 καὶ
398 1700 488 1752 μετὰ
506 1700 686 1754 ἀκριὸείας
707 1699 898 1753 προσέχετε
915 1706 987 1743 τοῖς
1002 1700 1154 1752 λεγομέ-

125 1763 337 1811 νοις,,πάντα
355 1762 518 1815 βιωτικὸν
537 1761 703 1813 λογισμὸν
724 1763 855 1800 ἑαυτῶν
871 1761 1152 1808 ἀποστήσαντες,

126 1825 183 1862 ἵνα
199 1823 358 1875 καθάπερ
374 1825 421 1868 εἷς
441 1823 595 1876 λιπαρὰν
613 1823 673 1860 καὶ
693 1822 872 1872 βαθύγεων
887 1822 1056 1875 ἄρουραν,
1082 1825 1150 1860 τῶν

129 1889 285 1937 βοτανῶν
303 1886 363 1924 καὶ
380 1888 450 1923 τῶν
472 1886 632 1922 ἀκανθῶν
645 1883 969 1935 ἐκκεκαθαρμένων,
983 1882 1073 1921 οὕτω
1093 1882 1152 1920 τὸν

125 1947 361 1999 πνευματικὸν
381 1946 509 1998 σπόρον
530 1944 800 1995 καταὸοίλωμεν.
832 1939 945 1982 Αὑται
965 1943 1013 1992 δὲ,
1034 1944 1151 1996 φησὶν,

1048 93 1210 124 GENES.

2096 88 2185 136 255

1235 184 1270 214 et
1295 175 1450 214 sitientes
1479 177 1645 216 accedere
1668 192 1734 231 par
1758 187 1823 217 est.
1851 180 2067 233 llujusmodi
2093 186 2189 224 enim

1233 237 1304 275 viri
1327 251 1395 275 non
1413 237 1529 275 solum
1545 238 1830 278 beatitudinibus
1842 240 1943 292 digni
1962 253 2059 292 sunt;
2079 246 2141 284 scd
2156 256 2189 285 et

1233 312 1312 349 qua:
1326 299 1474 351 cupiunt
1486 310 1731 351 assequuntur.
1749 301 1906 352 Etenim,
1918 303 2185 353 Satiabuntur,

1233 358 1372 409 inquit,
1396 360 1461 398 hoc
1483 370 1554 409 est,
1578 362 1818 414 explebuntur
1837 377 1845 399 z
1862 363 2057 415 explebunt
2077 366 2189 418 spiri-

1234 420 1328 457 tuale
1348 435 1452 459 snum
1465 421 1695 462 desiderium.
1713 423 1831 476 lgitur
1848 424 1931 476 quia
1954 434 2026 463 tam
2048 426 2163 466 bonus
2175 458 2187 478 ,

1235 487 1377 531 tamque
1396 482 1554 520 liberalis
1574 485 1750 522 Dominus
1770 485 1873 524 nobis
1894 495 1967 524 cst:
1987 500 2053 539 age
2073 497 2105 525 et
2127 502 2190 527 nos

1232 540 1280 578 ad
1307 541 1426 593 ipsum
1453 545 1770 595 consugiauuis‚ct
1799 547 1876 599 ejus
1906 547 2008 586 nobis
2036 549 2189 600 gratiam

1233 603 1477 651 conciliemus,
1495 614 1533 642 ut
1548 615 1580 643 et
1599 606 1674 658 ipsc
1689 622 1754 659 pro
1768 623 1830 646 sua
1849 609 2091 648 misericordia
2107 609 2183 648 illu·

1233 671 1318 700 stret
1342 673 1498 702 nostram
1521 676 1674 705 mentem
1701 668 1746 705 ad
1773 669 1963 708 videndam
1983 671 2189 710 divinarum

1183 725 1207 755 C
1233 722 1502 774 Scripturarum
1534 725 1704 764 virtutem
1729 738 1788 766 :et
1818 743 1881 767 vos
1912 745 2049 782 quoquc
2076 733 2189 771 multa

1231 782 1412 821 alacritate
1432 785 1655 836 spiritualem
1673 786 1873 826 doctrinam
1900 791 2001 840 quasi
2034 793 2190 831 esurien-

1232 852 1283 881 tes
1302 853 1336 882 et
1351 844 1508 883 sitientes
1529 846 1708 899 suscipite.
1724 848 1828 886 Forte
1842 849 1952 899 euim,
1972 851 2061 889 sorte
2076 853 2190 890 bonus

1232 913 1266 942 ct
1293 905 1517 958 omnipotens
1537 908 1737 959 Dominus,
1758 909 1864 948 etiam
1887 910 1916 948 si
1945 925 2008 950 nos
2036 912 2191 951 humiles

1231 965 1344 1004 simus
1363 976 1396 1005 et
1414 967 1558 1020 abjecti,
1581 978 1726 1022 propter
1743 984 1807 1008 vos
1823 980 1857 1008 et
1876 980 2032 1010 vestram
2049 973 2189 1011 utilita—

1250 94 1406 124 uomit„
1446 96 1572 126 xxiv.

1232 1035 1302 1064 tem
1332 1028 1578 1080 suppeditabit
1605 1031 1708 1068 nobis
1738 1045 1934 1070 sermonem
1954 1033 1991 1071 in
2010 1035 2190 1086 apertione
2206 1042 2315 1080 Ephes.
2330 1044 2361 1073 6.

1232 1088 1304 1127 oris
1327 1089 1364 1127 in
1391 1090 1543 1141 gloriam
1573 1106 1695 1141 suam,
1715 1101 1749 1131 et
1773 1093 1810 1131 in
1835 1093 2109 1133 aedificationem
2128 1111 2188 1135 ve·
2208 1090 2256 1121 '9‘

1231 1159 1354 1188 stram.
1374 1151 1535 1204 Projecta
1558 1152 1668 1204 igitur
1692 1167 1776 1192 cura
1801 1164 1921 1194 nostra
1949 1156 2046 1194 omni
2068 1157 2104 1194 in
2129 1171 2189 1195 su-

1231 1225 1377 1263 pernam
1397 1213 1564 1263 gratiam,
1583 1224 1617 1252 et
1635 1214 1800 1254 invocato
1827 1230 1868 1255 eo
1893 1217 1954 1268 qui
1983 1226 2017 1255 et
2048 1219 2190 1271 sapien-

1181 1275 1206 1305 D
1231 1272 1319 1310 tiam
1337 1272 1400 1310 dat
1425 1274 1600 1326 parvulis,
1625 1285 1659 1314 et
1678 1276 1860 1316 illuminat
1883 1292 2012 1327 caecos,
2026 1288 2060 1317 et
2080 1293 2191 1332 expe-

1231 1333 1325 1372 ditas
1344 1333 1464 1373 reddit
1483 1335 1625 1387 linguas
1642 1336 1849 1386 balborum,
1872 1339 1980 1391 paulo
1999 1349 2080 1378 ante
2099 1341 2189 1380 lecta

1230 1403 1421 1434 tractemus
1439 1412 1448 1433 :
1471 1406 1510 1435 ut
1542 1412 1620 1448 quae
1649 1398 1725 1451 ipse
1755 1414 1820 1452 pro
1850 1414 1914 1438 sua
1944 1401 2189 1441 misericordia

1228 1456 1332 1494 nobis
1350 1457 1589 1510 suppeditarit
1600 1489 1612 1509 ,
1631 1460 1773 1498 caritati
1790 1471 1916 1500 vestrae
1930 1477 2186 1515 proponamus.

1228 1516 1299 1556 Sed
1319 1517 1467 1569 intenta,
1484 1520 1645 1568 obsecro,
1660 1521 1785 1560 adsitis
1801 1531 1931 1573 mente,
1948 1533 1981 1561 et
1997 1523 2189 1577 diligenter

1226 1579 1272 1617 iis
1285 1593 1363 1630 quae
1374 1579 1547 1618 dicuntur
1561 1581 1742 1631 attendite,
1764 1596 1956 1635 omnesque
1972 1584 2081 1636 hujus
2102 1585 2187 1625 vitae

1227 1653 1329 1678 curas
1344 1641 1517 1694 seponite,
1532 1651 1572 1680 ut
1587 1642 1773 1695 spirituale
1790 1658 1920 1693 semen,
1937 1646 2038 1695 quasi
2055 1645 2091 1684 in
2105 1647 2186 1700 pin-

1225 1715 1332 1753 guem
1345 1711 1379 1740 et
1392 1703 1541 1741 feracem
1560 1717 1688 1755 agrum
1700 1732 1710 1750 ,
1722 1705 1855 1743 evulsis
1869 1705 1991 1744 herbis
2005 1716 2037 1745 et
2053 1707 2182 1760 spinis,

1224 1763 1468 1815 projiciamus.
1487 1765 1562 1802 Jlae
1586 1774 1736 1816 autem,
1758 1766 1896 1817 inquit,
1915 1772 2185 1819 generationes

1224 1825 1309 1862 Noe·
1327 1839 1335 1860 ε
1356 1826 1441 1863 Noe
1467 1827 1582 1863 homo
1601 1828 1732 1877 justu5
1742 1857 1754 1874 ,
1774 1829 1971 1881 perfectus
1994 1833 2184 1870 exsistens

1224 1887 1266 1922 in
1290 1888 1541 1937 generatione
1564 1901 1637 1925 sua
1655 1903 1666 1923 .·
1685 1888 1771 1925 Deo
1787 1889 1938 1940 placuit
1958 1891 2053 1929 Noe.
2074 1892 2116 1929 In
2136 1892 2180 1930 iis

1223 1958 1338 1997 nuper
1356 1946 1466 1984 finem
1484 1947 1635 1985 docendi
1653 1947 1886 1998 faciebamus,
1900 1949 1980 1988 ideo
1997 1953 2179 2002 sequentia

125 2013 162 2048 αἱ
182 2009 333 2061 γενέσεις
359 2010 459 2047 Νῶε·
483 2009 564 2046 Νῶε
585 2005 767 2058 ἄνθρωπος
789 2005 936 2052 δίκαιος,
964 2005 1096 2049 τέλειος
1117 2008 1150 2044 ἐν
1173 2006 1198 2036 Ε
1223 2005 1260 2043 in
1281 2006 1442 2045 medium
1460 2007 1690 2060 proponenda
1715 2018 1810 2047 sunt.
1840 2011 1902 2048 10.
1931 2011 2075 2050 Genuit
2104 2027 2180 2052 au—

123 2075 167 2122 τῇ
198 2077 300 2123 γενεᾷ
331 2071 436 2108 αὐτοῦ
450 2085 458 2092 ·
490 2071 539 2120 τῷ
573 2069 656 2120 Θεῷ
684 2066 897 2118 εὖηρέστησε
924 2068 1017 2105 Νῶε.
1047 2065 1152 2118 Ἄχρι

121 2131 244 2171 τούτου
261 2132 358 2175 τέλος
377 2130 459 2183 ἔσχε
476 2129 521 2168 τὰ
540 2131 604 2175 τῆς
621 2128 849 2171 διδασκαλίας
869 2127 952 2179 χθές
968 2143 976 2150 ·
1006 2127 1059 2166 διὸ
1077 2128 1147 2180 χρὴ

122 2194 167 2232 τὰ
182 2192 372 2244 λειπόμενα
386 2194 434 2235 εἷς
452 2191 556 2242 μέσον
572 2193 765 2241 προθεῖναι.
782 2189 971 2240 Ἐγέννησε
988 2187 1036 2235 δὲ,
1050 2189 1148 2240 φησὶ,

121 2256 203 2293 Νῶε
221 2260 312 2307 τρεῖς
329 2252 435 2299 υἱοὺς,
454 2251 512 2290 τὸν
528 2250 625 2302 Σὴμ,
646 2250 705 2289 τὸν
721 2249 822 2301 Χὰμ,
843 2249 900 2288 τὸν
919 2249 1048 2302 Ἰάφεθ.
1068 2252 1148 2302 Οὐχ

120 2317 240 2360 ἁπλῶς
260 2318 344 2367 ἡμῖν
359 2318 382 2362 ἡ
398 2314 472 2352 θεία
486 2312 611 2365 Γραφὴ
627 2311 688 2350 καὶ
703 2311 762 2350 τὸν
781 2311 902 2365 καιρὸν
917 2311 1048 2350 καὶτὸν
1068 2313 1148 2364 ‹ipt-

120 2379 204 2429 θμὸν
225 2376 472 2427 ἐπεσημήνατο
489 2378 559 2413 τῶν
580 2373 715 2412 παίδων
735 2377 795 2412 τοῦ
811 2372 959 2421 δικαίου,
979 2372 1071 2412 ἀλλὰ
1087 2374 1146 2411 καὶ

119 2443 274 2479 ἐντεῦθεν
303 2443 388 2489 ἡμῖν
416 2435 655 2479 λανθανόντως
673 2435 930 2487 παραδηλῶσαι
953 2435 1144 2486 βουλομένη

117 2504 182 2548 τῆς
209 2503 342 2547 πολλῆς
371 2500 476 2537 αὐτοῦ
503 2498 631 2549 ἀρετῆς
652 2495 714 2543 τὴν
735 2496 944 2549 ὑπερὸολήν.
968 2496 1145 2548 Ἀνωτέρω

116 2562 186 2615 γὰρ
213 2564 382 2609 εἰποῦσα,
413 2560 466 2598 ὃτι
492 2559 573 2596 Νῶε
601 2552 644 2604 ἦν
673 2559 757 2595 ἐτῶν
778 2557 1016 2596 πεντακοσίων
1036 2587 1045 2605 ,
1065 2557 1144 2597 τότε

118 2623 287 2675 ἐπήγαγε,
311 2621 381 2660 Καὶ
401 2620 563 2672 ἐγέννησε
580 2624 672 2670 τρεῖς
686 2618 780 2662 υἱούς
795 2633 804 2642 ·
821 2618 1032 2658 διδάσκουσα
1050 2622 1144 2669 ἡμᾶς

116 2687 179 2730 τῆς
199 2682 403 2736 ἐγκρατείας
433 2682 539 2719 αὐτοῦ
560 2679 600 2718 τὸ
620 2679 799 2731 ὑπεράγαν
819 2679 983 2730 μέγεθος,
1012 2679 1073 2718 καὶ
1090 2680 1145 2719 ὅτι

115 2744 258 2783 πάντων
279 2746 348 2781 τῶν
367 2743 445 2781 τότε
465 2741 573 2780 ὄντων
597 2739 788 2792 ἀνθρώπων
813 2739 965 2792 τοσαύτῃ
991 2740 1146 2793 ἀκρασίᾳ

116 2805 342 2858 κεχρημένων
357 2833 366 2850 ,
397 2803 456 2842 καὶ
475 2802 608 2850 πολλὴν
625 2801 691 2848 τὴν
710 2801 873 2853 λαγνείαν
899 2801 1145 2854 ἐπιδεικνυμέ-

114 2883 182 2905 νων
198 2898 209 2916 ,
232 2867 292 2905 καὶ
309 2867 426 2913 πάσης
438 2895 448 2912 ,
468 2868 515 2908 ὡς
535 2866 643 2903 εἰπεῖν
657 2894 668 2912 ,
687 2865 749 2910 τῆς
767 2863 907 2910 ἡλικίας
927 2864 985 2903 ἐπὶ
999 2863 1063 2910 τὴν
1083 2879 1148 2902 κα-

115 2928 194 2967 κίαν
213 2927 506 2979 αὖτομολησάσης
518 2942 526 2949 ·
553 2925 700 2972 ἠκούετε
718 2923 787 2976 γὰρ
808 2927 870 2972 τῆς
890 2924 984 2969 θείας
1003 2926 1146 2978 Γραφῆς

114 2990 306 3041 λέγουσης,
337 2989 439 3028 Ἰδὼν
461 2987 498 3027 δὲ
518 2986 647 3040 Κύριος
664 2986 719 3025 ὅτι
739 2986 1005 3033 ἐπληθύνθησαν
1026 2987 1062 3025 αἱ
1077 3003 1146 3025 κα-

115 3050 191 3090 κίαι
204 3053 274 3088 τῶν
291 3049 485 3102 ἀνθρώπων
505 3047 564 3087 ἐπὶ
581 3050 642 3094 τῆς
660 3050 742 3099 γῆς,
761 3048 822 3086 καὶ
842 3055 911 3091 πᾶς
931 3064 982 3091 τις
1002 3048 1147 3087 διανοεῖ-

115 3129 175 3150 ται
191 3111 235 3150 τὰ
263 3110 401 3164 πονηρὰ
426 3111 601 3161 ἐπιμελῶς
627 3110 662 3147 ἐν
684 3112 728 3161 τῇ
749 3109 876 3163 καρδία
894 3111 997 3148 αὐτοῦ
1017 3110 1056 3147 ἐκ
1075 3108 1147 3147 νεό-

116 3195 219 3227 τητος
236 3207 248 3227 ,
276 3179 336 3217 καὶ
372 3181 492 3231 σαφῶς
521 3182 606 3228 ἡμῖν
630 3177 874 3226 δεικνυούσης,
901 3179 955 3215 ὅτι
983 3177 1042 3216 καὶ
1071 3177 1142 3215 νέοι

163 3295 174 3310 ·
193 3283 294 3318 Savil.
313 3292 346 3316 et
362 3283 498 3327 qnidam
520 3283 599 3318 mss.
618 3291 800 3329 npo'epwrov.

1223 2075 1318 2114 tem,
1338 2067 1468 2118 inquit,
1487 2069 1573 2106 Noe·
1592 2078 1668 2107 tres
1677 2070 1808 2122 filios,
1827 2070 1927 2117 Sem,
1948 2073 2088 2120 cham,
2105 2075 2183 2113 Ja—

1218 2129 1352 2180 plzeth.
1379 2130 1459 2167 Non
1489 2129 1622 2180 absque
1652 2143 1758 2168 causa
1787 2130 1913 2170 divina
1938 2133 2124 2185 Scriptura
2148 2144 2183 2173 et

1220 2197 1360 2242 tempus
1383 2197 1416 2226 et
1438 2202 1628 2227 numerum
1659 2189 1762 2228 nobis
1791 2191 1990 2243 assignavit
2022 2194 2182 2232 filiorum

1216 2248 1329 2300 justi:
1346 2249 1409 2287 sed
1429 2258 1464 2287 et
1489 2249 1575 2288 hinc
1604 2250 1707 2288 nobis
1735 2251 1885 2290 latenter
1904 2253 2086 2293 insinuare
2103 2256 2183 2294 vult

1219 2308 1399 2362 ingentem
1428 2311 1739 2364 multiplicemque
1771 2313 1848 2365 ejus
1875 2314 2061 2354 virtutem.
2088 2318 2181 2355 Nam

1218 2384 1410 2428 postquam
1428 2376 1592 2428 superius
1612 2375 1709 2414 dixit
1725 2392 1733 2413 :
1752 2377 1840 2414 Noe'
1854 2387 1941 2417 erat
1956 2382 2180 2431 quingento-
2199 2395 2314 2425 coms.
2329 2394 2380 2424 32,

1218 2457 1305 2480 rum
1336 2456 1533 2481 annorum
1547 2473 1560 2490 ,
1582 2451 1669 2480 tunc
1688 2443 1875 2482 subdidit:
1895 2454 1932 2482 et
1951 2449 2083 2497 genuit
2105 2456 2181 2486 tres

1208 2510 1324 2562 filios
1343 2524 1354 2546 .-
1368 2509 1529 2547 docendo
1547 2524 1611 2548 nos
1638 2523 1815 2548 summam
1836 2511 2060 2550 continentiae
2080 2513 2180 2552 illius

1220 2576 1506 2628 magnitudinem
1523 2576 1633 2615 fuisse
1645 2607 1656 2627 ,
1670 2591 1753 2615 cum
1772 2586 1878 2615 tantae
1898 2578 2179 2631 intemperantia:

1223 2643 1336 2682 dediti
1354 2653 1469 2682 essent
1481 2658 1602 2682 omnes
1616 2644 1794 2695 homines,
1811 2653 1977 2696 tantaque
1997 2646 2180 2686 salacitate

1157 2715 1204 2782 ²¹?
1219 2724 1338 2749 omnes
1357 2719 1487 2760 aetates,
1507 2719 1548 2748 ut
1561 2711 1610 2749 ita
1631 2710 1762 2759 dicam,
1785 2710 1831 2748 ad
1851 2711 1984 2750 malum
2005 2723 2174 2752 ruerent:

1219 2777 1371 2816 audistis
1402 2777 1497 2815 enim
1527 2776 1687 2816 divinam
1721 2778 1945 2830 Scripturam
1976 2777 2175 2818 dicentem:

1226 2841 1276 2877 Ut
1296 2848 1426 2878 autem
1442 2840 1545 2877 vidit
1564 2840 1757 2876 Dominus
1781 2839 1886 2890 quod
1903 2839 2070 2891 impletoe
2085 2851 2175 2880 sunt

1219 2905 1382 2943 malitioe
1408 2919 1522 2957 super
1551 2914 1716 2954 terram,
1739 2913 1774 2942 et
1804 2906 1966 2958 quilibet
1989 2910 2175 2960 cogitaret

1220 2972 1329 3010 mala
1357 2973 1563 3024 diligenter
1588 2974 1629 3008 in
1652 2972 1767 3010 corde
1794 2986 1864 3010 suo
1896 2987 1921 3011 a
1940 2975 2173 3026 juventute:

1219 3039 1282 3077 ubi
1302 3039 1485 3077 manifeste
1498 3038 1668 3087 declarat,
1685 3047 1718 3075 et
1729 3038 1881 3090 juvenes
1896 3039 2026 3078 vicisse
2044 3055 2173 3094 prove-

1219 3107 1345 3146 ctiores
1359 3116 1473 3157 aetate,
1495 3115 1530 3144 et
1550 3119 1648 3144 senes
1667 3119 1736 3144 non
1759 3105 1878 3145 minus
1899 3121 2007 3158 quam
2024 3109 2173 3161 juvenes

1219 3176 1418 3226 insaniisse,
1440 3184 1474 3213 ct
1491 3173 1537 3212 ad
1559 3173 1694 3212 malum
1713 3174 1826 3213 multa
1845 3175 2074 3227 proclivitate
2091 3192 2172 3230 pro-
