2566 3791
806 251 848 281 IN
887 250 987 281 CAP.
1026 249 1073 280 V.
1111 247 1273 278 GENES.

156 336 192 374 ἐν
211 333 402 387 προοιμίοις
414 365 423 383 ,
437 333 494 372 ἵνα
510 333 631 384 διδάξῃ
647 337 761 382 ἡμᾶς,
780 334 833 372 ὅτι
848 336 895 379 ὡς
915 333 1100 384 ἀδοκίμους
1119 348 1176 384 γε-

156 395 300 447 νομένας
318 395 380 439 τὰς
399 394 518 447 γενεὰς
535 394 667 439 ἐκείνας
683 394 758 434 οὐδὲ
780 389 921 447 μνήμης
939 395 1059 434 λοιπὸν
1076 394 1178 442 ἀξιοῖ,

157 456 236 496 ἀλλ’
260 460 298 496 ἐκ
322 461 384 495 τοῦ
402 460 462 495 νῦν
490 456 670 510 τεχθέντος
686 487 695 504 ,
721 461 782 495 τοῦΙ
809 458 884 504 Σὴθ
913 457 1023 509 λέγω,
1041 459 1104 503 τῆς
1121 471 1178 507 γε·

156 519 336 570 νεαλογίας
350 519 518 571 ἄρχεται,
535 518 591 556 ἵνα
611 519 670 556 καὶ
692 520 730 556 ἐκ
748 518 868 558 τούτου
887 517 1018 570 μάθῃς,
1037 517 1115 562 ὅσος
1128 519 1178 569 τῷ

156 581 239 631 Θεῷ
257 579 357 631 λόγος
382 583 446 626 τῆς
471 579 687 633 ἀνθρωπίνης
707 579 864 633 φύσεως,
883 580 943 618 καὶ
970 579 1064 622 ὅπως
1089 581 1180 617 ἀπο-

157 640 344 693 στρέφεται
365 640 442 684 τοὺς
462 641 604 694 φονικὴν
620 641 764 693 ἔχοντας
778 641 842 688 τὴν
855 640 1010 693 γνώμην.
1031 639 1096 683 Ὡς
1112 639 1180 691 γὰρ

162 702 249 752 μηδὲ
266 703 516 755 παραχθέντων
532 703 651 741 λοιπὸν
672 703 812 741 ἐκείνων
830 704 877 745 εἷς
889 702 946 740 τὸν
963 701 1052 752 βίον,
1074 700 1182 743 οὕτως

162 764 276 801 αὐτῶν
295 763 358 810 τὴν
373 763 515 815 γνώμην
537 763 800 816 παραλιμπάνει
815 792 824 809 ,
842 761 974 805 δεικνὺς
988 765 1086 812 ἡμῖν,
1103 761 1182 799 ὅσον

162 826 235 865 ἐστὶ
250 825 358 864 κακία
377 826 546 877 χαλεπὸν,
574 825 634 863 καὶ
663 825 717 863 ὅτι
737 827 871 867 ἑαυτοῖς
888 824 930 862 τὰ
949 823 1099 874 μέγιστα
1123 825 1182 861 λυ-

162 887 343 937 μαίνονται
359 889 390 924 οἱ
409 886 538 931 ταύτην
557 885 805 936 ἀσπαζόμενοι.
824 883 913 924 Ἰδοὺ
928 884 995 937 γὰρ
1011 879 1104 923 οὗτοι
1121 883 1182 935 μὲν

160 952 221 986 τοῦ
251 947 444 997 καταλόγου
467 946 587 985 λοιπὸν
609 946 866 999 ἐξαλείφονται,
889 946 946 985 ἐπὶ
965 949 1127 984 τοσοῦτον
1147 946 1183 984 δὲ

161 1009 302 1059 μνήμης
334 1007 531 1056 ἠξιώθησαν
561 1008 676 1059 μόνον,
706 1007 796 1048 ὥστε
815 1007 879 1055 τὴν
909 1008 1036 1046 κακίαν
1069 1009 1182 1046 αὐτῶν

159 1069 441 1117 στηλιτεύεσθαι,
467 1069 526 1108 καὶ
545 1075 621 1112 ταῖς
639 1072 686 1113 εἷς
706 1070 746 1109 τὸ
773 1070 850 1116 ἑξῆς
869 1075 1002 1122 γενεαῖς
1025 1068 1184 1121 γενέσθαι

160 1135 403 1184 σωφρονισμοῦ
424 1131 600 1170 ὑπόθεσιν.
624 1131 669 1170 ‘O
685 1132 720 1170 δὲ
737 1131 866 1175 ἀδίκως
889 1131 1081 1183 ἀναιρεθεὶς
1099 1160 1108 1176 ,
1124 1131 1184 1170 καὶ

161 1194 229 1233 ὑπὸ
243 1197 305 1240 τῆς
321 1195 508 1246 ἀδελφικῆς
526 1193 641 1246 χειρὸς
655 1193 848 1246 φονευθεὶς,
869 1192 905 1238 ἐξ
928 1192 1059 1231 ἐκείνου
1078 1193 1185 1247 μέχρι

161 1259 222 1294 τοῦ
241 1259 299 1294 νῦν
317 1257 350 1294 ἐν
375 1261 446 1299 τοῖς
466 1256 629 1294 ἁπάντων
650 1256 769 1309 ᾄδεται
791 1255 964 1306 στόμασι,
987 1255 1048 1294 καὶ
1070 1255 1148 1294 οὔτε
1167 1257 1187 1294 ὃ

160 1316 284 1369 χρόνος
299 1316 420 1355 τούτου
438 1316 501 1363 τὴν
527 1317 669 1368 μνήμην
696 1316 848 1363 ἔσῧεσεν,
867 1317 945 1356 οὔτε
963 1317 1094 1356 ἐκείνου
1119 1318 1183 1365 τὴν

161 1379 374 1432 κατηγορίαν
398 1377 606 1428 ὑπετέμετο,
632 1377 722 1416 ἀλλὰ
740 1378 799 1416 καὶ
817 1373 915 1422 οὗτος
932 1381 1010 1416 καθ’
1033 1380 1184 1428 ἑκάστην
1207 1389 1231 1419 Γ,

159 1440 296 1494 ἡμέραν
329 1439 426 1492 παρὰ
453 1440 593 1478 πάντων
632 1439 925 1493 ἀνακηρύττεται,
961 1441 1020 1478 καὶ
1057 1443 1186 1486 ἐκεῖνος

162 1503 327 1550 διηνεκῶς
342 1500 593 1548 στηλιτεύεται.
610 1501 732 1540 Εἴδετε
746 1501 810 1549 ὅση
824 1505 887 1549 τῆς
901 1501 1026 1546 κακίας
1041 1506 1062 1549 ἡ
1075 1503 1184 1554 λύμη,

162 1564 222 1603 καὶ
242 1563 307 1610 ὅση
333 1566 395 1609 τῆς
424 1566 550 1615 ἀρετ-ἧς
567 1566 590 1609 ἡ
614 1563 733 1615 ἰσχὺς,
762 1564 823 1602 καὶ
853 1563 948 1609 ὅπως
964 1568 987 1612 ἡ
1015 1564 1093 1615 μὲν,
1124 1566 1185 1604 καὶ

159 1627 361 1674 πολεμοῦσα
376 1624 435 1662 καὶ
450 1624 696 1677 περιγινομένη
709 1655 718 1672 ,
739 1625 921 1664 σὸέννυταί
945 1642 982 1664 τε
1009 1626 1069 1664 καὶ
1094 1629 1185 1679 ἀφα-

159 1688 310 1734 νίζεται,
334 1691 356 1733 ἡ
379 1686 416 1725 δὲ
431 1716 440 1734 ,
459 1686 518 1724 καὶ
535 1686 779 1737 πολεμουμένη
809 1687 868 1725 καὶ
891 1687 935 1725 τὰ
961 1688 1068 1741 μυρία
1090 1688 1185 1727 δεινὰ

159 1748 379 1800 ὑπομένουσα
393 1777 403 1794 ,
425 1745 536 1799 ταύτῃ
555 1749 684 1797 μᾶλλον
701 1747 762 1785 καὶ
774 1748 1002 1801 λαμπροτέρα
1026 1748 1086 1787 καὶ
1102 1765 1185 1802 φαι-

161 1809 306 1860 δροτέρα
326 1806 500 1860 ιιγίνεται;
518 1807 589 1846 Καὶ
619 1809 697 1853 ἐνῆν
715 1807 776 1857 μὲν
803 1808 863 1846 καὶ
883 1808 919 1852 ἐξ
939 1808 1065 1862 ἑτέρων
1093 1827 1185 1863 πρα-

161 1870 307 1920 γμάτων
335 1869 462 1919 ὁμοίως
490 1869 699 1919 συμὸοίντων
719 1873 820 1906 τοῦτο
839 1869 947 1913 δεῖξαι
965 1874 1024 1907 νῦν
1047 1871 1104 1908 ἐπὶ
1122 1873 1186 1917 τῆς

161 1931 332 1982 ὑμετέρας
345 1930 484 1980 ἀγάπης
501 1945 508 1952 ·
536 1931 612 1968 ἀλλ’
631 1928 688 1966 ἵνα
709 1929 756 1979 μὴ
773 1932 836 1975 τῆς
856 1929 1089 1981 προκειμένης
1104 1934 1186 1970 ἀκο-

163 1991 300 2034 λουθίας
321 1990 405 2033 τέως
424 1989 641 2039 ἐκπέσωμεν,
668 1989 749 2043 φέρε
776 1989 880 2028 πάλιν
908 1990 1185 2042 ἐπαναλάὸωμεν

163 2052 252 2090 αὐτὰ
279 2051 323 2090 τὰ
345 2051 523 2103 εἰρημένα.
554 2052 650 2096 Αὕτη
672 2055 694 2097 ἡ
719 2050 856 2101 βίὸλος,
887 2051 990 2103 φησὶ,
1021 2051 1187 2103 γενέσεως

163 2113 366 2166 ἀνθρώπων,
383 2108 407 2164 ἦ
425 2112 543 2166 ἡμέρα
557 2112 718 2159 ἐποίησεν
733 2115 751 2150 ὁ
769 2113 856 2155 Θεὸς
882 2113 940 2151 τὸν
958 2112 1088 2163 Ἀδὰμ,
1105 2117 1184 2151 κατ’

163 2174 279 2213 εἰκόνα
293 2177 385 2214 Θεοῦ
401 2175 560 2220 ἐποίησεν
577 2173 696 2212 αὐτόν·
720 2173 822 2225 ἄρσεν
839 2174 899 2212 καὶ
922 2176 1008 2221 θῆλυ
1023 2175 1185 2221 ἐποίησεν

162 2237 283 2280 αὐτούς
299 2253 306 2259 ·
339 2236 398 2274 καὶ
425 2236 631 2286 ἐπωνόμασε
660 2235 700 2274 τὸ
724 2236 833 2285 ὄνομα
865 2237 978 2275 αὐτῶν
1011 2232 1184 2289 Ἀδὰμ,ᾗ

161 2298 276 2351 ἡμέρᾳ
297 2297 457 2345 ἐποίησεν
484 2296 616 2341 αὐτούς.
642 2295 739 2350 εὈρα
764 2300 840 2340 πῶς
861 2297 968 2335 πάλιν
988 2301 1051 2345 τῆς
1067 2299 1183 2350 διηγή-

161 2376 247 2403 σεως
266 2360 394 2398 ἄνωθεν
421 2357 597 2410 ἀρξαμένη
621 2362 643 2405 ἠ
668 2358 743 2397 θεία
771 2358 895 2412 spone->1
922 2362 1183 2411 ὑπομιμνήσκει

161 2423 255 2471 ’ἡμᾶς
266 2450 275 2466 ,
294 2420 377 2466 ὅσης
391 2419 537 2466 ἠξίωται
553 2423 658 2468 τιμῆς
673 2422 690 2458 ὁ
709 2421 976 2473 δημιουργηθεὶς
989 2422 1182 2473 ἅνθρωπος.

160 2474 208 2536 ’ᾟ
225 2480 360 2533 ἡμέρᾳ,
379 2481 496 2533 φησὶν,
517 2480 679 2528 ἐποίησεν
699 2481 833 2531 Ἀδὰμ,
852 2485 931 2520 κατ’
952 2483 1070 2522 εἰκόνα
1088 2486 1181 2524 Θεοῦ

163 2542 324 2588 ἐποίησεν
342 2542 456 2589 αὐτὸν,
481 2542 556 2580 ἀντὶ
578 2545 657 2589 τοῦ,
686 2542 839 2594 ἄρχοντα
864 2544 964 2582 αὐτὸν
986 2544 1181 2592 κατέστησε

161 2604 302 2642 πάντων
322 2606 390 2641 τῶν
404 2602 598 2655 ὁρωμένων.
615 2604 729 2642 Τοῦτο
749 2603 816 2656 γάρ
831 2607 904 2642 ἐστι
919 2635 929 2652 ,
947 2607 1034 2644 Κατ’
1053 2607 1181 2656 εἰκόνα,

162 2665 254 2704 κατά
270 2681 306 2703 τε
322 2664 379 2703 τὸν
395 2668 457 2711 τῆς
472 2666 582 2718 ἀρχῆς
597 2664 712 2716 λόγον,
729 2665 789 2703 καὶ
803 2665 894 2704 κατὰ
908 2665 964 2704 τὸν
981 2670 1043 2714 τῆς
1059 2669 1182 2707 δεσπο-

160 2728 264 2772 τείας.
284 2727 424 2778 υΩσπερ
442 2725 509 2777 γὰρ
524 2728 542 2763 ὁ
556 2729 624 2765 τῶν
643 2725 732 2764 ὅλων
747 2726 837 2771 Θεὸς
855 2727 917 2775 τὴν
933 2729 1024 2767 κατὰ
1041 2730 1181 2769 πάντων

162 2789 276 2841 ἀρχὴν
289 2789 362 2840 ἔχει
376 2791 445 2826 τῶν
460 2803 499 2827 τε
512 2789 660 2842 ὁρατῶν,
683 2790 752 2826 τῶν
771 2803 809 2826 τε
831 2788 1000 2838 ἀοράτων,
1017 2791 1183 2845 δημιουρ-

162 2851 221 2902 γὸς
245 2850 408 2889 ἁπάντων
426 2851 620 2902 τυγχάνων,
641 2849 732 2888 οὕτω
760 2851 820 2889 καὶ
844 2850 883 2890 τὸ
902 2854 988 2897 ζῶον
1017 2858 1118 2891 τοῦτο
1144 2855 1184 2893 τὸ

163 2911 299 2962 λογικὸν
326 2911 602 2964 δημιουργήσας,
630 2911 800 2960 ἐὸουλήθη
834 2913 976 2952 πάντων
1001 2917 1071 2952 τῶν
1097 2918 1183 2966 ὁρω-

164 2971 277 3021 μένων
291 2970 355 3017 τὴν
371 2972 483 3025 ἀρχὴν
498 2972 600 3010 αὐτὸν
619 2972 724 3024 ἔχειν.
746 2974 810 3012 Διὸ
829 2974 888 3012 καὶ
906 2973 971 3021 τὴν
987 2978 1049 3022 τ’ἥς
1067 2978 1184 3029 ψυχῆς

162 3032 281 3071 οὐσίαν
300 3034 394 3084 αὐτῷ
410 3033 610 3086 ἐχαρίσατο,
627 3034 804 3085 βουληθεὶς
822 3035 924 3074 αὐτὸν
940 3036 999 3074 καὶ
1013 3037 1183 3076 ἀθάνατον

162 3086 252 3132 εἶναι
275 3095 322 3138 εἰς
338 3095 378 3132 τὸ
393 3094 563 3141 διηνεκές·
585 3095 663 3133 ἀλλ’
685 3096 806 3144 ἐπειδὴ
827 3096 885 3134 διὰ
908 3097 1078 3149 ῥᾳθυμίαν
1101 3098 1184 3137 ὤλι-

165 3156 244 3201 σθε,
270 3154 328 3192 καὶ
350 3154 487 3208 παρέδη
518 3155 581 3203 τὴν
604 3156 786 3195 “δοθεῖσαν
807 3159 902 3210 αὐτῷ
923 3158 1079 3207 ἐντολὴν,
1107 3160 1183 3199 οὐδὲ

164 3212 255 3250 οὕτω
269 3214 383 3253 τέλεον
398 3216 604 3269 ἀπεστράφη
618 3216 682 3264 τὴν
696 3217 826 3256 οἷκείαν
843 3219 1106 3272 φιλανθρωπίαν
1127 3237 1184 3272 μι-

167 3274 355 3325 μούμενος,
385 3277 475 3316 ἀλλὰ
504 3280 567 3324 τῆς
596 3277 657 3329 μὲν
687 3279 877 3324 ἀθανασίας
901 3281 1002 3320 αὐτὸν
1033 3283 1184 3322 ἀπεστέ-

211 3389 227 3413 ¹¹
251 3388 307 3422 Sic
323 3402 437 3426 omnes
453 3403 568 3435 preter
583 3394 698 3428 Morel.
714 3397 770 3440 qui
786 3395 887 3430 habet.
902 3403 1024 3441 γίνεται.
1035 3404 1099 3437 ἐνῆν
1115 3402 1171 3442 μὲν

167 3446 215 3475 κ’,ὶ
232 3445 351 3488 ἑτέρων,

1198 2088 1245 2154 Ἓῧ
1259 2113 1472 2149 secundum
1486 2115 1698 2165 imaginem
1710 2116 1789 2153 Dei
1795 2117 1900 2169 fecit
1915 2118 2046 2165 illzcm;
2059 2135 2211 2161 mascu-

2177 239 2199 250 ,ν

1313 247 1470 278 qutL.
1508 249 1608 279 xxh
2107 251 2197 285 211)

1249 331 1309 380 rit,
1327 331 1461 382 quibus
1476 341 1510 370 et
1525 332 1639 381 initio,
1652 340 1691 370 ut
1703 331 1846 371 doceret
1862 347 1939 381 nos,
1955 349 1991 373 se
2005 340 2202 386 generatio·

1249 407 1310 432 nes
1328 392 1410 430 illas
1424 401 1546 446 utpote
1556 393 1774 446 reprobatas,
1787 408 1898 446 neque
1918 399 2087 436 memoria
2106 410 2203 451 post-

1250 455 1316 493 hac
1331 454 1459 507 dignas
1478 455 1633 494 hahere:
1655 455 1715 494 sed
1738 471 1783 495 cx
1811 457 1911 507 Seth,
1932 458 1996 509 qui
2016 473 2110 497 nunc
2131 461 2204 499 illis

1250 525 1354 554 natus
1364 525 1430 562 est,
1443 517 1685 569 genealogiam
1698 517 1825 569 ordiri,
1844 528 1926 558 utet
1938 521 2064 563 exhoc
2076 522 2205 568 discas,

1248 587 1418 628 quantam
1441 579 1538 617 Deus
1556 579 1703 618 humani
1722 581 1859 631 generis
1871 582 2044 621 rationem
2061 584 2205 631 habeat,

1253 647 1286 676 et
1302 639 1482 689 quomodo
1506 640 1586 679 illos
1612 651 1806 691 aversetur,
1828 644 1958 694 quibus
1981 646 2207 697 sanguinaria

1255 713 1354 738 mens
1371 709 1436 738 cst.
1455 702 1545 739 Nam
1570 701 1716 740 illorum
1735 705 1958 755 memoriam,
1979 707 2081 757 quasi
2098 721 2208 746 num—

1206 772 1230 801 ι)
1252 774 1361 811 quam
1379 760 1566 809 vixissent,
1587 762 1636 800 ita
1652 763 1792 802 silentio
1812 767 1992 817 przetcrit:
2011 778 2209 808 monstran-

1255 821 1304 860 do
1319 822 1542 874 nobisquam
1560 837 1668 875 grave
1683 826 1819 864 malum
1834 827 1879 865 sit
1895 839 2093 880 peccatum,
2112 833 2212 883 quod

1255 883 1319 933 qui
1335 884 1613 936 amplectuntur,
1625 899 1662 923 se
1671 886 1830 938 primum
1843 897 1876 925 et
1885 890 2041 928 maxime
2052 906 2212 943 pessum-

1255 944 1353 983 dant.
1377 945 1471 984 Ecce
1489 946 1585 984 enim
1601 947 1656 985 illi
1676 962 1696 985 e
1710 948 1870 1000 catalogo
1889 962 2161 1003 expunguntur,
2180 965 2213 992 et

1256 1016 1398 1046 catenus
1434 1017 1574 1046 tantum
1604 1021 1928 1049 commemorantur
1964 1022 2003 1051 ut
2024 1013 2214 1054 infametur

1256 1067 1416 1120 ipsorum
1426 1069 1575 1119 malitia,
1583 1080 1617 1109 et
1631 1072 1888 1124 posterioribus
1900 1075 2040 1114 saeculis
2052 1078 2214 1116 emenda-

1257 1129 1362 1168 tionis
1377 1131 1656 1170 sintoccasio.At
1665 1133 1727 1184 qui
1742 1133 1872 1186 injuste
1882 1135 2074 1188 occisus,et
2088 1140 2213 1178 frater-

1257 1205 1302 1229 na
1320 1205 1429 1230 manu
1446 1192 1655 1232 interemtus
1669 1203 1734 1244 est,
1754 1209 1800 1233 ex
1819 1210 1859 1235 eo
1875 1206 2033 1250 tempore
2052 1214 2163 1252 usque
2178 1202 2210 1240 in

1257 1251 1325 1290 hoc
1343 1263 1517 1303 nostrum,
1531 1254 1694 1293 omnium
1711 1255 1920 1296 decantatur
1948 1273 2019 1308 ore,
2037 1270 2072 1299 et
2098 1276 2213 1314 neque

1257 1322 1397 1367 tempus
1417 1315 1528 1368 hujus
1549 1316 1759 1356 memoriam
1775 1319 1962 1370 exstinxit,
1982 1335 2096 1373 neque
2114 1324 2213 1363 illius

1257 1375 1392 1414 crimen
1422 1377 1626 1416 imminuit:
1651 1378 1713 1417 sed
1731 1389 1765 1418 et
1786 1380 1846 1419 hic
1864 1383 2024 1433 quotidie
2051 1386 2214 1425 omnium

1256 1451 1317 1476 ore
1332 1438 1564 1491 praedicatur,
1577 1449 1611 1478 et
1626 1439 1686 1478 ille
1703 1441 1870 1481 continue
1886 1443 2092 1485 infamatur.
2107 1447 2214 1487 Vidi-

1255 1498 1319 1537 stis
1355 1510 1528 1550 quantum
1572 1501 1720 1540 malitiae
1749 1502 1921 1542 damnum
1935 1535 1945 1554 ,
1973 1515 2010 1544 et
2040 1518 2214 1559 quantum

1257 1559 1400 1599 virtutis
1431 1562 1569 1601 robur?
1600 1572 1634 1602 et
1653 1564 1834 1615 quomodo
1864 1567 2022 1619 malitia,
2045 1570 2152 1608 etiam
2183 1573 2213 1610 si
2264 1583 2362 1610 virum
2380 1593 2414 1609 οἵ

1258 1621 1398 1661 infestet
1413 1632 1447 1662 et
1473 1623 1690 1673 dominetur,
1706 1626 1948 1679 exstinguitur
1966 1639 2083 1669 tamen
2100 1642 2134 1671 et
2151 1633 2213 1672 ab-
2227 1626 2419 1695 ffifflffssffrnm

1257 1682 1374 1721 oletur
1390 1700 1397 1720 z
1415 1684 1531 1723 virtus
1541 1695 1660 1724 autem
1675 1686 1759 1725 licet
1776 1687 1970 1740 infestetur,
1981 1701 2015 1730 et
2029 1692 2216 1735 innumera

1259 1744 1382 1795 gravia
1395 1745 1578 1796 sustineat,
1594 1761 1634 1785 ea
1652 1748 1836 1787 occasione
1854 1750 2030 1791 illustrior
2043 1754 2084 1792 fit
2098 1765 2133 1794 et
2144 1757 2216 1795 cla-

1259 1805 1358 1843 rior?
1378 1806 1425 1844 Et
1443 1807 1566 1845 liceret
1583 1808 1730 1859 quidem
1748 1809 1816 1848 hoc
1832 1811 1939 1850 etiam
1957 1827 2002 1852 ex
2013 1814 2092 1853 aliis
2111 1819 2218 1868 gestis

1257 1881 1338 1918 quae
1345 1867 1453 1906 simili
1459 1877 1510 1906 ter
1517 1879 1709 1908 evenerunt
1714 1872 1867 1920 ,caritati
1876 1883 2002 1913 vesti-ce
2014 1878 2215 1917 ostendere:

1258 1927 1321 1966 sed
1330 1942 1373 1966 ne
1383 1929 1428 1966 ab
1443 1929 1605 1968 instituto
1613 1939 1731 1970 nostro
1742 1932 2004 1984 digrediamur,
2015 1951 2082 1989 age
2097 1938 2216 1979 denuo

1259 2004 1337 2041 quse
1347 1989 1442 2028 dicta
1461 2000 1543 2029 sunt
1557 2001 1772 2044 repetamus.
1789 1996 1870 2033 Iste
1880 2005 1935 2034 est
1944 1997 2043 2036 liber
2054 2014 2216 2052 genera-

1261 2053 1378 2089 ti0nis
1396 2053 1611 2101 hominum,
1632 2054 1695 2092 die
1712 2068 1789 2107 quo
1799 2057 1905 2108 fecit
1935 2059 2044 2103 Deus
2064 2061 2215 2112 Adam,

1259 2173 1341 2210 lum
1355 2182 1391 2211 et
1405 2175 1709 2227 semt'namsecit
1728 2177 1820 2215 illos
1833 2194 1849 2223 ,-
1870 2188 1906 2217 ει
1919 2181 2135 2232 appellavit
2145 2199 2216 2222 no-

1258 2248 1348 2272 men
1362 2247 1495 2272 eorum
1513 2235 1665 2283 Adam,
1689 2238 1752 2275 die
1775 2252 1851 2290 quo
1866 2241 1964 2291 fecit
1991 2243 2095 2282 illos.
2119 2246 2214 2285 Vide

1257 2294 1435 2346 quomodo
1451 2295 1583 2334 iterum
1596 2298 1801 2337 narratione
1809 2300 1855 2337 ab
1868 2300 1970 2340 initio
1981 2304 2144 2356 repetita,
2159 2306 2214 2345 di-

1257 2356 1340 2395 vina
1353 2357 1539 2410 Scriptura
1558 2358 1662 2396 nobis
1681 2372 1934 2400 commemorat
1953 2374 2125 2414 quantum
2147 2368 2212 2407 ho-

1256 2433 1380 2458 norem
1400 2433 1419 2457 a
1442 2418 1634 2458 Conditore
1656 2421 1801 2459 sortitus
1822 2423 1868 2461 sit
1885 2424 2003 2463 homo.
2022 2428 2100 2465 Die
2118 2443 2208 2480 quo,

1256 2481 1500 2534 inquit,secit
1512 2481 1664 2528 Adam,
1684 2485 1896 2522 secundum
1911 2488 2121 2540 imaginem
2134 2492 2212 2529 Dei

1244 2544 1350 2596 fecit
1371 2543 1483 2580 illum
1497 2558 1508 2578 :
1528 2541 1597 2579 hoc
1617 2551 1670 2580 est
1692 2544 1891 2597 principem
1905 2547 2009 2586 illum
2029 2552 2211 2590 constituit

1255 2604 1418 2643 omnium
1447 2603 1663 2642 visibilium.
1687 2604 1764 2643 Hoc
1783 2606 1876 2645 enim
1907 2618 1957 2647 est
1992 2611 2209 2653 Secundum
2263 2637 2344 2676 Quid
2374 2641 2411 2665 54,

1254 2669 1477 2718 imaginem,
1489 2664 1687 2703 secundum
1697 2667 1870 2705 rationem
1880 2668 2031 2709 dominii
2039 2682 2072 2710 et
2079 2667 2210 2726 princi·
2247 2681 2409 2729 stanna-dun.

1253 2737 1373 2780 patus.
1395 2727 1489 2764 Nam
1520 2725 1612 2763 sicut
1642 2726 1803 2765 omnium
1835 2729 1932 2768 Deus
1967 2732 2207 2787 principatum
2225 2732 2410 2792 ῠὲὲῃῠςεῐῖἒειτῖ

1256 2789 1364 2827 habet
1374 2801 1480 2839 super
1491 2786 1609 2824 omnia
1622 2796 1696 2824 tam
1708 2787 1866 2827 visibilia
1879 2804 1987 2841 quam
1999 2793 2208 2848 invisibilia,

1255 2851 1318 2901 qui
1337 2849 1498 2887 omnium
1517 2847 1680 2886 conditor
1708 2858 1741 2887 et
1759 2850 1880 2902 opifex
1907 2863 1958 2891 est
1976 2870 1984 2890 :
2007 2856 2058 2895 sic
2075 2867 2109 2897 et
2128 2874 2209 2899 cum

1256 2911 1425 2950 formavit
1435 2909 1607 2948 rationale
1618 2910 1684 2948 hoc
1697 2910 1844 2960 animal,
1855 2913 1973 2953 voluit
1984 2919 2146 2959 omnium
2155 2923 2211 2960 vi-

1257 2973 1418 3013 sibilium
1432 2971 1639 3024 praescctura
1655 2971 1793 3023 insigne
1811 2987 1897 3017 esse.
1910 2977 2063 3017 Proinde
2081 2991 2115 3019 et
2130 2983 2208 3020 ani-

1257 3050 1324 3074 mae
1343 3032 1577 3073 substantiam
1599 3032 1653 3070 illi
1682 3033 1832 3086 largitus
1857 3046 1922 3087 est,
1941 3039 2063 3079 volens
2092 3043 2211 3095 ipsum

1257 3095 1494 3135 immortalem
1511 3107 1585 3131 esse
1603 3102 1637 3130 et
1657 3103 1871 3146 perpetuum
1894 3114 1902 3134 :
1925 3113 2052 3139 verum
2070 3104 2133 3142 ubi
2148 3119 2212 3157 per

1256 3157 1430 3196 desidiam
1449 3154 1604 3202 excidit,
1621 3163 1655 3192 et
1674 3164 1912 3208 transgressus
1932 3171 1983 3200 est
2002 3165 2209 3204 mandatum

1258 3219 1326 3258 sibi
1351 3216 1537 3263 traditum,
1561 3229 1675 3266 neque
1695 3216 1746 3254 sic
1765 3220 1909 3259 omnino
1930 3222 2047 3275 ipsum
2067 3240 2208 3265 aversa-

1258 3291 1316 3319 tus
1333 3287 1383 3318 est
1404 3293 1412 3314 ε
1430 3275 1490 3315 sed
1501 3291 1567 3329 pro
1576 3290 1639 3314 sua
1652 3277 1894 3321 misericordia
1909 3283 2212 3327 immortalitatem

1252 3405 1265 3419 n
1289 3393 1390 3427 Savil.
1417 3400 1603 3436 et-septem
1628 3394 1707 3429 Mss,
1735 3399 1866 3433 ὃοθεῐςκυ
1894 3405 2023 3440 ἐντολήν.
2049 3403 2123 3435 Mox
2145 3402 2212 3436 ‹luo

1208 3448 1283 3479 Mss.
1303 3449 1403 3480 τέλεον
1428 3449 1516 3479 »ass->n
1538 3452 1727 3491 ἀπεστράφη.
