2516 3791
687 205 728 234 lN
766 204 868 234 CAP.
910 204 972 233 xl.
1012 201 1171 232 GENES.
1212 201 1367 232 nomn„
1408 201 1516 231 XXX.

54 294 166 347 τέρας.
187 288 333 336 Ἐπειδὴ
350 289 417 340 γὰρ
433 282 522 327 οἶδεν
542 286 595 325 ὅτι
617 285 707 324 κατὰ
721 286 779 325 τὸν
807 286 926 339 καιρὸν
947 287 1075 324 ἐκεῖνον

53 353 230 403 δυνάμεθα
257 350 338 403 περὶ
360 352 431 388 τῶν
463 347 676 400 συνεχόντων
697 350 792 398 ἡμᾶς
822 345 1075 398 διαλεχθέντες,

53 414 112 453 καὶ
124 413 168 452 τὰ
181 409 417 463 ἡμαρτημένα
431 407 718 460 ἐξαγορεύσαντες
731 437 740 454 ,
758 407 818 445 καὶ
834 407 877 445 τὰ
893 405 1078 459 τραύματα

53 477 104 527 τῷ
120 476 228 526 ἰατρῷ
244 471 414 516 δείξαντες
425 501 433 517 ,
447 471 579 516 πολλῆς
600 471 778 520 ἐπιτυχεῖν
793 470 856 513 τῆς
873 466 1058 520 θεραπείας
1069 495 1079 513 ,

54 534 132 574 τότε
153 534 307 584 μάλιστα
327 531 510 583 ἐφίσταται
527 529 585 567 καὶ
605 528 719 566 πάντα
735 534 825 567 ποιεῖ
844 527 904 565 καὶ
919 541 1080 578 πραγμα-

54 594 208 641 τεύεται,
250 592 341 631 ὥστε
374 594 561 644 ἐκκροῦσαι
595 593 689 640 ἡμᾶς
734 590 793 628 καὶ
828 591 875 632 εἷς
909 588 1080 641 ῥαθυμίαν

57 656 234 707 ἐμὸαλεῖν.
255 655 320 692 Διὸ
349 653 526 704 νήφωμεν,
546 653 766 705 παρακαλῶ,
784 650 844 689 καὶ
865 648 990 692 εἰδότες
1023 648 1084 686 αὖ·

56 721 116 756 τοῦ
135 716 198 759 τὰς
217 714 424 761 ἐπιδουλὰς,
445 712 599 763 μάλιστα
618 711 710 750 κατὰ
728 711 786 748 τὸν
806 708 929 762 καιρὸν
952 711 1082 746 ἐκεῖνον

58 778 319 827 σπουδάζωμεν,
331 774 458 813 ὡσανεὶ
478 772 634 824 παρόντα
651 772 710 810 καὶ
726 771 794 823 πρὸ
805 772 874 808 τῶν
893 770 1082 820 ὀφθαλμῶν

57 840 159 889 ἡμῶν
179 839 314 875 ἑστῶτα
331 837 477 886 ὁρῶντες
487 864 496 881 ,
510 832 616 874 οὕτως
631 831 733 869 αὐτὸν
746 829 1008 882 διακρούεσθαι,
1022 827 1082 866 καὶ

58 898 172 937 πάντα
197 895 363 947 λογισμὸν
395 894 670 947 διαταράττοντα
696 894 797 941 ἡμῶν
829 889 893 937 τὴν
927 888 1081 928 διάνοιαν

57 960 288 1001 ἀπωθεῖσθαι,
304 955 362 993 καὶ
378 954 477 998 ὅλους
497 951 639 995 ἑαυτοὺς
659 951 860 999 συντείνειν,
877 950 936 988 καὶ
952 949 1081 1001 ἀκριὸἧ

56 1021 230 1058 ποιεῖσθαι
244 1015 307 1064 τὴν
327 1014 486 1062 ἔντευξιν,
505 1013 562 1052 ἵνα
583 1013 631 1064 μὴ
651 1012 754 1064 μόνον
771 1016 793 1060 ’ἡ
815 1014 956 1064 γλῶττα
973 1010 1082 1064 φθέγ-

56 1094 161 1130 γηται
174 1108 184 1126 ,
204 1077 293 1116 ἀλλὰ
307 1077 367 1115 καὶ
385 1081 407 1123 η
427 1075 560 1114 διάνοια
579 1073 756 1126 συμίαίνῃ
780 1079 851 1116 τοῖς
871 1071 1082 1124 λεγομένοις.

59 1139 146 1179 Ἐὰν
176 1138 242 1190 γὰρ
271 1141 293 1184 ἡ
323 1139 463 1189 γλῶττα
482 1135 544 1186 μὲν
565 1135 722 1189 προφέρῃ
751 1133 795 1172 τὰ
816 1133 977 1186 ῥήματα,
1000 1136 1021 1179 ἡ
1048 1132 1083 1172 δὲ

59 1199 193 1238 διάνοια
211 1198 276 1243 ἔξω
299 1198 492 1252 ῥέμὸηται,
512 1195 556 1235 τὰ
576 1195 666 1234 κατὰ
692 1195 756 1242 τὴν
781 1194 893 1233 οἰκίαν
915 1209 1083 1247 περισκο-

59 1264 193 1307 ποῦσα,
226 1258 271 1298 τὰ
303 1258 394 1296 κατὰ
425 1257 488 1305 τὴν
522 1256 654 1309 ἀγορὰν
686 1255 928 1308 φανταζομένη
941 1284 951 1300 ,
986 1254 1083 1293 οὐδὲν

58 1324 143 1371 ἡμῖν
163 1320 283 1372 ὄφελος
301 1319 397 1357 ἔσται
409 1348 419 1366 ,
438 1317 531 1370 τάχα
547 1317 583 1355 δὲ
598 1317 657 1354 καὶ
671 1316 800 1355 πλείων
821 1319 843 1362 ἡ
864 1315 1082 1365 κατάκρισις.

58 1383 102 1420 Εἰ
126 1380 192 1434 γὰρ
212 1379 382 1433 ἀνθρώπῳ
401 1378 600 1432 προσιόντες
619 1377 791 1423 τοσαύτην
817 1376 1083 1427 ἐπιδεικνύμεθα

58 1440 121 1487 τὴν
141 1441 307 1487 σπουδὴν,
324 1442 369 1483 ὡς
385 1439 472 1490 μηδὲ
490 1437 569 1482 τοὺς
583 1437 732 1484 πλησίον
750 1439 979 1490 παρεστῶτας
998 1437 1083 1475 πολ-

57 1501 158 1544 λάκις
185 1504 280 1553 ὃρᾷν,
318 1499 409 1538 ἀλλὰ
440 1498 624 1538 συντείνειν
655 1501 786 1536 ἑαυτῶν
817 1497 880 1545 τὴν
916 1496 1084 1543 διάνοιαν,

56 1565 213 1600 κάκεῖνον
236 1561 338 1612 μόνον
366 1561 620 1614 φαντάζεσθαι,
653 1554 682 1612 ᾧ
708 1559 930 1612 προσίωμεν·
961 1560 1083 1612 πολλῷ

56 1624 189 1674 μᾶλλον
212 1622 269 1662 ἐπὶ
298 1627 357 1662 τοῦ
388 1624 480 1661 Θεοῦ
512 1625 613 1660 τοῦτο
641 1627 752 1660 ποιεῖν
777 1624 872 1672 ἡμᾶς
903 1619 993 1672 χρὴ,
1023 1620 1083 1659 καὶ

56 1687 208 1736 συνεχῶς
225 1683 285 1722 καὶ
304 1682 536 1726 ἀδιαλείπτως
562 1689 639 1725 ταῖς
665 1687 878 1734 προσευχαῖς
905 1697 1084 1734 προσκαρ-

56 1751 180 1797 τερεῖν.
210 1744 279 1783 Διὰ
311 1744 378 1795 γὰρ
404 1749 504 1782 τοῦτο
534 1743 594 1781 καὶ
628 1744 767 1786 Παῦλος
792 1743 934 1796 γράφων
967 1743 1080 1794 ἔλεγε,

57 1805 340 1858 Προσευχόμενοι
363 1805 397 1841 ἐν
427 1804 532 1841 παντὶ
557 1806 686 1856 καιρῷ,
715 1803 950 1855 προσεύχεσθε
969 1802 1028 1840 καὶ
1049 1804 1084 1840 ἐν

55 1866 250 1916 πνεύματι·
280 1864 328 1916 μὴ
361 1864 504 1917 γλώσσῃ
526 1864 643 1915 μόνον,
675 1863 735 1902 καὶ
771 1864 861 1915 μετὰ
894 1862 1085 1916 ἀγρυπνίας

60 1927 256 1974 διηνεκοῦς,
278 1926 394 1977 φησὶν,
413 1925 504 1964 ἀλλὰ
532 1925 591 1963 καὶ
622 1927 656 1963 ἐν
690 1927 776 1976 αὐτῇ
797 1927 840 1975 τῇ
873 1926 990 1976 ψυχῇ,
1021 1924 1082 1963 Ἐν

58 1987 242 2038 πνεύματι.
264 1986 495 2037 Πνευματικὰ
519 1985 606 2039 γὰρ,
635 1985 753 2038 φησὶν,
790 1984 880 2023 ἔστω
911 1987 1008 2036 ὑμῶν
1039 1985 1083 2022 τὰ

59 2049 240 2099 αἰτήματα
251 2079 261 2096 ‚
282 2047 418 2100 νηφέτω
434 2051 452 2085 ὁ
464 2047 646 2099 λογισμὸς,
667 2046 893 2086 συντεινέσθω
911 2049 933 2093 ἡ
949 2047 1084 2085 διάνοια

57 2115 128 2153 τοῖς
154 2108 366 2160 λεγομένοις.
390 2110 546 2148 Τοιαῦτα
577 2110 749 2155 αἰτεῖσθε,
779 2102 834 2146 οἶα
867 2108 958 2151 εἰκὸς
984 2107 1082 2160 παρὰ

57 2174 117 2208 τοῦ
133 2172 225 2209 Θεοῦ
241 2172 362 2217 αἰτεῖν,
380 2170 437 2207 ἵνα
455 2169 514 2207 καὶ
533 2172 601 2207 τῶν
628 2168 839 2219 αἰτουμένων
873 2168 1080 2221 ἐπιτύχητε·

54 2231 116 2269 καὶ
149 2233 196 2274 εἰς
228 2232 312 2270 αὐτὸ
347 2233 547 2282 ἀγρυπνῆτε
584 2229 865 2282 διεγηγερμένοι,
899 2230 1079 2282 νήφοντες,
1102 2247 1125 2277 E

55 2291 280 2345 ἐγρηγορότες
297 2291 361 2338 τὴν
383 2291 549 2337 διάνοιαν,
568 2291 616 2342 μὴ
639 2289 890 2344 χασμώμενοι,
906 2292 966 2329 καὶ
988 2291 1080 2330 κνώ-

57 2367 173 2405 μενοι,
195 2354 254 2392 καὶ
273 2348 340 2392 ῶδε
361 2355 503 2392 κάκεῖσε
532 2353 590 2392 τὸν
615 2353 784 2404 λογισμὸν
807 2352 1080 2405 περιαγόμενοι,

57 2414 149 2453 ἀλλὰ
169 2415 258 2466 μετὰ
280 2415 386 2466 φόὸου
405 2414 464 2452 καὶ
491 2413 622 2468 τρόμου
641 2414 705 2461 τὴν
740 2416 873 2452 ἑαυτῶν
905 2414 1080 2466 σωτηρίαν

54 2477 318 2528 κατεργάζεσθε.
351 2475 533 2527 Μακάριος
554 2475 644 2527 γὰρ,
664 2475 781 2528 φησὶν,
812 2476 848 2520 ὃς
876 2476 1082 2524 καταπτήσ-

55 2553 109 2576 σει
128 2538 242 2576 πάντα
259 2537 304 2575 δι’
320 2537 515 2576 εὖλάὸειαν.
538 2536 640 2588 Μέγα
660 2537 787 2589 ἀγαθὸν
804 2540 826 2584 ἡ
841 2536 940 2589 εὐχή.
960 2539 1002 2576 Εἰ
1014 2538 1082 2591 γὰρ

55 2597 227 2650 ἀνθρώπῳ
256 2614 308 2641 τις
339 2597 581 2649 διαλεγόμενος
617 2597 785 2650 ἐναρέτῳ,
817 2601 855 2636 οὐ
887 2598 1014 2650 μικρὰν
1047 2598 1083 2644 ἐξ

54 2661 159 2697 αὐτοῦ
190 2662 387 2711 καρποῦται
414 2659 476 2706 τὴν
508 2658 691 2711 ὠφέλειαν,
712 2663 730 2698 ὁ
748 2661 831 2712 Θεῷ
862 2659 1083 2712 διαλέγεσθαι

54 2719 276 2764 καταξιωθεὶς
293 2719 411 2758 πόσων
430 2721 493 2759 οὐκ
516 2719 756 2758 ἀπολαύσεται
772 2723 842 2758 τῶν
859 2723 1020 2773 ἀγαθῶν,
1035 2721 1082 2761 Ἥ

53 2779 122 2831 γὰρ
141 2779 228 2832 εὐχὴ
248 2780 395 2825 διάλεξίς
411 2782 485 2820 ἐστι
503 2781 587 2834 πρὸς
598 2782 656 2821 τὸν
671 2781 777 2821 Θεόν.
792 2782 862 2820 Καὶ
882 2781 938 2820 ἵνα
956 2784 1083 2836 μάθῃς,

56 2840 161 2878 ἄκουε
180 2844 240 2879 τοῦ
272 2841 450 2895 προφήτου
472 2842 645 2894 λέγοντος,
675 2842 859 2891 Ἥδυνθείη
886 2847 937 2897 τῷ
956 2846 1038 2897 Θεῷ
1059 2848 1079 2891 ἡ

54 2961 130 3009 νείη
151 2965 201 3014 τῷ
220 2965 315 3016 Θεῷ.
334 2963 397 3011 Μὴ
431 2964 498 3017 γὰρ
528 2965 587 3003 καὶ
607 2965 688 3017 πρὶν
722 2965 744 3012 ἢ
780 2965 994 3017 αἷτήσωμεν,
1020 2969 1083 3005 οὐκ

54 3023 203 3070 ἠδύνατο
226 3031 443 3077 παρασχεῖν,
462 3025 566 3064 Ἀλλὰ
597 3026 654 3065 διὰ
683 3031 784 3065 τοῦτο
816 3027 1003 3077 ἀναμένει,
1021 3026 1080 3064 ἵνα

55 3085 217 3138 ἀφορμὴν
237 3085 330 3137 λάὸῃ
347 3088 431 3139 παρ’
463 3089 563 3137 ἡμῶν
583 3092 643 3127 τοῦ
673 3088 816 3132 δικαίως
837 3092 932 3139 ἡμᾶς
964 3089 1078 3134 ἀξιοῦν

57 3148 119 3191 τῆς
131 3148 215 3198 παρ’
227 3147 329 3185 αὐτοῦ
350 3148 523 3201 προνοίας.
545 3148 619 3187 Κᾶν
635 3149 857 3202 ἐπιτύχωμεν
877 3149 990 3187 τοίνυν
1010 3152 1080 3188 τῶν

58 3207 285 3256 αἰτηθέντων,
306 3208 369 3246 κᾶν
404 3208 465 3259 μὴι
486 3209 722 3262 ἐπιτύχωμεν,
755 3209 1016 3262 παραμένωμεν
1035 3215 1078 3264 τῇ

59 3266 195 3314 αἰτήσει
208 3298 216 3313 ,
236 3269 295 3306 καὶ
312 3268 360 3319 μὴ
376 3270 477 3320 μόνον
495 3271 782 3323 ἐπιτυγχάνοντες
802 3273 1080 3323 εὖχαριστῶμεν,

60 3328 149 3365 ἀλλὰ
170 3329 230 3366 καὶ
250 3329 559 3382 ἀποτυγχάνοντες.
581 3332 634 3370 Τὸ
653 3332 721 3385 γὰρ
745 3335 946 3386 ἀποτυχεῖν,
961 3333 1043 3372 ὅταν
1062 3338 1080 3372 ὁ

60 3388 149 3432 Θεὸς
168 3388 349 3440 βούλεται,
370 3393 432 3430 οὐκ
446 3391 592 3432 ἔλασσόν
608 3393 682 3430 ἐστι
700 3397 760 3432 τοῦ
779 3395 967 3446 ἐπιτυχεῖν.
987 3395 1080 3434 Οὐδὲ

56 2901 202 2951 διαλογὴ
226 2916 312 2952 μου,
332 2904 425 2941 τοῦτ’
444 2902 552 2951 ἔστιν,
570 2906 592 2949 ἡ
621 2903 770 2948 διάλεξις
790 2919 855 2955 μου
887 2906 992 2951 ἡδεῖα
1019 2922 1083 2959 φα·
1092 2879 1139 2944 3ὶὲ

2014 182 2095 231 351

1146 283 1207 322 lud
1221 298 1322 336 posse
1333 282 1378 322 de
1392 283 1436 321 iis
1449 297 1528 334 quae
1544 281 1591 320 ad
1611 288 1768 319 nostram
1789 281 1938 318 salutem
1952 280 2099 318 attinent

1148 345 1258 395 loqui,
1279 354 1313 383 et
1337 354 1477 398 peccata
1511 342 1692 394 confiteri,
1720 351 1754 380 et
1784 341 1933 380 vulnera
1967 341 2105 378 medico

1149 406 1342 455 ostendere,
1358 416 1391 445 et
1423 407 1608 445 sanitatem
1633 404 1799 455 consequi
1818 402 1923 441 :ideo
1952 402 2107 440 maxime

1151 476 1234 506 tunc
1259 468 1413 517 obsistit,
1435 468 1625 518 omniaque
1652 465 1736 504 facit
1767 474 1799 504 et
1821 473 1962 514 tractat,
1986 472 2023 501 ut
2046 476 2241 501 nosmnm
2254 486 2313 501 me-

1151 529 1366 581 supplantet‚
1387 530 1672 581 negligentesque
1688 527 1822 566 reddat.
1843 525 1994 564 Proinde
2011 524 2109 575 vigi-
2124 558 2206 584 dere.

1152 590 1279 639 lomus,
1305 591 1462 638 obsecro,
1482 600 1515 629 et
1532 591 1678 628 scientes
1698 589 1794 627 illius
1812 587 1974 633 insidias,
1996 586 2112 624 maxi-

1153 664 1209 688 me
1233 659 1392 703 tempore
1421 651 1483 688 illo
1509 665 1651 702 operam
1680 650 1807 688 demus
1835 658 1873 686 ut
1891 648 1990 700 quasi
2014 662 2111 700 pra:-

1153 720 1285 749 sentem
1314 711 1418 748 illum
1444 719 1524 748 ante
1553 710 1672 747 oculos
1696 718 1846 747 stantem
1868 707 2028 746 videntes
2048 721 2111 760 op-

1153 785 1370 824 pugnemus,
1400 780 1434 808 et
1462 770 1711 821 cogitationem
1740 783 1903 818 omnem,
1934 783 2014 819 quac
2050 782 2113 806 nos

1107 832 1132 863 C
1153 833 1391 870 interturbare
1423 832 1557 883 possit,
1593 831 1833 883 repellamus:
1852 830 1986 880 totique
2020 829 2114 866 nita-

1155 908 1236 932 mur
1251 895 1368 931 Deum
1388 901 1426 930 ut
1446 891 1545 930 decet
1557 891 1708 942 alloqui,
1720 900 1758 928 ut
1776 904 1843 928 non
1860 890 1975 928 solum
1990 889 2113 936 verba,

1153 954 1216 993 sed
1231 963 1264 992 et
1283 967 1382 992 mens
1395 953 1586 992 verborum
1604 966 1719 990 comes
1733 951 1780 989 ad
1795 952 1913 989 Deum
1931 949 2110 988 accedant.

1153 1015 1247 1052 Nam
1263 1013 1292 1051 si
1313 1013 1434 1065 lingua
1453 1012 1600 1065 quidem
1616 1012 1773 1065 proferat
1791 1011 1914 1059 verba,
1930 1024 2028 1048 mens
2049 1024 2112 1048 au-

1153 1084 1224 1113 tem
1247 1075 1332 1113 foris
1354 1084 1536 1126 evagetur,
1557 1089 1634 1125 quae
1656 1073 1755 1112 domi
1785 1081 1866 1110 sunt
1888 1072 2057 1120 lustrans,
2079 1080 2113 1109 et

1153 1137 1352 1188 imaginans
1371 1150 1450 1187 quae
1466 1136 1502 1174 in
1522 1136 1598 1174 foro
1617 1144 1785 1186 aguntur,
1800 1133 1898 1171 nulla
1918 1132 2021 1170 nobis
2036 1132 2111 1170 uti-

1153 1197 1235 1235 litas
1252 1207 1320 1246 cst,
1342 1197 1502 1235 fortassis
1520 1206 1639 1235 autem
1658 1205 1692 1234 et
1710 1195 1825 1248 major
1844 1193 2107 1232 condemnatio.

1153 1258 1349 1297 Enimvero
1369 1259 1397 1298 si
1415 1273 1495 1297 cum
1516 1258 1676 1296 homines
1691 1256 1848 1307 adimus,
1864 1265 1937 1294 tam
1956 1254 2113 1293 studiose

1154 1319 1190 1358 id
1213 1320 1368 1372 agimus,
1382 1330 1420 1358 ut
1435 1334 1545 1373 prope
1564 1328 1695 1358 stantes
1713 1331 1953 1371 saepenumero
1967 1331 2037 1355 non
2056 1317 2113 1355 vi-

1152 1380 1316 1432 deamus,
1341 1381 1402 1420 sed
1421 1382 1626 1433 colligimus
1645 1389 1814 1430 mentem,
1837 1389 1871 1418 et
1889 1378 1935 1417 ad
1955 1393 2036 1417 eum
2059 1392 2113 1416 so-

1153 1443 1230 1481 lum
1263 1453 1463 1496 spectamus
1498 1443 1544 1481 ad
1580 1457 1688 1494 quem
1725 1441 1928 1481 accedimus
1949 1457 1957 1478 :
1980 1449 2112 1492 quanto

1153 1504 1266 1556 magis
1285 1504 1382 1558 apud
1397 1506 1514 1544 Deum
1534 1504 1627 1542 idem
1647 1505 1760 1542 facere
1775 1512 1923 1556 oportet,
1935 1501 2113 1554 etjugiter

1153 1566 1319 1619 precibus
1337 1565 1524 1605 insistere?
1545 1567 1696 1618 Propter
1720 1565 1789 1603 hoc
1815 1574 1848 1602 et
1875 1564 2008 1602 Paulus
2027 1563 2111 1602 scri-

1153 1627 1239 1664 bens
1254 1627 1418 1665 dicebat:
1435 1630 1602 1666 Orantes
1620 1629 1662 1664 in
1680 1628 1786 1664 omni
1803 1634 1986 1678 tempore,
2004 1634 2112 1663 orate
2126 1631 2242 1672 Ephe.
2264 1631 2311 1662 18.

1154 1696 1190 1725 et
1204 1690 1246 1725 in
1261 1691 1399 1740 spiritu
1417 1704 1428 1724 .-
1445 1702 1514 1726 non
1530 1688 1651 1739 lingua
1673 1695 1826 1736 tantum,
1842 1695 1876 1724 et
1891 1700 1972 1724 cum
1986 1700 2112 1738 perpe-

1153 1757 1225 1797 tua,
1247 1748 1376 1799 inquit,
1395 1748 1598 1801 vigilantia,
1624 1747 1684 1785 sed
1705 1749 1759 1785 Et
1789 1751 1831 1784 in
1858 1749 2008 1799 spiritu.
2029 1746 2112 1799 Spi-

1153 1807 1299 1845 rituales
1330 1807 1444 1855 enim,
1470 1806 1607 1857 inquit,
1639 1806 1710 1844 sint
1744 1814 1869 1843 vestrae
1906 1804 2110 1856 petitiones,

1154 1867 1270 1905 sobria
1291 1867 1336 1906 sit
1355 1868 1458 1915 ratio,
1473 1876 1506 1905 ct
1526 1867 1570 1905 iis
1588 1881 1667 1918 quae
1687 1866 1857 1904 dicuntur
1879 1878 1977 1902 mens
1992 1873 2110 1903 atten-

1153 1927 1226 1966 dat.
1247 1928 1351 1966 Talia
1372 1928 1491 1980 petite,
1512 1927 1631 1978 qualia
1653 1942 1670 1964 a
1693 1928 1767 1965 Deo
1788 1935 1906 1978 petere
1927 1925 2108 1973 convenit,

1153 1997 1191 2026 ut
1207 1998 1240 2027 et
1257 1989 1368 2041 petita
1388 1989 1577 2027 obtineatis
1598 2004 1606 2024 τ
1627 1997 1660 2026 et
1678 1987 1714 2025 in
1737 1986 1828 2024 illud
1849 1985 2108 2033 incumbentes,

1151 2058 1185 2088 et
1204 2051 1267 2088 toti
1290 2050 1540 2103 expergefacti,
1561 2049 1671 2087 sobrii
1691 2058 1725 2086 et
1743 2057 1859 2086 mente
1878 2047 2019 2099 vigiles,
2039 2060 2108 2084 non

1151 2111 1351 2159 oscitantes,
1370 2125 1431 2149 nec
1451 2125 1515 2149 vos
1540 2110 1720 2159 fricantes,
1741 2118 1774 2147 et
1794 2108 1880 2146 hinc
1904 2107 1987 2145 inde
2012 2121 2111 2145 men-

1151 2181 1222 2210 tem
1240 2181 1416 2210 vertentes
1436 2188 1443 2208 :
1465 2171 1525 2210 sed
1545 2185 1627 2209 cum
1648 2171 1773 2209 timore
1792 2178 1825 2207 et
1840 2179 1993 2207 tremore
2014 2168 2110 2206 salu-

1150 2241 1220 2270 tem
1250 2241 1404 2271 vestram
1431 2230 1635 2284 operemini.
1662 2232 1808 2268 Beatus
1845 2228 1954 2276 enim,
1982 2227 2108 2278 inquit,
2126 2237 2279 2270 Prov.28.

1150 2296 1217 2345 qui
1236 2302 1396 2345 propter
1412 2295 1597 2345 pietatem
1615 2294 1749 2330 metuit
1768 2292 1914 2328 omnia.
1936 2291 2111 2340 Magnum
2128 2288 2136 2307 ¹
2151 2287 2180 2319 ⁴·

1150 2355 1286 2393 bonum
1313 2353 1479 2407 precatio.
1510 2355 1603 2393 Nam
1627 2353 1658 2392 si
1688 2351 1827 2391 homini
1855 2351 1936 2402 quis
1963 2350 2112 2401 loquens

1150 2415 1286 2454 virtute
1305 2415 1471 2468 praedito,
1493 2428 1561 2453 non
1583 2428 1735 2467 parvum
1752 2412 1835 2451 inde
1853 2413 2012 2450 fructum
2034 2425 2111 2463 per-

1151 2476 1238 2529 cipit
1259 2492 1266 2513 :
1288 2476 1430 2528 quantis
1457 2490 1526 2514 non
1551 2476 1654 2514 bonis
1680 2476 1819 2513 fruetur
1853 2474 1907 2520 is,
1936 2472 1992 2510 cui
2028 2486 2110 2510 eum

1152 2539 1227 2577 Deo
1246 2537 1464 2589 colloquium
1485 2536 1620 2575 fuerit?
1635 2535 1760 2575 Oratio
1779 2534 1873 2573 enim
1890 2532 2109 2583 colloquium

1151 2607 1203 2636 est
1231 2612 1314 2636 cum
1341 2599 1430 2635 Deo.
1451 2595 1558 2643 Quod
1590 2605 1628 2634 ut
1650 2595 1756 2644 scias,
1785 2593 1869 2632 audi
1896 2593 2107 2646 proplietam

1151 2659 1579 2697 dicentem2Jucundum
1590 2659 1640 2696 sit
1653 2658 1737 2695 Deo
1750 2656 1945 2707 eloquium
1957 2667 2082 2691 meum
2095 2668 2106 2690 :
2125 2668 2214 2701 Psal.
2244 2673 2309 2702 ως,

1150 2720 1220 2759 hoc
1250 2729 1319 2768 est,
1344 2733 1459 2757 sermo
1487 2732 1585 2756 meus
1609 2716 1794 2770 jucundus
1823 2723 1992 2768 appareat
2021 2715 2108 2753 Deo.
2124 2712 2175 2752 34·

1152 2782 1277 2819 Annon
1305 2780 1400 2818 enim
1429 2788 1595 2832 praestare
1626 2786 1741 2830 potest
1774 2777 1982 2829 priusquam
2013 2785 2110 2828 peta-

1154 2843 1262 2881 mus?
1287 2844 1425 2882 Verum
1443 2850 1590 2894 propter
1610 2840 1678 2878 hoc
1701 2839 1822 2877 differt
1850 2847 1885 2877 et
1912 2847 2108 2891 exspectat,
2157 2849 2165 2854 “

1155 2913 1193 2942 ut
1213 2904 1431 2942 occasionem
1451 2901 1619 2955 accipiat,
1641 2915 1712 2952 qua
1732 2901 1827 2952 juste
1857 2914 1919 2938 nos
1937 2914 2002 2937 sua
2028 2913 2111 2951 pro-

1151 2963 1313 3003 videntia
1329 2963 1458 3016 dignos
1477 2963 1595 3001 saciat.
1619 2962 1703 3001 Sive
1716 2969 1836 2999 autem
1854 2973 2112 3010 consequamur

1153 3025 1250 3076 quod
1282 3025 1457 3077 petimus,
1487 3024 1561 3062 sive
1591 3037 1659 3061 non
1688 3035 1966 3074 consequamur,
1996 3034 2112 3073 perse-

1153 3100 1317 3125 veremus
1332 3100 1472 3138 semper
1490 3085 1525 3122 in
1545 3085 1704 3123 oratione
1726 3100 1733 3120 z
1756 3093 1789 3122 et
1807 3098 1876 3122 non
1899 3082 2016 3120 solum
2033 3094 2113 3132 gra-

1154 3151 1219 3189 tias
1245 3165 1392 3203 agamus
1413 3151 1440 3188 si
1466 3164 1736 3201 consequamur,
1755 3148 1815 3188 sed
1830 3147 1971 3198 etiamsi
1993 3146 2112 3198 repul-

1153 3227 1228 3250 sam
1248 3212 1341 3265 passi
1370 3211 1552 3249 fuerimus.
1572 3212 1663 3249 Nam
1693 3211 1882 3263 denegare,
1906 3223 1987 3247 cum
2015 3209 2113 3245 Deus

1154 3274 1321 3322 vult,non
1333 3273 1452 3310 minus
1463 3281 1513 3310 est
1524 3287 1631 3324 quam
1643 3272 1671 3310 si
1685 3268 2112 3310 concessisset.Nescimus

1153 3335 1246 3372 enim
1267 3348 1329 3372 nos
1347 3348 1425 3385 qua:
1446 3333 1549 3371 nobis
1564 3333 1779 3383 conducant,
1796 3332 1886 3371 sicut
1907 3332 1983 3384 ipse
2000 3328 2110 3367 novit.

1154 3396 1278 3446 ltaque
1305 3395 1380 3434 sive
1402 3394 1475 3433 voti
1501 3403 1694 3447 compotes,
1714 3394 1790 3434 sive
1819 3393 1969 3445 impotes
1990 3391 2111 3436 simus,

2190 353 2309 381 Peccata

2180 395 2310 421 confiteri

2120 440 2234 471 oportet
2246 456 2253 466 ,
2284 442 2311 461 er

2123 517 2189 542 dico
2212 522 2313 543 osteu-
