2433 3775
266 188 330 233 66
688 206 726 236 s.
763 205 941 238 Jomms
975 206 1215 239 cum'sosr.
1253 208 1458 241 tucrum).
1495 212 1850 247 consumme?

267 300 372 324 usum
384 287 613 338 produxisse,
633 288 695 326 sed
713 298 829 327 tamen
847 289 894 327 ad
909 290 1102 340 quamdam
1119 290 1216 328 utili-

266 355 384 392 tatem,
404 358 440 386 ut
457 348 616 387 videntes
645 350 783 402 copiam
803 360 836 388 et
854 350 1121 388 multitudinem
1139 351 1214 402 ejus

265 416 517 459 creaturarum,
533 410 683 462 Opificis
701 411 871 448 virtutem
895 411 1183 462 obstupescamus
1199 439 1211 459 ,

265 478 299 506 et
317 469 470 508 sciamus
484 471 654 523 sapientia
673 471 828 521 quadam
845 480 878 507 et
897 470 1129 508 beneficentia
1139 470 1215 507 ine-

264 531 434 569 narrabili
450 541 594 584 propter
611 532 724 569 futuri
740 531 895 569 hominis
908 531 1078 569 honorem
1095 530 1213 569 omnia

264 606 338 629 esse
352 592 535 644 producta.
548 593 611 629 25.
621 593 658 629 E
662 601 677 629 t
676 593 794 644 fecit,
814 592 942 642 inquit,
950 593 1056 630 Deus
1072 594 1213 630 bestias

264 661 373 689 terroe
385 653 592 690 secundum
605 666 724 704 genus
738 666 862 702 suum,
872 661 909 691 et
922 666 1062 705 pecora
1078 666 1212 692 secun-

262 713 353 749 dum
370 727 490 764 genus
501 726 625 759 suum,
649 722 686 751 et
700 716 832 752 omnia
848 714 1004 766 reptilia
1022 723 1131 753 terroe
1154 728 1212 753 se-

261 774 429 810 cundum
445 788 565 826 genus
579 788 701 812 suum.
716 777 753 812 E
757 783 768 812 t
786 776 888 813 vidit
908 777 1013 814 Deus
1029 776 1134 828 quod
1147 789 1209 814 es—

260 842 343 870 sent
365 836 479 872 bona.
499 835 571 873 Ubi
601 849 695 873 nunc
718 844 798 874 sunt
817 835 879 887 qui
904 835 1024 874 dicere
1049 836 1180 875 audent
1201 852 1209 873 ε

260 895 379 941 Quare
396 897 490 941 ferae,
506 910 614 947 quare
631 898 773 950 reptilia
793 906 908 936 creata
927 898 1035 936 sunt?
1053 897 1210 937 Audiam
1230 908 1254 938 C

259 955 421 994 divinam
446 957 669 1009 Scripturam
696 958 956 996 dicentem:Et
982 960 1086 996 vidit
1103 960 1209 997 Deus

258 1019 362 1070 quod
386 1027 510 1056 essent
535 1021 647 1057 bona.
665 1019 734 1056 Dic
747 1049 757 1068 ,
780 1019 939 1069 obsecro,
957 1020 1032 1071 ipse
1052 1019 1113 1070 qui
1135 1034 1210 1058 cre-

257 1078 331 1116 avit
363 1078 487 1116 laudat
513 1079 604 1117 facta
620 1109 631 1129 ‚
659 1088 691 1116 et
722 1088 759 1116 tu
792 1078 902 1116 audes
927 1079 1208 1130 reprehendere?

257 1138 408 1185 Quantae
421 1153 491 1177 non
507 1140 574 1178 hoc
585 1139 692 1177 fuerit
707 1139 878 1177 insaniae?
893 1140 987 1187 Quia
1002 1149 1035 1178 et
1050 1140 1086 1178 in
1104 1141 1208 1179 semi—

259 1199 363 1236 nibus
381 1208 414 1237 et
439 1199 475 1237 in
498 1200 631 1253 plantis
658 1213 727 1238 non
747 1200 863 1238 solum
881 1200 1078 1240 fructuosas
1105 1202 1210 1240 arbo-

259 1273 332 1306 res,
352 1260 413 1298 sed
432 1270 464 1298 et
483 1261 688 1313 sylvestres,
706 1271 739 1299 et
765 1261 901 1299 steriles
911 1276 922 1312 3
940 1270 974 1300 et
1003 1275 1073 1300 non
1093 1263 1209 1301 solum

258 1321 400 1359 inutiles
417 1321 568 1371 herbas,
595 1322 657 1360 sed
675 1331 708 1360 et
735 1322 932 1374 incognitas
951 1323 1054 1361 nobis
1077 1324 1209 1376 profert

256 1390 360 1431 terra,
377 1397 468 1435 saepe
478 1383 584 1421 etiam
597 1383 743 1422 noxias:
757 1383 820 1422 sed
834 1392 1019 1436 propterea
1038 1398 1107 1423 non
1126 1395 1208 1423 sunt
1243 1402 1247 1406 ·

253 1443 496 1496 vituperandae
528 1455 719 1483 creaturae:
739 1445 831 1483 nihil
864 1446 958 1484 enim
987 1455 1118 1485 temere
1144 1457 1206 1486 aut

253 1504 382 1543 frustra
401 1506 591 1544 formatum
615 1515 677 1544 est.
704 1507 796 1546 Sane
820 1521 932 1559 neque
947 1507 1090 1546 laudem
1109 1508 1206 1561 apud

255 1565 482 1604 Conditorem
493 1567 502 1604 i
507 1567 792 1616 nvenissent,-nisi
799 1568 844 1606 ad
852 1568 1041 1607 utilitatem
1051 1569 1206 1621 aliquam

255 1626 405 1664 conditae
437 1637 565 1666 essent.
588 1628 710 1679 Itaque
731 1628 823 1667 sicut
851 1629 888 1667 in
918 1630 1106 1668 arboribus
1137 1644 1206 1668 non

253 1701 373 1725 omnes
406 1688 595 1727 fructuosae
613 1719 622 1737 ‚
652 1689 714 1727 sed
741 1698 775 1727 et
805 1690 1032 1729 infructuosae
1055 1692 1175 1730 multae
1196 1707 1205 1728 :
1228 1704 1252 1734 ι)

252 1758 406 1786 attamen
420 1749 490 1787 illae
505 1750 589 1802 ipsae
601 1764 670 1788 non
692 1750 866 1789 minorem
880 1752 997 1798 nobis,
1008 1766 1116 1803 quam
1127 1753 1204 1791 fru-

252 1818 380 1847 ctuosae
422 1810 614 1849 utilitatem
626 1841 638 1861 7
682 1825 830 1863 eamque
867 1811 1114 1851 admirabilem
1126 1843 1137 1863 ‚
1171 1823 1205 1852 et

252 1869 363 1919 quieti
387 1879 515 1908 nostrae
540 1871 751 1909 servientem
776 1873 960 1912 conferunt
978 1890 988 1912 ι
1010 1874 1140 1912 etenim
1159 1888 1204 1913 ex

252 1929 339 1982 ipsis
366 1930 519 1968 aedificia
534 1960 546 1982 ‚
579 1941 613 1970 et
645 1932 759 1970 multa
785 1933 856 1970 alia
888 1933 937 1972 ad
959 1934 1110 1985 quietem
1138 1949 1203 1973 no-

252 1999 362 2029 stram
384 1991 597 2043 pertinentia
619 1993 834 2032 fabricamus
854 2010 862 2031 :
882 2002 916 2032 et
934 1995 1078 2035 omnino
1109 1996 1203 2034 nihil

253 2061 304 2090 est
337 2052 434 2103 quod
469 2067 538 2091 non
578 2053 712 2092 ratione
753 2054 874 2105 aliqua
913 2056 1107 2094 formatum
1141 2057 1200 2108 sit,

253 2112 390 2150 etiamsi
404 2113 558 2151 humana
578 2123 703 2153 natura
721 2117 840 2154 omnia
857 2116 918 2154 illa
935 2127 1099 2156 accurate
1113 2118 1202 2156 scire

253 2188 322 2211 non
352 2175 462 2226 possit
484 2191 491 2211 :
519 2175 667 2227 proinde
688 2176 779 2214 sicut
806 2176 842 2215 in
870 2178 1078 2229 arboribus,
1099 2179 1148 2217 ita
1169 2189 1204 2217 et

254 2234 290 2272 in
319 2235 531 2273 animalibus
549 2236 619 2274 alia
649 2237 794 2287 quidem
824 2238 872 2276 ad
893 2238 1013 2276 cibum
1043 2249 1203 2278 nostrum
1225 2256 1249 2286 Ε

253 2296 440 2348 pertinent,
459 2297 528 2335 alia
559 2297 607 2336 ad
636 2298 882 2337 ministerium.
913 2300 1084 2339 Ferarum
1119 2301 1203 2339 item

253 2367 287 2396 et
301 2358 482 2410 reptilium
502 2373 626 2410 genera
653 2373 721 2397 non
748 2375 897 2412 parvam
917 2361 1018 2399 nobis
1038 2370 1203 2414 praestant

252 2420 454 2469 utilitatem,
464 2430 498 2458 et
511 2420 540 2458 si
551 2420 630 2472 quis
644 2421 730 2460 velit
743 2436 842 2473 aequo
856 2423 974 2461 animo
989 2423 1197 2476 intelligere,

251 2480 406 2519 inveniet
433 2480 539 2519 etiam
556 2495 664 2531 nunc,
687 2496 768 2520 cum
785 2483 988 2536 principatu
1013 2498 1136 2523 eorum
1154 2486 1200 2523 ob

251 2540 359 2592 primi
384 2543 537 2594 parentis
560 2542 837 2581 inobedientiam
864 2544 1025 2583 destituti
1051 2559 1174 2583 sumus
1187 2576 1198 2596 ,

251 2616 417 2653 magnam
448 2618 490 2643 ex
528 2603 602 2641 illis
636 2603 736 2642 nobis
770 2604 962 2644 utilitatem
994 2620 1084 2658 prov
1087 2607 1195 2645 eni1·.e

47 2682 92 2711 1⁴31
109 2682 235 2711 serarum
251 2664 368 2702 Multa
391 2664 485 2702 enim
512 2665 594 2704 inde
613 2666 786 2717 colligunt
805 2666 949 2715 medici,
966 2681 1046 2718 quae
1068 2667 1115 2706 ad
1135 2683 1199 2707 no-

48 2729 77 2751 θῑ
117 2733 404 2763 se¹1’‘'¹¹strorum
424 2740 611 2778 corporum
630 2727 842 2765 medicinam
862 2737 896 2766 et
914 2728 1097 2767 sanitatem
1117 2743 1196 2768 con·
1215 2747 1246 2771 55

48 2771 237 2844 ’,ζῖἱῗςωῗξύοἰέ
251 2785 396 2824 ducant.
414 2787 580 2838 Alioquin
600 2789 706 2826 etiam
731 2788 819 2839 quid
847 2789 1048 2828 nocumenti
1076 2805 1120 2829 ex
1145 2792 1230 2829 fe-
1220 2784 1245 2813 Λ

47 2847 156 2893 ¹¹¹¹.¹'¹·'⁵
248 2860 370 2884 rarum
388 2847 629 2899 productione,
646 2849 788 2900 quando
806 2849 897 2888 sicut
912 2849 1102 2889 domestica
1119 2852 1194 2890 ani-

48 2894 172 2916 ⁰¹¹³¹¹³¹³
250 2908 369 2959 malia,
387 2908 437 2947 sic
451 2918 485 2947 et
504 2909 566 2947 illa
595 2910 663 2948 sub
684 2920 853 2963 potestate
879 2912 998 2950 futura
1019 2922 1116 2951 erant
1131 2913 1194 2951 lio·

246 3049 424 3083 mendosus
439 3063 445 3080 :
464 3050 550 3084 idem
567 3060 616 3085 est
632 3057 679 3088 διὸ,
692 3060 795 3099 χρείαν
811 3062 844 3087 et
860 3057 896 3089 δι’
912 3057 1065 3100 ὠφέλειαν.
1080 3055 1248 3096 Interpres

246 3101 311 3134 hoc
329 3104 491 3144 posterius
514 3107 629 3146 vertit,
647 3106 704 3137 sed
718 3114 748 3138 el
762 3115 896 3150 propter
914 3119 1009 3139 suam
1025 3106 1246 3151 magnficen-

244 3156 343 3197 tiam,
359 3167 397 3187 ac
413 3157 438 3187 si
453 3154 589 3188 dixisset
606 3157 864 3202 Chrysostomus
877 3185 885 3199 ‚
902 3163 948 3194 διὰ
963 3165 1014 3198 τὴν
1029 3164 1134 3193 οἰκείαν
1150 3149 1247 3202 μεγαῖ

243 3211 441 3250 λοπρέπειανῑ
461 3220 559 3250 quam
573 3217 681 3241 tamen
696 3210 871 3244 lectionem
886 3213 918 3244 in
935 3210 1028 3243 libris
1045 3212 1165 3243 nostris
1178 3222 1244 3243 non

240 3260 380 3301 reperio.
391 3261 583 3293 Rectissime
598 3261 877 3304 ingeniosissimus
890 3262 1017 3296 Boisius
1029 3274 1090 3306 pro
1104 3266 1246 3308 ὠφέλειαν

239 3310 411 3345 substituit
426 3317 595 3358 φιλοτιμίαν
612 3325 617 3343 :
643 3313 812 3355 quomodo
829 3313 983 3357 loquutus
999 3323 1047 3348 est
1066 3312 1165 3356 paulo
1185 3326 1240 3346 su-

238 3374 296 3403 pra
318 3376 323 3393 z
345 3363 412 3395 liaec
429 3365 517 3395 enim
535 3363 634 3396 verba
657 3367 831 3407 superioris
848 3366 983 3410 alicujus
1005 3368 1165 3400 sermonis
1187 3378 1239 3399 re-

1283 292 1501 344 παρήγαγεν,
1523 294 1613 332 ἀλλὰ
1631 312 1690 334 και
1712 298 1754 335 δι’
1772 299 1960 350 ὠφέλειαν,
1983 300 2039 338 ἵνα
2067 303 2215 353 ὁρωντες
2243 302 2307 349 την

1283 350 1427 402 ἄφθονον
1455 356 1656 405 περιουσίαν
1678 360 1748 395 τῶν
1767 363 1872 398 αὐτοῦ
1898 360 2234 412 ὃημιουργημάτων,
2253 365 2308 401 ἐκ·

1282 412 1519 463 πληττώμεθα
1538 419 1597 454 τοῦ
1615 417 1826 494 δημιουργοῦ
1842 420 1904 467 τὴν
1926 421 2086 472 δύναμιν,
2103 422 2162 459 καὶ
2181 422 2309 461 εἰδέναι

1283 471 1419 524 ἔχωμεν
1435 477 1483 518 ὥς
1498 475 1602 530 σοφία
1620 478 1687 515 τινὶ
1703 478 1763 516 καὶ
1779 480 1900 533 ἅφάτω
1916 482 2157 535 φιλανθρωπίᾳ
2175 482 2231 520 διὰ
2245 482 2307 530 τὴν

1282 531 1359 576 ιἐἰς
1386 533 1442 571 τὸν
1472 535 1644 585 μέλλοντα
1663 538 1844 591 ἄνθρωπον
1863 541 2017 592 γίνεσθαι
2038 542 2144 593 τιμὴν
2161 574 2170 591 ,
2197 559 2309 581 ταυτα

1281 593 1420 633 ἅπαντα
1442 597 1621 649 παρήχθη.
1653 600 1758 638 Καὶ’
1743 601 1886 648 εποίησε
1901 631 1910 648 ,
1943 618 2067 655 φησιν,
2101 608 2120 642 ὃ
2144 605 2232 677 Θεὸς
2264 604 2308 642 τὰ

1281 655 1385 708 θηρία
1404 660 1467 703 τῆς
1489 661 1554 710 γῆς
1581 660 1671 698 κατὰ
1690 661 1785 712 γένος
1805 664 1929 711 αὐτῶν,
1950 679 2009 701 και
2027 664 2071 702 τὰ
2089 663 2199 711 κτήνη
2217 665 2308 703 κατὰ

1279 716 1376 767 γένος
1403 720 1537 768 αὐτων,
1563 721 1624 759 καὶ
1654 722 1772 761 πάντα
1800 723 1845 762 τὰ
1877 724 2006 777 ἑρπετὰ
2039 728 2101 771 τ’ἦς
2125 729 2189 775 γῆς
2217 725 2309 763 κατὰ

1279 778 1376 828 γένος
1399 781 1524 819 αὐτῶν.
1558 782 1627 820 Καὶ
1656 777 1742 821 εἶδεν
1760 787 1778 822 ὃ
1796 785 1903 832 Θεὸς,
1922 786 1976 824 ὅτι
2004 786 2108 825 καλά.
2144 788 2220 824 Ποῦ
2249 791 2307 824 νῦν

1281 840 1364 878 εἰσιν
1385 842 1415 878 οἵ
1435 843 1630 892 τολμῶντες
1644 843 1774 895 λέγειν,
1790 845 1846 883 διὰ
1862 846 1896 883 τί
1910 846 2030 898 οηρίαξ5
2044 846 2102 885 διὰ
2117 846 2308 899 τί.ἓρπετά;

1279 901 1513 939 Ἀκουέτωσαν
1537 906 1599 949 τῆς
1614 905 1707 949 θείας
1734 908 1874 958 Γραφῆς
1892 908 2078 959 λεγούσης,
2096 908 2164 946 Καὶ
2186 902 2272 947 εἶδεν
2289 912 2307 946 ὃ

1280 964 1369 1007 Θεὸς
1402 966 1456 1005 ὅτι
1489 967 1592 1005 καλά.
1627 967 1718 1005 Εἷπέ
1754 983 1834 1019 μοι,
1866 970 1966 1012 αὐτὸς
1984 973 2027 1008 ςὸ
2048 970 2308 1023 δημιουργήσας

1280 1026 1413 1064 ἐπαινεῖ
1429 1027 1473 1066 τὰ
1489 1029 1672 1079 γινόμενα,
1693 1029 1752 1066 καὶ
1769 1029 1809 1067 σὺ
1829 1030 2055 1076 ἐπισκήπτειν
2074 1032 2222 1083 τολμᾷς,
2236 1030 2307 1069 Καὶ

1280 1084 1390 1132 πόσης
1407 1088 1468 1124 οὖκ
1490 1087 1530 1125 ἂν
1551 1088 1604 1134 εἴη
1639 1093 1740 1127 τοῦτο
1775 1090 1922 1140 μανίας5
1955 1091 2058 1129 Ἔπει
2089 1092 2148 1129 καὶ
2183 1094 2216 1129 ἐν
2236 1097 2308 1134 τοῖς

1280 1145 1457 1197 σπέρμασι
1478 1148 1535 1185 καὶ
1556 1150 1589 1185 ἐν
1606 1154 1677 1191 τοῖς
1693 1157 1808 1200 φυτοῖς
1827 1153 1864 1188 οὐ
1886 1151 1988 1200 μόνοι
2005 1152 2164 1205 ἔγκαρπα
2184 1152 2305 1205 δένδρα

1280 1204 1449 1244 ἀνέδωκεν
1465 1208 1566 1257 ἧγῆ,
1582 1207 1671 1246 am&
1685 1209 1743 1246 καὶ
1758 1225 1922 1263 ακαρπα,
1936 1226 1996 1247 και
2017 1212 2055 1247 οὐ
2075 1211 2175 1260 μόνον
2193 1214 2308 1264 ἄγρη-

1279 1264 1401 1316 σίμους
1436 1268 1602 1318 βοτάνας,
1621 1269 1711 1307 ἀλλὰ
1744 1269 1804 1307 καὶ
1832 1273 1916 1320 ἡμῖν
1937 1270 2132 1322 ἀγνώστους
2152 1274 2307 1324 ἐκφέρει,

1279 1328 1448 1372 πολλάκις
1464 1329 1522 1366 καὶ
1542 1330 1745 1374 ἐπιὸλαὸεῖς
1757 1347 1765 1354 ·
1786 1333 1862 1369 ἀλλ’
1889 1333 1926 1369 οὐ
1947 1332 2003 1369 διὰ
2018 1337 2118 1371 τοῦτο
2136 1334 2309 1383 τολμήσει

1278 1404 1330 1432 τις
1363 1388 1561 1441 μέμφεσθαι
1581 1396 1652 1434 τοῖς
1687 1391 1897 1442 γινομένοις·
1933 1391 2028 1430 οὐδὲν
2066 1393 2133 1444 γὰρ
2172 1394 2307 1443 μάτην,

1279 1448 1353 1488 οὐδὲ
1382 1450 1502 1493 ἁπλῶς
1521 1450 1714 1502 γεγένηται.
1737 1451 1829 1490 Οὐδὲ
1845 1451 1912 1503 γὰρ
1935 1451 1974 1489 ἂν
1991 1452 2050 1489 τὸν
2071 1452 2210 1492 ἔπαινον
2233 1454 2306 1493 ἐδέ-

1280 1509 1362 1554 ξατο
1387 1510 1484 1562 παρὰ
1517 1516 1577 1550 τοῦ
1608 1511 1805 1559 Δεσπότου,
1834 1515 1862 1550 εἷ
1893 1512 1940 1563 μὴ
1966 1513 2052 1565 πρὸς
2077 1514 2198 1566 χρείαν
2228 1514 2306 1553 τινὰ

1279 1573 1441 1623 ἐπωφελῆ
1476 1570 1805 1626 ιιδεδημιούργηται.
1835 1573 2012 1627 4Καθάπερ
2048 1569 2104 1612 οὖν
2140 1574 2196 1613 ἐπὶ
2234 1578 2304 1613 τῶν

1279 1632 1424 1686 δένδρων
1444 1633 1481 1671 οὗ
1499 1633 1614 1673 πάντα
1639 1633 1730 1672 ἐστὶν
1746 1633 1923 1687 ἔγκαρπα,
1942 1635 2032 1673 ἀλλὰ
2061 1635 2120 1673 καὶ
2157 1636 2303 1689 ἄκαρπα

1276 1694 1411 1742 πολλὰ,
1426 1694 1483 1733 καὶ
1503 1697 1565 1734 οὐκ
1585 1695 1726 1733 ἔλαττον
1741 1699 1809 1733 τῶν
1830 1695 2015 1749 ἐγκάρπων
2041 1698 2186 1734 κάκεῖνα
2214 1701 2302 1735 θαυ-

1277 1755 1416 1805 μαστὴν
1444 1759 1529 1806 ἡμῖν
1549 1756 1611 1802 τὴν
1631 1755 1752 1809 χρείαν
1771 1756 1986 1810 παρέχεται,
2015 1758 2101 1810 πρὸς
2120 1757 2184 1805 τὴν
2212 1759 2303 1796 ἀνά-

1276 1831 1404 1854 παυσιν
1419 1816 1482 1863 τὴν
1501 1817 1674 1869 ἡμετέραν
1701 1819 1927 1856 συντελοῦντα
1939 1833 1946 1840 ·
1965 1818 2024 1855 καὶ
2043 1817 2112 1870 γὰρ
2129 1818 2189 1856 καὶ
2205 1822 2302 1858 οἷκο-

1276 1876 1384 1927 δομὰς
1399 1876 1433 1921 ἐξ
1454 1879 1586 1927 αὐτῶν,
1613 1878 1672 1916 καὶ
1701 1878 1832 1921 πολλὰς
1857 1878 1976 1930 ἑτέρας
1998 1879 2118 1930 χρείας
2134 1880 2218 1931 πρὸς
2238 1880 2301 1928 τὴν

1274 1938 1447 1991 ἡμετέραν
1487 1939 1679 1978 ἀνάπαυσιν
1718 1938 1942 1982 συντελούσας
1976 1941 2301 1991 κατασκευάζομεν,

1275 1999 1334 2037 καὶ
1355 2001 1443 2043 ὅλως
1461 2000 1556 2038 οὐδέν
1577 2002 1683 2048 ἐστιν,
1702 2000 1719 2038 ὃ
1736 1999 1784 2074 μὴ
1799 1998 1852 2037 λό
1842 2016 1894 2051 (ι)
1907 2015 1975 2037 τινι
1992 2000 2301 2054 δεοημιούργηται,

1274 2061 1305 2097 εἰ
1335 2061 1395 2098 καὶ
1428 2064 1448 2106 ἠ
1481 2061 1681 2112 ἀνθρωπίνη
1705 2076 1804 2113 φυσις
1831 2063 1893 2098 οὐκ
1913 2060 2024 2112 ἰσχύει
2051 2062 2190 2100 πάντων
2213 2062 2302 2113 μετὰ

1274 2121 1454 2173 ἀκριὸείας
1474 2121 1598 2159 εἰδεναι
1623 2122 1681 2160 τὸν
1696 2120 1817 2171 λόγον·
1838 2120 1957 2172 ὥσπερ
1977 2137 2034 2159 ουν
2055 2122 2111 2160 επὶ
2131 2126 2200 2160 τῶν
2219 2123 2301 2162 δέν-

1274 2181 1376 2232 δρων,
1393 2198 1483 2220 ουτω
1504 2182 1562 2220 καὶ
1582 2182 1638 2220 ἕπι
1657 2197 1725 2219 των
1751 2180 1846 2226 ζώων
1878 2181 1923 2219 τὰ
1957 2181 2018 2231 μὲν
2048 2197 2133 2233 προς
2170 2185 2299 2234 βρωσιν

1273 2248 1358 2294 ἡμῖν
1377 2246 1469 2282 ἐστιν
1489 2246 1687 2291 ἐπιτήδεια,
1707 2244 1751 2282 τὰ
1766 2243 1801 2282 δὲ
1821 2244 1905 2297 πρὸς
1919 2244 2124 2296 ὑπηρεσίαν.
2147 2246 2216 2283 Καὶ
2229 2248 2298 2283 τῶν

1275 2310 1402 2363 θηρίων
1424 2311 1517 2350 δὲτὰ
1539 2312 1621 2363 γένη
1634 2342 1643 2359 ,
1663 2312 1722 2349 καὶ
1747 2314 1816 2349 τῶν
1836 2313 1989 2364 ἑρπετῶν
2009 2313 2046 2349 οὐ
2068 2311 2195 2363 μικρὰν
2211 2317 2297 2363 ἡμῖν

1273 2378 1393 2431 χρείαν
1419 2381 1588 2426 συντελεῖ,
1621 2378 1680 2417 καὶ
1711 2381 1740 2416 εἰ
1773 2377 1953 2430 βουληθείη
1985 2394 2036 2421 τις
2074 2379 2299 2430 εὐγνωμόνως

1273 2448 1508 2495 καταμαθεῖν,
1529 2445 1703 2498 ὓεὺρίσκει
1719 2445 1778 2482 καὶ
1799 2449 1872 2492 νῦν,
1893 2444 1949 2483 ὅτε
1968 2447 2031 2490 τῆς
2051 2446 2161 2497 ἀρχῆς
2181 2447 2296 2484 αὐτῶν

1273 2511 1493 2564 ἀφῃρέθημεν
1526 2511 1583 2549 διὰ
1612 2512 1674 2558 τὴν
1702 2516 1760 2551 τοῦ
1788 2511 2064 2564 πρωτοπλάστου
2097 2512 2296 2563 παρακοὴν,

1271 2579 1403 2626 πολλὴν
1422 2580 1485 2626 τὴν
1505 2583 1564 2618 ἀπ’
1588 2582 1699 2618 αὐτῶν
1715 2580 1881 2631 ὠφέλειαν
1896 2578 1989 2632 ’.ἡμῖν
2008 2579 2294 2632 προσγινομένην.

1270 2644 1392 2683 Πολλὰ
1412 2645 1478 2697 γὰρ
1501 2662 1559 2684 και
1574 2649 1612 2684 ἐκ
1628 2646 1757 2685 τούτων
1776 2647 2013 2696 λαυΕάνοντες
2032 2649 2159 2698 ἰατρῶν
2175 2648 2275 2684 παῖδε
2280 2663 2295 2689 ς

1270 2727 1335 2749 κατ
1339 2727 1421 2749 ασκε
1408 2713 1564 2757 ευάζουσι
1600 2729 1685 2765 προς
1715 2730 1777 2759 την
1812 2715 1880 2750 τῶν
1911 2713 2088 2765 ἡμετέρων
2120 2713 2291 2763 σωμάτων

1269 2778 1398 2830 ὑγίειαν
1419 2781 1630 2818 συντελεῖν
1613 2780 1801 2818 nunidem
1817 2779 1949 2823 Ἄλλως
1971 2779 2005 2818 δὲ
2021 2779 2105 2817 ποία
2122 2780 2268 2831 βλά6η’
2253 2797 2292 2818 εκ

1268 2849 1330 2892 τῆς
1363 2849 1430 2883 τῶν
1464 2846 1590 2899 θηρίων
1628 2846 1875 2898 δημιουργίας,
1919 2846 2022 2884 ὁπότε
2057 2847 2214 2898 καθάπερ
2248 2847 2292 2886 τὰ

1268 2913 1400 2966 ἥμερα,
1433 2913 1522 2952 οὕτω
1543 2915 1601 2952 καὶ
1626 2913 1713 2952 αὐτὰ
1741 2914 1806 2952 ὑπὸ
1828 2914 1890 2960 τὴν
1921 2913 2075 2958 ἐξουσίαν
2105 2915 2290 2966 τυγχάνειν

1281 3056 1402 3087 sumtio
1434 3062 1529 3096 sunt;
1560 3055 1649 3097 quod
1678 3054 1773 3097 plane
1803 3054 1930 3087 iudicat
1968 3054 2047 3087 illud
2060 3081 2067 3095 ‚
2099 3060 2173 3100 ὅπερ
2199 3061 2288 3101 &pom

1281 3113 1378 3147 εἰπών,
1399 3106 1450 3138 hic
1468 3108 1646 3149 positum.)-

1325 3159 1340 3182 b
1356 3157 1490 3190 Coislin.
1512 3166 1549 3196 εἰς
1566 3166 1618 3196 τὴν
1635 3162 1802 3201 μέλλουσαν
1818 3163 1944 3199 γίνεσθαι
1961 3166 2060 3200 τιμήν.

1322 3220 1334 3235 ⁶-
1351 3212 1405 3243 Sic
1422 3210 1524 3243 Savil.
1540 3212 1618 3252 neg.
1632 3219 1664 3242 et
1679 3209 1815 3242 Coislin.
1835 3208 1950 3241 Mon-el.
1969 3219 2047 3242 vero
2064 3213 2079 3243 ὁ
2094 3211 2281 3256 δημιουργός.

1323 3262 1335 3281 ⁴
1352 3263 1426 3294 Duo
1442 3263 1516 3294 Mss.
1540 3265 1799 3308 δεδημιούργηται.
1821 3260 1935 3293 Mon-l.
1961 3264 2205 3306 δεδημιούργητο.
2221 3263 2284 3295 Sn-

1276 3313 1331 3346 vil.
1371 3317 1630 3359 Bsssnsuobpymro.
1649 3315 1726 3347 Mox
1741 3313 1890 3347 colbert.
1909 3321 1941 3345 et
1966 3313 2104 3346 coislin.
2133 3318 2279 3361 εὔκαρποι.

1318 3365 1465 3407 ”[5ι1νίΙ.
1486 3367 1626 3410 εὑρήσε-ιι]
