2516 3791
658 194 704 222 lx
741 194 843 224 CAP-
882 193 1030 224 xxvii.

122 279 183 326 τὴν
203 278 330 318 ἄνωθεν
345 272 418 330 εἶχε
439 276 548 330 ῥοπὴν
568 282 825 330 συμμαχοῦσαν
841 279 948 330 αὐτῷ,
971 278 1029 316 καὶ
1047 278 1146 315 ἄκον-

119 356 175 384 τος
195 344 255 378 τοῧ
273 340 403 392 πατρὸς
423 339 486 386 τὴν
506 342 588 392 παρ’
620 341 724 378 αὐτοῦ
751 340 911 392 εὐλογίαν
940 342 1144 379 ἐπισπᾶται.

119 401 231 440 Οὐδὲν
256 401 323 453 γὰρ
344 401 566 454 ἰσχυρότερον
587 406 647 440 τοῦ
676 402 774 454 παρὰ
793 405 855 448 τῆς
883 401 995 446 δεξιᾶς
1012 401 1146 447 ἐκείνης

119 463 363 514 βοηθουμένου.
380 464 477 516 (Ὅρα
495 468 576 516 γοῦν
598 465 750 516 ἀκριὸῶς
777 464 930 509 ἅπαντα,
949 463 1005 501 ἰ’να
1031 463 1145 515 μάθῃς

115 527 178 570 τῆς
203 524 401 575 οἰκονομίας
425 525 488 572 τὴν
514 525 733 578 ὑπερίολὴν,
765 525 823 563 καὶ
853 528 927 568 πῶς
946 528 964 562 ὁ
987 524 1049 574 μὲν
1081 527 1143 570 τῆς

115 587 244 623 ἐκεῖθεν
262 586 448 625 ἀπολαύων
473 589 594 640 ῥοπῆς,
619 588 752 632 πολλῆς
774 589 809 625 ἐν
828 587 958 625 ἅπασιν
987 584 1143 628 ἀξιοῦται

114 648 176 693 τῆς
201 648 401 700 συνεργίας,
433 648 524 687 ὥστε
557 647 620 695 τὴν
645 652 706 685 τοῦ
741 648 872 699 πατρὸς
905 645 1062 698 εὐλογίαν
1094 648 1142 689 εἰς

114 709 218 747 αὐτὸν
238 714 510 763 μετενεχθῆναι·
535 713 553 749 ὁ
569 710 604 748 δὲ
623 711 765 748 πάντων
792 708 1037 761 διαμαρτάνει,
1054 723 1141 760 προ-

114 770 294 822 δεδομένος
326 772 458 811 οἴκοθεν
488 772 545 810 διὰ
571 773 636 819 τὴν
666 773 736 809 τῶν
762 770 901 823 τρόπων
931 769 1138 823 μοχθηρίαν.

113 830 287 871 Ῥεὸέκκα
313 833 369 880 δὲ,
396 835 522 887 φησὶν,
551 833 680 879 ἤκουσε
707 833 891 875 λαλοῦντος
911 831 1033 870 Ἰσαὰκ
1055 831 1141 885 πρὸς

111 893 225 932 Ἡσαῦ
242 895 299 933 τὸν
316 895 387 934 υἱὸν
408 898 525 933 αὐτοῦ.
554 894 748 947 Ἐπορεύθη
770 893 804 932 δὲ
825 893 940 932 <Ησαῦ
959 896 1007 937 εἷς
1023 894 1062 932 τὸ
1080 909 1141 931 πε-

111 953 180 993 δίον
210 959 361 1007 θηρᾶσαι
387 956 494 1008 θήραν
525 958 575 1008 τῷ
603 955 712 1008 πατρὶ
741 957 857 994 αὐτοῦ.
894 949 982 994 Eine
1004 956 1039 994 δὲ
1059 954 1139 993 Ῥε-

109 1015 219 1054 ὅέκκα
238 1016 324 1068 πρὸς
345 1017 402 1055 τὸν
419 1018 490 1056 υἱὸν
509 1020 616 1065 αὐτῆς
639 1016 698 1055 τὸν
718 1017 871 1056 ἐλάσσω.
894 1017 962 1056 Διὰ
977 1017 1010 1055 τί
1030 1033 1139 1070 προσ-

108 1078 223 1125 έθηκε,
255 1080 326 1118 Τὸν
361 1080 517 1127 ἐλάσσω,
553 1080 702 1127 Ἐπειδὴ
732 1079 897 1132 ἀνωτέρω
937 1073 1051 1127 εἶπεν,
1087 1079 1140 1117 ὅτι

108 1140 298 1179 Ἐκάλεσεν
322 1141 444 1180 Ἰσαὰκ
468 1142 527 1180 τὸν
558 1142 629 1180 υἱὸν
661 1145 766 1180 αὐτοῦ
794 1140 852 1178 τὸν
886 1141 1141 1194 πρεσὸύτερον,

106 1200 163 1238 ἵνα
197 1201 362 1253 μάθωμεν
390 1202 458 1240 τίνι
485 1207 543 1241 νῦν
564 1202 761 1254 διαλέγεται
780 1205 802 1248 ἡ
830 1201 1024 1250 Ῥεὸέκκα,
1043 1202 1142 1256 φησὶ,

108 1263 203 1314 Πρὸς
221 1263 280 1301 τὸν
306 1264 458 1310 ἐλάσσω,
488 1265 584 1303 τοῦτ’
615 1267 711 1313 ἔστι,
732 1265 790 1304 τὸν
808 1263 952 1303 ’Imm-¹26.
969 1263 1041 1302 Ἴδε
1073 1265 1142 1316 ἐγὼ

105 1324 240 1370 ἤκουσα
266 1329 326 1363 τοῦ
357 1325 489 1380 πατρός
516 1342 576 1365 σου
606 1327 793 1370 λαλοῦντος
826 1325 912 1378 πρὸς
942 1325 1056 1364 ζΗσαῦ
1082 1325 1140 1364 τὸν

107 1386 256 1439 ἀδελφόν
275 1402 356 1435 σου,
376 1388 437 1425 καὶ
455 1387 615 1439 λέγοντος
630 1404 638 1411 ·
658 1386 807 1438 Ἔνεγκέ
837 1403 895 1437 μοι
920 1386 1030 1440 θήραν
1043 1418 1053 1436 ,
1080 1388 1139 1426 καὶ

105 1447 251 1495 ποίησόν
276 1464 336 1498 μοι
355 1449 549 1500 ἐδέσματα,
566 1449 621 1487 ἵνα
643 1448 762 1502 φαγὼν
782 1449 962 1500 εὐλογήσω
983 1465 1022 1487 σε
1042 1451 1141 1488 ἐναν-

105 1508 178 1546 τίον
198 1509 342 1562 Κυρίου,
361 1510 430 1563 πρὸ
446 1515 505 1548 τοῦ
527 1512 711 1549 ἀποθανεῖν
732 1525 787 1560 με.
805 1511 930 1548 Ταῦτα
947 1510 1008 1561 μὲν
1028 1511 1135 1557 ἥκου-

105 1586 151 1608 σα
173 1575 232 1610 τοῦ
252 1571 383 1623 πατρός
404 1587 463 1610 σου
490 1572 576 1625 πρὸς
595 1572 654 1610 τὸν
678 1571 824 1624 ἀδελφόν
851 1587 912 1610 σου
940 1572 997 1610 τὸν
1022 1571 1137 1611 ἹΙσαῦ

105 1632 364 1684 διαλεγομένου.
387 1635 458 1672 Νῦν
482 1627 559 1680 οὖν,
578 1632 646 1680 υἱὲ,
668 1633 772 1671 ἄκουέ
789 1648 854 1683 μου
881 1633 971 1671 καθά
994 1648 1048 1672 σοι
1068 1633 1136 1685 ἐγὼ

105 1693 331 1745 ἐντέλλομαι,
358 1695 417 1733 καὶ
440 1695 618 1747 πορευθεὶς
644 1697 691 1738 εἷς
709 1693 754 1732 τὰ
773 1694 949 1746 πρόὸατα,
964 1695 1050 1734 λάὸε
1077 1711 1136 1745 μοι

105 1759 234 1795 ἐκεῖθεν
253 1756 314 1795 δύο
334 1757 471 1810 ἐρίφους
496 1757 652 1800 ἁπαλοὺς
670 1756 731 1795 καὶ
756 1756 896 1804 καλοὺς,
921 1756 979 1794 καὶ
999 1757 1135 1804 ποιήσω

106 1817 228 1862 αὐτοὺς
247 1818 424 1869 ἐδέσματα
440 1821 490 1871 τῷ
517 1820 625 1871 πατρὶ
649 1834 708 1857 σου
720 1850 732 1866 ,
756 1820 803 1862 ὡς
820 1820 931 1871 φιλεῖ,
954 1818 1014 1856 καὶ
1031 1819 1133 1857 εἰσοί-

105 1895 176 1923 σεις
194 1881 244 1931 τῷ
262 1879 371 1932 πατρί
386 1896 446 1919 σου
458 1910 467 1927 ,
488 1880 547 1919 καὶ
567 1880 734 1933 φάγεται,
755 1879 847 1923 ὅπως
868 1879 1041 1931 εὖλογήσῃ
1062 1897 1100 1919 σε
1117 1883 1134 1918 ὁ

103 1941 222 1993 πατήρ
238 1956 299 1980 σου
313 1941 381 1993 πρὸ
401 1945 461 1980 τοῦ
481 1943 665 1980 ἀποθανεῖν
685 1940 800 1979 αὐτόν.

155 2064 253 2118 ”Ορα
269 2064 400 2117 μητρὸς
425 2065 670 2119 φιλοστοργίαν
683 2095 693 2111 ,
712 2066 845 2115 μᾶλλον
867 2064 903 2103 δὲ
922 2066 1016 2104 Θεοῦ
1033 2066 1129 2102 οἷκο-

101 2126 238 2177 νομίαν.
259 2127 370 2171 Αὐτὸς
389 2125 456 2178 γὰρ
475 2122 518 2173 ἦν
534 2130 552 2165 ὁ
572 2127 630 2164 καὶ
645 2125 775 2173 ταύτην
795 2126 880 2177 πρὸς
895 2125 958 2172 τὴν
979 2125 1131 2175 συμὸου-

98 2188 163 2234 λὴν
176 2188 366 2240 διεγείρων,
387 2190 447 2228 καὶ
465 2190 504 2228 τὸ
522 2195 592 2227 πᾶν
609 2191 872 2239 κατορθωθῆναι
887 2189 1011 2225 ποιῶν.
1030 2180 1131 2229 Εἶδες

96 2252 159 2296 τῆς
184 2251 315 2302 μητρὸς
341 2251 403 2298 τὴν
431 2250 579 2303 ἀρίστην
609 2249 826 2300 συμὸουλήν;
855 2247 953 2300 αΟρα
978 2248 1037 2286 καὶ
1068 2251 1128 2286 τοῦ

96 2310 226 2349 Ἰακὼὸ
245 2312 285 2350 τὸ
300 2312 610 2364 περιεσκεμμένον,
631 2310 690 2349 καὶ
709 2310 803 2354 ὅπως
820 2309 876 2348 διὰ
894 2312 956 2355 τῆς
982 2309 1128 2362 ἀποκρί-

94 2387 181 2416 σεως
213 2374 283 2410 τῶν
313 2373 449 2412 οἰκείων
478 2373 616 2425 τρόπων
653 2371 803 2410 δείκνυσι
827 2370 891 2419 τὴν
919 2371 1123 2409 ἐπιείκειαν.

94 2426 184 2471 Εἶπε
210 2433 298 2486 γὰρ,
324 2435 428 2487 φησι,
459 2434 546 2487 πρὸς
573 2433 637 2481 τὴν
666 2432 802 2485 μητέρα
831 2434 935 2470 αὐτοῦ
953 2448 961 2456 ·
983 2432 1076 2470 ἔστιν
1108 2436 1126 2471 ὁ

94 2494 238 2544 ἀδελφός
259 2511 325 2546 μου
345 2495 459 2535 (Ησαῦ
479 2494 567 2547 ἀνὴρ
592 2495 708 2541 δασὺς,
737 2494 806 2546 ἐγὼ
838 2493 874 2531 δὲ
904 2492 993 2544 ἀνὴρ
1011 2495 1103 2537 λεῖος
1116 2509 1124 2517 ·

94 2554 231 2606 μήποτε
258 2557 450 2610 ψηλαφήσῃ
479 2573 522 2608 με
551 2559 569 2594 ὁ
590 2555 729 2608 πατὴρ,
749 2555 809 2594 καὶ
828 2554 954 2605 ἔσομαι
972 2553 1126 2593 ἐναντίον

93 2618 197 2654 αὐτοῦ
222 2619 270 2662 ὡς
287 2620 534 2670 καταφρονῶν,
560 2618 620 2655 καὶ
646 2617 763 2662 ἐπάξω
785 2619 924 2668 ἐμαυτῷ
954 2615 1124 2668 κατάραν,

92 2678 227 2717 καὶούκ
243 2679 413 2731 εὐλογίαν.
432 2679 554 2727 Πολλὴ
583 2683 643 2717 τοῦ
667 2679 791 2722 παιδὸς
809 2681 832 2725 ἡ
864 2677 1124 2730 εὐγνωμοσύνη,

92 2740 151 2778 καὶ
171 2744 192 2787 ἡ
211 2741 296 2793 πρὸς
319 2742 378 2780 τὸν
397 2741 535 2795 πατέρα
551 2741 668 2786 αἰδώς.
695 2740 859 2788 Δέδοικα,
879 2739 987 2793 φησὶ,
1007 2738 1056 2790 μὴ
1077 2741 1125 2783 εἷς

91 2802 131 2840 τὸ
151 2802 304 2840 ἐναντίον
330 2819 390 2853 μοι
417 2803 462 2842 τὰ
488 2807 551 2850 τῆς
578 2804 733 2849 σπουδῆς
759 2802 937 2855 ῧέπέλθῃ,
967 2800 1015 2853 μὴ
1037 2800 1124 2845 δόξω

91 2865 328 2902 ἐναντιοῦσθαι
343 2867 386 2915 τῇ
412 2868 472 2902 τοῦ
491 2865 621 2917 πατρὸς
640 2864 781 2917 γνώμῃ,
801 2864 861 2902 καὶ
883 2863 960 2902 ἀντὶ
981 2865 1045 2909 τῆς
1066 2865 1123 2901 εὐ-

88 2924 209 2976 λογίας
228 2925 383 2978 κατάραν
401 2926 666 2978 ἐπισπάσωμαι.
691 2926 738 2964 Τί
765 2919 822 2964 οῦν
840 2929 862 2973 ἡ
886 2924 1080 2970 Ῥεῖέκκα,
1099 2927 1121 2971 ἡ

89 2987 269 3037 θαυμασία
299 2987 359 3026 καὶ
389 2988 633 3040 φιλόστοργος
662 2987 808 3035 Ἐπειδὴ
837 2990 898 3026 οὐκ
927 2986 963 3032 ἐξ
995 2986 1124 3032 οἰκείας

89 3047 231 3099 γνώμης
247 3048 350 3099 μόνον
369 3052 472 3088 τοῦτο
496 3049 747 3101 διεπράττετο,
777 3049 868 3087 ἀλλὰ
895 3048 954 3087 καὶ
973 3051 1016 3100 τῇ
1041 3048 1124 3086 ἅνω-

90 3112 145 3147 θεν
164 3112 371 3162 ὑπηρετεῖτο
399 3109 618 3164 προρρήσει,
644 3116 762 3147 πᾶσαν
794 3109 946 3156 σπουδὴν
971 3115 1124 3147 ποιεῖται

75 3170 149 3221 ,τὸν
177 3171 282 3223 φόὸον
310 3171 435 3216 ἐξελεῖν
462 3176 521 3210 τοῦ
555 3171 697 3216 παιδὸς,
723 3171 783 3209 καὶ
809 3171 935 3224 θάρσος
959 3173 1123 3217 ἐνθεῖναι,

92 3230 182 3269 ὥστε
198 3232 261 3279 τὴν
281 3232 482 3283 συμὸουλὴν
508 3235 556 3277 εἷς
574 3233 672 3285 ἔργον
693 3236 836 3285 ἀγαγεῖν
851 3247 859 3256 ·
877 3232 937 3270 καὶ
957 3233 1024 3284 οὐχ
1043 3235 1124 3271 ὑπι-

93 3297 248 3344 σχνεῖται
263 3296 357 3346 αὐτῷ
373 3294 428 3333 ὅτι
443 3295 628 3342 δυνήσεται
643 3293 957 3347 παρακρούσασθαι
973 3293 1031 3332 τὸν
1050 3309 1123 3332 πα-

142 3408 154 3423 ²
170 3397 337 3432 [Dc-‹nmus
351 3404 460 3444 ἐπέλθῃ
471 3411 547 3433 cum
561 3399 660 3436 Coisl.
685 3411 747 3443 pro
762 3398 937 3432 Editorum
955 3395 1102 3440 daimon]

1070 192 1232 223 Gumis.

1274 193 1434 224 nomn„
1473 193 1568 224 Liu.
2077 187 2168 250 595

1215 290 1406 329 supernam
1428 277 1554 315 habuit
1569 275 1836 322 subsidiariam,
1856 280 1962 318 etiam
1982 282 2096 320 invito
2113 300 2171 336 pa-

1215 347 1268 376 tre
1287 338 1386 377 illius
1406 338 1688 377 benedictionem
1707 339 1852 392 abripit.
1874 341 1974 379 Nihil
1992 343 2085 381 enim
2107 360 2169 383 va-

1214 399 1322 438 lidius
1346 415 1386 438 eo
1413 400 1475 452 qui
1497 401 1622 439 dextra
1641 400 1702 439 illa
1721 401 1926 454 adjuvatur.
1947 403 2040 442 vide
2060 405 2171 454 igitur

1211 461 1403 512 diligenter
1416 463 1551 511 omnia,
1573 472 1611 500 ut
1627 462 1742 501 discas
1768 463 2045 516 dispensationis
2056 468 2171 505 excel-

1211 523 1374 571 lentiam;
1394 533 1427 562 et
1460 525 1639 575 quomodo
1676 525 1735 563 hic
1766 526 1912 577 quidem
1949 527 2010 565 illa
2057 530 2172 580 gratia

1211 584 1336 633 fretus,
1358 599 1528 635 magnum
1555 587 1588 623 in
1609 587 1775 625 omnibus
1791 588 1968 626 auxilium
1993 599 2026 627 et
2046 605 2171 643 coope-

1211 646 1384 684 rationem
1404 646 1632 698 adipiscitur‚
1655 648 1701 685 ita
1724 659 1762 686 ut
1779 651 1890 701 patris
1908 651 1941 688 in
1958 666 2038 689 euin
2058 662 2170 691 traus-

1209 708 1342 745 feratur
1356 707 1576 746 benedictio:
1591 709 1650 747 ille
1667 720 1786 748 autem
1804 713 1920 750 omnin
1936 715 2082 762 amittit,
2092 730 2171 768 per—

1207 768 1295 807 dens
1326 770 1557 822 semetipsum
1587 781 1731 823 propter
1761 786 1900 811 morum
1930 775 2167 826 iniquitatem.

1208 831 1243 869 5.
1268 832 1441 869 Rebecca
1469 841 1622 878 autem,
1655 832 1794 883 inquit,
1824 837 1973 873 audivit
2011 838 2171 890 quuen-

1208 900 1284 929 tem
1311 895 1427 930 Isaac
1459 907 1547 931 cum
1574 895 1682 931 Esaii
1697 895 1792 947 filio
1817 909 1899 933 suo.
1930 900 1961 933 In
1978 901 2007 935 it
2040 909 2172 938 autem

1209 955 1244 991 E
1247 958 1317 992 sali
1329 957 1370 991 in
1382 968 1576 1006 campum,
1588 963 1629 992 ut
1644 965 1857 994 venaretur
1865 959 2039 1008 praedam
2057 963 2166 1011 patri

1153 1028 1292 1069 515ςιιο.
1313 1018 1349 1053 6.
1373 1017 1487 1053 Dia-it
1507 1024 1637 1054 autem
1658 1018 1830 1054 Rebecca
1848 1019 2039 1070 mlfilium
2058 1035 2170 1060 suum

1166 1085 1188 1113 A
1203 1078 1414 1129 juniorem.
1450 1077 1573 1123 Quare
1623 1076 1770 1129 adjecit,
1800 1079 2029 1117 Juniarem?
2075 1082 2170 1128 Quia

1211 1138 1375 1191 superius
1395 1137 1560 1187 dixerat,
1579 1140 1740 1176 Vocavit
1765 1141 1880 1176 Isaac
1890 1140 2028 1192 silium
2058 1157 2170 1180 suum

1213 1209 1308 1238 natu
1325 1203 1527 1253 majorem,
1553 1209 1592 1238 ut
1609 1199 1790 1237 discamus
1810 1200 1865 1237 cui
1889 1215 1981 1239 nunc
2003 1203 2170 1254 loquatur

1212 1261 1385 1310 Rebecca,
1408 1261 1534 1312 inquit,
1558 1261 1629 1299 Ad
1639 1264 1849 1314 juniorem,
1873 1261 1939 1300 hoc
1966 1273 2028 1313 est,
2045 1266 2167 1304 Jacob.

1210 1322 1376 1368 Audivi,
1392 1323 1524 1374 inquit,
1534 1332 1686 1375 patrem
1714 1332 1820 1361 tuum
1846 1324 2066 1376 loquentem
2082 1341 2170 1365 cum

1208 1384 1464 1438 EsaiZfratre
1487 1392 1565 1431 tuo,
1587 1393 1623 1422 et
1644 1385 1834 1422 dicentem
1849 1401 1859 1421 :
1879 1387 1914 1423 7.
1929 1387 1973 1423 A
1962 1389 2056 1440 sset·
2075 1391 2172 1427 mihi

1207 1448 1474 1489 venationem,
1494 1454 1531 1483 et
1534 1446 1613 1498 sac
1641 1447 1738 1483 mihi
1763 1447 1909 1493 edulia,
1927 1457 1969 1485 ut
1991 1463 2076 1488 cum
2106 1465 2169 1488 co-

1207 1507 1374 1553 medero,
1394 1508 1620 1545 benedicam
1634 1516 1670 1545 te
1685 1522 1818 1546 coram
1834 1510 2021 1557 Domino,
2042 1515 2168 1564 prius-

1207 1582 1326 1620 quam
1350 1571 1498 1606 moriar·
1514 1583 1596 1621 ego.
1618 1568 1702 1606 Haec
1723 1569 1870 1620 quidem
1890 1571 2014 1609 audivi
2033 1583 2169 1625 pau-em

1207 1636 1308 1666 tuum
1337 1629 1437 1666 fratri
1468 1638 1530 1667 tuo
1554 1629 1649 1667 Esai'i
1673 1630 1886 1681 loquentem.
1905 1633 1940 1669 8.
1962 1635 2078 1671 El'unc
2099 1638 2169 1687 igi-

1207 1697 1283 1735 tur,
1290 1690 1375 1743 fili,
1399 1691 1566 1728 auditne
1585 1693 1684 1729 sicut
1703 1706 1770 1744 ego
1788 1695 1857 1729 tibi
1877 1698 2072 1746 prcecisu'o,
2087 1698 2170 1735 stet

1207 1751 1314 1787 vade
1329 1751 1384 1788 ad
1408 1765 1511 1801 oves,
1530 1760 1567 1789 et
1594 1755 1734 1790 sumito
1761 1755 1858 1791 mihi
1874 1756 1962 1793 inde
1982 1758 2077 1795 duos
2091 1759 2169 1796 lzoe-

1173 1827 1182 1852 ς
1205 1812 1274 1849 dos
1301 1820 1450 1851 teneros
1467 1821 1503 1851 et
1522 1815 1653 1860 bonos,
1673 1815 1873 1867 etfaciam
1894 1831 1941 1853 ex
1957 1820 2011 1855 eis
2035 1820 2168 1858 edulia

1200 1876 1308 1924 patri
1325 1882 1403 1920 tuo,
1429 1883 1470 1912 ut
1485 1884 1593 1913 amat
1610 1891 1620 1911 :
1639 1877 1702 1914 10.
1721 1885 1758 1914 et
1772 1879 1916 1927 inferes
1930 1882 2037 1929 patri
2053 1889 2117 1918 tuo
2130 1889 2169 1919 et

1204 1936 1396 1983 comedet,
1421 1945 1463 1974 ut
1486 1938 1689 1975 benedicat
1716 1947 1752 1976 te
1778 1947 1892 1990 pater
1924 1948 2012 1977 tuus
2039 1945 2166 1993 prius-

1203 2010 1323 2048 quam
1339 2001 1531 2035 moriatur
1546 2001 1638 2050 ipse.

1257 2061 1292 2095 Q.
1323 2058 1418 2099 Vide
1431 2073 1602 2111 magnum
1616 2060 1740 2098 matris
1751 2075 1923 2110 amorem,
1936 2062 2007 2100 imo
2020 2061 2165 2116 dispen-

1202 2117 1374 2155 sationem
1405 2118 1483 2155 Dei.
1505 2119 1587 2170 Ipse
1618 2119 1713 2156 enim
1741 2130 1815 2157 erat
1834 2121 1894 2171 qui
1915 2122 1945 2158 ci
1964 2121 2032 2159 hoc
2051 2123 2165 2161 consi-

1202 2176 1293 2215 lium
1311 2177 1426 2227 dedit,
1440 2187 1474 2215 et
1489 2178 1607 2216 omnia
1622 2179 1711 2217 bene
1729 2193 1832 2231 agere
1853 2182 2005 2219 curavit.
2029 2183 2166 2223 Vidisti

1200 2239 1327 2277 matris
1350 2239 1528 2292 optimum
1548 2240 1764 2279 consilium?
1783 2244 1805 2281 ἲ
1820 2241 1878 2280 ide
1897 2252 1930 2280 ct
1947 2244 2060 2283 Jacob
2082 2260 2165 2297 pro—

1197 2299 1398 2338 videntiam
1433 2316 1440 2337 :
1474 2309 1508 2338 et
1547 2301 1727 2351 quomodo
1757 2303 1987 2356 respondens,
2016 2320 2164 2344 suorum

1197 2376 1337 2399 morum
1352 2361 1486 2400 indicat
1500 2363 1820 2402 mansuetudinem.
1839 2367 1853 2402 1
1867 2367 1880 2402 1
1893 2396 1900 2403 .
1916 2368 2030 2404 Di.1·it
2045 2371 2163 2415 enim,

1197 2422 1329 2473 inquit,
1353 2426 1470 2461 matri
1489 2437 1568 2461 szcae
1584 2439 1595 2459 .·
1610 2426 1683 2462 Est
1689 2426 1828 2478 frater
1843 2441 1947 2465 meus
1962 2431 2029 2465 vir·
2041 2430 2162 2480 hispi-

1196 2485 1282 2531 dus,
1301 2499 1369 2537 ego
1390 2493 1521 2523 autem
1543 2488 1609 2523 vir·
1641 2487 1748 2525 laevis
1767 2503 1777 2523 :
1799 2490 1862 2525 132.
1883 2491 2049 2542 nesorte
2069 2504 2161 2527 con-

1196 2554 1331 2584 trectet
1353 2561 1414 2584 me
1440 2556 1554 2599 pater
1566 2562 1685 2594 meus,
1708 2557 1745 2586 et
1761 2564 1826 2586 ero
1841 2559 1934 2587 ante
1947 2565 2032 2588 eum
2047 2555 2161 2603 quasi

1161 2624 1172 2654 3
1195 2616 1472 2654 contemnens,
1502 2617 1537 2646 et
1566 2610 1750 2646 inducam
1778 2613 1874 2648 mihi
1897 2614 1970 2663 ipsi
1998 2614 2161 2650 maledi-

1196 2671 1377 2716 ctionem,
1393 2684 1472 2707 non
1495 2671 1813 2708 benedictionem.
1829 2673 1961 2723 Magna
1978 2674 2079 2725 pueri
2094 2674 2158 2712 ho-

1195 2739 1324 2779 nestas,
1343 2739 1377 2768 et
1401 2730 1437 2768 in
1466 2739 1605 2783 patrem
1628 2732 1836 2770 reverentia.
1857 2733 1998 2782 Timeo,
2019 2734 2156 2786 inquit,

1194 2805 1238 2828 ne
1259 2790 1294 2829 in
1313 2791 1499 2829 diversum
1520 2792 1683 2830 eveniant
1712 2793 1829 2831 studia
1858 2809 1948 2843 inea,
1968 2811 2012 2834 ne
2036 2798 2160 2836 videar

1192 2852 1375 2890 adversari
1398 2853 1510 2906 patris
1541 2854 1737 2900 sentcntiae,
1760 2864 1793 2893 et
1820 2870 1886 2905 pro
1911 2857 2158 2897 benedictione

1193 2913 1478 2952 maledictionem
1501 2915 1589 2952 mihi
1616 2914 1806 2954 adducam.
1829 2917 1927 2965 Quid
1958 2919 2069 2969 ig'itur
2088 2921 2155 2958 Re-

1193 2975 1314 3023 becca,
1332 2976 1557 3014 admirabilis
1577 2976 1638 3014 illa
1658 2987 1691 3014 et
1710 2992 1832 3016 amans
1852 2979 1948 3018 filii?
1970 2982 2066 3029 Quia
2087 2997 2154 3021 non

1191 3050 1236 3073 ex
1261 3050 1324 3073 sua
1349 3045 1487 3073 tantum
1517 3037 1688 3074 sententia
1720 3038 1886 3086 faciebat,
1902 3039 1962 3078 sed
1981 3050 2011 3079 et
2031 3041 2155 3080 divino

1191 3096 1418 3134 ministrabat
1449 3096 1606 3143 oraculo,
1628 3096 1706 3135 ideo
1733 3099 1828 3136 omni
1855 3100 1976 3139 studio
2007 3112 2155 3140 conatur

1190 3158 1348 3196 eximere
1381 3172 1492 3210 puero
1532 3167 1682 3208 nictum,
1715 3169 1748 3197 et
1779 3159 1912 3199 addere
1940 3163 2093 3209 animos,
2116 3173 2153 3201 ut

1191 3225 1381 3263 consilinum
1414 3224 1576 3277 perficiat
1593 3241 1601 3262 :
1617 3239 1679 3264 nec
1698 3227 1871 3279 promittit
1903 3230 1933 3267 ei
1953 3230 2048 3280 quod
2068 3244 2151 3282 pos—

1143 3302 1169 3333 D
1191 3293 1236 3331 sit
1253 3292 1424 3332 deludere
1442 3301 1594 3345 patrem,
1609 3302 1641 3332 et
1661 3283 1770 3333 latere
1785 3311 1793 3332 :
1808 3295 1870 3334 sed
1889 3297 2002 3347 quid?
2020 3299 2081 3334 15.
2104 3299 2152 3334 In

2228 2941 2359 2970 Rebecca

2171 2984 2270 3010 {livino
2302 2987 2340 3011 mi
2349 3000 2362 3006 -

2173 3028 2273 3052 niwrat
2294 3037 2361 3053 ora-

2171 3067 2247 3094 culo.
