2516 3791
99 1357 176 1396 Cap.
196 1357 242 1387 13.

97 1671 184 1699 Psal.
214 1667 283 1697 125.

96 1713 127 1741 5.
143 1712 174 1740 ὁ.

104 2767 223 2795 muralis
239 2778 291 2794 ex-

104 2810 243 2837 hortatio.

290 155 380 200 582

289 254 474 295 descendit
497 255 590 292 same
616 262 771 302 coaetus,
790 251 917 289 timore
940 259 974 288 et
989 258 1142 287 tremore
1157 261 1241 285 cor-

288 329 423 373 reptus,
450 333 545 358 nunc
569 332 654 357 vero
681 317 885 355 redeuntem
911 328 992 351 cum
1016 321 1113 349 tanta
1135 309 1241 348 elari-

291 391 359 419 tate
376 390 410 419 et
427 379 658 419 facultatibus
679 387 713 416 et
739 376 893 420 divitiis,
915 372 1098 411 discebant
1118 371 1240 408 virtu-

289 450 362 479 tem
394 440 628 494 providentias
662 438 729 476 Dei
762 450 844 486 erga
874 434 988 472 illum.
1021 431 1112 478 Quis
1148 430 1242 469 vidit

290 502 486 554 umquam?
512 501 592 552 quis
613 497 779 536 audivit?
801 495 898 532 Abiit
919 503 958 531 ut
989 494 1118 530 famem
1137 506 1238 529 suam

289 564 490 614 mitigaret,
509 570 542 598 et
552 558 689 597 divitiis
704 555 890 594 abundans
901 553 1146 604 ineffabilique
1159 567 1239 590 cum
1251 574 1298 600 329

289 623 402 673 gloria
435 621 539 659 redit.
569 621 621 656 Ne
637 617 840 666 admireris,
865 615 1006 664 dilecte,
1034 628 1077 652 ne
1106 614 1240 651 factum
1263 612 1289 641 Α

288 684 357 722 hoc
375 683 423 720 ita
443 679 659 733 stupendum
678 679 745 717 tibi
761 677 926 717 videatur
947 693 955 713 ε
977 676 1049 714 imo
1065 675 1242 713 admirare

289 753 323 781 et
342 745 562 794 obstupesce,
581 751 614 780 et
633 741 768 779 celebra
790 738 989 777 communis
1003 737 1164 775 omnium
1180 750 1243 775 no-

288 814 401 842 strum
424 803 572 842 Domini
594 803 775 841 virtutem.
793 801 840 838 Et
853 799 938 838 vide
950 799 1057 836 etiam
1073 798 1168 835 illius
1183 811 1243 835 ne-

288 874 388 917 potes
416 865 462 902 ob
481 863 642 902 eamdem
659 862 765 900 famis
790 861 1031 899 necessitatem
1058 858 1093 896 in
1127 858 1240 910 AEgy-

287 935 390 978 ptum
412 924 646 973 descendisse,
663 933 696 961 et
721 936 802 960 cum
820 921 871 959 ibi
894 921 929 958 in
950 919 1050 971 gravi
1073 919 1244 957 servitute

287 986 473 1035 vixissent,
496 986 698 1035 multasque
725 981 952 1035 pertulissent
974 993 1162 1026 aerumnas,
1191 979 1244 1016 fa-

288 1047 482 1084 cultatibus
497 1054 619 1083 auctos
633 1044 775 1082 tandem
785 1042 945 1080 rediisse.
964 1040 1066 1078 Talis
1082 1040 1177 1077 enim
1192 1047 1243 1077 est

287 1107 570 1159 sapientissimus
608 1106 700 1143 Deus
728 1113 860 1152 noster,
893 1100 1035 1152 quando
1068 1100 1244 1153 permittit

288 1168 410 1219 augeri
427 1176 460 1205 ct
487 1166 688 1205 coacervari
708 1165 900 1214 molestias,
924 1172 1007 1201 tunc
1023 1161 1152 1200 iterum
1169 1161 1244 1199 dis-

290 1242 391 1266 cussa
412 1237 633 1280 tempestate,
655 1226 876 1265 serenitatem
903 1237 1094 1274 rerumque
1115 1223 1244 1260 miram

291 1289 574 1328 vicissitudinem
601 1288 698 1336 facit,
725 1286 856 1325 docens
886 1299 950 1323 nos
980 1298 1052 1322 suae
1078 1283 1244 1336 potentiae

290 1350 590 1402 magnitudinem.
614 1351 650 1387 ’1.
671 1348 865 1386 Ascendit
884 1354 1014 1384 autem
1029 1344 1184 1383 Abram
1197 1359 1243 1382 ex

292 1413 478 1464 AEgypm,
510 1414 589 1462 ipse
619 1418 656 1447 et
681 1422 780 1447 uxor
810 1410 907 1460 ejus,
935 1415 971 1444 et
997 1408 1130 1443 omnia
1160 1419 1244 1458 quoe

292 1476 374 1526 ejus
395 1481 520 1519 erant,
547 1481 585 1510 et
612 1473 685 1509 Lot
707 1484 794 1508 cum
824 1483 882 1515 eo,
913 1471 955 1506 in
983 1468 1245 1506 solitudinem.

295 1535 507 1586 Opportune
514 1532 572 1570 hic
581 1532 660 1583 quis
674 1528 952 1568 accommodarit
959 1527 1153 1573 verbailla,
1169 1542 1247 1578 quae

294 1595 418 1633 beatus
433 1592 554 1632 David
570 1593 614 1631 iis
629 1589 947 1643 quieBabylonica
956 1587 1118 1626 redibant
1135 1588 1248 1640 capti-

296 1656 405 1695 vitate
429 1655 570 1693 dicebat
587 1670 594 1690 :
615 1655 690 1704 Qui
708 1655 904 1691 seminant
921 1653 963 1688 in
981 1651 1184 1699 lacrymis,
1209 1652 1251 1686 in

296 1716 556 1755 exsultatione
590 1721 744 1751 metent.
782 1713 943 1758 Euntes
969 1713 1081 1747 ibant
1114 1719 1151 1747 et
1169 1710 1249 1763 fle-

298 1780 394 1815 bant
412 1778 606 1814 mittentes
621 1776 770 1813 semina
789 1786 872 1810 sua.
895 1773 1098 1810 Venientes
1114 1779 1245 1808 autern

295 1841 455 1876 ‘venient
472 1839 513 1874 in
528 1836 803 1880 exsultatione,
818 1840 1013 1885 gestantes
1029 1832 1251 1883 manipulos

295 1914 396 1938 suos.
417 1897 555 1938 Vidisti
576 1896 786 1935 descensum
804 1894 982 1932 anxietate
999 1902 1105 1943 atque
1125 1893 1252 1930 timore

296 1961 456 2012 plenum,
474 1959 664 1996 habentem
676 1970 795 1995 secum
808 1965 841 1994 et
861 1955 986 1993 mortis
995 1953 1251 1993 formidinem?

297 2021 394 2061 Vide
418 2035 512 2059 nunc
537 2019 694 2057 reditum
715 2017 875 2055 claritate
895 2025 928 2054 et
950 2015 1123 2068 dignitate
1140 2016 1252 2053 multa

299 2081 545 2133 conspicuum.
565 2079 744 2117 Omnibus
759 2077 855 2115 enim
873 2077 1020 2129 posthac
1041 2077 1252 2115 venerabilis

298 2142 503 2194 eratjustus
520 2140 581 2177 ille
598 2149 670 2177 tam
692 2139 736 2176 iis
755 2138 818 2188 qui
840 2138 876 2175 in
897 2137 1071 2189 AEgyptO,
1087 2151 1195 2188 quam
1211 2138 1253 2175 iis

299 2202 361 2252 qui
385 2202 421 2239 in
439 2200 637 2238 Palaestina.
660 2199 753 2246 Quis
768 2198 863 2236 enim
883 2212 951 2235 non
972 2197 1148 2235 reveritus
1166 2197 1254 2236 fuis-

299 2272 350 2300 set
371 2277 453 2300 enm
472 2261 534 2312 qui
551 2260 603 2298 sic
623 2275 642 2297 a
663 2261 740 2297 Deo
763 2257 1040 2309 custoditus-sit,
1061 2267 1094 2295 et
1120 2267 1255 2296 tantam

300 2322 583 2362 benevolentiam
603 2319 837 2371 assequutus?
858 2319 1043 2357 Neminem
1058 2318 1151 2356 enim
1166 2319 1256 2357 sorte

302 2385 457 2423 latebant
474 2398 528 2431 ea,
551 2397 628 2434 quae
648 2382 723 2433 regi
743 2390 777 2419 et
795 2380 921 2419 domui
940 2380 1016 2432 ejus
1036 2379 1252 2418 acciderant.

305 2445 438 2483 ‹tmnia
450 2444 650 2482 enimDeus
663 2451 849 2495 propterea
860 2440 1034 2493 permisit,
1052 2449 1085 2478 et
1103 2455 1256 2492 eousque

301 2507 521 2544 duraverunt
550 2503 758 2542 tentationes
787 2501 889 2554 justi,
911 2510 950 2539 ut
980 2502 1055 2553 ejus
1082 2502 1254 2554 patientia

303 2567 431 2605 clarior
450 2567 562 2615 fieret,
591 2575 625 2603 et
653 2566 745 2603 facta
767 2564 842 2616 ejus
861 2563 898 2600 in
926 2572 1039 2600 totum
1059 2563 1182 2601 orbem
1198 2563 1254 2601 di-

303 2629 550 2679 vulgarentur,
568 2627 616 2665 ita
632 2635 670 2664 ut
681 2625 802 2664 nullus
814 2624 1072 2676 essetquijusti
1084 2624 1254 2663 virtutem

305 2690 496 2741 ignoraret.

357 2752 396 2788 9.
415 2749 582 2798 Vidistis,
598 2747 736 2798 dilecti,
754 2755 928 2798 quantum
939 2760 984 2784 ex
1000 2745 1256 2784 tentationibus

306 2811 475 2850 lucrum?
494 2809 635 2848 vidistis
649 2818 823 2860 quantum
841 2807 1019 2860 patientia:
1040 2806 1258 2859 praemium?

306 2871 450 2910 vidistis
470 2879 504 2908 et
521 2871 657 2914 virum,
681 2879 713 2907 et
724 2869 924 2915 mulierem,
939 2877 973 2905 et
991 2881 1123 2917 senem,
1148 2877 1182 2905 et
1197 2882 1259 2905 vc-

304 2933 430 2979 tulam‚
452 2940 626 2982 quantum
657 2929 894 2982 philosophiae
915 2943 987 2981 prm
1011 2942 1048 2966 se
1066 2928 1257 2966 tulerunt?

303 3002 479 3044 quantum
493 2991 731 3040 fortitudinis,
751 2999 926 3041 quantum
949 2998 1082 3026 mutua:
1093 2988 1258 3026 dilectio-

306 3055 372 3103 nis,
388 3063 560 3105 quantum
574 3052 732 3090 caritatis
744 3051 932 3090 vinculum
943 3050 1259 3089 demonstrarunt?

305 3117 412 3155 Illum
433 3129 554 3152 omnes
577 3114 769 3161 imitemur,
790 3121 823 3150 et
842 3126 1036 3163 numquam
1060 3112 1255 3149 tristemur.

308 3179 358 3215 Ne
374 3176 617 3214 existimemus
628 3189 701 3212 esse
715 3174 856 3225 signum
871 3173 968 3224 quod
983 3187 1046 3211 nos
1060 3172 1259 3223 derelique-

307 3239 353 3276 rit
371 3247 403 3275 οἱ
423 3237 595 3288 despiciat
614 3235 799 3282 Dominus,
816 3235 843 3272 si
860 3235 1067 3273 tentationes
1087 3234 1190 3272 nobis
1207 3234 1259 3271 in-

724 166 761 194 S.

354 3370 365 3384 .ι
384 3351 510 3395 [Samii.
530 3358 658 3387 ταοῖιτος
677 3356 733 3394 γάρ
752 3350 946 3392 §iliez-1205]

800 162 984 194 JOtNMS
1024 159 1264 191 CHRYSOST.
1303 157 1510 187 ARCIHEP.
1552 155 1906 185 CONSTANTINOP-

1311 243 1442 295 τρόμου
1471 242 1659 288 κατιόντα,
1690 241 1750 280 καὶ
1778 246 1836 280 νῦν
1869 242 1974 280 πάλιν
1996 244 2030 280 ἐν
2061 243 2208 295 τοσαύτῃ
2229 259 2333 295 περι-

1311 303 1436 355 φανεία
1461 302 1520 340 καὶ
1552 301 1735 355 περιουσία
1763 303 1823 340 καὶ
1856 302 2015 355 πλούτῳ,
2045 304 2236 355 ἐμάνθανον
2271 307 2334 350 τῆς

1311 363 1392 415 περὶ
1415 363 1516 401 αὐτὸν
1533 368 1593 401 τοῦ
1611 365 1703 401 Θεοῦ
1719 363 1881 415 προνοίας
1899 364 1962 410 τὴν
1988 363 2147 415 δύναμιν.
2174 365 2238 409 Τίς
2267 359 2336 403 εἶδέ

1311 439 1417 472 ποτε,
1437 424 1488 467 τίς
1506 423 1652 469 ἤκουσεν
1663 439 1674 472 3
1695 423 1845 470 ἈπῆλΟε
1864 427 1968 475 λιμοῦ
1986 426 2211 477 παραμυθίαν
2231 425 2334 476 εὕρα-

1312 488 1412 522 σθαι·
1433 484 1492 523 καὶ
1508 486 1656 523 πλοῦτον
1675 484 1971 536 περιὸαλλόμενος
1993 485 2052 522 καὶ
2072 485 2169 529 δόξαν
2190 486 2335 537 ἄφατον,

1311 546 1418 588 οὕτως
1444 544 1686 596 ἐπανέρχεται.
1723 545 1783 591 Μὴ
1815 544 1991 596 ξενισθῇς,
2026 545 2185 595 ἀγαπητὲ
2199 576 2208 593 ,
2243 545 2333 596 μηδὲ

1311 606 1494 658 θαυμάσῃς
1510 605 1567 644 ἐπὶ
1585 608 1635 657 τῷ
1653 604 1828 656 γεγονότι·
1850 607 1982 655 μᾶλλον
2001 604 2036 643 δὲ
2061 606 2121 643 καὶ
2141 605 2332 656 θαύμασον,

1310 666 1370 704 καὶ
1389 667 1603 717 ε’κπλάγηθι,
1626 666 1684 704 καὶ
1709 666 1825 710 δόξαζε
1854 671 1913 705 τοῦ
1934 671 2050 705 κοινοῦ
2066 666 2207 711 πάντων
2231 669 2332 716 ἡμῶν

1312 727 1492 766 Δεσπότου
1520 727 1583 774 τὴν
1618 727 1776 777 δύναμιν.
1814 726 1884 765 Καὶ
1916 726 1980 778 ὅρα
2014 727 2074 765 καὶ
2103 726 2183 770 τοὺς
2213 726 2334 765 τούτου

1312 788 1500 840 ἀπογόνους
1518 788 1610 826 κατὰ
1628 788 1686 826 τὸν
1708 787 1809 825 αὐτὸν
1829 787 1956 840 τρόπον
1981 787 2165 830 κατιόντας
2195 787 2257 837 μὲν
2288 789 2337 830 εἰς

1311 849 1488 901 Αἴγυπτον
1507 850 1612 888 πάλιν
1640 848 1696 887 διὰ
1715 849 1778 896 τὴν
1802 849 1958 900 ἀνάγκην
1983 854 2042 888 τοῦ
2069 850 2193 899 λιμοῦ,
2214 850 2335 886 κάκεῖ-

1312 915 1367 949 θεν
1386 911 1507 959 πάλιν,
1541 910 1630 962 μετὰ
1662 910 1796 958 πολλὴν
1817 910 1974 948 δουλείαν
2002 910 2061 948 καὶ
2081 909 2337 962 ταλαιπωρίαν,

1313 973 1387 1021 μετ’
1406 971 1568 1023 εὐπορίας
1593 971 1762 1015 ἀνιόντας.
1793 973 1985 1009 ἶ’Τοιοῦτον
2004 971 2072 1023 γὰρ
2101 970 2300 1022 εὐμήχανος
2320 974 2338 1008 ὁ

1311 1031 1494 1078 Δεσπότης
1507 1034 1525 1069 ὃ
1539 1031 1720 1083 ἡμέτερος.
1737 1031 1753 1044 ”
1788 1048 1850 1069 ταν
1866 1032 2079 1084 συγχωρήσῃ
2095 1034 2338 1083 κορυφωθῆναι

1312 1092 1357 1130 τὰ
1385 1092 1498 1140 δεινὰ,
1518 1092 1596 1130 τότε
1614 1093 1720 1130 πάλιν
1741 1093 1971 1135 διασκεδάσας
1995 1093 2052 1130 τὸν
2072 1095 2255 1144 χειμῶνα,
2276 1107 2338 1141 γα·

1312 1153 1420 1200 λήνην
1443 1154 1653 1205 ἐργάζεται,
1682 1153 1742 1192 καὶ
1769 1153 1902 1200 πολλὴν
1934 1157 2002 1192 τῶν
2031 1152 2248 1205 πραγμάτων
2276 1152 2338 1200 τὴν

1314 1214 1526 1265 μεταῧολὴν,
1557 1214 1730 1253 διδάσκων
1759 1218 1853 1266 ἡμᾶς
1876 1217 1941 1260 τ’ῆς
1973 1216 2074 1253 αὐτοῦ
2096 1214 2275 1264 δυνάμεως
2300 1214 2340 1251 τὸ

1315 1276 1467 1327 μέγεθος.
1492 1276 1616 1324 Ἀνέὸη
1642 1277 1677 1316 δὲ
1704 1276 1845 1329 Ἄδραμ
1873 1276 1907 1321 ἐξ
1930 1277 2107 1328 Αἰγύπτου
2123 1307 2133 1323 ,
2156 1277 2254 1320 αὐτὸς
2280 1275 2340 1313 καὶ

1313 1342 1335 1385 ἦ
1357 1336 1440 1389 γυνὴ
1462 1339 1585 1385 αὐτοῦ,
1605 1338 1665 1375 καὶ
1691 1338 1809 1376 πάντα
1838 1338 1881 1376 τὰ
1908 1339 2033 1386 αὐτοῦ,
2060 1338 2120 1376 καὶ
2147 1337 2232 1376 Λὼτ
2263 1338 2340 1387 μετ’

1315 1401 1432 1446 αὐτοῦ,
1455 1401 1502 1442 εἷς
1520 1398 1582 1446 τὴν
1602 1399 1745 1452 ἔρημον.
1766 1398 1949 1451 Εὐκαίρως
1971 1400 2012 1437 ἄν
2036 1415 2088 1442 τις
2105 1397 2268 1452 ἁρμόσειε
2291 1400 2341 1449 τῷ

1317 1459 1442 1513 δικαίῳ
1471 1460 1581 1512 τούτῳ
1610 1463 1725 1498 ἐκεῖνα
1751 1460 1796 1498 τὰ
1828 1460 1991 1513 ῥήματα,
2024 1460 2113 1511 ἅπερ
2133 1463 2150 1498 ὃ
2173 1459 2343 1512 μακάριος

1319 1521 1429 1559 Δαυὶδ
1458 1526 1529 1564 τοῖς
1546 1521 1615 1559 ἀπὸ
1631 1523 1693 1567 τῆς
1717 1521 1753 1557 ἓν
1776 1521 1960 1559 lineolam
1981 1520 2227 1572 αἰχμαλωσίας
2253 1521 2344 1557 ἐπα-

1319 1584 1495 1620 νελθοῦσιν
1530 1582 1667 1633 ἔλεγεν·
1710 1583 1756 1621 Οἱ
1801 1582 1998 1634 σπείροντες
2031 1584 2064 1620 ἐν
2099 1581 2276 1634 δάκρυσιν,
2309 1583 2342 1619 ἐν

1321 1643 1526 1694 ἀγαλλιάσει
1562 1647 1724 1693 θεριοῦσι.
1758 1642 1994 1694 Πορευόμενοι
2030 1641 2254 1694 ἐπορεύοντο,
2284 1642 2345 1679 καὶ

1322 1703 1458 1741 ἔκλαιον
1492 1702 1675 1753 βάλλοντες
1702 1703 1747 1741 τὰ
1780 1703 1967 1754 σπέρματα
1991 1705 2116 1740 αὐτῶν.
2137 1702 2346 1754 Ἐρχόμενοι

1323 1764 1359 1803 δὲ
1373 1763 1512 1810 ἥξουσιν
1534 1765 1568 1801 ἐν
1588 1764 1816 1815 ἀγαλλιάσει,
1838 1763 1992 1816 αἴροντες
2007 1764 2051 1801 τὰ
2072 1763 2258 1815 δράγματα
2283 1765 2347 1800 αὓ-

1323 1828 1406 1864 τῶν.
1429 1819 1531 1868 Εἶδες
1546 1825 1690 1864 κάθοδον
1712 1828 1843 1875 ἀγῶνος
1860 1825 1920 1863 καὶ
1943 1825 2039 1868 δέους
2054 1824 2346 1877 πεπληρωμένην,

1324 1885 1383 1923 καὶ
1404 1885 1484 1937 περὶ
1510 1887 1613 1923 αὐτοῦ
1637 1890 1696 1924 τοῦ
1716 1886 1862 1924 θανάτου
1889 1885 1946 1923 τὸν
1967 1884 2072 1937 φόὲον
2093 1883 2240 1936 ἔχουσαν
2264 1885 2346 1922 ἐπι-

1325 1946 1482 1997 κείμενον
1498 1963 1507 1993 ;
1524 1945 1622 1999 εὈρα
1641 1946 1747 1984 πάλιν
1768 1947 1887 1985 ἄνοδον
1903 1948 2128 1999 περιφανείας
2143 1946 2275 1991 πολλῆς
2291 1944 2347 1996 γε’-

1326 2023 1458 2058 μουσαν
1474 2007 1534 2045 καὶ
1546 2007 1805 2060 λαμπρότητος.
1830 2008 1926 2045 Ham
1949 2006 2016 2059 γὰρ
2030 2006 2150 2045 λοιπὸν
2171 2005 2348 2056 αἰδέσιμος

1325 2063 1368 2114 ἦν
1387 2071 1405 2106 ὁ
1419 2068 1569 2115 δίκαιος,
1588 2067 1648 2105 καὶ
1667 2074 1737 2111 τοῖς
1763 2070 1796 2106 ἓν
1823 2067 1990 2120 Αἰγύπτῳ
2008 2097 2016 2115 ,
2040 2067 2099 2105 καὶ
2121 2073 2193 2110 τοῖς
2212 2069 2246 2105 ἐν
2263 2068 2344 2104 Πα-

1326 2129 1499 2178 λαιστίνῃ.
1516 2129 1581 2172 Τίς
1607 2128 1675 2180 γὰρ
1697 2131 1759 2167 οὐκ
1776 2128 1814 2166 ἂν
1833 2129 1961 2180 ᾐδέσθη
1988 2130 2046 2168 τὸν
2066 2130 2174 2171 οὕτως
2199 2128 2265 2167 ὑπὸ
2288 2131 2348 2166 τοῦ

1327 2192 1419 2229 Θεοῦ
1451 2189 1717 2242 φρουρούμενον,
1746 2191 1806 2228 καὶ
1835 2190 2008 2236 τοσαύτης
2035 2190 2236 2240 ἀξιούμενον
2264 2205 2350 2241 προ-

1327 2250 1440 2297 νοίας;
1465 2251 1602 2289 Οὐδένα
1629 2250 1696 2303 γὰρ
1726 2250 1808 2295 ἴσως
1837 2253 1937 2289 ἔλαθε
1963 2251 2008 2288 τὰ
2041 2252 2088 2295 εἷς
2113 2251 2171 2288 τὸν
2203 2250 2349 2301 βασιλέα

1327 2311 1513 2364 γεγονότα,
1532 2313 1592 2350 καὶ
1611 2312 1668 2349 τὸν
1691 2305 1781 2350 οἶκον
1807 2313 1922 2350 αὐτοῦ.
1945 2311 2068 2350 Πάντα
2087 2310 2154 2363 γὰρ
2175 2311 2231 2348 διὰ
2251 2314 2352 2350 τοῦτο

1329 2373 1555 2426 συνεχιι)ρτ’,θη
1569 2403 1578 2421 ,
1604 2372 1663 2410 καὶ
1684 2373 1741 2410 διὰ
1760 2377 1861 2411 τοῦτο
1879 2373 1984 2424 μέχρι
2004 2373 2167 2411 τοσούτου
2198 2373 2351 2425 προῆλθε

1329 2431 1372 2470 τὰ
1392 2436 1458 2470 τῶν
1482 2436 1686 2485 πειρασμῶν
1706 2436 1755 2485 τῷ
1778 2433 1926 2486 δικαίῳ,
1951 2435 2007 2469 ἵνα
2027 2433 2086 2470 καὶ
2106 2435 2211 2471 αὐτοῦ
2229 2436 2251 2478 ἡ
2269 2434 2352 2470 ὑπο-

1330 2494 1416 2544 μονὴ
1445 2495 1675 2546 λαμπροτέρα
1705 2493 1870 2544 γένηται,
1901 2493 1960 2531 καὶ
1988 2493 2032 2531 τὰ
2063 2496 2145 2545 παρ’
2179 2495 2283 2532 αὐτοῦ
2303 2495 2352 2535 εἷς

1329 2555 1469 2593 ἅπασαν
1489 2556 1647 2607 ἐξενεχθῇ
1664 2555 1728 2601 τὴν
1748 2555 1966 2605 οἰκουμένην,
1988 2556 2047 2593 καὶ
2071 2554 2190 2605 μηδεὶς
2207 2554 2352 2601 ἀνήκοος·

1329 2615 1471 2667 γένηται
1492 2619 1553 2662 τῆς
1569 2619 1693 2668 ἀρετῆς
1709 2620 1768 2654 τοῦ
1785 2615 1933 2654 δικαίου.

1384 2739 1522 2784 Εἴδετε,
1539 2738 1734 2790 ἀγαπητοὶ,
1749 2738 1828 2776 ὅσον
1847 2739 1916 2775 τῶν
1933 2738 2138 2790 πειρασμῶν
2158 2737 2198 2774 τὸ
2214 2737 2349 2791 κέρδος;

1349 2801 1382 2815 Y&

1332 2817 1440 2839 &0575

1459 2799 1521 2847 ὅση
1538 2803 1599 2845 τῆς
1615 2802 1791 2849 ὑπομονῆς
1809 2803 1831 2845 ἡ
1849 2798 2001 2849 ἀμοιὲή;
2021 2799 2128 2836 εἴδετε
2147 2799 2206 2836 καὶ
2223 2799 2331 2851 ἄνδρα
2344 2828 2354 2844 ,

1332 2864 1392 2901 καί
1421 2869 1566 2913 γυναῖκα
1582 2891 1591 2908 ,
1621 2860 1679 2898 καὶ
1695 2859 1858 2911 γέροντα,
1878 2860 1937 2898 καὶ
1964 2859 2238 2909 προὸεὸηκυῖαν,
2266 2859 2351 2906 δ’σην

1333 2923 1548 2967 ἐπεδείξαντο
1563 2922 1626 2968 τὴν
1642 2921 1859 2973 φιλοσοφίαν,
1878 2921 1962 2967 ὅσην
1982 2920 2044 2967 τὴν
2074 2920 2248 2973 ἀνδρείαν,
2269 2920 2354 2966 ὅσην

1331 2985 1395 3032 τὴν
1423 2985 1503 3038 περὶ
1530 2984 1699 3029 ἀλλήλους
1728 2983 1986 3035 φιλοστοργίαν,
2012 2983 2096 3029 ὅσην
2127 2985 2188 3028 τῆς
2218 2982 2356 3032 ἀγάπης

1332 3047 1389 3085 τὸν
1425 3046 1633 3095 σύνδεσμον,
1665 3046 1797 3082 Τοῦτον
1836 3044 1986 3086 ἅπαντες
2018 3041 2268 3094 μιμησώμεθα,
2297 3043 2356 3080 καὶ

1867 3103 1897 3128 “λ

1810 3120 1897 3151 11-7302

1335 3107 1510 3160 μηδέποτε
1533 3106 1779 3158 ἀσχάλλωμεν,
1809 3141 1815 3155 ⁸

1927 3105 2120 3155 νομίζωμεν
2155 3103 2355 3154 ἐγκαταλεί-

1333 3172 1424 3222 ψεως
1445 3163 1531 3206 εἶναι
1559 3172 1618 3206 τοῦ
1646 3170 1738 3207 Θεοῦ
1764 3166 1823 3204 καὶ
1842 3170 1901 3204 τοῦ
1922 3169 2149 3218 περιορᾶσΟαι
2167 3164 2356 3217 τεκμήριον

1334 3233 1396 3279 τὴν
1416 3233 1483 3268 τῶν
1506 3232 1710 3282 πειρασμῶν
1737 3226 1938 3278 ἐπαγωγὴν,
1966 3226 2055 3265 ἀλλὰ
2075 3230 2174 3264 τοῦτο
2194 3225 2355 3278 μέγιστον
