2516 3791
716 234 759 263 lN
795 235 896 264 CAP.
935 234 1064 265 lell.

1104 233 1268 263 GENES.

1310 233 1467 263 uomit..
1504 235 1616 264 xmt.
2097 228 2178 274 ὕοι

146 318 256 357 έχειτο
284 316 396 360 καθὼς
428 316 486 354 καὶ
511 319 630 367 ἡμεῖς,
665 317 724 354 καὶ
759 319 822 363 τῆς
849 320 955 365 αὐτῆς
985 320 1070 368 ἡμῖν
1100 333 1164 368 με-
1189 320 1212 349 C
1235 315 1430 368 demquam
1443 317 1670 355 noshabebat
1681 327 1863 357 naturam:
1880 334 2003 359 verum
2019 324 2100 373 quia
2115 340 2192 376 qua·

145 384 238 431 τεῖχε
278 379 428 431 φύσεως·
458 379 536 416 ἀλλ’
567 377 686 425 ἐπειδὴ
723 377 766 416 τὰ
794 382 878 431 παρ’
918 382 1041 418 ἑαυτοῦ
1077 379 1167 428 μετὰ

145 439 322 492 δαψιλείας
342 438 542 490 εἰσήνεγκε,
561 438 620 476 καὶ
645 439 710 485 τὴν
736 439 863 492 ἀρετὴν
888 439 1018 489 εἵλετο,
1037 439 1168 487 ἠξιώθη

144 500 203 538 καὶ
230 502 293 546 τῆς
337 500 465 538 ἄνωθεν
501 499 661 552 χάριτος·
692 501 782 540 ἀλλὰ
814 500 900 546 τέως
929 502 994 539 κᾶν
1021 500 1083 548 τὴν
1110 516 1169 552 γυ·

143 566 246 599 ναῖκα
271 559 402 608 ταύτην
435 561 691 612 μιμησώμεθα,
724 562 782 600 καὶ
812 562 890 600 τότε
928 561 1018 600 κατὰ
1044 560 1169 613 μικρὸν

142 622 269 674 ἥξομεν
289 623 347 660 καὶ
366 622 425 661 ἐπὶ
441 622 503 669 τὴν
521 626 579 660 τοῦ
601 623 780 676 προφήτου
799 623 961 674 μίμησιν.
992 625 1025 660 M
1035 621 1168 673 ιμησώ-

143 688 232 735 μεθα
246 683 359 721 τοίνυν
377 683 441 730 τὴν
455 682 583 729 ταύτης
600 684 804 735 φιλοξενίαν,
824 684 883 721 καὶ
902 682 1023 733 μηδεὶς
1048 681 1168 720 λοιπὸν

142 745 264 784 πενίαν
284 744 546 797 προόαλλέσθω.
573 739 659 788 oio<
683 744 751 796 γὰρ
771 744 812 782 ἂν
831 739 855 796 ᾗ
874 743 1000 791 πένης,
1032 745 1094 781 οὐκ
1128 742 1169 780 ἂν

142 806 194 853 εἴη
218 806 346 852 ταύτης
375 806 596 858 πενέστερος,
623 806 645 852 ἣ
667 805 752 856 πρὸς
790 805 872 855 μίαν
891 804 1026 855 ἡμέραν
1065 803 1168 855 μόνον

141 867 308 912 ἐκέκτητο
328 866 466 918 τροφὴν,
487 866 546 904 καὶ
575 865 653 904 οὐδὲ
681 865 790 908 οὕτως
814 864 1026 917 ὀκνηροτέρα
1046 865 1166 916 γέγονε

139 926 219 978 περὶ
234 925 297 972 τὴν
315 931 374 964 τοῦ
395 926 527 965 δικαίου
546 926 696 973 αἴτησιν,
713 925 803 963 ἀλλὰ
821 927 936 977 πολλῇ
963 929 1006 978 τῇ
1030 930 1163 978 προθυ-

139 987 203 1040 μίᾳ
239 987 446 1039 χρησαμένη
483 993 628 1040 ταχεῖαν
673 987 736 1034 τὴν
775 987 928 1038 ἀμοιὸὴν
961 988 1162 1043 ἐξομίσατο.

139 1049 296 1086 Τοιαῦτα
319 1047 387 1100 γὰρ
414 1048 457 1087 τὰ
490 1048 587 1100 παρὰ
613 1052 672 1087 τοῦ
689 1050 798 1086 Θεοῦ.
823 1049 912 1086 Ἀντὶ
943 1051 1078 1101 μικρῶν
1094 1050 1167 1093 ἔθος

136 1112 231 1162 αὐτῷ
250 1109 386 1161 μεγάλα
408 1110 604 1162 δωρεῖσθαι.
642 1110 690 1148 Τί
714 1110 805 1162 γὰρ,
843 1109 920 1148 εἰπέ
953 1125 1026 1162 μοι,
1048 1115 1167 1149 τοσοῦ-

137 1186 193 1208 τον
214 1170 426 1222 εἰσήνεγκεν,
456 1172 535 1210 ὅσον
570 1170 780 1221 ἐκομίσατο;
809 1171 902 1210 Ἀλλ’
934 1176 952 1211 6
984 1172 1165 1220 Δεσπότης

135 1234 153 1269 6
172 1232 339 1285 ἡμέτερος
352 1234 390 1271 οὐ
422 1234 464 1284 τῇ
492 1233 661 1279 ποσότητι
690 1233 879 1286 προσέχειν
906 1233 1046 1280 εἴωθεν,
1073 1234 1162 1272 ἀλλὰ

136 1296 179 1346 τῇ
208 1294 371 1348 δαψιλείᾳ
395 1297 457 1341 τῆς
476 1293 640 1345 γνώμης,
675 1294 734 1332 καὶ
766 1295 835 1332 ἀπὸ
864 1294 992 1341 ταύτης
1028 1295 1087 1333 καὶ
1107 1294 1161 1334 ,τὰ

135 1354 245 1406 μικρὰ
283 1355 420 1406 μεγάλα
449 1355 603 1406 γίνεται,
638 1355 696 1393 καὶ
743 1356 786 1393 τὰ
822 1356 959 1408 μεγάλα
991 1357 1161 1401 πολλάκις

133 1415 401 1461 ἐξευτελίζεται,
430 1415 513 1454 ὅταν
540 1416 588 1467 μὴ
620 1417 725 1469 ἱλαρᾷ
756 1420 800 1469 τῇ
830 1417 1007 1471 προθυμίᾳ
1042 1420 1160 1457 ἐπιτε-

132 1477 237 1523 λῆται
263 1477 307 1515 τὰ
335 1476 510 1528 γινόμενα.
539 1476 607 1515 Διὰ
638 1482 741 1516 τοῦτο
776 1478 835 1516 καὶ
867 1482 890 1525 ἡ
921 1479 1014 1532 χήρα
1043 1480 1158 1527 ἐκείνη

131 1541 153 1584 ἡ
173 1539 208 1575 ἐν
227 1539 278 1590 τῷ
303 1538 518 1591 εὐαγγελίῳ,
549 1541 689 1578 πολλῶν
714 1539 828 1578 πολλὰ
859 1541 1037 1592 βαλόντων
1054 1543 1088 1580 ἐν
1109 1545 1159 1595 τῷ

130 1599 396 1652 γαζοφυλακίῳ,
418 1599 477 1638 δύο
501 1599 613 1639 λεπτὰ
633 1601 789 1652 βαλοῦσα
809 1601 941 1646 πάντας
960 1604 1159 1655 ὑπερηκόν-

130 1675 236 1708 τισεν,
273 1663 336 1700 οὐκ
359 1661 479 1708 ἐπειδὴ
505 1661 649 1700 πλείονα
683 1666 753 1701 τῶν
773 1662 886 1701 ἄλλων
912 1662 1048 1712 ἔὸαλεν,
1079 1666 1157 1703 ἀλλ’

130 1722 184 1760 ὅτι
221 1723 349 1773 δαψιλῆ
381 1722 445 1768 τὴν
480 1722 623 1773 γνώμην
656 1723 871 1768 ἐπεδείξατο.
908 1726 956 1764 Οἱ
989 1725 1051 1776 μὲν
1089 1725 1157 1778 γὰρ

132 1783 254 1827 ἄλλοι,
283 1783 409 1835 φησὶν,
442 1784 482 1821 ἐκ
514 1786 574 1821 τοῦ
605 1784 870 1836 περισσεύοντος
903 1787 1019 1830 αὐτοῖς
1054 1791 1158 1825 τοῦτο

131 1844 291 1882 ἐποίουν·
330 1844 418 1892 αὕτη
449 1845 484 1884 δὲ
524 1845 662 1884 ἅπαντα
697 1846 786 1899 ἅπερ
822 1847 990 1894 ἐκέκτητο
1021 1849 1157 1888 ἔὸαλεν.

129 1905 240 1944 (Ὀλον
268 1906 336 1958 γὰρ
370 1907 429 1945 τὸν
465 1906 539 1958 βίον
565 1910 672 1954 αὐτῆς
701 1907 817 1947 {Gala
852 1909 926 1948 Κᾶν
948 1910 1009 1954 τὰς
1036 1918 1159 1963 γυναῖ-

129 1981 192 2010 κας
213 1967 449 2018 μιμησώμεθα
467 1970 498 2006 οἱ
518 1969 659 2020 ἄνδρες,
679 1969 739 2007 καὶ
767 1969 816 2020 μὴ
847 1971 1012 2015 ἐλάττους
1042 1975 1157 2012 αὐτῶν

129 2028 305 2079 ὀφθῶμεν,
332 2029 422 2066 ἀλλὰ
442 2029 697 2080 σπουδάσωμεν
716 2031 764 2081 μὴ
785 2030 888 2082 μόνον
906 2032 992 2085 πρὸς
1023 2033 1087 2080 τὴν
1108 2037 1158 2073 οἷ-

129 2089 225 2126 κείαν
255 2089 448 2128 ἀπόλαυσιν
478 2096 594 2128 πᾶσαν
628 2090 692 2137 τὴν
726 2092 844 2131 οὐσίαν
874 2095 1156 2143 καταναλίσκειν,

129 2150 219 2188 ἀλλὰ
239 2150 298 2188 καὶ
326 2155 396 2189 τῶν
417 2151 588 2202 δεομένων
610 2152 744 2197 πολλὴν
776 2158 950 2194 ποιεῖσθαι
979 2156 1155 2207 πρόνοιαν,

1238 393 1300 416 sua
1316 388 1414 416 erant
1434 379 1582 430 largiter
1601 379 1738 429 attulit,
1760 390 1867 432 atque
1880 381 2049 421 virtutem
2063 386 2196 438 ample-

1239 448 1345 476 xatus
1363 449 1434 488 est,
1451 454 1641 493 supernam
1660 455 1801 493 quoque
1819 443 1970 493 gratiam
1990 456 2199 496 assequutus

1239 509 1309 548 est;
1326 510 1491 539 ea=terum
1506 503 1646 540 interim
1662 517 1724 541 nos
1738 504 1794 542 vel
1810 504 1995 543 mulierem
2013 505 2106 544 hanc
2121 507 2200 545 imi-

1239 569 1366 607 temur,
1382 571 1415 599 ct
1430 562 1480 599 sic
1496 564 1668 614 paulatim
1680 579 1720 602 eo
1735 566 1929 613 veniemus,
1944 575 1982 605 ut
1997 567 2102 605 etiam
2119 583 2200 621 pro-

1239 621 2044 680 pheta:imitatoressimusjtiinulmuuritaque
2054 630 2200 682 ejuslio-

1238 681 1481 733 spitalitatem‚
1495 692 1527 720 et
1549 684 1670 723 nullus
1681 687 1829 738 posthac
1842 688 1996 741 inopiam
2014 700 2196 742 praetexat.

1238 743 1330 780 Nam
1352 745 1585 792 quantumvis
1611 745 1713 798 inops
1735 748 1780 784 sit
1799 749 1942 800 aliquis,
1961 766 2029 789 uon
2051 753 2116 790 erit
2134 753 2199 791 hac

1237 803 1395 854 egentior
1431 805 1488 842 eui
1504 805 1549 843 ad
1565 820 1676 844 unum
1693 816 1829 846 tantum
1846 810 1942 848 diem
1960 823 2032 850 erat
2051 814 2197 853 alimen-

1236 874 1313 902 tum
1330 881 1337 901 :
1356 874 1389 903 et
1404 879 1515 917 neque
1530 867 1582 905 sic
1602 868 1668 905 suit
1683 870 1823 920 segnior
1834 870 1879 908 ad
1897 873 2101 923 petitionem
2117 891 2196 927 pro-

1236 926 1351 978 plietae
1365 957 1375 976 ,
1392 927 1455 966 sed
1474 942 1601 980 magna
1618 929 1800 969 alacritate
1814 931 1845 969 ei
1859 934 1998 984 paruit,
2015 945 2049 972 ct
2064 950 2195 975 merce-

1235 987 1317 1025 dem
1334 988 1495 1041 protinus
1506 991 1651 1043 recepit.
1670 991 1774 1030 Talia
1784 992 1877 1031 enim
1889 1004 1983 1043 sunt,
1996 1010 2073 1046 qua!
2087 1013 2107 1034 a
2122 1000 2196 1037 Deo

1236 1048 1338 1086 sumt.
1356 1051 1434 1087 Mos
1449 1050 1480 1088 ci
1497 1050 1582 1089 dare
1595 1066 1722 1103 magna
1741 1068 1806 1105 pro
1820 1055 1952 1106 parvis.
1971 1057 2069 1103 Quid
2083 1059 2192 1105 enini,

1234 1108 1294 1147 dic
1307 1124 1382 1159 oro,
1397 1120 1534 1149 tantum
1547 1113 1680 1162 attulit,
1689 1124 1862 1165 quantum
1878 1117 2012 1169 aceepit
2024 1119 2040 1155 ζ’
2059 1120 2194 1158 Verum

1235 1171 1410 1210 Dominus
1441 1182 1559 1211 noster
1593 1188 1661 1212 non
1696 1184 1827 1226 quanta
1854 1176 1985 1215 dentur
2013 1182 2196 1219 consuevit

1233 1232 1432 1282 attendere,
1459 1233 1521 1272 sed
1544 1234 1737 1274 voluntatis
1765 1236 1991 1289 largitatem3
2012 1249 2045 1278 et
2065 1241 2110 1278 ab
2130 1242 2196 1280 liae

1232 1307 1310 1343 quae
1325 1308 1437 1346 parva
1447 1305 1528 1333 sunt
1544 1311 1671 1349 magna
1686 1297 1897 1348 redduntur,
1913 1309 1945 1338 et
1958 1316 2085 1353 magna
2101 1318 2194 1356 saepe

1231 1354 1318 1392 vilia
1339 1356 1569 1409 cfficiuntur,
1591 1359 1733 1410 quando
1753 1375 1821 1399 non
1843 1362 1948 1401 hilari
1973 1365 2092 1403 animo
2111 1381 2191 1418 qua}

1229 1414 1321 1453 fiunt
1346 1427 1576 1469 peraguntur.
1595 1420 1795 1474 Eapropter
1820 1423 1930 1462 vidua
1951 1425 2011 1463 illa
2031 1440 2188 1479 evange·
2206 1437 2275 1464 Lm.
2298 1441 2368 1467 nh*

1227 1476 1308 1526 lica,
1324 1478 1446 1517 multis
1461 1480 1572 1518 multa
1585 1481 1619 1519 in
1632 1483 1933 1536 gazophylacium
1951 1487 2188 1537 mittentibus,
2203 1479 2231 1507 3.
2252 1478 2281 1516 'l‘

1226 1538 1393 1590 projectis
1414 1539 1555 1579 duobus
1572 1543 1719 1582 minutis
1735 1558 1856 1583 omnes
1875 1547 1983 1595 vicit,
2001 1562 2070 1587 non
2090 1550 2187 1600 quod

1226 1598 1414 1638 immiserit
1430 1601 1531 1654 plura
1553 1603 1651 1653 aliis,
1669 1604 1727 1643 sed
1745 1606 1842 1657 quod
1862 1607 2103 1648 liberaliorem
2120 1625 2187 1649 vo·

1224 1659 1398 1699 luntatem
1430 1663 1634 1702 ostenderit.
1668 1666 1738 1704 Alii
1769 1668 1879 1718 enim,
1908 1669 2043 1720 inquit,
2074 1686 2119 1710 ex
2147 1687 2187 1711 eo

1226 1721 1323 1771 quod
1349 1722 1418 1760 sibi
1445 1724 1651 1764 abundabat
1679 1727 1939 1781 eleemosynam
1968 1732 2185 1783 erogabant,

1226 1782 1291 1820 ista
1311 1792 1427 1821 autem
1450 1786 1568 1823 omnia
1589 1801 1821 1840 quaecumque
1842 1791 2047 1842 possidebat
2067 1793 2186 1832 immi-

1225 1843 1286 1882 sit.
1305 1845 1457 1883 Omnem
1478 1847 1571 1885 enim
1587 1848 1724 1887 victum
1746 1865 1872 1900 suum,
1892 1851 2032 1903 inquit,
2051 1854 2183 1906 injecit.

1226 1904 1321 1956 Ergo
1331 1906 1496 1945 mulieres
1508 1908 1631 1947 saltem
1641 1909 1822 1949 imitemur
1830 1912 1912 1957 viri,
1922 1922 1955 1951 et
1964 1928 2030 1952 non
2044 1915 2182 1954 inferio-

1224 1979 1278 2004 res
1297 1967 1347 2004 eis
1366 1967 1553 2007 videamur
1575 1985 1583 2005 τ
1604 1969 1664 2008 sed
1686 1971 1890 2012 studeamus
1910 1988 1978 2012 non
2000 1976 2113 2015 solum
2135 1977 2182 2016 ad
2251 1993 2386 2020 Eleemo-

1222 2036 1382 2065 nostrum
1402 2043 1506 2067 usum
1526 2044 1667 2069 omnem
1686 2032 1925 2073 substantiam
1943 2046 2099 2075 nostram
2116 2039 2182 2077 im·
2194 2044 2267 2102 ⁵5⁰³!
2318 2046 2384 2061 ΝΟ·

1222 2087 1385 2139 pendere,
1397 2089 1458 2127 sed
1472 2099 1505 2128 et
1516 2104 1707 2142 egenorum
1720 2107 1887 2145 magnam
1902 2096 2032 2135 habere
2046 2113 2182 2149 curam,
2195 2086 2258 2112 gam
2273 2088 2297 2101 ...

1223 2147 1330 2199 idque
1349 2163 1430 2187 eum
1451 2151 1632 2190 alacritate
1646 2162 1678 2190 et
1692 2153 1882 2192 hilaritate.
1911 2156 2055 2197 Etenim
2081 2161 2182 2212 agri—

128 2211 187 2249 καὶ
208 2212 296 2249 μετὰ
324 2212 519 2264 προθυμίας
554 2213 611 2250 ml
635 2214 865 2266 φαιδρότητος
889 2220 991 2254 τοῦτο
1027 2224 1151 2256 ποιεῖν,
1167 2240 1214 2266 4³4
1224 2209 1300 2246 cola
1318 2218 1417 2248 terrae
1444 2212 1656 2251 concredens
1675 2214 1823 2259 semina,
1843 2230 1911 2254 non
1931 2217 1997 2256 hoc
2011 2233 2092 2258 cum
2113 2222 2182 2259 tri-

127 2248 212 2310 Καὶ·
227 2272 296 2325 γὰρ
329 2277 346 2311 ὁ
381 2273 533 2325 γεωργὸς
563 2277 611 2318 εἰς
645 2275 708 2322 τὴν
744 2276 809 2327 γὴν
842 2278 1075 2317 καταεάλλων
1111 2279 1153 2318 τὰ
1177 2278 1202 2307 Α
1222 2270 1318 2309 stitia
1339 2272 1445 2322 facit,
1467 2273 1529 2311 sed
1548 2274 1706 2326 gaudens
1725 2285 1758 2314 et
1777 2276 2015 2326 laetabundus,
2034 2290 2065 2319 et
2081 2285 2182 2334 quasi

125 2334 334 2386 σπέρματα,
353 2337 390 2373 οὐ
431 2335 520 2385 μετὰ
553 2337 786 2387 στυγνότητος
814 2343 917 2377 τοῦτο
947 2341 1154 2392 ἐργάζεται,

125 2395 214 2433 ἀλλὰ
232 2396 366 2448 χαίρων
400 2397 459 2434 καὶ
489 2397 670 2448 γεγηθὼς,
702 2398 761 2436 καὶ
791 2398 858 2447 ἤδη
890 2403 933 2453 τῇ
960 2403 1154 2455 προσδοκίᾳ

123 2457 166 2495 τὰ
187 2457 372 2508 δράγματα
404 2457 544 2509 βλέπειν
574 2459 735 2509 νομίζων,
766 2460 875 2505 οὕτως
911 2465 958 2506 εἰς
990 2463 1052 2511 τὴν
1087 2467 1152 2516 γῆν

123 2518 247 2571 ἀφίησι
266 2518 310 2556 τὰ
329 2519 530 2571 σπέρματα.
571 2521 641 2559 Καὶ
672 2520 713 2559 σὺ
745 2522 876 2570 τοίνυν,
895 2525 1077 2575 ἀγαπητὲ,
1100 2526 1149 2577 μὴ

121 2580 208 2632 πρὸς
225 2580 283 2618 τὸν
315 2581 538 2632 λαμὸάνοντα
573 2582 638 2634 ὅρα
655 2583 772 2634 μόνον,
793 2585 883 2634 μηδὲ
900 2586 986 2639 πρὸς
1004 2587 1068 2634 τὴν
1089 2588 1153 2627 δα-

121 2641 232 2687 πάνην
254 2640 317 2688 τὴν
333 2641 531 2693 γινομένην,
549 2643 628 2681 ἀλλ’
645 2644 751 2683 ἐννόει
774 2645 828 2683 ὅτι
845 2640 944 2690 οὗτος
973 2647 1036 2699 μέν
1055 2650 1150 2688 ἐστιν

119 2704 138 2738 ὁ
164 2701 357 2753 ὁρώμενος,
391 2707 410 2741 6
450 2704 546 2756 παρὰ
577 2708 638 2743 σοῦ’
673 2706 880 2758 δεχόμενος,
919 2708 1034 2760 ἕτερος
1062 2710 1098 2748 δὲ
1133 2714 1151 2749 6

119 2761 163 2800 τὰ
195 2765 244 2807 εἷς
263 2765 393 2803 ἐκεῖνον
407 2765 573 2816 γινόμενα
592 2768 846 2819 οἰκειούμενος,
868 2770 926 2808 καὶ
947 2773 1012 2824 οὐχ
1041 2774 1058 2810 6
1083 2789 1148 2811 τυ-

118 2822 205 2875 χὼν,
226 2825 302 2863 ἀλλ’
334 2828 352 2863 6
388 2828 459 2864 τῶν
493 2827 581 2866 ὅλων
618 2829 821 2877 Δεσπότης,
843 2833 861 2868 ὁ
885 2833 954 2869 τῶν
983 2833 1148 2872 ἁπάντων

119 2885 247 2938 Κύριος
258 2917 268 2932 ,
287 2889 305 2924 6
321 2889 466 2939 οὐρανοῦ
479 2888 539 2927 καὶ
554 2892 619 2941 γ’ἥς
634 2888 782 2938 ποιητής
793 2907 800 2914 ·
823 2891 882 2930 καὶ
901 2892 956 2931 ὅτι
969 2897 991 2940 ἦ
1008 2895 1147 2942 δαπάνη

120 2946 208 2994 αὕτη
226 2948 394 3000 πρόσοδος
412 2949 570 3001 γίνεται,
585 2953 646 2990 καὶ
661 2954 699 2990 οὗ
722 2952 824 3003 μόνον
845 2955 908 2992 οὐκ
923 2956 1063 2995 ἐλαττοῖ
1085 2973 1146 2996 σου

117 3006 181 3055 τὴν
198 3008 329 3057 οὐσίαν,
353 3010 443 3049 ἀλλὰ
467 3011 526 3049 καὶ
549 3013 730 3058 πλεονάζει
747 3016 896 3064 μᾶλλον,
918 3015 977 3054 ἐὰν
993 3017 1034 3056 σὺ
1055 3019 1145 3070 μετὰ

116 3069 268 3113 πίστεως
294 3075 396 3109 τοῦτο
429 3073 557 3124 ἐργάζῃ
588 3073 648 3111 καὶ
685 3076 807 3127 ἱλαρᾶς
839 3079 901 3123 τῆς
933 3080 1141 3131 προθυμίας.

118 3128 220 3167 Εἴπω
239 3129 278 3168 τὸ
297 3131 484 3184 κεφάλαιον
503 3137 572 3173 τῶν
589 3136 728 3185 ἀγαθῶν
741 3151 749 3159 ·
778 3137 869 3187 μετὰ
888 3140 951 3184 τ’ἧς
971 3141 1143 3191 προσόδου

114 3191 177 3235 τῆς
197 3191 265 3229 ἀπὸ
288 3195 350 3239 τῆς
369 3193 525 3241 δαπάνης
551 3195 681 3242 ταύτης
700 3197 885 3248 γινομένης
903 3200 962 3237 καὶ
982 3202 1145 3255 ἁμαρτη-

118 3250 238 3300 μάτων
257 3254 512 3306 συγιωρήσεώς
522 3272 576 3295 σοι
587 3256 750 3308 πρόξενος
763 3258 913 3309 γίνεται,
929 3254 968 3298 οἷ
984 3261 1017 3299 τί
1032 3262 1074 3300 ἂν
1085 3264 1144 3314 γέ-

1216 2332 1292 2384 jam
1307 2347 1370 2386 spe
1384 2335 1588 2388 manipulos
1609 2336 1729 2376 videre
1744 2352 1780 2376 se
1793 2339 2015 2392 existimans,
2035 2343 2070 2381 in
2091 2353 2181 2383 terra

1220 2393 1380 2432 seminat.
1398 2395 1445 2434 Et
1464 2405 1516 2443 tu,
1538 2396 1666 2436 dilecte
1680 2429 1690 2447 ,
1712 2414 1755 2438 ne
1781 2401 1897 2439 solum
1917 2405 2116 2456 respexeris
2136 2406 2181 2444 ad

1220 2469 1302 2493 eum
1319 2457 1382 2507 qui
1400 2458 1538 2511 recipit,
1556 2474 1669 2511 neque
1683 2460 1728 2498 ad
1744 2472 1884 2501 sumtus
1901 2464 1963 2515 qui
1984 2465 2097 2515 fiunt;
2120 2467 2182 2505 sed

1219 2517 1335 2569 cogita
1347 2549 1358 2567 ‚
1380 2519 1483 2557 illum
1498 2521 1642 2572 quidem
1657 2522 1719 2574 qui
1736 2537 1754 2560 a
1772 2533 1804 2561 te
1819 2525 1949 2577 accipit
1966 2540 2041 2564 esse
2055 2527 2179 2566 visibi-

1218 2577 1313 2628 lem,
1333 2580 1446 2618 alitun
1476 2591 1593 2620 autem
1611 2597 1688 2634 quae
1703 2583 1738 2622 in
1755 2584 1858 2623 illum
1875 2586 1982 2635 fiunt,
2001 2587 2068 2625 sibi
2088 2589 2178 2627 saeta

1217 2639 1398 2680 declarare
1407 2658 1418 2691 ;
1435 2657 1548 2694 neque
1566 2643 1669 2682 illum
1684 2645 1870 2697 vulgarem
1879 2648 2082 2699 quempiam
2093 2663 2178 2699 esse,

1218 2701 1280 2740 sed
1298 2703 1458 2741 omnium
1479 2705 1688 2751 Dominum,
1710 2706 1786 2744 caeli
1816 2715 1986 2759 terraeque
2006 2710 2177 2749 Condito-

1218 2776 1293 2801 rem
1306 2778 1317 2812 ;
1334 2772 1367 2802 et
1381 2773 1540 2802 sumtum
1557 2765 1659 2803 illum
1674 2765 1854 2804 redituum
1869 2767 1987 2807 locum
2002 2770 2177 2819 obtinere,

1218 2838 1281 2862 nec
1301 2825 1417 2863 solum
1438 2840 1506 2864 non
1535 2826 1694 2865 minuere
1714 2827 1948 2868 substantiam
1973 2840 2071 2870 tuam
2086 2862 2096 2882 ‚
2117 2833 2178 2872 scd

1217 2899 1347 2937 augere
1359 2886 1474 2938 magis
1488 2887 1517 2925 si
1535 2901 1617 2925 cum
1632 2887 1704 2926 fide
1719 2897 1752 2926 et
1765 2888 1946 2930 alacritate
1959 2891 2028 2931 hoc
2040 2893 2176 2944 feceris.

1217 2946 1356 2985 Addam
1378 2947 1414 2985 id
1432 2947 1528 2999 quod
1549 2948 1771 3000 praecipuum
1797 2959 1848 2988 est
1867 2951 2002 2991 honum
2022 2969 2030 2990 ε
2048 2964 2177 3007 praeter

1216 3007 1282 3046 hos
1300 3007 1435 3047 reditus
1448 3018 1478 3046 et
1490 3009 1603 3056 lucra,
1617 3024 1695 3060 quae
1709 3024 1753 3048 ex
1767 3021 1886 3050 sumtu
1902 3023 2086 3066 parantur,
2094 3030 2176 3068 pec-

1216 3079 1292 3108 cata
1311 3071 1415 3108 etiam
1437 3070 1681 3109 condonantur
1701 3087 1708 3108 :
1729 3072 1787 3110 cni
1806 3073 1899 3112 bono
1916 3074 2004 3126 quid
2022 3091 2088 3128 par
2101 3091 2177 3116 esse

1215 3131 1372 3185 poterit?
1390 3132 1427 3170 Si
1450 3132 1558 3183 igitur
1590 3132 1755 3172 volumus
1776 3148 1857 3173 vere
1876 3135 2108 3189 locupletari,
2142 3148 2176 3177 et

1215 3207 1297 3232 eum
1310 3192 1450 3231 divitiis
1463 3193 1568 3231 etiam
1584 3203 1808 3246 pcccatorum
1824 3196 1985 3235 invenire
1999 3199 2175 3237 remissio-

1215 3269 1309 3299 nem,
1325 3252 1550 3292 effundamus
1565 3269 1618 3292 res
1630 3264 1766 3297 nostras
1780 3256 1814 3295 in
1829 3271 2021 3309 egenorum
2035 3273 2172 3303 manus,

117 3319 207 3349 νὸιτο
244 3312 336 3360 ἴσον;
367 3316 410 3353 Εἰ
437 3315 549 3355 τοίνυν
583 3318 794 3369 βουλοίμεθα
824 3320 950 3359 εἰδέναι
977 3324 1141 3364 πλουτεῖν
1167 3336 1189 3366 13
1216 3316 1473 3368 praemittamus
1489 3315 1594 3354 casin
1610 3316 1749 3365 caelum,
1768 3318 1829 3356 ubi
1847 3333 1960 3370 neque
1974 3320 2042 3367 sur,
2059 3335 2172 3371 neque

116 3371 172 3409 τὸν
189 3373 302 3420 ἀληθῆ
322 3376 481 3424 πλοῦτον,
501 3378 559 3415 καὶ
585 3379 674 3428 μετὰ
704 3383 763 3417 τοῦ
795 3381 946 3420 πλούτου
977 3384 1035 3422 καὶ
1069 3388 1140 3424 τῶν

116 3434 378 3485 ἇμαρτημάτιιΝ
409 3438 471 3484 τὴν
491 3440 713 3491 συγχώρησιν
748 3443 934 3494 εὕρασθαι,
955 3446 1132 3497 ἐκχέωμεν

1216 3381 1319 3430 latro,
1334 3395 1446 3432 neque
1462 3382 1638 3433 parietum
1653 3383 1815 3435 effossor,
1833 3399 1944 3436 neque
1956 3386 2079 3423 fiunuli
2096 3401 2170 3423 ma-

1213 3449 1302 3492 litia,
1320 3463 1431 3499 neque
1450 3448 1548 3487 aliud
1561 3449 1759 3501 quidquam
1780 3466 1903 3490 nocere
1926 3453 2052 3504 poterit
2073 3453 2168 3491 divi—
