2516 3791
739 220 784 250 IN
821 219 924 249 cAP.
961 218 1056 248 xlx.
1095 216 1257 248 CENES.

160 307 217 347 καὶ
237 307 313 358 μετ’
334 304 520 348 ἐπιεικείας
536 304 668 350 πολλῆς
687 303 746 342 καὶ
772 302 836 350 τὴν
861 301 1020 354 ἀνδρείαν
1051 301 1182 353 ἄφατον

159 366 397 413 ἐπεδείκνυτο,
417 367 449 403 εἰ
484 364 544 404 καὶ
576 363 653 403 οὐδὲ
685 363 775 402 οὕτω
797 362 999 402 καθικέσθαι
1027 361 1181 409 ἠδυνήθη

157 432 220 475 τῆς
249 427 441 466 ἀκαθέκτου
461 428 575 466 αὐτῶν
604 424 742 477 μανίας.
764 424 867 463 Μετὰ
885 424 952 477 γὰρ
970 424 1014 462 τὰ
1041 424 1182 476 ῥήματα

158 491 294 535 ἐκεῖνα,
323 488 383 527 καὶ
408 487 472 535 τὴν
501 486 689 526 ἐπιείκειαν
715 485 777 534 τὴν
797 485 1099 538 ὑπερὸάλλουσαν,
1124 484 1182 522 καὶ

158 550 197 588 τὸ
229 549 415 603 μονονουχὶ
443 555 519 593 ταῖς
548 548 670 601 χερσὶν
695 549 853 587 ἐκδοῦναι
887 547 943 586 διὰ
969 549 1038 584 τῶν
1070 545 1182 596 λόγων

157 611 218 655 τὰς
250 611 463 664 θυγατέρας,
485 610 519 649 τί
552 625 636 662 φασι
669 610 754 662 πρὸς
775 608 901 656 αὐτόν,
923 606 1074 646 Ἀπόστα
1097 607 1181 643 ἐκεῖ.

156 672 205 710 Ὢ
228 672 334 723 μέθης
350 671 540 725 ὑπερῦολὴ,
553 671 582 709 ὦ
597 669 865 723 παραφροσύνης
877 668 1044 711 ἐπίτασις.
1059 668 1181 705 Τοιοῦ-

159 748 217 772 τον
246 733 314 786 γὰρ
332 737 353 781 ἡ
374 732 510 786 πονηρὰ
539 732 627 778 αὕτη
650 731 736 770 “xuni
771 730 961 772 ἀκόλαστος
991 727 1180 778 ἐπιθυμία·

158 794 298 833 ἐπειδὰν
316 794 541 847 περιγένηται
564 796 624 831 τοῦ
652 794 842 843 λογισμοῦ,
861 791 924 828 οὐκ
951 789 1072 841 ἀφίησι
1098 805 1181 827 συν-

160 857 242 894 ιδεῖν
261 855 358 894 οὐδὲν
377 857 446 893 τῶν
466 853 624 901 δεόντων,
638 852 729 891 ἀλλὰ
755 852 913 901 καθάπερ
933 852 968 889 ἐν
989 850 1104 903 σκότῳ
1124 851 1182 889 καὶ

156 915 375 968 νυκτομαχίᾳ
391 915 476 963 τινὶ,
496 914 604 958 οὕτως
620 916 760 953 ἅπαντα
783 912 1050 965 διαπράττεται.
1075 911 1180 951 'Auo'-

157 993 242 1023 στα,
262 977 378 1029 φησὶν,
402 978 496 1014 ἐκεῖ·
527 977 683 1023 εἰσῆλθες
701 980 898 1027 παροικεῖν,
920 974 968 1025 μὴ
991 974 1049 1012 καὶ
1069 974 1182 1026 κρίσιν

155 1038 301 1091 κρίνειν,
331 1040 404 1077 Nov
435 1031 493 1076 οῧν
517 1053 556 1076 σε
575 1036 781 1088 κακώσομεν
803 1037 950 1087 μᾶλλον,
975 1035 997 1082 ἢ
1018 1037 1180 1080 ἐκείνους.

154 1101 251 1154 ζὈρα
279 1102 353 1144 πῶς
374 1100 436 1152 μὲν
453 1103 471 1139 ὁ
491 1099 620 1143 δίκαιος
647 1100 808 1143 ἐπιεικῶς
828 1099 943 1142 αὐτοῖς
961 1097 1182 1150 διαλέγεται,

155 1165 186 1201 οἱ
204 1162 240 1200 δὲ
266 1162 358 1214 πόσῃ
378 1161 569 1215 κέχρηνται
588 1162 631 1212 τῇ
660 1160 864 1213 θρασύτητι.
883 1158 1020 1211 ςὨσπερ
1048 1159 1182 1198 ἐκδακ-

155 1223 334 1276 χευθέντες
352 1223 472 1262 λοιπὸν
492 1222 560 1261 ὑπὸ
581 1225 640 1260 τοῦ
661 1220 842 1268 διαὸόλου,
868 1220 928 1259 καὶ
945 1223 991 1264 ὡς
1011 1223 1069 1259 ὑπ’
1091 1220 1183 1259 ἐκεί-

155 1300 213 1323 νου
237 1284 559 1336 στρατηγούμενοι,
589 1282 680 1321 οὕτω
706 1281 1015 1327 κατεξανίστανται
1040 1286 1100 1321 τοῦ
1130 1284 1184 1321 δι-

156 1346 268 1393 καίου,
283 1346 343 1384 καί
362 1361 468 1398 φασιν
487 1361 494 1369 ·
515 1345 688 1391 Εἰσῆλθες
709 1348 903 1395 παροικεῖν,
930 1343 978 1395 μὴ
996 1343 1054 1382 καὶ
1070 1343 1183 1396 κρίσιν

155 1406 304 1458 κρίνειν;
325 1405 501 1459 Πάροικόν
521 1421 579 1454 σε,
601 1404 719 1458 φησὶν,
742 1404 951 1455 ἐδεξάμεθα”
973 1404 1022 1457 μὴ
1039 1404 1106 1457 γὰρ
1124 1405 1184 1443 καὶ

154 1467 275 1519 κριτὴς
294 1469 394 1518 ἡμῶν
421 1467 616 1515 κατέστης;
641 1464 689 1505 Ὠ
717 1465 968 1518 ἀγνωμοσύνης
987 1466 1180 1520 ὑπερὸολή.

154 1528 240 1566 Δέον
265 1529 501 1582 ἐντραπῆναι,
533 1527 607 1566 δέον
645 1528 848 1574 αἰδεσθῆναι
880 1526 944 1575 τὴν
979 1527 1182 1579 συμὸουλὴν

154 1594 214 1628 τοῦ
243 1590 398 1638 δικαίου,
429 1593 460 1629 οἱ
491 1590 548 1640 δὲ,
569 1589 727 1642 καθάπερ
748 1590 779 1629 οἱ
813 1589 1017 1642 μαινόμενοι
1047 1591 1106 1629 καὶ
1126 1591 1183 1630 τὸν

155 1651 270 1703 ἰατρὸν
291 1651 464 1704 συγκόψαι
496 1654 746 1705 ἐπιχειροῦσιν,
775 1651 866 1689 οὕτω
893 1651 952 1690 καὶ
979 1646 1095 1691 οὗτοι·
1115 1654 1183 1699 Σὲ,

155 1713 260 1765 φησὶ,
280 1713 489 1765 κακώσομεν
511 1715 657 1765 μᾶλλον,
677 1712 700 1760 ἢ
720 1713 882 1757 ἐκείνους.
907 1715 952 1752 Εἰ
972 1713 1020 1765 μὴ
1043 1714 1161 1766 βούλει
1175 1745 1184 1762 ,

155 1774 272 1825 φησὶν,
288 1774 488 1826 ἡσυχάσαι,
511 1774 652 1827 μαθήσῃ
680 1777 727 1818 ὡς
752 1774 849 1812 οὐδέν
880 1790 935 1814 σοι
962 1774 1067 1813 πλέον
1089 1775 1185 1815 ἔσται

155 1839 217 1882 τῆς
236 1838 283 1879 εἰς
303 1836 452 1879 ἐκείνους
482 1835 697 1888 προστασίας
711 1864 721 1884 ,
741 1834 764 1882 ἢ
784 1835 823 1873 τὸ
850 1835 1000 1879 ἐκείνους
1025 1835 1087 1887 μὲν
1113 1837 1187 1874 δια-

156 1903 274 1950 φυγεῖν
293 1898 351 1937 τὸν
378 1898 547 1945 κίνδυνον,
565 1898 603 1937 σὲ
623 1897 659 1936 δὲ
678 1897 792 1950 τούτῳ
811 1898 1081 1950 περιῧληθῆναι.
1103 1900 1184 1936 Πα-

157 1959 354 2010 ρεὸιάζοντο
386 1960 424 1998 δὲ
454 1962 512 1998 τὸν
543 1959 628 1998 Λὼτ
662 1959 806 2012 σφόδρα.
837 1959 930 2012 εὈρα
963 1959 1022 1999 τὸν
1054 1960 1186 1998 δίκαιον

156 2023 274 2059 τοῦτον
309 2020 367 2059 καὶ
409 2020 568 2073 ἀνδρείαν
609 2020 904 2072 ἐπιδεικνύμενον,
940 2020 1000 2060 καὶ
1031 2021 1186 2073 τοσούτῳ

155 2081 281 2128 πλήθει
317 2082 582 2120 ἀντιτάττεσθαι
624 2083 882 2134 ἐπιχειροῦντα.
920 2082 991 2121 Καὶ
1023 2081 1185 2134 ἤγγισαν,

155 2143 261 2195 φησὶ,
299 2145 484 2195 συντρῖψαι
514 2142 579 2191 τὴν
612 2142 732 2195 θύραν.
764 2142 912 2191 Ἐπειδὴ
950 2143 1019 2196 γὰρ
1048 2143 1186 2194 μέλλων

155 2203 300 2251 ἐξιέναι,
326 2204 385 2242 καὶ
411 2203 474 2251 τὴν
495 2203 626 2242 τούτων
643 2203 773 2255 μανίαν
799 2207 958 2257 προορῶν
990 2204 1186 2257 προσέῳξεν

153 2267 258 2303 αὐτοῦ
278 2265 417 2304 ὄπισθεν
437 2264 501 2312 τὴν
530 2264 649 2318 θύραν,
671 2266 735 2303 οὐκ
751 2264 987 2318 ἀνασχόμενοι
1003 2267 1035 2303 οἱ
1067 2266 1186 2318 μιαροὶ

153 2321 247 2366 οῧτοι
278 2326 338 2365 καὶ
367 2326 566 2379 παράνομοι
589 2329 652 2373 τῆς
670 2330 731 2365 τοῦ
759 2327 893 2366 δικαίου
923 2326 1183 2379 παραινέσεως,

154 2388 256 2426 αὐτόν
285 2404 323 2426 τε
350 2387 528 2432 ἐὸιάζοντο
548 2386 608 2426 καὶ
626 2386 689 2436 τὴν
709 2387 816 2440 θύραν
839 2390 1026 2441 συντρῖψαι
1045 2388 1184 2442 ἐπεχεί-

155 2465 247 2500 ρουν.
262 2448 354 2488 Ἀλλ’
376 2449 496 2497 ἐπειδὴ
523 2448 581 2488 διὰ
599 2451 667 2488 τῶν
690 2449 911 2503 πραγμάτων
929 2450 1106 2489 ἐδείκνυτο
1124 2451 1183 2489 καὶ

152 2514 174 2558 ἡ
194 2514 254 2549 τοῦ
275 2510 408 2550 δικαίου
428 2510 535 2563 ἀρετὴ
547 2540 558 2559 ,
580 2511 639 2549 καὶ
661 2514 680 2559 ἡ
704 2512 790 2564 πρὸς
806 2512 885 2557 τοὺς
907 2511 1022 2557 ξένους
1040 2515 1183 2563 νομιζο-

154 2571 276 2621 μένους
303 2571 520 2623 κηδεμονία,
550 2571 610 2610 καὶ
640 2576 700 2611 τοῦ
720 2573 873 2620 πλήθους
902 2573 1033 2612 ἐκείνου
1054 2574 1184 2618 παντὸς

153 2635 174 2679 ἡ
195 2633 275 2685 περὶ
301 2632 365 2679 τὴν
385 2632 511 2671 κακίαν
549 2634 752 2687 συμφωνία,
785 2634 863 2672 τότε
882 2634 1004 2674 λοιπὸν
1032 2635 1178 2674 ἐκκαλύ-

153 2710 297 2733 πτουσιν
316 2695 456 2739 ἑαυτοὺς
490 2697 521 2734 οἱ
539 2695 827 2748 παραγεγονότες.
862 2697 932 2735 Καὶ
952 2696 1073 2745 ἐπειδὴ
1094 2691 1182 2736 εἶδον

154 2755 211 2794 τὸν
231 2755 362 2794 δίκαιον
379 2755 493 2794 πάντα
511 2756 556 2795 τὰ
578 2760 662 2810 παρ’
681 2760 804 2796 ἑαυτοῦ
820 2758 1101 2812 πεπληρωκότα,
1118 2759 1182 2807 τὴν

154 2815 282 2854 οἰκείαν
299 2817 574 2868 ἐπιδεικνύμενοι
589 2817 734 2871 δύναμιν
755 2819 972 2870 ἐπαμύνουσι
990 2823 1040 2874 τῷ
1058 2821 1182 2873 δικαίῳ

153 2877 529 2932 καταδυναστευομένῳ
554 2878 622 2917 ὑπὸ
645 2882 707 2927 τῆς
723 2880 863 2919 ἐκείνων
889 2880 1026 2932 μανίας.
1042 2881 1180 2920 'Ex-tsi-

154 2954 272 2982 ναντες
290 2938 357 2991 γὰρ
372 2969 382 2988 ,
399 2940 516 2992 φησὶν,
533 2942 564 2978 οἱ
578 2941 697 2993 ἄνδρες
714 2942 777 2986 τὰς
793 2948 914 2996 χεῖρας
927 2943 1182 2983 εἰσεσπάσαντο

154 2999 210 3037 τὸν
232 2999 316 3038 Λὼτ
335 3000 420 3053 πρὸς
450 3000 592 3045 ἑαυτοὺς
626 3004 673 3046 εἷς
702 3003 761 3042 τὸν
779 2997 885 3052 οἶκον,
905 3004 964 3043 καὶ
982 3006 1047 3052 τὴν
1076 3005 1180 3058 θύραν

154 3064 214 3100 τοῦ
244 3062 340 3100 οἴκου
371 3062 604 3101 ἀπέκλεισαν·
631 3063 710 3107 τοὺς
746 3064 782 3103 δὲ
812 3065 938 3118 ἄνδρας
973 3065 1052 3110 τοὺς
1081 3066 1181 3112 ὄντας

155 3122 212 3160 ἐπὶ
236 3127 298 3170 τῆς
319 3123 422 3177 θύρας
441 3128 500 3163 τοῦ
530 3124 625 3163 οἴκου
656 3125 831 3172 ἐπάταξαν
851 3126 1000 3180 ἀορασία
1020 3128 1089 3168 ἀπὸ
1119 3145 1179 3179 μι-

156 3187 240 3235 κροῧ
263 3185 326 3229 ἕως
354 3186 528 3238 μεγάλου,
552 3187 611 3225 καὶ
641 3187 887 3238 παρελύθησαν
914 3190 1096 3235 ζητοῦντες
1118 3191 1180 3238 τὴν

156 3245 272 3296 θύραν.
293 3246 402 3299 Ὁρᾷς
426 3249 504 3292 ,πῶς
531 3248 589 3286 καὶ
620 3251 639 3286 ὁ
667 3249 798 3294 δίκαιος
830 3244 929 3294 οὗτος
960 3253 1182 3305 παραχρῆμα

135 3316 137 3319 ’
157 3309 217 3353 ’.ἧς
237 3307 427 3359 φιλοξενίας
456 3309 636 3362 κομίζεται
665 3311 727 3355 τὰς
745 3312 913 3363 damete,
934 3314 991 3352 καὶ
1016 3316 1046 3353 οἱ
1065 3314 1179 3366 παρά-

200 3424 212 3437 -τ
236 3413 386 3453 Quattuor
404 3415 480 3448 Mss.
499 3421 659 3455 ἀλλόκοτος

1297 216 1452 247 noMiL.
1492 218 1618 248 xLui.
2118 208 2166 252 51
2192 227 2198 252 ι

1209 303 1230 333 B
1258 300 1391 350 tulerit,
1407 301 1573 352 quamvis
1594 314 1706 352 neque
1721 301 1771 340 sic
1788 302 1963 353 corrigere
1983 305 2136 354 potuerit
2156 306 2207 342 in-

1256 361 1429 400 domitam
1450 363 1591 401 illorum
1625 362 1809 402 insaniam.
1830 363 1975 416 Quippe
2002 373 2081 416 post
2101 366 2206 402 vei-lm

1258 424 1330 470 illa,
1347 433 1380 461 et
1402 432 1473 462 tam
1496 424 1668 463 eximiam
1691 423 2014 474 mansuetudinem,
2033 439 2113 463 cuin
2128 440 2207 464 ver·

1256 484 1311 522 bis
1327 485 1400 523 suis
1417 486 1518 536 quasi
1545 486 1708 524 manilius
1737 486 1974 539 prostituisset
1997 486 2102 537 filias,
2121 488 2208 538 quid

1254 544 1378 583 dieunt
1417 547 1463 585 ad
1494 550 1600 586 cnm?
1622 549 1659 586 9.
1693 549 1839 587 Recede
1865 549 1972 587 illuc.
1997 549 2029 587 Ο
2064 562 2207 600 gravem

1255 606 1480 646 ebrietatem!
1501 624 1520 647 o
1550 609 1727 660 ingentem
1757 608 2014 662 insipientiam!
2036 611 2076 649 In
2114 611 2209 649 hunc

1255 667 1403 707 niodum
1421 683 1458 706 se
1475 669 1582 708 habet
1598 671 1741 709 cfl'crata
1760 681 1792 710 ct
1806 672 1898 710 mala
1915 671 2026 710 bestia
2041 674 2207 726 concupi-

1255 730 1398 768 scentia:
1413 731 1556 781 quando
1576 732 1746 770 rationein
1769 734 1904 783 vicerit,
1925 735 2017 773 nihil
2039 735 2208 775 decorum

1255 799 1288 828 et
1309 790 1498 829 honestum
1523 792 1645 830 videre
1677 793 1773 843 sinit,
1792 794 1854 832 sed
1872 796 1972 846 quasi
1995 797 2029 834 in
2056 797 2210 837 tenebris

1254 859 1288 888 et
1314 864 1432 903 pugna
1466 861 1637 891 nocturna
1662 854 1780 892 omnia
1814 855 1909 893 facit.
1935 859 2086 897 Recede
2108 859 2206 902 illic,

1253 911 1378 951 dieunt
1406 930 1413 950 :
1443 917 1587 953 venisti
1611 923 1652 953 ιιι
1682 929 1781 954 esses
1814 917 1992 966 advena,
2021 922 2211 971 numquid

1208 988 1231 1020 c
1253 977 1371 1013 etiam
1409 984 1450 1014 ut
1478 977 1672 1028 judicium
1698 979 1876 1030 judices?
1899 981 2004 1032 Ergo
2038 995 2141 1020 nunc
2176 991 2210 1019 te

1255 1036 1474 1091 affligemus
1491 1039 1627 1089 magt's,
1649 1052 1766 1090 quam
1794 1040 1897 1078 illos.
1917 1041 2012 1080 Vide
2032 1044 2209 1093 quomodo

1251 1097 1370 1148 justus
1401 1107 1582 1136 mansuete
1610 1113 1692 1138 cum
1721 1100 1772 1139 eis
1798 1100 1983 1152 loquitur,
2011 1103 2065 1140 illi
2092 1113 2209 1142 autem

1255 1167 1386 1208 quanta
1409 1159 1589 1198 ferocitate
1606 1160 1829 1213 respondent.
1849 1162 1957 1201 Enim
1977 1178 2061 1203 vero
2076 1166 2175 1216 quasi
2192 1181 2209 1202 ιι

1254 1218 1399 1257 diabolo
1432 1220 1616 1272 exagitati,
1637 1231 1670 1260 et
1690 1235 1730 1260 eo
1751 1222 1922 1262 ducatum
1950 1225 2142 1277 praebente,
2166 1227 2210 1264 ita

1254 1289 1376 1319 contra
1394 1281 1534 1333 justum
1558 1281 1760 1336 insurgunt,
1781 1293 1814 1323 et
1837 1284 1961 1324 dieunt
1981 1302 1988 1323 :
2007 1288 2155 1326 Venisti
2173 1297 2212 1326 ut

1255 1343 1409 1380 advena
1435 1357 1557 1392 esses,
1585 1346 1775 1398 numquid
1803 1349 1919 1385 etiam
1953 1357 1995 1387 ut
2021 1350 2212 1401 judicium

1250 1404 1428 1454 judices?
1455 1403 1658 1456 Advenam,
1682 1415 1735 1457 te,
1760 1407 1941 1459 inquiunt,
1961 1411 2179 1463 suscepimus
2204 1428 2210 1448 ε

1254 1479 1341 1504 num
1360 1475 1393 1504 et
1408 1466 1523 1518 judex
1542 1476 1661 1506 noster
1678 1482 1714 1507 es
1733 1469 1870 1508 factus?
1883 1472 1916 1509 Ο
1935 1480 2131 1511 extremam
2147 1474 2212 1512 im-

1254 1525 1485 1579 probitateml
1523 1529 1721 1581 Oportebat
1758 1531 1962 1571 erubescere
1978 1564 1990 1584 ,
2029 1535 2214 1586 oportebat

1255 1589 1406 1628 revereri
1440 1590 1630 1629 consilium
1655 1592 1746 1644 justi
1777 1608 1784 1629 :
1811 1607 1937 1632 verum
1972 1594 2062 1633 sicut
2098 1596 2211 1635 insani

1255 1651 1361 1689 etiam
1393 1651 1573 1689 medicum
1606 1652 1776 1705 impetere
1796 1664 1980 1706 conantur,
2000 1656 2048 1694 ita
2075 1667 2109 1695 et
2137 1658 2211 1696 illi:

1263 1713 1332 1759 Te,
1351 1711 1470 1758 aiunt,
1492 1715 1614 1765 magis
1645 1713 1883 1768 affligemus,
1903 1731 2021 1768 quam
2050 1719 2153 1757 illos.
2173 1720 2210 1758 Si

1257 1786 1326 1811 non
1341 1773 1410 1821 vis,
1429 1772 1542 1822 aiunt,
1564 1773 1666 1812 silere
1692 1784 1725 1812 et
1746 1775 1938 1827 quiescere,
1958 1777 2072 1817 disces
2093 1788 2126 1817 te
2142 1794 2211 1832 pa·-

1256 1833 1406 1872 troeinio
1426 1843 1486 1872 tuo
1502 1834 1593 1872 nihil
1614 1834 1715 1873 aliud
1731 1836 1955 1886 effecturum,
1974 1849 2210 1892 praeterquam

1257 1894 1355 1946 quod
1372 1895 1425 1932 illi
1441 1894 1587 1946 quidem
1606 1896 1806 1948 periculum
1825 1899 2009 1950 effugient,
2025 1911 2062 1939 tu
2092 1912 2210 1941 autem

1257 1956 1292 1994 in
1318 1956 1436 2009 ipsum
1464 1956 1611 1995 incides.
1639 1959 1855 1997 Faciebant
1884 1969 2014 1999 autem
2036 1965 2117 2001 vim
2142 1966 2212 2002 Lot

1256 2019 1387 2056 valde.
1404 2018 1499 2058 Vide
1513 2019 1652 2071 justum
1667 2019 1771 2058 illum
1784 2031 1954 2072 quantam
1969 2023 2211 2064 fortitudinem

1255 2079 1427 2129 declarat,
1444 2090 1477 2119 et
1505 2090 1612 2120 tantae
1639 2082 1864 2121 multitudini
1893 2097 2070 2136 opponere
2083 2100 2119 2124 se
2137 2096 2212 2126 ten-

1256 2150 1318 2179 tat.
1331 2143 1385 2180 Et
1403 2145 1670 2195 appropinqua
1678 2153 1825 2192 verunt,
1842 2145 1970 2196 inquit,
1984 2155 2026 2184 ut
2046 2156 2213 2186 contere-

1257 2212 1343 2241 rent
1354 2200 1537 2255 januam.
1555 2205 1649 2243 Nam
1670 2208 1840 2256 quoniam
1862 2221 2077 2259 egressurus,
2097 2219 2130 2247 et
2149 2210 2212 2250 lio-

1255 2279 1338 2303 rum
1357 2265 1534 2303 insaniam
1553 2266 1891 2319 praevidenselausit
1907 2279 1986 2321 post
2001 2284 2038 2308 se
2051 2271 2210 2323 januam,

1256 2340 1325 2365 non
1347 2327 1496 2366 ferentes
1519 2328 1623 2380 impii
1648 2337 1682 2367 et
1700 2329 1837 2368 scelesti
1859 2330 1914 2369 illi
1933 2330 2211 2372 admonitionem

1209 2410 1233 2440 13
1251 2389 1354 2441 justi,
1375 2388 1494 2442 ipsum
1512 2389 1550 2430 vi
1576 2390 1798 2442 premebant,
1818 2400 1852 2429 et
1866 2393 2015 2445 januam
2037 2404 2215 2433 conterere

1256 2451 1506 2489 moliebantur.
1520 2451 1591 2491 Sed
1602 2453 1686 2504 quia
1698 2452 1866 2505 operibus
1879 2455 1964 2493 satis
1973 2454 2210 2494 demonstrata

1254 2511 1368 2550 fuerat
1393 2512 1479 2564 justi
1509 2512 1639 2561 virtus,
1658 2523 1692 2552 et
1718 2514 1943 2567 hospitalitas
1961 2530 2044 2568 erga
2065 2531 2122 2555 eos
2149 2518 2211 2569 qui

1254 2573 1433 2625 peregrini
1462 2574 1702 2626 putabantur,
1733 2588 1795 2613 nee
1826 2589 1895 2614 non
1933 2585 1965 2614 et
1998 2577 2212 2629 conspiratio

1254 2634 1363 2673 totius
1386 2635 1512 2688 populi
1535 2635 1571 2673 in
1597 2635 1747 2681 malum,
1764 2644 1848 2673 tunc
1876 2645 1908 2674 et
1929 2637 1953 2674 ii
1973 2637 2034 2688 qui
2060 2638 2211 2677 advene-

1254 2705 1347 2744 rant,
1362 2695 1633 2734 manifestarunt
1656 2709 1701 2734 se.
1721 2695 1766 2734 Et
1795 2696 1878 2748 quia
1894 2697 2058 2736 viderant
2073 2699 2210 2751 justum

1254 2772 1358 2796 omne
1379 2757 1540 2796 officium
1557 2771 1661 2796 suum
1683 2758 1860 2810 implesse,
1878 2773 1979 2798 suam
1994 2759 2212 2799 declarantes

1255 2819 1464 2872 potentiam,
1485 2818 1666 2871 suppetias
1690 2819 1807 2858 ferunt
1823 2820 1934 2872 justo,
1951 2821 2007 2859 cui
2037 2821 2091 2860 vis
2107 2822 2211 2860 fiebat

1255 2881 1300 2919 ab
1319 2880 1464 2918 illorum
1480 2879 1627 2918 insania.
1648 2882 1708 2918 10.
1724 2884 1875 2933 Itaque,
1888 2881 2018 2933 inquit,
2032 2884 2113 2921 viri
2132 2898 2211 2921 ma-

1257 2945 1369 2982 nibus
1392 2944 1557 2980 ementis
1585 2950 1831 2981 (iuraverunt
1851 2943 1922 2981 Lot
1948 2944 2002 2981 ad
2020 2940 2060 2981 sc}
2081 2948 2121 2981 in
2144 2946 2210 2982 ‹Io-

1196 2991 1245 3016 [143

1208 3029 1233 3057 A
1258 3019 1375 3055 mum,
1390 3013 1426 3042 et
1436 3006 1601 3056 januam
1616 3004 1752 3042 domus
1772 3004 2013 3052 clauserunt;
2030 3008 2043 3044 1
2060 3009 2212 3044 Lviros

1256 3076 1385 3106 autem
1408 3068 1475 3118 qui
1499 3074 1611 3103 erant
1633 3065 1738 3116 apud
1751 3067 1918 3118 januam
1942 3077 2212 3119 percusserunt

1255 3131 1465 3168 coecitatea
1481 3141 1603 3179 parvo
1624 3140 1744 3179 usque
1758 3128 1812 3165 ad
1827 3142 2022 3181 magnum,
2037 3137 2073 3167 et
2093 3129 2212 3167 disso-

1255 3193 1329 3230 luti
1346 3199 1435 3229 sunt
1457 3198 1669 3241 qnaerentes
1695 3191 1877 3242 januam.
1897 3190 2009 3230 Vides
2026 3205 2095 3242 quo
2111 3200 2213 3243 pacto

1250 3254 1370 3303 justus
1387 3251 1447 3288 illc
1461 3250 1580 3288 statim
1591 3250 1846 3303 hospitalitatis
1856 3252 1986 3304 accipit
2001 3251 2210 3289 mercedem.

1256 3323 1283 3348 c?
1310 3312 1408 3365 impii
1427 3311 1479 3349 illi
1495 3311 1600 3361 digua
1619 3311 1821 3364 plectuntur
1841 3314 1967 3365 poena?
1984 3312 2076 3350 Dicit
2093 3311 2185 3349 enini
2205 3327 2209 3345 :
