2566 3791
762 206 802 236 ΙΝ
841 203 940 236 cm).
980 204 1042 236 1v.
1081 203 1245 235 Gumis.
1285 202 1443 234 nomn..
1485 202 1562 232 XX.
2112 205 2199 253 209

154 294 214 334 καὶ
226 294 265 333 τὸ
285 290 457 342 ἐπιτίμιον
471 289 609 335 ἐδέξατο
625 292 643 328 ὁ
661 288 794 363 Ἀδὰμ,
811 289 898 327 “On
913 291 957 340 γῆ
978 283 1026 336 εἶ,
1047 288 1107 327 καὶ
1128 288 1175 331 εἰς
1247 285 1347 326 derat
1370 286 1472 323 humi
1501 285 1679 337 jacentem
1692 313 1702 332 ‚
1722 293 1904 322 mortuum
1922 315 1930 332 ,
1959 294 1991 322 ct
2011 299 2112 324 sensu
2141 302 2199 324 va-

153 358 217 405 γῆν
246 351 441 403 ἀπελεύσῃ·
470 351 548 397 καὶ,
570 349 630 388 liv
657 354 679 402 ᾑ
710 350 750 387 ἂν
780 349 899 403 τμέρα
928 350 1082 402 φάγητε,
1107 352 1174 387 θα·
1248 357 1394 386 rentem.
1410 349 1502 386 Nam
1522 345 1604 384 licet
1629 345 1839 383 sententiam
1861 347 2051 398 accepisset
2071 348 2198 394 Adam,

152 415 245 468 νοίτῳ
275 415 520 452 ἀποθανεῖσθε·
544 412 622 450 ἀλλ
641 410 735 462 ὅμως
765 414 799 450 ἓν
830 411 981 463 ῥήμασιν
1008 415 1050 458 ἠν
1090 410 1175 454 τέως
1254 410 1372 447 Terra
1388 422 1442 456 es,
1464 417 1501 446 et
1518 410 1562 446 in
1590 416 1735 446 terram
1763 408 1888 445 abibis
1906 423 1916 443 .·
1936 415 1984 455 et,
2008 409 2201 459 Quocum·
2219 426 2292 452 Cen.
2309 428 2396 459 sim..

151 475 195 514 τὰ
226 478 289 522 τῆς
319 473 551 526 ἀποφάσεως,
566 473 627 511 καὶ
650 471 786 511 οὐδέπω
808 472 964 524 ᾔδεισαν,
983 471 1018 510 τί
1050 467 1092 519 ἧν
1114 476 1174 511 τοῦ
1249 484 1323 522 que
1352 471 1416 508 die
1441 469 1698 518 comederitis,
1719 477 1842 507 morte
1860 471 2101 508 moriemini:
2122 486 2201 509 sen-
2214 473 2242 494 ⁰¹
2259 477 2287 495 ²·
2313 477 2356 507 ¹7-

150 536 297 575 θανᾶτου
317 534 356 572 τὸ
376 529 483 578 εἶδος·
506 535 583 573 ἀλλ’
603 537 700 578 οὗτος
720 533 875 586 προλαέ
860 551 907 572 ων
937 534 995 574 διὰ
1016 534 1055 572 τὸ
1075 539 1174 584 μῖσος
1249 531 1394 570 tentiam
1414 541 1530 569 tamen
1548 531 1585 569 in
1604 529 1723 570 verbis
1743 529 1914 569 hactenus
1927 532 2199 583 cognoscebant,

150 598 191 636 τὸ
205 597 286 650 περὶ
305 597 362 636 τὸν
384 596 544 649 ἀδελφὸν,
562 595 621 634 καὶ
635 596 692 635 τὸν
707 594 828 648 φθόνον
847 595 904 634 τὸν
919 595 1053 634 ἔνδοθεν
1071 594 1174 633 αὐτὸν
1247 601 1281 631 et
1298 593 1458 636 nondum
1486 600 1659 632 noverant
1689 591 1806 644 qualis
1827 601 1917 631 essct
1936 593 2062 632 mortis
2080 594 2170 633 ratio
2191 612 2199 631 :

151 658 324 706 τήκοντα,
348 657 406 697 ἐπὶ
426 657 564 710 σφαγὴν
592 657 738 709 ὥρμησε
756 660 816 695 τοῦ
838 656 959 704 Ἀδελ,
981 656 1040 694 καὶ
1066 656 1174 694 δεινὸν
1247 653 1311 692 scd
1330 654 1390 692 hic
1407 654 1545 706 primus
1564 654 1611 692 ob
1632 653 1756 692 odium
1772 654 1806 692 in
1827 655 1984 705 fratrem,
1998 664 2033 694 ct
2051 656 2199 695 livorem

152 719 268 770 θέαμα
287 718 445 771 παρέσχε
470 724 542 761 τοῖς
571 723 725 770 γονεῦσιν
757 718 850 755 ἰδεῖν.
867 716 936 755 Διοί
953 732 1007 755 τοι
1023 720 1124 754 τοῦτο
1152 719 1173 762 ἠ
1249 714 1311 764 qui
1332 714 1543 752 intrinsecus
1572 714 1678 753 illum
1707 714 1866 765 rodebat,
1893 716 1928 753 in
1962 717 2199 756 fratricidium

153 781 270 834 μήτηρ
300 780 424 831 μικρὸν
449 778 762 826 ἀκανεύσασα,καὶ
790 777 889 828 μόλις
919 777 982 829 ὀψέ
1011 792 1096 815 ποτε
1115 781 1175 816 τοῦ
1247 774 1336 824 ruit,
1369 788 1478 825 grave
1507 775 1716 827 parentibus
1743 778 1983 828 spectaculum
2016 779 2199 817 exhibens.

151 842 326 895 ἀφορήτου
350 841 494 884 πένθους
523 839 654 878 ἐκείνου
683 839 908 892 παραμυθίαν
936 841 1045 892 εὑρεῖν
1067 839 1174 886 δυνη-
1248 835 1405 874 Proinde
1422 844 1549 884 mater,
1577 849 1655 887 quae
1684 836 1876 888 paululum
1895 847 2001 890 caput
2029 840 2202 890 erexit‚ct

150 907 248 942 θεῖσα
266 902 324 941 διὰ
342 907 402 941 τοῦ
420 901 601 953 τεχθέντος
618 900 741 944 παιδὸς
754 928 763 946 ,
779 900 839 939 καὶ
866 899 930 947 τὴν
950 900 1173 953 εὐχαριστίαν
1247 897 1314 936 vix
1328 896 1472 936 tandem
1484 895 1678 948 aliquando
1694 896 1782 935 tanti
1793 897 1913 936 luctus
1930 900 2202 940 consolationem

151 963 312 1016 ἀναφέρει
334 965 384 1015 τῷ
401 961 562 1014 Δεσπότῃ
576 992 585 1009 ,
602 961 662 999 καὶ
688 964 748 1000 τοῦ
768 961 1019 1012 ἀδελφοκτόνου
1050 963 1175 1008 στηλι-
1201 961 1226 991 D
1248 958 1398 1008 invenit,
1416 958 1551 1010 gratias
1567 958 1642 1011 agit
1660 958 1819 997 Domino
1829 959 1877 997 ob
1890 969 2015 998 natum
2039 976 2202 1014 puerum,

150 1024 242 1064 τεύει
260 1024 322 1072 τὴν
352 1023 490 1076 πρᾶξιν,
511 1022 640 1069 ταύτην
669 1025 762 1076 αὐτῷ
793 1022 852 1061 καὶ
884 1022 970 1070 αὐτὴ
1005 1022 1174 1075 μεγίστην
1249 1028 1284 1058 ct
1312 1017 1504 1057 fratricidae
1520 1018 1635 1056 Scelus
1655 1017 1815 1066 infamat,
1833 1017 1902 1056 hac
1919 1019 2079 1058 maxima
2100 1021 2204 1060 illum

150 1086 322 1139 τιμωρίαν
343 1086 541 1136 ἐπάγουσα,
560 1085 600 1123 τὸ
619 1085 760 1131 διηνεκῆ
780 1083 844 1131 τὴν
874 1084 1015 1135 μνήμην
1045 1086 1174 1123 ἐναπο-
1249 1095 1351 1135 poena
1366 1080 1538 1130 afficiens,
1563 1089 1602 1118 ut
1618 1079 1755 1119 factum
1783 1079 1883 1118 illius
1908 1091 2085 1133 perpetuae
2104 1097 2203 1121 com-

149 1148 271 1186 θέσθαι
288 1152 302 1168 ⁰
315 1149 365 1199 τῷ
384 1147 469 1198 παρ’
491 1147 596 1184 αὐτοῦ
617 1145 852 1198 γεγενημένῳ.
872 1146 994 1184 Εἴδετε
1009 1145 1088 1184 ὅσον
1113 1161 1176 1183 κα-
1250 1141 1477 1181 mcndaretur
1495 1141 1689 1180 memoriae.
1712 1139 1866 1179 Vidistis
1876 1152 2050 1192 quantum
2070 1144 2207 1183 malum
2255 1157 2408 1185 Pom-amn.

151 1208 210 1246 κόν
239 1210 331 1246 ἐστιν
363 1205 540 1259 ἇμαρτία;
571 1210 645 1251 πῶς
679 1209 725 1250 εἰς
754 1206 921 1259 αἰσχύνην
955 1206 1014 1244 καὶ
1049 1206 1177 1250 ὄνειδος
1249 1204 1296 1242 sit
1313 1202 1527 1257 peccatum?
1542 1212 1577 1241 et
1591 1201 1772 1254 quomodo
1797 1203 2063 1256 peccantibus*
2052 1207 2412 1269 ¹gn⁰mi'1‚m.„.''¹2{'.i

152 1267 338 1322 προτίθησι
363 1268 440 1312 τοὺς
460 1268 591 1315 ταύτην
609 1267 879 1321 εἶργασμένους;
904 1267 1011 1307 εἴδετε
1024 1271 1098 1312 πῶς
1113 1271 1176 1315 τῆς
1249 1264 1346 1302 niam
1366 1273 1400 1303 et
1423 1263 1659 1316 opplohrium
1692 1263 1837 1302 inurat?
1855 1263 1999 1304 Vldistis
2027 1267 2206 1317 quomodo
2221 1284 2270 1311 rit.

154 1332 285 1368 ἄνωθεν
304 1330 446 1382 χάριτος
464 1329 521 1368 διὰ
536 1330 666 1378 ταύτην
680 1330 809 1382 γυμνὸς
826 1330 967 1381 γέγονε,
985 1330 1045 1368 καὶ
1065 1330 1177 1368 ἅπασι
1250 1334 1395 1379 plopter
1411 1324 1480 1363 hoc
1496 1324 1621 1363 divina
1647 1325 1762 1378 gratia
1777 1325 1963 1378 spoliatus,
1984 1336 2018 1365 et
2041 1329 2208 1368 omnibus

150 1391 376 1446 προκείμενος
402 1391 478 1435 det<
505 1393 758 1443 καταγέλωτας
781 1391 889 1430 εἴδετε
918 1395 994 1436 πῶς
1018 1391 1078 1430 καὶ
1107 1397 1179 1434 τοῖς
1249 1387 1285 1425 in
1299 1385 1499 1425 ludibrimn
1520 1386 1635 1425 factus
1649 1386 1725 1425 sit?
1742 1386 1884 1425 vidistis
1895 1388 2076 1438 quomodo
2099 1399 2133 1428 et
2144 1405 2209 1444 pa·

150 1456 289 1505 ,γονεῦσι
307 1459 378 1496 τοῖς
412 1454 479 1492 ὑπὸ
508 1456 571 1500 τῆς
599 1452 736 1506 φύσεως
766 1454 874 1500 αὐτῆς
902 1452 1111 1504 ὠθουμένοις
1131 1454 1179 1496 εἷς
1249 1448 1410 1487 rentibus
1442 1457 1569 1486 natura
1606 1446 1653 1486 ad
1682 1449 1856 1488 amandos
1880 1449 1975 1488 filios
2004 1453 2205 1504 propensis,

150 1514 394 1566 φιλοστοργίαν
417 1514 602 1565 βδελυκτὸς
620 1514 773 1560 κατέστη
800 1513 858 1552 διὰ
879 1513 943 1561 τὴν
971 1514 1084 1562 κακὴν
1102 1517 1177 1554 ἐπι·
1249 1518 1396 1563 propter
1409 1509 1604 1562 pessimum
1621 1509 1690 1549 hoc
1706 1510 1846 1549 facinus
1862 1511 2116 1551 abominabilis
2132 1514 2207 1553 fue-

149 1574 313 1629 χεῖρησιν
329 1591 340 1623 ;
358 1575 556 1627 (ιὶεύγωμεν
575 1575 706 1624 τοίνυν,
726 1577 923 1628 παρακαλῶ
935 1607 945 1625 ,
973 1575 1034 1623 τὴν
1055 1577 1175 1630 ἆμαρ.-
1250 1571 1323 1609 l'll?
1350 1570 1467 1623 Igitur
1496 1571 1680 1623 fugiamus
1693 1601 1703 1620 9
1719 1572 1881 1624 Obsecro,
1900 1583 2087 1626 peccatum
2111 1576 2206 1626 qUOd

148 1637 228 1675 τίαν
248 1636 313 1684 τὴν
330 1636 507 1680 τοσούτοις
525 1641 620 1689 ἡμᾶς
639 1637 919 1690 περιέάλλουσαν
947 1644 1089 1687 κακοῖς,
1118 1639 1177 1677 καὶ
1251 1633 1359 1672 tantis
1377 1647 1440 1672 nos
1466 1633 1571 1672 malis
1602 1634 1781 1685 involvit,
1802 1644 1837 1673 et
1855 1635 2028 1675 virtutem
2056 1637 2207 1691 arripia-

149 1697 214 1744 τὴν
235 1697 361 1750 ἀρετὴν
387 1697 569 1750 ἑλώμεθα,
587 1698 643 1737 ἵνα
669 1699 730 1737 ,καὶ
761 1699 827 1746 τὴν
858 1699 1011 1738 ῡᾶνωοεν
1043 1698 1177 1738 εὔνοιαν
1249 1709 1345 1743 mus,
1375 1704 1416 1733 ut
1443 1703 1478 1733 et
1491 1709 1682 1747 supernam
1701 1696 1804 1735 nobis
1817 1696 2102 1736 benevolentiam
2117 1713 2203 1738 con-

151 1758 453 1810 ἐπισπασώμεθα,
469 1760 528 1797 καὶ
545 1759 609 1807 τὴν
629 1760 772 1798 κόλασιν
791 1760 1032 1812 διαφύγωμεν.·
1042 1760 1112 1799 Καὶ
1127 1763 1178 1814 τῷ
1202 1761 1226 1791 Ε
1249 1755 1432 1805 CillCfflHS,
1464 1764 1499 1794 et
1531 1756 1754 1808 supplicium
1789 1757 2020 1809 effugiamus.
2052 1761 2118 1799 96.
2151 1762 2206 1799 Et

149 1820 246 1867 Σὴθ,
269 1820 388 1872 φησὶν,
416 1820 551 1871 ἐγένετο
583 1820 671 1864 υἱός·
691 1821 897 1872 ἐπωνόμασε
931 1820 967 1859 δὲ
996 1821 1036 1859 τὸ
1066 1821 1176 1872 ὄνομα
1248 1816 1353 1865 Seth,
1373 1816 1502 1867 inquit,
1523 1825 1638 1855 natus
1666 1826 1723 1856 est
1745 1818 1874 1870 filius;
1894 1820 2108 1871 appellavit
2128 1835 2203 1859 au-

148 1881 254 1920 αὐτοῦ
271 1880 381 1924 Ἐνώς
393 1896 401 1904 ·
422 1875 520 1924 οὗτος
552 1881 699 1927 ἤλπισεν
732 1882 974 1920 ἐπικαλεῖσθαι
1002 1881 1042 1919 τὸ
1065 1881 1174 1932 ὄνομα,
1248 1886 1322 1918 tem
1336 1891 1475 1915 nomen
1487 1878 1595 1916 illius
1608 1879 1718 1917 EnOS
1729 1894 1740 1914 .·
1755 1880 1819 1918 hic
1834 1884 2005 1931 speravit
2018 1884 2204 1921 invocare

148 1941 279 1994 Κυρίου
294 1946 354 1980 τοῦ
369 1943 474 1981 Θεοῦ.
490 1941 588 1994 (Ὀρα
605 1945 680 1986 πῶς
695 1941 787 1980 κατὰ
809 1941 932 1993 μικρὸν
948 1942 1070 1981 λοιπὸν
1091 1958 1174 1980 παι-
1248 1953 1388 1977 nomen
1407 1940 1572 1977 Domini
1591 1941 1680 1978 Dei.
1694 1939 1790 1980 Vide
1813 1940 1874 1979 hic
1885 1942 2067 1993 quomodo
2082 1953 2203 1995 postea

148 2002 305 2042 δεύονται
322 2009 398 2047 ταῖς
418 2003 672 2079 προσηγορίαις
692 2006 761 2042 τῶν
779 2003 994 2054 τικτομένων
1014 2003 1173 2042 ἐναποτί-
1245 2000 1421 2054 paulatim
1435 2001 1668 2040 instituantur
1685 2001 1862 2050 homines,
1877 2003 1968 2042 utin
1986 2004 2200 2056 appellatio-

144 2067 264 2102 θεσθαι
288 2066 351 2111 τῆς
369 2064 498 2109 οἰκείας
525 2065 789 2115 εὐγνωμοσύνης
815 2064 880 2112 τὴν
899 2063 1086 2108 ἀπόοειξιν.
1104 2064 1172 2103 Καὶ
1245 2062 1351 2100 nibus
1374 2062 1534 2101 filiorum
1553 2062 1645 2114 grati
1675 2063 1788 2101 animi
1812 2063 1989 2102 indicium
2015 2076 2199 2118 reponant.

144 2118 204 2161 οῧ-
192 2142 242 2169 ος
261 2125 349 2178 γὰρ,
371 2125 487 2178 φησὶν,
507 2129 526 2164 ὁ
545 2125 642 2173 Σὴθ,
664 2125 833 2177 γεννήσας
853 2125 938 2172 υἱὸν,
964 2125 1171 2175 ἐπωνόμασε
1244 2123 1313 2161 Hic
1333 2136 1487 2174 quoque,
1511 2123 1642 2174 inquit,
1663 2137 1790 2176 nempe
1810 2125 1911 2172 Seth,
1931 2125 1977 2163 ab
1995 2140 2032 2163 se
2044 2127 2203 2178 genitum

143 2187 183 2224 τὸ
199 2187 309 2237 ὄνομα
328 2187 432 2225 αὐτοῦ
447 2186 490 2225 Γ
492 2202 570 2230 νως
590 2179 682 2225 Εἶτα
702 2188 915 2238 ἑρμηνεῦσαι
942 2189 1028 2235 ἡμῖν
1051 2189 1171 2238 βουλο-
1243 2183 1361 2221 filium
1395 2183 1538 2223 vocavit
1563 2183 1672 2222 Enos.
1705 2184 1847 2224 Deinde
1874 2185 2060 2239 Scriptura
2082 2188 2204 2227 volens

143 2246 230 2296 αένη
250 2249 272 2293 ἡ
291 2246 367 2285 θεία
395 2246 519 2300 Ιραφὴ
540 2250 601 2285 τοῦ
630 2246 799 2298 ὀνόματος
827 2246 891 2294 τὴν
919 2247 1170 2301 προσηγορίαν,
1242 2245 1346 2284 nobis
1358 2245 1515 2284 nominis
1532 2246 1810 2299 appellationem
1822 2247 2198 2301 interpretari,inquit:

142 2307 247 2358 φησίν
259 2323 267 2331 ·
285 2301 398 2351 Οὗτος
415 2307 562 2354 ἤλπισεν
585 2309 827 2348 ἐπικαλεῖσθαι
848 2308 888 2347 τὸ
907 2308 1018 2360 ὄνομα
1038 2308 1168 2361 Κυρίου
1183 2333 1230 2358 ‚73
1244 2308 1322 2345 Hic
1336 2309 1507 2359 speravit
1521 2310 1704 2346 invocare
1715 2322 1856 2348 nomen
1872 2311 2035 2348 Domini
2051 2312 2199 2350 Dei.Ex

141 2371 200 2406 τοῦ
221 2370 326 2407 Θεοῦ.
347 2369 418 2408 Καὶ
444 2369 512 2423 γὰρ
532 2372 572 2408 ἐκ
593 2369 714 2408 τούτου
728 2370 850 2409 λοιπὸν
867 2369 930 2418 τὴν
954 2369 1068 2422 ἀρχὴν
1085 2369 1170 2421 μέλ-
1194 2371 1217 2401 Α
1242 2367 1310 2407 hoc
1327 2369 1424 2407 enim
1442 2369 1591 2422 posthac
1617 2369 1742 2409 beatus
1761 2370 1937 2424 propheta
1958 2373 2200 2425 genealogiam

139 2432 194 2468 λει
217 2434 392 2469 ποιεῖσθαι
408 2434 426 2470 ὁ
446 2431 619 2483 μακάριος
634 2431 817 2484 προφήτης
835 2435 898 2479 τῆς
924 2432 1169 2485 γενεαλογίας,
1240 2430 1450 2484 incepturus
1482 2441 1546 2481 est,
1566 2433 1694 2485 rejecta
1711 2433 1881 2471 memoria
1898 2434 2001 2484 Cain,
2021 2444 2054 2473 et
2076 2450 2199 2474 eorum

141 2495 204 2528 τοῦ
225 2492 314 2530 Κάϊν
341 2491 404 2539 τὴν
432 2492 573 2543 μνήμην
606 2494 904 2546 ἀποπεμψάμενος
920 2525 929 2543 ,
946 2495 1006 2533 καὶ
1037 2497 1106 2533 τῶν
1136 2495 1169 2540 ἐξ
1241 2492 1304 2543 qui
1321 2507 1432 2545 usque
1451 2493 1499 2532 ad
1515 2493 1671 2532 Lamech
1696 2494 1743 2532 ab
1759 2508 1800 2532 eo
1815 2494 2083 2535 descenderunt.
2105 2499 2196 2535 Nam

143 2555 247 2591 αὐτοῦ
277 2552 382 2605 μέχρι
409 2557 467 2592 τοῦ
496 2554 627 2607 Λάμεχ
646 2556 849 2607 γεγονότων,
869 2556 929 2595 καὶ
957 2556 1077 2604 ἐπειδὴ
1104 2556 1168 2604 τὴν
1241 2554 1324 2606 quia
1352 2555 1550 2607 primatum
1572 2563 1699 2592 natura
1725 2555 1794 2593 sihi
1813 2555 1950 2605 datum,
1973 2557 2197 2608 primogeni-

142 2613 212 2651 ἀπὸ
230 2614 293 2658 τῆς
325 2613 459 2665 φύσεως
484 2617 579 2668 αὐτῷ
595 2619 613 2670 ξ’
627 2616 812 2669 προεδρίαν
843 2620 1084 2669 χαρισθεῖσαν,
1105 2617 1168 2665 τὴν
1241 2624 1330 2654 turae
1350 2615 1577 2667 dignitatem,
1602 2615 1764 2667 inquam,
1788 2631 1860 2654 suae
1877 2617 2072 2656 voluntatis
2091 2618 2198 2668 mali·-

141 2675 208 2711 τῶν
238 2674 468 2726 πρωτοτόκων
493 2676 603 2729 λέγω,
635 2681 678 2728 τῇ
713 2677 821 2730 κακίᾳ
850 2681 914 2725 τῆς
934 2678 1169 2732 προαιρέσεως
1241 2677 1290 2715 tia
1308 2677 1572 2725 dehonestant,
1592 2685 1626 2714 et
1645 2677 1732 2730 ipse,
1745 2686 1778 2716 et
1795 2678 1856 2728 qui
1876 2692 1921 2716 ex
1941 2692 1981 2717 eo
2002 2680 2087 2728 nati,
2103 2690 2196 2718 cata-

140 2734 356 2786 ἐλυμήνατο,
377 2736 588 2777 ἐκὸάλλεται
620 2738 682 2789 μὲν
703 2740 825 2787 αὐτὸς,
850 2740 911 2779 καὶ
932 2742 964 2778 οἱ
985 2739 1022 2784 ἐξ
1039 2743 1144 2779 αὐτοῦ
1158 2770 1168 2787 ,
1241 2740 1322 2792 logo
1342 2739 1536 2793 ejiciuntur
1554 2754 1561 2775 :
1583 2738 1670 2777 Seth
1686 2753 1768 2777 vero
1790 2739 1883 2790 quod
1908 2739 1976 2778 sihi
1989 2750 2117 2779 natura
2137 2757 2197 2780 ne-

139 2799 199 2834 τοῦ
226 2795 439 2848 καταλόγου·
455 2801 473 2836 ὁ
488 2799 524 2837 δὲ
550 2798 624 2847 Σὴθ
643 2800 766 2839 λοιπὸν
785 2800 873 2854 ὅπερ
899 2802 962 2839 οὐκ
982 2795 1074 2853 εἶχεν
1099 2802 1169 2841 ἀπὸ
1240 2811 1363 2853 gatum
1394 2810 1482 2850 erat,
1505 2799 1542 2838 id
1575 2813 1621 2837 ex
1649 2799 1762 2851 probo
1782 2800 1866 2838 vitae
1886 2800 2050 2840 instituto
2069 2816 2195 2841 conse-

141 2858 202 2902 τῆς
221 2856 354 2909 φύσεως
367 2887 378 2905 ,
391 2858 512 2898 τούτου
528 2859 585 2899 διὰ
606 2860 670 2907 τὴν
682 2864 750 2909 τῆς
773 2861 1009 2916 προαιρέσεως
1038 2865 1167 2915 εὖγνω-
1240 2863 1374 2914 quitur,
1395 2875 1521 2913 nempe
1542 2860 1578 2898 in
1609 2874 1646 2898 se
1675 2860 1887 2899 translatum
1908 2862 2197 2914 primogeniturze

143 2917 292 2966 μοσύνην
315 2918 488 2968 ἀξιοῦται,
508 2921 567 2959 καὶ
598 2923 644 2966 εἷς
668 2927 789 2961 τοῦτον
821 2923 1028 2975 μεθίσταται
1047 2926 1167 2964 λοιπὸν
1237 2925 1320 2976 jus:
1343 2932 1374 2961 et
1399 2922 1565 2974 quamvis
1585 2935 1654 2959 non
1675 2929 1813 2970 natura,
1829 2931 1982 2961 attamen
1999 2923 2046 2961 ob
2068 2924 2197 2961 volun-

141 2978 184 3015 τὰ
201 2982 264 3026 τῆς
281 2981 543 3032 πρωτοτοκίας,
561 2984 666 3022 εἶκαὶ
693 2985 742 3036 μὴ
774 2985 832 3025 διὰ
854 2986 916 3033 τὴν
938 2986 1051 3038 φύσιν,
1076 2986 1169 3025 ἀλλὰ
1241 2986 1324 3024 tatis
1349 2984 1594 3032 intentionem,
1615 2982 1721 3021 etiam
1743 2982 1866 3033 quiex
1885 2998 1926 3022 eo
1945 2985 2017 3022 nati
2041 2994 2137 3035 stult,
2159 2986 2195 3024 in

141 3038 198 3077 διὰ
226 3039 290 3085 τὴν
320 3045 383 3088 τῆς
412 3043 647 3099 προαιρέσεως
675 3062 833 3098 γνωμην,
849 3061 911 3086 και
938 3049 969 3086 οἱ
991 3050 1029 3086 ἐκ
1048 3048 1168 3087 τούτου
1242 3045 1457 3099 genealogiis
1475 3053 1713 3083 imecensentur
1737 3043 1783 3081 Et
1799 3043 1891 3082 sicut
1906 3044 1966 3083 hic
1984 3045 2197 3084 Enosvoca-

140 3101 336 3152 τικτόμενοι
367 3105 429 3149 τῆς
461 3105 684 3157 γενεαλογίας
725 3108 914 3153 ἀξιοῦνται.
948 3110 1018 3146 Καὶ
1049 3108 1170 3162 ὥσπερ
1196 3110 1217 3139 Β
1243 3118 1300 3147 tus
1327 3117 1389 3154 (st,
1412 3121 1452 3144 eo
1469 3105 1568 3156 quod
1587 3104 1768 3144 invocavit
1787 3119 1914 3144 nomen
1935 3107 2081 3144 Domini
2099 3107 2163 3145 Dei
2186 3124 2193 3144 z

138 3165 236 3206 οὗτος
255 3162 296 3202 Ἐ
299 3179 365 3207 νως
393 3165 525 3212 ἐκλήθη
559 3165 620 3205 διὰ
653 3168 693 3207 τὸ
714 3171 958 3208 ἐπικαλεῖσθαι
989 3170 1028 3208 τὸ
1059 3170 1168 3221 ὄνομα
1243 3169 1293 3208 sic
1309 3178 1342 3206 et
1359 3168 1418 3219 qui
1437 3181 1480 3205 cx
1499 3180 1539 3205 eo
1559 3164 1727 3218 deinceps
1740 3165 1879 3206 ducunt
1893 3166 2082 3217 originem,
2101 3182 2198 3207 eam-

183 3277 196 3291 ο
220 3268 332 3301 Mon-cl.
352 3279 393 3313 τῷ
409 3275 482 3317 παρ
501 3276 592 3307 αυτοῦ
617 3281 812 3318 ye-sevzfre'vqn.
832 3275 895 3308 5⁰⁸
923 3275 999 3310 MSS·
1020 3282 1054 3311 τὸ
1079 3280 1152 3323 “⁵⁴59
1231 3287 1242 3300 Γ
1270 3273 1328 3306 ΑΜ
1347 3279 1400 3311 τῲ
1426 3277 1526 3306 ,ἕωθεν
1541 3277 1630 3318 χάριν
1645 3277 1745 3307 ἐπίῃ.

139 3324 230 3353 αὐτοῦ
246 3328 447 3363 γεγενημένον.
461 3323 561 3356 Savil.
578 3334 636 3358 τῶν
653 3331 726 3371 παρ’
746 3333 835 3361 αὐτοῦ
853 3335 1062 3371 γεγενημέιων·
1233 3338 1244 3351 ”“
1273 3325 1330 3358 XM
1352 3328 1509 3370 '’¹⁵⁹³'3l‘iw
1526 3329 1743 3370 ’ἔρρωσε-αἰψ’

185 3372 200 3395 d
228 3372 306 3412 ch.
327 3385 408 3404 unns
428 3380 464 3412 εἰς
483 3380 611 3418 pisum.

358 3440 453 3464 ’roan
488 3442 543 3466 iv.
1944 3446 1954 3468 ι
1971 3434 1985 3467 3
