2516 3791
325 129 415 173 832
736 144 773 174 s.

324 239 394 262 suae
408 225 586 278 sapientiae
594 227 650 265 vel
666 226 950 278 magnanimitati
963 225 1089 264 tribuit
1102 233 1175 262 tam
1186 222 1271 260 insi-

324 299 428 336 gnem
442 287 678 336 tolerantiam,
687 287 748 326 sed
759 287 858 338 quasi
870 286 1032 324 debitum
1045 283 1267 334 exsolvisset,

323 347 483 399 nihilque
492 358 618 400 praeter
629 363 770 400 aequum
777 347 974 394 accidisset,
982 346 1031 383 ita
1046 354 1186 383 strenue
1192 359 1270 382 mu-

321 408 399 446 lieri
413 423 451 446 os
466 409 638 447 occlusit?
656 409 752 446 ldem
774 409 906 446 factum
920 406 1019 444 estin
1031 406 1098 444 hac
1109 405 1267 443 muliere.

321 470 411 507 Nam
423 469 529 507 simul
539 479 578 507 ut
584 478 720 507 satanas
731 467 911 520 perspexit
921 481 999 505 eam
1008 480 1137 519 magno
1148 466 1268 504 animo

320 530 408 568 ferre
416 530 648 576 sterilitatem,
663 529 811 566 immisit
825 528 1017 566 sacerdotis
1030 542 1192 581 puerum,
1206 527 1268 578 qui

320 591 432 641 magis
449 591 548 628 illam
560 589 799 627 exacerbaret.
818 591 864 627 At
880 588 973 627 nihil
991 588 1122 627 horum
1137 588 1269 629 accidit

319 651 458 689 mulieri
480 667 487 687 ε
509 650 571 688 sed
583 649 681 688 domi
700 659 823 703 parata
841 649 885 688 ad
900 649 1106 702 perferenda
1121 649 1268 687 maledi-

317 721 384 760 cta,
395 711 601 762 aemulaeque
619 711 789 750 conviciis
800 710 1188 763 exercitata,intrepide
1203 709 1265 748 ad-

316 786 438 810 versus
456 772 629 826 ejusmodi
645 772 800 810 assultus
812 772 974 810 ferendos
993 785 1031 810 se
1047 771 1263 823 accingebat.

315 835 540 887 Quapropter
561 834 597 872 in
623 833 756 886 templo
776 833 928 872 multam
947 832 1112 885 praestitit
1133 832 1265 870 huma-

314 896 473 945 nitatem,
487 895 641 935 viriliter
653 904 686 934 et
699 909 828 947 magno
841 895 961 933 animo
975 903 1168 932 scommata
1184 909 1264 946 pcr-

312 957 439 1008 serens,
447 956 536 994 dum
549 965 697 995 vocatur
706 957 897 994 temulenta
911 968 952 993 ac
961 954 1153 992 vinolenta.
1163 954 1265 993 Nihil

313 1027 430 1056 autem
447 1027 543 1056 vetat
561 1027 594 1056 et
608 1018 684 1070 ipsa
703 1017 864 1055 mulieris
883 1015 1008 1054 audire
1028 1016 1148 1054 verba.
1173 1016 1264 1053 Cum

116 1101 141 1119 ι.
171 1092 246 1127 lag,
272 1100 294 1121 ι,
313 1078 405 1116 enim
414 1093 503 1131 puer
514 1078 678 1128 dixisset,
692 1079 834 1130 Digere
848 1079 984 1114 vinum
1001 1085 1108 1114 tuum
1128 1078 1197 1115 abs
1211 1085 1259 1123 te,

116 1132 160 1171 ¹4·
186 1133 229 1163 ¹5·
313 1148 347 1177 et
356 1141 731 1190 recedeaconspectu
739 1137 1168 1189 Domini:responditA
1170 1151 1263 1186 nna,

311 1210 348 1239 et
357 1202 559 1253 dixiMVeq
565 1214 750 1252 unquam,
756 1201 921 1237 domine.
931 1201 963 1247 Q
970 1199 1004 1236 ui
1013 1198 1263 1237 contumeliose

310 1263 479 1313 loquutus
508 1262 641 1310 fuerat,
668 1275 749 1299 eum
771 1260 927 1313 appellat
950 1259 1148 1299 dominum.
1182 1261 1263 1298 Non

309 1324 402 1362 dixit
416 1323 512 1376 quod
531 1323 689 1376 plerique
703 1322 816 1361 solent
830 1322 1006 1372 homines,
1016 1322 1134 1359 Istane
1142 1335 1261 1360 sacer-

309 1386 398 1425 dos?
417 1385 482 1424 ista
494 1385 555 1437 qui
569 1385 656 1423 alios
670 1384 785 1431 docet,
799 1383 1043 1422 temulentiam
1054 1397 1095 1421 ac
1103 1383 1263 1423 vinolen-

308 1447 394 1485 tiam
402 1447 492 1485 mihi
500 1447 711 1499 exprobrat?
720 1445 878 1484 sedillud
891 1443 1264 1498 spectabat,quomodo

308 1509 545 1562 suspicionem
563 1507 768 1560 depelleret,
783 1507 866 1545 licet
881 1506 1021 1544 falsam.

133 1588 294 1626 Quomodo
361 1572 397 1610 5.
411 1570 483 1608 Nos
494 1577 630 1619 contra,
653 1568 683 1606 si
707 1567 848 1619 quando
872 1567 1040 1607 conviciis
1048 1568 1263 1621 appetimur,

107 1629 231 1657 serendae
309 1646 389 1671 cum
401 1640 577 1686 oporteret
587 1643 758 1670 excusare
767 1639 800 1669 et
816 1629 851 1668 in
865 1629 1017 1682 gratiam
1030 1629 1156 1679 redire,
1164 1631 1261 1669 exci-

106 1678 252 1739 fpffume-
307 1704 423 1732 tamus
433 1693 650 1742 incendium,
661 1707 701 1731 ae
715 1693 871 1730 ferarum
884 1692 921 1730 in
935 1705 1070 1729 morem
1081 1691 1260 1731 insilimus

307 1756 343 1794 in
362 1755 631 1805 conviciatores,
655 1754 898 1807 praefocantes,
918 1753 1111 1802 trahentes,
1125 1768 1188 1806 pro
1203 1753 1257 1791 di-

307 1816 372 1855 ctis
384 1830 524 1869 poenam
538 1825 771 1868 reposcentes,
782 1823 885 1866 atque
902 1815 960 1853 his
979 1813 1066 1867 ipsis
1078 1814 1180 1853 factis
1199 1829 1258 1853 su-

306 1878 495 1930 spicionem
507 1877 552 1915 de
566 1877 668 1915 nobis
678 1877 1035 1915 confirmamus.Nam
1047 1875 1076 1913 si
1089 1876 1189 1929 cupis
1199 1891 1259 1916 ex-

307 1939 560 1991 probrantibus
584 1938 766 1977 ostendere
779 1947 814 1976 te
834 1952 904 1976 non
924 1951 996 1976 esse
1010 1937 1254 1990 temulentum,

308 2001 451 2039 ostende
461 2015 524 2054 per
534 1999 854 2049 mansuetudinem,
863 1999 1006 2038 ostende
1016 2013 1078 2052 per
1090 1999 1257 2038 humani-

308 2071 426 2110 tatem,
434 2076 502 2100 non
509 2076 573 2114 per
580 2060 809 2099 contumelias
817 2069 850 2098 et
862 2059 1037 2099 convicia.
1047 2061 1138 2098 Nam
1146 2060 1174 2098 si
1183 2074 1261 2112 per-

307 2123 456 2161 cusseris
471 2137 551 2160 eum
564 2122 626 2174 qui
638 2131 672 2160 te
685 2121 798 2159 afficit
811 2120 996 2170 conviciis,
1014 2120 1257 2159 temulentiam

307 2193 404 2221 tuam
416 2182 685 2222 condemnaturi
697 2191 778 2220 sunt
787 2196 924 2231 omnes;
933 2181 987 2219 sin
998 2194 1127 2232 magno
1137 2190 1257 2233 pertu-

307 2245 370 2283 leri
375 2259 390 2284 s
407 2245 540 2291 animo,
552 2244 654 2282 factis
664 2243 752 2294 ipsis
761 2241 940 2294 depuleris
951 2241 1083 2279 malam
1100 2240 1146 2278 de
1154 2249 1187 2279 te
1197 2255 1255 2279 su-

306 2306 500 2359 spicionem
516 2321 523 2342 :
540 2305 580 2343 id
598 2303 694 2355 quod
709 2313 786 2341 tum
805 2303 880 2340 haec
898 2301 979 2340 fecit
1003 2301 1143 2339 mulier.
1164 2302 1256 2341 Cum

307 2368 399 2405 enim
411 2367 558 2415 diceret,
574 2368 849 2418 Nequaquam,
867 2363 1090 2400 domitum-re
1101 2361 1176 2414 ipsa
1195 2363 1256 2401 de-

307 2428 468 2477 claravit,
477 2427 604 2465 falsam
619 2440 692 2464 esse
703 2425 800 2464 illius
813 2422 1170 2476 suspicionem.Unde
1182 2438 1255 2461 au-

305 2498 376 2528 tem
389 2489 456 2527 hoc
469 2488 526 2528 vel
537 2486 709 2540 suspicari
718 2485 834 2539 potuit
843 2484 1029 2523 sacerdos?
1040 2498 1127 2522 num
1136 2484 1255 2523 riden-

305 2562 374 2590 tem
385 2551 501 2590 vidit?
510 2564 592 2588 num
610 2547 820 2588 saltantem?
833 2560 919 2584 num
931 2545 1143 2584 titubantem
1153 2555 1187 2585 et
1197 2561 1255 2585 co·

304 2609 503 2647 cidentcm?
524 2622 611 2646 num
629 2606 770 2646 audivit
788 2605 939 2643 verbum
958 2604 1177 2653 obscoenum,
1193 2615 1255 2643 aut

304 2669 608 2709 illiberale?Unde
617 2669 727 2720 igitur
734 2666 992 2720 concepithanc
999 2665 1255 2718 suspicionem?

304 2733 411 2770 Haud
425 2733 485 2770 ille
497 2730 642 2782 quidem
660 2739 804 2777 temere,
817 2728 987 2779 nullaque
998 2727 1043 2765 de
1058 2741 1180 2774 causa3
1193 2727 1253 2765 sed

302 2808 346 2832 ex
357 2793 428 2831 dici
444 2802 599 2844 tempore
613 2791 810 2829 :eratenim
823 2789 990 2827 meridies
1000 2803 1082 2827 cum
1092 2802 1253 2840 precare-

1291 653 1314 683 C

812 144 997 175 JOANNIS
1032 141 1275 174 CHRYSOST.
1313 141 1515 171 AuCfflEP.
1554 141 1910 174 CONSTANTINOP.

1341 222 1480 270 τήσασα
1497 223 1611 276 φέρειν
1629 225 1690 268 τὰς
1710 225 1879 278 λοιδορίας
1896 226 1953 264 ἐπὶ
1975 227 2037 272 τῆς
2066 227 2194 273 οἰκίας,
2214 227 2272 265 καὶ
2292 234 2363 273 τοῖς

1342 283 1504 323 ὀνείδεσιν
1554 287 1844 337 ε’γγυμνασαμένη
1901 289 1964 333 τῆς
2005 287 2207 337 ἀντιζήλου,
2253 290 2362 332 ἀδεῶς

1341 345 1461 383 λοιπὸν
1481 346 1566 398 πρὸς
1585 347 1646 390 τὰς
1676 347 1838 391 τοιαύτας
1869 348 2040 386 ἀπεδύετο
2071 349 2281 401 προσὸολάς.
2298 349 2362 386 Διὸ

1341 407 1400 443 καὶ
1420 408 1454 444 ἐν
1482 410 1532 459 τῷ
1553 410 1635 460 ἱερῷ
1659 408 1792 456 πολλὴν
1824 409 2014 447 ἐπιείκειαν
2047 410 2282 458 ἐπεδείκνυτο,
2304 412 2360 447 ἀν-

1341 467 1460 520 δρείως
1478 467 1572 518 μάλα
1584 468 1643 506 καὶ
1660 469 1912 522 μεγαλοψύχως
1921 470 1964 508 τὰ
1978 469 2178 520 σκώμματα
2191 471 2341 523 φέρουσα
2352 501 2362 518 ,

1340 529 1384 566 τὰ
1407 529 1463 567 ἐπὶ
1486 533 1528 581 τῇ
1552 529 1639 582 μέθῃ
1671 531 1730 568 καὶ
1751 534 1794 582 τῇ
1820 530 1994 585 παροινίᾳ.
2012 531 2122 570 Οὐδὲν
2151 532 2186 571 δὲ
2207 527 2276 571 οἷον
2303 532 2362 570 καὶ

1340 590 1452 628 αὐτῶν
1474 593 1619 629 ἀκοῦσαι
1634 594 1702 628 τῶν
1724 591 1902 643 ῥημάτων.
1928 591 2098 636 Εἰπόντος
2118 592 2185 646 γὰρ
2204 596 2263 631 τοῦ
2280 609 2362 630 παι-

1340 651 1458 704 δαρίου
1472 667 1479 675 ·
1501 654 1670 704 Περιελοῧ
1691 653 1749 691 τὸν
1767 648 1856 692 οἶνόν
1879 669 1939 692 σου
1965 654 2036 692 ’ἀπὸ
2059 658 2132 702 σοῦ,
2151 655 2211 692 καὶ
2233 655 2362 693 ἄπελθε

1338 728 1377 750 εκ
1398 712 1585 766 προσώπου
1602 713 1748 766 Κυρίου,
1765 715 1934 767 ἀπεκρίθη
1964 719 1985 762 ἠ
2017 715 2140 761 Αννα,
2167 716 2227 753 καὶ
2253 710 2361 760 εἶπεν,

1336 774 1437 825 οὐχὶ
1459 774 1566 826 κύριε
1588 776 1659 814 Τὸν
1691 776 1881 827 υὸρίσαντα
1912 776 2081 822 δεσπότην
2115 777 2216 814 εκάλε
2203 792 2270 814 εσε.
2291 778 2361 815 Και

1335 835 1397 873 οὐκ
1417 838 1511 873 εἶπεν
1531 836 1548 874 ὃ
1568 836 1690 874 πολλοι
1714 852 1782 874 των
1800 835 1988 912 ἀνθρώπων
2008 837 2187 888 λέγουσιν·
2208 832 2291 876 εἰπέ
2301 853 2360 888 μοι

1335 900 1445 934 ταῦτα
1474 900 1492 934 ὃ
1522 897 1647 948 ἱερεύς;
1674 901 1784 935 ταῦτα
1817 902 1835 935 ὃ
1855 898 2026 936 διδάσκων
2053 915 2130 942 τους
2159 898 2283 942 ἄλλους
2314 902 2363 943 εἷς

1336 956 1442 1006 με’θην
1473 957 1730 1011 καὶλπαροινίαν
1751 959 2017 1011 ἔσκ(ι)ψεν;ἀλλ’
2046 960 2238 1006 ἐσκόπησεν
2267 960 2363 1004 ὅπως

1335 1018 1591 1070 ἀποκρούσαιτο
1606 1019 1708 1068 μόνον
1724 1020 1786 1067 τὴν
1802 1020 1977 1068 ὑπόνοιαν,
1993 1020 2107 1059 καίτοι
2124 1036 2164 1070 γε
2180 1023 2242 1059 οὐκ
2256 1016 2364 1060 οὖσαν

1337 1081 1464 1126 ἀληθῆ.

1389 1564 1513 1616 εΗμεῖς
1547 1565 1582 1604 δὲ
1616 1565 1801 1611 πολλάκις,
1823 1566 1962 1604 ἐπειδὰν
1992 1567 2260 1617 λοιδορηθῶμεν,
2281 1566 2360 1605 δέον

1334 1626 1618 1677 ἀπολογήσασθαι
1638 1626 1697 1664 καὶ
1713 1628 1958 1678 ἀπαλλαγῆναι
1975 1656 1984 1674 ,
2001 1626 2194 1678 ἐξάπτομεν
2213 1628 2252 1666 τὸ
2271 1633 2354 1679 πῦρ,

1332 1688 1392 1725 καὶ
1416 1687 1550 1726 καθάπε
1537 1704 1573 1739 ερ
1595 1687 1698 1740 θηρία
1724 1693 1794 1731 τοῖς
1821 1687 2034 1739 ὑδρικόσιν
2020 1704 2261 1740 επιπηουμεν,
2290 1690 2356 1741 ἄγ-

1329 1764 1471 1802 χοντες,
1492 1748 1671 1796 ἕλκοντες,
1699 1749 1837 1793 εὐθύνας
1870 1750 2097 1793 ἀπαιτουντες
2118 1754 2187 1788 τῶν
2215 1751 2356 1801 εἰρημέ-

1329 1826 1409 1857 νων,
1427 1810 1485 1848 καὶ
1502 1809 1635 1854 τούτοις
1656 1811 1791 1860 αὐτοῖς,
1809 1815 1857 1855 οἱς
1873 1827 2051 1862 ποιουμεν,
2075 1811 2138 1858 τὴν
2158 1812 2236 1850 καθ’
2254 1815 2355 1862 ἡμων

1332 1872 1572 1922 βεὸαιοῖῐντεςε
1560 1871 1735 1910 υπόνοιαν.
1752 1873 1797 1910 Εἰ
1822 1872 1889 1925 γὰρ
1907 1872 2022 1924 βούλει
2039 1872 2146 1916 δεῖξαι
2164 1879 2237 1916 τοῖς
2252 1873 2352 1925 0692-

1329 1932 1438 1980 κόσιν,
1459 1935 1506 1977 ὡς
1525 1935 1562 1971 οὐ
1580 1932 1733 1983 μεθύεις,
1755 1933 1861 1978 δεῖξον
1879 1934 1936 1973 διὰ
1955 1935 2152 1988 πραότητος
2168 1935 2228 1972 καὶ
2248 1935 2355 1973 ἐπιει-

1330 1994 1444 2043 κείας,
1478 1994 1526 2045 μὴ
1555 1995 1598 2032 δι’
1631 1993 1781 2046 ὕὸρεως,
1803 1994 1891 2045 μηδὲ
1923 1996 1979 2034 διὰ
2001 1995 2188 2048 λοιδορίας.
2209 1993 2270 2034 Ἂν
2291 1996 2355 2046 μὲν

1329 2055 1396 2109 γὰρ
1428 2056 1606 2108 τυπτήσῃς
1637 2055 1696 2094 τὸν
1726 2056 1913 2110 ὑδρικότα,
1936 2057 2043 2108 με’θην
2077 2072 2138 2095 σου
2167 2056 2353 2107 καταγνώ-

1329 2132 1446 2155 σονται
1465 2117 1611 2162 πάντες·
1639 2117 1680 2155 ἂν
1703 2117 1738 2156 δὲ
1765 2117 1930 2169 γενναίως
1957 2117 2116 2169 ἐνέγκῃς,
2149 2116 2356 2169 ἀπεκρούσω

1329 2179 1385 2216 διὰ
1401 2182 1469 2217 τῶν
1491 2178 1600 2231 ἔργων
1621 2177 1684 2225 τὴν
1703 2177 1857 2230 πονηρὰν
1875 2178 2046 2231 ὑποψίαν·
2070 2178 2157 2231 ὅπερ
2177 2172 2232 2215 οὖν
2252 2177 2312 2215 καὶ
2331 2182 2352 2224 ἡ

1328 2239 1411 2291 γυνὴ
1424 2239 1500 2277 τότε
1517 2239 1676 2287 ἐποίησε,
1693 2239 1752 2277 καὶ
1771 2242 1916 2277 εἰποῦσα
1926 2269 1936 2287 ,
1954 2239 2048 2291 Οὐχὶ
2062 2268 2071 2286 ,
2088 2239 2186 2291 κύριε
2197 2268 2206 2284 ,
2225 2239 2269 2276 δι’
2293 2241 2354 2277 αὖ·

1328 2303 1396 2337 τῶν
1416 2304 1485 2338 τῶν
1505 2300 1722 2353 πραγμάτων
1743 2300 1890 2346 ἐδείκνυ,
1915 2299 1968 2339 ὅτι
1997 2300 2124 2353 ψευδὴς
2144 2295 2186 2347 ἦν
2213 2305 2235 2347 ἡ
2263 2302 2353 2338 ὑπο-

1328 2361 1402 2413 ψία.
1420 2362 1532 2400 Πόθεν
1550 2361 1585 2400 δὲ
1612 2362 1700 2405 ὅλως
1718 2362 1777 2400 καὶ
1797 2361 2023 2400 ὑπώπτευσεν
2049 2365 2067 2399 ὃ
2099 2361 2208 2415 ἱερεὺς
2234 2365 2352 2406 roffi-:03

1329 2423 1377 2474 μὴ
1399 2423 1465 2475 γὰρ
1486 2425 1643 2474 γελῶσαν
1672 2418 1805 2474 εἶδε;μ
1780 2423 1827 2470 μὴ
1856 2423 1925 2476 γὰρ
1953 2423 2182 2476 γορεύουσαν,
2205 2422 2253 2473 μὴ
2286 2423 2353 2474 γὰρ

1327 2485 1601 2538 περιφερομένην
1630 2500 1689 2523 και
1716 2485 2022 2532 καταπίπτουσαν;
2047 2484 2095 2535 μὴ
2120 2483 2187 2536 γὰρ
2207 2485 2242 2521 αἷ
2246 2483 2354 2535 σγρόν

1326 2562 1360 2583 τι
1394 2562 1453 2583 και
1481 2545 1700 2599 ἀνελεύθερον
1737 2546 1975 2598 φθεγγομένην
2002 2548 2117 2598 ῥῆμα,
2149 2545 2262 2584 Πόθεν
2292 2548 2350 2582 οὖν

1325 2606 1453 2652 ταύτην
1476 2606 1558 2659 {qe
1577 2606 1638 2653 τὴν
1660 2606 1842 2653 ὑπόνοιαν,
1859 2608 1941 2658 Οὐχ
1957 2607 2094 2653 ἁπλως,
2112 2607 2188 2644 οὐδὲ
2210 2608 2257 2648 ὡς
2274 2606 2350 2644 ἔτυ·

1325 2684 1386 2720 χεν
1400 2669 1546 2712 ἐκεῖνος,
1571 2669 1647 2705 ἀλλ’
1664 2667 1734 2706 ἀπὸ
1748 2672 1806 2706 τοῦ
1821 2684 1942 2719 καιρου
1961 2685 2022 2714 της
2008 2667 2195 2721 ςὴμέρας·
2210 2667 2352 2720 καιγὰρ

1325 2733 1367 2775 ἠν
1394 2729 1433 2766 τὸ
1461 2727 1710 2779 μεσημὸρινὸν,
1730 2744 1787 2766 οτε
1815 2728 1878 2775 τὴν
1909 2728 2016 2780 εὐχην
2045 2731 2204 2767 ἐποιεῖτο.
2238 2729 2350 2766 Πόθεν

1325 2793 1426 2828 τοῦτο
1464 2791 1587 2837 δηλον;
1619 2792 1695 2828 Ἀπ’
1734 2792 1798 2827 αὐτ
1799 2806 1846 2827 ων
1879 2806 1945 2827 των
1980 2790 2110 2828 ἄνωθεν
2143 2791 2266 2842 εἷρημε
2253 2789 2348 2827 ’νων.

301 2863 360 2892 uu·
372 2854 444 2892 illa.
462 2853 567 2891 Unde
581 2852 649 2890 hoc
662 2852 798 2903 liquet?
812 2851 870 2889 Ex
884 2850 926 2889 iis
935 2864 1013 2901 quae
1025 2850 1143 2888 locum
1156 2850 1252 2889 hunc
1264 2871 1312 2897 719
1326 2850 1466 2898 Ἀνέστη
1501 2850 1590 2904 γὰρ,
1613 2850 1729 2904 φησὶν,
1749 2850 1852 2889 Ἄννα
1889 2851 1978 2900 μετὰ
2010 2851 2050 2889 τὸ
2081 2856 2202 2903 φαγεῖν
2230 2850 2352 2893 αὐτοὺς

101 2932 134 2958 a,
157 2928 177 2954 ι.
196 2936 265 2970 v,9.
300 2915 517 2968 praecedunt.
537 2914 723 2960 Surrexit,
740 2913 870 2964 inquit,
889 2912 931 2951 A
934 2926 1027 2960 nna,
1043 2921 1252 2965 postquam
1275 2909 1304 2939 Α·
1325 2914 1358 2950 ἐν
1383 2911 1538 2962 Σηλὼμ,
1558 2911 1616 2950 καὶ
1637 2911 1727 2962 μετὰ
1757 2911 1797 2949 τὸ
1826 2917 1934 2958 πιεῖν,
1956 2911 2015 2950 καὶ
2035 2911 2188 2957 κατέστη
2205 2911 2351 2950 ἐνώπιον

298 2979 360 3016 illi
369 2977 613 3015 comederant
622 2983 658 3012 et
669 2977 844 3012 biberant
853 2976 894 3011 in
901 2974 1084 3021 Selom‚et
1092 2981 1250 3025 postpo-

297 3049 380 3077 tum
389 3039 561 3076 constitit
570 3038 800 3086 inconpectu
811 3033 1250 3081 Domini.Viden’?Quod

294 3113 415 3137 omnes
423 3095 1011 3148 faciunttempus1·elaxationis,illa
1019 3095 1249 3148 fecittempus

296 3157 506 3212 precationis
518 3173 524 3194 ι
536 3165 615 3209 post
630 3155 835 3194 convivium
849 3169 1034 3193 accurrens
1048 3155 1094 3193 ad
1112 3156 1247 3208 suppli-

294 3221 480 3268 cationem,
492 3219 605 3255 sontes
619 3217 860 3268 lacrymarum
875 3215 1006 3266 emisit,
1024 3225 1246 3268 mentemque

291 3295 361 3333 pra·
375 3296 410 3318 se
422 3280 500 3318 tulit
515 3277 667 3316 sobriam
683 3291 723 3315 ac
735 3277 939 3328 vigilantem
956 3292 962 3312 :
978 3291 1017 3314 ac
1033 3287 1110 3330 post
1123 3277 1243 3329 epulas

289 3343 374 3379 adeo
388 3337 1015 3389 inteut001·‹'u·it,utdonumacciper‹·t
1029 3348 1239 3389 supranatu-

1324 2972 1464 3026 Κυρίου.
1475 2973 1597 3025 Ὁρᾷς
1614 2972 1683 3011 εἱΟν
1700 2972 1848 3016 ἀνέσεως
1860 2973 1978 3024 καιρὸν
1993 2976 2173 3010 ποιοῦνται
2187 2973 2352 3018 ἅπαντες,

1321 3037 1439 3071 τοῦτον
1459 3033 1563 3084 εὐχῆς
1582 3033 1732 3070 ἐποιεῖτο
1754 3031 1841 3079 αὕτη
1866 3032 1999 3084 καιρὸν,
2022 3032 2080 3069 καὶ
2111 3031 2200 3083 μετὰ
2218 3032 2348 3083 τράπε-

1320 3096 1380 3138 ζαν
1401 3093 1485 3144 πρὸς
1515 3093 1694 3145 ἱκετηρίαν
1721 3092 1906 3145 ἀνέτρεχε,
1929 3093 1989 3131 καὶ
2017 3092 2133 3143 πηγὰς
2162 3091 2256 3144 ἠφίει
2287 3092 2347 3129 δα-

1319 3155 1443 3207 κρύων,
1464 3154 1521 3191 καὶ
1541 3154 1694 3192 διάνοιαν
1718 3160 1864 3206 παρεῖχε
1882 3157 2124 3205 σωφρονοῦσαν
2142 3153 2201 3190 καὶ
2219 3152 2349 3204 νήφου-

1318 3231 1396 3264 σαν,
1415 3215 1473 3253 καὶ
1504 3215 1592 3266 μετὰ
1623 3215 1798 3268 τράπεζαν
1819 3214 1926 3258 οὕτως
1959 3217 2103 3257 ἐκτενῶς
2134 3213 2279 3259 ηὔξατο,
2300 3215 2346 3254 ὡς

1319 3278 1425 3328 δῶρον
1453 3276 1539 3328 ὑπὲρ
1561 3275 1658 3327 φύσιν
1686 3274 1818 3321 λαὸεἷν,
1842 3276 1899 3313 καὶ
1933 3277 2033 3314 λῦσαι
2066 3274 2260 3325 στείριι)σιν,
2285 3273 2344 3311 καὶ

1318 3338 1416 3389 φύσιν
1440 3338 1678 3383 ἀσθενήσασαν
1700 3338 1895 3388 διορθ(’ἶ’)σαιΔ
1918 3338 2040 3374 Ἰἀῧτα
2062 3336 2172 3373 τοίνυν
2192 3335 2260 3372 ἀπὸ
2279 3337 2342 3379 τῆς
