2516 3791
150 1741 317 1769 Immiseri-

128 1783 230 1812 cordes
290 1785 320 1811 in

129 1826 239 1852 soumis
271 1836 321 1852 ve-

130 1867 207 1895 xari,

333 109 423 172 776
787 124 824 155 5.
863 124 1040 156 sommis
1075 123 1315 154 0111115051.

329 222 431 245 5113111
447 207 582 246 offerat.
604 208 655 245 Ac
673 207 702 245 si
721 206 870 259 quidem
885 206 1035 258 accipiat
1045 235 1057 256 ,
1080 205 1284 250 innumeras

328 282 450 320 preces
468 267 628 321 rependit
645 284 652 304 :
676 268 706 306 si
730 281 800 306 non
819 266 982 318 accipiat,
1002 278 1045 302 ne
1065 264 1116 302 sic
1137 263 1285 314 quidem

328 344 492 382 asperum
512 330 664 369 verbum
683 329 826 377 emittit,
842 340 954 377 neque
972 325 1115 378 probris
1138 325 1286 363 insecta-

327 399 388 428 tur
406 400 467 429 aut
481 391 628 429 infamat
648 405 706 429 eos
718 389 805 441 ,ffqui
821 401 904 425 cum
921 386 1006 424 dare
1022 386 1170 439 possint,
1192 386 1285 424 'nihil

327 452 488 503 praebent
501 451 583 490 :sed
604 460 641 488 ut
655 449 832 501 quispiam
847 447 937 485 dum
955 447 1003 485 ad
1021 447 1286 485 intolerandum

1355 126 1540 156 ARCfflEP
1549 147 1558 156 .
1597 127 1944 160 CONSTANThNoP.

1353 206 1519 246 ἓκὲάλλει
1539 210 1653 260 ῥῆμα,
1676 209 1751 248 οὐδὲ
1770 212 1976 263 λοιδορεῖται
1996 213 2055 251 καὶ
2076 215 2277 266 βλασφημεῖ
2295 214 2373 259 τοὺς

1354 267 1562 318 δυναμένους
1580 271 1715 318 δοῦναι,
1730 271 1790 309 καὶ
1813 271 1862 323 μὴ
1892 273 2130 326 παρέχοντας·
2156 276 2232 313 ἀλλ’
2254 276 2372 328 ὥσπερ

1353 344 1405 392 τις
1423 329 1491 367 ὕπὸ
1509 330 1635 381 δημίου
1654 331 1745 375 τινὸς
1764 332 1822 370 ἐπὶ
1838 332 1983 372 κόλασιν
2004 335 2171 387 ἀγόμενος
2186 335 2374 388 ἀφόρητον,

1354 393 1429 428 εἶτα
1458 389 1535 435 τοὺς
1555 390 1745 444 παριόντας
1765 393 1922 438 ἅπαντας
1947 399 2174 447 παρακαλῶν,
2200 396 2374 445 ἱκετεύων,

1354 451 1413 490 καὶ
1438 453 1611 503 μηδεμιᾶς
1644 454 1830 505 τυγχάνων
1861 456 2097 508 ἀντιλήψεως,
2129 457 2217 508 μετὰ
2244 459 2376 503 πολλῆς

328 512 509 563 quoddam
527 510 743 563 supplicium
759 523 779 547 a
798 508 965 547 carnifice
983 507 1143 558 ducitur,
1156 507 1285 546 deinde
1308 516 1332 546 E
1354 517 1416 561 τ’ἦς
1430 514 1680 567 ἀπανθρωπίας
1698 515 1784 567 πρὸς
1799 516 1863 563 τὴν
1884 516 2026 555 κόλασιν
2047 518 2171 570 ἄγεται
2183 534 2191 542 .
2211 517 2302 557 Οὕτω
2316 519 2376 556 καὶ

328 586 408 610 011111
425 579 673 624 praetereuntes
688 584 809 608 omnes
828 570 1016 608 cohortans
1031 578 1065 607 et
1085 569 1284 619 obsecrans,

326 634 470 671 nullum
484 631 687 669 subsidium
705 630 865 669 obtinere
886 630 1051 683 potuerit,
1072 630 1187 668 multa
1203 644 1285 668 cum

327 693 588 731 inhumanitate
617 692 662 730 ad
696 691 914 745 supplicium
942 691 1088 729 ducitur
1109 708 1117 728 :
1148 691 1198 729 ita
1225 692 1285 730 1110

327 769 468 806 quoque
497 754 586 792 dum
616 763 796 805 tamquam
815 767 836 791 a
868 751 1034 790 carnifice
1053 751 1207 790 trahitur
1238 751 1284 790 ad

326 825 465 854 noctem
485 830 505 853 a
525 816 630 866 same,
649 824 755 866 atque
774 813 819 852 ad
851 813 995 865 vigilias
1021 812 1262 851 intolerabiles
1275 841 1285 859 ,

327 891 452 915 manus
466 877 592 925 tendit,
609 886 643 915 et
657 875 859 915 vehementi
877 889 958 913 cum
976 875 1129 913 clamore
1143 888 1285 912 sursum

327 939 364 976 111
386 938 524 976 aedibus
541 937 700 976 sedentes
720 937 925 989 deprecans,
945 949 1008 973 nec
1023 935 1140 973 ullum
1158 935 1285 972 huma-

327 999 449 1037 nitatis
461 998 641 1037 auxilium
660 998 865 1050 impetrans,
888 1010 969 1034 cum
991 995 1106 1033 multa
1125 995 1285 1033 crudeli—-

328 1069 399 1098 tate
432 1058 763 1098 immisericorditer
793 1057 1019 1096 amandatur.
1038 1056 1142 1094 Nihil
1170 1065 1287 1094 tamen

328 1121 460 1160 horum
479 1135 542 1159 nos
564 1121 726 1170 inflectit,
749 1118 809 1158 sed
827 1129 908 1174 post
923 1127 1056 1156 tantam
1077 1117 1288 1155 inhumani-

331 1192 439 1221 tatem
457 1197 584 1220 manus
602 1183 638 1220 in
658 1182 783 1220 ccelum
804 1180 948 1218 ‘tendere
966 1178 1138 1217 audemus
1150 1208 1160 1227 ,
1182 1192 1223 1216 ac
1242 1178 1287 1217 de

329 1244 574 1282 misericordia
591 1242 688 1295 apud
708 1244 823 1280 Deum
842 1242 951 1281 verba
979 1241 1105 1289 facere,
1127 1239 1286 1278 veniam-

330 1320 400 1357 que
417 1314 621 1343 nostrorum
640 1303 852 1341 delictorum
871 1302 1050 1355 postulare
1061 1317 1074 1353 3
1104 1315 1168 1339 nec
1187 1301 1286 1339 time—

1353 569 1450 619 οἷτος
1461 605 1472 622 ,
1492 575 1651 629 καθάπερ
1667 577 1734 615 ὑπὸ
1751 576 1876 628 δημίου
1891 583 1950 616 τοῦ
1971 579 2075 629 λιμοῦ
2094 580 2178 633 πρὸς
2191 579 2254 626 τὴν
2270 579 2377 618 νύκτα

1353 636 1538 687 ἑλκόμενος
1559 637 1618 674 καὶ
1633 636 1696 684 τὴν
1722 637 1895 691 ἀφόρητον
1925 639 2132 690 ἀγρυπνίαν,
2149 640 2294 678 ἐκτείνει
2314 639 2377 691 μὲν

1353 698 1414 741 τὰς
1435 701 1567 752 χεῖρας,
1579 698 1668 750 μετὰ
1688 701 1837 753 σφοδρᾶς
1850 703 1912 747 τῆς
1927 703 2010 750 βοῆς
2021 700 2100 745 τοὺς
2114 703 2148 739 ἓν
2164 707 2241 745 ταῖς
2253 700 2378 744 οἰκίαις

1355 759 1426 797 ἄνω
1446 760 1661 811 καθημένους
1686 763 1915 812 παρακαλῶν,
1942 763 2106 813 οὐδεμιᾶς
2125 762 2159 800 δὲ
2185 764 2378 815 φιλανθρω-

1353 818 1435 863 πίας
1466 821 1662 873 τυγχάνων,
1697 823 1851 868 ἀνηλεῶς
1900 822 2149 874 ἀποπέμπεται
2186 822 2244 861 καὶ
2290 822 2378 873 μετὰ

1353 882 1485 926 πολλῆς
1499 884 1562 927 τῆς
1580 881 1772 932 ὠμότητος.
1793 885 1883 922 Ἀλλ’
1914 883 2007 923 οὐδὲν
2027 883 2157 922 τούτων
2189 887 2283 934 ἡμᾶς
2304 885 2378 921 ἐπι-

1355 940 1530 992 κάμπτει,
1551 942 1641 980 ἀλλὰ
1662 943 1751 992 μετὰ
1769 943 1940 991 τοσαύτην
1974 945 2225 998 ἀπανθρωπίαν
2249 947 2296 988 εἷς
2320 946 2377 983 τὸν

1357 1003 1500 1055 οὐρανὸν
1516 1005 1666 1043 ἐκτεῖναι
1682 1005 1743 1048 τὰς
1757 1012 1876 1057 χεῖρας
1889 1008 2088 1057 τολμῶμεν,
2108 1006 2168 1044 καὶ
2186 1006 2266 1059 περὶ
2283 1006 2378 1044 ἐλέου

1357 1063 1583 1115 διαλεχθῆναι
1598 1067 1647 1117 τῷ
1663 1067 1744 1117 Θεῷ
1758 1095 1768 1114 ,
1782 1066 1841 1104 καὶ
1859 1065 2068 1118 συγγνώμην
2086 1069 2228 1113 αἰτῆσαι
2247 1069 2315 1105 τῶν
2329 1069 2381 1104 οἷ-

1885 1128 1896 1140 ,
1923 1127 1938 1139 s
1961 1127 1976 1139 s
2001 1127 2009 1139 ι

1358 1185 1448 1236 μετὰ
1463 1184 1525 1233 τὴν
1540 1185 1705 1233 τοιαύτην
1721 1187 1827 1239 εὐχὴν
1849 1190 2060 1240 κατενεχθῇ,
2077 1187 2164 1239 μετὰ
2180 1187 2244 1235 τὴν
2260 1187 2381 1227 τοσαύ-

1356 1262 1420 1292 την
1450 1246 1618 1298 ὠμότητα
1650 1247 1710 1285 καὶ
1741 1249 2002 1301 ἀπανθρωπίαν.
2035 1250 2118 1292 Πῶς
2146 1250 2231 1302 πρὸς
2264 1249 2380 1297 ὕπνον,

1358 1308 1434 1346 εἰπέ
1459 1324 1535 1359 μοι,
1554 1309 1738 1360 βαδίζομεν
1758 1309 1816 1347 καὶ
1842 1309 2051 1358 ἀνάπαυσιν,
2072 1310 2132 1348 καὶ
2159 1311 2196 1347 οὗ
2229 1310 2383 1348 δεδοίκα-

331 1380 426 1417 111115,
448 1380 490 1404 110
511 1366 622 1404 finitis
644 1363 822 1417 ejusmodi
847 1363 1014 1416 precibus
1044 1370 1122 1414 post
1152 1371 1286 1400 tantam
1299 1389 1347 1414 670
1360 1385 1420 1420 μεν
1442 1368 1490 1420 μὴ
1512 1373 1588 1408 κατ’
1607 1371 1690 1422 ὄναρ
1711 1371 1810 1414 αὐτὸς
1835 1365 1930 1413 οὗτος
1951 1373 2031 1421 ὑμῖν
2061 1374 2079 1409 ὁ
2094 1370 2201 1417 πένης
2217 1370 2378 1416 ἐπιστὰς,

332 1427 578 1465 crudelitatem
597 1436 630 1464 et
650 1425 907 1464 immanitatem
928 1423 973 1462 de
989 1424 1074 1461 caelo
1095 1423 1230 1462 fulmen
1249 1424 1286 1462 in
1310 1427 1336 1456 A
1358 1432 1517 1482 αὐχμῶν,
1556 1433 1687 1484 ῥυπῶν,
1725 1432 1829 1484 ῥάκια
1868 1432 2184 1485 περῶεςλημένος,
2216 1432 2381 1486 ὀδύρηται

332 1502 394 1527 1105
423 1498 514 1526 ruat.
537 1488 631 1536 Qui,
650 1501 783 1538 quaeso,
806 1486 862 1536 fit,
886 1494 927 1522 ut
945 1499 1027 1522 cum
1053 1484 1100 1522 ad
1122 1498 1287 1523 somnum

332 1559 365 1587 et
390 1550 547 1600 quietem
563 1549 746 1602 pergimus
760 1577 770 1597 ,
793 1561 861 1585 non
880 1560 1089 1596 vereamur,
1117 1560 1161 1584 ne
1185 1546 1287 1584 nobis

331 1610 390 1647 1110
410 1610 485 1662 ipse
503 1624 641 1663 pauper
660 1609 696 1647 in
717 1608 849 1647 somnis
880 1621 1052 1659 apparens
1080 1606 1262 1658 squalidus
1277 1637 1286 1655 ,

334 1672 519 1721 sordidus,
537 1671 664 1724 pannis
682 1670 840 1720 obsitus,
852 1670 1076 1717 lamentetur,
1096 1682 1138 1705 30
1155 1668 1288 1721 lugeat,

334 1740 367 1769 et
387 1731 633 1769 crudelitatem
647 1729 866 1783 exprobret?
885 1729 946 1767 Sic
961 1727 1055 1766 enim
1075 1728 1206 1766 multos
1224 1742 1289 1765 au-

334 1792 409 1832 divi
430 1792 584 1831 dicentes
601 1807 653 1841 se,
671 1805 753 1830 cum
778 1791 823 1829 de
848 1790 907 1828 die
925 1789 1141 1842 pauperibus
1161 1790 1291 1828 subve-

334 1855 410 1893 nire
431 1855 691 1906 neglexissent,
712 1853 809 1891 visos
837 1852 905 1890 sibi
935 1851 980 1889 de
1012 1859 1112 1889 nocte
1144 1851 1291 1889 funibus

335 1916 542 1955 constrictos
563 1929 755 1967 egenorum
776 1928 885 1952 manu
915 1913 1031 1962 113111,
1056 1911 1208 1951 cruciari
1225 1942 1235 1961 ,
1258 1921 1292 1950 et

333 1977 530 2015 innumeris
549 1976 653 2014 malis
675 1975 782 2013 affici.
800 1974 872 2013 Sed
891 1974 967 2012 hacc
981 1973 1126 2025 quidem
1146 1987 1290 2011 somnus

332 2049 414 2077 sunt
441 2049 474 2077 et
496 2039 724 2086 insomnium,
757 2052 798 2075 30
831 2051 934 2090 poena
962 2035 1175 2088 temporaria
1197 2052 1204 2072 ε
1227 2050 1290 2074 1105
1315 2056 1337 2086 Β

331 2109 451 2138 autem
469 2114 583 2138 nonne
606 2099 813 2147 metuimus,
837 2112 966 2149 quaeso,
988 2111 1030 2135 ne
1043 2097 1185 2148 quando
1201 2112 1290 2150 pau-

330 2175 452 2212 perem
470 2161 566 2199 1111110
584 2161 858 2208 lamentantem,
879 2159 1112 2207 clamantem,
1143 2166 1177 2195 et
1206 2158 1290 2210 plo-

332 2231 468 2259 rantem
495 2222 530 2258 in
550 2221 702 2258 Abrahae
732 2221 812 2257 sinu
831 2219 1029 2267 videamus,
1052 2227 1092 2255 ut
1107 2218 1193 2256 olim
1224 2219 1290 2256 La-

331 2297 452 2321 zarum
472 2283 532 2320 1110
549 2282 678 2321 dives?
697 2284 786 2330 Quae
813 2294 896 2319 vero
916 2289 949 2317 et
971 2287 1165 2330 sequuntur
1184 2278 1288 2327 inde,

331 2353 457 2399 vestrm
491 2343 710 2381 conscientiae
745 2339 940 2392 colligenda
969 2339 1146 2390 relinquo,
1183 2353 1288 2390 pera-

331 2407 452 2455 cerba,
474 2414 506 2443 01
532 2403 754 2443 intoleranda
786 2402 848 2440 illa
870 2409 1063 2450 tormenta,
1084 2413 1154 2450 quo
1185 2409 1288 2451 pacto

333 2482 464 2519 aquam
481 2466 635 2519 petierit,
648 2480 718 2517 quo
734 2473 838 2518 paeto
851 2477 893 2501 ne
913 2471 1048 2514 guttam
1063 2460 1208 2512 quidem
1223 2461 1289 2499 ob-

332 2529 492 2576 tinuerit,
515 2542 586 2579 quo
607 2535 710 2580 pacto
729 2525 883 2564 cruciata
907 2524 1029 2575 lingua
1054 2522 1180 2571 fuerit,
1200 2537 1288 2574 quo-

332 2589 439 2628 modo
471 2598 551 2642 post
584 2588 715 2626 multas
744 2600 865 2640 preces
899 2585 994 2622 susas
1014 2583 1149 2622 nullam
1182 2584 1288 2622 fuerit

335 2651 476 2690 veniam
515 2657 750 2700 consequutus
764 2678 775 2697 ,
814 2656 846 2685 et
881 2644 1058 2697 quomodo
1103 2644 1288 2698 suppliciis

335 2721 560 2762 torqueretur
582 2710 732 2748 aeternis.
755 2712 802 2747 At
824 2708 919 2746 enim
952 2707 1045 2745 absit
1075 2716 1115 2744 ut
1142 2707 1208 2745 ista
1226 2721 1288 2745 nos
1313 2711 1336 2742 G

335 2772 575 2824 experimento
590 2785 788 2820 noscamus,
805 2769 868 2808 sed
889 2784 926 2807 ea
948 2778 1086 2807 tantum
1102 2768 1197 2807 dieta
1219 2783 1287 2807 au-

335 2832 482 2881 dientes,
503 2832 617 2871 minas
635 2832 803 2885 operibus
822 2831 941 2868 illatas
968 2829 1153 2879 evitemus,
1173 2844 1214 2868 ac
1232 2830 1289 2868 di-

336 2895 396 2945 gni
414 2892 556 2942 redditi,
574 2908 662 2944 quos
681 2907 837 2945 proavus
863 2891 1043 2929 Abraham
1077 2891 1223 2930 comiter
1250 2906 1291 2930 ac

339 2965 560 3010 peramanter
576 2955 742 3007 excipiat,
761 2953 807 2991 ad
834 2953 1000 2991 eumdem
1025 2967 1106 2991 cum
1127 2953 1189 2991 illo
1214 2967 1292 3006 per-

341 3019 461 3056 venire
491 3018 609 3055 locum
638 3016 836 3068 possimus,
867 3014 980 3066 gratia
1009 3022 1044 3052 et
1076 3013 1293 3065 benignitate

339 3079 486 3117 Domini
508 3078 617 3117 nostri
635 3080 718 3117 Jesu
734 3076 881 3125 Christi,
897 3089 977 3113 cum
992 3088 1062 3127 quo
1086 3075 1185 3114 Patri
1216 3074 1294 3126 glo-

338 3141 405 3190 ria,
426 3141 549 3188 honor,
570 3139 760 3192 imperium
789 3152 858 3176 una
891 3151 972 3175 cum
991 3136 1128 3189 Spiritu
1160 3144 1292 3183 sancto,

339 3216 432 3240 nunc
449 3211 481 3240 et
499 3215 649 3252 semper,
667 3209 699 3238 et
719 3201 753 3237 in
773 3199 899 3237 srecula
919 3197 1149 3237 saeculorum.
1171 3199 1292 3235 Amen.

1357 1493 1418 1531 καὶ
1430 1493 1585 1545 θρηνήσῃ
1597 1523 1607 1541 ,
1620 1494 1683 1541 τὴν
1697 1495 1865 1546 ὠμότητα
1881 1496 2037 1546 ἐγκαλῶν
2049 1510 2058 1541 ;
2076 1494 2146 1533 Καὶ
2160 1493 2228 1546 γὰρ
2242 1496 2381 1533 πολλῶν

1357 1553 1525 1597 πολλάκις
1544 1554 1678 1600 ἤκουσα
1696 1555 1879 1607 λεγόντων,
1897 1555 1949 1593 ὅτι
1964 1556 2039 1606 μεθ’
2055 1554 2190 1608 ἡμέραν
2204 1556 2383 1608 ὑπεριδόν-

1358 1630 1413 1657 τες
1435 1617 1497 1661 τῆς
1521 1619 1590 1654 τῶν
1613 1619 1766 1667 πτωχῶν
1798 1616 2036 1667 ἀντιλήψεως,
2059 1618 2092 1654 ἓν
2120 1615 2216 1653 νυκτὶ
2246 1616 2382 1667 σχοινία

1358 1675 1675 1729 περιὸεὸλημένους
1704 1676 1845 1721 ἑαυτοὺς
1879 1671 1967 1715 εἶδον
1996 1677 2057 1715 καὶ
2087 1676 2290 1728 ἑλκομένους
2316 1677 2384 1716 ὑπὸ

1361 1740 1422 1784 τῆς
1438 1739 1507 1775 τῶν
1521 1737 1680 1784 πενήτων
1700 1737 1817 1792 χειρὸς
1829 1769 1839 1787 ,
1858 1738 2182 1791 σπαραττομένους,
2199 1737 2304 1791 μυρία
2318 1738 2383 1776 πά-

1361 1814 1509 1851 σχοντας
1528 1799 1736 1852 πράγματα.
1753 1799 1858 1838 Ἀλλὰ
1872 1804 1981 1838 ταῦτα
2008 1799 2070 1849 μὲν
2087 1799 2191 1843 ὕπνος
2211 1799 2271 1837 καὶ
2286 1799 2383 1854 ὄναρ,

1361 1860 1421 1898 καὶ
1447 1860 1658 1914 πρόσκαιρος
1693 1860 1865 1914 τιμωρία·
1900 1864 2001 1912 ἡμεῖς
2034 1860 2069 1899 δὲ
2097 1863 2135 1899 οὐ
2167 1859 2383 1911 δεδοίκαμεν,

1363 1921 1439 1960 εἶπέ
1461 1939 1539 1973 μοι,
1557 1922 1696 1973 μήποτε
1712 1922 1771 1960 τὸν
1790 1922 1925 1969 πένητα
1951 1927 2070 1961 τοῦτον
2091 1922 2150 1960 τὸν
2177 1921 2382 1974 ὀδυρόμενον

1363 1982 1421 2021 καὶ
1442 1985 1577 2034 βοῶντα
1593 1983 1652 2022 καὶ
1674 1982 1924 2035 ὀλοφυρόμενον
1945 1983 1979 2021 ἐν
1995 1988 2066 2026 τοῖς
2085 1983 2227 2026 κόλποις
2255 1982 2382 2033 ἴδωμεν

1361 2048 1421 2082 τοῦ
1438 2044 1619 2097 Ἀῧραὰμ,
1637 2045 1796 2098 καθάπερ
1820 2043 1904 2083 ποτὲ
1918 2044 1976 2082 τὸν
1998 2043 2157 2096 Λάζαρον
2185 2047 2203 2083 ὁ
2225 2044 2385 2088 πλούσιος

1362 2108 1506 2154 ἐκεῖνος,
1519 2107 1577 2145 Τὰ
1592 2106 1627 2144 δὲ
1641 2110 1792 2145 ἐντεῦθεν
1811 2105 1939 2158 ἀφίημι
1958 2108 2055 2155 ὑμῶν
2070 2109 2120 2158 τῷ
2136 2105 2325 2154 συνειδότι,
2340 2105 2385 2144 τὰ

1361 2166 1471 2218 πικρὰ
1501 2166 1563 2204 καὶ
1605 2167 1864 2219 ἀπαραμύθητα
1897 2168 2011 2204 ἐκεῖνα
2045 2166 2278 2218 κολαστήρια,
2310 2169 2384 2210 πῶς

1361 2227 1489 2279 ᾔτησεν
1505 2227 1615 2279 ὕδωρ,
1636 2229 1710 2271 πῶς
1728 2226 1804 2266 οὐδὲ
1822 2226 1984 2278 σταγόνος
2001 2226 2119 2278 ἔτυχε,
2141 2230 2214 2271 πῶς
2230 2231 2250 2273 ἡ
2271 2229 2385 2279 γλῶτ-

1361 2305 1405 2326 τα
1439 2288 1820 2339 ἀπετηγανίζετο,πῶς
1849 2287 1981 2334 πολλὴν
2011 2288 2072 2335 τὴν
2094 2288 2272 2341 ἱκετηρίαν
2299 2288 2384 2336 θεὶς,

1361 2351 1520 2400 οὐδεμιᾶς
1549 2349 1756 2401 συγγνώμης
1790 2349 1985 2397 ἀπέλαυσε,
2019 2350 2078 2387 καὶ
2118 2352 2192 2392 πῶς
2229 2348 2385 2387 ἀθάνατα

1360 2411 1553 2456 ἐκολάζετο.
1575 2411 1677 2449 Ἀλλὰ
1697 2411 1764 2464 γὰρ
1782 2411 1830 2462 μὴ
1851 2411 1984 2462 γένοιτο
2004 2414 2097 2462 ἡμᾶς
2122 2413 2233 2448 ταῦτα
2249 2409 2305 2448 διὰ
2323 2412 2384 2456 τῆς

1360 2472 1482 2526 πείρας
1516 2477 1649 2524 μαθεῖν,
1666 2473 1755 2511 ἀλλὰ
1782 2472 1839 2511 διὰ
1867 2476 1934 2511 τῶν
1956 2472 2066 2524 λόγων
2090 2471 2304 2515 ἀκούσαντας
2320 2487 2384 2524 φυ-

1360 2540 1430 2584 γεῖν
1451 2534 1512 2582 τὴν
1539 2534 1594 2571 διὰ
1613 2537 1682 2572 τῶν
1700 2534 1810 2586 ἔργων
1838 2533 1996 2580 ἀπειλὴν,
2015 2532 2074 2570 καὶ
2094 2535 2156 2578 τῆς
2178 2536 2237 2571 τοῦ
2254 2532 2385 2584 προπά-

1360 2611 1456 2647 τορος
1486 2595 1645 2648 Ἀὸραὰμ
1673 2595 1920 2648 φιλοφροσύνης
1953 2593 2064 2638 ἀξίους
2096 2593 2384 2645 ἀποδειχθέντας,

1362 2659 1408 2699 εἰς
1427 2657 1484 2695 τὸν
1507 2658 1608 2695 αὐτὸν
1628 2657 1747 2708 ἐκείνῳ
1775 2659 1935 2708 χωρ-ἧσαι
1957 2654 2074 2702 τόπον,
2095 2654 2216 2707 χάριτι
2247 2653 2305 2692 καὶ
2330 2671 2385 2706 φι-

1361 2718 1565 2771 λανθρωπία
1580 2723 1639 2757 τοῦ
1661 2717 1788 2771 Κυρίου
1807 2719 1908 2768 ἡμῶν
1928 2717 2043 2763 Ἰησοῦ
2060 2719 2212 2769 Χριστοῦ
2226 2746 2235 2763 ,
2250 2717 2324 2767 μεθ’
2345 2710 2384 2753 οὗ

1361 2782 1411 2831 τῷ
1428 2780 1545 2832 Πατρὶ
1561 2779 1645 2830 τιμὴ
1659 2810 1667 2827 ,
1685 2779 1782 2824 δόξα,
1800 2778 1924 2831 κράτος
1941 2777 2000 2815 σὺν
2014 2781 2064 2831 τῷ
2081 2778 2168 2831 ἁγίῳ
2183 2776 2362 2827 Πνεύματι
2373 2805 2382 2823 ,

1363 2844 1420 2878 νῦν
1460 2842 1518 2879 καὶ
1553 2842 1625 2890 ἀεὶ,
1659 2841 1717 2879 καὶ
1750 2843 1796 2883 εἰς
1836 2839 1913 2883 τοὺς
1957 2841 2082 2884 αἰῶνας
2127 2842 2195 2877 τῶν
2236 2837 2382 2876 αἰώνων.

1363 2902 1482 2952 Ἀμήν.
