2516 3791
769 235 812 265 IN
850 234 952 265 CAI‘.
993 233 1084 264 xix.

176 322 215 362 τὸ
234 320 421 373 τολμηρὸν,
440 319 500 358 καὶ
515 318 734 371 ὑφορώμενος
760 319 874 356 αὐτῶν
898 317 961 364 τὴν
981 316 1204 368 προπέτειαν,

177 377 251 421 εἶτά
282 397 367 434 φησι
394 381 479 432 πρὸς
498 378 640 423 αὐτούς·
661 379 864 429 Μηδαμῶς,
884 377 1042 430 ἀδελφοί.
1065 377 1113 415 Ὢ
1142 379 1204 422 τῆς

176 448 236 482 τοῦ
266 442 400 481 δικαίου
431 440 688 494 μακροθυμίας,
709 440 738 478 ὢ
757 439 1073 492 ταπεινοφροσύνης
1095 441 1204 490 ὓπερ-

177 504 275 552 ὅολή.
292 506 407 543 Τοῦτο
436 505 574 551 ἀληθῶς
605 502 732 555 ἀρετὴ,
765 503 804 540 τὸ
824 504 900 552 μετ’
920 500 1106 542 ἐπιεικείας
1134 505 1203 542 τοῖς

175 564 341 608 τοιούτοις
372 563 642 617 προσφέρεσθαι.
681 562 806 606 Οὐδεὶς
842 562 910 614 γὰρ
944 562 1002 600 τὸν
1038 563 1203 598 νοσοῦντα

176 628 389 678 θεραπεῦσαι
411 624 618 676 βουλόμενος
633 654 642 671 ,
659 624 718 662 καὶ
738 624 795 662 τὸν
812 623 1017 674 μαινόμενον
1039 620 1203 672 σωφρονί-

176 704 254 735 σαι,
272 686 360 737 μετᾶ
382 690 491 737 θυμοῦ
509 686 567 724 καὶ
587 685 778 738 αὐστηρίας
801 688 903 722 τοῦτο
933 689 1039 722 ποιεῖ.
1070 681 1204 720 Σκόπει

176 748 262 800 γὰρ,
282 750 356 791 πῶς
384 746 463 791 τοὺς
493 747 538 784 τὰ
568 749 713 784 τοιαῦτα
733 750 948 797 παρανομεῖν
972 742 1203 794 βουλομένους

181 808 350 861 ἀδελφοὺς
381 810 500 856 καλεῖ,
531 807 694 860 ἐντρέψαι
726 805 850 849 αὐτοὺς
881 804 1086 856 βουλόμενος
1105 834 1114 852 ,
1147 804 1205 841 καὶ

179 869 383 909 καθικέσθαι
416 871 530 907 αὐτῶν
556 870 618 914 τῆς
650 866 900 914 συνειδήσεως,
929 866 986 903 καὶ
1007 867 1206 911 ἀποστῆσαι

178 930 300 973 αὐτοὺς
332 931 393 975 τῆς
433 928 686 981 ἐπιχειρήσεως
725 929 787 974 τῆς
821 933 959 978 μιαρᾶς.
995 927 1180 976 Μηδαμῶς
1198 958 1206 973 ,

177 991 304 1044 φησὶν,
335 990 501 1043 ἀδελφοί·
525 989 574 1040 μὴ
616 989 891 1042 πονηρεύσησθε.
930 988 1062 1035 Μηδὲν,
1098 988 1182 1040 φησι
1198 1019 1206 1035 ,

177 1057 332 1091 τοιοῦτον
358 1051 564 1103 λογίσησθε,
588 1050 636 1103 μὴ
663 1050 726 1098 τὴν
747 1049 903 1102 πονηρὰν
930 1049 1060 1096 ταύτην
1082 1050 1206 1101 πρᾶξιν

176 1114 375 1163 ἐννοήσητε,
393 1113 481 1165 μηδὲ
501 1112 565 1160 τὴν
585 1112 687 1166 φύσιν
710 1111 818 1159 αὐτὴν
837 1111 1186 1164 παραδειγματίσητε
1199 1140 1207 1156 ,

179 1175 266 1226 μηδὲ
278 1175 449 1226 ἀθέσμους
463 1175 672 1221 ἐπινοήσητε
689 1173 815 1225 μίξεις·
833 1175 911 1211 ἀλλ’
923 1175 953 1211 εἰ
969 1173 1027 1211 καὶ
1043 1173 1207 1224 βούλεσθε

178 1240 240 1283 τῆς
258 1236 381 1287 μανίας
407 1239 506 1287 ὑμῶν
531 1236 588 1276 τὸν
615 1229 752 1289 οἶστρον
780 1235 1118 1288 παραμυθήσασθαι,
1139 1235 1208 1286 ἐγὼ

177 1301 279 1336 τοῦτο
309 1297 466 1350 παρέξω,
495 1297 586 1336 ὥστε
614 1296 823 1349 κουφότερον
851 1297 949 1346 ὑμῶν
979 1295 1138 1347 γενέσθαι
1169 1295 1208 1334 τὸ

177 1358 354 1409 τόλμημα.
386 1358 467 1396 Εἰσί
499 1373 558 1408 μοι
589 1358 647 1396 δύο
679 1356 883 1409 θυγατέρες,
909 1356 946 1395 αἳ
966 1358 1029 1394 οὐκ
1053 1356 1208 1408 ἔγνωσαν

177 1419 315 1472 ἄνδρας.
334 1419 440 1464 Ἔτι,
457 1419 575 1471 φησὶν,
593 1418 732 1472 ἄπειροί
751 1421 818 1457 εἶσι
833 1420 988 1469 γαμικῆς
1000 1418 1204 1468 συνουσίας,

176 1480 347 1533 ἀνέπαφοι
374 1480 618 1533 τυγχάνουσιν,
637 1482 673 1519 ἐν
693 1481 783 1532 αὐτῇ
803 1484 847 1533 τῇ
871 1481 969 1532 ἀκμῇ
990 1482 1053 1526 τ’ῆς
1069 1479 1208 1527 ἡλικίας

176 1542 261 1589 εἶσὶ,
280 1542 484 1593 λάμπουσαι
513 1545 556 1595 τῇ
577 1542 652 1595 ὥρᾳ
665 1558 673 1566 ·
692 1541 821 1586 ταύτας
843 1548 949 1580 πᾶσιν
972 1542 1130 1585 ἐκδότους
1152 1542 1207 1579 δί-

176 1604 267 1654 δωμι
284 1633 292 1651 ,
314 1603 373 1641 καὶ
388 1606 519 1656 χρᾶσθε
544 1605 664 1647 αὐταῖς
684 1605 731 1646 ὡς
752 1603 892 1655 ἀρέσκει
915 1605 1008 1654 ὑμῖν.
1030 1602 1204 1646 meduez<

175 1664 304 1713 αὐτὰς,
320 1665 427 1716 φησὶ,
447 1665 658 1718 πληρώσατε
683 1667 780 1716 ὑμῶν
803 1667 850 1709 εἷς
879 1664 987 1708 αὐτὰς
1014 1664 1077 1712 τὴν
1099 1665 1203 1702 ἀσέλ-

175 1742 287 1777 γειαν,
307 1726 366 1765 καὶ
386 1727 606 1780 ἐμφορήθητε
625 1730 688 1773 τῆς
719 1726 906 1777 ἐπιθυμίας
926 1729 1023 1777 ὑμῶν
1045 1730 1107 1774 τῆς
1138 1742 1204 1764 πο-

176 1794 300 1839 νηρᾶς·
317 1787 433 1826 Μόνον
450 1790 498 1831 εἷς
512 1788 592 1832 τοὺς
610 1788 736 1840 ἄνδρας
751 1787 892 1831 τούτους
910 1787 1018 1838 μηδὲν
1034 1787 1206 1834 ποιήσητε

179 1849 312 1895 ἄδικον,
333 1842 372 1886 οὗ
391 1848 520 1887 εἵνεκεν
540 1850 699 1896 εἰσῆλθον
730 1849 798 1888 ὑπὸ
821 1850 884 1896 τὴν
906 1847 1040 1894 σκέπην
1060 1850 1130 1886 τῶν
1149 1849 1205 1886 δο-

178 1911 250 1947 κῶν
287 1925 364 1960 μου.
384 1909 531 1957 Ἐπειδὴ
560 1910 772 1961 ἐδιασᾶμην,
807 1910 927 1961 φησὶν,
966 1907 1090 1951 αὐτοὺς
1105 1938 1114 1956 ,
1149 1909 1206 1947 καὶ

178 1969 366 2021 εἰσήγαγον
382 1970 450 2009 ὑπὸ
469 1970 532 2014 τὰς
550 1970 669 2014 δοκούς
687 1986 773 2022 μου,
791 1970 846 2009 ἵνα
866 1970 914 2022 μὴ
934 1970 1012 2021 ἐμοὶ
1031 1972 1206 2022 ἐπιγραφῇ

180 2035 200 2077 ἦ
231 2034 277 2074 εἷς
310 2031 432 2075 αὐτοὺς
464 2031 628 2083 γινομένη
660 2032 885 2085 παρανομία,
920 2031 979 2070 καὶ
1004 2031 1072 2083 ἐγὼ
1094 2033 1208 2075 αὐτοῖς

180 2093 289 2136 αἴτιος
311 2096 372 2140 τῆς
399 2093 531 2146 ὔὸρεως
557 2093 687 2141 ταύτης
705 2093 882 2145 γένωμαι,
912 2093 970 2132 διὰ
990 2097 1091 2132 τοῦτο
1120 2092 1207 2145 ὗπὲρ

180 2156 294 2192 αὐτῶν
310 2154 372 2198 τὰς
396 2155 456 2193 δύο
475 2171 541 2206 μου
571 2155 762 2208 θυγατέρας
780 2156 931 2207 δίδωμι,
953 2155 1044 2194 ὥστε
1066 2155 1207 2198 τούτους

179 2217 409 2268 ἐλευθερῶσαι
427 2219 496 2255 τῶν
517 2216 694 2267 ὑμετέρων
710 2219 850 2269 χειρῶν.
871 2216 972 2261 Πόση
993 2220 1053 2254 τοῦ
1073 2215 1206 2253 δικαίου

1126 233 1289 263 (usmis.

1222 2253 1268 2278 ltlss

1330 232 1486 262 noant„
1528 231 1654 262 XLIII.

2139 218 2232 281 5⁰0

1277 324 1451 362 insaniam
1465 333 1497 362 et
1511 322 1712 369 audaciam,
1730 332 1763 360 et
1778 323 1960 374 suspicans
1982 337 2102 361 eorum
2126 334 2231 362 teme<

1277 386 1417 424 ritatem
1435 416 1443 430 ‚
1470 383 1599 423 deinde
1631 383 1745 435 inquit
1769 382 1815 439 ad
1839 396 1897 421 cos
1925 398 1932 419 :
1961 384 2232 436 Nequaquam,

1267 448 1435 499 fratres.
1464 448 1496 483 ()
1526 446 1616 498 justi
1648 445 1716 483 viri
1749 442 1994 483 tolerantiam!
2013 459 2034 482 o
2056 445 2231 495 ingentem

1278 508 1515 545 humilitatem
1534 505 1542 546 ἶ
1564 507 1648 545 Han:
1664 521 1745 544 vcra
1761 506 1875 545 virtus
1893 514 1943 544 cst
1959 535 1968 554 ,
1990 505 2036 543 ita
2055 516 2236 544 mansuete

1277 567 1411 618 alloqui
1432 568 1518 605 tales
1541 567 1714 606 homines.
1733 567 1864 605 Nullus
1893 566 1986 605 enim
2014 579 2149 618 aegrum
2169 581 2233 606 vo-

1278 629 1350 666 lens
1365 643 1502 678 curare,
1516 638 1548 667 et
1563 629 1792 667 insanientem
1807 629 1991 680 castigare,
2006 642 2086 666 cum
2099 628 2236 667 iracun-

1277 687 1336 724 dia
1353 697 1383 725 ct
1399 689 1604 726 austeritate
1620 689 1686 726 hoc
1707 689 1799 726 facit.
1823 689 1868 727 Et
1885 689 2130 728 animadverte
2147 703 2235 741 quo-

1278 748 1385 787 modo
1408 763 1487 797 eos,
1506 749 1566 800 qui
1597 758 1669 786 tam
1702 749 1857 787 absurda
1890 759 2029 802 patrare
2048 750 2212 789 volebant
2226 781 2235 799 ‚

1277 809 1401 847 fratres
1419 818 1540 857 vocat,
1562 818 1599 846 ut
1621 818 1792 847 eteorum
1811 811 2042 849 conscientias
2062 820 2234 863 tangeret,

1278 879 1310 908 ct
1325 885 1344 908 a
1358 870 1490 908 nefario
1506 869 1730 921 flagitioillos
1743 869 1945 908 abduceret.
1962 873 2235 924 Nequaquam,

1280 931 1406 982 inquit,
1417 933 1588 986 fratres;
1607 932 1727 969 nolite
1750 933 1882 982 inique
1906 945 2031 984 agere.
2051 933 2152 971 Nihil
2171 934 2238 971 tale

1281 990 1457 1041 cogitetis,
1474 1004 1517 1029 ne
1529 989 1725 1028 admittatis
1746 999 1817 1027 tam
1835 1003 1943 1041 grave
1958 991 2071 1029 scelus
2087 992 2120 1029 in
2137 1006 2237 1030 mcu-

1281 1062 1350 1091 tcni
1374 1061 1547 1102 vestram,
1566 1067 1608 1091 ne
1629 1061 1793 1090 naturam
1822 1052 1936 1104 ipsam
1968 1052 2177 1100 traducatis,
2197 1068 2239 1091 nc

1280 1115 1424 1153 illicitos
1438 1115 1647 1167 excogitctis
1662 1114 1776 1154 coitus
1795 1129 1801 1150 :
1819 1112 1879 1151 scd
1897 1113 1926 1151 si
1948 1113 2130 1152 volueritis
2146 1114 2238 1152 insa-

1280 1176 1348 1214 niae
1375 1185 1499 1215 vestrae
1527 1177 1683 1214 furorem
1716 1174 1934 1225 demulcere,
1968 1188 2034 1227 ego
2066 1174 2238 1226 quiddam

1282 1235 1471 1289 praebebo,
1503 1250 1575 1287 quo
1607 1235 1784 1288 flagitium
1824 1244 1981 1272 vestrum
2016 1234 2131 1272 levius
2165 1235 2237 1272 ssat.

1279 1298 1318 1335 8.
1336 1297 1435 1335 Sunt
1452 1299 1642 1336 mikiduoe
1656 1298 1767 1350 filice,
1782 1310 1868 1348 quoe
1882 1298 1989 1334 viros
2011 1310 2088 1333 non
2102 1309 2240 1348 cogno-

1283 1367 1429 1396 verunt.
1446 1358 1584 1408 Adhuc,
1614 1357 1742 1409 inquit,
1764 1357 1956 1410 inexpertae
1973 1366 2055 1395 sunt
2069 1357 2240 1409 nuptialis

1231 1430 1256 1462 Ε
1280 1432 1501 1470 congressus,
1519 1420 1657 1458 intactae
1685 1427 1782 1469 sunt,
1797 1419 1948 1471 juvenes
1963 1427 2060 1467 sunt,
2076 1428 2108 1456 et
2123 1418 2241 1457 adhuc

1279 1480 1314 1518 in
1332 1481 1419 1519 flore
1435 1480 1549 1519 aetatis
1566 1496 1573 1518 :
1590 1495 1646 1519 eas
1661 1480 1829 1519 omnibus
1848 1479 2026 1532 expositas
2041 1479 2100 1530 do,
2125 1489 2158 1518 et
2174 1480 2242 1518 uti-

1278 1542 1367 1580 mini
1384 1541 1434 1580 eis
1449 1542 1540 1580 sicut
1558 1542 1662 1581 vobis
1678 1541 1806 1594 placet.
1827 1541 1990 1594 Acceptis
2006 1540 2088 1590 illis,
2112 1540 2240 1591 inquit,

1277 1603 1417 1655 explete
1444 1613 1597 1643 vestram
1619 1603 1655 1641 in
1674 1603 1723 1641 eis
1747 1602 1958 1652 libidinem,
1992 1612 2025 1640 et
2060 1601 2241 1653 indulgete

1277 1674 1402 1703 vesu-ce
1422 1664 1524 1702 malae
1542 1664 1835 1717 concupiscentiae
1856 1679 1863 1699 :
1888 1664 2055 1701 Tantum
2075 1665 2115 1700 in
2134 1665 2240 1701 viros

1280 1726 1372 1764 illos
1393 1726 1683 1778 nihilfeceritis
1701 1727 1892 1775 iniquum,
1915 1731 2116 1775 propterea
2136 1724 2242 1776 quod

1277 1791 1519 1826 intraverunt
1534 1789 1601 1825 sub
1616 1795 1717 1825 tecta
1732 1788 1925 1838 tignorum
1945 1798 2128 1823 meorum.
2142 1784 2239 1830 Quo-

1280 1849 1394 1899 niam,
1428 1849 1566 1900 inquit,
1598 1848 1697 1900 coegi
1726 1861 1785 1886 eos
1803 1856 1836 1885 et
1856 1846 1985 1886 induxi
2013 1846 2080 1885 sub
2109 1855 2240 1885 tectum

1279 1925 1417 1960 meum,
1444 1919 1483 1948 ut
1506 1924 1548 1948 ne
1569 1909 1659 1948 mihi
1683 1908 1908 1947 adscribatur
1937 1907 2106 1959 iniquitas
2126 1907 2161 1945 in
2182 1922 2240 1946 eos

1279 1981 1438 2024 patrata,
1458 1980 1492 2010 et
1521 1985 1585 2023 ego
1604 1970 1654 2008 eis
1674 1979 1797 2008 auctor
1827 1969 1895 2007 sim
1924 1968 2166 2017 contumeliae,
2186 1969 2241 2006 id—

1281 2033 1374 2072 circo
1390 2047 1454 2086 pro
1469 2033 1518 2071 eis
1532 2031 1622 2070 duas
1641 2045 1736 2069 meas
1751 2030 1843 2068 filias
1863 2029 1935 2078 do,
1955 2039 1993 2068 ut
2013 2029 2067 2067 illi
2085 2044 2104 2067 a
2124 2030 2240 2067 mani—

1278 2094 1346 2132 bus
1377 2093 1506 2133 vestris
1544 2093 1751 2130 liberentur.
1793 2091 1937 2137 Quanta
1972 2090 2061 2142 justi
2101 2090 2239 2128 virtus?

1279 2169 1421 2193 omnem
1450 2155 1620 2193 virtutem
1649 2152 1904 2205 hospitalitatis
1929 2151 2121 2203 superavit.
2143 2151 2241 2198 Quid

1279 2217 1374 2255 enim
1401 2216 1483 2268 quis
1507 2215 1597 2268 justi
1624 2215 1732 2267 hujus
1762 2212 1982 2264 benignitate
2002 2222 2054 2250 sat
2090 2212 2240 2264 dignum

1230 752 1254 781 D

177 2279 200 2322 ἡ
230 2277 337 2328 ἀρετή
349 2294 358 2325 ;
386 2283 503 2316 πᾶσαν
523 2276 650 2329 ἀρετὴν
679 2276 872 2330 φιλοξενίας
894 2276 1045 2323 ἐνίκησε.
1072 2277 1119 2315 Τί
1139 2276 1207 2329 γὰρ
1233 2290 1259 2320 Α
1279 2275 1484 2330 protulerit,
1501 2275 1565 2326 qui
1581 2288 1694 2326 neque
1723 2272 1868 2311 filiabus
1889 2285 2033 2325 parcere
2047 2272 2184 2321 voluit,
2204 2282 2241 2310 ut

179 2338 222 2376 ἄν
244 2353 296 2381 τις
318 2337 408 2377 εἴποι
425 2341 502 2377 κατ’
521 2337 619 2383 ἀξίαν
638 2340 702 2385 τῆς
719 2341 780 2376 τοῦ
801 2338 934 2376 δικαίου
953 2337 1075 2376 τούτου
1104 2339 1208 2390 φιλο-

180 2398 370 2452 φροσύνης,
400 2399 435 2444 ὃς
464 2399 542 2438 οὐδὲ
573 2403 643 2439 τῶν
680 2399 879 2453 θυγατέρων
912 2398 1097 2452 φείσασθαι
1125 2398 1209 2446 ἠνέ-

181 2476 299 2512 σχετο,
318 2460 374 2498 ἵνα
393 2460 456 2509 τὴν
474 2464 521 2505 εἷς
539 2461 618 2506 τοὺς
634 2461 747 2507 ξένους
766 2462 874 2514 τιμὴν
894 2460 1134 2509 ἐπιδείξηται,
1151 2461 1210 2499 καὶ

181 2522 397 2576 ἐλευθερώσῃ
414 2527 476 2570 τῆς
490 2523 712 2577 παρανομίας
728 2527 797 2562 τῶν
817 2525 1040 2575 Σοδομιτῶν;
1058 2522 1129 2561 Καὶ
1149 2517 1210 2561 0⁶5—

180 2600 238 2628 τος
271 2584 334 2635 μὲν
368 2584 428 2623 καὶ
459 2584 521 2628 τὰς
552 2585 744 2638 θυγατέρας
771 2585 832 2630 τὰς
863 2588 986 2623 ἑαυτοῦ
1015 2584 1209 2633 ἐκδίδωσιν,

180 2646 237 2683 ἵνα
269 2645 348 2690 τοὺς
380 2645 512 2694 ξένους,
547 2646 626 2691 τοὺς
645 2647 761 2691 ὁδίτας
789 2646 917 2699 (πάλιν
951 2645 1018 2699 γὰρ
1049 2645 1094 2684 τὰ
1121 2645 1210 2684 αὐτὰ

180 2707 319 2758 λέγω),
348 2706 428 2751 τοὺς
455 2707 656 2759 μηδαμόθεν
689 2709 786 2760 αὐτῷ
813 2707 1009 2760 γνωρίμους
1031 2707 1209 2760 ἐξαρπάσῃ

182 2771 244 2814 τῆς
262 2770 331 2806 τῶν
357 2768 572 2821 παρανόμων
598 2768 749 2821 ὕῧρεως·
768 2772 872 2820 ἡμεῖς
901 2768 937 2807 δὲ
961 2770 1107 2821 ὁρῶντες
1126 2770 1211 2807 πολ-

182 2828 282 2872 λάκις
311 2828 390 2873 τοὺς
419 2829 587 2882 ἀδελφοὺς
618 2829 698 2874 τοὺς
735 2830 927 2883 ἡμετέρους
963 2833 1012 2874 εἷς
1038 2831 1122 2869 αὐτὸ
1150 2833 1212 2876 τῆς

184 2889 346 2933 ἀσεὲείας
365 2890 405 2928 τὸ
434 2890 622 2942 βάραθρον,
653 2891 712 2930 καὶ
743 2892 868 2944 σχεδὸν
901 2894 1024 2939 εἰπεῖν,
1050 2893 1118 2932 ὑπὸ
1148 2892 1212 2938 τὴν

185 2949 350 3002 φάρυγγα
370 2954 432 2989 τοῦ
451 2952 614 2991 διαὸόλου
631 2952 850 3004 γινομένους,
872 2953 950 2992 οὐδὲ
975 2953 1078 3006 λόγου
1104 2969 1211 3001 μετα-

184 3013 301 3050 δοῦναι
319 3012 534 3064 ἀνεχόμεθα,
563 3013 642 3052 οὐδὲ
675 3015 956 3066 συμὸουλεῧσαι,
986 3015 1046 3053 καὶ
1078 3014 1141 3061 τὴν
1158 3013 1214 3052 διὰ

184 3076 255 3112 τῶν
285 3073 398 3124 λόγων
429 3073 634 3127 παραίνεσιν
670 3077 891 3127 εἰσενεγκεῖν,
925 3075 986 3113 καὶ
1019 3075 1214 3127 ἐξαρπάσαι

186 3137 248 3180 τῆς
261 3134 398 3182 κακίας,
414 3135 474 3173 καὶ
489 3136 575 3187 πρὸς
590 3135 652 3183 τὴν
665 3136 791 3188 ἀρετὴν
810 3139 1087 3189 χειραγωγῆσαι.
1102 3137 1216 3175 Ποίαν

188 3190 246 3233 οὖν
265 3195 436 3248 σχοίημεν
457 3196 660 3249 ἀπολογίαν,
689 3201 749 3235 τοῦ
776 3197 840 3248 μὲν
867 3197 1001 3237 δικαίου
1031 3198 1119 3250 μηδὲ
1147 3201 1215 3236 τῶν

188 3256 386 3307 θυγατέρων
407 3258 616 3308 φεισαμένου
637 3259 694 3297 διὰ
721 3259 785 3305 τὴν
812 3261 860 3302 εἷς
885 3259 964 3303 τοὺς
984 3258 1096 3303 ξένους
1114 3261 1218 3306 κηδε-

144 3323 146 3325 ’
191 3316 330 3366 μονίαν·
350 3320 452 3368 ἡμῶν
476 3318 511 3356 δὲ
540 3318 648 3363 οὕτως
664 3320 819 3365 ἀνηλεῶς
837 3320 917 3372 περὶ
935 3319 1012 3364 τοὺς
1032 3321 1218 3372 ἡμετέρους

190 3378 432 3429 διακειμένων,
450 3381 510 3419 καὶ
532 3381 702 3425 πολλάκις
721 3380 765 3419 τὰ
786 3381 905 3434 ψυχρὰ
920 3383 1035 3421 ἐκεῖνα
1055 3383 1113 3420 καὶ
1134 3384 1219 3419 αἴλο-

192 3439 268 3489 γίας
300 3439 452 3491 γέμοντα
495 3442 634 3494 ῥήματα
668 3443 906 3494 προϊεμένων,
937 3442 985 3483 Τι’
1013 3445 1078 3495 γὰρ
1109 3444 1220 3481 κοινὸν

1280 2338 1466 2377 exhiberet
1484 2335 1691 2390 hospitibus
1709 2334 1894 2381 honorem,
1912 2343 1945 2372 et
1960 2333 2129 2371 liberaret
2149 2347 2206 2372 eos
2223 2350 2242 2371 a

1280 2398 1514 2453 perversitate
1527 2395 1823 2437 Sodomitarum?
1842 2393 1889 2432 Et
1907 2393 1968 2432 ille
1981 2393 2127 2446 quidem
2147 2394 2240 2432 filias

1281 2475 1362 2499 suas
1375 2459 1574 2513 prostituit,
1588 2467 1628 2496 ut
1644 2457 1803 2510 hospites
1816 2455 1970 2495 viatores
1985 2459 1996 2504 (
2010 2455 2136 2494 itemm
2149 2455 2242 2493 enim

1281 2521 1404 2560 eadem
1425 2520 1506 2559 dico
1524 2525 1536 2570 )
1558 2518 1703 2558 omnino
1724 2518 1863 2569 ignotos
1882 2516 2030 2568 eriperet
2049 2515 2095 2553 ab
2114 2515 2242 2567 impio-

1281 2597 1362 2621 rum
1384 2581 1598 2620 contumelia
1621 2595 1628 2616 :
1651 2592 1714 2617 nos
1730 2586 1848 2616 autem
1876 2576 2037 2615 videntes
2053 2589 2146 2627 saepe
2165 2576 2241 2614 fra—

1281 2653 1350 2682 tres
1369 2652 1507 2682 nostros
1529 2642 1565 2679 in
1588 2641 1707 2693 ipsum
1736 2637 1930 2691 impietatis
1949 2635 2187 2689 profundum,
2210 2645 2244 2673 et

1281 2719 1393 2758 prope
1411 2703 1583 2751 dixerim,
1608 2701 1645 2739 in
1669 2701 1787 2738 fauces
1806 2697 1943 2736 diaboli
1964 2696 2108 2746 cadere,
2131 2711 2244 2747 neque

1283 2779 1442 2805 sermone
1459 2778 1516 2802 cos
1531 2762 1725 2815 dignamur
1737 2791 1746 2809 ,
1769 2773 1880 2810 neque
1899 2758 2103 2807 consulere,
2132 2771 2245 2808 neque

1283 2827 1402 2866 verbis
1419 2826 1610 2864 admonere
1621 2853 1631 2872 ,
1650 2830 1682 2860 et
1697 2821 1832 2873 eripere
1850 2834 1868 2857 a
1886 2819 2043 2866 malitia,
2064 2828 2097 2856 et
2113 2817 2159 2856 ad
2173 2819 2245 2856 vir-

1284 2897 1397 2926 tutem
1426 2884 1677 2924 manuducerc.
1709 2881 1862 2928 Qualem
1891 2880 2002 2932 igitur
2035 2879 2246 2917 habebimus

1286 2947 1564 2995 excusationem,
1586 2959 1667 2983 cum
1682 2943 1802 2995 justus
1817 2955 1928 2993 neque
1944 2936 2090 2978 filiabus
2109 2950 2244 2992 parcat,

1288 3021 1326 3050 ut
1345 3009 1529 3063 hospitum
1546 3014 1661 3046 servet
1677 3018 1801 3042 curam
1819 3019 1826 3039 ε
1848 3017 1911 3041 nos
1930 3011 2047 3040 autem
2065 3001 2114 3039 ita
2130 3001 2246 3038 immi-

1242 3092 1265 3120 B
1289 3070 1513 3112 sericorditer
1542 3081 1624 3118 erga
1651 3067 1777 3104 fratres
1805 3073 1942 3103 nostros
1967 3062 2187 3110 afficiamur,
2215 3072 2248 3099 et

1290 3147 1380 3186 sa·pe
1396 3130 1527 3183 frigida
1552 3128 1611 3166 illa
1627 3136 1660 3166 et
1677 3124 1907 3164 absurditatis
1923 3125 2024 3177 plena
2042 3123 2147 3162 verba
2163 3136 2245 3175 pro>-

1290 3196 1444 3233 feramus
1457 3192 1473 3230 3‘
1488 3189 1585 3237 Quid
1602 3188 1695 3226 enim
1711 3217 1721 3236 ,
1743 3185 1878 3237 inquit,
1899 3184 1986 3222 mihi
2003 3198 2082 3222 cum
2098 3197 2137 3220 co
2152 3197 2247 3219 com-

1290 3254 1425 3294 mune?
1447 3252 1534 3290 mihi
1560 3264 1628 3288 non
1652 3258 1703 3287 est
1735 3262 1852 3296 curae,
1873 3245 1966 3283 nihil
1996 3244 2085 3282 mihi
2119 3242 2246 3294 negotii

1293 3331 1373 3354 cum
1394 3312 1558 3359 eo.Q¹1id
1586 3310 1691 3360 dicis,
1715 3308 1841 3347 homo?
1859 3306 1957 3346 Nihil
1981 3305 2045 3343 tibi
2065 3317 2249 3342 commune

1290 3391 1370 3417 cum
1399 3376 1467 3414 co?
1490 3375 1610 3412 Frater
1632 3381 1714 3409 tuus
1735 3379 1807 3417 est,
1827 3367 1985 3420 ejusdem
2008 3375 2122 3403 tecum
2144 3374 2245 3402 natu-

1296 3455 1354 3486 ιω,
1366 3439 1431 3477 sub
1448 3435 1569 3476 codem
1587 3433 1669 3474 estis
1681 3432 1846 3479 Domino,
1863 3443 1951 3481 >ape
1966 3428 2070 3465 ctiam
2091 3425 2249 3478 ejusdem
