2433 3775
241 200 293 227 12

232 279 410 333 quomodo
431 280 468 318 in
483 278 705 331 singulorum
721 276 951 315 conscientias
971 275 1184 325 ingressum,

233 341 538 380 transformaverit
557 339 800 392 cogitationes,
819 336 1071 389 expurgaverit
1089 347 1187 371 men-

234 412 319 449 tem,
337 417 405 440 non
422 401 698 453 magistratuum
716 407 866 446 tantum,
888 397 948 435 sed
969 405 1002 433 et
1028 395 1188 446 privato-

234 478 315 502 rum
333 480 341 500 :
364 477 434 502 non
453 463 651 501 liberorum
670 468 823 507 tantum,
845 457 906 495 sed
924 465 957 494 et
976 468 1162 493 servorum
1178 469 1186 489 :

233 538 302 563 nou
319 525 481 563 virorum
496 532 649 569 tantum,
671 519 734 557 sed
749 528 783 556 et
804 517 1020 564 mulierum5
1037 528 1106 552 non
1125 514 1187 552 dj-

235 586 350 623 vitum
378 594 532 632 tantum,
554 582 617 619 sed
652 588 686 617 et
718 591 945 630 paupe1·um;
969 589 1038 613 non
1065 589 1188 613 eorum

232 655 371 683 tantum
390 645 451 695 qui
473 645 637 681 Graecam
655 640 815 690 linguam
835 637 948 675 edocti
967 645 1064 682 sunt,
1083 635 1142 674 sed
1155 644 1188 674 et

232 706 477 743 barbarorum.
508 702 581 742 Sed
608 701 694 753 quid
730 700 811 739 dico
845 698 1119 750 magistratuum
1153 706 1188 735 et

231 766 483 820 privatorum?
512 764 633 803 Etiam
660 763 736 815 ejus
766 761 830 814 qui
861 759 1026 798 diadema
1062 767 1186 811 gestat,

232 827 398 865 similiter
413 834 452 863 ut
463 825 630 872 aliorum,
650 821 902 861 conscientiam
922 819 968 858 ad
985 820 1078 857 hanc
1096 819 1185 858 obe—

230 885 403 924 dientiam
434 885 587 924 inflexit.
605 885 680 923 Nec
710 883 818 921 hodie
845 882 961 919 ullum
993 880 1186 918 discrimen

231 948 324 986 inter
341 961 496 985 mensam
529 946 655 984 divitis
688 954 722 982 et
742 943 910 997 pauperis
933 959 941 979 :
961 943 1024 980 sed
1053 942 1187 993 ubique

230 1009 380 1061 frugalis
399 1009 516 1046 victus
536 1016 598 1056 est,
617 1007 755 1044 alicnus
774 1020 794 1043 a
817 1005 908 1042 luxu
928 1012 961 1041 et
990 1012 1185 1055 apparatu,

232 1070 430 1122 majorique
453 1069 561 1107 hodie
588 1067 773 1119 voluptate
796 1064 843 1103 ad
862 1078 1020 1102 mensam
1045 1073 1187 1101 tenuem

233 1131 367 1182 quique
379 1130 568 1179 accedunt,
591 1142 699 1180 quam
720 1126 858 1180 pridem
875 1139 956 1164 cum
973 1124 1086 1162 multa
1099 1123 1191 1162 deli-

230 1203 306 1231 cata
326 1191 457 1241 edulia,
490 1191 714 1241 multumque
740 1188 868 1227 vinum
899 1200 1081 1225 meracum
1106 1199 1187 1238 pro-

232 1255 443 1307 ponebatur.

284 1319 326 1354 5⁹2.
348 1313 516 1364 Vidistis,
539 1312 675 1361 dilecti,
694 1326 739 1350 ex
758 1310 844 1364 ipsis
861 1308 1046 1363 praeludiis
1061 1308 1190 1361 jejunii

232 1376 401 1415 virtutem
435 1385 468 1414 et
494 1374 715 1428 potentiam?
735 1373 874 1411 Idcirco
905 1380 939 1409 et
965 1371 1040 1423 ipse
1061 1370 1189 1422 majori

233 1437 341 1476 hodie
363 1437 556 1485 alacritate,
583 1449 692 1487 quam
711 1443 825 1483 antea,
852 1445 1027 1470 sermones
1059 1444 1189 1482 aggre-

233 1498 343 1536 dior:
366 1498 477 1536 sciens
516 1511 572 1534 me
606 1496 642 1533 in
676 1493 801 1547 pingui
826 1491 1072 1546 profundoque
1103 1505 1189 1529 arvo

235 1560 508 1610 seminaturum,
542 1557 639 1609 quod
672 1556 775 1594 nobis
810 1553 1022 1592 multifarios
1052 1553 1188 1590 fructus

234 1635 300 1674 pro
323 1620 516 1659 seminibus
535 1617 744 1657 concreditis
767 1615 929 1668 protinus
957 1612 1102 1651 reddere
1119 1627 1189 1665 po·-

233 1682 329 1720 terit.
365 1681 554 1719 Discamus
586 1678 712 1730 igitur,
749 1677 778 1714 si
808 1676 935 1728 placet,
963 1673 1052 1725 quid
1081 1673 1192 1712 velint

237 1742 306 1780 sibi
327 1741 438 1779 verba
457 1740 551 1778 beati
565 1739 676 1778 Mosis
695 1737 802 1775 hodie
817 1737 918 1775 lecta.
940 1735 1012 1775 Sed
1039 1734 1192 1772 attendi-

236 1813 282 1853 te,
297 1803 457 1850 obsecro,
473 1801 663 1853 diligenter
677 1799 734 1836 his
750 1813 828 1850 quae
848 1813 867 1836 a
880 1797 984 1835 nobis
1001 1796 1191 1834 dicuntur:

237 1878 307 1902 non
335 1863 429 1901 enim
448 1872 566 1900 nostra
599 1861 635 1898 in
656 1860 816 1898 medium
835 1858 1032 1905 afferimus,
1051 1856 1113 1895 sed
1131 1856 1194 1894 illa

239 1924 316 1975 ipsa
346 1937 424 1973 quae
446 1921 548 1959 nobis
568 1920 691 1958 divina
723 1918 836 1971 gratia
865 1918 900 1955 in
927 1926 1082 1956 vestram
1111 1930 1194 1954 con-

239 1985 380 2023 cesserit
403 1983 606 2021 utilitatem.
628 1982 719 2029 Quae
739 1989 856 2018 autem
874 1979 951 2017 haec
967 1978 1075 2016 sunt?
1095 1980 1130 2015 1.
1148 1979 1196 2015 In

237 2048 430 2098 principio
457 2046 551 2094 fecit
571 2044 677 2080 Deus
704 2042 843 2079 coelum
872 2049 908 2078 et
938 2048 1091 2078 terram.
1112 2040 1195 2076 Me·-

239 2107 308 2144 rito
323 2106 383 2143 hic
401 2104 599 2151 dubitatur,
619 2116 725 2154 quam
747 2102 793 2139 ob
818 2114 959 2139 causam
987 2100 1112 2137 beatus
1131 2099 1197 2137 iste

241 2167 427 2220 propbeta,
461 2165 523 2216 qui
561 2164 667 2202 etiam
698 2165 774 2216 ipse
806 2162 929 2200 multis
959 2161 1098 2199 saeculis
1118 2170 1196 2213 post

241 2227 455 2267 creationem
486 2225 613 2263 mundi
640 2225 749 2273 vixit,
785 2224 861 2261 haec
893 2222 996 2261 nobis
1027 2230 1193 2274 exponat.

243 2289 336 2326 Sanc
362 2302 431 2326 non
451 2296 580 2325 temere
598 2285 665 2323 hoc
684 2285 771 2336 agit,
792 2298 855 2322 nec
881 2284 1025 2322 frustra.
1053 2282 1196 2320 Etenim

243 2351 340 2388 Deus
372 2348 521 2386 humani
551 2346 688 2399 generis
715 2345 888 2393 conditor,
915 2344 961 2382 ab
993 2343 1095 2382 initio
1134 2358 1197 2396 per

243 2412 401 2465 seipsum
418 2409 624 2448 hominibus
646 2407 867 2459 loquebatur,
893 2420 932 2443 eo
947 2419 1018 2456 quo
1036 2405 1198 2442 homines

243 2482 407 2526 poterant
424 2471 548 2510 audire
560 2469 677 2508 modo.
699 2469 759 2508 Sic
775 2468 871 2506 enim
889 2466 935 2505 ad
951 2466 1063 2504 Adam
1081 2466 1177 2504 venit
1187 2481 1196 2515 5

249 2535 300 2572 sic
317 2534 405 2572 Cain
427 2531 645 2584 increpavit;
665 2531 716 2568 sic
738 2543 820 2568 cum
834 2530 910 2567 Noe
927 2528 1100 2579 loquutus
1119 2536 1169 2564 est
1188 2543 1197 2573 ;

245 2597 296 2635 sic
331 2594 429 2648 apud
466 2594 650 2632 Abraham
680 2592 880 2644 hospitatus
909 2599 971 2628 cst.
998 2592 1044 2627 At
1073 2589 1135 2626 ubi
1162 2589 1198 2626 in

246 2658 420 2696 malitiam
435 2670 602 2708 magnam
617 2669 720 2693 omne
739 2653 925 2691 hominum
948 2665 1055 2704 genus
1070 2665 1200 2703 proru-

247 2720 314 2772 pit,
338 2733 447 2769 ncque
472 2728 556 2756 tunc
581 2731 654 2755 sese
675 2725 789 2754 totum
809 2715 854 2752 ab
872 2713 1058 2752 hominum
1078 2727 1201 2763 genere

248 2781 376 2819 avertit
393 2780 522 2832 Opifex
540 2779 698 2817 omnium
717 2793 725 2814 :
750 2775 811 2816 scd
831 2776 914 2827 quia
930 2789 991 2814 sua
1007 2774 1200 2812 familiari-

249 2851 320 2881 tate
339 2851 459 2894 postea
492 2840 629 2891 indigni
661 2839 745 2877 facti
770 2840 925 2886 fuerunt,
954 2837 1081 2874 iterum
1101 2850 1202 2873 suam

252 2917 334 2954 erga
352 2903 430 2940 illos
447 2901 638 2939 amicitiam
657 2901 826 2938 innovare
836 2899 967 2946 volens,
982 2897 1081 2949 quasi
1099 2898 1202 2948 longe

253 2964 457 3002 absentibus
475 2963 595 3000 literas
612 2962 741 3009 mittit,
761 2960 1015 2999 conciliaturus
1035 2958 1103 2996 sibi
1123 2957 1203 2995 uni-

254 3040 392 3064 versam
411 3024 596 3062 hominum
622 3032 798 3060 naturam.
813 3021 861 3059 Et
880 3021 942 3059 has
961 3019 1106 3072 quidem
1126 3019 1203 3056 lite-

255 3101 310 3124 ras
332 3085 431 3124 dedit
451 3086 562 3129 Deus,
581 3084 699 3121 attulit
725 3093 843 3121 autem
865 3084 994 3120 Moses.
1013 3080 1112 3127 Quid
1132 3080 1200 3132 igi-

256 3158 314 3185 tur
332 3147 456 3185 dicunt
475 3146 529 3183 11ae
549 3145 686 3182 literas?
706 3147 753 3181 In
772 3146 960 3196 principio
969 3143 1071 3195 secit
1099 3141 1204 3179 Deus

1222 2379 1247 2444 >zo

657 193 696 224 S.
732 192 911 224 JOANNJS
946 185 1187 222 CHRYSOST.
1227 191 1432 221 ARCHIEP.
1471 191 1822 223 CONSTANTINOP-

1263 273 1460 322 μετέπλασε
1479 273 1538 311 τὸν
1557 275 1736 325 λογισμὸν,
1754 274 1936 329 ἐξεκάθαρε
1957 275 2020 324 τὴν
2040 275 2204 323 διάνοιαν,
2219 277 2281 315 οὔκ

1263 332 1443 384 ἀρχόντων
1463 333 1566 383 μόνον
1578 363 1588 380 ,
1614 335 1705 373 ἀλλὰ
1722 335 1782 373 καὶ
1809 336 1954 374 ἰδιωτῶν
1968 352 1976 360 ·
2000 339 2061 374 οὐκ
2080 336 2282 388 ἐλευθέρων,

1262 393 1353 430 ἀλλὰ
1369 392 1428 430 καὶ
1445 392 1588 431 δούλων·
1607 397 1669 432 οὐκ
1689 397 1835 447 ἀνδρῶν,
1849 396 1938 434 ἀλλὰ
1957 397 2016 435 καὶ
2034 399 2204 449 γυναικῶν
2220 412 2228 420 ·
2243 399 2282 434 οὗ

1261 453 1450 500 πλουσίων,
1479 453 1569 490 ἀλλὰ
1587 454 1648 492 καὶ
1669 455 1828 502 πενήτων
1842 472 1850 480 ·
1878 458 1918 494 οὖ
1944 461 2014 495 τῶν
2036 456 2100 504 τὴν
2126 456 2284 494 Ἑλλάδα

1260 514 1421 564 γλῶτταν
1437 514 1722 564 πεπαιδευμένων
1733 545 1742 562 ,
1762 516 1852 554 ἀλλὰ
1867 517 1926 555 καὶ
1944 517 2144 570 βαρὸἄρων.
2164 517 2233 554 Καὶ
2248 516 2282 554 τί

1260 573 1352 627 λέγω
1371 575 1549 628 ἀρχόντων
1567 575 1652 614 ἔ’καὶ
1669 576 1833 624 ἷδιωτῶν;
1851 578 1922 616 Καὶ
1948 581 2050 616 αὐτοῦ
2064 582 2124 616 τοῦ
2143 578 2182 616 τὸ
2201 579 2281 616 διοί-

1262 637 1357 687 δημα
1390 637 1633 688 περικειμένου
1661 636 1701 674 τὸ
1723 637 1874 680 συνειδὸς
1895 638 2023 688 ὁμοίως
2046 645 2117 681 τοῖς
2147 640 2283 681 λοιποῖς

1260 698 1346 751 πρὸς
1359 697 1422 745 τὴν
1438 697 1566 744 ταύτης
1582 697 1739 744 ὑπακοὴν
1756 698 1960 748 μετέστησε.
1978 697 2048 737 Καὶ
2061 701 2123 737 οὒκ
2137 698 2211 736 ἔστι
2222 699 2283 746 σή-

1261 774 1364 811 μερον
1384 759 1550 812 διαφορὰν
1566 760 1648 797 ἰδεῖν
1669 762 1731 805 τῆς
1750 763 1809 796 τοῦ
1828 759 1995 797 πλουσίου
2011 760 2203 811 τραπέζης,
2223 760 2283 798 καὶ

1259 822 1321 866 τῆς
1349 824 1409 858 τοῦ
1445 820 1591 867 πένητος
1607 836 1615 843 ·
1649 820 1738 858 ἀλλὰ
1768 824 1949 872 πανταχοῦ
1977 820 2057 867 λιτὴ
2088 825 2110 867 ἡ
2147 821 2282 869 δίαιτα,

1259 881 1514 932 ἀπηλλαγμένη
1531 881 1668 931 κόμπου
1684 881 1741 918 καὶ
1758 881 1967 932 φαντασίας,
1983 881 2042 918 καὶ
2061 881 2149 931 μετὰ
2165 881 2282 919 πλείο-

1258 958 1313 986 νος
1341 946 1404 989 τῆς
1427 943 1552 995 ἡδονῆς
1578 941 1730 994 σήμερον
1766 945 1808 993 τῇ
1839 942 1992 996 εὐτελείᾳ
2017 944 2080 987 τ’ἧς
2111 941 2286 993 τραπέζης

1260 1003 1533 1055 προσέρχονται,
1553 1003 1575 1048 ἢ
1603 1003 1659 1041 ὅτε
1681 1003 1795 1042 πολλὰ
1817 1004 1932 1047 αὐτοῖς
1959 1003 2003 1041 τὰ
2036 1002 2284 1055 καρυκεύματα

1261 1064 1462 1116 παρέκειτο,
1486 1064 1545 1101 καὶ
1564 1062 1670 1107 πολὺς
1687 1067 1705 1102 6
1724 1063 1885 1116 ἄκρατος.

1316 1302 1456 1349 Εἴδετε,
1477 1301 1673 1352 ἀγαπητοὶ,
1695 1300 1731 1345 ἐξ
1763 1302 1874 1340 αὐτῶν
1904 1304 1973 1340 τῶν
1999 1302 2192 1354 προοιμίων
2223 1307 2286 1350 τῆς

1262 1363 1423 1411 νηστείας
1441 1363 1504 1410 τὴν
1522 1362 1640 1415 ἰσχύῊ
1664 1362 1731 1400 Διὰ
1747 1367 1847 1413 τοῦτο
1864 1362 1924 1400 καὶ
1944 1363 2045 1406 αὐτὸς
2059 1364 2148 1414 μετὰ
2167 1365 2284 1402 πλείο-

1263 1439 1318 1469 νος
1346 1424 1500 1476 σήμερον
1526 1427 1588 1470 τῆς
1618 1423 1829 1475 προθυμίας,
1849 1422 1872 1469 ἢ
1898 1424 2083 1477 πρότερον,
2112 1427 2181 1463 τῶν
2200 1425 2286 1476 πρὸς

1263 1489 1353 1537 ὑμᾶς
1372 1486 1530 1535 ἅπτομαι
1544 1485 1672 1536 λόγων,
1697 1484 1795 1529 εἰδὼς
1812 1485 1865 1523 ὅτι
1884 1487 1930 1528 εἷς
1948 1485 2102 1537 λιπαρὰν
2116 1485 2175 1523 καὶ
2198 1484 2286 1536 1’βα-

1263 1547 1393 1598 θύγεων
1414 1547 1562 1600 ἄρουραν
1583 1546 1797 1584 καταὸάλλω
1814 1545 1858 1583 τὰ
1874 1546 2073 1598 σπέρματα,
2093 1547 2284 1597 δυναμένην

1261 1607 1546 1651 πολλαπλασίους
1558 1611 1642 1658 ἡμῖν
1660 1607 1797 1660 ταχέως
1815 1609 2003 1645 ἀποδοῦναι
2020 1610 2089 1645 τῶν
2105 1608 2285 1646 καταὸαλ-

1261 1670 1416 1720 λομένων
1437 1669 1513 1713 τοὺς
1532 1668 1696 1721 καρπούς.
1712 1669 1983 1719 Καταμάθωμεν
2000 1669 2124 1717 τοίνυν,
2135 1671 2165 1707 εἷ
2179 1670 2284 1714 δοκεῖ,

1263 1735 1330 1770 τῶν
1354 1731 1506 1784 σήμερον
1525 1734 1609 1782 ἡμῖν
1635 1730 1922 1782 ἀναγνωσθέντων
1942 1733 1981 1769 ἐκ
2000 1734 2068 1769 τῶν
2085 1735 2144 1769 τοῦ
2163 1746 2284 1781 μακα-

1267 1792 1337 1844 ρίου
1364 1792 1520 1835 Μωσέως
1541 1791 1653 1843 λόγων
1674 1791 1737 1838 τὴν
1765 1791 1921 1842 δύναμιν.
1950 1791 2056 1830 Ἀλλὰ
2081 1791 2288 1844 προσέχετε,

1265 1856 1482 1905 παρακαλῶ,
1505 1853 1594 1904 μετὰ
1623 1852 1802 1904 ἀκριὲείας
1819 1858 1888 1896 τοῖς
1918 1855 2002 1905 παρ’
2021 1855 2122 1904 ἡμῶν
2143 1853 2290 1904 λεγομέ-

1266 1931 1335 1957 νοις
1351 1930 1358 1937 ·
1378 1916 1414 1952 οὗ
1434 1915 1502 1968 γὰρ
1521 1914 1565 1953 τὰ
1580 1914 1735 1965 ἡμέτερα
1752 1914 1912 1966 λέγομεν,
1929 1915 2006 1952 ἀλλ’
2027 1914 2115 1966 ἅπερ
2135 1914 2175 1951 ἂν
2191 1917 2212 1961 ἡ
2230 1919 2289 1953 τοῦ

1267 1977 1359 2014 Θεοῦ
1377 1975 1479 2028 χάρις
1496 1977 1686 2028 επαράσχῃ
1710 1975 1767 2013 διὰ
1785 1975 1848 2022 τὴν
1874 1974 2043 2027 ὠφέλειαν
2073 1975 2136 2023 τὴν
2161 1975 2290 2026 ὑμετέ-

1270 2052 1342 2089 ραν.
1364 2036 1454 2074 Τίνα
1475 2035 1510 2074 δὲ
1528 2037 1637 2074 ταῦτα
1662 2039 1772 2083 ἐστιν;
1792 2037 1853 2074 Ἔν
1875 2039 1967 2088 ἀρχῇ
1988 2035 2148 2083 ἐποίησεν
2169 2039 2186 2074 ὃ
2202 2037 2292 2081 Θεὸς

1267 2097 1324 2135 τὸν
1348 2097 1490 2148 οὐρανὸν
1514 2097 1572 2134 καὶ
1590 2096 1653 2143 τὴν
1671 2100 1748 2148 γῆν.
1771 2095 1882 2140 Ἄξιον
1900 2099 2046 2135 ἐνταῦθα
2066 2098 2290 2148 διαπορῆσαι,

1267 2158 1358 2202 τίνος
1375 2157 1489 2195 ἕνεκεν
1510 2161 1527 2195 6
1550 2158 1720 2209 μακάριος
1738 2152 1835 2200 οὗτος
1861 2157 2059 2210 προφήτης,
2087 2157 2176 2208 μετὰ
2204 2160 2291 2196 πολ-

1267 2218 1330 2262 λὰς
1361 2217 1502 2270 ὕστερον
1522 2218 1640 2270 γενεὰς
1658 2218 1826 2270 γεγονὼς,
1855 2222 1966 2256 ταῦτα
1997 2221 2081 2269 ἡμῖν
2108 2217 2291 2257 ἐκτίθεται.

1268 2282 1349 2332 Οὐχ
1378 2281 1515 2327 ἁπλῶς,
1545 2279 1619 2318 οὐδὲ
1649 2282 1740 2332 εἰκῇ.
1769 2280 1915 2328 Ἐπειδὴ
1934 2280 2002 2332 γὰρ
2023 2280 2056 2324 ἐξ
2077 2283 2188 2332 ἀρχῆς
2208 2281 2295 2318 πλᾶ-

1271 2357 1333 2384 σας
1361 2341 1419 2379 τὸν
1459 2341 1639 2393 ἄνθρωπον
1675 2344 1692 2378 6
1730 2343 1821 2385 Θεὸς
1838 2373 1847 2389 ,
1875 2343 1919 2380 δι’
1954 2345 2076 2380 ἑαυτοῦ
2123 2341 2299 2394 διελέγετο

1270 2409 1340 2447 τοῖς
1369 2402 1584 2455 ἀνθρώποις,
1609 2404 1656 2446 ὡς
1684 2402 1878 2455 ἀνθρώποις
1904 2405 2051 2441 ἀκοῦσαι
2078 2403 2222 2441 δυνατὸν
2240 2397 2298 2450 ἦν,

1270 2464 1393 2507 Οὕτως
1424 2463 1491 2514 γὰρ
1522 2463 1608 2515 πρὸς
1628 2462 1686 2500 τὸν
1711 2463 1823 2514 Ἀδὰμ
1844 2457 1948 2510 ’ἦλθεν
1965 2480 1972 2487 ·
1999 2463 2106 2508 οὕτως
2132 2467 2182 2517 τῷ
2204 2464 2295 2503 Κάϊν

1271 2525 1479 2576 ἐπετίμησεν
1494 2540 1501 2547 ·
1521 2523 1630 2566 οὕτως
1648 2527 1698 2577 τῷ
1725 2526 1807 2562 Νῶε
1834 2524 1994 2577 διελέχθη
2013 2541 2021 2548 ·
2045 2524 2154 2568 οὕτως
2173 2524 2296 2569 ἐπεξε-

1271 2586 1363 2632 νώθη
1385 2588 1434 2637 τῷ
1456 2584 1626 2636 Ἀδραάμ.
1648 2583 1664 2599 ⁹
1703 2601 1738 2622 τε
1767 2585 1802 2624 δὲ
1832 2588 1879 2628 εἷς
1904 2585 2036 2632 πολλὴν
2066 2585 2191 2623 κακίαν
2217 2585 2298 2629 ἐξώ-

1272 2650 1366 2685 κειλε
1384 2653 1482 2685 πᾶσα
1501 2650 1522 2692 ἡ
1542 2647 1610 2683 τῶν
1629 2645 1819 2699 ἀνθρώπιον
1842 2646 1959 2698 φύσις,
1981 2646 2056 2684 οὐδὲ
2073 2645 2163 2684 οὕτω
2182 2645 2298 2684 τέλεον

1273 2709 1479 2760 ἀπεστράφη
1499 2706 1538 2744 τὸ
1557 2710 1626 2744 τῶν
1655 2706 1848 2758 ἀνθρώπων
1876 2706 1973 2758 γένος
2000 2709 2017 2744 6
2040 2710 2109 2744 τῶν
2134 2707 2299 2744 ἁπάντων

1275 2768 1501 2821 δημιουργός·
1531 2769 1607 2806 ἀλλ’
1624 2767 1743 2813 ἐπειδὴ
1768 2767 1899 2812 ἀνάξιοι
1918 2768 2038 2806 λοιπὸν
2054 2767 2219 2819 γεγόνασι
2237 2770 2301 2813 τῆς

1273 2830 1412 2880 ὁμιλίας
1441 2831 1504 2874 τῆς
1532 2831 1652 2872 αὐτοῦ,
1675 2828 1883 2879 βουλόμενος
1911 2829 2015 2866 πάλιν
2036 2829 2300 2867 ἀνανεώσασθαι

1274 2891 1337 2938 τὴν
1360 2891 1444 2942 πρὸς
1464 2889 1584 2932 αὐτοὺς
1610 2890 1745 2941 φιλίαν,
1765 2889 1922 2941 καθάπερ
1947 2889 2140 2943 ἀνθρώποις
2161 2889 2300 2943 μακρὰν

1276 2957 1452 3008 ἀφεστῶσι
1470 2953 1664 3005 γράμματα
1684 2951 1838 3002 πέμπει,
1861 2951 1946 3004 πρὸς
1968 2952 2088 2989 ἑαυτὸν
2107 2952 2301 3004 ἐφελκόμε-

1276 3033 1330 3060 νος
1356 3022 1473 3053 πᾶσαν
1504 3014 1566 3061 τὴν
1592 3015 1661 3051 τῶν
1690 3013 1880 3066 ἀνθρώπιον
1901 3013 2013 3065 φύσιν.
2035 3014 2105 3052 Καὶ
2125 3019 2236 3052 ταῦτα
2257 3013 2303 3051 τὰ

1277 3078 1471 3129 γράμματα
1500 3076 1635 3126 ἔπεμψε
1664 3075 1725 3124 μὲν
1755 3078 1773 3112 6
1801 3073 1909 3121 Θεὸς,
1933 3074 2074 3124 ἐκόμισε
2102 3072 2137 3111 δὲ
2158 3075 2301 3119 Μωσῆς.

1277 3140 1324 3179 Τί
1352 3133 1409 3176 οὖν
1435 3137 1530 3187 λέγει
1556 3136 1600 3175 τὰ
1627 3136 1846 3188 γράμματα;
1880 3135 1940 3174 Ἐν
1971 3137 2065 3187 ἀρχῇ
2097 3134 2257 3181 ἐποίησεν
2284 3136 2303 3172 ὁ

300 3289 314 3304 ⁶¹
331 3277 469 3311 coislin.
490 3281 539 3310 καὶ
555 3279 687 3313 ἰδιωτῶν,
707 3280 756 3309 καὶ
779 3285 837 3309 τῶν
852 3279 969 3316 ἄλλων.)
988 3279 1037 3308 καὶ
1054 3277 1154 3308 αὐτοῦ.
1169 3271 1263 3305 Infra
1298 3274 1468 3313 Βαθὺγονον-

258 3333 339 3373 ch.
355 3342 438 3362 nnus
455 3335 502 3363 καὶ
518 3333 567 3363 οὖν.
586 3333 646 3362 ἔστι
664 3338 792 3373 σήμερον
807 3331 935 3372 διαφορὰ
948 3335 1017 3367 τῆς,
1035 3338 1103 3359 non
1120 3325 1216 3358 male.

1342 3333 1354 3349 ⁸·
1376 3320 1511 3355 Cois-lin.
1529 3326 1679 3366 παράσχοι
1704 3322 1751 3353 διὰ
1773 3325 1826 3358 τήν
1852 3324 1934 3362 ἡμῶν
1959 3325 2112 3367 ὠρέλειαν,
2130 3321 2215 3356 sorte
2235 3333 2305 3356 me-

305 3385 319 3407 h
345 3383 464 3426 Regius
482 3392 565 3413 uuus
581 3384 758 3424 ,Eam-sumu,
775 3378 855 3411 nlius
870 3377 983 3411 Codex
1003 3381 1167 3421 fizot'syzzov,
1183 3375 1264 3410 alins
1298 3375 1371 3408 lius.
1388 3373 1449 3407 Atii
1466 3375 1542 3407 item
1561 3372 1683 3405 hahent
1703 3378 1864 3419 παράσχοι.
