2483 3791
758 205 799 235 ΙΝ
838 205 940 236 CAP.
978 206 1027 236 lt.

109 290 171 336 τὴν
192 289 274 340 παρ’
295 289 399 326 αὐτοῦ
422 288 550 339 ψῆφον,
570 287 832 338 κατακοιμίζειν
846 287 922 331 τοὺς
942 286 1130 341 ἡμετέρους

106 350 302 401 λογισμοὺς,
321 349 380 387 καὶ
401 348 509 399 μηδὲν
528 347 725 400 περαιτέρω
743 351 890 401 τολμᾷν,
910 349 987 387 ἀλλ’
1003 348 1130 387 εἰδέναι

106 410 164 448 καὶ
192 411 542 463 πεπληροφορῆσθαι,
570 408 625 448 ὅτι
652 409 767 448 πάντα
787 410 880 462 λόγῳ
899 411 966 448 τινὶ
995 410 1053 448 καὶ
1074 426 1130 462 φι-

81 470 305 523 ’λανθρωπίᾳ
332 472 415 522 παρ’
450 473 554 508 αὐτοῦ
584 470 777 523 παρήχθη,
817 471 876 508 καὶ
907 470 1004 510 οὐδέν
1034 473 1128 510 ἐστιν

104 533 225 574 ἁπλῶς
244 530 304 569 καὶ
321 533 397 581 εἰκῇ
417 530 657 582 γεγενημένον·
680 530 770 569 ἀλλὰ
791 531 854 569 κᾶν
870 534 972 582 ἡμεῖς
991 531 1048 569 διὰ
1063 532 1127 577 τὴν

104 589 283 629 ἀσθένειαν
315 594 383 629 τῶν
417 591 599 644 ἡμετέρων
629 593 807 643 λογισμῶν
847 594 1027 643 ἀγνοῶμεν
1064 591 1127 638 τὴν

102 651 221 704 χρείαν
255 655 322 690 τῶν
358 652 598 704 γεγενημένων
618 682 628 698 ,
671 653 772 696 αὐτὸς
804 652 894 690 κατὰ
926 652 990 699 τὴν
1024 654 1128 690 αὐτοῦ

103 711 224 764 σοφίαν
253 713 312 751 καὶ
344 713 543 764 εὐμήχανον
566 712 829 765 φιλανθρωπίαν
852 712 990 750 ἅπαντα
1009 712 1127 764 παρή-

102 788 200 824 γαγε.

154 839 224 878 Καὶ
253 839 408 891 ἐγένετο,
428 839 555 892 φησὶν,
583 838 732 892 ἑσπέρα,
767 839 827 877 καὶ
856 838 990 889 ἐγένετο
1020 838 1125 891 πρωῒ,

100 900 215 953 ἡμέρα
228 899 324 946 ἕκτη.
344 901 407 953 Τῷ
424 900 517 938 τέλει
536 903 599 946 τῆς
617 899 721 946 ἕκτης
740 899 875 952 ἡμέρας
891 899 951 937 καὶ
968 898 1007 936 τὸ
1029 898 1125 942 τέλος

101 964 170 1000 τῶν
199 961 517 1014 δημιουργημάτων
545 960 709 998 ἁπάντων
742 960 906 1008 ἐπέθηκε·
940 959 996 997 διὰ
1023 962 1126 998 τοῦτο

101 1022 159 1060 καὶ
190 1022 364 1074 ἐπήγαγε·
393 1021 462 1060 Καὶ
487 1021 780 1068 συνετελέσθησαν
798 1024 815 1059 ὃ
835 1020 993 1072 οὐρανὸς,
1022 1020 1081 1058 καὶ
1101 1024 1122 1067 ἡ

101 1086 145 1135 γῆ
159 1113 168 1130 ,
195 1082 255 1121 καὶ
278 1088 345 1125 πᾶς
376 1085 394 1120 ὁ
413 1082 542 1133 κόσμος
563 1084 688 1121 αὐτῶν.
725 1081 858 1121 Σκόπει
873 1082 913 1120 τὸ
931 1081 1126 1134 ἀνεπαχθὲς

101 1143 160 1182 καὶ
183 1142 367 1196 ἀπέριττον
389 1146 450 1190 τῆς
470 1143 561 1187 θείας
582 1144 736 1196 Γραῑρῆς.
761 1144 842 1181 Τῶν
871 1142 1126 1182 συνεκτικωτά-

99 1219 167 1242 των
188 1204 371 1256 στοιχείων
390 1203 678 1255 μνημονεύσασα,
695 1204 809 1243 οὐκέτι
826 1204 916 1243 κατὰ
935 1204 1039 1257 μέρος
1056 1206 1124 1242 τῶν

99 1267 230 1303 λοιπῶν
257 1264 434 1315 ἐμνήσθη,
468 1267 544 1303 ἀλλ’
578 1267 742 1313 εἰποῦσα,
762 1265 998 1312 Συνετελέσθη
1026 1269 1044 1304 ὃ
1071 1268 1126 1304 οὐ-

102 1325 201 1376 ρανὸς
232 1324 290 1362 καὶ
319 1328 340 1372 ἡ
374 1327 439 1375 γῆ,
475 1325 578 1376 φησὶ,
612 1325 682 1362 Καὶ
711 1331 779 1368 πᾶς
807 1328 825 1363 ὁ
846 1324 975 1376 κόσμος
998 1329 1124 1364 αὐτῶν·

100 1383 316 1434 ἐμφαίνουσα
337 1383 393 1421 διὰ
421 1382 542 1421 τούτου
568 1382 612 1421 τὰ
634 1383 725 1421 κατὰ
744 1383 807 1430 τὴν
827 1386 892 1435 γῆν
912 1384 1050 1422 ἅπαντα
1065 1384 1124 1423 καίΙ

100 1444 157 1482 τὸν
179 1443 332 1496 οὐρανόν.
351 1444 492 1495 Κόσμος
511 1444 578 1496 γὰρ
597 1448 660 1491 τῆς
676 1446 742 1496 γ’ῆς
759 1444 804 1483 τὰ
827 1444 862 1489 ἐξ
881 1446 987 1493 αὐτης
1007 1447 1124 1484 ἀναδι-

101 1503 250 1554 δόμενα,
279 1507 325 1550 θή
360 1504 496 1555 βλάστη
527 1520 595 1542 των
627 1506 808 1555 βοτανῶν,
835 1507 904 1543 τῶν
933 1521 1078 1558 καρπων
1103 1507 1124 1551 ἡ

100 1564 209 1617 φορὰ,
231 1581 301 1603 των
320 1565 468 1618 δένδρων
493 1569 524 1604 οἱ
551 1582 701 1618 καρποί,
720 1566 765 1604 τὰ
782 1566 908 1604 ἅλλα“
887 1582 1050 1613 απαντα,
1078 1570 1128 1611 οἱς

102 1626 208 1673 αυτὴν
235 1629 253 1664 ὁ
280 1627 488 1679 δημιουργὸς
514 1627 781 1678 κατεκόσμησε
810 1644 870 1666 και
896 1631 956 1666 τοῦ
984 1630 1128 1682 οὖρανου

101 1686 207 1725 πάλιν
225 1686 376 1738 κόσμος,
404 1687 526 1735 ηλιος,
545 1687 629 1726 σελ’
599 1704 674 1735 ηνη
690 1718 698 1734 ,
720 1691 789 1726 τῶν
806 1688 942 1740 ἄστρων
964 1692 985 1736 ἡ
1006 1704 1128 1727 ποικι-

101 1746 159 1785 λία
177 1777 186 1792 ,
215 1763 276 1786 και
295 1748 339 1786 τὰ
364 1750 398 1786 ἐν
426 1747 524 1800 μέσῳ
552 1749 692 1787 ἅπαντα
721 1750 1029 1801 δημιουργήματα.
1059 1750 1128 1788 Διὰ

101 1812 204 1846 τοῦτο
226 1813 286 1846 τοῦ
314 1811 458 1861 οὐρανοῦ
478 1826 538 1848 και
556 1826 619 1856 της
640 1813 704 1862 γῆς
724 1810 996 1861 μνημονεύσασα
1013 1814 1035 1858 ἡ
1053 1811 1128 1850 θεία

102 1869 246 1922 spansa-23,
282 1876 398 1908 πᾶσαν
431 1869 494 1916 τὴν
532 1871 761 1924 δημιουργίαν
802 1871 859 1909 διὰ
894 1871 1026 1910 τούτων
1058 1874 1128 1911 τῶν

102 1929 284 1981 στοιχείων
316 1930 589 1982 συμπεριέλαὸε.
624 1931 694 1969 Καὶ
716 1931 936 1980 συνετέλεσε,
963 1932 1091 1984 φησὶν,
1110 1937 1128 1972 ὃ

101 1991 189 2034 Θεὸς
213 1994 248 2030 ἐν
265 1995 308 2042 τῇ
332 1992 447 2045 ἡμέρᾳ
465 1995 508 2044 τῇ
525 1991 610 2044 ἕκτῃ
630 1992 676 2031 τὰ
696 1993 781 2044 ἔργα
806 1995 911 2032 αὐτοῦ
933 1994 955 2031 ἃ
970 1994 1125 2042 ἐποίησε.

102 2051 234 2090 Σκόπει
265 2056 340 2096 πῶς
370 2054 429 2091 καὶ
458 2052 551 2097 ἅπαξ
579 2053 638 2091 καὶ
668 2053 826 2107 δεύτερον
854 2055 894 2092 τὸ
913 2055 995 2093 αὐτὸ
1021 2055 1127 2106 λέγει,

99 2114 159 2151 ἵνα
193 2114 360 2166 μάθωμεν
387 2115 440 2154 ὅτι
469 2115 574 2166 μέχρι
606 2118 669 2161 τῆς
694 2115 799 2163 ἕκτης
828 2115 962 2167 ἡμέρας
992 2115 1037 2154 τὰ
1065 2119 1127 2162 τῆς

100 2175 326 2227 δημιουργίας
334 2176 473 2214 ἅπαντα
486 2174 683 2227 γεγένηται.
704 2176 914 2214 Συνετέλεσε
929 2175 1012 2228 γὰρ,
1028 2176 1126 2228 φησὶ,

98 2237 142 2286 τῇ
168 2236 284 2289 ἡμέρᾳ
313 2239 355 2288 τῇ
385 2235 471 2288 ἕκτῃ
499 2236 544 2274 τὰ
572 2236 656 2288 ἔργα
688 2239 792 2275 αὐτοῦ
822 2237 845 2275 ἃ
869 2236 1037 2284 ἐποίησε,
1067 2237 1126 2275 καὶ

97 2297 315 2336 κατέπαυσεν
339 2300 373 2336 ἐν
395 2300 438 2348 τῇ
463 2297 580 2352 ἡμέρᾳ
597 2302 640 2349 τῇ
660 2298 792 2351 ἑέδόμῃ
816 2298 886 2337 ἀπὸ
901 2299 1041 2338 πάντων
1057 2303 1126 2339 τῶν

99 2357 206 2411 ἔργων
228 2360 332 2396 αὐτοῦ
350 2352 397 2396 ὧν
417 2358 572 2404 ἐποίησε.
594 2359 642 2397 Τί
660 2360 736 2397 ἐστι
752 2389 761 2406 ,
780 2359 850 2398 Καὶ
868 2359 1066 2400 κατέπαυσε
1082 2364 1125 2413 τῇ

99 2418 215 2470 ἡμέρᾳ
232 2421 275 2469 τῇ
302 2418 436 2470 ἑὸδόμη
463 2418 532 2457 ἀπὸ
559 2419 699 2458 πάντων
726 2422 794 2457 τῶν
821 2420 930 2474 ἔργων
951 2422 1056 2460 αὐτοῦ
1077 2416 1125 2460 ὧν

100 2478 263 2525 ἐποίησε;
287 2478 341 2517 Θέ
328 2494 364 2515 -α
386 2482 461 2522 πῶς
494 2480 743 2532 ἀνθρωπίνως,
777 2481 837 2518 καὶ
862 2481 919 2519 διὰ
948 2482 1012 2528 την
1041 2484 1127 2536 πρὸς

101 2541 193 2587 ἡμᾶς
209 2538 506 2589 συγκατάὸασιν’
486 2556 624 2578 απαντα
642 2539 871 2592 διαλέγεται(
853 2556 875 2587 η
893 2541 969 2580 θεία
986 2543 1125 2594 Γραοή·

100 2598 176 2636 ουδὲ
198 2598 265 2651 γὰρ
289 2603 330 2645 ἦν
364 2600 478 2643 ἄλλως
503 2603 597 2650 ημᾶς
616 2601 768 2640 συνιέναι
788 2617 823 2640 τι
840 2604 909 2640 τῶν
929 2604 1124 2656 λεγομένων

100 2659 149 2709 μὴ
178 2658 349 2706 τοσαύττς
375 2660 582 2705 ἀξιωθέντας
601 2663 908 2712 συγκαταὸασεως.
927 2666 996 2703 Καὶ
1016 2665 1124 2704 κατέ-

98 2736 209 2760 παυσε
225 2751 233 2767 ,
260 2737 389 2773 φησιν,
409 2725 426 2760 ὃ
445 2723 572 2765 Θεὸς’
557 2739 591 2761 εν
597 2739 656 2785 ..τῃ
683 2725 800 2777 ἡμέρα
823 2729 866 2778 τῇ
893 2726 1025 2779 ἑὸδόμῃ
1055 2727 1125 2766 ἀπὸ

97 2781 238 2820 πάντων
258 2784 326 2819 τῶν
347 2781 457 2834 ἔργων
472 2784 577 2822 αὐτου
593 2787 640 2821 ὡν
655 2785 831 2832 ἐποίησεν.
846 2784 864 2806 ¹’
877 2785 1034 2834 Ἴζστη,
1025 2788 1123 2841 φησὶ,

96 2846 157 2880 τοῦ
179 2843 420 2893 δημιουργεῖν,
442 2843 501 2882 καὶ
522 2844 692 2896 παράγειν
723 2846 792 2884 ἀπὸ
810 2851 870 2885 τοῦ
893 2847 941 2898 μὴ
962 2848 1057 2892 ὄντος
1076 2851 1124 2894 εἷς

95 2904 136 2941 τὸ
163 2907 263 2942 εἶναι.
293 2904 418 2942 Παντα
447 2903 514 2956 γὰρ
535 2904 600 2943 ὅσα
629 2907 737 2960 ἐχρην
761 2924 966 2960 παρηγαγε,
986 2925 1046 2947 και
1066 2910 1122 2948 τὸν

97 2965 268 3015 μέλλοντα
285 2965 417 3004 τούτων
433 2966 621 3005 ἀπολαύειν
639 2969 905 3045 ἐδημιουργησε.
938 2971 1008 3009 Καὶ
1027 2972 1123 3010 εὐλό-

95 3041 207 3078 γησε,
235 3027 356 3078 φησὶν,
384 3041 402 3064 ο
423 3026 513 3070 Θεὸς
539 3027 602 3075 τὴν
626 3028 763 3082 ἡμέραν
789 3030 852 3078 τὴν
875 3031 1050 3083 §Cssduhtv
1068 3032 1128 3071 και

94 3086 240 3139 ἡγίασεν
259 3089 322 3124 αὐτ
310 3103 364 3133 ην
381 3117 390 3135 ,
418 3086 472 3124 ὅτι
491 3088 525 3125 ἐν
542 3090 631 3139 αὐτῃ
651 3089 869 3130 κατέπαυσεν
892 3092 961 3130 ἀπὸ
980 3107 1024 3131 π’.
1026 3093 1126 3131 ίντων

94 3150 164 3186 τῶν
180 3147 289 3202 ἔργων
310 3149 414 3186 αὐτοῦ
433 3152 480 3186 ὡν
501 3148 629 3200 ἤρξατο
644 3154 662 3190 ὁ
681 3151 745 3190 (·)ε
737 3167 770 3194 ς
789 3167 879 3191 πειε.
885 3167 912 3189 ν.
943 3155 978 3174 ‘²'
988 3152 1013 3190 l¹
1023 3154 1126 3202 πειδὴ

95 3208 162 3261 γὰρ
184 3208 266 3256 ἔστη
288 3209 520 3262 δημιουρκιη,
543 3210 602 3248 καὶ
625 3211 724 3252 πάντ
727 3230 739 3250 ι
757 3215 823 3252 ὅσα
842 3213 1013 3262 ἒὸουληθη
1034 3216 1126 3254 κατὰ

145 3345 157 3362 ¹¹
173 3336 310 3370 Coislin.
326 3342 343 3376 ἡ
358 3343 534 3382 βλάστησις.

150 3390 164 3413 Ι·
184 3388 319 3424 Coislin.
338 3397 370 3423 et
387 3391 453 3423 (1:10
472 3390 525 3424 alii
548 3397 563 3426 ξ

566 3407 632 3430 ιτς.
654 3399 740 3439 jaziz,

791 3425 807 3449 Ι

1067 204 1231 236 GENES.

2096 198 2158 261 95

1200 294 1320 324 nostra
1343 285 1576 338 comprimere
1596 286 1796 339 ratiocinia,
1815 302 1929 340 neque
1946 290 2083 342 aliquid
2099 294 2157 331 ul-

1200 355 1253 384 tra
1283 345 1453 398 aggredi5
1485 346 1546 384 scd
1577 347 1666 385 scire
1699 355 1734 386 et
1766 362 1973 400 persuasum
2002 351 2132 390 habere
2150 385 2158 401 ,

1200 407 1317 445 omnia
1337 407 1472 446 ratione
1492 408 1668 459 quadam,
1687 418 1719 447 et
1739 424 1804 462 pro
1825 410 2043 463 benignitate
2067 427 2130 451 sua
2145 445 2157 463 ,

1200 468 1246 505 ab
1267 468 1343 520 ipso
1362 468 1533 520 producta
1557 470 1685 520 fuisse,
1706 470 1866 522 nihilque
1882 481 2012 511 temere
2032 482 2065 511 et
2084 473 2160 513 sinc·

1200 542 1303 566 (ausa
1325 530 1455 567 factum
1475 544 1572 580 essej.
1594 545 1718 569 verum
1748 531 1830 569 licet
1860 546 1922 570 nos
1951 533 1998 571 ob
2031 544 2159 573 nostrae

1199 589 1346 627 rationis
1380 590 1660 630 imbecillitatem
1692 592 1895 644 ignoremus
1927 594 2157 647 opificiorum

1200 649 1305 686 utilit:
1308 659 1403 695 uem,
1422 650 1539 702 ipsum
1556 661 1669 690 tamen
1686 667 1741 690 sc(
1745 653 1883 692 undum
1900 669 2001 693 suam
2016 656 2156 709 sapien-

1201 709 1286 745 tiam
1303 719 1336 746 ct
1356 710 1625 750 solertissimam
1651 711 1906 765 l›enignit‹··it‹m
1930 717 2049 755 omnia
2071 730 2152 770 lro-

1197 767 1358 806 duxisse.

1229 829 1286 863 7.
1302 829 1488 880 Etsacta
1507 838 1583 876 est,
1610 829 1743 881 inquit,
1763 846 1925 884 vespera
1945 834 2151 886 etfaciam

1197 896 1251 925 est
1271 902 1399 935 inane,
1416 890 1496 928 dies
1515 899 1659 929 serlus.
1681 891 1759 929 Fini
1776 893 1846 931 (lici
1863 904 1969 932 sexta·
1985 896 2091 934 etiam
2108 898 2151 936 si-

1197 962 1277 986 ncm
1295 949 1472 988 formandi
1493 962 1670 990 creaturas
1688 952 1850 1004 addidit,
1871 964 1904 992 ct
1923 966 2068 1008 propter
2088 958 2153 996 boc

1197 1009 1356 1047 subdidit
1376 1026 1384 1047 :
1405 1012 1440 1050 1.
1454 1013 1508 1050 Ec
1522 1014 1697 1065 perfecta
1712 1024 1801 1052 sunt
1817 1016 1968 1063 cwlum,
1986 1027 2021 1056 et
2038 1026 2153 1067 terra,

1197 1080 1233 1109 et
1254 1076 1379 1111 omnis
1406 1083 1567 1112 ornatus
1591 1089 1736 1113 eorum.
1762 1078 1953 1117 Considera
1973 1093 2081 1130 quam
2102 1080 2155 1118 ni-

1197 1136 1249 1174 bil
1275 1138 1319 1174 sit
1339 1138 1582 1190 superfluum,
1605 1140 1768 1192 nihilque
1783 1142 1987 1182 redundans
2006 1145 2039 1182 iu
2061 1144 2157 1184 divi-

1197 1197 1251 1236 nis
1270 1198 1412 1237 Literis.
1430 1201 1624 1251 Postquam
1645 1202 1900 1242 clementorum
1923 1215 2048 1244 cuncta
2064 1220 2157 1245 com-

1195 1257 1429 1310 plectentium
1465 1260 1627 1298 meminit
1645 1290 1657 1310 ,
1707 1275 1776 1299 non
1816 1262 1910 1300 ultra
1951 1263 2157 1303 minutatim

1195 1319 1332 1370 reliqua
1362 1330 1634 1372 commemorat,
1659 1321 1723 1361 sed
1758 1332 1796 1361 ut
1827 1323 1950 1374 dixit,
1974 1327 2158 1379 Perfecta

1196 1388 1286 1418 sunt
1301 1381 1438 1418 coelum
1453 1390 1489 1419 et
1501 1389 1605 1419 terra
1615 1412 1628 1433 ,
1643 1382 1764 1433 addit,
1785 1385 1839 1422 Et
1857 1387 1981 1423 omnis
1995 1394 2157 1425 ornatus

1197 1454 1328 1479 eorum
1344 1456 1355 1477 .·
1370 1455 1441 1492 quo
1459 1442 1639 1494 significat
1655 1443 1774 1481 omnia
1791 1453 1824 1482 et
1842 1460 1922 1496 quae
1942 1446 1977 1483 in
1995 1445 2099 1497 caelo,
2123 1455 2157 1485 et

1197 1516 1275 1553 quae
1295 1503 1329 1540 in
1353 1511 1459 1541 terra.
1479 1505 1637 1543 Ornatus
1659 1505 1755 1543 enim
1782 1515 1882 1544 terra:
1903 1516 1985 1544 sunt
2014 1521 2052 1545 ea
2078 1522 2156 1558 quze

1197 1563 1243 1601 ab
1261 1563 1323 1601 illa
1342 1565 1572 1616 proferuntur
1583 1596 1593 1614 ,
1610 1574 1648 1603 ut
1666 1565 1859 1604 herbarum
1881 1567 2038 1620 germina
2049 1598 2061 1619 ,
2078 1569 2155 1606 fru—

1199 1633 1321 1662 ctuum
1357 1635 1574 1677 proventus,
1607 1626 1778 1664 arborum
1811 1628 1950 1667 fructus
1963 1658 1975 1679 ‚
2014 1629 2156 1680 aliaque

1198 1686 1316 1724 omnia
1333 1687 1465 1737 quibus
1480 1687 1579 1724 illam
1595 1688 1731 1740 Opisex
1746 1688 1888 1726 ornavit
1905 1705 1913 1725 :
1933 1699 2079 1728 ornatus
2090 1691 2157 1729 ite-

1198 1762 1279 1785 rum
1299 1748 1374 1785 caeli
1385 1778 1397 1797 ,
1420 1749 1486 1796 sol,
1504 1749 1602 1797 luna,
1619 1749 1804 1787 stellarum
1823 1751 1992 1798 varietas,
2017 1761 2154 1790 creatu-

1198 1822 1316 1859 raeque
1334 1823 1455 1848 omnes
1471 1810 1702 1848 intermedizc.
1728 1813 1770 1850 Et
1790 1812 1922 1850 idcirco
1936 1827 2034 1851 sacra
2053 1814 2153 1853 Scri-

1199 1878 1303 1921 ptura
1331 1870 1459 1908 caelum
1486 1879 1686 1921 terramque
1716 1886 2018 1924 commemorans7
2051 1888 2156 1913 omne

1199 1930 1267 1968 Dei
1283 1930 1467 1983 opificium
1481 1945 1543 1984 per
1559 1932 1632 1970 haee
1649 1933 1819 1971 elementa
1839 1935 2022 1987 complexa
2038 1944 2099 1973 est.
2115 1938 2153 1975 5'2.

1198 1994 1251 2029 Et
1260 1994 1437 2046 perfecit,
1459 1992 1593 2043 inquit,
1616 1995 1722 2032 Deus
1742 1995 1804 2032 die
1819 2004 1927 2033 sexto
1947 2010 2064 2047 opera
2081 2010 2155 2035 sua

1198 2055 1409 2104 qucefecit.
1433 2054 1626 2092 Considera
1643 2055 1822 2106 quomodo
1841 2057 1948 2094 semel
1971 2067 2004 2095 et
2024 2058 2154 2096 iterum

1197 2113 1293 2151 idem
1307 2113 1417 2162 dicit,
1429 2123 1469 2152 ut
1481 2113 1662 2152 discamus
1676 2115 1767 2153 intra
1782 2126 1921 2154 sextum
1938 2117 2034 2156 diem
2051 2119 2154 2157 abso-

1196 2174 1273 2212 luta
1294 2174 1403 2212 fuisse
1421 2175 1556 2214 omnia.
1585 2178 1759 2230 Perfecit
1777 2178 1871 2216 enim
1887 2209 1896 2227 ‚
1930 2179 2067 2231 inquit,
2092 2183 2155 2221 die

1196 2245 1305 2275 sexto
1329 2251 1444 2289 opera
1462 2251 1534 2276 sua
1565 2252 1650 2290 quoe
1664 2240 1772 2292 fecit
1782 2270 1796 2288 ,
1818 2249 1854 2278 et
1877 2244 2064 2294 requievit
2092 2244 2155 2282 die

1150 2307 1176 2336 D
1196 2301 1356 2350 septimo
1377 2300 1426 2336 ab
1453 2301 1630 2337 omnihus
1646 2303 1821 2351 operibus
1841 2305 1921 2341 suis
1941 2317 2028 2355 quoe
2041 2305 2152 2356 fecit.

1197 2359 1296 2409 Quid
1325 2369 1376 2398 est
1397 2360 1494 2412 quod
1520 2360 1609 2398 dicit
1633 2376 1641 2397 :
1662 2363 1715 2399 Ec
1743 2366 1932 2415 requievit
1962 2365 2070 2403 Deus
2093 2367 2155 2403 die

1197 2425 1358 2475 septimo
1390 2425 1440 2460 ab
1478 2425 1654 2474 operibus
1680 2426 1760 2462 suis
1790 2426 1993 2478 quoesecit
2010 2429 2027 2462 Ρ
2060 2426 2156 2466 Vide

1197 2484 1374 2537 quomodo
1393 2485 1551 2521 humano
1572 2498 1691 2533 more,
1711 2494 1745 2522 ct
1769 2486 1923 2536 quadarn
1944 2495 2153 2539 attempera-

1197 2547 1292 2584 tione
1303 2546 1347 2584 ad
1364 2555 1519 2583 nostram
1537 2545 1817 2584 imbecillitatem
1831 2546 1954 2586 divina
1971 2548 2154 2600 Scriptura

1197 2608 1315 2645 omnia
1344 2608 1512 2658 loquatur
1533 2622 1540 2642 :
1563 2606 1722 2657 alioqui,
1747 2606 1815 2645 nisi
1843 2607 1908 2645 liae
1937 2609 2071 2646 ratione
2093 2624 2155 2647 usa

1196 2668 1336 2717 fuisset,
1357 2682 1426 2705 non
1447 2667 1685 2719 potuissemus
1703 2667 1843 2718 aliquid
1871 2668 2052 2707 dictorum
2079 2671 2156 2722 ejus

1197 2730 1404 2781 intelligere.
1429 2731 1480 2767 Et
1513 2730 1712 2780 requievit,
1731 2727 1857 2779 inquit,
1873 2731 1978 2768 Deus
2011 2732 2074 2769 die
2096 2745 2156 2769 se-

1194 2795 1315 2844 ptimo
1326 2793 1374 2829 ab
1387 2791 1563 2827 omnihus
1575 2791 1679 2840 operi
1683 2791 1749 2826 bus
1759 2792 1836 2827 suis
1851 2805 1936 2842 qna?
1931 2792 2020 2844 feci
2023 2801 2049 2829 t.
2063 2792 2155 2831 Suh'-

1197 2852 1302 2901 stitit,
1323 2852 1454 2902 inquit,
1473 2859 1505 2887 et
1525 2849 1690 2887 ccsssavit
1707 2864 1726 2886 a
1744 2851 1939 2889 formandis
1955 2853 2154 2905 producen-

1197 2914 1324 2965 disque
1343 2928 1386 2951 ex
1401 2913 1515 2950 nihilo
1530 2911 1647 2949 rebus.
1666 2911 1796 2949 Omnia
1814 2912 1905 2950 enim
1924 2927 2155 2967 quaecumque

1197 2975 1382 3028 oportebat
1403 2973 1645 3026 p1‹(luxcr‹,it
1665 2981 1698 3010 et
1718 2987 1799 3010 eum
1820 2974 1880 3024 qui
1904 2974 1960 3012 his
1980 2977 2154 3016 finiturus

1197 3045 1271 3073 e1at
1287 3036 1389 3073 foruit
1384 3049 1425 3072 u
1427 3043 1511 3071 erat.
1529 3034 1565 3070 5.
1590 3034 1639 3070 Ec
1658 3034 1871 3083 benedithc
1890 3035 2027 3087 inquit,
2047 3040 2154 3077 Deus

1149 3101 1173 3131 E
1199 3098 1300 3134 diem
1312 3105 1528 3147 septarium,
1545 3094 1854 3147 &sanctificavit
1866 3097 1992 3143 illum,
2009 3113 2101 3151 qma
2114 3103 2155 3137 in

1200 3158 1269 3194 illo
1288 3158 1430 3208 requiei
1436 3158 1474 3192 ·ic
1501 3156 1550 3191 ab
1575 3156 1752 3193 ommbus
1775 3159 1951 3207 operibus
1971 3161 2049 3197 suis
2068 3174 2155 3223 quse

1199 3222 1362 3266 crepitat
1387 3212 1658 3264 Deussacere.
1672 3213 1765 3250 Nam
1785 3222 1972 3265 postquam
1993 3218 2060 3254 sub
2085 3218 2155 3256 titit

1270 204 1428 235 ttoMtL.
1469 206 1514 236 Χ.

1151 1575 1175 1605 C

1190 3355 1201 3369 ε
1219 3343 1355 3378 (Σοῖδὶίυ.
1379 3347 1477 3382 ἐπειδὴ
1500 3350 1558 3390 γάρ
1587 3350 1647 3380 ἐστι
1673 3347 1866 3390 δημιοαργός,
1886 3350 2002 3387 πάντα,
2020 3357 2092 3389 quat·
2111 3344 2154 3378 le-

769 3401 824 3430 ὑπ’,
841 3403 891 3430 τοὶ
910 3401 1107 3442 ’,κμτσηργεῐκ
1145 3399 1212 3431 ctio
1230 3408 1295 3430 non
1314 3395 1510 3440 spernenda.

2176 1028 2250 1053 Gru,
2271 1038 2283 1053 e
2316 1037 2343 1055 2.
