2516 3791
112 373 184 401 luc.
196 375 284 404 16.25

158 1104 295 1130 S›·neetus

107 1144 180 1170 laona
198 1155 272 1181 quae.

151 3178 300 3213 Qualiin-

112 3230 142 3255 gf
148 3227 188 3246 1111
231 3222 298 3247 :irini

313 149 406 203 4⁴3ss

312 248 468 286 carnales
503 248 600 286 dicit.
635 248 706 295 Qui
738 248 832 286 euim
861 249 1024 301 poterat?
1054 247 1263 285 Incredulus

311 308 405 347 enim
432 318 505 346 erat
532 318 632 362 pater
655 309 744 361 ejus,
766 318 799 346 01
828 323 895 346 11011
922 317 995 346 crat
1024 306 1195 358 possibile
1225 314 1264 342 ut

312 370 475 408 eumdem
495 370 612 408 locum
634 378 893 421 caperet,quem
912 369 980 405 illc.
992 369 1134 404 Hiatus
1154 366 1263 411 enim,

311 431 612 483 inquitflnagnus
633 439 686 467 est
707 432 809 466 inter
825 442 892 465 nos
913 437 949 465 et
969 441 1055 465 vos.
1074 429 1194 474 Quare
1208 425 1263 463 di-

310 492 377 539 xit,
397 493 468 529 Ad
483 501 612 543 patres
627 493 736 526 tuos?
750 490 869 527 Justos
889 489 1086 536 insinuans,
1103 497 1142 526 ut
1158 487 1262 535 Abel,

311 562 344 589 et
359 554 485 598 Noe,et
504 550 640 587 Enoch.
662 550 855 596 ssl'utr't'tus,
869 549 995 600 inquit,
1008 552 1050 586 in
1069 557 1262 586 senectute

313 616 423 649 bona.
446 610 492 647 Et
511 610 626 660 qualis
644 609 720 646 haec
738 618 897 647 senectus
914 610 1021 657 bona,
1039 610 1184 647 sortasse
1198 608 1260 646 di-

310 680 362 708 cet
381 670 523 720 aliquis,
543 670 589 708 ad
613 684 721 720 quam
742 670 849 708 tantis
873 670 1043 708 molestiis
1067 685 1130 722 per
1152 679 1262 708 totam

311 731 422 768 vitam
445 731 609 769 transiit?
629 732 768 769 Verum
793 746 836 769 ne
855 732 923 770 hoc
951 731 1123 780 attendas,
1140 732 1261 781 homo,

308 791 369 829 sed
390 801 505 844 specta
524 807 602 843 quae
631 793 683 830 illi
706 793 802 831 omni
827 801 984 845 tempore
1005 793 1111 830 fuerit
1131 792 1260 843 gloria,
1286 798 1310 827 Ε

307 862 340 890 01
359 854 536 904 quomodo
556 854 732 905 gloriosus
751 854 878 891 vixerit
900 853 1194 905 peregrinus,qui
1213 854 1262 891 ci-

307 913 417 950 vitate
433 914 580 964 socoque
600 914 755 961 carebat,
775 923 808 951 et
827 923 959 964 quanto
976 913 1043 966 ipsi
1065 913 1195 951 datum
1213 923 1263 952 est

307 973 404 1011 omui
425 983 581 1026 tempore
600 974 667 1012 Dei
687 974 847 1012 subsidio
866 975 950 1012 frui.
969 976 1049 1012 Non
1073 974 1183 1026 igitur
1202 989 1262 1012 se-

309 1034 465 1073 cundum
481 1044 687 1088 praesentem
697 1035 899 1088 opinionem
913 1034 958 1073 de
969 1035 1072 1073 rebus
1081 1035 1263 1087 judicium

310 1096 411 1144 feras,
427 1090 539 1147 neque
553 1106 766 1135 senectutem
782 1111 856 1134 esse
870 1097 999 1134 bonam
1013 1110 1165 1145 censeas,
1179 1111 1260 1135 ver-

308 1158 380 1195 sari
402 1158 435 1196 in
460 1158 562 1207 luxu,
583 1158 735 1206 deliciis,
754 1167 788 1196 et
806 1158 966 1211 crapula,
986 1157 1022 1196 in
1042 1158 1262 1210 possessione

307 1218 532 1269 divitiarum,
556 1229 588 1257 et
617 1234 744 1272 magna
776 1220 991 1258 famulorum
1019 1219 1261 1268 multitudine,

764 167 802 197 S.
837 167 1019 198 JOANNJS
1056 166 1294 197 CHRYSOST.

308 1281 636 1333 mancipiorumque
650 1281 829 1333 gregibus.
844 1281 927 1319 Haec
943 1280 1037 1318 enim
1049 1289 1260 1318 senectutem
1273 1305 1322 1329 377
1334 1282 1393 1320 καὶ
1416 1283 1613 1336 ἀδδηφαγίᾳ
1633 1285 1777 1336 διάγειν,
1797 1285 1814 1305 ¹’

307 1341 437 1379 bonam
460 1356 530 1380 non
557 1341 721 1390 reddunt,
741 1342 801 1380 sed
820 1351 853 1380 et
869 1341 1020 1379 multam
1044 1341 1260 1379 condemna-
1287 1342 1312 1370 Λ

308 1402 440 1440 tionem
467 1403 621 1440 asserunt
648 1402 680 1441 ei
709 1403 771 1453 qui
798 1417 841 1440 ne
865 1402 898 1440 in
925 1411 1101 1440 senectute
1119 1402 1262 1454 quidem

310 1463 562 1500 continentiam
584 1472 736 1510 exercet,
759 1477 872 1513 neque
898 1462 945 1500 ad
964 1472 1140 1501 extremos
1159 1464 1264 1501 reda-

309 1532 385 1561 ctus
417 1523 575 1575 spiritus,
595 1524 641 1562 de
671 1524 715 1561 iis
740 1538 817 1574 quae
845 1523 1040 1575 expediunt
1075 1524 1263 1575 deliberat,

308 1584 370 1621 sed
397 1584 557 1634 quotidie
585 1584 746 1635 indulget
774 1585 901 1631 ventri,
924 1593 1078 1623 sectatur
1097 1586 1263 1624 convivia

308 1654 340 1682 et
356 1645 554 1691 ebrietates,
570 1645 615 1683 de
634 1646 764 1696 quihus
783 1644 949 1683 omnibus
964 1659 1034 1684 non
1054 1646 1168 1683 multo
1182 1656 1264 1698 post

308 1706 479 1744 rationem
500 1705 706 1744 redditurus
726 1715 790 1744 est.
809 1707 899 1744 Sane
917 1707 979 1757 qui
994 1706 1030 1744 in
1045 1706 1101 1745 via
1118 1706 1263 1745 virtutis

308 1767 520 1816 ambulavit,
545 1767 604 1806 hic
625 1781 707 1805 vere
725 1767 880 1804 nutritus
902 1767 938 1804 in
958 1776 1133 1806 senectute
1151 1768 1260 1817 bona,

307 1829 381 1867 vita
416 1829 590 1880 fungitur,
607 1837 639 1866 et
674 1828 841 1866 laborum
869 1828 1098 1881 praesentium
1129 1829 1264 1867 invenit

308 1890 570 1928 retributiones.
590 1890 636 1927 Et
663 1890 798 1928 idcirco
823 1889 939 1941 inquit
965 1906 972 1925 :
1000 1890 1089 1928 Tuis
1116 1890 1263 1942 quidem

309 1951 497 2002 nepotibus
521 1951 603 1988 talia
623 1951 795 1999 evenient,
812 1959 849 1988 tu
871 1959 988 1988 autem
1009 1951 1126 1989 abibis
1144 1951 1263 1989 nutri-

309 2020 366 2048 tus
390 2011 425 2048 in
454 2020 631 2050 senectute
660 2012 763 2049 bona.
791 2011 858 2049 Hic
887 2011 1147 2061 animadverte,
1175 2026 1263 2063 quo-

311 2071 416 2109 modo
436 2072 503 2109 nisi
523 2073 599 2124 ejus
619 2072 742 2123 ingens
761 2071 881 2109 fuisset
899 2072 1070 2111 fortitudo
1087 2082 1120 2110 et
1137 2073 1262 2124 philo-
1288 2077 1312 2106 B

311 2133 436 2186 sophia
451 2134 595 2181 eximia,
608 2133 684 2171 haec
699 2147 839 2184 quoque
852 2134 1063 2172 conturbare
1077 2135 1152 2186 ejus
1168 2147 1264 2171 men·

312 2204 382 2232 tem
398 2195 606 2246 potuissent.
628 2193 752 2231 Dicere
770 2194 865 2231 enim
883 2203 1032 2246 poterat,
1052 2195 1079 2232 si
1097 2195 1227 2245 aliquis
1247 2208 1265 2232 e

312 2255 423 2306 vulgo
442 2255 564 2292 fuisset
586 2269 593 2290 :
616 2254 736 2301 Quare
755 2255 934 2306 promittis
953 2255 1043 2292 mihi
1059 2264 1198 2293 tantum
1211 2270 1264 2293 se-

314 2330 393 2354 men
406 2331 450 2354 ex
470 2331 524 2354 me
536 2315 695 2354 futurum
716 2325 749 2354 et
767 2315 1054 2368 propagandum,
1073 2317 1103 2354 si
1122 2325 1266 2369 nepotes

313 2377 420 2415 tantis
438 2387 540 2415 erunt
560 2377 664 2415 malis
679 2387 712 2415 et
727 2377 988 2415 calamitatibus
1007 2377 1166 2426 obnoxii,
1191 2391 1266 2415 ser-

316 2438 535 2489 vitutemque
554 2447 635 2476 sunt
656 2448 704 2477 tot
725 2438 826 2477 annis
846 2438 1056 2476 toleraturi?
1077 2453 1154 2489 quae
1177 2439 1266 2476 mihi

312 2498 397 2536 liine
413 2498 573 2537 utilitas?
591 2501 727 2537 Verum
747 2499 837 2537 nihil
856 2499 986 2537 horum
998 2500 1118 2551 justus
1135 2501 1267 2552 cogita-

314 2559 379 2605 vit,
399 2558 460 2596 sed
475 2559 574 2610 quasi
591 2569 712 2610 gratus
731 2559 900 2610 famulus,
918 2560 1035 2598 omnia
1058 2575 1134 2611 quae
1154 2576 1173 2599 a
1193 2563 1268 2600 Deo

314 2620 446 2657 fiebant
477 2620 561 2658 boni
592 2621 785 2671 consuluit,
808 2630 841 2659 et
861 2635 940 2672 quae
967 2621 1035 2674 ipsi
1066 2622 1266 2673 placebant,

316 2695 388 2719 suae
416 2682 624 2733 praeferebat
649 2682 839 2721 sententiae.
864 2682 997 2721 Deinde
1023 2693 1057 2721 et
1075 2693 1215 2736 tempus
1236 2686 1268 2723 ei

317 2742 508 2792 significat,
528 2757 598 2793 quo
624 2757 642 2779 a
666 2742 836 2781 servitute
870 2752 952 2781 sunt
983 2744 1146 2782 redituri.
1176 2747 1267 2783 Nam

317 2811 502 2852 postquam
516 2803 617 2840 annis
628 2803 895 2855 quadringentis
906 2805 1099 2844 servituros
1108 2805 1269 2855 dixisset,
1294 2820 1317 2850 c

317 2862 439 2899 subdit
458 2879 466 2898 ι
486 2865 548 2901 16.
572 2865 830 2902 Generatione
845 2874 972 2903 autem
988 2876 1130 2918 quarta
1145 2882 1269 2905 rever—

319 2932 448 2960 tentur
477 2925 561 2962 huc.
595 2926 730 2963 Verum
761 2925 822 2963 hic
853 2926 980 2964 merito
1005 2927 1086 2978 quis
1110 2927 1266 2978 dubitet,

317 2983 495 3033 quomodo
523 2985 793 3037 quadringentis
822 2987 924 3025 annis
946 2987 1034 3025 dicit
1063 2989 1268 3037 servituros,

316 3044 485 3093 quamvis
507 3059 618 3095 neque
637 3045 830 3084 dimidium
850 3062 972 3085 eorum
992 3049 1123 3087 fuerint
1142 3049 1210 3102 ipsi
1235 3050 1270 3088 in

317 3103 490 3156 AEgypto.
515 3106 702 3157 Propteiea
733 3121 802 3145 non
829 3108 925 3146 dixit
957 3123 1015 3147 eos
1046 3110 1081 3147 in
1113 3110 1269 3163 AEgypto

316 3171 453 3209 futuros
480 3186 553 3209 esse
575 3172 676 3209 annis
700 3173 983 3226 quadringentis,
1000 3175 1078 3225 sed,
1096 3179 1144 3214 In
1164 3186 1268 3215 terra

355 3287 368 3301 ¹
392 3276 446 3309 Sic
465 3276 566 3309 Savil.
586 3285 617 3309 et
635 3289 748 3309 omnes
772 3290 852 3321 pene
870 3281 946 3314 Δ1155.
966 3281 1006 3313 Iu
1021 3281 1138 3314 morel.
1158 3282 1275 3325 legitur
1292 3288 1320 3316 ἐν

311 3337 388 3373 γήρα
403 3328 556 3370 ιαλῷ.510
576 3330 676 3359 varia«
692 3328 962 3372 (Ilirysostomm,
975 3332 1077 3365 niodo
1094 3339 1121 3366 ἐν
1136 3343 1225 3379 γήρᾳ,
1240 3345 1316 3366 mox

310 3395 337 3414 εν
364 3388 457 3422 γήρει.

1334 166 1538 194 ARCfflEP.
1579 166 1914 197 CONSTANTlxop
1924 189 1932 197 .

1336 246 1499 299 πατρίδα.
1521 246 1732 300 Ἀπε)εύσῃ,
1767 265 1875 301 φησι,
1909 250 1992 303 πρὸς
2013 266 2089 293 τους
2108 250 2260 302 πατέρας
2281 266 2353 296 σου,

1336 307 1374 343 οὔ
1401 322 1479 350 τους
1505 307 1596 346 κατὰ
1625 308 1738 360 σάρκα
1755 310 1877 362 λέγων.
1909 313 1994 354 Πῶς
2009 310 2096 363 γὰρ,
2117 311 2191 349 ἕπει
2211 312 2356 353 ἄπιστος

1334 370 1376 413 ἦν
1397 369 1500 407 αὐτοῦ
1523 372 1542 406 ὃ
1564 369 1700 422 πατὴρ,
1725 371 1785 408 καὶ
1812 386 1877 423 ουχ
1904 366 1973 409 οἷόν
2003 387 2039 409 τε
2072 375 2113 418 ἠν
2142 387 2200 409 τον
2233 372 2356 409 πιστὸν

1334 429 1556 481 πατριάργην
1591 432 1638 472 εἷς
1669 431 1727 468 τὸν
1756 432 1858 469 αὐτὸν
1890 432 2010 484 ἐκείνῳ
2035 435 2150 484 χῶρον
2170 434 2353 475 ἀπελθεῖν;

1334 488 1468 540 Χοίσμα
1489 490 1556 542 γὰρ
1580 490 1670 541 μέγα
1689 492 1762 529 ἐστι
1781 521 1790 538 ,
1811 509 1919 545 φησι,
1948 492 2076 543 μεταξυ
2105 496 2207 543 ἡμῶν
2234 508 2272 530 τε
2296 508 2357 530 και

1334 551 1442 599 ὑμῶν.
1477 551 1581 594 Τίνος
1609 555 1666 589 οὖν
1697 552 1810 590 ἕνεκεν
1837 553 1972 605 εἴρηκε,
1992 549 2087 606 Προς
2104 552 2182 595 τους
2201 553 2357 604 πατέρας

1334 625 1419 656 σου;
1465 611 1556 655 Τους
1592 613 1744 657 δικαίους
1783 614 2040 665 αἰνιττόμενος,
2074 629 2153 656 τους
2185 613 2265 664 περὶ
2298 628 2357 650 τον

1333 669 1413 709 'Age
1417 673 1463 719 λ,
1487 689 1565 716 τους
1590 689 1671 726 περι
1699 689 1757 712 τον
1784 676 1889 721 λ’ωε,
1924 674 2002 726 τοὺς
2027 673 2108 726 περὶ
2136 674 2193 712 τὸν
2224 673 2356 725 Ἑνώχ.

1460 733 1467 746 Χ

1335 733 1490 785 Τραφεις
1519 736 1580 772 ἶἐἶν
1608 736 1707 787 γήρει
1738 738 1849 774 καλι).
1879 735 1982 779 Ἴσως
2013 735 2052 773 ἂν
2086 735 2176 773 εἴποι
2195 751 2271 778 τις·
2294 735 2355 772 καὶ

1335 800 1431 832 ποῖον
1463 794 1504 832 ἂν
1523 795 1576 842 εἴη
1595 796 1717 834 τούτου
1747 797 1853 835 καλὸν
1872 799 2004 849 γ’ἧρας,
2023 797 2062 834 τὸ
2085 795 2254 834 τοσούτων
2284 795 2358 832 Ολί·

1334 856 1427 905 ψεων
1456 856 1595 894 ἅπαντα
1621 857 1678 895 τὸν
1709 858 1781 908 βίον
1807 859 2018 909 παρελθεῖν;
2045 856 2149 895 Ἀλλὰ
2183 855 2231 906 μὴ
2257 861 2357 894 τοῦτο

1335 915 1429 966 ἴδῃς,
1457 916 1616 970 ἄνθρωπε
1634 933 1641 940 ·
1666 918 1755 956 ἀλλὰ
1785 919 1987 969 ἀναλογίζου
2011 918 2070 957 καὶ
2097 917 2160 964 τὴν
2179 916 2257 955 καθ’
2276 916 2357 954 ἔκα-

1335 990 1415 1013 στον
1444 977 1564 1028 καιρὸν
1592 978 1835 1030 περιφάνειαν,
1862 979 1921 1017 καὶ
1940 979 2033 1022 ὅπως
2052 978 2204 1022 ἐπίδοξος
2218 977 2357 1028 γέγονεν

1335 1039 1352 1074 ὃ
1378 1036 1486 1084 ξένος,
1512 1040 1530 1075 ὁ
1551 1038 1674 1082 ἄπολις
1689 1069 1698 1086 ,
1727 1043 1745 1077 ὁ
1765 1040 1935 1088 ἀνέστιος,
1959 1040 2018 1077 καὶ
2041 1040 2124 1087 ὅσης
2151 1041 2207 1077 διὰ
2229 1038 2358 1080 παντὸς

1334 1102 1394 1135 τοῦ
1416 1097 1540 1150 χρόνου
1562 1100 1744 1146 ἀπήλαυσε
1761 1104 1824 1146 τῆς
1843 1106 1901 1139 τοῦ
1915 1103 2007 1139 Θεοῦ
2031 1101 2258 1152 ἀντιλήψεως.
2293 1100 2356 1145 Μὴ

1333 1158 1446 1196 τοίνυν
1474 1159 1565 1198 κατὰ
1595 1160 1657 1208 τὴν
1685 1167 1743 1200 νῦν
1773 1161 1947 1214 ὑπόληψιν
1971 1169 2065 1215 κρῖνε
2090 1161 2134 1200 τὰ
2149 1161 2358 1213 πράγματα,

1336 1220 1424 1270 μηδὲ
1453 1220 1571 1271 νόμιζε
1605 1225 1714 1262 ἐκεῖνο
1733 1217 1819 1261 εἶναι
1838 1227 1948 1276 γῆρας
1969 1223 2096 1270 καλὸν,
2122 1222 2161 1261 τὸ
2190 1225 2224 1260 ἐν
2244 1223 2357 1273 τρυφῇ

1822 1286 1882 1322 καὶ
1902 1287 2047 1323 πλοῦτον
2067 1287 2280 1331 κεκτῆσθαι,
2297 1281 2357 1320 καὶ

1335 1346 1477 1382 οἰκετῶν
1494 1347 1624 1392 πλῆθος
1638 1376 1647 1393 ,
1663 1347 1723 1384 καὶ
1745 1346 1969 1399 ἀνδραπόδων
1988 1346 2126 1398 ἀγέλας.
2148 1346 2273 1383 Ταῦτα
2288 1342 2357 1395 γὰρ
2394 1377 2403 1380 ,

1335 1407 1396 1443 οὐκ
1416 1405 1455 1442 ἂν
1475 1406 1632 1453 ποιήσειε
1653 1411 1763 1458 γῆρας
1783 1407 1910 1453 καλὸν,
1935 1407 2024 1445 ἀλλὰ
2052 1406 2111 1445 καὶ
2142 1405 2273 1452 πολλὴν
2291 1419 2357 1441 κα·

1334 1483 1391 1504 τα
1388 1483 1505 1517 (νων-ιν
1537 1468 1576 1505 ἂν
1607 1469 1740 1521 ἐνέγκοι
1770 1472 1819 1521 τῷ
1853 1469 1941 1519 μηδὲ
1967 1472 2000 1507 ἐν
2029 1468 2120 1520 γήρα
2147 1467 2357 1519 σωφρονῑζῦ-

1336 1526 1447 1580 με’νι),
1486 1528 1573 1579 μνδε
1606 1530 1691 1581 πρὸς
1720 1529 1826 1573 αὐτὰς
1854 1530 1915 1572 τὰς
1947 1529 2098 1581 ἐσχάτας
2124 1527 2296 1570 ἀνα-πνοάς
2323 1542 2357 1563 τι

1336 1591 1404 1625 τῶν
1424 1589 1568 1627 δεόντων
1599 1590 1838 1642 βουλευομένῳ
1851 1621 1860 1637 ,
1891 1590 1982 1628 ἀλλὰ
2001 1590 2078 1628 καθ’
2101 1590 2249 1634 ἑκάστην
2270 1587 2356 1638 ἦμέ-

1338 1665 1398 1701 ραν
1418 1650 1705 1703 γαστριζομένῳ,
1734 1652 1794 1688 καὶ
1824 1653 2002 1702 συμπόσια
2034 1651 2094 1689 καὶ
2117 1651 2223 1701 μέθας
2253 1663 2358 1699 μετα-

1336 1709 1516 1759 διώκοντι,
1536 1706 1593 1749 καὶ
1623 1712 1699 1762 μετ’
1719 1714 1756 1750 οὐ
1782 1712 1870 1751 πολὺ
1891 1712 2020 1751 τούτων
2037 1712 2198 1750 ἁπάντων
2219 1710 2358 1751 εὐθύνας

1336 1773 1558 1810 ἀπαιτεῖσθαι
1578 1772 1752 1823 μέλλοντι.
1779 1773 1823 1812 Ὁ
1847 1774 1963 1825 μέντοι
1984 1773 2072 1823 μετὰ
2087 1771 2258 1819 τοσαύτης
2281 1773 2360 1821 ἀρε-

1335 1836 1397 1880 τῆς
1415 1833 1557 1878 ὁδεύσας
1573 1834 1630 1872 τὸν
1652 1834 1727 1885 βίον
1740 1864 1751 1881 ‚
1772 1830 1869 1878 οὗτος
1885 1837 2023 1880 ἀληθῶς
2047 1833 2186 1886 τραφεὶς
2205 1835 2238 1870 ἐν
2265 1831 2358 1884 γήρᾳ

1336 1896 1433 1947 καλῷ
1452 1895 1619 1934 καταλύει
1637 1896 1700 1942 τὴν
1723 1896 1812 1944 ζωὴν
1824 1925 1836 1942 ,
1856 1896 1914 1934 καὶ
1928 1899 1996 1934 τῶν
2013 1898 2157 1934 ἐνταῦθα
2173 1893 2287 1933 πόνων
2304 1896 2359 1931 εὑ-

1339 1956 1448 2009 ρίσκει
1479 1958 1599 1996 λοιπὸν
1622 1957 1691 2001 τὰς
1724 1958 1874 2009 ἀμοιὸὰς
1893 1958 1952 1996 καὶ
1974 1956 2036 2000 τὰς
2055 1956 2255 1998 ἀντιδόσεις.
2289 1953 2359 1992 Διὰ

1336 2017 1437 2055 τοῦτό
1457 2034 1542 2070 φησι
1555 2034 1563 2041 ·
1594 2018 1672 2063 τοὺς
1692 2018 1753 2070 μὲν
1774 2019 1932 2071 ἐκγόνους
1951 2024 2060 2057 ταῦτα
2078 2016 2269 2061 διαδέξεται
2283 2045 2294 2063 ,
2318 2014 2359 2053 σὺ

1337 2078 1372 2117 δὲ
1393 2079 1568 2132 ἀπελεύσῃ
1596 2080 1737 2156 τραφεὶς
1763 2083 1797 2118 ἐν
1826 2081 1918 2134 γήρᾳ
1948 2082 2058 2131 καλῷ.
2091 2078 2224 2117 Σκόπει
2252 2077 2358 2115 πάλιν

1337 2142 1508 2188 ἐνταῦθα,
1535 2143 1563 2178 εἷ
1590 2141 1638 2191 μὴ
1659 2141 1763 2179 πολλ-
1742 2159 1771 2188 η
1796 2147 1856 2180 τοῦ
1872 2142 2005 2180 δικαίου
2022 2137 2064 2189 ἦν
2081 2144 2103 2186 ἡ
2121 2140 2278 2191 ἀνδρεία,
2298 2153 2359 2175 και

1337 2203 1398 2246 τ’ἧς
1427 2202 1629 2254 φιλοσοφίας
1657 2206 1679 2248 ἡ
1705 2202 1905 2254 ὑπερὲολὴ,
1936 2219 2010 2246 πως
2039 2219 2098 2240 και
2130 2201 2218 2239 αὐτὰ
2249 2205 2361 2238 ταῦτα

1338 2262 1440 2299 ἱκανὰ
1466 2266 1508 2308 ἦν
1540 2265 1642 2301 αὐτοῦ
1672 2265 1750 2301 διατ
1739 2264 1839 2315 αραξ
1843 2279 1878 2301 αι
1901 2263 1958 2301 τὸν
1978 2262 2159 2314 λογισμόν.
2187 2255 2278 2300 Εἷπε
2291 2260 2360 2311 γὰρ

1339 2323 1403 2372 ἂν,
1437 2340 1465 2362 ει
1493 2341 1561 2362 των
1589 2326 1728 2363 πολλων
1748 2341 1801 2368 τις
1820 2329 1882 2371 ἠν·
1910 2324 2000 2368 τίνος
2027 2324 2141 2362 ἕνεκεν
2161 2322 2359 2374 ἐπαγγέλλῃ

1341 2401 1398 2435 μοι
1416 2401 1540 2424 τοσουτ
1541 2402 1577 2424 ον
1604 2385 1639 2430 ἐξ
1659 2387 1743 2436 ἐμοῦ
1763 2386 1903 2437 σπέρμα
1923 2385 2081 2432 ποιήσειν
2101 2387 2311 2432 ἐκταθῆναι,
2331 2384 2362 2420 εἰ

1341 2446 1498 2497 μέλλοιεν
1527 2446 1702 2490 τοσούτοις
1729 2447 2002 2498 περιὲἄλλεσθαι
2033 2451 2173 2491 κακοῖς,
2203 2445 2263 2483 καὶ
2303 2444 2362 2483 ἐπὶ

1340 2505 1508 2544 τοσούτων
1539 2508 1624 2544 ε’τῶν
1655 2505 1802 2558 ἀριθμὸν
1823 2505 1977 2543 δουλείαν
2005 2504 2212 2555 ὑπομένειν;
2240 2503 2275 2541 τί
2303 2519 2362 2555 μοι

1340 2568 1379 2605 τὸ
1407 2568 1548 2619 ὄφελοςς
1578 2568 1669 2607 Ἀλλ’
1698 2567 1794 2605 οὐδὲν
1820 2565 1949 2604 τούτων
1973 2566 2136 2608 ὁδίκαιος
2166 2565 2359 2615 ἐλογίσατο,

1342 2628 1431 2665 ἀλλὰ
1459 2628 1616 2680 καθάπερ
1648 2627 1836 2680 εὐγνώμων
1856 2626 1992 2672 οἰκέτης
2012 2626 2055 2664 τὰ
2071 2625 2168 2677 παρὰ
2190 2630 2250 2663 τοῦ
2267 2626 2360 2663 Θεοῦ

1342 2689 1479 2727 ἅπαντα
1499 2689 1640 2740 ἔστεργε
1654 2720 1663 2736 ,
1690 2689 1749 2727 καὶ
1770 2688 1814 2726 τὰ
1843 2690 1936 2739 αὐτῷ
1960 2688 2126 2725 δοκοῦντα
2144 2690 2213 2725 τῶν
2239 2689 2361 2725 ἑαυτοῦ

1341 2752 1518 2801 λογισμῶν
1537 2750 1720 2800 προετίμα.
1748 2743 1838 2787 Εἶτα
1863 2748 1921 2786 καὶ
1945 2748 2003 2786 τὸν
2031 2748 2151 2799 καιρὸν
2172 2749 2266 2799 αὐτῷ
2294 2764 2363 2798 μη-

1343 2812 1413 2850 νύει
1431 2815 1494 2858 τῆς
1515 2811 1681 2849 ἐπανόδου
1710 2815 1771 2858 τῆς
1796 2810 1865 2848 ἀπὸ
1885 2812 1945 2855 τῆς
1965 2808 2130 2853 δουλείας.
2154 2808 2275 2847 Εἰπὼν
2295 2808 2362 2860 γὰρ

1342 2875 1410 2910 τῶν
1432 2875 1516 2910 ἐτῶν
1535 2872 1698 2924 ἀριθμὸν,
1720 2871 1820 2924 φησὶν
1834 2902 1843 2919 ,
1867 2871 1926 2918 ἔτη
1948 2871 2157 2922 τετρακόσια
2170 2886 2178 2893 ·
2199 2870 2361 2923 Τετάρτῃ

1343 2933 1378 2972 δὲ
1397 2940 1498 2985 γενεᾷ
1519 2933 1846 2985 ἂποστραςιῆσοντα·
1868 2927 1946 2971 ὧδε.
1979 2932 2069 2970 Ἀλλ’
2090 2933 2237 2970 ἐνταῦθα
2256 2932 2296 2968 ἄν
2312 2947 2364 2974 τις

1343 2995 1566 3046 διαπορήσειε
1596 2998 1669 3038 πῶς
1700 2993 1911 3046 τετρακόσια
1940 2993 1999 3038 ἔτη
2020 2992 2084 3044 ἔφη
2109 2991 2278 3030 δουλεύειν
2299 2994 2365 3029 αὐ·-

1341 3055 1443 3099 τοὺς,
1478 3054 1592 3093 καίτοι
1623 3053 1699 3092 οὐδὲ
1735 3054 1777 3092 τὰ
1815 3053 1928 3104 ἡμίση
1959 3052 2087 3090 τούτων
2121 3051 2364 3098 πεποιηκότων

1343 3119 1456 3154 αὐτῶν
1487 3118 1533 3159 εἷς
1560 3115 1621 3162 τὴν
1658 3115 1846 3166 Αἴγυπτον.
1878 3114 1945 3152 Διὰ
1966 3118 2066 3152 τοῦτο
2091 3115 2152 3152 οὐκ
2178 3107 2271 3151 εἶπεν
2287 3113 2364 3160 ,ὅτι

1343 3180 1390 3222 εἷς
1409 3177 1471 3225 τὴν
1499 3177 1675 3228 Αἴγυπτον
1706 3176 1907 3222 ποιήσουσιν
1936 3175 1996 3223 ἔτη
2027 3174 2256 3227 τετρακόσια,
2285 3175 2362 3212 ἀλλ’

1399 3284 1415 3307 ¹⁸
1438 3282 1539 3316 Savil.
1559 3291 1591 3315 ct
1618 3294 1671 3315 sex
1689 3283 1765 3315 Mss.
1785 3286 1833 3316 καὶ
1857 3285 1984 3316 πλούτου
2001 3286 2158 3319 κεκτῆσθαι
2183 3285 2298 3320 κακίαν,
2315 3285 2363 3314 καὶ

1353 3339 1484 3367 atteram.
