2516 3791
683 198 724 229 ix
763 199 861 229 (tw.

118 298 292 336 γραπται,
304 282 393 321 ἀλλὰ
406 281 520 320 πάντα
537 282 782 334 συμφερόντως
799 283 857 321 καὶ
870 282 955 335 πρὸς
971 283 1142 335 ὠφέλειαν

119 343 306 396 ἡμετέραν,
320 344 382 382 κᾶν
399 347 498 394 ἡμεῖς
515 343 589 381 ἔνια
606 345 796 394 ἀγνοῶμεν.
818 343 832 364 ¹'
847 346 900 382 Οὐ
916 343 984 396 γὰρ
1004 344 1142 382 ἅπαντα

118 406 293 456 δυνάμεθα
313 405 401 456 μετὰ
421 404 600 457 ἀκριδείας
622 404 768 449 εἰδέναι,
794 407 871 444 ἀλλ’
892 408 922 443 εἷ
943 406 1000 443 καὶ
1030 406 1142 448 αἰτίας

118 466 320 518 πειρώμεθά
336 483 438 504 τινων
462 465 663 505 ἀποδιδόναι
689 465 780 504 κατὰ
807 466 846 504 τὸ
875 469 958 517 ἡμῖν
990 467 1140 518 ἐφικτὸν,

119 529 195 566 ἀλλ’
207 527 301 575 ὅμως
315 527 374 565 καὶ
387 527 493 571 οὕτως
505 527 578 580 ἔχει
590 527 871 579 ἐγκεκρυμμένον
882 527 958 565 τινὰ
970 528 1141 579 θησαυρὸν

117 587 207 626 πολὺ
234 588 435 641 ἀπόκρυφόν
459 605 495 627 τε
524 589 582 627 καὶ
611 587 900 640 δυσερμήνευτον.
920 587 1051 626 Σκόπει
1070 588 1140 625 τοί-

118 665 190 696 νυν,
206 652 281 693 πῶς
309 654 330 696 ἡ
361 650 483 703 Γραφὴ
507 650 620 688 πάντα
650 652 768 701 σαφῶς
795 647 1060 701 διηγησαμένη,
1082 648 1141 685 καὶ

119 711 178 748 τὸν
197 711 326 749 σκοπὸν
343 714 428 761 ἡμῖν
447 711 649 763 γνωρίσασα
665 713 735 748 τῶν
761 712 820 747 τοῦ
842 708 975 747 δικαίου
993 707 1140 759 θυγατέ-

121 786 202 823 ρων,
221 776 280 810 νῦν
301 772 363 822 μὲν
383 762 470 823 ὑπὲρ
485 773 597 810 αὐτῶν
617 774 792 823 ἀρκοῦσαν
824 767 1016 819 ἀπολογίαν
1031 774 1141 806 ποιεῖ-

119 847 197 880 ται,
214 836 273 869 νῦν
289 833 324 870 δὲ
338 832 426 884 ὑπὲρ
444 836 504 870 τοῦ
522 831 656 869 δικαίου
670 830 746 878 ,ἵνα
764 829 886 880 μηδεὶς
906 832 1044 881 ἀφορῶν
1060 829 1145 881 πρὸς

120 892 159 930 τὸ
180 893 337 944 γεγονὸς,
358 893 447 943 μήτε
474 896 534 930 τοῦ
563 891 696 930 δικαίου
727 890 938 941 καταγνοίη,
968 889 1057 940 μήτε
1076 893 1145 928 τῶν

120 954 224 990 αὐτοῦ
247 952 456 1004 θυγατέρων,
473 954 519 995 ὡς
547 953 590 990 δι’
608 951 793 1002 ἀσέλγειαν
817 954 878 998 τῆς
906 949 1030 1001 μίξεως
1060 950 1144 988 ταύ-

119 1028 182 1059 της
201 1013 448 1064 γεγενημένης.
467 1015 550 1056 Πῶς
572 1006 630 1050 οὖν
653 1011 741 1064 ὑπὲρ
760 1015 831 1050 τῶν
859 1011 1057 1063 θυγατέρων
1085 1015 1145 1050 τοῦ

120 1073 253 1113 δικαίου
294 1075 536 1125 ἀπολογεῖται;
572 1068 683 1121 Eine,
723 1073 842 1126 φησὶν,
875 1075 895 1118 ἡ
926 1072 1146 1125 πρεσὸυτέρα

119 1135 204 1185 πρὸς
219 1134 282 1182 τὴν
307 1135 477 1187 νεωτέραν
489 1151 496 1158 ·
510 1138 528 1173 ὁ
540 1134 659 1186 πατὴρ
682 1138 784 1185 ἡμῶν
814 1134 1068 1186 πρεσὸύτερος,
1088 1134 1147 1172 καὶ

120 1195 230 1239 οὐδείς
247 1198 340 1234 ἐστιν
359 1197 417 1234 ἐπὶ
437 1199 500 1243 τῆς
521 1199 605 1249 γῆς,
619 1197 654 1240 ὃς
673 1195 908 1234 εἰσελεύσεται
925 1195 1012 1247 πρὸς
1031 1199 1125 1245 ἡμᾶς
1137 1225 1146 1241 ‚

120 1259 167 1300 ὡς
185 1257 330 1303 καθήκει
349 1257 446 1309 πάσῃ
459 1261 501 1308 τῇ
522 1261 580 1308 γῇ.
603 1257 701 1309 εὈρα
722 1255 779 1295 τὸν
799 1255 930 1296 σκοπὸν
944 1255 1034 1306 μετὰ
1051 1258 1149 1308 ἀκρι-

120 1317 216 1361 Εείας
228 1345 237 1363 ,
268 1317 327 1355 καὶ
356 1318 486 1361 παντὸς
525 1316 631 1360 αὐτὰς
666 1318 877 1360 ἀπαλλάξεις
915 1316 1148 1366 ἐγκλήματος.

121 1377 314 1429 Ἒνόυ.ισαν
333 1380 400 1430 γὰρ
426 1377 668 1429 πανωλεθρίαν
687 1380 914 1429 γεγενῆσθαι,
938 1376 997 1414 καὶ
1016 1376 1150 1427 μηδένα

121 1438 172 1476 ἔτι
192 1440 486 1492 καταλειφθῆναι·
510 1433 585 1477 εἰτα
619 1438 678 1476 καὶ
709 1453 768 1476 του
803 1438 934 1490 πατρὸς
969 1437 1086 1490 ἑώρων
1111 1439 1150 1476 τὸ

120 1514 243 1552 γηρας.
260 1498 328 1538 ‘'’lv
344 1503 415 1547 οὐν,
447 1501 550 1553 φησὶ,
578 1499 626 1551 μὴ
661 1502 834 1552 ἀφανισθῇ
863 1499 902 1537 τὸ
932 1497 1030 1550 γένος
1044 1527 1054 1547 ,
1086 1499 1144 1537 καὶ

122 1560 296 1611 ἀνώνυμοι
314 1561 496 1613 γενώμεθα
514 1562 641 1613 (τοῦτο
659 1561 727 1613 γὰρ
746 1564 789 1607 ἠν
808 1560 847 1599 τὸ
863 1561 1027 1603 παλαιοῖς
1052 1575 1149 1635 περι-

123 1621 363 1671 σπούδαστον,
383 1622 474 1661 ὥστε
497 1622 587 1661 διὰ
570 1625 634 1669 τῆς
650 1639 718 1661 των
737 1621 886 1673 ἐκγόνων
908 1622 1054 1673 διαδοχ
1033 1637 1073 1668 ης
1093 1624 1150 1660 ἐκ·

123 1682 294 1720 τείνεσθαι
307 1684 423 1721 αὐτων
443 1683 482 1722 τὸ
497 1699 537 1735 γε
523 1682 638 1731 ζ·νος)
649 1683 706 1723 ἵνα
725 1687 796 1732 οὖν,
809 1698 916 1735 φησι,
928 1682 977 1733 μὴ
993 1684 1149 1729 παντελῆ

124 1757 183 1780 και
203 1745 306 1793 ἡμεῖς
337 1743 534 1796 ἀφανισμὸν
565 1744 824 1795 ὑπομείνωμεν,
844 1747 903 1781 τοῦ
938 1743 1001 1794 μὲν
1021 1743 1152 1795 πατρὸς

123 1804 211 1854 πρὸς
230 1807 340 1855 γῆρας
358 1805 546 1848 ἐλάσαντος
561 1833 570 1850 ,
593 1805 727 1848 οὐδενὸς
758 1805 794 1842 δὲ
823 1807 1009 1856 εὑρισκομε
996 1804 1070 1842 ‘vves
1089 1807 1149 1842 ἀν-

125 1865 202 1916 δρὸς
215 1894 224 1911 ,
241 1860 270 1917 ‹ff›
287 1881 392 1916 συγγε
395 1866 537 1916 νόμεναι
555 1865 774 1916 δυνησόμεθα
789 1867 1000 1911 ἐκταθῆναι,
1015 1880 1073 1903 και
1093 1881 1154 1904 κα-

124 1906 286 1964 ταλιπεῖν
305 1942 366 1965 του
387 1928 589 1979 σπέρματος
609 1927 787 1979 διαδοχὴν,
811 1930 922 1978 Δεῦρο
935 1956 944 1974 ,
961 1942 1079 1978 φησιν,
1096 1926 1152 1964 ἵνα

126 1987 176 2036 μὴ
196 1991 298 2026 τοῦτο
319 1987 482 2039 γένηται,
498 1988 698 2039 ποτίσωμεν
713 1989 772 2027 τὸν
787 1988 924 2041 πατέρα
936 1990 1038 2038 ἡμῶν
1052 1982 1153 2027 οἶνον.

127 2048 277 2096 Ἐπειδὴ
306 2051 369 2088 οὐκ
401 2050 442 2088 ἄν
476 2066 584 2097 ποτε,
605 2050 723 2103 φησὶν,
742 2050 932 2102 ἀνάσχοιτο
965 2049 1042 2087 οὐδὲ
1066 2052 1154 2101 ἀκοῇ

124 2115 228 2149 τοῦτο
246 2110 508 2163 παραδέξασθαι
524 2115 543 2150 ὃ
561 2112 680 2164 πατὴρ
692 2143 702 2160 ,
717 2112 774 2150 διὰ
793 2115 854 2150 τοῦ
875 2112 966 2150 οἴνου
982 2109 1046 2157 τὴν
1062 2111 1156 2149 ἀπά-

125 2187 190 2217 την
207 2171 450 2223 ἐργασώμεθα.
473 2172 665 2211 Ἔπότισαν
685 2172 719 2211 δὲ
737 2173 794 2211 τὸν
815 2171 953 2223 πατέρα
972 2173 1087 2210 αὐτῶν
1106 2165 1156 2208 οἷ-

124 2247 183 2270 νον
200 2234 235 2271 ἐν
253 2235 296 2285 τῇ
316 2233 413 2271 νυκτὶ
434 2234 543 2286 ταύτῃ
561 2262 570 2279 ,
585 2234 645 2272 καὶ
670 2236 872 2272 εἰσελθοῦσα
890 2236 912 2279 ἡ
933 2231 1156 2284 πρεσὸυτέρα

125 2293 296 2344 ἐκοιμήθη
315 2292 406 2344 μετὰ
421 2298 482 2332 τοῦ
499 2294 631 2346 πατρὸς
651 2296 777 2340 αὐτῆς·
801 2293 860 2332 καὶ
876 2294 939 2331 οὒκ
957 2291 1034 2341 ᾔδει
1052 2294 1086 2329 ἐν
1108 2295 1156 2345 τῷ

125 2356 337 2404 κοιμηθῆναι
348 2354 469 2403 αὐτὴν,
487 2356 545 2393 καὶ
563 2358 768 2401 ἀναστῆναι.
783 2349 885 2398 Εἶδες
903 2356 978 2397 πῶς
993 2353 1052 2391 καὶ
1067 2353 1156 2406 ὑπὲρ

123 2418 184 2453 τοῦ
209 2415 345 2454 δικαίου
366 2416 615 2468 ἀπελογήσατο
639 2419 661 2462 ἡ
684 2416 758 2455 θεία
790 2415 938 2469 Γραφὴ,
959 2415 1025 2467 οὐχ
1043 2414 1154 2463 ἅπαξ,

125 2476 217 2514 ἀλλὰ
233 2477 292 2514 καὶ
313 2476 471 2529 δεύτερον
487 2493 497 2524 ;
515 2477 694 2530 Πρότερον
712 2476 775 2528 μὲν
794 2477 861 2529 γὰρ
878 2476 913 2521 ἐξ
932 2470 980 2514 ὧν
1000 2478 1036 2513 αἱ
1055 2479 1156 2527 θύγα-

125 2535 221 2588 τέρες
241 2537 305 2581 τὴν
331 2537 387 2575 διὰ
413 2542 474 2576 τοῦ
505 2538 597 2576 οἴνου
624 2538 764 2586 ἀπάτην
786 2537 1012 2592 εἰργάσαντο,
1032 2537 1156 2582 ἔδειξεν

128 2601 176 2642 ὡς
211 2601 274 2638 οὐκ
303 2599 344 2637 ἂν
380 2601 505 2652 ἑτέρως
538 2601 762 2648 ἠδυνήθησαν
791 2605 911 2639 πεῖσαι
936 2599 995 2637 τὸν
1022 2599 1157 2652 πατέρα

127 2675 230 2698 τουτο
249 2659 528 2705 καταδέξασθαι·
549 2677 623 2699 νυνι
643 2661 678 2699 δὲ
697 2660 819 2699 λοιπὸν
835 2665 934 2711 οἶμαι
953 2660 1012 2698 καὶ
1031 2661 1159 2698 οἰκονο-

129 2720 210 2771 μίας
236 2715 325 2759 εἶναι
353 2725 415 2768 τῆς
447 2722 577 2761 ἄνωθεν
613 2723 654 2761 τὸ
676 2723 838 2774 γεγονὸς,
874 2721 966 2760 ὥστε
995 2724 1157 2760 τοσοῦτον

129 2784 194 2820 αὐτ
196 2798 224 2833 ῳ
241 2782 347 2834 κάρον
372 2782 595 2834 ἐγγενέσθαι,
631 2786 679 2828 ὥς
719 2783 834 2836 πάντῃ
877 2785 1069 2834 ἀγνοῆσαι,
1103 2783 1159 2820 ἵνα

131 2843 312 2886 ἀνεύθυνος
330 2843 475 2895 γένηται
491 2847 561 2883 τῶν
581 2845 828 2896 ἐγκλημάτων.
845 2843 903 2882 Τὰ
916 2842 984 2895 γὰρ
1000 2843 1159 2895 ἁμαρτή-

132 2919 227 2954 ματα
245 2905 361 2942 ἐκεῖνα
381 2908 475 2956 ἡμᾶς
502 2906 705 2958 κατακρίνει
723 2905 781 2944 καὶ
801 2905 1046 2950 καταδικάζει,
1069 2904 1158 2956 ἅπερ

132 2966 172 3002 ἂν
195 2964 322 3008 εἰδότες
341 2966 400 3004 καὶ
417 2965 551 3008 ἑκόντες
571 2966 794 3018 ἁμάρτωμεν.
811 2967 921 3019 “Ορᾷς
936 2966 972 3004 δὲ
988 2966 1052 3012 τὴν
1068 2967 1158 3018 Γρα-

132 3025 199 3077 φὴν
229 3029 474 3078 μαρτυροῦσαν
502 3028 552 3078 τῷ
572 3026 715 3079 δικαίῳ,
735 3027 790 3065 ὅτι
811 3029 898 3071 ὅλως
927 3029 991 3066 οὐκ
1024 3027 1102 3079 ᾔδει
1120 3027 1159 3065 τὸ

132 3086 288 3137 γεγονός;
311 3086 417 3125 Ἀλλὰ
449 3088 554 3126 πάλιν
574 3087 691 3139 ἕτερον
718 3089 912 3128 ἀνακόπτει
945 3088 1089 3139 ζήτημα
1120 3090 1159 3127 το

133 3148 197 3192 τῆς
217 3147 336 3197 μέθης.
354 3150 415 3186 Δεῖ
433 3148 501 3201 γὰρ
518 3149 636 3187 πάντα
652 3151 911 3200 διερευνᾶσθαι,
932 3149 1024 3188 ὥστε
1047 3151 1158 3202 μηδε-

137 3207 219 3256 μίαν
252 3210 460 3247 καταλιπεῖν
494 3216 566 3254 τοῖς
601 3210 782 3262 ἀγνώμοσι
820 3211 879 3250 καὶ
915 3211 1158 3264 ἀναισχύντοις

152 3336 154 3339 -
182 3311 200 3335 b
214 3310 319 3345 Savil.
345 3319 379 3344 et
396 3312 525 3357 aliquot
543 3314 620 3349 Mss.
648 3319 681 3349 οὐ
697 3321 755 3361 γὰρ
772 3321 891 3350 πάντων
911 3317 1062 3359 δυνάμεθα
1077 3319 1146 3358 μετ’

140 3366 289 3406 ἀκριέεἱας
303 3366 406 3399 εἰδέναι
421 3372 472 3403 τὴν
496 3372 592 3402 αἰτίαν
605 3393 612 3404 ,
632 3366 693 3400 ἀλλ’
720 3373 800 3409 ὅμως
822 3372 880 3409 ἔχει
899 3372 964 3402 τινὰ
984 3371 1147 3412 ἐγκεκρυμ-

903 199 995 229 ΜΧ.
1036 198 1196 230 Gumis.

1238 199 1396 230 notuit..
1437 199 1558 230 XLIV.
2073 208 2162 236 025,

1214 283 1399 322 evidenter
1424 283 1538 321 scire:
1571 283 1633 321 sed
1660 283 1688 321 si
1714 292 1746 320 et
1778 297 1901 321 causas
1923 286 2070 323 reddere
2100 303 2164 339 pro

1215 354 1334 383 nostro
1353 354 1459 397 captu
1478 354 1665 394 tentemus,
1688 344 1817 382 babent
1840 354 1955 384 tamen
1974 347 2091 385 adluw
2112 349 2162 385 lu-

1215 414 1343 443 tenu-iu
1364 405 1554 456 quemdam
1577 406 1781 444 thesaurum
1799 420 1817 443 a
1836 406 1957 444 multis
1980 408 2166 446 abst-ondi-

1216 476 1304 509 tum,
1331 481 1392 505 nec
1417 467 1714 519 investigabilem.
1737 466 1931 506 Considera
1952 469 2062 519 igitur
2081 484 2167 520 quo—

1155 551 1201 575 ,ιω
1215 527 1322 565 modo
1350 529 1535 581 Scriptura
1566 529 1684 567 omnia
1718 529 1901 567 manifeste
1933 531 2100 581 narrarit,
2136 541 2170 568 et

1169 589 1190 616 Α
1216 587 1317 623 nobis
1328 602 1475 640 scopum
1495 588 1542 626 ad
1564 590 1669 626 linem
1689 588 1881 627 ostenderit
1894 590 2050 628 filiarum
2063 589 2167 642 justi,

1214 655 1248 684 et
1268 661 1360 685 nune
1377 648 1521 697 quidem
1537 663 1601 700 pro
1618 650 1705 697 illis,
1722 665 1816 688 nnnc
1831 665 1914 691 vero
1929 652 2098 704 projusto
2115 652 2168 690 di-

1215 720 1321 758 gnam
1347 709 1612 747 excusationem
1637 711 1812 749 asserens:
1842 722 1878 748 ut
1904 713 2025 750 nullus
2049 713 2095 751 ad
2119 713 2172 753 fa-

1215 776 1313 805 ctum
1327 768 1532 820 respicienS,
1552 770 1608 807 rel
1619 770 1757 821 justum
1774 771 1999 823 condemnet,
2015 774 2070 811 vel
2082 774 2171 826 justi

1217 828 1325 879 filias,
1353 830 1454 880 quasi
1476 844 1683 882 congressus
1707 831 1768 869 ille
1790 842 1933 884 propter
1953 834 2173 873 incontinen-

1216 889 1302 928 tiam
1316 890 1434 929 suerit.
1458 891 1648 938 Quomodo
1665 892 1776 943 igitur
1791 893 2042 945 liliarumjusti
2064 910 2173 933 exeu-

1216 952 1388 990 sationem
1405 953 1534 991 asfert?
1563 954 1686 1003 Dixit,
1709 953 1840 1004 inquit,
1862 957 1989 1006 nzajor
2009 966 2102 993 nam
2124 957 2177 993 ad

1222 1015 1419 1064 juniorem
1434 1015 1572 1052 :Pater
1581 1024 1712 1053 noster
1722 1024 1775 1054 est
1787 1029 1918 1061 senar,
1928 1024 1963 1053 el
1978 1018 2110 1055 nullus
2122 1029 2177 1056 est

1218 1087 1332 1125 super
1348 1083 1491 1114 terram
1512 1078 1579 1129 qui
1600 1077 1846 1129 ingrediatur·
1870 1077 1924 1113 ad
1949 1090 2031 1125 nos,
2059 1079 2176 1127 juxta

1221 1149 1362 1174 morem
1386 1138 1573 1175 universa>
1591 1145 1714 1175 cerroe.
1736 1136 1834 1176 Vide
1851 1151 1999 1189 scopum
2022 1137 2175 1189 diligen-

1220 1205 1286 1246 ter,
1312 1206 1346 1234 et
1365 1198 1460 1235 omni
1489 1212 1545 1235 eas
1568 1198 1738 1236 liberabis
1765 1198 1927 1236 crimine.
1956 1199 2175 1237 Putaverunt

1220 1257 1315 1294 enim
1335 1258 1534 1308 generalem
1555 1259 1663 1297 totius
1689 1259 1786 1297 orbis
1814 1260 1949 1297 sactum
1982 1259 2178 1305 interitum,

1222 1319 1433 1370 nullumque
1453 1321 1608 1373 amplius
1631 1336 1705 1360 esse
1726 1321 1953 1374 superstitem
1976 1337 1983 1357 z
2000 1321 2131 1360 deinde
2148 1331 2180 1359 et

1221 1379 1331 1431 patris
1354 1380 1524 1419 viderunt
1557 1392 1785 1421 senectutem.
1811 1384 1863 1420 Ut
1892 1382 2016 1434 igitur,
2049 1382 2177 1434 inquit,

1220 1451 1290 1475 non
1307 1437 1492 1477 aboleatur
1511 1454 1635 1491 genus,
1658 1455 1721 1479 nec
1733 1451 1853 1494 pereat
1866 1456 1993 1480 nomen
2013 1452 2174 1481 nostrum

1223 1497 1319 1545 (haec
1341 1498 1436 1537 enim
1460 1510 1536 1538 erat
1556 1501 1755 1553 priscorum
1784 1501 1943 1540 maxima
1967 1517 2067 1554 eura,
2094 1519 2178 1554 quo-

1229 1557 1336 1596 modo
1362 1573 1472 1611 genus
1500 1575 1606 1599 snum
1628 1562 1826 1601 liberorum
1849 1565 2068 1602 successione
2091 1565 2182 1603 dila-

1224 1624 1363 1669 tarent)
1380 1637 1387 1657 :
1406 1635 1449 1659 ne
1462 1635 1560 1673 ergo,
1582 1623 1719 1674 inquit,
1737 1624 1849 1662 nostri
1868 1625 2004 1676 generis
2029 1635 2098 1663 tota
2116 1627 2179 1663 liat

1223 1679 1384 1730 abolitio,
1405 1683 1603 1734 praesertim
1621 1685 1696 1736 jam
1717 1685 1814 1722 senio
1832 1694 1932 1736 patre
1954 1686 2127 1735 consecto,
2151 1696 2184 1724 ct

1225 1740 1346 1779 nullus
1382 1741 1586 1781 inveniatur
1613 1743 1671 1781 vir
1704 1745 1765 1795 qui
1799 1744 1900 1783 nobis
1928 1745 2117 1797 jungatur,
2148 1756 2183 1784 nt

1224 1801 1401 1852 possimus
1420 1804 1610 1859 exstendere
1632 1814 1666 1843 et
1690 1805 1890 1856 relinquere
1909 1806 2052 1844 seminis
2071 1808 2182 1845 nostri

1224 1862 1546 1914 propagationem:
1575 1867 1685 1911 Veni,
1712 1866 1843 1917 inquit,
1874 1875 1912 1904 ut
1943 1881 1987 1904 ne
2010 1867 2078 1906 hoc
2109 1868 2182 1916 ssat,

1222 1931 1400 1972 potemus
1429 1933 1582 1976 patrem
1610 1935 1783 1965 nostrum
1803 1930 1912 1964 vino.
1937 1927 2048 1973 Quasi
2068 1927 2186 1965 dicere

1227 1983 1314 2021 velit
1325 1984 1437 2030 :Quia
1453 1999 1650 2036 numquam
1660 1988 1765 2025 ferret
1774 1988 1829 2026 vel
1838 1987 1985 2026 auribus
1994 1988 2060 2026 boc
2069 1998 2183 2041 pater,

1179 2058 1203 2088 C
1227 2043 1312 2082 vino
1335 2045 1557 2098 decipiamus
1579 2061 1674 2085 eum.
1695 2049 1763 2086 55.
1794 2050 2035 2086 Potaverunt
2057 2058 2187 2086 autem

1230 2115 1385 2157 patrem
1401 2121 1512 2145 suum
1529 2110 1625 2145 vino
1644 2118 1756 2147 nocte
1768 2112 1866 2155 isla,
1890 2118 1925 2147 et
1942 2112 2115 2161 ingressa
2132 2119 2185 2147 est

1228 2170 1370 2214 senior,
1385 2177 1422 2206 et
1436 2169 1623 2206 dormivit
1641 2183 1730 2207 cum
1746 2178 1858 2221 patre
1875 2184 1943 2207 suo
1957 2185 1965 2205 ε
1980 2178 2016 2207 et
2029 2173 2188 2208 nescivit

1229 2229 1387 2280 quando
1401 2229 1475 2266 illa
1487 2231 1722 2277 accubuerit,
1734 2230 1802 2268 vel
1813 2233 2034 2268 surrexerit.
2047 2230 2187 2269 Vidisti

1229 2288 1409 2339 quomodo
1437 2288 1563 2329 divina
1588 2290 1774 2343 Scriptura
1808 2305 1873 2343 pro
1889 2291 1987 2343 justo
2013 2291 2186 2329 rationem

1228 2348 1372 2387 dederit
1386 2362 1456 2387 non
1476 2350 1583 2387 semel
1601 2359 1758 2398 tantum,
1779 2349 1842 2388 sed
1854 2359 1886 2388 et
1906 2349 2064 2388 iterum?
2083 2350 2190 2387 Prius

1228 2410 1388 2461 quidem,
1409 2410 1491 2462 quia
1512 2410 1597 2449 filiae
1616 2410 1701 2449 vino
1721 2411 1842 2464 ipsum
1869 2411 2096 2464 deceperunt,
2122 2412 2184 2449 de-

1228 2471 1379 2511 claravit
1396 2487 1453 2511 eas
1472 2487 1541 2511 non
1561 2472 1664 2511 aliter
1677 2472 1834 2525 potuisse
1848 2473 2059 2525 persuadere
2074 2475 2181 2525 patri,

1229 2552 1337 2589 quam
1358 2539 1409 2578 sic
1435 2539 1624 2577 faciendo:
1653 2553 1748 2577 nunc
1773 2548 1892 2577 autem
1921 2539 2047 2591 opinor
2075 2548 2108 2577 et
2131 2554 2190 2578 su—

1228 2619 1338 2658 perna
1361 2605 1588 2659 dispensione
1615 2620 1688 2644 esse
1714 2606 1860 2653 factum,
1892 2606 1940 2643 ita
1968 2605 2076 2643 fuisse
2107 2620 2190 2643 enm

1181 2673 1206 2702 D
1229 2682 1464 2725 aggravatum
1472 2687 1587 2723 xmo,
1611 2682 1650 2710 ut
1670 2687 1744 2710 1em
1768 2672 1912 2710 omnino
1936 2672 2128 2723 ignoraret,
2147 2682 2186 2710 ut

1232 2753 1326 2778 noxa
1348 2748 1381 2776 et
1400 2739 1548 2777 elimino
1567 2753 1702 2777 vacuus
1725 2748 1825 2777 esset.
1857 2738 1910 2776 Ea
1934 2738 2029 2776 enim
2050 2748 2192 2791 peecata

1232 2821 1295 2845 nos
1334 2805 1589 2852 condemnant,
1629 2818 1707 2855 quae
1739 2803 1887 2842 scientes
1930 2813 1963 2841 et
1992 2804 2193 2843 soluntmie

1232 2873 1396 2912 facimus.
1424 2871 1541 2911 Vides
1576 2868 1754 2920 quomodo
1776 2867 2019 2907 testimonium
2036 2869 2190 2921 praebeat

1228 2939 1327 2991 justo
1339 2936 1562 2989 Sciiptura‚'
1554 2949 1672 2987 ipsum
1689 2933 1834 2973 omnino
1850 2948 1925 2972 lem
1941 2943 2075 2986 gestam
2088 2934 2188 2986 igno-

1236 3008 1358 3048 rasse?
1375 3009 1407 3046 Υ
1412 3020 1511 3044 elum
1527 3005 1635 3043 altera
1650 3003 1796 3054 quaestio
1810 3003 1926 3056 surgit
1942 3004 1987 3042 de
2006 3003 2186 3041 ebrietate.

1237 3076 1387 3127 Oportet
1406 3073 1498 3111 enim
1523 3070 1641 3109 omnia
1668 3070 1902 3122 investigare,
1933 3071 2091 3123 utnulla
2125 3071 2191 3108 iin—

1235 3142 1358 3195 probis
1368 3150 1401 3179 et
1417 3138 1687 3192 impudentibus
1705 3137 1949 3176 calumniandi
1967 3138 2190 3188 relinquatur

1237 3209 1386 3249 occasio.
1422 3205 1522 3254 Quid
1544 3204 1657 3258 igitur
1679 3203 1725 3243 de
1747 3203 1815 3243 hac
1835 3219 1873 3243 re
1897 3203 2088 3243 dicemus?
2111 3205 2189 3242 Non

1181 3321 1269 3357 μένον
1295 3318 1451 3357 θησαυρόν.
1483 3311 1524 3342 In
1546 3308 1759 3353 sequentibus
1782 3308 1910 3351 aliquot
1933 3307 2110 3341 varietates
2135 3319 2191 3339 oc-

1183 3372 1320 3399 currunt
1332 3361 1421 3405 apud
1440 3361 1614 3399 savinum,
1632 3372 1704 3406 quae
1720 3371 1786 3395 non
1804 3359 1846 3393 ad
1864 3371 1992 3393 sensum
2013 3358 2189 3402 pertinent.

1925 3424 1984 3451 oo.
