2516 3791
302 152 393 216 906
734 167 772 196 s.

104 248 185 274 ΝΜ
231 246 289 273 ¹3³-
304 249 490 296 defuncto,
511 247 794 285 benevolentiam
814 260 923 297 quam
944 258 1026 296 erga
1052 242 1157 279 illum
1176 253 1251 291 ges-

103 289 164 316 ml.

109 1597 220 1623 Mimh.
238 1594 267 1623 6.

109 1638 141 1673 ‚4

304 320 395 348 serat
411 309 496 346 filiis
509 307 686 346 exhibuit.
705 306 804 353 Quid
825 306 925 343 illius
945 317 1063 342 mensa
1086 299 1253 348 sanetius,

303 384 409 421 quam
428 369 616 420 cingebant
632 366 699 405 filii
715 367 840 414 hostis,
851 365 978 413 hostis,
994 364 1153 412 inquam,
1164 359 1255 398 occi-

303 431 386 469 dere
402 430 544 469 conati?
562 428 652 480 quid
670 428 734 466 illo
763 426 929 466 convivio
949 422 1172 476 spiritualius
1186 451 1197 470 ,
1217 420 1254 457 in

303 506 374 542 quo
395 501 468 529 tam
487 490 608 528 multae
627 488 857 527 abundabant
873 482 1161 524 benedictiones?
1180 483 1253 519 An-

305 553 373 603 geli
386 553 504 605 potius
517 565 625 602 quam
636 549 791 588 hominis
803 544 1030 585 convocantis
1042 552 1126 582 erat.
1138 542 1257 593 Siqui-

305 613 385 651 dem
406 612 543 650 inimici
566 611 659 648 filios
687 607 852 660 amplecti
881 616 915 644 et
944 618 1081 654 amare,
1101 612 1134 641 et
1158 603 1256 641 illius

305 674 432 721 lilium,
446 673 509 724 qui
524 672 626 710 toties
642 671 761 722 ipsum
774 676 940 705 tentasset
955 681 974 704 e
988 664 1107 704 medio
1120 664 1255 710 tollere,

303 744 408 786 atque
422 733 459 771 id
477 732 623 770 moliens
636 730 844 769 excessisset
859 743 877 766 e
895 727 982 775 vita,
1001 726 1040 764 id.
1054 725 1139 763 facit
1160 733 1199 761 ut
1218 724 1254 761 in

302 796 404 833 illum
431 794 580 831 eliorum
603 792 786 829 referatur.
816 789 891 827 Hoc
915 797 952 825 tu
973 800 1113 838 quoque
1131 784 1252 834 facito,

303 855 492 903 carissime,
516 862 550 891 et
571 851 769 891 viventium
788 859 821 888 et
841 857 1065 887 mortuorum
1089 845 1184 885 filios
1202 845 1256 882 fo-

304 931 389 955 vens
407 933 414 953 :
432 915 634 953 viventium
650 911 806 963 quidem,
823 920 862 949 ut
881 911 949 948 hoc
969 907 1074 947 modo
1095 915 1257 959 parentes

304 979 447 1015 illorum
472 976 537 1013 tibi
561 974 726 1013 concilies
752 989 759 1009 :
782 972 1030 1010 defunctorum
1055 983 1139 1007 vero
1164 967 1258 1005 filios

304 1053 447 1087 curans,
469 1047 546 1074 uta
567 1036 641 1074 Deo
669 1034 824 1071 multum
853 1031 919 1069 tihi
947 1044 1048 1083 pares
1080 1030 1257 1076 savorem,

308 1099 540 1151 plurimisque
552 1096 690 1135 coronis
701 1093 890 1142 decoreris,
899 1102 1008 1143 utque
1020 1091 1204 1128 innumera
1213 1089 1258 1127 ab

305 1162 467 1199 omnibus
483 1169 565 1198 vota
584 1171 775 1211 precesque
803 1153 1042 1205 consequaris,
1060 1166 1131 1189 non
1150 1151 1196 1188 ab
1214 1150 1258 1189 iis

305 1233 441 1261 tantum
452 1222 592 1274 quituis
605 1219 786 1258 benefieiis
799 1216 912 1269 adjuti
924 1224 1147 1264 sunt,verum
1154 1213 1259 1251 etiam

303 1284 348 1321 ab
367 1284 411 1322 iis
423 1284 484 1335 qui
500 1282 678 1320 viderunt.
697 1281 772 1318 Hoc
788 1294 851 1331 pro
871 1287 905 1315 te
921 1276 1028 1315 stabit
1049 1276 1085 1313 in
1106 1275 1170 1313 illo
1187 1274 1259 1323 die,

303 1345 493 1396 magnique
510 1343 576 1382 tibi
593 1342 704 1380 futuri
721 1350 801 1378 sunt
827 1337 966 1391 patroni
981 1337 1016 1374 in
1030 1335 1160 1388 judicii
1173 1344 1260 1372 tem-

303 1421 399 1458 pore,
420 1407 537 1443 hostes
553 1414 613 1442 tuo
628 1402 801 1442 beneficio
819 1399 936 1452 adjuti
958 1414 965 1434 ε
986 1398 1098 1434 multa
1117 1404 1261 1448 peccata

302 1467 477 1519 expiabis,
490 1475 523 1504 et
533 1479 693 1518 reposces
705 1461 918 1500 mercedem.
936 1457 1087 1496 Etiamsi
1101 1457 1261 1495 innume-

304 1542 342 1564 ra
363 1526 580 1564 commiseris
601 1533 758 1577 peccata,
782 1523 811 1559 si
831 1521 989 1573 proferas
1010 1519 1111 1556 illam
1133 1532 1259 1569 preca-

306 1588 453 1637 tionem,
473 1601 551 1637 quae
567 1586 656 1623 dicit
672 1601 680 1621 ε
699 1585 896 1622 Remittite
915 1581 1084 1617 inimicis
1104 1581 1258 1624 vestris,

306 1658 340 1687 et
356 1650 479 1686 Pater
487 1656 615 1685 vester
625 1647 791 1683 remittet
805 1645 916 1679 vobis
923 1648 1087 1692 peccata
1098 1647 1232 1676 vestra
1250 1653 1261 1673 .-

305 1709 416 1747 multa
428 1722 509 1745 eum
525 1706 655 1745 fiducia
678 1703 949 1743 commissorum
964 1700 1124 1738 omnium
1140 1698 1264 1737 remis-

305 1772 441 1809 sionem
461 1768 687 1820 consequeris
706 1776 813 1817 atque
832 1765 891 1802 hic
906 1762 1049 1801 interim
1069 1761 1162 1799 bona
1182 1774 1265 1798 eum

305 1848 366 1886 spe
384 1833 499 1880 vives,
516 1830 706 1868 habiturus
722 1841 842 1866 omncs
861 1832 1022 1863 amanter
1038 1836 1121 1874 erga
1134 1830 1167 1859 te
1179 1820 1265 1858 affe-

305 1904 388 1932 etos.
399 1895 490 1931 Cum
501 1892 596 1930 enim
609 1890 766 1930 viderint
776 1898 808 1926 te
819 1886 1025 1926 inimicoset
1035 1883 1264 1921 inimieorum

306 1956 399 1993 filios
413 1956 464 1994 sie
473 1955 634 2006 diligere,
643 1953 705 2004 qui
717 1950 794 1989 fieri
807 1947 950 2002 poterit,
962 1955 1080 1984 utnon
1101 1945 1265 1983 affectent

306 2017 371 2055 tibi
397 2016 503 2055 amici
532 2016 652 2066 tuique
685 2011 836 2052 studiosi
864 2008 958 2059 fleri,
986 2016 1019 2045 et
1050 2006 1169 2044 omnia
1200 2014 1263 2043 tua

305 2092 410 2117 causa
439 2088 515 2116 tum
543 2079 656 2115 facere
679 2085 757 2113 tum
776 2073 874 2126 pati?
893 2073 1005 2109 Porro
1025 2082 1107 2118 cum
1125 2077 1265 2106 tantum

306 2141 402 2194 apud
409 2143 523 2179 Deum
532 2139 597 2177 tibi
608 2152 710 2191 pares
717 2138 974 2184 fav01·em,011m
982 2139 1126 2169 cunctos
1133 2129 1265 2167 habeas

308 2202 427 2239 omnia
440 2202 533 2238 bona
547 2199 615 2237 tibi
631 2204 907 2250 comprecantes,
925 2207 1033 2244 quam
1051 2205 1218 2230 sensurus
1228 2205 1263 2228 es

310 2262 522 2311 molestiam,
544 2269 606 2298 aut
628 2259 708 2310 quis
727 2267 760 2295 te
780 2257 891 2296 vitam
919 2254 1020 2293 vivat
1040 2251 1264 2289 feliciorem?

313 2325 395 2362 Haec
419 2324 454 2361 in
475 2323 541 2359 hac
560 2321 635 2359 vita
655 2333 724 2357 non
741 2326 881 2356 tantum
902 2314 1090 2353 laudemus
1109 2342 1118 2360 ,
1139 2326 1264 2350 verum

310 2385 415 2423 ctiam
428 2384 511 2421 hinc
522 2381 650 2434 egressi
662 2392 856 2425 servemus,
869 2390 909 2414 ae
921 2373 1189 2414 obambulantes
1198 2372 1265 2410 ini-

312 2447 422 2484 micos
443 2441 688 2497 perscrutandi
709 2441 839 2492 gratia,
858 2452 915 2475 eos
936 2435 1037 2473 nobis
1057 2432 1263 2471 reconcilie-

314 2522 408 2555 mus,
430 2516 464 2544 et
485 2519 528 2543 ex
554 2502 709 2541 inimicis
738 2501 890 2539 sinceros
908 2496 1101 2535 reddamus
1120 2494 1267 2532 amieos.

315 2568 424 2615 Quod
443 2567 472 2605 si
488 2566 594 2604 etiam
612 2562 839 2602 excusatione
856 2558 961 2597 fuerit
973 2571 1077 2610 opus,
1094 2555 1268 2606 veniaque

315 2631 360 2669 ab
376 2629 462 2682 ipsis
477 2626 627 2681 petenda
649 2624 755 2662 fuerit
767 2653 777 2672 ,
796 2636 839 2660 ne
867 2631 1067 2658 recusemus
1081 2647 1091 2666 ,
1112 2616 1219 2655 etiam
1238 2616 1268 2654 si

317 2692 384 2744 ipsi
402 2690 573 2728 fuerimus
593 2685 722 2738 injuria
738 2683 866 2722 affecti.
884 2683 959 2719 Hoc
974 2689 1077 2733 pacto
1095 2678 1270 2730 copiosior

317 2753 421 2791 nobis
439 2751 505 2789 erit
526 2762 672 2797 merces,
690 2747 758 2784 hoc
780 2753 882 2798 paeto
902 2743 1015 2795 major
1034 2740 1181 2789 fiducia,
1202 2740 1270 2777 hoc

321 2823 420 2867 pacto
433 2813 599 2850 caelorum
611 2823 760 2861 regnum
770 2805 988 2844 hauddubie
1002 2816 1269 2853 consequemur,

321 2875 432 2928 gratia
440 2883 473 2911 et
482 2872 638 2911 bonitate
649 2868 794 2908 Domini
809 2866 920 2905 nostri
933 2867 1016 2905 Jesu
1028 2863 1176 2911 Christi,
1189 2877 1271 2900 cum

321 2951 392 2988 quo
414 2935 509 2973 Patri
527 2933 633 2971 simul
650 2941 682 2969 et
697 2939 815 2968 sancto
836 2927 987 2981 Spiritui
1006 2925 1134 2978 gloria,
1155 2925 1268 2977 impe—

321 2998 430 3043 rium,
449 2996 562 3033 honor
580 3007 673 3031 nune
689 3002 721 3030 et
739 3002 888 3043 semper,
909 2998 941 3026 ct
959 2988 993 3026 in
1010 2986 1139 3026 saecula
1159 2999 1269 3024 saecu-

321 3060 449 3098 lorum.
472 3060 595 3095 Amen*

809 166 914 196 JOAN
924 163 991 194 MS
1026 162 1107 192 cun
1116 158 1272 189 YSOST.

1311 155 1497 186 ARCHIEP
1505 175 1514 185 .
1553 154 1895 184 CONSTANTINOP
1903 173 1912 183 .

1323 237 1452 275 ἐκείνου
1478 235 1684 288 ἁγιώτερον,
1708 236 1751 282 ἣν
1775 239 1899 289 ἐχθροῦ
1920 237 2041 278 παῖδες
2067 236 2248 282 ἐκύκλουν,
2284 238 2343 275 καὶ

1322 299 1446 350 ἐχθροῦ
1462 296 1641 349 σφαγέως;
1656 296 1691 334 τί
1704 299 1766 342 τῆς
1784 296 1931 348 εὐωχίας
1948 296 2081 343 ἐκείνης
2097 296 2344 347 πνευματικώ-

1323 373 1443 410 τερον,
1461 360 1495 396 ἓν
1510 353 1534 409 ἦ
1551 362 1719 395 τοσαῦται
1739 357 1858 408 ἔὸρυον
1876 357 2048 407 εὐλογίαι,
2075 356 2235 408 Ἀγγέλου
2257 359 2345 408 μᾶλ-

1322 422 1401 465 λον,
1419 418 1441 464 ἢ
1461 418 1642 472 ἀνθρώπου
1664 422 1932 470 συγκροτοῦντος
1950 412 2004 463 ἦν.
2038 419 2090 456 Τὸ
2108 419 2175 470 γὰρ
2196 418 2345 462 ἀσπάζε-

1325 484 1405 518 σθαι
1423 480 1482 517 καὶ
1510 481 1620 532 φιλεῖν
1645 478 1721 522 τοὺς
1743 479 1868 522 παῖδας
1892 483 1952 517 τοῦ
1974 479 2133 530 μυριάκις
2150 479 2251 516 αὐτὸν
2273 482 2348 517 ἀνε-

1323 542 1396 578 λεῖν
1417 539 1721 592 ἐπιχειρήσαντος,
1747 539 1806 577 καὶ
1827 539 1916 577 οὕτω
1934 539 1999 585 τὴν
2019 539 2110 586 ζωὴν
2129 538 2348 576 καταλύσαν-

1324 618 1380 646 τος
1396 631 1406 648 ,
1433 604 1480 645 εἷς
1499 604 1627 640 ἐκεῖνον
1650 601 1751 639 αὐτὸν
1774 601 1883 638 τελεῖν
1900 607 1992 638 ποιεῖ
2006 601 2064 638 τὸν
2081 599 2197 651 χορόν.
2236 602 2350 638 Τοῦτο

1324 664 1384 701 καὶ
1404 663 1445 701 σὺ
1465 662 1623 710 ποίησον,
1645 662 1817 714 ἀγαπητὲ,
1845 662 1904 700 καὶ
1927 654 2062 706 ζώντων
2084 662 2144 699 καὶ
2163 662 2350 700 τελευτών-

1324 740 1392 761 των
1408 727 1477 762 τῶν
1493 726 1625 776 ἐχθρῶν
1640 718 1718 767 τοὺς
1734 724 1861 766 παῖδας
1879 722 2090 774 θεραπεύων·
2119 723 2256 767 ζώντων
2274 723 2350 771 μὲν,

1324 784 1381 822 ἵνα
1399 787 1448 837 τῷ
1467 784 1585 837 τρόπῳ
1601 784 1711 836 τούτῳ
1726 783 1946 835 καταλλάξῃς
1962 786 2074 821 αὐτῶν
2090 782 2168 826 τοὺς
2184 783 2349 834 πατέρας·

1327 845 1544 884 ἀπελθόντων
1565 847 1601 884 δὲ
1623 845 1701 889 τοὺς
1719 846 1846 888 παῖδας
1866 845 2078 898 θεραπεύων,
2096 844 2152 881 ἵνα
2174 843 2272 896 παρὰ
2291 848 2351 882 τοῦ

1327 908 1420 945 Θεοῦ
1452 906 1584 959 πολλὴν
1628 906 1806 957 ἐπισπάσῃ
1836 905 1898 952 τὴν
1930 905 2061 944 εὔνοιαν
2074 935 2083 951 ,
2117 904 2176 943 καὶ
2211 903 2352 957 μυρίους

1328 966 1484 1019 ἀναδήσῃ
1516 966 1722 1018 στεφάνους,
1754 967 1814 1004 καὶ
1835 966 1960 1019 μυρίας
1982 966 2060 1017 δέξῃ
2090 965 2187 1017 παρὰ
2213 965 2353 1003 πάντων

1327 1027 1434 1080 εὐχὰς
1448 1057 1457 1074 ,
1477 1027 1554 1080 οὐχὶ
1573 1030 1641 1065 τῶν
1662 1021 1699 1065 εῦ
1718 1026 1926 1079 πασχόντων
1951 1027 2053 1077 μόνον
2066 1057 2075 1074 ,
2099 1026 2190 1065 ἀλλὰ
2206 1025 2266 1064 καὶ
2284 1029 2352 1064 τῶν

1294 1116 1306 1126 ,
1329 1088 1500 1141 ὁρώντων.
1539 1088 1652 1127 Τοῦτό
1680 1104 1734 1127 σοι
1762 1087 1842 1125 κατ’
1872 1088 2006 1135 ἐκείνην
2034 1087 2270 1141 προστήσεται
2289 1086 2352 1133 τὴν

1327 1150 1477 1204 ἡμέραν,
1496 1150 1556 1188 καὶ
1577 1150 1721 1201 μεγάλοι
1742 1149 1927 1203 συνήγοροί
1950 1165 2010 1188 σου
2026 1152 2058 1187 οἳ
2077 1148 2355 1201 εὐεργετηθέντες

1329 1212 1448 1265 ἐχθροὶ
1479 1211 1570 1249 κατὰ
1598 1211 1656 1249 τὸν
1693 1211 1812 1263 καιρὸν
1840 1213 1904 1257 τῆς
1930 1210 2076 1263 κρίσεως
2104 1210 2263 1257 ἔσονται,
2297 1209 2356 1248 καὶ

1328 1273 1443 1312 πολλὰ
1473 1272 1618 1325 διαλύσῃ
1648 1275 1717 1310 τῶν
1743 1272 2031 1324 ἁμαρτημάτων,
2061 1271 2120 1310 καὶ
2147 1271 2356 1317 ἀπαιτήσεις

1329 1334 1386 1372 τὸν
1402 1334 1536 1383 μισθόν.
1557 1333 1632 1372 Κᾶν
1652 1332 1759 1385 μυρία
1774 1332 2085 1384 πεπλημμεληκὼς
2099 1328 2154 1385 ἧς,
2170 1332 2233 1379 τὴν
2250 1331 2354 1384 εὐχὴν

1331 1396 1464 1443 ἐκείνην
1502 1395 1766 1448 προτεινόμενος
1798 1394 1861 1441 τὴν
1899 1395 2090 1446 λέγουσαν,
2124 1393 2246 1446 Ἄφετε
2285 1399 2356 1436 τοῖς

1332 1459 1466 1510 ἐχθροῖς
1493 1459 1609 1508 ὑμῶν,
1640 1457 1700 1494 καὶ
1732 1459 1750 1494 ὃ
1782 1455 1910 1509 Πατὴρ
1932 1458 2029 1506 ὑμῶν
2054 1455 2182 1507 ἀφήσει
2211 1457 2292 1505 ὑμῖν
2312 1453 2357 1491 τὰ

1331 1517 1605 1570 παραπτώματα
1629 1520 1726 1568 ὑμῶν
1743 1546 1753 1563 ,
1787 1517 1876 1567 μετὰ
1906 1518 2040 1562 πολλῆς
2069 1520 2131 1563 τῆς
2157 1515 2355 1568 παρρησίας

1333 1576 1396 1624 τὴν
1423 1577 1542 1629 ἄφεσιν
1572 1578 1667 1629 λήψῃ
1699 1580 1768 1615 τῶν
1800 1577 2061 1628 ἡμαρτημένων
2093 1575 2275 1623 ἁπάντων,
2298 1574 2357 1612 καὶ

1333 1639 1482 1675 ἐνταῦθα
1508 1637 1544 1676 δὲ
1575 1637 1665 1689 μετὰ
1691 1641 1849 1690 χρηστῆς
1884 1636 1995 1689 βιώσῃ
2022 1639 2085 1683 τῆς
2116 1636 2269 1684 ἐλπίδος,
2297 1635 2358 1674 καὶ

1288 1704 1313 1734 Ι)
1334 1698 1468 1742 πάντας
1492 1697 1577 1744 ἕξεις
1603 1701 1765 1743 εὐνοϊκῶς
1787 1699 1872 1751 πρὸς
1895 1698 1932 1736 σὲ
1953 1697 2198 1748 διακειμένους.
2226 1700 2273 1736 Οἱ
2288 1697 2355 1749 γὰρ

1334 1762 1480 1812 ὁρῶντες
1510 1759 1563 1798 ὅτι
1591 1759 1670 1804 τοὺς
1702 1759 1847 1813 ἐχθροὺς
1879 1760 1938 1797 καὶ
1968 1758 2046 1802 τοὺς
2073 1758 2212 1797 ἐκείνων
2231 1759 2358 1802 παῖδας

1334 1820 1424 1859 οὕτω
1453 1823 1561 1874 φιλεῖς
1574 1849 1583 1866 ,
1605 1823 1679 1864 πῶς
1698 1822 1764 1873 οὐχ
1789 1820 1992 1873 αἱρήσονται
2011 1820 2104 1873 φίλοι
2119 1819 2278 1872 γενέσθαι
2296 1819 2356 1858 καὶ

1334 1881 1542 1929 ἐπιτήδειοι,
1566 1882 1625 1920 καὶ
1651 1881 1751 1920 πάνθ’
1780 1881 1868 1934 ὑπὲρ
1888 1885 1948 1920 σοῦ
1972 1881 2031 1920 καὶ
2056 1880 2274 1928 ποιῆσαικαὶ
2290 1895 2358 1918 πα·

1335 1948 1424 1992 θεῖν,
1460 1943 1573 1982 αΟταν
1603 1938 1660 1982 οῦν
1689 1943 1861 1991 τοσαύτης
1893 1942 1955 1993 μὲν
1982 1943 2079 1996 παρὰ
2100 1946 2159 1982 τοῦ
2181 1944 2274 1981 Θεοῦ
2296 1944 2358 1988 τῆς

1334 2005 1463 2049 εὐνοίας
1489 2005 1685 2057 ἀπολαύῃς,
1713 2004 1804 2043 οὕτω
1834 2004 1869 2042 δὲ
1891 2005 2025 2049 πάντας
2043 2005 2126 2057 ἔχῃς
2153 2003 2289 2055 τάγαθά
2305 2017 2359 2042 σοι

1335 2067 1605 2120 συνευχομένους
1653 2067 1811 2115 ἅπαντα,
1861 2066 1951 2110 τίνος
1995 2066 2142 2118 αἰσθήσῃ
2189 2066 2358 2117 λυπηροῦ,

1333 2129 1436 2167 τίνων
1465 2128 1497 2167 δ’
1529 2132 1567 2167 οὐ
1601 2128 1738 2180 βιώσεις
1759 2127 2022 2180 μακαριώτερον
2045 2127 2140 2179 βίον;
2164 2127 2288 2164 Ταῦτα
2309 2124 2356 2176 μὴ

1334 2192 1482 2229 ἐνταῦθα
1496 2191 1728 2242 θαυμάζωμεν
1751 2188 1852 2240 μόνον
1866 2219 1875 2236 ,
1895 2188 1986 2227 ἀλλὰ
2007 2188 2066 2226 καὶ
2087 2187 2276 2232 ἐξελθόντες
2290 2201 2358 2237 φυ-

1334 2251 1517 2302 λάττωμεν
1536 2282 1547 2297 ,
1587 2251 1646 2289 καὶ
1667 2249 1903 2303 περιελθόντες
1921 2278 1931 2296 ,
1968 2249 2030 2287 καὶ
2059 2247 2359 2302 διερευνησάμενοι

1334 2311 1412 2357 τοὺς
1442 2311 1584 2365 ἐχθροὺς
1617 2311 1762 2353 ἕκαστος
1792 2309 1871 2353 τοὺς
1899 2312 2048 2357 ἑαυτοῦ,
2085 2307 2359 2358 καταλλάξωμεν

1335 2377 1418 2424 ἡμῖν
1448 2376 1602 2420 ἑαυτοῖς,
1627 2371 1686 2410 καὶ
1716 2370 1833 2423 φίλους
1856 2369 2059 2421 ποιήσωμεν
2079 2369 2252 2422 γνησίους.
2285 2367 2360 2406 Κᾶν

1334 2434 1621 2486 ἀπολογήσασθαι
1651 2433 1731 2483 δέῃ,
1762 2432 1821 2470 καὶ
1856 2431 2065 2483 συγγνώμην
2104 2433 2247 2477 αἷτῆσαι
2276 2428 2361 2482 παρ’

1336 2495 1476 2534 ἐκείνων
1490 2526 1499 2543 ,
1520 2494 1568 2546 μὴ
1589 2493 1862 2546 παραιτώμεθα,
1882 2492 1946 2531 κᾶν
1963 2492 2058 2531 αὐτοὶ
2074 2484 2168 2543 ῶμεν
2191 2490 2361 2542 ἠδικημέ-

1336 2574 1402 2596 νοι.
1445 2557 1550 2595 Οὕτω
1583 2556 1709 2607 μείζων
1733 2558 1817 2605 ἡμῖν
1844 2558 1862 2592 ὁ
1890 2554 2029 2604 μισθὸς,
2055 2553 2145 2592 οὕτω
2175 2553 2304 2592 πλείων
2337 2556 2358 2599 ἡ

1336 2618 1516 2672 παῤῥησία
1532 2649 1541 2666 ,
1571 2617 1660 2656 οὕτω
1689 2620 1750 2662 τῆς
1775 2615 1953 2667 βασιλείας
1968 2618 2035 2652 τῶν
2056 2616 2210 2666 οὐρανῶν
2225 2617 2361 2652 ἐπιτευ-

1338 2679 1466 2730 ξόμεθα
1488 2680 1648 2724 πάντως,
1675 2678 1795 2730 χάριτι
1821 2676 1879 2714 καὶ
1898 2675 2138 2728 φιλανθρωπία
2156 2680 2214 2714 τοῦ
2230 2675 2360 2727 Κυρίου

1338 2743 1438 2791 ἡμῶν
1457 2740 1573 2787 Ἰησοῦ
1591 2741 1754 2793 Χριστοῦ,
1769 2737 1844 2789 μεθ’
1865 2731 1902 2774 οῦ
1919 2739 1968 2788 τῷ
1986 2737 2099 2789 Πατρὶ
2117 2736 2191 2787 ἅμα
2208 2739 2257 2789 τῷ
2273 2734 2361 2787 ἁγίῳ

1340 2802 1522 2852 Πνεύματι
1545 2801 1646 2847 δόξα,
1669 2800 1816 2852 κράτος,
1846 2798 1932 2847 τιμὴ
1958 2803 2016 2837 νῦν
2042 2798 2101 2837 καὶ
2125 2798 2203 2845 ἀεὶ,
2229 2797 2288 2836 καὶ
2315 2799 2362 2841 εἷς

1341 2863 1417 2907 τοὺς
1437 2865 1563 2906 αἰῶνας
1582 2866 1650 2901 τῶν
1668 2861 1815 2900 αἰώνων.
1848 2859 1970 2909 Ἀμήν.

1244 3186 1437 3235 FINIS.

2487 1478 2503 1658 tr'fss'l‘’
2484 1444 2489 1452 ¹

2488 1972 2500 2207 Αρω..
2490 1926 2495 1959 .—
2489 1846 2497 1912 -—0-
2489 1759 2496 1836 »20⁴
2480 1658 2503 1747 .-.αξξ
