2516 3791
352 124 380 167 00

404 126 445 180 -i'ss‘x

705 260 795 299 SER
801 261 875 299 ΜΟ
895 261 940 298 11.

354 392 415 428 De
430 391 519 444 fide
539 391 580 428 A
584 405 682 439 nnoe,
707 391 830 441 deque
853 387 1103 440 philosopha,
1139 388 1210 425 hoc
1230 396 1300 435 est,

404 454 529 490 animi
560 452 836 495 moderatione,
872 457 909 486 et
946 449 1138 486 modestia
1167 450 1300 500 ipsius,

403 522 441 550 et
474 514 522 550 cle
546 514 690 549 honore
719 510 929 563 deserendo
963 510 1238 556 sacerdotibus,
1268 517 1306 547 et

403 574 510 623 quod
526 582 605 610 tum
623 575 664 608 in
676 573 803 622 initio,
820 579 901 608 tum
921 573 962 608 in
972 571 1062 622 fine
1078 571 1238 621 prandii
1255 573 1306 608 sit

404 635 610 672 orandum.

406 759 440 794 1.
457 756 557 794 Nihil
573 755 768 808 precationi
790 769 856 808 par
889 763 953 806 est,
980 754 1169 803 carissimi,
1191 767 1305 806 neque

351 817 548 869 quidquam
565 816 638 854 fide
653 816 844 869 potentius.
858 817 1063 866 Utrumque
1072 815 1173 853 nobis
1192 829 1304 867 nuper

351 879 548 917 declaravit
579 881 675 916 Anna
693 893 701 914 :
723 892 805 915 cum
823 877 878 915 his
894 877 990 914 enim
1015 876 1222 914 muneribus
1241 890 1304 913 ac-

350 940 475 978 cedens
493 940 541 980 ad
563 942 692 987 Deum,
726 939 844 976 omnia
872 952 951 989 quae
971 938 1086 977 voluit
1101 938 1227 975 effecit.
1248 937 1305 975 Si-

349 1002 499 1052 quidem
519 1011 552 1039 et
569 1010 734 1039 naturam
748 1000 903 1038 sterilem
917 999 1086 1049 correxit,
1109 1007 1144 1036 et
1157 998 1305 1037 vulvam

351 1078 430 1114 quae
450 1073 523 1101 erat
537 1063 700 1101 conclusa
716 1062 868 1114 aperuit,
890 1070 923 1099 et
942 1062 1116 1113 probrum
1145 1060 1302 1111 sustulit,

352 1125 552 1164 etconvicia
566 1124 703 1162 aemulae
721 1122 898 1172 dissolvit,
917 1135 1022 1173 seque
1041 1121 1157 1174 ipsam
1167 1121 1214 1159 ad
1231 1135 1306 1158 ma-

352 1200 461 1237 gnam
476 1186 630 1224 restituit
649 1185 834 1233 fiduciam,
851 1183 939 1222 dum
950 1199 968 1221 e
984 1193 1083 1236 petra
1100 1183 1306 1234 infrugifera

352 1248 488 1300 spicam
513 1247 660 1285 messuit
679 1256 887 1284 comantem.
901 1246 1034 1283 Omnes
1049 1244 1201 1282 audistis
1215 1258 1306 1295 quo-

353 1309 459 1346 modo
490 1308 640 1357 fleverit,
659 1307 836 1359 quomodo
866 1315 1011 1359 precata
1043 1306 1101 1352 sit,
1129 1305 1306 1357 quomodo

353 1371 462 1408 orarit
489 1380 523 1409 et
549 1370 705 1408 exorarit
726 1368 924 1420 :concepit,
957 1367 1106 1419 peperit,
1139 1366 1307 1405 educavit

354 1441 387 1469 ct
404 1432 621 1470 consecravit
635 1431 851 1469 Samuelem.
869 1430 994 1479 Itaque
1022 1442 1092 1466 non
1115 1429 1304 1479 aberrarit,

354 1493 417 1543 qui
433 1493 524 1530 lianc
555 1492 743 1530 mulierem
776 1490 882 1543 pueri
909 1489 1067 1527 simulet
1091 1498 1241 1526 matrem
1275 1497 1308 1526 et

202 1559 282 1585 Anna
303 1559 340 1584 si—
354 1563 491 1606 patrem
511 1553 713 1606 appellarit.
737 1554 966 1600 Quamquam
977 1550 1070 1587 enim
1087 1550 1142 1588 vir
1162 1549 1309 1586 addide-

151 1601 211 1626 ΜΗ
251 1606 342 1626 ''mu''
354 1624 409 1652 rat
427 1629 559 1663 semen,
580 1615 687 1666 hujus
699 1622 814 1650 tamen
828 1611 984 1664 precatio
1004 1610 1079 1650 Vim
1095 1610 1309 1647 efficaciam-

353 1690 421 1728 que
436 1675 562 1713 semini
581 1674 745 1727 praebuit,
761 1673 946 1723 effecitque
966 1681 1006 1709 ut
1037 1672 1181 1710 Samuel
1200 1672 1310 1710 hone-

352 1738 522 1776 stioribus
543 1736 700 1774 exordiis
716 1743 929 1773 nasceretur.
950 1735 1074 1784 Neque
1093 1733 1186 1771 enim
1217 1734 1310 1772 sicut

353 1800 389 1837 in
417 1799 550 1837 caeteris
568 1797 774 1835 hominibus
798 1810 944 1834 somnus
960 1805 994 1833 et
1013 1808 1222 1846 congressus
1236 1804 1311 1832 tan-

353 1869 642 1913 tumparentum,
657 1872 782 1897 verum
796 1871 929 1910 preces,
946 1857 1130 1909 lacrymae,
1151 1856 1309 1908 fidesque

353 1923 496 1960 fuerunt
519 1921 627 1973 liujus
645 1919 880 1971 generationis
902 1918 1092 1971 principia,
1110 1931 1221 1968 eoque
1237 1932 1308 1956 cae—

354 1984 438 2022 teris
465 1983 697 2021 illustriorem
718 1982 845 2020 habuit
867 1990 986 2019 ortum
1005 1980 1195 2033 propbeta,
1227 1994 1308 2032 pro-

355 2055 435 2097 pter
455 2044 579 2082 matris
599 2044 709 2082 fidem
737 2052 853 2082 natus.
880 2042 963 2080 Ideo
991 2042 1036 2079 de
1067 2042 1134 2079 hac
1160 2042 1308 2079 muliere

156 2121 244 2149 Psal.
275 2108 433 2159 125,jure
452 2107 531 2157 quis
547 2106 680 2143 dixerit
697 2121 704 2141 :
725 2106 799 2155 Qui
815 2107 1010 2143 seminant
1034 2106 1076 2141 in
1102 2104 1304 2152 lacrymis,

157 2162 186 2188 β’
358 2173 399 2207 in
419 2169 679 2207 exsultatione
693 2175 849 2205 metent.
869 2166 969 2204 Hanc
994 2166 1204 2203 aemulemur
1218 2166 1304 2212 viri,

359 2232 450 2268 ltanc
461 2229 643 2268 imitentur
654 2228 791 2266 semina}
805 2244 811 2265 :
827 2243 911 2266 nam
921 2227 1106 2277 utriusque
1115 2240 1221 2264 sexus
1233 2241 1309 2264 ma-

358 2290 468 2343 gistra
486 2299 537 2328 est
556 2288 696 2326 mulier.
718 2289 806 2335 Quze
835 2288 970 2325 steriles
995 2296 1091 2336 sunt,
1115 2300 1158 2324 ne
1185 2286 1308 2338 despe-

358 2362 434 2390 rent
451 2368 457 2388 :
481 2366 560 2403 quae
579 2360 709 2389 matres
724 2360 817 2400 511111,
837 2350 887 2388 510
908 2349 1056 2387 educent
1089 2357 1188 2385 natos
1218 2348 1308 2385 libe-

357 2429 414 2452 ros
422 2430 433 2463 3
459 2414 520 2451 sed
535 2427 656 2451 omnes
683 2412 790 2450 51111111
813 2412 992 2450 imitemur
1013 2410 1174 2448 mulieris
1190 2410 1308 2462 philo-

357 2476 532 2528 sophiam,
553 2488 660 2526 quam
679 2474 894 2511 habuitante
905 2482 1061 2525 partum,
1075 2471 1183 2509 fidem
1199 2485 1308 2522 quam

356 2538 482 2575 habuit
500 2537 535 2574 in
555 2546 674 2590 partu,
700 2535 930 2586 studiumque
958 2533 1055 2585 quod
1075 2533 1202 2571 babuit
1231 2542 1309 2585 post

356 2609 511 2651 partum.
538 2598 637 2645 Quid
656 2597 750 2635 enim
770 2610 842 2635 esse
856 2597 967 2649 possit
986 2596 1046 2633 illa
1065 2595 1212 2634 muliere
1234 2609 1307 2634 ma—

357 2661 410 2711 gis
429 2660 730 2713 philosophicum,
749 2673 826 2710 quae
843 2658 1081 2697 calamitatem
1102 2657 1188 2696 adeo
1216 2659 1307 2697 into-

356 2723 539 2761 lerabilem
571 2721 710 2774 placide
737 2721 945 2771 fortiterque
974 2720 1073 2770 tulit,
1112 2734 1175 2758 nec
1207 2720 1308 2773 prius

355 2785 504 2833 destitit,
524 2784 635 2822 donec
654 2798 730 2822 eam
746 2783 943 2821 molestiam
961 2782 1141 2833 discussit,
1155 2782 1308 2834 malique

150 1649 178 1667 (1
201 1647 290 1678 palor.

357 2847 463 2883 finem
475 2845 619 2898 reperit,
643 2855 720 2883 tum
736 2844 1002 2894 admirandum,
1020 2853 1097 2881 tum
1118 2844 1308 2882 incredibi-
1333 2868 1340 2879 1

357 2906 439 2950 10111,
463 2904 592 2942 11111100
608 2904 755 2942 terrenis
772 2903 884 2941 accito
907 2902 1070 2955 adjutore
1094 2911 1128 2940 01
1156 2902 1308 2955 opitula-

359 2967 455 3005 tore?
472 2968 627 3005 Noverat
642 2967 736 3003 enim
750 2965 1008 3003 humanitatem
1026 2964 1184 3014 Domini,
1199 2978 1310 3016 eoque.

358 3029 432 3066 sola
452 3028 555 3065 illum
568 3027 669 3075 adiit,
690 3036 723 3065 et
743 3026 922 3078 quidquid
952 3026 1067 3064 voluit
1089 3025 1307 3078 impetravit.

358 3092 482 3141 Neque
497 3089 589 3127 cuim
611 3089 808 3126 humanum
844 3088 1036 3137 auxilium,
1057 3088 1119 3126 sed
1147 3087 1310 3126 divinam

360 3151 510 3203 gratiam
527 3150 726 3202 requirebat
742 3149 838 3187 illius
868 3149 1020 3187 tristitiae
1051 3149 1220 3188 correctio
1242 3165 1248 3186 :
1271 3163 1310 3187 ca

359 3220 451 3257 euim
470 3233 538 3257 non
552 3217 762 3256 nascebatur
786 3231 830 3254 ex
851 3217 988 3267 jactura
1008 3216 1254 3268 pecuniarum,
1273 3224 1311 3253 111

814 137 835 166 S
845 156 853 166 .
891 136 1030 166 JOANN
1040 136 1074 166 {S
1110 134 1348 165 CHRYSOST.

1327 830 1352 861 C

1332 1445 1355 1474 I)

1321 2812 1367 2836 712

1391 135 1592 164 ARCHIEP.
1631 135 1988 167 CONSTANTINOP.

1764 266 1930 305 ΛΟΓΟΣ
1961 267 2005 317 β’.

1375 386 1437 429 Εἰς
1462 385 1526 432 τὴν
1554 384 1672 424 πίστιν
1688 387 1751 432 τῆς
1767 386 1908 436 Ἀννης,
1935 388 1995 426 καὶ
2017 389 2065 431 εἷς
2094 387 2156 434 τὴν
2184 389 2399 441 φιλοσοφίαν,

1429 446 1488 483 καὶ
1508 447 1554 489 εἷς
1569 445 1631 493 τὴν
1652 446 1841 485 ἐπιείκειαν
1863 450 1989 497 αὖτ’ῆς,
2007 448 2067 486 καὶ
2083 449 2240 502 περὶτῆς
2260 451 2307 492 εἷς
2325 449 2402 494 τοὺς

1428 506 1538 559 ἱερέας
1556 509 1681 558 τιμῆς,
1696 508 1757 545 καὶ
1784 510 1832 551 εἷς
1851 509 1890 547 τὸ
1911 510 1980 547 δεῖν
2006 509 2065 547 καὶ
2093 509 2308 561 ἀρχομένους
2327 510 2401 563 ἀρί-

1429 583 1512 606 στου
1523 598 1533 617 ,
1552 567 1612 606 καὶ
1625 567 1796 619 λήγοντας
1812 568 1986 621 εὔχεσθαι.

1429 763 1542 802 Οὐδὲν
1562 763 1632 816 ἄρα
1658 763 1732 802 ἴσον
1759 765 1886 816 εὐχῆς,
1906 763 2105 816 ἀγαπητοὶ,
2130 764 2225 803 οὐδὲν
2254 764 2404 810 πίστεως

1376 823 1624 877 δυνατώτερον.
1647 824 1843 878 Ἀμφότερα
1861 824 1986 869 ἔδειξεν
2001 829 2086 877 ἡμῖν
2113 829 2135 873 ἡ
2151 825 2255 864 Ἄννα
2269 826 2402 879 πρῴην·

1378 885 1467 935 μετὰ
1485 885 1554 937 γὰρ
1577 884 1708 924 τούτων
1728 889 1967 938 προσελθοῦσα
1991 890 2041 939 τῷ
2061 889 2144 939 Θεῷ
2169 889 2238 925 τῶν
2269 887 2403 939 δώρων,

1376 945 1492 983 πάντα
1516 946 1581 984 ὅσα
1599 943 1771 993 ἠθέλησεν
1790 947 1896 993 ἤνυσε
1910 978 1920 995 ,
1936 947 1996 985 καὶ
2024 947 2125 1000 φύσιν
2146 949 2405 1000 πεπηρωμένην

1378 1004 1576 1058 διώρθωσε,
1596 1007 1656 1044 καὶ
1678 1007 1812 1059 μήτραν
1834 1008 2085 1059 κεκλεισμένην
2106 1008 2252 1061 ἀνέῳξε,
2270 1009 2330 1047 καὶ
2355 1012 2406 1048 αἷ-

1378 1068 1508 1119 σχύνην
1523 1069 1636 1106 ἀνεῖλε
1648 1096 1657 1114 ,
1671 1067 1731 1106 καὶ
1747 1068 1792 1106 τὰ
1808 1068 1921 1116 ὀνείδη
1936 1071 1999 1115 τῆς
2014 1070 2199 1116 ἀντιζήλου
2214 1070 2383 1110 κατέλυσε
2395 1101 2404 1119 ,

1378 1130 1437 1167 καὶ
1459 1130 1544 1182 πρὸς
1567 1129 1768 1183 παρρησίαν
1789 1130 1916 1177 ἑαυτὴν
1943 1131 2077 1177 πολλὴν
2110 1131 2340 1184 ἐπανήγαγεν,
2367 1134 2406 1170 ἐκ

1377 1190 1508 1243 πέτρας
1518 1190 1640 1242 ἀγόνου
1654 1191 1784 1244 στάχυν
1801 1194 1966 1242 κομῶντα
1987 1192 2168 1245 θερίσασα.
2187 1194 2257 1231 Καὶ
2280 1193 2407 1238 πάντες

1378 1252 1573 1299 ἠκούσατε,
1587 1254 1660 1296 πῶς
1689 1252 1840 1301 ηὔξατο,
1860 1256 1935 1296 πῶς
1961 1253 2090 1306 ᾔτησε,
2119 1254 2179 1292 καὶ
2211 1254 2328 1293 ἔπεισε
2346 1256 2406 1294 καὶ

1379 1313 1494 1361 ἔλαῧε,
1509 1313 1568 1351 καὶ
1584 1313 1680 1352 ἔτεκε
1697 1314 1756 1352 καὶ
1774 1314 1894 1367 ἔθρεψε
1908 1315 1968 1353 καὶ
1987 1315 2133 1361 ἀνέθηκε
2150 1315 2207 1354 τὸν
2223 1316 2405 1367 Σαμουήλ.

1380 1373 1490 1412 ιὨστε
1509 1376 1570 1412 οὐκ
1590 1375 1632 1413 ἄν
1651 1391 1703 1419 τις
1725 1375 1900 1427 ἁμάρτοι,
1922 1376 2057 1428 μητέρα
2086 1380 2171 1427 ὁμοῦ
2193 1376 2253 1415 καὶ
2271 1377 2407 1429 πατέρα

1379 1437 1439 1472 τοῦ
1455 1434 1596 1473 παιδίου
1615 1434 1678 1482 τὴν
1703 1441 1850 1487 γυναῖκα
1880 1435 2013 1482 ταύτην
2037 1436 2248 1488 προσειπών.
2269 1439 2312 1475 Εἰ
2335 1438 2404 1491 γὰρ

1379 1495 1439 1533 καὶ
1456 1499 1474 1534 ὁ
1493 1495 1580 1548 ἀνὴρ
1599 1496 1769 1550 ἔσπειρεν,
1793 1496 1883 1535 ἀλλὰ
1902 1499 1952 1549 τῷ
1974 1496 2152 1550 σπέρματι
2169 1498 2232 1545 τὴν
2259 1498 2406 1549 δύναμιν

1379 1555 1508 1603 ταύτης
1527 1557 1704 1610 παρέσχεν
1732 1561 1754 1603 ἡ
1788 1556 1874 1608 εὐχὴ
1890 1587 1899 1604 ,
1928 1557 1987 1595 καὶ
2010 1557 2221 1611 σεμνοτέρας
2247 1562 2308 1597 τοῦ
2336 1560 2408 1597 Σα·

1382 1616 1496 1666 μουὴλ
1517 1617 1580 1660 τὰς
1600 1617 1712 1669 ἀρχὰς
1745 1620 1807 1662 τῆς
1831 1616 2025 1669 γεννήσεως
2057 1618 2230 1665 ἐποίησεν.
2261 1621 2315 1658 Οὔ
2341 1619 2409 1672 γὰρ

1381 1678 1444 1726 δὴ,
1464 1679 1625 1730 καθάπερ
1643 1677 1703 1716 ἐπὶ
1717 1681 1786 1716 τῶν
1805 1679 1951 1725 λοιπῶν,
1974 1677 2078 1722 ὕπνος
2092 1678 2152 1717 καὶ
2178 1678 2313 1718 σύνοδοι
2339 1684 2409 1718 τῶν
2462 1710 2463 1713 ¹

1379 1738 1646 1790 γεννησαμένων
1678 1738 1794 1790 μόνον,
1829 1737 1908 1777 ἀλλ’
1933 1739 2054 1791 εὐχαὶ,
2074 1739 2133 1778 καὶ
2165 1739 2299 1793 δάκρυα
2311 1771 2320 1789 ,
2350 1741 2409 1779 καὶ

1379 1801 1496 1846 πίστις
1530 1801 1637 1855 ἀρχαὶ
1672 1804 1735 1848 τῆς
1769 1801 1962 1853 γεννήσεως
1992 1800 2122 1849 ταύτης
2151 1801 2326 1854 ἐγένοντο,
2348 1804 2409 1841 καὶ

1381 1863 1591 1915 σεμνοτέρας
1608 1864 1677 1900 τῶν
1699 1863 1813 1901 ἄλλων
1835 1862 1918 1914 ἔσχε
1936 1862 1999 1906 τὰς
2018 1862 2121 1914 γονὰς
2140 1863 2340 1916 προφήτης,
2354 1865 2411 1903 διὰ

1379 1926 1441 1974 τὴν
1464 1926 1584 1965 πίστιν
1601 1928 1663 1971 τῆς
1684 1925 1814 1977 μητρὸς
1833 1924 1994 1977 γεγονώς.
2014 1925 2077 1964 Διὸ
2100 1926 2159 1963 καὶ
2182 1926 2264 1979 περὶ
2279 1926 2410 1974 ταύτης

1381 1987 1547 2040 εὐκαίρως
1563 1986 1602 2025 ἂν
1619 2002 1671 2030 τις
1693 1986 1783 2024 εἴποι
1805 1990 1867 2033 τῆς
1884 1986 2063 2038 γυναικός·
2081 1988 2128 2025 Οἱ
2158 1987 2356 2040 σπείροντες
2376 1990 2410 2026 ἐν

1381 2050 1560 2102 δάκρυσιν,
1579 2051 1614 2088 ἐν
1634 2048 1843 2100 ἀγαλλιάσει
1856 2051 2016 2102 Θεριοῦσι.
2033 2048 2177 2095 Ταύτην
2197 2047 2410 2100 ζηλώσωμεν

1381 2112 1514 2163 ἄνδρες,
1529 2110 1659 2158 ταύτην
1675 2109 1915 2163 μιμησώμεθα
1929 2116 2088 2161 γυναῖκες
2101 2126 2108 2133 ·
2128 2111 2188 2148 καὶ
2205 2110 2272 2163 γὰρ
2290 2110 2411 2149 ἑκατέ-

1382 2189 1440 2225 ρου
1455 2178 1515 2211 τοῦ
1541 2172 1658 2225 γένους
1678 2172 1887 2215 διδάσκαλός
1904 2174 1996 2211 ἐστιν
2015 2176 2037 2219 ἡ
2059 2172 2156 2223 γυνή.
2178 2171 2291 2210 ‘'Ocm
2321 2178 2412 2210 στεῖ-

1382 2250 1461 2286 ραι,
1480 2234 1528 2285 μὴ
1551 2233 1864 2286 ἀπαγορευέτωσαν
1879 2249 1885 2256 ·
1902 2232 1984 2272 ὅσαι
2006 2232 2172 2284 μητέρες,
2190 2232 2279 2272 οὕτω
2294 2233 2413 2287 τρεφέ-
2457 2236 2459 2241 ’

1379 2311 1495 2333 τωσαν
1529 2293 1696 2346 τεχθέντα
1711 2294 1756 2333 τὰ
1781 2294 1906 2333 παιδία
1921 2310 1928 2317 ·
1943 2294 2003 2332 καὶ
2039 2294 2167 2338 πάντες
2197 2293 2411 2345 ζηλώσωμεν

1381 2359 1443 2403 τῆς
1459 2355 1620 2407 γυναικὸς
1636 2354 1700 2401 τὴν
1727 2355 1932 2407 φιλοσοφίαν
1947 2355 2011 2402 τὴν
2035 2355 2104 2407 πρὸ
2122 2359 2181 2394 τοῦ
2205 2354 2306 2394 τόκου
2319 2384 2328 2402 ,
2348 2355 2412 2403 τὴν

1380 2417 1497 2456 πίστιν
1516 2417 1578 2463 τὴν
1605 2419 1639 2455 ἐν
1666 2419 1716 2468 τῷ
1735 2416 1850 2470 τόκῳ,
1878 2416 1942 2463 τὴν
1975 2415 2129 2464 σπουδὴν
2157 2415 2221 2464 τὴν
2247 2416 2335 2468 μετὰ
2355 2417 2412 2455 τὸν

1378 2479 1491 2517 τόκον.
1510 2479 1558 2517 Τί
1573 2477 1643 2531 γὰρ
1659 2478 1698 2516 ἂν
1719 2479 1852 2530 γένοιτο
1867 2481 1930 2526 τ’ῆς
1948 2478 2110 2530 γυναικὸς
2123 2478 2260 2526 ἐκείνης
2274 2480 2412 2532 φιλοσο-

1380 2540 1545 2592 φώτερον,
1567 2541 1588 2587 ἦ
1611 2539 1790 2593 συμφορὰν
1809 2539 1916 2583 οὕτως
1942 2540 2115 2592 ἀφόρητον
2139 2540 2263 2592 πράως
2288 2539 2412 2591 ἤνεγκε

1381 2601 1441 2639 καὶ
1481 2601 1664 2652 γενναίως,
1683 2601 1742 2639 καὶ
1773 2603 1836 2639 οὐκ
1861 2601 1996 2647 ἀπέστη
2024 2600 2204 2653 πρότερον,
2222 2601 2286 2644 ἕως
2313 2601 2413 2639 ἔλυσε

1380 2664 1420 2702 τὸ
1441 2662 1564 2711 δεινὸν,
1586 2662 1646 2701 καὶ
1673 2666 1733 2700 τοῦ
1763 2665 1872 2700 κακοῦ
1888 2661 1997 2715 πέρας
2028 2664 2106 2715 εὗρε
2134 2661 2333 2713 θαυμαστὸν
2355 2663 2415 2700 καὶ
2454 2686 2455 2697 i

1381 2723 1596 2776 παράδοξον,
1624 2722 1745 2762 οὐδένα
1773 2723 1928 2761 κάτωθεν
1955 2723 2112 2761 Rationem
2140 2722 2326 2775 σύμμαχον
2355 2722 2413 2761 καὶ
2454 2754 2455 2758 ,

1383 2785 1525 2837 βοηθόν;
1547 2785 1617 2823 Καὶ
1638 2784 1707 2836 γὰρ
1730 2784 1807 2836 ᾔδει
1835 2783 1899 2830 τὴν
1926 2788 1986 2822 τοῦ
2006 2784 2187 2823 Δεσπότου
2213 2785 2412 2836 φιλανθρω-
2452 2809 2454 2817 =

1381 2846 1476 2885 πίαν·
1489 2846 1540 2884 διὸ
1558 2845 1620 2884 καὶ
1637 2845 1724 2896 μόνη
1747 2846 1934 2897 προσῆλθε,
1954 2845 2014 2883 καὶ
2039 2844 2162 2891 ἤνυσεν
2181 2845 2268 2898 ὅπερ
2283 2845 2412 2892 ἠθέλη-
2451 2867 2454 2908 A*

1382 2924 1451 2946 σεν.
1473 2909 1526 2946 Οὐ
1556 2907 1623 2959 γὰρ
1651 2907 1868 2960 ἀνθρωπίνης
1901 2905 2079 2958 βοηθείας,
2101 2906 2191 2945 ἀλλὰ
2221 2909 2283 2953 τῆς
2320 2907 2412 2950 θείας

1383 2970 1492 3008 ἐδεῖτο
1507 2968 1651 3020 χάριτος
1678 2971 1699 3014 ἡ
1722 2967 1902 3020 διόρθωσις
1928 2970 1990 3014 τῆς
2010 2966 2158 3018 ἀθυμίας
2189 2966 2338 3014 ἐκείνης·
2355 2967 2412 3005 καὶ
2452 2966 2453 2973 ’

1382 3030 1450 3083 γὰρ
1470 3033 1530 3069 οὐκ
1552 3033 1586 3068 ἐν
1606 3029 1714 3081 ζημίᾳ
1729 3030 1924 3081 χρημάτων
1943 3024 2000 3078 ἦν,
2018 3029 2074 3067 ἵνα
2095 3045 2146 3072 τις
2165 3028 2312 3079 ἐνεγκὼν
2330 3044 2414 3082 χρυ·
2450 3065 2451 3071 ,

1383 3092 1454 3130 σίον
1473 3091 1559 3144 λύσῃ
1577 3091 1639 3139 τὴν
1658 3090 1806 3142 ἀθυμίαν
1820 3107 1827 3115 ·
1846 3093 1931 3129 “oon
1958 3093 1993 3129 ἐν
2023 3090 2184 3141 σώματος
2213 3091 2411 3143 ἀρρωστίᾳ,

1381 3153 1438 3191 ἵνα
1461 3155 1587 3206 ἰατρῶν
1606 3152 1838 3205 παρακαλέσῃ
1856 3154 2004 3201 παῖδας,
2023 3152 2083 3190 καὶ
2105 3151 2263 3203 ἀπελάσῃ
2284 3150 2328 3189 τὰ
2355 3150 2411 3188 νό·

1558 3215 1567 3228 ι
1642 3209 1661 3229 ‘³'
1950 3214 1958 3226 t
2060 3216 2082 3225 ω
2125 3213 2139 3228 ν
2362 3211 2372 3226 t

1384 3231 1493 3267 σημα.
1510 3216 1622 3258 (boo-i<
1640 3231 1681 3260 ην
1698 3217 1720 3260 ἡ
1738 3216 2000 3266 ἐπηρεαζομενη
2015 3245 2024 3258 ‚
2041 3229 2100 3259 της
2118 3217 2248 3251 ανωθεν
2268 3213 2411 3263 δεομενη
2448 3231 2450 3241 =

430 3325 524 3358 (loll).
545 3325 611 3357 ‹luo
628 3333 660 3357 et
677 3325 756 3367 Rvg.
777 3329 807 3358 οὶ
820 3332 956 3366 σώματος
979 3328 1131 3369 ὰρῤωστία
1150 3327 1328 3368 σξιριιῑτιςος,
1345 3326 1400 3356 ἵνα.

2496 3198 2504 3248 1
