2516 3791
68 2798 144 2823 Gen.
166 2806 172 2824 1

68 2839 115 2867 18.

267 174 362 231 424

266 278 342 306 tute
361 276 495 306 tantam
512 277 665 320 stragem
682 270 818 319 fecisse,
835 269 897 307 sed
915 281 1067 320 superna
1086 268 1220 304 virtute
1240 269 1264 300 B

268 328 460 366 munitum.
477 328 526 366 Et
543 329 620 380 ipse
635 343 775 379 quoque
793 328 996 380 patriarcha
1015 326 1101 378 ipsis
1114 326 1220 363 rebus

268 388 481 438 enitebatur,
503 398 543 426 ut
562 388 757 427 Sodomitis
777 387 943 425 omnibus
962 386 1086 424 doctor
1103 385 1220 424 divini

270 447 388 485 cultus
407 448 516 496 fieret,
532 461 664 485 necnon
683 446 802 484 verbis
822 446 894 483 illis
908 445 1008 496 queis
1026 460 1145 497 regem
1162 445 1220 483 al-

270 508 494 559 loquebatur.
527 508 617 543 Nam
655 506 737 556 quia
763 506 1078 544 cum-occurrisset
1095 520 1172 555 rex,
1189 515 1223 544 et

271 582 337 619 pro
356 568 461 604 rebus
482 565 588 616 gestis
603 566 734 616 gratias
748 566 890 617 egisset,
911 581 952 605 ac
967 581 1109 605 omnem
1123 566 1222 617 equi-

272 637 383 664 tatum
395 627 426 663 ei
443 640 478 663 se
490 625 705 664 donaturum
718 626 862 677 diceret,
873 627 1102 679 hominesque
1117 628 1221 666 dum-

272 696 368 724 taxat
386 695 616 738 accepturum
639 703 647 724 :
668 686 752 726 vide
773 688 901 726 iterum
919 689 1009 740 justi
1030 688 1221 740 magnani-

270 747 444 797 mitatem,
465 747 644 798 quomodo
674 748 909 800 philosophia:
943 763 1015 787 suae
1046 750 1223 802 specimen

271 808 430 858 exhibet,
452 808 636 847 ostendens
655 823 690 847 se
708 808 811 847 donis
832 809 1039 859 hujusmodi
1059 810 1224 862 superio-

269 883 343 906 rem
369 883 456 918 esse,
477 883 628 919 eumque
655 869 699 906 ad
724 883 815 907 verae
847 870 1031 920 religionis
1061 870 1225 908 notitiam

270 929 422 966 inducit.
443 931 522 967 Non
537 929 631 967 enim
649 929 858 981 simpliciter
875 930 964 967 dicit
984 945 992 966 :
1012 931 1092 968 Non
1109 930 1226 982 patiar

272 998 310 1026 ut
331 989 471 1039 aliquid
490 998 634 1027 tuorum
654 1003 842 1027 muncrum
861 989 908 1028 ad
925 1004 981 1027 me
997 989 1131 1039 redeat,
1154 1004 1224 1028 non

272 1050 361 1087 mihi
382 1049 443 1087 tali
462 1049 620 1088 mercede
642 1064 731 1102 opus
750 1059 801 1088 est
821 1066 828 1086 :
849 1050 910 1088 sed
935 1050 1048 1101 quid?
1068 1053 1223 1089 Exten—

272 1113 364 1150 dam
393 1125 552 1149 manum
583 1126 708 1149 meam
735 1113 790 1150 ad
816 1114 944 1150 Deum
976 1113 1223 1162 altissimum,

271 1172 370 1222 quasi
386 1171 514 1209 docens
529 1186 610 1210 eum
632 1188 640 1208 ε
660 1173 739 1210 Non
758 1182 841 1210 sunt
862 1173 913 1210 dii
929 1173 993 1224 qui
1012 1189 1032 1212 a
1048 1182 1081 1211 te
1096 1174 1224 1212 colun-

272 1242 350 1280 tur,
379 1232 440 1269 sed
469 1232 565 1282 ligna
594 1242 626 1270 et
654 1233 792 1284 lapides
813 1249 821 1269 :
842 1233 903 1271 sed
933 1248 1025 1272 unus
1051 1243 1101 1272 est
1129 1236 1226 1273 Deus

271 1307 378 1344 super
398 1292 528 1340 omnia,
552 1293 626 1343 Qui
651 1296 798 1331 creavit
823 1295 961 1332 coelmn
990 1303 1026 1332 et
1046 1303 1190 1333 terram
1210 1311 1222 1331 .-

271 1354 375 1403 quod
407 1366 484 1390 non
512 1356 702 1405 accipiam
722 1368 747 1391 a
773 1363 808 1392 te
833 1356 879 1392 de
886 1356 1076 1407 funiculo
1106 1370 1226 1408 usque

270 1414 325 1449 ad
341 1413 609 1463 splzoeroterem
629 1429 640 1449 :
659 1422 697 1450 ut
717 1427 760 1451 ne
786 1414 966 1452 existimes
994 1429 1050 1452 me
1079 1415 1224 1453 illorum

270 1472 383 1522 gratia
409 1473 580 1510 ultionem
606 1473 787 1523 sumsisse,
810 1483 842 1511 et
862 1488 906 1512 ne
926 1474 1044 1513 dicere
1061 1476 1175 1527 possis
1191 1485 1224 1513 te
1245 1484 1271 1514 D

269 1532 357 1568 mihi
385 1532 610 1569 abundantiae
634 1532 742 1570 fuisse
763 1543 955 1571 auctorem.
976 1535 1067 1572 Nam
1086 1535 1147 1584 qui
1169 1550 1225 1573 me

267 1591 490 1643 triumphare
509 1601 542 1629 et
563 1592 706 1630 vincere
727 1593 880 1642 curavit,
900 1593 996 1631 idem
1015 1603 1048 1632 et
1077 1594 1224 1632 divitias

269 1650 409 1688 abunde
430 1651 520 1688 mihi
539 1651 755 1703 suppeditat.
778 1652 873 1691 Vide
890 1653 1084 1703 quomodo,
1104 1654 1133 1692 si
1150 1655 1224 1705 qui-

268 1710 349 1748 dem
365 1710 504 1748 lucrum
520 1711 634 1749 facere
646 1712 816 1750 voluisset
830 1727 906 1762 rex,
920 1723 1098 1752 auctorem
1113 1728 1224 1766 agno-

268 1785 363 1808 scere
392 1771 551 1809 victoriae
579 1785 625 1809 ex
646 1772 858 1823 patriarchae
885 1774 1006 1812 verbis
1036 1776 1220 1826 potuisset.

267 1831 469 1868 Docebatur
501 1831 597 1868 enim
629 1832 777 1883 posthac
813 1847 883 1870 non
917 1834 1104 1872 fidendum
1135 1850 1224 1888 pro-

265 1892 352 1942 priae
391 1906 463 1929 suae
487 1891 630 1941 virtuti,
654 1892 715 1930 sed
749 1894 1011 1944 agnoscendum
1043 1905 1225 1934 auctorem

267 1951 442 1998 omnium,
459 1950 699 2002 ridendosque
711 1955 933 1992 manufactos
947 1955 1046 2005 deos,
1060 1965 1093 1994 et
1107 1957 1223 1995 colen-

266 2010 352 2048 dum
374 2013 490 2048 Deum
506 2011 569 2061 qui
584 2022 633 2050 est
650 2027 756 2064 super
774 2015 908 2064 omnia,
926 2016 988 2066 qui
1005 2017 1124 2054 omnia
1141 2032 1224 2055 con-

268 2068 377 2117 didit,
397 2069 457 2118 qui
481 2078 514 2106 et
538 2070 716 2108 bonorum
741 2072 902 2109 omnium
930 2074 1008 2111 fons
1033 2084 1097 2113 est.
1117 2076 1164 2113 Et
1186 2076 1223 2113 in

269 2142 407 2165 summa
427 2128 586 2166 discebat
609 2144 655 2168 ex
681 2131 846 2169 omnibus
865 2133 1079 2183 patriarchae
1102 2136 1222 2173 virtu-

269 2197 351 2225 tem.
370 2190 462 2226 Nam
479 2203 521 2226 ne
536 2190 754 2228 existimaret
769 2192 887 2243 ipsum
903 2207 967 2244 per
985 2196 1223 2246 arrogantiam

269 2256 301 2284 et
328 2248 458 2285 fastum
485 2248 568 2286 data
599 2259 830 2299 contemnere,
852 2252 984 2291 idcirco
1003 2254 1092 2292 dicit
1116 2271 1124 2291 :
1146 2256 1224 2308 Ego

268 2305 412 2355 quidem
438 2306 529 2343 nihil
556 2320 694 2344 sumam
715 2323 722 2343 :
745 2323 856 2358 neque
872 2310 964 2347 enim
985 2325 1074 2362 opus
1092 2312 1220 2360 habeo,

268 2379 381 2414 neque
407 2366 550 2416 indigeo
578 2377 617 2405 ut
646 2381 731 2406 meae
760 2369 943 2408 facultates
965 2382 1161 2423 augeantur
1179 2374 1224 2412 ab

268 2425 347 2462 aliis
366 2441 373 2462 :
391 2427 441 2464 eis
465 2436 585 2465 autem
607 2429 667 2478 qui
693 2430 936 2481 periculorum
963 2447 1122 2472 meorum
1142 2436 1222 2473 sue-

267 2495 350 2523 runt
381 2487 480 2536 socii,
505 2488 707 2539 permittam
738 2499 778 2527 ut
808 2504 889 2528 suas
921 2493 1101 2543 portiones
1131 2495 1222 2532 acci·

268 2546 381 2596 piant,
404 2561 473 2596 quo
488 2562 637 2599 parvam
652 2549 809 2599 aliquam
829 2550 992 2589 laborum
1011 2554 1223 2592 consolatio-

267 2618 348 2641 nem
377 2605 542 2643 habeant.
575 2608 627 2644 lta
665 2607 905 2647 Sodomorum
937 2611 1011 2661 regi
1043 2613 1224 2664 respondit

264 2663 396 2712 justus.
433 2666 624 2715 Postquam
655 2675 773 2704 autem
806 2676 840 2704 et
873 2669 1131 2720 Melchisedec,
1159 2687 1224 2710 rex

269 2723 405 2767 Salem,
433 2738 540 2774 panes
564 2734 596 2762 ct
626 2725 752 2763 vinum
782 2727 960 2775 adferens,
988 2744 1027 2767 ca
1058 2731 1127 2782 ipsi
1154 2732 1224 2770 ob·-

271 2782 351 2819 tulit
373 2785 501 2829 (Erat
531 2788 633 2822 enim
661 2788 861 2833 sacerdos,
891 2788 1028 2839 inquit,
1059 2792 1137 2829 Dei
1168 2793 1225 2830 al-

271 2845 409 2879 tissimi
429 2847 453 2888 ),
477 2844 522 2880 al)
542 2844 604 2881 illo
634 2846 770 2898 accepit
797 2848 926 2887 oblata.
949 2850 1089 2888 Deinde
1111 2860 1148 2889 ut
1166 2866 1224 2890 re-

268 2901 439 2953 penderet
456 2903 751 2956 benedictionem,
774 2922 882 2957 quam
901 2910 946 2946 al)
968 2924 1008 2948 eo
1026 2923 1206 2964 acceperat

268 2971 299 2999 ct
321 2962 614 3012 glorificationem
635 2965 668 3002 iu
690 2967 806 3004 Deum
829 2972 841 3016 (
859 2968 1001 3008 dixerat
1022 2972 1130 3020 enim,
1147 2975 1223 3011 Be-
1251 2988 1272 3016 Α

269 3022 440 3060 nedictus
455 3023 605 3061 Abram
625 3027 709 3063 Deo
724 3028 928 3078 altissimo,
944 3039 979 3068 et
1001 3033 1221 3072 benedictus

1248 880 1272 911 C

271 3088 373 3125 Deus
400 3091 466 3139 qui
500 3090 660 3128 tradidit
694 3094 870 3133 inimicos
902 3104 985 3135 tuos
1016 3101 1058 3136 in
1082 3113 1221 3139 manus

308 3203 320 3216 ’Ἰ
345 3197 390 3226 ἵνα
416 3199 527 3237 μικράν
553 3209 616 3227 τινα
641 3205 698 3228 τῶν
722 3204 816 3231 πόνων
841 3207 1035 3245 παραμυθίαν
1055 3208 1132 3248 ἔχειν
1150 3207 1268 3246 δοκῶσι,

681 190 719 219 S.
757 189 941 219 JOANMS
976 187 1216 218 CHRYSOST.
1256 184 1464 213 ARCfflEP.
1502 183 1858 215 CONSTANTINOP.

1289 265 1350 303 καὶ
1367 264 1421 302 ὅτι
1443 266 1504 303 οὒκ
1523 263 1634 316 οἰκείᾳ
1664 265 1809 316 δυνάμει
1826 265 1890 312 τὴν
1922 264 2095 311 τοσαύτην
2129 265 2315 317 εἰργάσατο

1290 324 1437 376 τροπὴν,
1457 323 1548 362 ἀλλὰ
1572 326 1616 374 τῇ
1640 324 1768 362 ἄνωθεν
1794 324 1936 377 βοηθείᾳ
1968 324 2213 377 τειχιζόμενος.
2244 325 2316 363 Καὶ

1290 386 1411 424 λοιπὸν
1429 384 1573 423 ἔσπευδε
1590 386 1632 422 δι’
1653 386 1767 422 αὖτῶν
1785 389 1854 423 τῶν
1871 386 2088 439 πραγμάτων
2110 385 2317 427 διδάσκαλος

1292 445 1487 489 θεοσεὸείας
1514 444 1674 495 γενέσθαι
1700 452 1788 483 πᾶσι
1807 451 1878 489 τοῖς
1906 449 1940 483 ἐν
1970 445 2140 496 Σοδόμοις
2167 445 2225 483 διὰ
2252 447 2316 490 τῆς

1290 507 1376 561 πρὸς
1391 507 1448 545 τὸν
1471 505 1618 557 βασιλέα
1639 505 1834 549 διαλέξεως.
1848 504 1996 551 Ἐπειδὴ
2012 505 2080 557 γὰρ
2099 504 2318 551 συναντήσας

1292 570 1310 605 6
1328 567 1508 619 βασιλεὺς,
1527 566 1589 605 καὶ
1607 565 1756 619 χάριτας
1779 566 1867 619 ὑπὲρ
1885 568 1954 604 τῶν
1976 566 2216 617 γεγενημένων
2233 569 2318 616 ὃμο-

1292 628 1444 680 λογήσας
1460 627 1526 674 τὴν
1546 627 1608 678 μὲν
1632 626 1740 666 ἵππον
1758 626 2034 680 παραχωρήσειν
2063 633 2182 665 πᾶσαν
2201 625 2319 675 ἔλεγε,
2368 649 2371 651 -

1292 689 1371 733 τοὺς
1391 689 1428 727 δὲ
1447 687 1649 740 ἀνθρώπους
1673 687 1865 739 λήψεσθαι·
1881 687 1946 738 ὅρα
1976 687 2083 725 πάλιν
2103 690 2162 724 τοῦ
2183 685 2329 724 δικαίου,

1293 749 1360 795 τὴν
1372 748 1649 801 μεγαλοψυχίαν,
1662 751 1738 792 πῶς
1758 752 1844 799 ὁμοῦ
1865 748 1925 786 καὶ
1942 748 2005 795 τὴν
2025 747 2155 786 οἰκείαν
2176 748 2321 799 φιλοσο-

1295 810 1375 862 φίαν
1399 810 1572 857 διδάσκει,
1589 806 1647 852 ὡς
1661 809 1827 861 κρείττων
1848 809 1923 847 ἐστὶ
1940 811 2009 846 τῶν
2028 810 2111 860 παρ’
2142 809 2247 846 αὐτοῦ
2268 809 2320 845 δι-

1295 869 1538 920 δομένων,καὶ
1558 873 1605 913 εἷς
1637 869 1700 916 τὴν
1734 872 1797 916 τῆς
1831 869 2028 914 θεοσεὸείας
2053 871 2183 920 γνῶσιν
2216 867 2320 906 αὐτὸν

1294 930 1422 981 ἐνάγει.
1442 929 1534 968 Οὐδὲ
1553 930 1620 981 γὰρ
1641 931 1761 974 ἁπλῶς
1789 923 1884 968 εἰπεν
1904 932 1998 981 αὐτῷ
2011 959 2021 977 ,
2043 929 2096 966 ὅτι
2115 929 2178 966 οὐκ
2198 926 2319 970 ἀνέξο-

1295 1006 1359 1040 μαι
1387 990 1509 1028 λαὸεῖν
1537 1006 1572 1027 τι
1607 989 1705 1041 παρὰ
1734 994 1816 1038 σοῦ,
1841 989 1916 1027 οὐδὲ
1950 989 2004 1027 ὅτι
2038 988 2170 1030 οὐδενὸς
2195 986 2322 1036 δέομαι

1295 1051 1450 1089 τοιούτου
1483 1054 1628 1101 μισθοῦ,
1656 1049 1747 1088 ἀλλὰ
1766 1049 1820 1097 τί,
1839 1051 1994 1088 Έκτενῶ
2025 1049 2088 1095 τὴν
2118 1047 2222 1099 χεῖρά
2255 1063 2322 1097 μου

1295 1112 1381 1163 πρὸς
1406 1111 1465 1149 τὸν
1484 1110 1574 1149 Θεὸν
1592 1111 1650 1149 τὸν
1671 1109 1827 1162 ὕψιστον,
1860 1109 2047 1160 μονονουχὶ
2066 1107 2238 1145 διδάσκων
2260 1108 2323 1144 αὔ-

1293 1173 1364 1218 τὸν,
1383 1172 1436 1210 ὅτι
1452 1173 1513 1210 οὐκ
1534 1171 1600 1210 εἰσὶ
1619 1171 1689 1209 θεοὶ
1708 1172 1740 1208 οἱ
1760 1169 1827 1208 ὑπὸ
1841 1173 1901 1208 σοῦ
1924 1169 2216 1221 θεραπευόμενοι,
2231 1166 2322 1205 ἀλλὰ

1292 1233 1382 1271 λίθοι
1400 1233 1459 1271 καὶ
1482 1232 1566 1276 ξύλα
1578 1248 1585 1256 ·
1599 1226 1646 1275 εἷς
1660 1232 1728 1284 γάρ
1743 1233 1837 1270 ἐστιν
1856 1234 1874 1268 6
1890 1229 1949 1268 ἐπὶ
1966 1230 2106 1267 πάντων
2126 1228 2216 1272 Θεὸς
2229 1257 2238 1274 ,
2253 1228 2323 1272 ζῸς

1293 1294 1408 1333 ἔκτισε
1425 1294 1483 1331 τὸν
1501 1294 1645 1344 οὖρανὸν
1662 1293 1724 1331 καὶ
1737 1291 1801 1338 τὴν
1821 1295 1885 1343 γῆν
1901 1306 1910 1315 ·
1929 1291 1982 1329 ὅτι
1999 1291 2036 1329 οὐ
2050 1289 2214 1342 λήψομαι
2223 1288 2323 1342 παρὰ

1295 1359 1355 1393 σοῦ
1390 1355 1460 1393 ἀπὸ
1486 1353 1657 1405 σπαρτίου
1678 1352 1743 1395 ἕως
1772 1354 2033 1405 σφαιρωτῆρος,
2064 1350 2121 1388 ἵνα
2154 1350 2323 1401 νομίσῃς,

1293 1414 1489 1453 ὅτιτούτων
1514 1414 1628 1452 ἕνεκεν
1648 1414 1711 1460 τὴν
1733 1413 1910 1460 ἐκδίκησιν
1937 1411 2172 1462 ἐποιησάμην,
2192 1410 2248 1448 ἵνα
2271 1409 2322 1460 μὴ

1293 1476 1406 1527 λέγειν
1433 1476 1535 1527 ἔχῃς,
1567 1474 1621 1513 ὅτι
1652 1474 1753 1518 αὐτός
1789 1489 1849 1525 μοι
1877 1477 1940 1520 τῆς
1978 1471 2183 1524 περιουσίας
2213 1470 2322 1515 αἴτιος

1293 1536 1448 1587 γέγονας.
1469 1535 1514 1574 ‘O
1532 1534 1600 1587 γὰρ
1619 1535 1682 1582 τὴν
1695 1534 1793 1581 νίκην
1810 1533 2007 1586 παρασχὼν
2024 1533 2084 1571 καὶ
2101 1531 2321 1585 τὸτρόπαιον

1295 1599 1371 1647 μετ’
1403 1599 1488 1646 ἐμοῦ
1521 1595 1674 1643 στήσας,
1707 1595 1808 1638 αὐτός
1827 1596 1922 1633 ἐστιν
1951 1597 1968 1632 ὁ
1995 1594 2061 1632 καὶ·
2085 1593 2233 1631 πλούτου
2258 1593 2324 1639 τὴν

1293 1657 1465 1708 χορηγίαν
1498 1671 1558 1706 μοι
1588 1656 1869 1708 παρασχόμενος.
1891 1654 1990 1707 σΟρα
2010 1657 2107 1701 πῶς,
2127 1653 2198 1705 εἴγε
2224 1653 2325 1692 ἐδού-

1293 1718 1397 1764 λετο,
1417 1716 1610 1769 κερδαίνειν
1630 1715 1774 1754 ἐδύνατο
1799 1718 1817 1753 ὃ
1841 1714 2004 1766 βασιλεὺς
2020 1717 2058 1752 ἐκ
2081 1716 2150 1752 τῶν
2178 1718 2238 1752 τοῦ
2256 1729 2324 1751 πα-

1293 1777 1464 1828 τριάρχου
1489 1776 1700 1827 λεγομένων.
1722 1776 1953 1814 Ἔδιδοίσκετο
1972 1775 2040 1828 γὰρ
2067 1773 2116 1825 μὴ
2143 1776 2186 1825 τῇ
2213 1773 2324 1826 οἰκεία

1293 1836 1438 1887 δυνάμει
1473 1836 1595 1874 λοιπὸν
1629 1839 1780 1888 θαῤῥεῖν,
1815 1835 1893 1873 ἀλλ’
1927 1834 2055 1873 εἰδέναι
2094 1835 2152 1873 τὸν
2181 1834 2324 1872 πάντων

1293 1896 1416 1944 αἴτιον,
1436 1895 1495 1933 καὶ
1522 1898 1720 1948 καταγελᾷν
1750 1899 1818 1933 τῶν
1846 1895 2102 1948 χειροποιήτων
2131 1898 2230 1941 θεῶν,
2264 1894 2325 1932 καὶ

1293 1957 1475 2009 λατρεύειν
1506 1959 1556 2008 τῷ
1585 1957 1642 1995 ἐπὶ
1664 1956 1807 1998 πάντων
1830 1958 1934 2008 Θεῷ,
1961 1958 2011 2007 τῷ
2041 1959 2109 1994 τῶν
2137 1955 2227 1994 ὅλων
2256 1957 2323 2002 δη·-

1293 2021 1472 2070 μιουργῷ,
1500 2021 1544 2069 τῇ
1575 2020 1672 2069 πηγῇ
1705 2020 1775 2055 τῶν
1796 2020 1948 2068 ἀγαθῶν.
1972 2016 2043 2055 Καὶ
2062 2015 2128 2067 γὰρ
2151 2017 2324 2067 ἐμάνθανε

1293 2079 1352 2116 διὰ
1371 2079 1512 2117 πάντων
1528 2083 1587 2117 τοῦ
1607 2078 1828 2130 πατριάρχου
1847 2078 1910 2124 τὴν
1928 2078 2067 2129 ἀρετήν.
2086 2076 2166 2115 Ἵνα
2184 2077 2252 2129 γὰρ
2272 2077 2323 2128 μὴ

1293 2139 1420 2189 νομίσῃ
1440 2139 1484 2176 δι’
1505 2138 1671 2177 ἀπόνοιαν
1693 2138 1793 2176 αὐτὸν
1808 2138 1867 2175 καὶ
1885 2135 2193 2189 μεγαλοφροσύνην
2213 2140 2323 2188 ὓπερ-

1295 2198 1489 2250 εωρακέναι
1522 2201 1591 2236 τῶν
1633 2201 1716 2249 παρ’
1755 2200 1860 2235 αὐτοῦ
1895 2196 2097 2247 διδομένων,
2132 2196 2189 2234 διὰ
2221 2198 2324 2235 τοῦτό

1294 2275 1378 2311 φησι
1398 2259 1484 2311 πρὸς
1507 2257 1609 2296 αὐτόν
1624 2274 1631 2282 ·
1653 2257 1721 2310 ἐγὼ
1739 2257 1800 2308 μὲν
1819 2257 1915 2296 οὐδὲν
1943 2257 2121 2308 λήψομαι·
2151 2255 2227 2294 οὐδὲ
2254 2257 2324 2308 γὰρ

1294 2319 1438 2370 δέομαι,
1459 2319 1534 2358 οὐδὲ
1563 2319 1685 2371 χρῄζω
1711 2321 1795 2372 παρ’
1829 2318 1946 2369 ἑτέρου
1979 2332 2038 2368 μοι
2067 2317 2230 2362 αὔξεσθαι
2257 2317 2323 2364 τὴν

1292 2381 1515 2432 περιουσίαν·
1532 2380 1610 2424 τοὺς
1630 2380 1666 2418 δὲ
1684 2383 1756 2418 τῶν
1774 2379 1940 2418 κινδύνων
1961 2393 2021 2429 μοι
2045 2378 2324 2425 κοινωνήσαντας

1293 2441 1513 2492 συγχωρήσω
1533 2440 1654 2478 λαὸεῖν
1686 2439 1847 2493 μερίδας,
1878 2438 1964 2476 ἱ’ἵνα
1996 2438 2126 2489 μικράν
2155 2454 2232 2476 τινα
2252 2442 2322 2477 τῶν

1290 2501 1404 2539 πόνων
1433 2501 1659 2554 παραμυθίαν
1686 2501 1779 2552 ἔχειν
1814 2501 1954 2538 δοκῶσι.
1978 2499 2048 2538 Καὶ
2067 2499 2152 2552 πρὸς
2179 2500 2242 2549 μὲν
2262 2499 2321 2538 τὸν

1290 2565 1360 2599 τῶν
1382 2562 1549 2611 Σοδόμων
1585 2562 1734 2612 βασιλέα
1763 2564 1781 2599 6
1800 2566 1911 2599 ταῦτα
1935 2559 2066 2603 δίκαιος
2085 2560 2323 2611 ἀποκρίνεται.

1292 2621 1441 2667 Ἐπειδὴ
1462 2622 1497 2658 δὲ
1519 2621 1578 2659 καὶ
1604 2621 1848 2673 Μελχισεδὲκ,
1866 2625 1884 2659 6
1905 2620 2067 2672 βασιλεὺς
2085 2620 2237 2670 Σαλὴμ,
2257 2621 2320 2672 ἄρ-

1291 2697 1369 2725 τους
1389 2683 1447 2720 καὶ
1469 2676 1558 2720 οἶνον
1582 2685 1676 2734 αὐτῷ
1706 2682 1885 2733 ἐξενέγκας
1910 2681 2122 2733 προσέφερεν
2142 2674 2234 2728 (ῗΗν
2253 2681 2322 2733 γὰρ

1293 2742 1421 2792 ἱερεὺς,
1452 2743 1557 2794 φησὶ,
1580 2745 1639 2780 τοῦ
1663 2744 1755 2780 Θεοῦ
1785 2746 1845 2780 τοῦ
1876 2741 2160 2794 ὑψίστου),παρ’
2190 2741 2320 2780 ἐκείνου

1294 2802 1435 2854 δέχεται
1469 2802 1513 2840 τὰ
1543 2802 1839 2854 προσενεχθέντα,
1873 2801 1932 2839 καὶ
1960 2801 2024 2848 τὴν
2061 2801 2221 2852 εὐλογίαν
2256 2801 2319 2848 τὴν

1294 2862 1379 2913 παρ’
1400 2864 1503 2900 αὐτοῦ
1537 2865 1584 2906 εἰς
1610 2864 1711 2900 αὐτὸν
1740 2862 1976 2914 γεγενημένην
1995 2861 2244 2912 ἀμειὸόμενος,
2261 2861 2321 2899 καὶ

1576 2922 1583 2935 ἴ
1635 2924 1650 2935 Ν
1672 2923 1685 2935 r

1209 2944 1221 2963 7
1237 2951 1284 2974 ³⁶7
1295 2923 1358 2969 τὴν
1376 2925 1424 2966 εἰς
1444 2923 1500 2960 τὸν
1521 2926 1610 2962 Θεον
1632 2924 1827 2974 οοςολογίαν
1846 2918 1942 2972 (εἷπε
1961 2922 2040 2975 γὰρ,
2064 2922 2180 2974 φησὶν,
2208 2923 2319 2960 Εὐλο-

1293 2983 1442 3034 γημένος
1461 2982 1601 3036 Ἄὸραμ
1621 2986 1671 3034 τῷ
1693 2986 1775 3034 Θεῷ
1803 2986 1852 3034 τῷ
1871 2983 2027 3034 ὑψίστῳ,
2045 2982 2104 3020 καὶ
2134 2981 2320 3032 εὐλογητὸς

1292 3046 1310 3080 6
1329 3043 1437 3090 Θεὸς,
1457 3043 1492 3086 ὃς
1516 3042 1699 3094 παρέδωκε
1731 3041 1809 3085 τοὺς
1837 3042 1980 3094 ἐχθρούς
2006 3057 2066 3080 σου
2098 3042 2316 3093 ὑποχειρίους

1292 3103 1387 3151 σοι),
1409 3103 1556 3150 δεκάτην
1578 3105 1669 3155 αὐτῷ
1705 3102 1826 3140 δίδωσι
1855 3103 1924 3141 ἀπὸ
1954 3102 2094 3140 πάντων
2115 3096 2162 3141 ὧν
2191 3104 2317 3141 ἐπεκο-

1306 3205 1441 3239 tionem.
1461 3207 1507 3239 Ut
1532 3208 1630 3240 ctiam
1649 3205 1738 3249 apud
1755 3205 1894 3239 Latinos
1911 3205 2009 3239 medii
2027 3208 2087 3239 aevi
2104 3218 2168 3239 vox
2185 3206 2309 3238 videtui

267 3244 344 3288 Quo
355 3256 496 3286 summm
511 3246 662 3289 aliquam
674 3248 820 3281 laborum
837 3254 1096 3287 consolationem
1112 3255 1268 3289 habeant.
1304 3257 1562 3290 affirmationem
1577 3270 1644 3290 nun
1661 3256 1884 3290 n111111i1.vitle
1902 3258 2144 3291 Onomasticon
2163 3265 2312 3290 nostrum

263 3297 354 3337 5³¹¹}’0
385 3296 680 3330 ‘'nlmfldvestlnflffl
708 3301 794 3341 apud
821 3303 1036 3338 Athanasium
1069 3315 1271 3350 caeterosque
1305 3309 1346 3342 ad
1365 3311 1471 3352 Opera
1489 3310 1675 3344 Athanasii.
1696 3312 1728 3342 iu
1747 3320 1826 3344 voce
1844 3313 1946 3343 δοκεῖν.

262 3350 440 3390 scriv'ffl'es
457 3349 608 3385 Gnccos,
629 3363 742 3383 vom-111
760 3357 849 3388 {of-:m
867 3368 933 3389 nou
959 3361 1102 3393 minuere
1121 3361 1269 3393 anirum-
