<?xml version="1.0" encoding="UTF-8"?>
<!DOCTYPE html PUBLIC "-//W3C//DTD XHTML 1.0 Transitional//EN"
    "http://www.w3.org/TR/xhtml1/DTD/xhtml1-transitional.dtd">
<html xmlns="http://www.w3.org/1999/xhtml" xml:lang="en" lang="en">
 <head>
  <title>
</title>
<meta http-equiv="Content-Type" content="text/html;charset=utf-8" />
  <meta name='ocr-system' content='tesseract 3.04.00' />
  <meta name='ocr-capabilities' content='ocr_page ocr_carea ocr_par ocr_line ocrx_word'/>
</head>
<body>
  <div class='ocr_page' id='page_1' title='image "./operaomniaquaeex04johnuoft/operaomniaquaeex04johnuoft_0270.png"; bbox 0 0 2566 3791; ppageno 0'>
   <div class='ocr_carea' id='block_1_1' title="bbox 378 197 1331 347">
    <p class='ocr_par' dir='ltr' id='par_1_1' title="bbox 378 197 1331 347">
     <span class='ocr_line' id='line_1_1' title="bbox 380 197 473 245; baseline 0 -1"><span class='ocrx_word' id='word_1_1' title='bbox 380 197 473 245; x_wconf 86' lang='lat'>250</span> 
     </span>
     <span class='ocr_line' id='line_1_2' title="bbox 378 293 1331 347; baseline -0.003 -13"><span class='ocrx_word' id='word_1_2' title='bbox 378 304 459 334; x_wconf 88' lang='lat' dir='ltr'><strong>cent</strong></span> <span class='ocrx_word' id='word_1_3' title='bbox 483 295 667 336; x_wconf 82' lang='lat' dir='ltr'><strong>virtutem.</strong></span> <span class='ocrx_word' id='word_1_4' title='bbox 700 297 825 336; x_wconf 82' lang='lat' dir='ltr'><strong>Postea</strong></span> <span class='ocrx_word' id='word_1_5' title='bbox 858 307 898 336; x_wconf 92' lang='lat' dir='ltr'>ut</span> <span class='ocrx_word' id='word_1_6' title='bbox 927 298 1044 336; x_wconf 86' lang='lat' dir='ltr'><strong>discas</strong></span> <span class='ocrx_word' id='word_1_7' title='bbox 1075 294 1256 347; x_wconf 86' lang='lat' dir='ltr'><strong>quomodo</strong></span> <span class='ocrx_word' id='word_1_8' title='bbox 1282 293 1331 331; x_wconf 86' lang='lat' dir='ltr'><strong>ad</strong></span> 
     </span>
    </p>
   </div>
   <div class='ocr_carea' id='block_1_2' title="bbox 378 354 1331 471">
    <p class='ocr_par' dir='ltr' id='par_1_2' title="bbox 378 354 1331 471">
     <span class='ocr_line' id='line_1_3' title="bbox 380 354 1331 410; baseline -0.004 -14"><span class='ocrx_word' id='word_1_9' title='bbox 380 372 563 396; x_wconf 90' lang='lat' dir='ltr'><strong>summum</strong></span> <span class='ocrx_word' id='word_1_10' title='bbox 578 359 724 397; x_wconf 82' lang='lat' dir='ltr'><strong>virtutis</strong></span> <span class='ocrx_word' id='word_1_11' title='bbox 743 359 927 410; x_wconf 83' lang='lat' dir='ltr'>fastigium</span> <span class='ocrx_word' id='word_1_12' title='bbox 942 357 1156 410; x_wconf 71' lang='lat' dir='ltr'><strong>pervenerit,</strong></span> <span class='ocrx_word' id='word_1_13' title='bbox 1176 356 1214 394; x_wconf 91' lang='lat' dir='ltr'>id</span> <span class='ocrx_word' id='word_1_14' title='bbox 1231 354 1331 406; x_wconf 91' lang='lat' dir='ltr'><strong>quod</strong></span> 
     </span>
     <span class='ocr_line' id='line_1_4' title="bbox 378 417 1330 471; baseline -0.004 -13"><span class='ocrx_word' id='word_1_15' title='bbox 378 429 413 459; x_wconf 89' lang='lat' dir='ltr'>et</span> <span class='ocrx_word' id='word_1_16' title='bbox 431 429 515 458; x_wconf 89' lang='lat' dir='ltr'><strong>tunc</strong></span> <span class='ocrx_word' id='word_1_17' title='bbox 528 420 737 471; x_wconf 82' lang='lat' dir='ltr'>exigebatur</span> <span class='ocrx_word' id='word_1_18' title='bbox 751 434 771 456; x_wconf 85' lang='lat' dir='ltr'><strong>a</strong></span> <span class='ocrx_word' id='word_1_19' title='bbox 785 429 910 456; x_wconf 89' lang='lat' dir='ltr'><strong>natura</strong></span> <span class='ocrx_word' id='word_1_20' title='bbox 937 427 1068 466; x_wconf 89' lang='lat' dir='ltr'><strong>nostra,</strong></span> <span class='ocrx_word' id='word_1_21' title='bbox 1085 417 1202 469; x_wconf 89' lang='lat' dir='ltr'><strong>inquit</strong></span> <span class='ocrx_word' id='word_1_22' title='bbox 1223 433 1232 454; x_wconf 79' lang='lat' dir='ltr'><em>z</em></span> <span class='ocrx_word' id='word_1_23' title='bbox 1256 418 1330 455; x_wconf 89' lang='lat' dir='ltr'><strong>Ju-</strong></span> 
     </span>
    </p>
   </div>
   <div class='ocr_carea' id='block_1_3' title="bbox 377 478 1386 538">
    <p class='ocr_par' dir='ltr' id='par_1_3' title="bbox 377 478 1386 538">
     <span class='ocr_line' id='line_1_5' title="bbox 377 478 1386 538; baseline -0.004 -18"><span class='ocrx_word' id='word_1_24' title='bbox 377 490 459 520; x_wconf 81' lang='lat' dir='ltr'><strong>Stus</strong></span> <span class='ocrx_word' id='word_1_25' title='bbox 479 491 516 519; x_wconf 89' lang='lat' dir='ltr'>et</span> <span class='ocrx_word' id='word_1_26' title='bbox 528 482 720 532; x_wconf 83' lang='lat' dir='ltr'><strong>perfectus</strong></span> <span class='ocrx_word' id='word_1_27' title='bbox 745 482 787 516; x_wconf 88' lang='lat' dir='ltr'>in</span> <span class='ocrx_word' id='word_1_28' title='bbox 804 482 1054 531; x_wconf 80' lang='lat' dir='ltr'><em>generatione</em></span> <span class='ocrx_word' id='word_1_29' title='bbox 1077 492 1161 517; x_wconf 84' lang='lat' dir='ltr'><strong>sua.</strong></span> <span class='ocrx_word' id='word_1_30' title='bbox 1179 478 1386 538; x_wconf 78' lang='lat' dir='ltr'>Omnia,²¹³</span> 
     </span>
    </p>
   </div>
   <div class='ocr_carea' id='block_1_4' title="bbox 797 211 1958 247">
    <p class='ocr_par' dir='ltr' id='par_1_4' title="bbox 797 211 1958 247">
     <span class='ocr_line' id='line_1_6' title="bbox 797 211 1958 247; baseline -0.003 0"><span class='ocrx_word' id='word_1_31' title='bbox 797 215 837 246; x_wconf 83' lang='lat' dir='ltr'>S·</span> <span class='ocrx_word' id='word_1_32' title='bbox 873 215 1053 247; x_wconf 76' lang='lat' dir='ltr'><strong>JOANMS</strong></span> <span class='ocrx_word' id='word_1_33' title='bbox 1088 212 1329 246; x_wconf 76' lang='lat' dir='ltr'>CHRYSOST.</span> <span class='ocrx_word' id='word_1_34' title='bbox 1367 212 1571 242; x_wconf 74' lang='lat' dir='ltr'>ARCHIEP.</span> <span class='ocrx_word' id='word_1_35' title='bbox 1608 211 1958 243; x_wconf 79' lang='lat' dir='ltr'><strong>CONSTANTINOP.</strong></span> 
     </span>
    </p>
   </div>
   <div class='ocr_carea' id='block_1_5' title="bbox 1398 293 2419 529">
    <p class='ocr_par' dir='ltr' id='par_1_5' title="bbox 1398 293 2419 529">
     <span class='ocr_line' id='line_1_7' title="bbox 1401 293 2417 349; baseline 0.004 -17"><span class='ocrx_word' id='word_1_36' title='bbox 1401 293 1496 337; x_wconf 72' lang='grc' dir='ltr'>ὅπως</span> <span class='ocrx_word' id='word_1_37' title='bbox 1514 293 1601 347; x_wconf 85' lang='grc' dir='ltr'>πρὸς</span> <span class='ocrx_word' id='word_1_38' title='bbox 1622 294 1706 333; x_wconf 76' lang='grc' dir='ltr'>αὐτὸ</span> <span class='ocrx_word' id='word_1_39' title='bbox 1723 294 1764 333; x_wconf 84' lang='grc' dir='ltr'>τὸ</span> <span class='ocrx_word' id='word_1_40' title='bbox 1784 295 1889 348; x_wconf 84' lang='grc' dir='ltr'>ἄκρον</span> <span class='ocrx_word' id='word_1_41' title='bbox 1913 299 1977 342; x_wconf 69' lang='grc' dir='ltr'>τῆς</span> <span class='ocrx_word' id='word_1_42' title='bbox 1995 297 2119 349; x_wconf 64' lang='grc' dir='ltr'>ἀρετῆς</span> <span class='ocrx_word' id='word_1_43' title='bbox 2149 295 2309 349; x_wconf 77' lang='grc' dir='ltr'>ἔφθασεν,</span> <span class='ocrx_word' id='word_1_44' title='bbox 2332 298 2417 349; x_wconf 76' lang='grc' dir='ltr'>ὅπερ</span> 
     </span>
     <span class='ocr_line' id='line_1_8' title="bbox 1400 354 2417 410; baseline 0.003 -18"><span class='ocrx_word' id='word_1_45' title='bbox 1400 354 1460 393; x_wconf 84' lang='grc' dir='ltr'>καὶ</span> <span class='ocrx_word' id='word_1_46' title='bbox 1484 354 1563 392; x_wconf 80' lang='grc' dir='ltr'>τότε</span> <span class='ocrx_word' id='word_1_47' title='bbox 1593 355 1761 406; x_wconf 79' lang='grc' dir='ltr'>ἀπῃτεῖτο</span> <span class='ocrx_word' id='word_1_48' title='bbox 1787 355 1883 408; x_wconf 80' lang='grc' dir='ltr'>παρὰ</span> <span class='ocrx_word' id='word_1_49' title='bbox 1901 359 1964 403; x_wconf 85' lang='grc' dir='ltr'>τ’ῆς</span> <span class='ocrx_word' id='word_1_50' title='bbox 1984 356 2116 409; x_wconf 76' lang='grc' dir='ltr'>φύσεως</span> <span class='ocrx_word' id='word_1_51' title='bbox 2141 361 2205 404; x_wconf 79' lang='grc' dir='ltr'>τῆς</span> <span class='ocrx_word' id='word_1_52' title='bbox 2225 358 2417 410; x_wconf 81' lang='grc' dir='ltr'>ἡμετέρας,</span> 
     </span>
     <span class='ocr_line' id='line_1_9' title="bbox 1399 414 2419 470; baseline 0.003 -18"><span class='ocrx_word' id='word_1_53' title='bbox 1399 415 1502 467; x_wconf 83' lang='grc' dir='ltr'>φησὶ,</span> <span class='ocrx_word' id='word_1_54' title='bbox 1522 414 1664 458; x_wconf 83' lang='grc' dir='ltr'>Δίκαιος</span> <span class='ocrx_word' id='word_1_55' title='bbox 1677 445 1688 462; x_wconf 89' lang='grc'>,</span> <span class='ocrx_word' id='word_1_56' title='bbox 1710 414 1839 460; x_wconf 88' lang='grc' dir='ltr'>τέλειος</span> <span class='ocrx_word' id='word_1_57' title='bbox 1858 416 1906 454; x_wconf 81' lang='grc' dir='ltr'>ὧν</span> <span class='ocrx_word' id='word_1_58' title='bbox 1925 419 1960 455; x_wconf 84' lang='grc' dir='ltr'>ἐν</span> <span class='ocrx_word' id='word_1_59' title='bbox 1977 420 2021 467; x_wconf 77' lang='grc' dir='ltr'>τῇ</span> <span class='ocrx_word' id='word_1_60' title='bbox 2036 424 2137 470; x_wconf 89' lang='grc' dir='ltr'>γενεᾷ</span> <span class='ocrx_word' id='word_1_61' title='bbox 2157 421 2272 457; x_wconf 77' lang='grc' dir='ltr'>αὑτοῦ.</span> <span class='ocrx_word' id='word_1_62' title='bbox 2291 419 2419 456; x_wconf 84' lang='grc' dir='ltr'>Πάντα</span> 
     </span>
     <span class='ocr_line' id='line_1_10' title="bbox 1398 475 2418 529; baseline 0.003 -15"><span class='ocrx_word' id='word_1_63' title='bbox 1398 475 1600 527; x_wconf 85' lang='grc' dir='ltr'>πληρώσας,</span> <span class='ocrx_word' id='word_1_64' title='bbox 1619 475 1736 528; x_wconf 73' lang='grc' dir='ltr'>φησὶν,</span> <span class='ocrx_word' id='word_1_65' title='bbox 1755 475 1844 528; x_wconf 83' lang='grc' dir='ltr'>ἅπερ</span> <span class='ocrx_word' id='word_1_66' title='bbox 1865 479 1970 529; x_wconf 76' lang='grc' dir='ltr'>ἐχρῆν</span> <span class='ocrx_word' id='word_1_67' title='bbox 1988 478 2166 529; x_wconf 83' lang='grc' dir='ltr'>ἄνθρωπον</span> <span class='ocrx_word' id='word_1_68' title='bbox 2183 479 2418 523; x_wconf 81' lang='grc' dir='ltr'>ἐπιδείξασθαι</span> 
     </span>
    </p>
   </div>
   <div class='ocr_carea' id='block_1_6' title="bbox 377 535 2418 591">
    <p class='ocr_par' dir='ltr' id='par_1_6' title="bbox 377 535 2418 591">
     <span class='ocr_line' id='line_1_11' title="bbox 377 535 2418 591; baseline -0.001 -13"><span class='ocrx_word' id='word_1_69' title='bbox 377 540 678 591; x_wconf 78' lang='lat' dir='ltr'><strong>inquit‚implevit</strong></span> <span class='ocrx_word' id='word_1_70' title='bbox 689 553 920 590; x_wconf 87' lang='lat' dir='ltr'><strong>quaecumque</strong></span> <span class='ocrx_word' id='word_1_71' title='bbox 934 540 1047 577; x_wconf 88' lang='lat' dir='ltr'><strong>facere</strong></span> <span class='ocrx_word' id='word_1_72' title='bbox 1063 539 1228 577; x_wconf 88' lang='lat' dir='ltr'><strong>convenit</strong></span> <span class='ocrx_word' id='word_1_73' title='bbox 1246 553 1326 577; x_wconf 91' lang='lat' dir='ltr'>eum</span> <span class='ocrx_word' id='word_1_74' title='bbox 1350 550 1377 579; x_wconf 79' lang='lat' dir='ltr'>A</span> <span class='ocrx_word' id='word_1_75' title='bbox 1399 535 1525 588; x_wconf 74' lang='grc' dir='ltr'>ἀρετὴν</span> <span class='ocrx_word' id='word_1_76' title='bbox 1556 536 1738 587; x_wconf 81' lang='grc' dir='ltr'>ἑλόμενον·</span> <span class='ocrx_word' id='word_1_77' title='bbox 1767 540 1867 574; x_wconf 80' lang='grc' dir='ltr'>τοῦτο</span> <span class='ocrx_word' id='word_1_78' title='bbox 1900 537 1968 588; x_wconf 88' lang='grc' dir='ltr'>γάρ</span> <span class='ocrx_word' id='word_1_79' title='bbox 2008 541 2100 585; x_wconf 78' lang='grc' dir='ltr'>ἐστι,</span> <span class='ocrx_word' id='word_1_80' title='bbox 2127 539 2285 583; x_wconf 84' lang='grc' dir='ltr'>Τέλειος·</span> <span class='ocrx_word' id='word_1_81' title='bbox 2321 539 2418 578; x_wconf 72' lang='grc' dir='ltr'>οὐδὲν</span> 
     </span>
    </p>
   </div>
   <div class='ocr_carea' id='block_1_7' title="bbox 374 599 1378 2835">
    <p class='ocr_par' dir='ltr' id='par_1_7' title="bbox 374 599 1378 2835">
     <span class='ocr_line' id='line_1_12' title="bbox 377 599 1327 652; baseline 0 -15"><span class='ocrx_word' id='word_1_82' title='bbox 377 601 439 652; x_wconf 88' lang='lat' dir='ltr'>qui</span> <span class='ocrx_word' id='word_1_83' title='bbox 458 601 628 637; x_wconf 83' lang='lat' dir='ltr'><strong>virtutem</strong></span> <span class='ocrx_word' id='word_1_84' title='bbox 645 599 872 651; x_wconf 80' lang='lat' dir='ltr'><strong>amplexatur</strong></span> <span class='ocrx_word' id='word_1_85' title='bbox 889 615 898 636; x_wconf 74' lang='grc' dir='ltr'><strong><em>ε</em></strong></span> <span class='ocrx_word' id='word_1_86' title='bbox 916 599 1009 637; x_wconf 84' lang='lat' dir='ltr'><strong>illud</strong></span> <span class='ocrx_word' id='word_1_87' title='bbox 1027 600 1121 637; x_wconf 90' lang='lat' dir='ltr'><strong>enim</strong></span> <span class='ocrx_word' id='word_1_88' title='bbox 1137 600 1327 651; x_wconf 83' lang='lat' dir='ltr'><strong>significat,</strong></span> 
     </span>
     <span class='ocr_line' id='line_1_13' title="bbox 377 659 1326 712; baseline -0.001 -13"><span class='ocrx_word' id='word_1_89' title='bbox 377 662 580 712; x_wconf 75' lang='lat' dir='ltr'><em>Perfectus</em></span> <span class='ocrx_word' id='word_1_90' title='bbox 602 675 613 696; x_wconf 82' lang='grc'>.-</span> <span class='ocrx_word' id='word_1_91' title='bbox 635 660 726 698; x_wconf 87' lang='lat' dir='ltr'>nihil</span> <span class='ocrx_word' id='word_1_92' title='bbox 745 660 950 711; x_wconf 81' lang='lat' dir='ltr'><strong>intermisit,</strong></span> <span class='ocrx_word' id='word_1_93' title='bbox 968 661 1005 698; x_wconf 94' lang='lat' dir='ltr'>in</span> <span class='ocrx_word' id='word_1_94' title='bbox 1028 660 1127 698; x_wconf 86' lang='lat' dir='ltr'><strong>nullo</strong></span> <span class='ocrx_word' id='word_1_95' title='bbox 1142 659 1326 698; x_wconf 79' lang='lat' dir='ltr'><strong>claudica-</strong></span> 
     </span>
     <span class='ocr_line' id='line_1_14' title="bbox 376 720 1328 773; baseline -0.001 -13"><span class='ocrx_word' id='word_1_96' title='bbox 376 721 440 760; x_wconf 87' lang='lat' dir='ltr'>vit.</span> <span class='ocrx_word' id='word_1_97' title='bbox 458 721 538 758; x_wconf 90' lang='lat' dir='ltr'><strong>Non</strong></span> <span class='ocrx_word' id='word_1_98' title='bbox 559 720 596 758; x_wconf 90' lang='lat' dir='ltr'>in</span> <span class='ocrx_word' id='word_1_99' title='bbox 612 721 681 758; x_wconf 88' lang='lat' dir='ltr'>hoc</span> <span class='ocrx_word' id='word_1_100' title='bbox 699 730 791 758; x_wconf 86' lang='lat' dir='ltr'><strong>recte</strong></span> <span class='ocrx_word' id='word_1_101' title='bbox 809 721 955 772; x_wconf 83' lang='lat' dir='ltr'><strong>agebat,</strong></span> <span class='ocrx_word' id='word_1_102' title='bbox 975 721 1012 758; x_wconf 90' lang='lat' dir='ltr'>in</span> <span class='ocrx_word' id='word_1_103' title='bbox 1027 721 1090 760; x_wconf 91' lang='lat' dir='ltr'><strong>illo</strong></span> <span class='ocrx_word' id='word_1_104' title='bbox 1109 730 1227 759; x_wconf 87' lang='lat' dir='ltr'><strong>autem</strong></span> <span class='ocrx_word' id='word_1_105' title='bbox 1245 736 1328 773; x_wconf 87' lang='lat' dir='ltr'><strong>pec-</strong></span> 
     </span>
     <span class='ocr_line' id='line_1_15' title="bbox 376 781 1329 835; baseline -0.001 -15"><span class='ocrx_word' id='word_1_106' title='bbox 376 782 494 832; x_wconf 82' lang='lat' dir='ltr'><strong>cabat,</strong></span> <span class='ocrx_word' id='word_1_107' title='bbox 519 781 583 820; x_wconf 87' lang='lat' dir='ltr'>sed</span> <span class='ocrx_word' id='word_1_108' title='bbox 602 782 638 819; x_wconf 91' lang='lat' dir='ltr'>in</span> <span class='ocrx_word' id='word_1_109' title='bbox 658 783 755 820; x_wconf 90' lang='lat' dir='ltr'><strong>omni</strong></span> <span class='ocrx_word' id='word_1_110' title='bbox 775 782 909 821; x_wconf 81' lang='lat' dir='ltr'><strong>virtute</strong></span> <span class='ocrx_word' id='word_1_111' title='bbox 928 783 1102 835; x_wconf 84' lang='lat' dir='ltr'><strong>perfectus</strong></span> <span class='ocrx_word' id='word_1_112' title='bbox 1121 792 1195 821; x_wconf 86' lang='lat' dir='ltr'><strong>erat</strong></span> <span class='ocrx_word' id='word_1_113' title='bbox 1211 799 1219 819; x_wconf 95' lang='lat'><strong>:</strong></span> <span class='ocrx_word' id='word_1_114' title='bbox 1236 782 1329 820; x_wconf 86' lang='lat' dir='ltr'><strong>illud</strong></span> 
     </span>
     <span class='ocr_line' id='line_1_16' title="bbox 376 843 1330 895; baseline 0 -14"><span class='ocrx_word' id='word_1_115' title='bbox 376 843 470 882; x_wconf 88' lang='lat' dir='ltr'><strong>enim</strong></span> <span class='ocrx_word' id='word_1_116' title='bbox 497 843 667 881; x_wconf 83' lang='lat' dir='ltr'><strong>exhibere</strong></span> <span class='ocrx_word' id='word_1_117' title='bbox 689 844 766 895; x_wconf 87' lang='lat' dir='ltr'><strong>ejus</strong></span> <span class='ocrx_word' id='word_1_118' title='bbox 785 844 895 882; x_wconf 79' lang='lat' dir='ltr'><strong>officii</strong></span> <span class='ocrx_word' id='word_1_119' title='bbox 916 853 1003 882; x_wconf 88' lang='lat' dir='ltr'><strong>erat.</strong></span> <span class='ocrx_word' id='word_1_120' title='bbox 1021 846 1206 893; x_wconf 66' lang='lat' dir='ltr'><strong>Praeterea,</strong></span> <span class='ocrx_word' id='word_1_121' title='bbox 1226 853 1266 882; x_wconf 89' lang='lat' dir='ltr'>ut</span> <span class='ocrx_word' id='word_1_122' title='bbox 1284 858 1330 881; x_wconf 84' lang='lat' dir='ltr'>ex</span> 
     </span>
     <span class='ocr_line' id='line_1_17' title="bbox 375 904 1330 957; baseline -0.001 -15"><span class='ocrx_word' id='word_1_123' title='bbox 375 913 533 956; x_wconf 86' lang='lat' dir='ltr'><strong>tempore</strong></span> <span class='ocrx_word' id='word_1_124' title='bbox 561 918 703 955; x_wconf 89' lang='lat' dir='ltr'><strong>quoque</strong></span> <span class='ocrx_word' id='word_1_125' title='bbox 733 913 767 942; x_wconf 89' lang='lat' dir='ltr'>et</span> <span class='ocrx_word' id='word_1_126' title='bbox 792 918 838 942; x_wconf 81' lang='lat' dir='ltr'>ex</span> <span class='ocrx_word' id='word_1_127' title='bbox 860 904 1125 957; x_wconf 86' lang='lat' dir='ltr'><strong>comparatione</strong></span> <span class='ocrx_word' id='word_1_128' title='bbox 1143 918 1227 942; x_wconf 90' lang='lat' dir='ltr'>cum</span> <span class='ocrx_word' id='word_1_129' title='bbox 1248 904 1330 942; x_wconf 84' lang='lat' dir='ltr'><strong>aliis</strong></span> 
     </span>
     <span class='ocr_line' id='line_1_18' title="bbox 375 964 1324 1017; baseline -0.001 -15"><span class='ocrx_word' id='word_1_130' title='bbox 375 965 607 1003; x_wconf 85' lang='lat' dir='ltr'><strong>illustriorem</strong></span> <span class='ocrx_word' id='word_1_131' title='bbox 636 965 739 1003; x_wconf 91' lang='lat' dir='ltr'><strong>nobis</strong></span> <span class='ocrx_word' id='word_1_132' title='bbox 770 965 909 1017; x_wconf 86' lang='lat' dir='ltr'><strong>justum</strong></span> <span class='ocrx_word' id='word_1_133' title='bbox 940 965 1147 1011; x_wconf 83' lang='lat' dir='ltr'><strong>exhiberet,</strong></span> <span class='ocrx_word' id='word_1_134' title='bbox 1170 964 1289 1015; x_wconf 88' lang='lat' dir='ltr'><strong>inquit</strong></span> <span class='ocrx_word' id='word_1_135' title='bbox 1315 980 1324 1001; x_wconf 78' lang='lat' dir='ltr'>t</span> 
     </span>
     <span class='ocr_line' id='line_1_19' title="bbox 375 1025 1329 1079; baseline -0.001 -14"><span class='ocrx_word' id='word_1_136' title='bbox 375 1028 579 1079; x_wconf 73' lang='lat' dir='ltr'><strong>Perfectus</strong></span> <span class='ocrx_word' id='word_1_137' title='bbox 614 1029 655 1064; x_wconf 88' lang='lat' dir='ltr'>in</span> <span class='ocrx_word' id='word_1_138' title='bbox 687 1029 938 1078; x_wconf 80' lang='lat' dir='ltr'>generatione</span> <span class='ocrx_word' id='word_1_139' title='bbox 970 1040 1040 1065; x_wconf 87' lang='lat' dir='ltr'><strong>sua</strong></span> <span class='ocrx_word' id='word_1_140' title='bbox 1052 1042 1068 1072; x_wconf 88' lang='lat'><em>;</em></span> <span class='ocrx_word' id='word_1_141' title='bbox 1099 1025 1136 1064; x_wconf 90' lang='lat' dir='ltr'>in</span> <span class='ocrx_word' id='word_1_142' title='bbox 1170 1034 1329 1078; x_wconf 79' lang='lat' dir='ltr'><strong>tempore</strong></span> 
     </span>
     <span class='ocr_line' id='line_1_20' title="bbox 375 1087 1373 1140; baseline 0.004 -16"><span class='ocrx_word' id='word_1_143' title='bbox 375 1087 453 1137; x_wconf 89' lang='lat' dir='ltr'><strong>illo,</strong></span> <span class='ocrx_word' id='word_1_144' title='bbox 472 1087 508 1125; x_wconf 92' lang='lat' dir='ltr'>in</span> <span class='ocrx_word' id='word_1_145' title='bbox 527 1087 751 1138; x_wconf 83' lang='lat' dir='ltr'><strong>generatione</strong></span> <span class='ocrx_word' id='word_1_146' title='bbox 780 1087 840 1126; x_wconf 90' lang='lat' dir='ltr'><strong>illa</strong></span> <span class='ocrx_word' id='word_1_147' title='bbox 869 1101 1049 1140; x_wconf 84' lang='lat' dir='ltr'><strong>perversa,</strong></span> <span class='ocrx_word' id='word_1_148' title='bbox 1072 1101 1151 1137; x_wconf 88' lang='lat' dir='ltr'>quae</span> <span class='ocrx_word' id='word_1_149' title='bbox 1181 1087 1270 1125; x_wconf 89' lang='lat' dir='ltr'><strong>adeo</strong></span> <span class='ocrx_word' id='word_1_150' title='bbox 1291 1087 1326 1125; x_wconf 90' lang='lat' dir='ltr'>in</span> <span class='ocrx_word' id='word_1_151' title='bbox 1349 1098 1373 1128; x_wconf 91' lang='grc' dir='ltr'>Β</span> 
     </span>
     <span class='ocr_line' id='line_1_21' title="bbox 375 1146 1327 1198; baseline 0.001 -14"><span class='ocrx_word' id='word_1_152' title='bbox 375 1147 512 1184; x_wconf 83' lang='lat' dir='ltr'><strong>malum</strong></span> <span class='ocrx_word' id='word_1_153' title='bbox 526 1147 731 1197; x_wconf 80' lang='lat' dir='ltr'><strong>declinavit,</strong></span> <span class='ocrx_word' id='word_1_154' title='bbox 748 1161 826 1198; x_wconf 87' lang='lat' dir='ltr'>quae</span> <span class='ocrx_word' id='word_1_155' title='bbox 840 1161 953 1197; x_wconf 86' lang='lat' dir='ltr'><strong>neque</strong></span> <span class='ocrx_word' id='word_1_156' title='bbox 970 1146 1165 1198; x_wconf 82' lang='lat' dir='ltr'><strong>vestigium</strong></span> <span class='ocrx_word' id='word_1_157' title='bbox 1181 1147 1327 1185; x_wconf 86' lang='lat' dir='ltr'><strong>virtutis</strong></span> 
     </span>
     <span class='ocr_line' id='line_1_22' title="bbox 374 1207 1323 1260; baseline -0.001 -15"><span class='ocrx_word' id='word_1_158' title='bbox 374 1222 448 1260; x_wconf 84' lang='lat' dir='ltr'>prae</span> <span class='ocrx_word' id='word_1_159' title='bbox 468 1221 504 1245; x_wconf 91' lang='lat' dir='ltr'>se</span> <span class='ocrx_word' id='word_1_160' title='bbox 526 1208 619 1245; x_wconf 88' lang='lat' dir='ltr'><strong>ferre</strong></span> <span class='ocrx_word' id='word_1_161' title='bbox 642 1207 769 1247; x_wconf 90' lang='lat' dir='ltr'><strong>voluit.</strong></span> <span class='ocrx_word' id='word_1_162' title='bbox 784 1208 827 1245; x_wconf 90' lang='lat' dir='ltr'><strong>In</strong></span> <span class='ocrx_word' id='word_1_163' title='bbox 858 1207 922 1244; x_wconf 89' lang='lat' dir='ltr'><strong>illa</strong></span> <span class='ocrx_word' id='word_1_164' title='bbox 949 1207 1061 1259; x_wconf 82' lang='lat' dir='ltr'><strong>igitur</strong></span> <span class='ocrx_word' id='word_1_165' title='bbox 1087 1207 1323 1259; x_wconf 76' lang='lat' dir='ltr'><strong>generatione,</strong></span> 
     </span>
     <span class='ocr_line' id='line_1_23' title="bbox 375 1267 1326 1320; baseline 0 -15"><span class='ocrx_word' id='word_1_166' title='bbox 375 1267 413 1306; x_wconf 93' lang='lat' dir='ltr'>in</span> <span class='ocrx_word' id='word_1_167' title='bbox 430 1268 504 1306; x_wconf 90' lang='lat' dir='ltr'><strong>illis</strong></span> <span class='ocrx_word' id='word_1_168' title='bbox 524 1268 743 1320; x_wconf 89' lang='lat' dir='ltr'><strong>temporibus</strong></span> <span class='ocrx_word' id='word_1_169' title='bbox 764 1268 884 1319; x_wconf 90' lang='lat' dir='ltr'><strong>justus</strong></span> <span class='ocrx_word' id='word_1_170' title='bbox 903 1267 964 1305; x_wconf 90' lang='lat' dir='ltr'><strong>ille</strong></span> <span class='ocrx_word' id='word_1_171' title='bbox 985 1281 1054 1305; x_wconf 93' lang='lat' dir='ltr'>non</span> <span class='ocrx_word' id='word_1_172' title='bbox 1079 1268 1195 1306; x_wconf 90' lang='lat' dir='ltr'><strong>solum</strong></span> <span class='ocrx_word' id='word_1_173' title='bbox 1209 1267 1326 1306; x_wconf 79' lang='lat' dir='ltr'><strong>virtu-</strong></span> 
     </span>
     <span class='ocr_line' id='line_1_24' title="bbox 375 1328 1324 1381; baseline 0.001 -15"><span class='ocrx_word' id='word_1_174' title='bbox 375 1336 446 1366; x_wconf 88' lang='lat' dir='ltr'>tem</span> <span class='ocrx_word' id='word_1_175' title='bbox 466 1343 540 1381; x_wconf 90' lang='lat' dir='ltr'>prae</span> <span class='ocrx_word' id='word_1_176' title='bbox 556 1343 592 1366; x_wconf 92' lang='lat' dir='ltr'>se</span> <span class='ocrx_word' id='word_1_177' title='bbox 612 1329 707 1377; x_wconf 91' lang='lat' dir='ltr'><strong>tulit,</strong></span> <span class='ocrx_word' id='word_1_178' title='bbox 722 1328 784 1366; x_wconf 89' lang='lat' dir='ltr'>sed</span> <span class='ocrx_word' id='word_1_179' title='bbox 802 1338 836 1367; x_wconf 90' lang='lat' dir='ltr'>et</span> <span class='ocrx_word' id='word_1_180' title='bbox 857 1329 893 1366; x_wconf 91' lang='lat' dir='ltr'>in</span> <span class='ocrx_word' id='word_1_181' title='bbox 912 1337 1048 1366; x_wconf 88' lang='lat' dir='ltr'><strong>tautum</strong></span> <span class='ocrx_word' id='word_1_182' title='bbox 1069 1329 1324 1381; x_wconf 52' lang='grc' dir='ltr'><strong>[1011101111νί1-</strong></span> 
     </span>
     <span class='ocr_line' id='line_1_25' title="bbox 375 1388 1325 1442; baseline 0.002 -16"><span class='ocrx_word' id='word_1_183' title='bbox 375 1388 462 1427; x_wconf 87' lang='lat' dir='ltr'><strong>tutis</strong></span> <span class='ocrx_word' id='word_1_184' title='bbox 475 1389 627 1437; x_wconf 85' lang='lat' dir='ltr'><strong>culmen,</strong></span> <span class='ocrx_word' id='word_1_185' title='bbox 638 1390 828 1442; x_wconf 87' lang='lat' dir='ltr'><strong>perfectus,</strong></span> <span class='ocrx_word' id='word_1_186' title='bbox 843 1398 876 1427; x_wconf 89' lang='lat' dir='ltr'>et</span> <span class='ocrx_word' id='word_1_187' title='bbox 892 1389 928 1426; x_wconf 92' lang='lat' dir='ltr'>in</span> <span class='ocrx_word' id='word_1_188' title='bbox 945 1389 1110 1427; x_wconf 86' lang='lat' dir='ltr'><strong>omnibus</strong></span> <span class='ocrx_word' id='word_1_189' title='bbox 1129 1389 1325 1428; x_wconf 87' lang='lat' dir='ltr'><strong>absolutus.</strong></span> 
     </span>
     <span class='ocr_line' id='line_1_26' title="bbox 375 1449 1327 1501; baseline 0.001 -14"><span class='ocrx_word' id='word_1_190' title='bbox 375 1450 470 1487; x_wconf 88' lang='lat' dir='ltr'>Nam</span> <span class='ocrx_word' id='word_1_191' title='bbox 486 1450 525 1488; x_wconf 89' lang='lat' dir='ltr'>id</span> <span class='ocrx_word' id='word_1_192' title='bbox 543 1450 640 1501; x_wconf 89' lang='lat' dir='ltr'><strong>quod</strong></span> <span class='ocrx_word' id='word_1_193' title='bbox 654 1459 734 1488; x_wconf 84' lang='lat' dir='ltr'><strong>ante</strong></span> <span class='ocrx_word' id='word_1_194' title='bbox 748 1449 839 1497; x_wconf 82' lang='lat' dir='ltr'><strong>dixi,</strong></span> <span class='ocrx_word' id='word_1_195' title='bbox 852 1450 942 1487; x_wconf 88' lang='grc'><strong>110110</strong></span> <span class='ocrx_word' id='word_1_196' title='bbox 955 1463 1058 1501; x_wconf 87' lang='lat' dir='ltr'><strong>agere</strong></span> <span class='ocrx_word' id='word_1_197' title='bbox 1075 1450 1165 1487; x_wconf 91' lang='lat' dir='ltr'><strong>inter</strong></span> <span class='ocrx_word' id='word_1_198' title='bbox 1182 1450 1327 1488; x_wconf 77' lang='lat' dir='ltr'><strong>virtutis</strong></span> 
     </span>
     <span class='ocr_line' id='line_1_27' title="bbox 375 1510 1327 1563; baseline 0.001 -15"><span class='ocrx_word' id='word_1_199' title='bbox 375 1511 505 1560; x_wconf 89' lang='lat' dir='ltr'><strong>hostes,</strong></span> <span class='ocrx_word' id='word_1_200' title='bbox 518 1521 552 1549; x_wconf 89' lang='lat' dir='ltr'>et</span> <span class='ocrx_word' id='word_1_201' title='bbox 575 1512 666 1549; x_wconf 90' lang='lat' dir='ltr'><strong>inter</strong></span> <span class='ocrx_word' id='word_1_202' title='bbox 680 1525 738 1550; x_wconf 88' lang='lat' dir='ltr'>eos</span> <span class='ocrx_word' id='word_1_203' title='bbox 755 1511 816 1562; x_wconf 88' lang='lat' dir='ltr'>qui</span> <span class='ocrx_word' id='word_1_204' title='bbox 835 1511 1005 1549; x_wconf 78' lang='lat' dir='ltr'><strong>virtutem</strong></span> <span class='ocrx_word' id='word_1_205' title='bbox 1026 1510 1217 1563; x_wconf 84' lang='lat' dir='ltr'><strong>prohibent</strong></span> <span class='ocrx_word' id='word_1_206' title='bbox 1233 1526 1327 1549; x_wconf 84' lang='lat' dir='ltr'><strong>eam-</strong></span> 
     </span>
     <span class='ocr_line' id='line_1_28' title="bbox 375 1572 1329 1625; baseline 0.001 -15"><span class='ocrx_word' id='word_1_207' title='bbox 375 1572 458 1611; x_wconf 89' lang='lat' dir='ltr'>dem</span> <span class='ocrx_word' id='word_1_208' title='bbox 481 1572 706 1611; x_wconf 86' lang='lat' dir='ltr'><strong>sedulitatem</strong></span> <span class='ocrx_word' id='word_1_209' title='bbox 734 1586 808 1624; x_wconf 88' lang='lat' dir='ltr'>prae</span> <span class='ocrx_word' id='word_1_210' title='bbox 840 1586 875 1610; x_wconf 88' lang='lat' dir='ltr'>se</span> <span class='ocrx_word' id='word_1_211' title='bbox 902 1572 992 1610; x_wconf 83' lang='lat' dir='ltr'><strong>ferre</strong></span> <span class='ocrx_word' id='word_1_212' title='bbox 1007 1602 1018 1621; x_wconf 86' lang='lat'><strong>,</strong></span> <span class='ocrx_word' id='word_1_213' title='bbox 1047 1572 1163 1623; x_wconf 85' lang='lat' dir='ltr'><strong>majus</strong></span> <span class='ocrx_word' id='word_1_214' title='bbox 1190 1587 1329 1625; x_wconf 87' lang='lat' dir='ltr'><strong>semper</strong></span> 
     </span>
     <span class='ocr_line' id='line_1_29' title="bbox 375 1631 1328 1685; baseline 0.001 -15"><span class='ocrx_word' id='word_1_215' title='bbox 375 1633 520 1671; x_wconf 83' lang='lat' dir='ltr'><strong>virtutis</strong></span> <span class='ocrx_word' id='word_1_216' title='bbox 532 1633 672 1685; x_wconf 88' lang='lat' dir='ltr'><strong>pondus</strong></span> <span class='ocrx_word' id='word_1_217' title='bbox 684 1641 843 1671; x_wconf 87' lang='lat' dir='ltr'><strong>testatur.</strong></span> <span class='ocrx_word' id='word_1_218' title='bbox 856 1631 963 1670; x_wconf 89' lang='lat' dir='ltr'><strong>Unde</strong></span> <span class='ocrx_word' id='word_1_219' title='bbox 975 1631 1044 1670; x_wconf 88' lang='lat' dir='ltr'><strong>hac</strong></span> <span class='ocrx_word' id='word_1_220' title='bbox 1059 1632 1196 1671; x_wconf 80' lang='lat' dir='ltr'><strong>ratione</strong></span> <span class='ocrx_word' id='word_1_221' title='bbox 1209 1634 1328 1685; x_wconf 86' lang='lat' dir='ltr'><strong>justus</strong></span> 
     </span>
     <span class='ocr_line' id='line_1_30' title="bbox 375 1693 1328 1745; baseline -0.001 -14"><span class='ocrx_word' id='word_1_222' title='bbox 375 1694 438 1731; x_wconf 92' lang='lat' dir='ltr'><strong>ille</strong></span> <span class='ocrx_word' id='word_1_223' title='bbox 460 1694 610 1745; x_wconf 86' lang='lat' dir='ltr'><strong>majores</strong></span> <span class='ocrx_word' id='word_1_224' title='bbox 628 1693 752 1731; x_wconf 84' lang='lat' dir='ltr'><strong>laudes</strong></span> <span class='ocrx_word' id='word_1_225' title='bbox 769 1702 894 1731; x_wconf 84' lang='lat' dir='ltr'><strong>nactus</strong></span> <span class='ocrx_word' id='word_1_226' title='bbox 915 1702 977 1731; x_wconf 89' lang='lat' dir='ltr'><strong>est.</strong></span> <span class='ocrx_word' id='word_1_227' title='bbox 998 1693 1122 1743; x_wconf 85' lang='lat' dir='ltr'><strong>Neque</strong></span> <span class='ocrx_word' id='word_1_228' title='bbox 1139 1693 1200 1730; x_wconf 86' lang='lat' dir='ltr'><strong>hic</strong></span> <span class='ocrx_word' id='word_1_229' title='bbox 1219 1693 1328 1731; x_wconf 88' lang='lat' dir='ltr'><strong>finem</strong></span> 
     </span>
     <span class='ocr_line' id='line_1_31' title="bbox 374 1752 1371 1805; baseline 0.001 -15"><span class='ocrx_word' id='word_1_230' title='bbox 374 1753 545 1791; x_wconf 85' lang='lat' dir='ltr'><strong>laudandi</strong></span> <span class='ocrx_word' id='word_1_231' title='bbox 565 1753 669 1791; x_wconf 88' lang='lat' dir='ltr'><strong>illum</strong></span> <span class='ocrx_word' id='word_1_232' title='bbox 694 1753 779 1791; x_wconf 84' lang='lat' dir='ltr'><strong>facit</strong></span> <span class='ocrx_word' id='word_1_233' title='bbox 803 1752 929 1790; x_wconf 84' lang='lat' dir='ltr'><strong>divina</strong></span> <span class='ocrx_word' id='word_1_234' title='bbox 956 1753 1157 1805; x_wconf 85' lang='lat' dir='ltr'><strong>Scriptura,</strong></span> <span class='ocrx_word' id='word_1_235' title='bbox 1176 1753 1237 1791; x_wconf 85' lang='lat' dir='ltr'>scd</span> <span class='ocrx_word' id='word_1_236' title='bbox 1265 1753 1328 1791; x_wconf 88' lang='lat' dir='ltr'><strong>ad·</strong></span> <span class='ocrx_word' id='word_1_237' title='bbox 1348 1762 1371 1791; x_wconf 91' lang='lat' dir='ltr'>C</span> 
     </span>
     <span class='ocr_line' id='line_1_32' title="bbox 374 1813 1329 1861; baseline 0 -9"><span class='ocrx_word' id='word_1_238' title='bbox 374 1814 446 1852; x_wconf 88' lang='lat' dir='ltr'>hue</span> <span class='ocrx_word' id='word_1_239' title='bbox 468 1814 613 1852; x_wconf 82' lang='lat' dir='ltr'><strong>virtutis</strong></span> <span class='ocrx_word' id='word_1_240' title='bbox 637 1813 734 1851; x_wconf 87' lang='lat' dir='ltr'><strong>illius</strong></span> <span class='ocrx_word' id='word_1_241' title='bbox 764 1813 1010 1851; x_wconf 82' lang='lat' dir='ltr'><strong>excellentiam</strong></span> <span class='ocrx_word' id='word_1_242' title='bbox 1034 1813 1268 1861; x_wconf 88' lang='lat' dir='ltr'><strong>demonstrat,</strong></span> <span class='ocrx_word' id='word_1_243' title='bbox 1294 1823 1329 1852; x_wconf 88' lang='lat' dir='ltr'>et</span> 
     </span>
     <span class='ocr_line' id='line_1_33' title="bbox 375 1870 1328 1927; baseline 0.001 -15"><span class='ocrx_word' id='word_1_244' title='bbox 375 1870 472 1925; x_wconf 68' lang='lat' dir='ltr'><strong>quod</strong></span> <span class='ocrx_word' id='word_1_245' title='bbox 485 1874 609 1912; x_wconf 86' lang='lat' dir='ltr'><strong>divino</strong></span> <span class='ocrx_word' id='word_1_246' title='bbox 633 1874 769 1912; x_wconf 85' lang='lat' dir='ltr'><strong>calculo</strong></span> <span class='ocrx_word' id='word_1_247' title='bbox 787 1874 961 1926; x_wconf 87' lang='lat' dir='ltr'><strong>probatus</strong></span> <span class='ocrx_word' id='word_1_248' title='bbox 979 1874 1101 1923; x_wconf 87' lang='lat' dir='ltr'><strong>fuerit,</strong></span> <span class='ocrx_word' id='word_1_249' title='bbox 1121 1875 1205 1925; x_wconf 86' lang='lat' dir='ltr'><strong>quia</strong></span> <span class='ocrx_word' id='word_1_250' title='bbox 1225 1884 1328 1927; x_wconf 88' lang='lat' dir='ltr'><strong>post-</strong></span> 
     </span>
     <span class='ocr_line' id='line_1_34' title="bbox 375 1935 1323 1988; baseline 0.001 -15"><span class='ocrx_word' id='word_1_251' title='bbox 375 1950 483 1985; x_wconf 88' lang='lat' dir='ltr'><strong>quam</strong></span> <span class='ocrx_word' id='word_1_252' title='bbox 514 1935 630 1982; x_wconf 85' lang='lat' dir='ltr'><strong>dixit,</strong></span> <span class='ocrx_word' id='word_1_253' title='bbox 659 1937 864 1987; x_wconf 81' lang='lat' dir='ltr'><strong>Perfectus</strong></span> <span class='ocrx_word' id='word_1_254' title='bbox 888 1938 929 1972; x_wconf 87' lang='lat' dir='ltr'>in</span> <span class='ocrx_word' id='word_1_255' title='bbox 958 1938 1209 1988; x_wconf 80' lang='lat' dir='ltr'><strong>generatione</strong></span> <span class='ocrx_word' id='word_1_256' title='bbox 1238 1950 1323 1984; x_wconf 84' lang='lat' dir='ltr'><strong>sua,</strong></span> 
     </span>
     <span class='ocr_line' id='line_1_35' title="bbox 376 1996 1328 2047; baseline 0.002 -14"><span class='ocrx_word' id='word_1_257' title='bbox 376 1996 490 2046; x_wconf 90' lang='lat' dir='ltr'><strong>addit,</strong></span> <span class='ocrx_word' id='word_1_258' title='bbox 509 1998 594 2034; x_wconf 89' lang='lat' dir='ltr'>Deo</span> <span class='ocrx_word' id='word_1_259' title='bbox 615 1996 767 2047; x_wconf 80' lang='lat' dir='ltr'><strong>placuit</strong></span> <span class='ocrx_word' id='word_1_260' title='bbox 787 1997 882 2035; x_wconf 65' lang='lat' dir='ltr'><strong>Noti.</strong></span> <span class='ocrx_word' id='word_1_261' title='bbox 903 1996 1020 2033; x_wconf 89' lang='lat' dir='ltr'><strong>Tanta</strong></span> <span class='ocrx_word' id='word_1_262' title='bbox 1046 2005 1121 2033; x_wconf 86' lang='lat' dir='ltr'><strong>erat</strong></span> <span class='ocrx_word' id='word_1_263' title='bbox 1143 1996 1260 2035; x_wconf 85' lang='lat' dir='ltr'><strong>virtus</strong></span> <span class='ocrx_word' id='word_1_264' title='bbox 1285 1997 1328 2035; x_wconf 90' lang='lat' dir='ltr'>il-</span> 
     </span>
     <span class='ocr_line' id='line_1_36' title="bbox 376 2056 1328 2108; baseline 0.002 -15"><span class='ocrx_word' id='word_1_265' title='bbox 376 2057 460 2104; x_wconf 88' lang='lat' dir='ltr'><strong>lius,</strong></span> <span class='ocrx_word' id='word_1_266' title='bbox 476 2066 561 2095; x_wconf 89' lang='lat' dir='ltr'><strong>utet</strong></span> <span class='ocrx_word' id='word_1_267' title='bbox 576 2071 596 2094; x_wconf 88' lang='lat' dir='ltr'><strong>a</strong></span> <span class='ocrx_word' id='word_1_268' title='bbox 611 2058 684 2095; x_wconf 91' lang='lat' dir='ltr'>Deo</span> <span class='ocrx_word' id='word_1_269' title='bbox 697 2056 839 2094; x_wconf 81' lang='lat' dir='ltr'><strong>laudari</strong></span> <span class='ocrx_word' id='word_1_270' title='bbox 857 2057 1103 2108; x_wconf 87' lang='lat' dir='ltr'><strong>promeruerit.</strong></span> <span class='ocrx_word' id='word_1_271' title='bbox 1120 2059 1204 2095; x_wconf 90' lang='lat' dir='ltr'>Deo</span> <span class='ocrx_word' id='word_1_272' title='bbox 1221 2058 1328 2107; x_wconf 88' lang='lat' dir='ltr'><strong>enim,</strong></span> 
     </span>
     <span class='ocr_line' id='line_1_37' title="bbox 378 2116 1330 2169; baseline 0.001 -15"><span class='ocrx_word' id='word_1_273' title='bbox 378 2117 511 2168; x_wconf 83' lang='lat' dir='ltr'><strong>inquit,</strong></span> <span class='ocrx_word' id='word_1_274' title='bbox 527 2118 679 2168; x_wconf 83' lang='lat' dir='ltr'><strong>placuit</strong></span> <span class='ocrx_word' id='word_1_275' title='bbox 702 2118 802 2161; x_wconf 53' lang='lat' dir='ltr'><strong>Noe,-</strong></span> <span class='ocrx_word' id='word_1_276' title='bbox 822 2130 863 2154; x_wconf 91' lang='lat' dir='ltr'><strong>ac</strong></span> <span class='ocrx_word' id='word_1_277' title='bbox 883 2117 913 2154; x_wconf 88' lang='lat' dir='ltr'>si</span> <span class='ocrx_word' id='word_1_278' title='bbox 931 2116 1062 2154; x_wconf 87' lang='lat' dir='ltr'><strong>diceret</strong></span> <span class='ocrx_word' id='word_1_279' title='bbox 1083 2132 1091 2153; x_wconf 76' lang='grc' dir='ltr'><em>τ</em></span> <span class='ocrx_word' id='word_1_280' title='bbox 1112 2118 1330 2169; x_wconf 86' lang='lat' dir='ltr'><strong>approbatus</strong></span> 
     </span>
     <span class='ocr_line' id='line_1_38' title="bbox 379 2176 1329 2229; baseline 0.001 -14"><span class='ocrx_word' id='word_1_281' title='bbox 379 2178 449 2215; x_wconf 85' lang='lat' dir='ltr'><strong>fuit</strong></span> <span class='ocrx_word' id='word_1_282' title='bbox 474 2192 494 2215; x_wconf 91' lang='lat' dir='ltr'><strong>a</strong></span> <span class='ocrx_word' id='word_1_283' title='bbox 524 2179 619 2227; x_wconf 86' lang='lat' dir='ltr'><strong>De0;</strong></span> <span class='ocrx_word' id='word_1_284' title='bbox 643 2191 706 2229; x_wconf 85' lang='lat' dir='ltr'>per</span> <span class='ocrx_word' id='word_1_285' title='bbox 733 2176 826 2214; x_wconf 89' lang='lat' dir='ltr'><strong>bona</strong></span> <span class='ocrx_word' id='word_1_286' title='bbox 853 2190 959 2228; x_wconf 88' lang='lat' dir='ltr'><strong>opera</strong></span> <span class='ocrx_word' id='word_1_287' title='bbox 982 2177 1120 2229; x_wconf 90' lang='lat' dir='ltr'><strong>placuit</strong></span> <span class='ocrx_word' id='word_1_288' title='bbox 1147 2178 1201 2215; x_wconf 90' lang='lat' dir='ltr'><strong>illi</strong></span> <span class='ocrx_word' id='word_1_289' title='bbox 1225 2179 1329 2217; x_wconf 86' lang='lat' dir='ltr'><strong>oculo</strong></span> 
     </span>
     <span class='ocr_line' id='line_1_39' title="bbox 378 2237 1331 2289; baseline 0.001 -14"><span class='ocrx_word' id='word_1_290' title='bbox 378 2237 441 2288; x_wconf 90' lang='lat' dir='ltr'>qui</span> <span class='ocrx_word' id='word_1_291' title='bbox 460 2237 570 2289; x_wconf 88' lang='lat' dir='ltr'><strong>sopiri</strong></span> <span class='ocrx_word' id='word_1_292' title='bbox 586 2251 654 2275; x_wconf 89' lang='lat' dir='ltr'>non</span> <span class='ocrx_word' id='word_1_293' title='bbox 671 2245 799 2289; x_wconf 89' lang='lat' dir='ltr'><strong>potest,</strong></span> <span class='ocrx_word' id='word_1_294' title='bbox 818 2245 852 2274; x_wconf 93' lang='lat' dir='ltr'>et</span> <span class='ocrx_word' id='word_1_295' title='bbox 871 2237 969 2274; x_wconf 89' lang='lat' dir='ltr'><strong>illius</strong></span> <span class='ocrx_word' id='word_1_296' title='bbox 987 2237 1054 2274; x_wconf 88' lang='lat' dir='ltr'><strong>sihi</strong></span> <span class='ocrx_word' id='word_1_297' title='bbox 1074 2238 1234 2276; x_wconf 84' lang='lat' dir='ltr'><strong>favorem</strong></span> <span class='ocrx_word' id='word_1_298' title='bbox 1253 2248 1331 2277; x_wconf 85' lang='lat' dir='ltr'><strong>tan-</strong></span> 
     </span>
     <span class='ocr_line' id='line_1_40' title="bbox 379 2297 1332 2349; baseline 0.002 -14"><span class='ocrx_word' id='word_1_299' title='bbox 379 2306 456 2335; x_wconf 91' lang='lat' dir='ltr'>tum</span> <span class='ocrx_word' id='word_1_300' title='bbox 483 2297 686 2336; x_wconf 86' lang='lat' dir='ltr'><strong>conciliavit</strong></span> <span class='ocrx_word' id='word_1_301' title='bbox 712 2312 774 2349; x_wconf 88' lang='lat' dir='ltr'>per</span> <span class='ocrx_word' id='word_1_302' title='bbox 794 2297 926 2335; x_wconf 89' lang='lat' dir='ltr'><strong>bonam</strong></span> <span class='ocrx_word' id='word_1_303' title='bbox 952 2297 1076 2346; x_wconf 78' lang='lat' dir='ltr'><strong>vitam,</strong></span> <span class='ocrx_word' id='word_1_304' title='bbox 1093 2307 1132 2335; x_wconf 94' lang='lat' dir='ltr'>ut</span> <span class='ocrx_word' id='word_1_305' title='bbox 1161 2312 1241 2336; x_wconf 87' lang='lat' dir='ltr'>eum</span> <span class='ocrx_word' id='word_1_306' title='bbox 1261 2313 1332 2337; x_wconf 90' lang='lat' dir='ltr'>non</span> 
     </span>
     <span class='ocr_line' id='line_1_41' title="bbox 380 2357 1335 2410; baseline 0.001 -14"><span class='ocrx_word' id='word_1_307' title='bbox 380 2358 496 2396; x_wconf 85' lang='lat' dir='ltr'><strong>solum</strong></span> <span class='ocrx_word' id='word_1_308' title='bbox 508 2358 554 2396; x_wconf 83' lang='lat' dir='ltr'><strong>ab</strong></span> <span class='ocrx_word' id='word_1_309' title='bbox 567 2358 810 2410; x_wconf 82' lang='lat' dir='ltr'><strong>indignatione</strong></span> <span class='ocrx_word' id='word_1_310' title='bbox 824 2358 861 2395; x_wconf 88' lang='lat' dir='ltr'>in</span> <span class='ocrx_word' id='word_1_311' title='bbox 878 2371 999 2395; x_wconf 89' lang='lat' dir='ltr'><strong>omnes</strong></span> <span class='ocrx_word' id='word_1_312' title='bbox 1012 2357 1226 2397; x_wconf 85' lang='lat' dir='ltr'><strong>effundenda</strong></span> <span class='ocrx_word' id='word_1_313' title='bbox 1246 2360 1335 2398; x_wconf 90' lang='lat' dir='ltr'><strong>libe-</strong></span> 
     </span>
     <span class='ocr_line' id='line_1_42' title="bbox 381 2418 1332 2470; baseline 0.002 -14"><span class='ocrx_word' id='word_1_314' title='bbox 381 2418 490 2466; x_wconf 84' lang='lat' dir='ltr'><strong>rarit,</strong></span> <span class='ocrx_word' id='word_1_315' title='bbox 526 2418 589 2456; x_wconf 88' lang='lat' dir='ltr'>sed</span> <span class='ocrx_word' id='word_1_316' title='bbox 616 2428 650 2457; x_wconf 88' lang='grc'>01</span> <span class='ocrx_word' id='word_1_317' title='bbox 676 2419 830 2456; x_wconf 87' lang='lat' dir='ltr'><strong>aliorum</strong></span> <span class='ocrx_word' id='word_1_318' title='bbox 858 2426 1051 2470; x_wconf 87' lang='lat' dir='ltr'><strong>patronum</strong></span> <span class='ocrx_word' id='word_1_319' title='bbox 1081 2418 1215 2456; x_wconf 87' lang='lat' dir='ltr'><strong>fecerit.</strong></span> <span class='ocrx_word' id='word_1_320' title='bbox 1248 2421 1332 2458; x_wconf 90' lang='lat' dir='ltr'>Deo</span> 
     </span>
     <span class='ocr_line' id='line_1_43' title="bbox 380 2478 1334 2531; baseline 0.002 -16"><span class='ocrx_word' id='word_1_321' title='bbox 380 2478 492 2527; x_wconf 85' lang='lat' dir='ltr'><strong>enim,</strong></span> <span class='ocrx_word' id='word_1_322' title='bbox 519 2478 657 2530; x_wconf 89' lang='lat' dir='ltr'><strong>inquit,</strong></span> <span class='ocrx_word' id='word_1_323' title='bbox 686 2480 837 2531; x_wconf 85' lang='lat' dir='ltr'><strong>placuit</strong></span> <span class='ocrx_word' id='word_1_324' title='bbox 864 2479 959 2517; x_wconf 61' lang='lat' dir='ltr'><strong>Noe.</strong></span> <span class='ocrx_word' id='word_1_325' title='bbox 985 2478 1074 2524; x_wconf 89' lang='lat' dir='ltr'><strong>Quis</strong></span> <span class='ocrx_word' id='word_1_326' title='bbox 1101 2478 1169 2516; x_wconf 84' lang='lat' dir='ltr'>hoc</span> <span class='ocrx_word' id='word_1_327' title='bbox 1198 2479 1334 2517; x_wconf 90' lang='lat' dir='ltr'><strong>beatior</strong></span> 
     </span>
     <span class='ocr_line' id='line_1_44' title="bbox 381 2538 1378 2592; baseline 0.001 -16"><span class='ocrx_word' id='word_1_328' title='bbox 381 2539 499 2588; x_wconf 88' lang='lat' dir='ltr'><strong>fuerit,</strong></span> <span class='ocrx_word' id='word_1_329' title='bbox 512 2540 573 2590; x_wconf 90' lang='lat' dir='ltr'>qui</span> <span class='ocrx_word' id='word_1_330' title='bbox 598 2548 732 2577; x_wconf 80' lang='lat' dir='ltr'><strong>tantam</strong></span> <span class='ocrx_word' id='word_1_331' title='bbox 751 2553 823 2592; x_wconf 84' lang='lat' dir='ltr'>prae</span> <span class='ocrx_word' id='word_1_332' title='bbox 845 2553 882 2576; x_wconf 87' lang='grc'>50</span> <span class='ocrx_word' id='word_1_333' title='bbox 900 2539 992 2577; x_wconf 87' lang='lat' dir='ltr'><strong>ferre</strong></span> <span class='ocrx_word' id='word_1_334' title='bbox 1013 2539 1130 2591; x_wconf 87' lang='lat' dir='ltr'><strong>potuit</strong></span> <span class='ocrx_word' id='word_1_335' title='bbox 1147 2538 1330 2588; x_wconf 81' lang='lat' dir='ltr'><strong>virtutem,</strong></span> <span class='ocrx_word' id='word_1_336' title='bbox 1353 2552 1378 2581; x_wconf 85' lang='lat'>1)</span> 
     </span>
     <span class='ocr_line' id='line_1_45' title="bbox 381 2599 1332 2639; baseline 0.001 -2"><span class='ocrx_word' id='word_1_337' title='bbox 381 2609 420 2637; x_wconf 91' lang='lat' dir='ltr'>ut</span> <span class='ocrx_word' id='word_1_338' title='bbox 445 2600 640 2639; x_wconf 88' lang='lat' dir='ltr'><strong>Dominum</strong></span> <span class='ocrx_word' id='word_1_339' title='bbox 665 2600 824 2638; x_wconf 83' lang='lat' dir='ltr'><strong>universi</strong></span> <span class='ocrx_word' id='word_1_340' title='bbox 849 2599 996 2638; x_wconf 86' lang='lat' dir='ltr'><strong>baberet</strong></span> <span class='ocrx_word' id='word_1_341' title='bbox 1018 2599 1167 2638; x_wconf 84' lang='lat' dir='ltr'><strong>laudum</strong></span> <span class='ocrx_word' id='word_1_342' title='bbox 1186 2614 1332 2639; x_wconf 87' lang='lat' dir='ltr'><strong>suarum</strong></span> 
     </span>
     <span class='ocr_line' id='line_1_46' title="bbox 381 2660 1333 2712; baseline 0.001 -14"><span class='ocrx_word' id='word_1_343' title='bbox 381 2674 578 2712; x_wconf 85' lang='lat' dir='ltr'><strong>praeconem</strong></span> <span class='ocrx_word' id='word_1_344' title='bbox 590 2660 608 2698; x_wconf 72' lang='grc' dir='ltr'>Ξ)</span> <span class='ocrx_word' id='word_1_345' title='bbox 622 2661 706 2699; x_wconf 81' lang='lat' dir='ltr'>Haec</span> <span class='ocrx_word' id='word_1_346' title='bbox 720 2660 766 2698; x_wconf 87' lang='lat' dir='ltr'><strong>ab</strong></span> <span class='ocrx_word' id='word_1_347' title='bbox 781 2674 821 2698; x_wconf 93' lang='lat' dir='ltr'>eo</span> <span class='ocrx_word' id='word_1_348' title='bbox 837 2669 919 2698; x_wconf 89' lang='lat' dir='ltr'><strong>sunt</strong></span> <span class='ocrx_word' id='word_1_349' title='bbox 933 2661 1036 2710; x_wconf 86' lang='lat' dir='ltr'><strong>sacta,</strong></span> <span class='ocrx_word' id='word_1_350' title='bbox 1051 2675 1129 2712; x_wconf 85' lang='lat' dir='ltr'>quae</span> <span class='ocrx_word' id='word_1_351' title='bbox 1144 2661 1333 2712; x_wconf 83' lang='lat' dir='ltr'><strong>quibusvis</strong></span> 
     </span>
     <span class='ocr_line' id='line_1_47' title="bbox 381 2720 1333 2773; baseline 0.002 -15"><span class='ocrx_word' id='word_1_352' title='bbox 381 2720 541 2769; x_wconf 81' lang='lat' dir='ltr'><strong>divitiis,</strong></span> <span class='ocrx_word' id='word_1_353' title='bbox 568 2721 696 2772; x_wconf 83' lang='lat' dir='ltr'><strong>quavis</strong></span> <span class='ocrx_word' id='word_1_354' title='bbox 725 2720 966 2770; x_wconf 84' lang='lat' dir='ltr'><strong>abundantia,</strong></span> <span class='ocrx_word' id='word_1_355' title='bbox 993 2721 1120 2773; x_wconf 81' lang='lat' dir='ltr'><strong>quavis</strong></span> <span class='ocrx_word' id='word_1_356' title='bbox 1152 2722 1263 2773; x_wconf 84' lang='lat' dir='ltr'><strong>gloria</strong></span> <span class='ocrx_word' id='word_1_357' title='bbox 1298 2731 1333 2760; x_wconf 87' lang='lat' dir='ltr'>et</span> 
     </span>
     <span class='ocr_line' id='line_1_48' title="bbox 383 2781 1331 2835; baseline 0.002 -16"><span class='ocrx_word' id='word_1_358' title='bbox 383 2783 552 2834; x_wconf 88' lang='lat' dir='ltr'><strong>potentia,</strong></span> <span class='ocrx_word' id='word_1_359' title='bbox 563 2782 691 2832; x_wconf 69' lang='lat' dir='ltr'><strong>quavis</strong></span> <span class='ocrx_word' id='word_1_360' title='bbox 703 2781 858 2819; x_wconf 87' lang='lat' dir='ltr'><strong>humana</strong></span> <span class='ocrx_word' id='word_1_361' title='bbox 874 2782 1042 2820; x_wconf 83' lang='lat' dir='ltr'><strong>felicitate</strong></span> <span class='ocrx_word' id='word_1_362' title='bbox 1060 2782 1198 2835; x_wconf 84' lang='lat' dir='ltr'><strong>potiora</strong></span> <span class='ocrx_word' id='word_1_363' title='bbox 1217 2782 1331 2821; x_wconf 82' lang='lat' dir='ltr'><strong>duxe-</strong></span> 
     </span>
    </p>
   </div>
   <div class='ocr_carea' id='block_1_8' title="bbox 240 2843 1334 2895">
    <p class='ocr_par' dir='ltr' id='par_1_8' title="bbox 240 2843 1334 2895">
     <span class='ocr_line' id='line_1_49' title="bbox 240 2843 1334 2895; baseline -0.001 -13"><span class='ocrx_word' id='word_1_364' title='bbox 240 2856 368 2892; x_wconf 63' lang='lat' dir='ltr'><strong>Quinam</strong></span> <span class='ocrx_word' id='word_1_365' title='bbox 387 2843 433 2880; x_wconf 87' lang='lat' dir='ltr'>rit</span> <span class='ocrx_word' id='word_1_366' title='bbox 462 2843 623 2893; x_wconf 87' lang='lat' dir='ltr'><strong>quisquis</strong></span> <span class='ocrx_word' id='word_1_367' title='bbox 649 2852 801 2881; x_wconf 89' lang='lat' dir='ltr'><strong>mentem</strong></span> <span class='ocrx_word' id='word_1_368' title='bbox 832 2843 1057 2881; x_wconf 76' lang='lat' dir='ltr'><strong>habetzhaec</strong></span> <span class='ocrx_word' id='word_1_369' title='bbox 1085 2857 1193 2895; x_wconf 86' lang='lat' dir='ltr'><strong>regno</strong></span> <span class='ocrx_word' id='word_1_370' title='bbox 1221 2844 1334 2895; x_wconf 81' lang='lat' dir='ltr'><strong>magis</strong></span> 
     </span>
    </p>
   </div>
   <div class='ocr_carea' id='block_1_9' title="bbox 183 2907 251 2923">
    <p class='ocr_par' dir='ltr' id='par_1_9' title="bbox 183 2907 251 2923">
     <span class='ocr_line' id='line_1_50' title="bbox 183 2907 251 2923; baseline 0.029 -2"><span class='ocrx_word' id='word_1_371' title='bbox 183 2907 251 2923; x_wconf 65' lang='grc' dir='ltr'><strong>Υ(“Ι”’(,“</strong></span> 
     </span>
    </p>
   </div>
   <div class='ocr_carea' id='block_1_10' title="bbox 183 2945 281 2973">
    <p class='ocr_par' dir='ltr' id='par_1_10' title="bbox 183 2945 281 2973">
     <span class='ocr_line' id='line_1_51' title="bbox 183 2945 281 2973; baseline 0.02 -10"><span class='ocrx_word' id='word_1_372' title='bbox 183 2945 281 2973; x_wconf 73' lang='lat' dir='ltr'><strong>giu-ut.</strong></span> 
     </span>
    </p>
   </div>
   <div class='ocr_carea' id='block_1_11' title="bbox 324 2902 1334 3259">
    <p class='ocr_par' dir='ltr' id='par_1_11' title="bbox 324 2902 1334 3259">
     <span class='ocr_line' id='line_1_52' title="bbox 324 2902 1334 2954; baseline 0.002 -15"><span class='ocrx_word' id='word_1_373' title='bbox 324 2909 368 2924; x_wconf 68' lang='lat'>‘⁰‘</span> <span class='ocrx_word' id='word_1_374' title='bbox 383 2902 634 2940; x_wconf 85' lang='lat' dir='ltr'><strong>desiderabilia</strong></span> <span class='ocrx_word' id='word_1_375' title='bbox 654 2903 782 2940; x_wconf 88' lang='lat' dir='ltr'><strong>suerint</strong></span> <span class='ocrx_word' id='word_1_376' title='bbox 793 2903 836 2952; x_wconf 91' lang='lat' dir='ltr'>ei,</span> <span class='ocrx_word' id='word_1_377' title='bbox 848 2903 909 2954; x_wconf 85' lang='lat' dir='ltr'>qui</span> <span class='ocrx_word' id='word_1_378' title='bbox 925 2904 1043 2941; x_wconf 91' lang='lat' dir='ltr'><strong>Deum</strong></span> <span class='ocrx_word' id='word_1_379' title='bbox 1062 2903 1198 2941; x_wconf 88' lang='lat' dir='ltr'><strong>sincero</strong></span> <span class='ocrx_word' id='word_1_380' title='bbox 1213 2916 1334 2941; x_wconf 88' lang='lat' dir='ltr'><strong>amore</strong></span> 
     </span>
     <span class='ocr_line' id='line_1_53' title="bbox 384 2962 1334 3015; baseline 0.001 -15"><span class='ocrx_word' id='word_1_381' title='bbox 384 2962 516 3013; x_wconf 84' lang='lat' dir='ltr'><strong>diligit.</strong></span> <span class='ocrx_word' id='word_1_382' title='bbox 530 2964 666 3000; x_wconf 89' lang='lat' dir='ltr'><strong>Verum</strong></span> <span class='ocrx_word' id='word_1_383' title='bbox 685 2963 777 3000; x_wconf 87' lang='lat' dir='ltr'><strong>enim</strong></span> <span class='ocrx_word' id='word_1_384' title='bbox 797 2977 947 3014; x_wconf 82' lang='lat' dir='ltr'><strong>regnum</strong></span> <span class='ocrx_word' id='word_1_385' title='bbox 961 2962 1058 3001; x_wconf 85' lang='lat' dir='ltr'><strong>istud</strong></span> <span class='ocrx_word' id='word_1_386' title='bbox 1074 2972 1136 3012; x_wconf 89' lang='lat' dir='ltr'><strong>est,</strong></span> <span class='ocrx_word' id='word_1_387' title='bbox 1156 2977 1256 3015; x_wconf 86' lang='lat' dir='ltr'><strong>posse</strong></span> <span class='ocrx_word' id='word_1_388' title='bbox 1271 2977 1334 3001; x_wconf 90' lang='lat' dir='ltr'><strong>nos</strong></span> 
     </span>
     <span class='ocr_line' id='line_1_54' title="bbox 384 3022 1332 3075; baseline 0.002 -15"><span class='ocrx_word' id='word_1_389' title='bbox 384 3023 516 3075; x_wconf 82' lang='lat' dir='ltr'><strong>optima</strong></span> <span class='ocrx_word' id='word_1_390' title='bbox 538 3022 612 3059; x_wconf 80' lang='lat' dir='ltr'><strong>vita</strong></span> <span class='ocrx_word' id='word_1_391' title='bbox 634 3023 829 3074; x_wconf 88' lang='lat' dir='ltr'><strong>propitium</strong></span> <span class='ocrx_word' id='word_1_392' title='bbox 848 3032 881 3061; x_wconf 87' lang='lat' dir='ltr'>et</span> <span class='ocrx_word' id='word_1_393' title='bbox 900 3023 1106 3062; x_wconf 91' lang='lat' dir='ltr'><strong>clementem</strong></span> <span class='ocrx_word' id='word_1_394' title='bbox 1126 3023 1228 3062; x_wconf 91' lang='lat' dir='ltr'><strong>nobis</strong></span> <span class='ocrx_word' id='word_1_395' title='bbox 1247 3023 1332 3062; x_wconf 85' lang='lat' dir='ltr'><strong>red-</strong></span> 
     </span>
     <span class='ocr_line' id='line_1_55' title="bbox 383 3083 1333 3123; baseline 0.002 -2"><span class='ocrx_word' id='word_1_396' title='bbox 383 3084 468 3121; x_wconf 87' lang='lat' dir='ltr'><strong>dere</strong></span> <span class='ocrx_word' id='word_1_397' title='bbox 495 3083 702 3121; x_wconf 83' lang='lat' dir='ltr'><strong>Dominum.</strong></span> <span class='ocrx_word' id='word_1_398' title='bbox 735 3084 944 3123; x_wconf 85' lang='lat' dir='ltr'><strong>Gehennam</strong></span> <span class='ocrx_word' id='word_1_399' title='bbox 981 3085 1076 3123; x_wconf 90' lang='lat' dir='ltr'><strong>enim</strong></span> <span class='ocrx_word' id='word_1_400' title='bbox 1108 3085 1232 3123; x_wconf 84' lang='lat' dir='ltr'><strong>timere</strong></span> <span class='ocrx_word' id='word_1_401' title='bbox 1263 3099 1333 3123; x_wconf 90' lang='lat' dir='ltr'>non</span> 
     </span>
     <span class='ocr_line' id='line_1_56' title="bbox 384 3144 1332 3197; baseline 0.002 -15"><span class='ocrx_word' id='word_1_402' title='bbox 384 3144 554 3182; x_wconf 79' lang='lat' dir='ltr'><strong>debemus</strong></span> <span class='ocrx_word' id='word_1_403' title='bbox 568 3153 712 3196; x_wconf 83' lang='lat' dir='ltr'><strong>propter</strong></span> <span class='ocrx_word' id='word_1_404' title='bbox 727 3144 844 3195; x_wconf 78' lang='lat' dir='ltr'><strong>ignem</strong></span> <span class='ocrx_word' id='word_1_405' title='bbox 865 3145 968 3183; x_wconf 89' lang='lat' dir='ltr'><strong>illum</strong></span> <span class='ocrx_word' id='word_1_406' title='bbox 988 3146 1332 3197; x_wconf 80' lang='lat' dir='ltr'><strong>inexstinguibilem,</strong></span> 
     </span>
     <span class='ocr_line' id='line_1_57' title="bbox 382 3204 1334 3259; baseline 0.002 -16"><span class='ocrx_word' id='word_1_407' title='bbox 382 3214 416 3243; x_wconf 86' lang='lat' dir='ltr'>et</span> <span class='ocrx_word' id='word_1_408' title='bbox 436 3218 558 3257; x_wconf 82' lang='lat' dir='ltr'><strong>poenas</strong></span> <span class='ocrx_word' id='word_1_409' title='bbox 580 3204 767 3254; x_wconf 77' lang='lat' dir='ltr'><strong>terribiles,</strong></span> <span class='ocrx_word' id='word_1_410' title='bbox 784 3214 817 3243; x_wconf 86' lang='grc'>01</span> <span class='ocrx_word' id='word_1_411' title='bbox 837 3215 1024 3259; x_wconf 80' lang='lat' dir='ltr'><strong>perpetuos</strong></span> <span class='ocrx_word' id='word_1_412' title='bbox 1043 3207 1218 3245; x_wconf 83' lang='lat' dir='ltr'><strong>cruciatus</strong></span> <span class='ocrx_word' id='word_1_413' title='bbox 1241 3223 1249 3244; x_wconf 90' lang='lat'>:</span> <span class='ocrx_word' id='word_1_414' title='bbox 1272 3207 1334 3245; x_wconf 87' lang='lat' dir='ltr'>sed</span> 
     </span>
    </p>
   </div>
   <div class='ocr_carea' id='block_1_12' title="bbox 426 3322 1380 3424">
    <p class='ocr_par' dir='ltr' id='par_1_12' title="bbox 426 3322 1380 3424">
     <span class='ocr_line' id='line_1_58' title="bbox 426 3322 1291 3373; baseline 0.009 -19"><span class='ocrx_word' id='word_1_415' title='bbox 426 3333 440 3347; x_wconf 74' lang='lat'>¹</span> <span class='ocrx_word' id='word_1_416' title='bbox 458 3322 511 3355; x_wconf 78' lang='lat' dir='ltr'>Sic</span> <span class='ocrx_word' id='word_1_417' title='bbox 532 3323 632 3357; x_wconf 76' lang='lat' dir='ltr'><strong>Savit.</strong></span> <span class='ocrx_word' id='word_1_418' title='bbox 652 3333 685 3356; x_wconf 76' lang='lat' dir='ltr'>et</span> <span class='ocrx_word' id='word_1_419' title='bbox 701 3334 842 3368; x_wconf 75' lang='lat' dir='ltr'><strong>quatuor</strong></span> <span class='ocrx_word' id='word_1_420' title='bbox 859 3328 951 3367; x_wconf 55' lang='grc'><strong>11155,</strong></span> <span class='ocrx_word' id='word_1_421' title='bbox 966 3327 1079 3360; x_wconf 75' lang='lat' dir='ltr'><strong>Morel.</strong></span> <span class='ocrx_word' id='word_1_422' title='bbox 1100 3336 1167 3371; x_wconf 67' lang='grc' dir='ltr'>τάγε</span> <span class='ocrx_word' id='word_1_423' title='bbox 1190 3335 1291 3373; x_wconf 65' lang='grc' dir='ltr'>ἐχρῆν.</span> 
     </span>
     <span class='ocr_line' id='line_1_59' title="bbox 427 3375 1380 3424; baseline 0.007 -16"><span class='ocrx_word' id='word_1_424' title='bbox 427 3377 443 3400; x_wconf 78' lang='lat'>¹¹</span> <span class='ocrx_word' id='word_1_425' title='bbox 460 3377 513 3409; x_wconf 89' lang='lat' dir='ltr'>Sic</span> <span class='ocrx_word' id='word_1_426' title='bbox 538 3375 639 3410; x_wconf 76' lang='lat' dir='ltr'><strong>Savil.</strong></span> <span class='ocrx_word' id='word_1_427' title='bbox 658 3385 690 3410; x_wconf 84' lang='lat' dir='ltr'>et</span> <span class='ocrx_word' id='word_1_428' title='bbox 713 3377 837 3421; x_wconf 79' lang='lat' dir='ltr'><strong>aliquot</strong></span> <span class='ocrx_word' id='word_1_429' title='bbox 858 3379 935 3411; x_wconf 81' lang='lat' dir='ltr'><strong>Mss.</strong></span> <span class='ocrx_word' id='word_1_430' title='bbox 955 3379 996 3412; x_wconf 89' lang='lat' dir='ltr'>Iu</span> <span class='ocrx_word' id='word_1_431' title='bbox 1013 3380 1127 3413; x_wconf 79' lang='lat' dir='ltr'><strong>Morcl.</strong></span> <span class='ocrx_word' id='word_1_432' title='bbox 1145 3389 1178 3414; x_wconf 80' lang='lat' dir='ltr'>et</span> <span class='ocrx_word' id='word_1_433' title='bbox 1193 3380 1263 3414; x_wconf 77' lang='lat' dir='ltr'><strong>aliis</strong></span> <span class='ocrx_word' id='word_1_434' title='bbox 1278 3397 1380 3424; x_wconf 68' lang='grc' dir='ltr'>μακκ·</span> 
     </span>
    </p>
   </div>
   <div class='ocr_carea' id='block_1_13' title="bbox 1395 595 2428 3260">
    <p class='ocr_par' dir='ltr' id='par_1_13' title="bbox 1395 595 2428 3260">
     <span class='ocr_line' id='line_1_60' title="bbox 1397 595 2419 652; baseline 0.002 -16"><span class='ocrx_word' id='word_1_435' title='bbox 1397 595 1620 644; x_wconf 82' lang='grc' dir='ltr'>ἐλλελοιπὼς,</span> <span class='ocrx_word' id='word_1_436' title='bbox 1640 598 1674 634; x_wconf 86' lang='grc' dir='ltr'>ἐν</span> <span class='ocrx_word' id='word_1_437' title='bbox 1698 596 1808 634; x_wconf 84' lang='grc' dir='ltr'>οὐδενὶ</span> <span class='ocrx_word' id='word_1_438' title='bbox 1826 597 2002 648; x_wconf 84' lang='grc' dir='ltr'>χωλεύων.</span> <span class='ocrx_word' id='word_1_439' title='bbox 2022 599 2075 636; x_wconf 86' lang='grc' dir='ltr'>Οὐ</span> <span class='ocrx_word' id='word_1_440' title='bbox 2094 598 2133 636; x_wconf 83' lang='grc' dir='ltr'>τὸ</span> <span class='ocrx_word' id='word_1_441' title='bbox 2154 599 2216 650; x_wconf 89' lang='grc' dir='ltr'>μὲν</span> <span class='ocrx_word' id='word_1_442' title='bbox 2235 600 2419 652; x_wconf 85' lang='grc' dir='ltr'>κατορθώ-</span> 
     </span>
     <span class='ocr_line' id='line_1_61' title="bbox 1397 656 2421 711; baseline 0.001 -14"><span class='ocrx_word' id='word_1_443' title='bbox 1397 674 1478 705; x_wconf 87' lang='grc' dir='ltr'>σας,</span> <span class='ocrx_word' id='word_1_444' title='bbox 1495 659 1530 696; x_wconf 85' lang='grc' dir='ltr'>ἐν</span> <span class='ocrx_word' id='word_1_445' title='bbox 1548 660 1599 710; x_wconf 85' lang='grc' dir='ltr'>τῷ</span> <span class='ocrx_word' id='word_1_446' title='bbox 1617 657 1654 695; x_wconf 79' lang='grc' dir='ltr'>δὲ</span> <span class='ocrx_word' id='word_1_447' title='bbox 1670 656 1885 708; x_wconf 87' lang='grc' dir='ltr'>διαμαρτὼν,</span> <span class='ocrx_word' id='word_1_448' title='bbox 1899 659 1975 696; x_wconf 86' lang='grc' dir='ltr'>ἀλλ’</span> <span class='ocrx_word' id='word_1_449' title='bbox 1997 659 2031 696; x_wconf 83' lang='grc' dir='ltr'>ἐν</span> <span class='ocrx_word' id='word_1_450' title='bbox 2051 658 2148 710; x_wconf 85' lang='grc' dir='ltr'>πάσῃ</span> <span class='ocrx_word' id='word_1_451' title='bbox 2169 662 2275 711; x_wconf 80' lang='grc' dir='ltr'>ἀρετῇ</span> <span class='ocrx_word' id='word_1_452' title='bbox 2289 660 2421 703; x_wconf 88' lang='grc' dir='ltr'>τέλειος</span> 
     </span>
     <span class='ocr_line' id='line_1_62' title="bbox 1397 713 2420 772; baseline 0.001 -15"><span class='ocrx_word' id='word_1_453' title='bbox 1397 713 1458 766; x_wconf 70' lang='grc' dir='ltr'>ἦν·</span> <span class='ocrx_word' id='word_1_454' title='bbox 1482 723 1604 758; x_wconf 50' lang='grc' dir='ltr'>θτοῦτο</span> <span class='ocrx_word' id='word_1_455' title='bbox 1621 718 1689 772; x_wconf 81' lang='grc' dir='ltr'>γὰρ</span> <span class='ocrx_word' id='word_1_456' title='bbox 1710 721 1818 770; x_wconf 75' lang='grc' dir='ltr'>ἐχρῆν</span> <span class='ocrx_word' id='word_1_457' title='bbox 1838 718 1939 757; x_wconf 83' lang='grc' dir='ltr'>αὐτὸν</span> <span class='ocrx_word' id='word_1_458' title='bbox 1964 718 2211 763; x_wconf 82' lang='grc' dir='ltr'>ἐπιδείξασθαι.</span> <span class='ocrx_word' id='word_1_459' title='bbox 2230 714 2340 768; x_wconf 71' lang='grc' dir='ltr'>Εἶτα,</span> <span class='ocrx_word' id='word_1_460' title='bbox 2361 720 2420 758; x_wconf 79' lang='grc' dir='ltr'>ἵνα</span> 
     </span>
     <span class='ocr_line' id='line_1_63' title="bbox 1398 779 2418 833; baseline 0.002 -16"><span class='ocrx_word' id='word_1_461' title='bbox 1398 781 1438 818; x_wconf 83' lang='grc' dir='ltr'>ἐκ</span> <span class='ocrx_word' id='word_1_462' title='bbox 1454 784 1514 819; x_wconf 89' lang='grc' dir='ltr'>τοῦ</span> <span class='ocrx_word' id='word_1_463' title='bbox 1529 779 1654 833; x_wconf 73' lang='grc' dir='ltr'>χρόνου</span> <span class='ocrx_word' id='word_1_464' title='bbox 1671 779 1731 817; x_wconf 79' lang='grc' dir='ltr'>καὶ</span> <span class='ocrx_word' id='word_1_465' title='bbox 1750 782 1789 817; x_wconf 82' lang='grc' dir='ltr'>ἐκ</span> <span class='ocrx_word' id='word_1_466' title='bbox 1808 782 1870 826; x_wconf 70' lang='grc' dir='ltr'>τῆς</span> <span class='ocrx_word' id='word_1_467' title='bbox 1895 780 2111 832; x_wconf 84' lang='grc' dir='ltr'>συγκρίσεως</span> <span class='ocrx_word' id='word_1_468' title='bbox 2127 779 2418 833; x_wconf 79' lang='grc' dir='ltr'>περιφανέστερον</span> 
     </span>
     <span class='ocr_line' id='line_1_64' title="bbox 1397 839 2419 893; baseline 0.001 -15"><span class='ocrx_word' id='word_1_469' title='bbox 1397 845 1482 891; x_wconf 80' lang='grc' dir='ltr'>ἡμῖν</span> <span class='ocrx_word' id='word_1_470' title='bbox 1505 842 1563 879; x_wconf 86' lang='grc' dir='ltr'>τὸν</span> <span class='ocrx_word' id='word_1_471' title='bbox 1583 839 1714 887; x_wconf 83' lang='grc' dir='ltr'>δίκαιον</span> <span class='ocrx_word' id='word_1_472' title='bbox 1734 841 1999 893; x_wconf 83' lang='grc' dir='ltr'>ἀπεργάσηται,</span> <span class='ocrx_word' id='word_1_473' title='bbox 2019 840 2127 893; x_wconf 80' lang='grc' dir='ltr'>φησί·</span> <span class='ocrx_word' id='word_1_474' title='bbox 2147 840 2290 884; x_wconf 79' lang='grc' dir='ltr'>Τέλειος</span> <span class='ocrx_word' id='word_1_475' title='bbox 2314 840 2361 878; x_wconf 82' lang='grc' dir='ltr'>ὢν</span> <span class='ocrx_word' id='word_1_476' title='bbox 2383 843 2419 879; x_wconf 82' lang='grc' dir='ltr'>ἐν</span> 
     </span>
     <span class='ocr_line' id='line_1_65' title="bbox 1397 901 2421 955; baseline 0.001 -16"><span class='ocrx_word' id='word_1_477' title='bbox 1397 905 1441 952; x_wconf 69' lang='grc' dir='ltr'>τῇ</span> <span class='ocrx_word' id='word_1_478' title='bbox 1466 909 1568 953; x_wconf 88' lang='grc' dir='ltr'>γενεᾷ</span> <span class='ocrx_word' id='word_1_479' title='bbox 1586 902 1690 939; x_wconf 81' lang='grc' dir='ltr'>αὐτοῦ</span> <span class='ocrx_word' id='word_1_480' title='bbox 1710 916 1718 924; x_wconf 90' lang='grc'><em>·</em></span> <span class='ocrx_word' id='word_1_481' title='bbox 1740 904 1774 939; x_wconf 89' lang='grc' dir='ltr'>ἐν</span> <span class='ocrx_word' id='word_1_482' title='bbox 1802 903 1852 953; x_wconf 92' lang='grc' dir='ltr'>τῷ</span> <span class='ocrx_word' id='word_1_483' title='bbox 1873 904 1986 955; x_wconf 81' lang='grc' dir='ltr'>καιρῷ</span> <span class='ocrx_word' id='word_1_484' title='bbox 2013 901 2154 953; x_wconf 83' lang='grc' dir='ltr'>ἐκείνῳ,</span> <span class='ocrx_word' id='word_1_485' title='bbox 2186 904 2220 940; x_wconf 90' lang='grc' dir='ltr'>ἐν</span> <span class='ocrx_word' id='word_1_486' title='bbox 2248 905 2291 953; x_wconf 79' lang='grc' dir='ltr'>τῇ</span> <span class='ocrx_word' id='word_1_487' title='bbox 2320 908 2421 955; x_wconf 86' lang='grc' dir='ltr'>γενεᾷ</span> 
     </span>
     <span class='ocr_line' id='line_1_66' title="bbox 1399 962 2421 1015; baseline 0.001 -15"><span class='ocrx_word' id='word_1_488' title='bbox 1399 963 1504 1001; x_wconf 76' lang='grc' dir='ltr'>αὐτοῦ</span> <span class='ocrx_word' id='word_1_489' title='bbox 1527 966 1570 1013; x_wconf 78' lang='grc' dir='ltr'>τῇ</span> <span class='ocrx_word' id='word_1_490' title='bbox 1595 962 1879 1015; x_wconf 80' lang='grc' dir='ltr'>διεστραμμένη,</span> <span class='ocrx_word' id='word_1_491' title='bbox 1906 965 1950 1013; x_wconf 78' lang='grc' dir='ltr'>τῇ</span> <span class='ocrx_word' id='word_1_492' title='bbox 1978 963 2063 1014; x_wconf 85' lang='grc' dir='ltr'>πρὸς</span> <span class='ocrx_word' id='word_1_493' title='bbox 2091 962 2263 1010; x_wconf 81' lang='grc' dir='ltr'>τοσαύτην</span> <span class='ocrx_word' id='word_1_494' title='bbox 2293 963 2421 1002; x_wconf 82' lang='grc' dir='ltr'>κακίαν</span> 
     </span>
     <span class='ocr_line' id='line_1_67' title="bbox 1399 1022 2420 1075; baseline 0.001 -14"><span class='ocrx_word' id='word_1_495' title='bbox 1399 1022 1638 1074; x_wconf 82' lang='grc' dir='ltr'>ἀποκλινάσῃ,</span> <span class='ocrx_word' id='word_1_496' title='bbox 1657 1025 1700 1073; x_wconf 83' lang='grc' dir='ltr'>τῇ</span> <span class='ocrx_word' id='word_1_497' title='bbox 1722 1022 1810 1073; x_wconf 73' lang='grc' dir='ltr'>μηδὲ</span> <span class='ocrx_word' id='word_1_498' title='bbox 1829 1022 1924 1074; x_wconf 77' lang='grc' dir='ltr'>ἴχνος</span> <span class='ocrx_word' id='word_1_499' title='bbox 1948 1025 2011 1069; x_wconf 73' lang='grc' dir='ltr'>τῆς</span> <span class='ocrx_word' id='word_1_500' title='bbox 2039 1025 2164 1075; x_wconf 75' lang='grc' dir='ltr'>ἀρετῆς</span> <span class='ocrx_word' id='word_1_501' title='bbox 2186 1023 2420 1068; x_wconf 78' lang='grc' dir='ltr'>ἐπιδείξασθαι</span> 
     </span>
     <span class='ocr_line' id='line_1_68' title="bbox 1400 1082 2421 1136; baseline 0.001 -15"><span class='ocrx_word' id='word_1_502' title='bbox 1400 1083 1620 1135; x_wconf 86' lang='grc' dir='ltr'>βουληθείσῃ.</span> <span class='ocrx_word' id='word_1_503' title='bbox 1639 1082 1702 1121; x_wconf 86' lang='grc' dir='ltr'>Ἔν</span> <span class='ocrx_word' id='word_1_504' title='bbox 1721 1083 1835 1133; x_wconf 81' lang='grc' dir='ltr'>ἐκείνῃ</span> <span class='ocrx_word' id='word_1_505' title='bbox 1857 1083 1970 1121; x_wconf 82' lang='grc' dir='ltr'>τοίνυν</span> <span class='ocrx_word' id='word_1_506' title='bbox 1988 1086 2032 1135; x_wconf 83' lang='grc' dir='ltr'>τῇ</span> <span class='ocrx_word' id='word_1_507' title='bbox 2056 1090 2182 1136; x_wconf 90' lang='grc' dir='ltr'>γενεᾷ,</span> <span class='ocrx_word' id='word_1_508' title='bbox 2217 1086 2251 1122; x_wconf 82' lang='grc' dir='ltr'>ἐν</span> <span class='ocrx_word' id='word_1_509' title='bbox 2277 1085 2421 1128; x_wconf 82' lang='grc' dir='ltr'>ἐκείνοις</span> 
     </span>
     <span class='ocr_line' id='line_1_69' title="bbox 1397 1138 2423 1196; baseline 0.001 -14"><span class='ocrx_word' id='word_1_510' title='bbox 1397 1152 1468 1189; x_wconf 88' lang='grc' dir='ltr'>τοῖς</span> <span class='ocrx_word' id='word_1_511' title='bbox 1484 1144 1620 1196; x_wconf 76' lang='grc' dir='ltr'>χρόνοις</span> <span class='ocrx_word' id='word_1_512' title='bbox 1639 1138 1737 1187; x_wconf 66' lang='grc' dir='ltr'>οὗτος</span> <span class='ocrx_word' id='word_1_513' title='bbox 1755 1147 1774 1183; x_wconf 83' lang='grc' dir='ltr'>ὃ</span> <span class='ocrx_word' id='word_1_514' title='bbox 1795 1144 1926 1187; x_wconf 80' lang='grc' dir='ltr'>δίκαιος</span> <span class='ocrx_word' id='word_1_515' title='bbox 1951 1145 1989 1182; x_wconf 82' lang='grc' dir='ltr'>οὔ</span> <span class='ocrx_word' id='word_1_516' title='bbox 2019 1145 2121 1195; x_wconf 86' lang='grc' dir='ltr'>μόνον</span> <span class='ocrx_word' id='word_1_517' title='bbox 2143 1145 2268 1196; x_wconf 82' lang='grc' dir='ltr'>ἀρετὴν</span> <span class='ocrx_word' id='word_1_518' title='bbox 2291 1145 2423 1183; x_wconf 83' lang='grc' dir='ltr'>ἐπεδεί-</span> 
     </span>
     <span class='ocr_line' id='line_1_70' title="bbox 1397 1204 2422 1258; baseline 0 -14"><span class='ocrx_word' id='word_1_519' title='bbox 1397 1206 1498 1254; x_wconf 86' lang='grc' dir='ltr'>ξατο,</span> <span class='ocrx_word' id='word_1_520' title='bbox 1521 1205 1612 1243; x_wconf 82' lang='grc' dir='ltr'>ἀλλὰ</span> <span class='ocrx_word' id='word_1_521' title='bbox 1630 1205 1690 1242; x_wconf 86' lang='grc' dir='ltr'>καὶ</span> <span class='ocrx_word' id='word_1_522' title='bbox 1717 1207 1764 1248; x_wconf 89' lang='grc' dir='ltr'>εἷς</span> <span class='ocrx_word' id='word_1_523' title='bbox 1789 1204 1853 1251; x_wconf 84' lang='grc' dir='ltr'>τὴν</span> <span class='ocrx_word' id='word_1_524' title='bbox 1882 1205 1992 1256; x_wconf 79' lang='grc' dir='ltr'>ἄκραν</span> <span class='ocrx_word' id='word_1_525' title='bbox 2016 1205 2168 1258; x_wconf 73' lang='grc' dir='ltr'>κορυφὴν</span> <span class='ocrx_word' id='word_1_526' title='bbox 2196 1207 2265 1244; x_wconf 88' lang='grc' dir='ltr'>τῶν</span> <span class='ocrx_word' id='word_1_527' title='bbox 2289 1208 2422 1258; x_wconf 79' lang='grc' dir='ltr'>ἀρετῶν</span> 
     </span>
     <span class='ocr_line' id='line_1_71' title="bbox 1396 1265 2421 1320; baseline -0.001 -14"><span class='ocrx_word' id='word_1_528' title='bbox 1396 1267 1521 1319; x_wconf 65' lang='grc' dir='ltr'>ἔφθασε</span> <span class='ocrx_word' id='word_1_529' title='bbox 1537 1267 1665 1309; x_wconf 89' lang='grc' dir='ltr'>τέλειος</span> <span class='ocrx_word' id='word_1_530' title='bbox 1684 1266 1852 1318; x_wconf 86' lang='grc' dir='ltr'>γεγονὼς,</span> <span class='ocrx_word' id='word_1_531' title='bbox 1868 1265 1928 1304; x_wconf 85' lang='grc' dir='ltr'>καὶ</span> <span class='ocrx_word' id='word_1_532' title='bbox 1946 1268 1980 1304; x_wconf 85' lang='grc' dir='ltr'>ἐν</span> <span class='ocrx_word' id='word_1_533' title='bbox 2001 1266 2132 1304; x_wconf 82' lang='grc' dir='ltr'>ἅπασιν</span> <span class='ocrx_word' id='word_1_534' title='bbox 2151 1267 2421 1320; x_wconf 82' lang='grc' dir='ltr'>ἀπηρτισμένος.</span> 
     </span>
     <span class='ocr_line' id='line_1_72' title="bbox 1395 1326 2424 1380; baseline -0.002 -13"><span class='ocrx_word' id='word_1_535' title='bbox 1395 1328 1514 1380; x_wconf 63' lang='grc' dir='ltr'>ζὈπερ</span> <span class='ocrx_word' id='word_1_536' title='bbox 1540 1327 1609 1380; x_wconf 83' lang='grc' dir='ltr'>γὰρ</span> <span class='ocrx_word' id='word_1_537' title='bbox 1629 1328 1733 1379; x_wconf 74' lang='grc' dir='ltr'>ἔφθην</span> <span class='ocrx_word' id='word_1_538' title='bbox 1763 1326 1881 1375; x_wconf 84' lang='grc' dir='ltr'>εἰπὼν,</span> <span class='ocrx_word' id='word_1_539' title='bbox 1911 1326 2051 1378; x_wconf 86' lang='grc' dir='ltr'>μείζονα</span> <span class='ocrx_word' id='word_1_540' title='bbox 2076 1327 2246 1366; x_wconf 87' lang='grc' dir='ltr'>δείκνυσιν</span> <span class='ocrx_word' id='word_1_541' title='bbox 2275 1328 2329 1365; x_wconf 79' lang='grc' dir='ltr'>ἀεὶ</span> <span class='ocrx_word' id='word_1_542' title='bbox 2359 1330 2424 1373; x_wconf 83' lang='grc' dir='ltr'>τ’ἧς</span> 
     </span>
     <span class='ocr_line' id='line_1_73' title="bbox 1397 1387 2425 1443; baseline 0 -16"><span class='ocrx_word' id='word_1_543' title='bbox 1397 1391 1522 1443; x_wconf 75' lang='grc' dir='ltr'>ἀρετῆς</span> <span class='ocrx_word' id='word_1_544' title='bbox 1546 1389 1604 1426; x_wconf 78' lang='grc' dir='ltr'>τὸν</span> <span class='ocrx_word' id='word_1_545' title='bbox 1623 1389 1724 1439; x_wconf 82' lang='grc' dir='ltr'>ὄγκον</span> <span class='ocrx_word' id='word_1_546' title='bbox 1744 1389 1784 1426; x_wconf 77' lang='grc' dir='ltr'>τὸ</span> <span class='ocrx_word' id='word_1_547' title='bbox 1810 1387 1939 1438; x_wconf 83' lang='grc' dir='ltr'>μεταξὺ</span> <span class='ocrx_word' id='word_1_548' title='bbox 1961 1391 2030 1426; x_wconf 88' lang='grc' dir='ltr'>τῶν</span> <span class='ocrx_word' id='word_1_549' title='bbox 2050 1388 2293 1439; x_wconf 81' lang='grc' dir='ltr'>πολεμούντων</span> <span class='ocrx_word' id='word_1_550' title='bbox 2313 1389 2425 1436; x_wconf 82' lang='grc' dir='ltr'>αὐτὴν</span> 
     </span>
     <span class='ocr_line' id='line_1_74' title="bbox 1397 1449 2422 1503; baseline 0 -15"><span class='ocrx_word' id='word_1_551' title='bbox 1397 1454 1660 1503; x_wconf 73' lang='grc' dir='ltr'>κατορθοῦσθαι,</span> <span class='ocrx_word' id='word_1_552' title='bbox 1676 1449 1735 1488; x_wconf 78' lang='grc' dir='ltr'>καὶ</span> <span class='ocrx_word' id='word_1_553' title='bbox 1757 1451 1791 1487; x_wconf 83' lang='grc' dir='ltr'>ἐν</span> <span class='ocrx_word' id='word_1_554' title='bbox 1811 1449 1907 1500; x_wconf 83' lang='grc' dir='ltr'>μέσῳ</span> <span class='ocrx_word' id='word_1_555' title='bbox 1927 1453 1995 1487; x_wconf 88' lang='grc' dir='ltr'>τῶν</span> <span class='ocrx_word' id='word_1_556' title='bbox 2010 1450 2214 1487; x_wconf 86' lang='grc' dir='ltr'>κωλυόντων</span> <span class='ocrx_word' id='word_1_557' title='bbox 2232 1450 2295 1497; x_wconf 89' lang='grc' dir='ltr'>τὴν</span> <span class='ocrx_word' id='word_1_558' title='bbox 2315 1450 2422 1497; x_wconf 73' lang='grc' dir='ltr'>αὐτὴν</span> 
     </span>
     <span class='ocr_line' id='line_1_75' title="bbox 1397 1506 2423 1562; baseline 0 -13"><span class='ocrx_word' id='word_1_559' title='bbox 1397 1510 1653 1550; x_wconf 81' lang='grc' dir='ltr'>ἐπιδείκνυσθαι</span> <span class='ocrx_word' id='word_1_560' title='bbox 1675 1509 1868 1562; x_wconf 69' lang='grc' dir='ltr'>ἅκρίὸειαν.</span> <span class='ocrx_word' id='word_1_561' title='bbox 1889 1510 1953 1548; x_wconf 87' lang='grc' dir='ltr'>Διὸ</span> <span class='ocrx_word' id='word_1_562' title='bbox 1978 1509 2019 1557; x_wconf 79' lang='grc' dir='ltr'>δὴ</span> <span class='ocrx_word' id='word_1_563' title='bbox 2047 1510 2142 1549; x_wconf 81' lang='grc' dir='ltr'>καὶὸ</span> <span class='ocrx_word' id='word_1_564' title='bbox 2167 1510 2298 1555; x_wconf 77' lang='grc' dir='ltr'>δίκαιος</span> <span class='ocrx_word' id='word_1_565' title='bbox 2325 1506 2423 1556; x_wconf 65' lang='grc' dir='ltr'>οἶτος</span> 
     </span>
     <span class='ocr_line' id='line_1_76' title="bbox 1395 1571 2420 1625; baseline -0.001 -13"><span class='ocrx_word' id='word_1_566' title='bbox 1395 1572 1564 1612; x_wconf 88' lang='grc' dir='ltr'>πλειόνων</span> <span class='ocrx_word' id='word_1_567' title='bbox 1602 1572 1757 1616; x_wconf 74' lang='grc' dir='ltr'>ἀξιοῦται</span> <span class='ocrx_word' id='word_1_568' title='bbox 1789 1575 1859 1609; x_wconf 87' lang='grc' dir='ltr'>τῶν</span> <span class='ocrx_word' id='word_1_569' title='bbox 1891 1571 2052 1610; x_wconf 87' lang='grc' dir='ltr'>ἐπαίνων.</span> <span class='ocrx_word' id='word_1_570' title='bbox 2090 1571 2160 1610; x_wconf 83' lang='grc' dir='ltr'>Καὶ</span> <span class='ocrx_word' id='word_1_571' title='bbox 2195 1572 2271 1610; x_wconf 75' lang='grc' dir='ltr'>οὐδὲ</span> <span class='ocrx_word' id='word_1_572' title='bbox 2314 1573 2420 1625; x_wconf 80' lang='grc' dir='ltr'>μέχρι</span> 
     </span>
     <span class='ocr_line' id='line_1_77' title="bbox 1395 1630 2421 1686; baseline 0 -16"><span class='ocrx_word' id='word_1_573' title='bbox 1395 1632 1515 1670; x_wconf 88' lang='grc' dir='ltr'>τούτου</span> <span class='ocrx_word' id='word_1_574' title='bbox 1537 1632 1680 1670; x_wconf 79' lang='grc' dir='ltr'>ἵσταται</span> <span class='ocrx_word' id='word_1_575' title='bbox 1705 1631 1992 1685; x_wconf 84' lang='grc' dir='ltr'>ἀνακηρύττουσα</span> <span class='ocrx_word' id='word_1_576' title='bbox 2012 1630 2115 1670; x_wconf 79' lang='grc' dir='ltr'>αὐτὸν</span> <span class='ocrx_word' id='word_1_577' title='bbox 2133 1636 2155 1679; x_wconf 76' lang='grc' dir='ltr'>ἡ</span> <span class='ocrx_word' id='word_1_578' title='bbox 2176 1632 2250 1670; x_wconf 90' lang='grc' dir='ltr'>θεία</span> <span class='ocrx_word' id='word_1_579' title='bbox 2273 1634 2301 1670; x_wconf 90' lang='grc' dir='ltr'><strong><em>Γ</em></strong></span> <span class='ocrx_word' id='word_1_580' title='bbox 2305 1634 2394 1686; x_wconf 72' lang='grc' dir='ltr'>ραφὴ</span> <span class='ocrx_word' id='word_1_581' title='bbox 2410 1664 2421 1682; x_wconf 89' lang='grc'>,</span> 
     </span>
     <span class='ocr_line' id='line_1_78' title="bbox 1398 1693 2423 1746; baseline 0 -14"><span class='ocrx_word' id='word_1_582' title='bbox 1398 1693 1489 1732; x_wconf 82' lang='grc' dir='ltr'>ἀλλὰ</span> <span class='ocrx_word' id='word_1_583' title='bbox 1506 1693 1711 1731; x_wconf 82' lang='grc' dir='ltr'>δεικνύουσα</span> <span class='ocrx_word' id='word_1_584' title='bbox 1735 1697 1821 1744; x_wconf 80' lang='grc' dir='ltr'>ἡμῖν</span> <span class='ocrx_word' id='word_1_585' title='bbox 1837 1696 1900 1739; x_wconf 69' lang='grc' dir='ltr'>τῆς</span> <span class='ocrx_word' id='word_1_586' title='bbox 1922 1695 2049 1745; x_wconf 81' lang='grc' dir='ltr'>ἄρετ’ἧς</span> <span class='ocrx_word' id='word_1_587' title='bbox 2071 1695 2174 1732; x_wconf 77' lang='grc' dir='ltr'>αὐτοῦ</span> <span class='ocrx_word' id='word_1_588' title='bbox 2192 1693 2255 1740; x_wconf 81' lang='grc' dir='ltr'>τὴν</span> <span class='ocrx_word' id='word_1_589' title='bbox 2275 1695 2423 1746; x_wconf 66' lang='grc' dir='ltr'>ὑπερδο-</span> 
     </span>
     <span class='ocr_line' id='line_1_79' title="bbox 1397 1752 2424 1804; baseline 0.003 -14"><span class='ocrx_word' id='word_1_590' title='bbox 1397 1753 1475 1800; x_wconf 82' lang='grc' dir='ltr'>λὴν,</span> <span class='ocrx_word' id='word_1_591' title='bbox 1491 1753 1550 1790; x_wconf 82' lang='grc' dir='ltr'>καὶ</span> <span class='ocrx_word' id='word_1_592' title='bbox 1565 1753 1620 1792; x_wconf 80' lang='grc' dir='ltr'>ὅτι</span> <span class='ocrx_word' id='word_1_593' title='bbox 1633 1752 1698 1799; x_wconf 81' lang='grc' dir='ltr'>τὴν</span> <span class='ocrx_word' id='word_1_594' title='bbox 1717 1755 1831 1804; x_wconf 74' lang='grc' dir='ltr'>ψῆφον</span> <span class='ocrx_word' id='word_1_595' title='bbox 1846 1753 1975 1791; x_wconf 87' lang='grc' dir='ltr'>ἄνωθεν</span> <span class='ocrx_word' id='word_1_596' title='bbox 1994 1752 2132 1797; x_wconf 78' lang='grc' dir='ltr'>ἐδέξατο</span> <span class='ocrx_word' id='word_1_597' title='bbox 2144 1783 2154 1801; x_wconf 90' lang='grc'>,</span> <span class='ocrx_word' id='word_1_598' title='bbox 2175 1755 2320 1792; x_wconf 80' lang='grc' dir='ltr'>εἰποῦσα</span> <span class='ocrx_word' id='word_1_599' title='bbox 2331 1784 2341 1801; x_wconf 88' lang='grc'>,</span> <span class='ocrx_word' id='word_1_600' title='bbox 2356 1755 2424 1793; x_wconf 88' lang='grc' dir='ltr'>Τέ-</span> 
     </span>
     <span class='ocr_line' id='line_1_80' title="bbox 1395 1814 2423 1867; baseline 0.001 -14"><span class='ocrx_word' id='word_1_601' title='bbox 1395 1817 1485 1858; x_wconf 85' lang='grc' dir='ltr'>λειος</span> <span class='ocrx_word' id='word_1_602' title='bbox 1506 1814 1553 1851; x_wconf 83' lang='grc' dir='ltr'>ὧν</span> <span class='ocrx_word' id='word_1_603' title='bbox 1570 1817 1605 1852; x_wconf 83' lang='grc' dir='ltr'>ἓν</span> <span class='ocrx_word' id='word_1_604' title='bbox 1624 1817 1667 1864; x_wconf 81' lang='grc' dir='ltr'>τῇ</span> <span class='ocrx_word' id='word_1_605' title='bbox 1687 1821 1789 1866; x_wconf 88' lang='grc' dir='ltr'>γενεᾷ</span> <span class='ocrx_word' id='word_1_606' title='bbox 1805 1816 1908 1852; x_wconf 81' lang='grc' dir='ltr'>αὐτοῦ</span> <span class='ocrx_word' id='word_1_607' title='bbox 1921 1845 1931 1862; x_wconf 92' lang='grc'>,</span> <span class='ocrx_word' id='word_1_608' title='bbox 1958 1814 2069 1866; x_wconf 79' lang='grc' dir='ltr'>φησί·</span> <span class='ocrx_word' id='word_1_609' title='bbox 2100 1816 2163 1866; x_wconf 83' lang='grc' dir='ltr'>Τῷ</span> <span class='ocrx_word' id='word_1_610' title='bbox 2185 1816 2267 1867; x_wconf 89' lang='grc' dir='ltr'>Θεῷ</span> <span class='ocrx_word' id='word_1_611' title='bbox 2297 1816 2423 1867; x_wconf 83' lang='grc' dir='ltr'>εὐηρέ-</span> 
     </span>
     <span class='ocr_line' id='line_1_81' title="bbox 1396 1869 2423 1930; baseline 0.001 -16"><span class='ocrx_word' id='word_1_612' title='bbox 1396 1891 1503 1922; x_wconf 83' lang='grc' dir='ltr'>στησε</span> <span class='ocrx_word' id='word_1_613' title='bbox 1522 1877 1614 1913; x_wconf 80' lang='grc' dir='ltr'>Νῶε.</span> <span class='ocrx_word' id='word_1_614' title='bbox 1642 1875 1807 1922; x_wconf 83' lang='grc' dir='ltr'>Τοσαύτη</span> <span class='ocrx_word' id='word_1_615' title='bbox 1825 1869 1867 1921; x_wconf 66' lang='grc' dir='ltr'>ἦν</span> <span class='ocrx_word' id='word_1_616' title='bbox 1886 1879 1948 1921; x_wconf 75' lang='grc' dir='ltr'>τῆς</span> <span class='ocrx_word' id='word_1_617' title='bbox 1971 1877 2095 1927; x_wconf 79' lang='grc' dir='ltr'>ἀρετῆς</span> <span class='ocrx_word' id='word_1_618' title='bbox 2116 1876 2219 1914; x_wconf 79' lang='grc' dir='ltr'>αὐτοῦ</span> <span class='ocrx_word' id='word_1_619' title='bbox 2241 1880 2262 1922; x_wconf 83' lang='grc' dir='ltr'>ἡ</span> <span class='ocrx_word' id='word_1_620' title='bbox 2284 1892 2423 1930; x_wconf 85' lang='grc' dir='ltr'>περιου-</span> 
     </span>
     <span class='ocr_line' id='line_1_82' title="bbox 1397 1935 2422 1988; baseline 0.003 -14"><span class='ocrx_word' id='word_1_621' title='bbox 1397 1936 1476 1986; x_wconf 88' lang='grc' dir='ltr'>σία,</span> <span class='ocrx_word' id='word_1_622' title='bbox 1504 1939 1551 1980; x_wconf 85' lang='grc' dir='ltr'>ὡς</span> <span class='ocrx_word' id='word_1_623' title='bbox 1574 1936 1633 1974; x_wconf 83' lang='grc' dir='ltr'>τὸν</span> <span class='ocrx_word' id='word_1_624' title='bbox 1665 1935 1760 1988; x_wconf 79' lang='grc' dir='ltr'>παρὰ</span> <span class='ocrx_word' id='word_1_625' title='bbox 1787 1941 1846 1974; x_wconf 84' lang='grc' dir='ltr'>τοῦ</span> <span class='ocrx_word' id='word_1_626' title='bbox 1871 1938 1964 1975; x_wconf 85' lang='grc' dir='ltr'>Θεοῦ</span> <span class='ocrx_word' id='word_1_627' title='bbox 1984 1936 2123 1975; x_wconf 84' lang='grc' dir='ltr'>ἔπαινον</span> <span class='ocrx_word' id='word_1_628' title='bbox 2148 1937 2422 1977; x_wconf 79' lang='grc' dir='ltr'>ἐπισπάσασθαι.</span> 
     </span>
     <span class='ocr_line' id='line_1_83' title="bbox 1396 1996 2424 2050; baseline 0.002 -15"><span class='ocrx_word' id='word_1_629' title='bbox 1396 1999 1460 2050; x_wconf 92' lang='grc' dir='ltr'>Τῷ</span> <span class='ocrx_word' id='word_1_630' title='bbox 1484 1999 1566 2048; x_wconf 86' lang='grc' dir='ltr'>Θεῷ</span> <span class='ocrx_word' id='word_1_631' title='bbox 1592 1996 1681 2048; x_wconf 85' lang='grc' dir='ltr'>γὰρ,</span> <span class='ocrx_word' id='word_1_632' title='bbox 1702 1996 1824 2048; x_wconf 78' lang='grc' dir='ltr'>φησὶν,</span> <span class='ocrx_word' id='word_1_633' title='bbox 1847 1997 2058 2049; x_wconf 79' lang='grc' dir='ltr'>εὖηρέστησε</span> <span class='ocrx_word' id='word_1_634' title='bbox 2078 1999 2160 2035; x_wconf 66' lang='grc' dir='ltr'>Νῶε</span> <span class='ocrx_word' id='word_1_635' title='bbox 2173 2013 2181 2021; x_wconf 90' lang='grc'><em>·</em></span> <span class='ocrx_word' id='word_1_636' title='bbox 2200 1997 2256 2035; x_wconf 79' lang='grc' dir='ltr'>ἵνα</span> <span class='ocrx_word' id='word_1_637' title='bbox 2272 1998 2353 2050; x_wconf 86' lang='grc' dir='ltr'>εἴπῃ</span> <span class='ocrx_word' id='word_1_638' title='bbox 2370 2000 2424 2037; x_wconf 82' lang='grc' dir='ltr'>ὅτι</span> 
     </span>
     <span class='ocr_line' id='line_1_84' title="bbox 1398 2056 2424 2112; baseline 0.001 -17"><span class='ocrx_word' id='word_1_639' title='bbox 1398 2057 1586 2100; x_wconf 76' lang='grc' dir='ltr'>ἀπόδεκτος</span> <span class='ocrx_word' id='word_1_640' title='bbox 1598 2056 1696 2108; x_wconf 79' lang='grc' dir='ltr'>παρὰ</span> <span class='ocrx_word' id='word_1_641' title='bbox 1716 2059 1766 2108; x_wconf 90' lang='grc' dir='ltr'>τῷ</span> <span class='ocrx_word' id='word_1_642' title='bbox 1786 2058 1867 2108; x_wconf 89' lang='grc' dir='ltr'>Θεῷ</span> <span class='ocrx_word' id='word_1_643' title='bbox 1883 2057 2034 2107; x_wconf 85' lang='grc' dir='ltr'>γέγονεν,</span> <span class='ocrx_word' id='word_1_644' title='bbox 2055 2057 2159 2110; x_wconf 89' lang='grc' dir='ltr'>ἤρεσε</span> <span class='ocrx_word' id='word_1_645' title='bbox 2171 2060 2220 2109; x_wconf 89' lang='grc' dir='ltr'>τῷ</span> <span class='ocrx_word' id='word_1_646' title='bbox 2240 2060 2424 2112; x_wconf 78' lang='grc' dir='ltr'>ἀκοιμήτῳ</span> 
     </span>
     <span class='ocr_line' id='line_1_85' title="bbox 1398 2117 2424 2171; baseline 0.002 -15"><span class='ocrx_word' id='word_1_647' title='bbox 1398 2117 1520 2171; x_wconf 80' lang='grc' dir='ltr'>ἐκείνῳ</span> <span class='ocrx_word' id='word_1_648' title='bbox 1538 2119 1708 2169; x_wconf 64' lang='grc' dir='ltr'>ὀφθαλμῷ</span> <span class='ocrx_word' id='word_1_649' title='bbox 1736 2117 1792 2154; x_wconf 75' lang='grc' dir='ltr'>διὰ</span> <span class='ocrx_word' id='word_1_650' title='bbox 1819 2120 1890 2154; x_wconf 88' lang='grc' dir='ltr'>τῶν</span> <span class='ocrx_word' id='word_1_651' title='bbox 1920 2120 2013 2169; x_wconf 77' lang='grc' dir='ltr'>αὐτῷ</span> <span class='ocrx_word' id='word_1_652' title='bbox 2044 2118 2331 2169; x_wconf 85' lang='grc' dir='ltr'>κατορθωμένων,</span> <span class='ocrx_word' id='word_1_653' title='bbox 2363 2121 2424 2159; x_wconf 77' lang='grc' dir='ltr'>καὶ</span> 
     </span>
     <span class='ocr_line' id='line_1_86' title="bbox 1399 2176 2422 2229; baseline 0.002 -13"><span class='ocrx_word' id='word_1_654' title='bbox 1399 2178 1529 2216; x_wconf 86' lang='grc' dir='ltr'>ἐκείνου</span> <span class='ocrx_word' id='word_1_655' title='bbox 1561 2177 1625 2223; x_wconf 76' lang='grc' dir='ltr'>τὴν</span> <span class='ocrx_word' id='word_1_656' title='bbox 1658 2176 1790 2215; x_wconf 88' lang='grc' dir='ltr'>εὔνοιαν</span> <span class='ocrx_word' id='word_1_657' title='bbox 1820 2177 2032 2228; x_wconf 71' lang='grc' dir='ltr'>ἐφελκύσατο</span> <span class='ocrx_word' id='word_1_658' title='bbox 2050 2181 2072 2224; x_wconf 83' lang='grc' dir='ltr'>ἡ</span> <span class='ocrx_word' id='word_1_659' title='bbox 2102 2181 2170 2216; x_wconf 85' lang='grc' dir='ltr'>τῶν</span> <span class='ocrx_word' id='word_1_660' title='bbox 2202 2179 2422 2229; x_wconf 64' lang='grc' dir='ltr'>βεέιωμένων</span> 
     </span>
     <span class='ocr_line' id='line_1_87' title="bbox 1400 2236 2422 2290; baseline 0.002 -14"><span class='ocrx_word' id='word_1_661' title='bbox 1400 2237 1543 2290; x_wconf 83' lang='grc' dir='ltr'>πρᾶξις,</span> <span class='ocrx_word' id='word_1_662' title='bbox 1572 2237 1631 2274; x_wconf 86' lang='grc' dir='ltr'>καὶ</span> <span class='ocrx_word' id='word_1_663' title='bbox 1659 2238 1696 2274; x_wconf 81' lang='grc' dir='ltr'>οὐ</span> <span class='ocrx_word' id='word_1_664' title='bbox 1728 2236 1830 2286; x_wconf 84' lang='grc' dir='ltr'>μόνον</span> <span class='ocrx_word' id='word_1_665' title='bbox 1857 2241 1920 2283; x_wconf 76' lang='grc' dir='ltr'>τῆς</span> <span class='ocrx_word' id='word_1_666' title='bbox 1940 2237 2131 2287; x_wconf 84' lang='grc' dir='ltr'>μελλούσης</span> <span class='ocrx_word' id='word_1_667' title='bbox 2162 2238 2253 2276; x_wconf 85' lang='grc' dir='ltr'>κατὰ</span> <span class='ocrx_word' id='word_1_668' title='bbox 2283 2240 2422 2278; x_wconf 87' lang='grc' dir='ltr'>πάντων</span> 
     </span>
     <span class='ocr_line' id='line_1_88' title="bbox 1402 2297 2423 2350; baseline 0.002 -14"><span class='ocrx_word' id='word_1_669' title='bbox 1402 2298 1607 2350; x_wconf 77' lang='grc' dir='ltr'>ἐκφέρεσθαι</span> <span class='ocrx_word' id='word_1_670' title='bbox 1644 2297 1913 2347; x_wconf 76' lang='grc' dir='ltr'>ἀγανακτήσεως</span> <span class='ocrx_word' id='word_1_671' title='bbox 1948 2298 2184 2349; x_wconf 81' lang='grc' dir='ltr'>ἠλευθέρωσεν</span> <span class='ocrx_word' id='word_1_672' title='bbox 2197 2329 2207 2345; x_wconf 92' lang='grc'>,</span> <span class='ocrx_word' id='word_1_673' title='bbox 2240 2299 2330 2338; x_wconf 80' lang='grc' dir='ltr'>ἀλλὰ</span> <span class='ocrx_word' id='word_1_674' title='bbox 2365 2300 2423 2338; x_wconf 76' lang='grc' dir='ltr'>καὶ</span> 
     </span>
     <span class='ocr_line' id='line_1_89' title="bbox 1403 2358 2423 2413; baseline 0.002 -15"><span class='ocrx_word' id='word_1_675' title='bbox 1403 2359 1528 2410; x_wconf 84' lang='grc' dir='ltr'>ἑτέρων</span> <span class='ocrx_word' id='word_1_676' title='bbox 1550 2358 1750 2410; x_wconf 78' lang='grc' dir='ltr'>προστάτην</span> <span class='ocrx_word' id='word_1_677' title='bbox 1767 2358 1867 2396; x_wconf 80' lang='grc' dir='ltr'>αὐτὸν</span> <span class='ocrx_word' id='word_1_678' title='bbox 1885 2358 2134 2412; x_wconf 81' lang='grc' dir='ltr'>ἀπειργάσατο.</span> <span class='ocrx_word' id='word_1_679' title='bbox 2152 2361 2215 2412; x_wconf 87' lang='grc' dir='ltr'>Τῷ</span> <span class='ocrx_word' id='word_1_680' title='bbox 2233 2361 2316 2412; x_wconf 85' lang='grc' dir='ltr'>Θεῷ</span> <span class='ocrx_word' id='word_1_681' title='bbox 2334 2361 2423 2413; x_wconf 83' lang='grc' dir='ltr'>γὰρ,</span> 
     </span>
     <span class='ocr_line' id='line_1_90' title="bbox 1403 2417 2426 2474; baseline 0.002 -17"><span class='ocrx_word' id='word_1_682' title='bbox 1403 2419 1520 2472; x_wconf 72' lang='grc' dir='ltr'>φησὶν,</span> <span class='ocrx_word' id='word_1_683' title='bbox 1537 2417 1746 2470; x_wconf 77' lang='grc' dir='ltr'>εὖηρέστησε</span> <span class='ocrx_word' id='word_1_684' title='bbox 1774 2420 1867 2457; x_wconf 77' lang='grc' dir='ltr'>Νῶε.</span> <span class='ocrx_word' id='word_1_685' title='bbox 1893 2418 1958 2462; x_wconf 84' lang='grc' dir='ltr'>Τίς</span> <span class='ocrx_word' id='word_1_686' title='bbox 1978 2418 2018 2456; x_wconf 81' lang='grc' dir='ltr'>ἂν</span> <span class='ocrx_word' id='word_1_687' title='bbox 2043 2419 2164 2458; x_wconf 86' lang='grc' dir='ltr'>τούτου</span> <span class='ocrx_word' id='word_1_688' title='bbox 2186 2418 2426 2474; x_wconf 78' lang='grc' dir='ltr'>ι’μακαριστό-</span> 
     </span>
     <span class='ocr_line' id='line_1_91' title="bbox 1402 2478 2425 2532; baseline 0 -14"><span class='ocrx_word' id='word_1_689' title='bbox 1402 2495 1498 2532; x_wconf 89' lang='grc' dir='ltr'>τερος</span> <span class='ocrx_word' id='word_1_690' title='bbox 1528 2479 1655 2530; x_wconf 75' lang='grc' dir='ltr'>γένοιτ’</span> <span class='ocrx_word' id='word_1_691' title='bbox 1686 2479 1739 2526; x_wconf 83' lang='grc' dir='ltr'>ἂν,</span> <span class='ocrx_word' id='word_1_692' title='bbox 1772 2482 1832 2517; x_wconf 85' lang='grc' dir='ltr'>τοῦ</span> <span class='ocrx_word' id='word_1_693' title='bbox 1863 2478 2063 2529; x_wconf 62' lang='grc' dir='ltr'>δυνηθέντος</span> <span class='ocrx_word' id='word_1_694' title='bbox 2095 2479 2268 2526; x_wconf 80' lang='grc' dir='ltr'>τοσαύτην</span> <span class='ocrx_word' id='word_1_695' title='bbox 2297 2481 2425 2520; x_wconf 80' lang='grc' dir='ltr'>ἐπιδεί-</span> 
     </span>
     <span class='ocr_line' id='line_1_92' title="bbox 1404 2538 2425 2593; baseline 0 -15"><span class='ocrx_word' id='word_1_696' title='bbox 1404 2540 1525 2584; x_wconf 86' lang='grc' dir='ltr'>ξασθαι</span> <span class='ocrx_word' id='word_1_697' title='bbox 1544 2540 1607 2587; x_wconf 78' lang='grc' dir='ltr'>τὴν</span> <span class='ocrx_word' id='word_1_698' title='bbox 1629 2538 1767 2593; x_wconf 75' lang='grc' dir='ltr'>ἀρετὴν,</span> <span class='ocrx_word' id='word_1_699' title='bbox 1788 2542 1834 2582; x_wconf 88' lang='grc' dir='ltr'>ὡς</span> <span class='ocrx_word' id='word_1_700' title='bbox 1853 2539 1911 2577; x_wconf 83' lang='grc' dir='ltr'>τὸν</span> <span class='ocrx_word' id='word_1_701' title='bbox 1939 2539 2103 2577; x_wconf 80' lang='grc' dir='ltr'>ἁπάντων</span> <span class='ocrx_word' id='word_1_702' title='bbox 2123 2539 2308 2586; x_wconf 87' lang='grc' dir='ltr'>Δεσπότην</span> <span class='ocrx_word' id='word_1_703' title='bbox 2326 2542 2425 2579; x_wconf 81' lang='grc' dir='ltr'>ἐπαι-</span> 
     </span>
     <span class='ocr_line' id='line_1_93' title="bbox 1402 2593 2427 2653; baseline 0.001 -15"><span class='ocrx_word' id='word_1_704' title='bbox 1402 2601 1500 2648; x_wconf 87' lang='grc' dir='ltr'>νέτην</span> <span class='ocrx_word' id='word_1_705' title='bbox 1522 2602 1631 2653; x_wconf 73' lang='grc' dir='ltr'>ἔχειν;</span> <span class='ocrx_word' id='word_1_706' title='bbox 1652 2602 1733 2639; x_wconf 85' lang='grc' dir='ltr'>Τῶν</span> <span class='ocrx_word' id='word_1_707' title='bbox 1756 2599 1818 2650; x_wconf 78' lang='grc' dir='ltr'>μὲν</span> <span class='ocrx_word' id='word_1_708' title='bbox 1838 2593 1895 2638; x_wconf 69' lang='grc' dir='ltr'>οῦν</span> <span class='ocrx_word' id='word_1_709' title='bbox 1919 2602 2013 2652; x_wconf 81' lang='grc' dir='ltr'>αὐτῷ</span> <span class='ocrx_word' id='word_1_710' title='bbox 2040 2600 2298 2651; x_wconf 81' lang='grc' dir='ltr'>πεπραγμένων</span> <span class='ocrx_word' id='word_1_711' title='bbox 2326 2605 2427 2639; x_wconf 85' lang='grc' dir='ltr'>τοῦτο</span> 
     </span>
     <span class='ocr_line' id='line_1_94' title="bbox 1401 2660 2426 2712; baseline 0 -12"><span class='ocrx_word' id='word_1_712' title='bbox 1401 2663 1528 2706; x_wconf 80' lang='grc' dir='ltr'>παντὸς</span> <span class='ocrx_word' id='word_1_713' title='bbox 1549 2660 1717 2709; x_wconf 87' lang='grc' dir='ltr'>πλούτου,</span> <span class='ocrx_word' id='word_1_714' title='bbox 1738 2660 1854 2706; x_wconf 86' lang='grc' dir='ltr'>πάσης</span> <span class='ocrx_word' id='word_1_715' title='bbox 1873 2660 2071 2712; x_wconf 81' lang='grc' dir='ltr'>περιουσίας</span> <span class='ocrx_word' id='word_1_716' title='bbox 2083 2690 2092 2707; x_wconf 91' lang='grc'>,</span> <span class='ocrx_word' id='word_1_717' title='bbox 2114 2661 2230 2706; x_wconf 82' lang='grc' dir='ltr'>πάσης</span> <span class='ocrx_word' id='word_1_718' title='bbox 2249 2661 2347 2708; x_wconf 79' lang='grc' dir='ltr'>δόξης</span> <span class='ocrx_word' id='word_1_719' title='bbox 2366 2662 2426 2700; x_wconf 73' lang='grc' dir='ltr'>καὶ</span> 
     </span>
     <span class='ocr_line' id='line_1_95' title="bbox 1403 2721 2428 2773; baseline 0 -12"><span class='ocrx_word' id='word_1_720' title='bbox 1403 2722 1614 2767; x_wconf 79' lang='grc' dir='ltr'>δυναστείας,</span> <span class='ocrx_word' id='word_1_721' title='bbox 1633 2721 1693 2759; x_wconf 79' lang='grc' dir='ltr'>καὶ</span> <span class='ocrx_word' id='word_1_722' title='bbox 1707 2723 1770 2767; x_wconf 75' lang='grc' dir='ltr'>τῆς</span> <span class='ocrx_word' id='word_1_723' title='bbox 1788 2722 1897 2768; x_wconf 76' lang='grc' dir='ltr'>ἄλλης</span> <span class='ocrx_word' id='word_1_724' title='bbox 1913 2721 2052 2766; x_wconf 78' lang='grc' dir='ltr'>ἁπάσης</span> <span class='ocrx_word' id='word_1_725' title='bbox 2067 2721 2285 2773; x_wconf 84' lang='grc' dir='ltr'>ἀνθρωπίνης</span> <span class='ocrx_word' id='word_1_726' title='bbox 2300 2723 2428 2773; x_wconf 81' lang='grc' dir='ltr'>εὐημε-</span> 
     </span>
     <span class='ocr_line' id='line_1_96' title="bbox 1406 2781 2426 2837; baseline -0.001 -15"><span class='ocrx_word' id='word_1_727' title='bbox 1406 2784 1478 2836; x_wconf 83' lang='grc' dir='ltr'>ρίας</span> <span class='ocrx_word' id='word_1_728' title='bbox 1493 2787 1543 2837; x_wconf 82' lang='grc' dir='ltr'>τῷ</span> <span class='ocrx_word' id='word_1_729' title='bbox 1562 2786 1641 2820; x_wconf 92' lang='grc' dir='ltr'>νοῦν</span> <span class='ocrx_word' id='word_1_730' title='bbox 1661 2783 1777 2834; x_wconf 74' lang='grc' dir='ltr'>ἔχοντι</span> <span class='ocrx_word' id='word_1_731' title='bbox 1805 2781 2056 2833; x_wconf 85' lang='grc' dir='ltr'>προτιμότερον</span> <span class='ocrx_word' id='word_1_732' title='bbox 2085 2781 2125 2819; x_wconf 84' lang='grc' dir='ltr'>ἂν</span> <span class='ocrx_word' id='word_1_733' title='bbox 2149 2783 2219 2829; x_wconf 87' lang='grc' dir='ltr'>εἴη·</span> <span class='ocrx_word' id='word_1_734' title='bbox 2250 2786 2352 2820; x_wconf 86' lang='grc' dir='ltr'>τοῦτο</span> <span class='ocrx_word' id='word_1_735' title='bbox 2375 2786 2426 2836; x_wconf 91' lang='grc' dir='ltr'>τῷ</span> 
     </span>
     <span class='ocr_line' id='line_1_97' title="bbox 1403 2843 2425 2897; baseline 0 -15"><span class='ocrx_word' id='word_1_736' title='bbox 1403 2844 1547 2897; x_wconf 81' lang='grc' dir='ltr'>γνησίαν</span> <span class='ocrx_word' id='word_1_737' title='bbox 1576 2843 1656 2896; x_wconf 72' lang='grc' dir='ltr'>περὶ</span> <span class='ocrx_word' id='word_1_738' title='bbox 1683 2843 1740 2881; x_wconf 74' lang='grc' dir='ltr'>τὸν</span> <span class='ocrx_word' id='word_1_739' title='bbox 1760 2843 1850 2882; x_wconf 77' lang='grc' dir='ltr'>Θεὸν</span> <span class='ocrx_word' id='word_1_740' title='bbox 1871 2843 2010 2894; x_wconf 84' lang='grc' dir='ltr'>ἀγάπην</span> <span class='ocrx_word' id='word_1_741' title='bbox 2031 2843 2299 2896; x_wconf 82' lang='grc' dir='ltr'>ἐπιδεικνυμένῳ</span> <span class='ocrx_word' id='word_1_742' title='bbox 2320 2847 2425 2895; x_wconf 85' lang='grc' dir='ltr'>βασι-</span> 
     </span>
     <span class='ocr_line' id='line_1_98' title="bbox 1403 2903 2426 2956; baseline 0 -13"><span class='ocrx_word' id='word_1_743' title='bbox 1403 2906 1497 2949; x_wconf 85' lang='grc' dir='ltr'>λείας</span> <span class='ocrx_word' id='word_1_744' title='bbox 1520 2905 1560 2942; x_wconf 81' lang='grc' dir='ltr'>ἂν</span> <span class='ocrx_word' id='word_1_745' title='bbox 1582 2905 1635 2951; x_wconf 89' lang='grc' dir='ltr'>εἴη</span> <span class='ocrx_word' id='word_1_746' title='bbox 1657 2905 1906 2955; x_wconf 87' lang='grc' dir='ltr'>ποθεινότερον.</span> <span class='ocrx_word' id='word_1_747' title='bbox 1927 2903 1973 2941; x_wconf 84' lang='lat' dir='ltr'>‘H</span> <span class='ocrx_word' id='word_1_748' title='bbox 2004 2905 2073 2956; x_wconf 81' lang='grc' dir='ltr'>γὰρ</span> <span class='ocrx_word' id='word_1_749' title='bbox 2104 2904 2236 2951; x_wconf 79' lang='grc' dir='ltr'>ἀληθὴς</span> <span class='ocrx_word' id='word_1_750' title='bbox 2266 2905 2426 2956; x_wconf 87' lang='grc' dir='ltr'>βασιλεία</span> 
     </span>
     <span class='ocr_line' id='line_1_99' title="bbox 1403 2965 2427 3016; baseline -0.001 -11"><span class='ocrx_word' id='word_1_751' title='bbox 1403 2967 1495 3005; x_wconf 76' lang='grc' dir='ltr'>ἐστὶν</span> <span class='ocrx_word' id='word_1_752' title='bbox 1513 2966 1599 3012; x_wconf 77' lang='grc' dir='ltr'>αὕτη</span> <span class='ocrx_word' id='word_1_753' title='bbox 1616 2995 1625 3013; x_wconf 88' lang='grc'>,</span> <span class='ocrx_word' id='word_1_754' title='bbox 1640 2965 1680 3003; x_wconf 77' lang='grc' dir='ltr'>τὸ</span> <span class='ocrx_word' id='word_1_755' title='bbox 1701 2966 1886 3012; x_wconf 74' lang='grc' dir='ltr'>δυνηθῆναι</span> <span class='ocrx_word' id='word_1_756' title='bbox 1898 2969 1994 3015; x_wconf 78' lang='grc' dir='ltr'>ἡμᾶς</span> <span class='ocrx_word' id='word_1_757' title='bbox 2013 2965 2069 3002; x_wconf 81' lang='grc' dir='ltr'>διὰ</span> <span class='ocrx_word' id='word_1_758' title='bbox 2088 2968 2150 3011; x_wconf 78' lang='grc' dir='ltr'>τῆς</span> <span class='ocrx_word' id='word_1_759' title='bbox 2164 2965 2306 3016; x_wconf 85' lang='grc' dir='ltr'>ἀρίστης</span> <span class='ocrx_word' id='word_1_760' title='bbox 2324 2967 2427 3004; x_wconf 91' lang='grc' dir='ltr'>πολι-</span> 
     </span>
     <span class='ocr_line' id='line_1_100' title="bbox 1402 3026 2426 3077; baseline 0.001 -12"><span class='ocrx_word' id='word_1_761' title='bbox 1402 3027 1495 3070; x_wconf 86' lang='grc' dir='ltr'>τείας</span> <span class='ocrx_word' id='word_1_762' title='bbox 1515 3029 1640 3077; x_wconf 78' lang='grc' dir='ltr'>εὐμενῆ</span> <span class='ocrx_word' id='word_1_763' title='bbox 1657 3026 1716 3064; x_wconf 80' lang='grc' dir='ltr'>καὶ</span> <span class='ocrx_word' id='word_1_764' title='bbox 1728 3026 1812 3063; x_wconf 78' lang='grc' dir='ltr'>ἵλεω</span> <span class='ocrx_word' id='word_1_765' title='bbox 1827 3029 2049 3072; x_wconf 75' lang='grc' dir='ltr'>καταστῆσαι</span> <span class='ocrx_word' id='word_1_766' title='bbox 2071 3029 2205 3069; x_wconf 79' lang='grc' dir='ltr'>ἑαυτοῖς</span> <span class='ocrx_word' id='word_1_767' title='bbox 2218 3026 2276 3063; x_wconf 80' lang='grc' dir='ltr'>τὸν</span> <span class='ocrx_word' id='word_1_768' title='bbox 2292 3028 2426 3066; x_wconf 84' lang='grc' dir='ltr'>Δεσπό-</span> 
     </span>
     <span class='ocr_line' id='line_1_101' title="bbox 1403 3085 2425 3138; baseline 0.001 -14"><span class='ocrx_word' id='word_1_769' title='bbox 1403 3103 1477 3134; x_wconf 87' lang='grc' dir='ltr'>την.</span> <span class='ocrx_word' id='word_1_770' title='bbox 1496 3086 1587 3125; x_wconf 81' lang='grc' dir='ltr'>Οὐδὲ</span> <span class='ocrx_word' id='word_1_771' title='bbox 1603 3087 1669 3138; x_wconf 76' lang='grc' dir='ltr'>γὰρ</span> <span class='ocrx_word' id='word_1_772' title='bbox 1687 3086 1827 3137; x_wconf 86' lang='grc' dir='ltr'>γέενναν</span> <span class='ocrx_word' id='word_1_773' title='bbox 1846 3086 1903 3124; x_wconf 82' lang='grc' dir='ltr'>διὰ</span> <span class='ocrx_word' id='word_1_774' title='bbox 1921 3090 2022 3124; x_wconf 79' lang='grc' dir='ltr'>τοῦτο</span> <span class='ocrx_word' id='word_1_775' title='bbox 2040 3085 2219 3137; x_wconf 73' lang='grc' dir='ltr'>φοὸεῖσθαι</span> <span class='ocrx_word' id='word_1_776' title='bbox 2245 3086 2425 3138; x_wconf 77' lang='grc' dir='ltr'>ὀφείλομεν</span> 
     </span>
     <span class='ocr_line' id='line_1_102' title="bbox 1404 3144 2426 3198; baseline 0 -13"><span class='ocrx_word' id='word_1_777' title='bbox 1404 3147 1462 3185; x_wconf 80' lang='grc' dir='ltr'>καὶ</span> <span class='ocrx_word' id='word_1_778' title='bbox 1478 3147 1678 3194; x_wconf 75' lang='grc' dir='ltr'>δεδοικέναι,</span> <span class='ocrx_word' id='word_1_779' title='bbox 1695 3146 1752 3184; x_wconf 78' lang='grc' dir='ltr'>διὰ</span> <span class='ocrx_word' id='word_1_780' title='bbox 1772 3147 1811 3184; x_wconf 82' lang='grc' dir='ltr'>τὸ</span> <span class='ocrx_word' id='word_1_781' title='bbox 1826 3149 1896 3198; x_wconf 86' lang='grc' dir='ltr'>πῦρ</span> <span class='ocrx_word' id='word_1_782' title='bbox 1913 3149 2021 3184; x_wconf 81' lang='grc' dir='ltr'>ἐκεῖνο</span> <span class='ocrx_word' id='word_1_783' title='bbox 2041 3145 2081 3182; x_wconf 75' lang='grc' dir='ltr'>τὸ</span> <span class='ocrx_word' id='word_1_784' title='bbox 2103 3144 2269 3183; x_wconf 70' lang='grc' dir='ltr'>ἅσὸεστον</span> <span class='ocrx_word' id='word_1_785' title='bbox 2286 3146 2346 3183; x_wconf 73' lang='grc' dir='ltr'>καὶ</span> <span class='ocrx_word' id='word_1_786' title='bbox 2364 3147 2426 3191; x_wconf 79' lang='grc' dir='ltr'>τὰς</span> 
     </span>
     <span class='ocr_line' id='line_1_103' title="bbox 1406 3205 2424 3260; baseline 0 -15"><span class='ocrx_word' id='word_1_787' title='bbox 1406 3207 1554 3259; x_wconf 69' lang='grc' dir='ltr'>φοὸερὰς</span> <span class='ocrx_word' id='word_1_788' title='bbox 1573 3207 1761 3260; x_wconf 84' lang='grc' dir='ltr'>τιμωρίας,</span> <span class='ocrx_word' id='word_1_789' title='bbox 1789 3206 1847 3245; x_wconf 74' lang='grc' dir='ltr'>καὶ</span> <span class='ocrx_word' id='word_1_790' title='bbox 1870 3206 1931 3249; x_wconf 82' lang='grc' dir='ltr'>τὰς</span> <span class='ocrx_word' id='word_1_791' title='bbox 1950 3207 2116 3251; x_wconf 82' lang='grc' dir='ltr'>διηνεκεῖς</span> <span class='ocrx_word' id='word_1_792' title='bbox 2135 3205 2314 3253; x_wconf 82' lang='grc' dir='ltr'>κολάσεις,</span> <span class='ocrx_word' id='word_1_793' title='bbox 2335 3207 2424 3245; x_wconf 80' lang='grc' dir='ltr'>ἀλλὰ</span> 
     </span>
    </p>
   </div>
   <div class='ocr_carea' id='block_1_14' title="bbox 1415 3337 1567 3375">
    <p class='ocr_par' dir='ltr' id='par_1_14' title="bbox 1415 3337 1567 3375">
     <span class='ocr_line' id='line_1_104' title="bbox 1415 3337 1567 3375; baseline 0 -13"><span class='ocrx_word' id='word_1_794' title='bbox 1415 3337 1567 3375; x_wconf 48' lang='lat' dir='ltr'><strong>padulem.</strong></span> 
     </span>
    </p>
   </div>
  </div>
 </body>
</html>
