2433 3775
623 258 642 287 S
652 278 660 287 .
700 257 879 288 JOANNIS
913 257 1167 288 CIIRYSOST.

200 258 255 287 20

195 348 327 387 narret,
341 352 418 390 quae
436 348 548 377 creata
569 349 665 390 sunt,
680 340 739 378 sed
759 354 840 378 cum
858 340 1019 378 docuerit
1032 354 1094 377 nos
1105 339 1150 376 de

195 399 279 438 caelo
306 409 339 438 et
362 409 467 449 terra,
487 414 564 451 quae
584 400 741 453 plurima
767 401 803 438 in
823 414 859 439 se
880 400 1060 438 continent
1080 400 1150 437 ele-

194 469 325 508 menta,
342 460 592 513 praetermittat
611 461 693 499 alia.
709 461 799 498 Nam
814 474 895 498 cum
911 460 957 497 de
975 473 1149 510 aquarum

194 521 339 574 opificio
368 520 551 559 nihildum
579 521 749 569 dixisset,
775 519 826 557 ait
858 536 865 556 ε
897 522 951 558 Et
985 522 1150 558 tenebrae

194 591 305 620 erant
326 596 437 633 super
455 583 655 630 abyssum,
677 589 713 618 et
732 580 895 632 Spiritus
920 582 997 618 Dei
1019 595 1150 632 super-

194 645 390 691 ferebatur
421 655 534 693 super
563 655 722 693 aquam.
748 642 834 679 Haec
863 642 958 680 enim
986 642 1151 694 tegebant

181 690 317 741 *faciem
339 711 461 750 terrae3
477 701 523 739 de
537 701 690 740 tenebris
709 702 837 753 loquor
850 712 884 740 et
897 703 1034 756 abysso,
1043 717 1150 754 aqua-

192 777 283 800 rum.
315 762 408 800 Hinc
442 761 658 813 didicimus,
691 776 794 801 omne
827 764 926 815 quod
956 764 1151 803 videbatur

191 822 299 861 fuisse
329 823 500 875 abyssum
531 837 703 874 aquarum
731 824 884 862 tenebris
910 825 1087 876 velatam,
1116 835 1151 865 et

191 897 280 935 opus
293 883 460 922 habuisse
477 884 634 936 sapiente
648 884 801 937 Opifice,
816 886 878 936 qui
896 900 1038 925 omnem
1055 887 1148 926 hane

191 943 447 982 informitatem
470 944 661 994 discutere,
685 955 717 983 et
739 954 905 984 ornatum
927 947 1084 998 aliquem
1110 948 1147 986 in

192 1005 311 1043 omnia
342 1015 460 1058 posset
491 1005 670 1043 inducere.
704 1007 757 1044 Et
797 1010 962 1045 tenebra?
976 1037 989 1054 ,
1019 1008 1146 1060 inquit,

191 1081 305 1118 super
322 1069 523 1115 abyssum,
542 1075 577 1104 et
596 1067 759 1118 Spiritus
779 1069 856 1105 Dei
878 1069 1147 1119 superfereba-

192 1137 254 1165 tur
276 1141 388 1179 super
406 1141 562 1179 aquam.
590 1126 689 1173 Quid
711 1127 779 1165 sibi
804 1128 884 1166 vult
907 1128 1004 1179 quod
1032 1129 1146 1167 dicit:
1169 1139 1192 1169 C

191 1190 242 1226 Et
257 1188 422 1240 Spiritus
435 1189 512 1225 Dei
530 1189 841 1240 superferebatur
851 1203 965 1241 super
978 1203 1122 1242 aquam
1132 1195 1149 1228 P

190 1248 283 1286 nihi
315 1248 460 1287 videtur
486 1249 555 1287 hoc
587 1248 811 1300 significare,
844 1250 953 1288 fuisse
986 1250 1023 1289 in
1047 1252 1148 1303 aquis

189 1309 369 1347 efficacem
389 1309 582 1360 quamdam
595 1318 629 1347 et
648 1310 796 1348 vitalem
815 1311 1067 1363 operationem,
1084 1327 1147 1351 nec

188 1370 297 1408 fuisse
310 1370 521 1422 simpliciter
534 1384 662 1422 aquam
683 1379 833 1409 stantem
852 1380 887 1409 et
908 1371 1144 1423 immobilem,

190 1432 252 1470 sed
276 1432 458 1481 mobilem,
479 1441 511 1470 et
534 1432 681 1470 vitalem
701 1432 894 1483 quamdam
910 1433 988 1472 vim
1010 1433 1148 1473 haben-

187 1503 268 1531 tem.
289 1495 380 1531 Nam
404 1493 503 1544 quod
527 1493 725 1543 immobile,
750 1494 895 1533 omnino
919 1495 1046 1534 inutile
1077 1505 1146 1546 est3

186 1554 283 1605 quod
298 1569 383 1592 vcro
398 1564 577 1605 movetur,
591 1554 636 1592 ad
654 1555 767 1593 multa
784 1555 961 1595 conducit.

239 1622 276 1657 (Ξ.
308 1621 358 1657 Ut
378 1619 489 1671 igitur
510 1619 652 1658 doceret
672 1635 736 1659 nos
753 1621 878 1660 beatus
896 1622 958 1660 ille
973 1623 1146 1676 propheta

188 1695 316 1731 aquam
336 1681 436 1718 illam
454 1695 623 1732 magnam
640 1691 673 1719 et
692 1682 909 1721 ineffabilem
923 1684 1054 1723 habere
1069 1685 1146 1724 vim

189 1741 383 1792 quamdam
406 1742 565 1791 vitalem,
587 1742 677 1780 dicit
700 1759 707 1780 :
731 1745 784 1781 Et
801 1745 966 1796 Spiritus
990 1747 1067 1784 Dei
1085 1761 1145 1785 su-

182 1803 452 1855 per-“ferebatur
472 1817 588 1855 super
613 1817 769 1856 aquam.
783 1804 897 1855 quue
914 1820 984 1844 non
1009 1807 1144 1858 absque

186 1863 322 1900 ratione
338 1863 526 1915 Scriptura
547 1863 670 1902 divina
688 1865 937 1916 praeveniendo
953 1867 1063 1917 dicit;
1082 1868 1144 1906 sed

184 1938 224 1961 eo
249 1923 345 1974 quod
371 1933 492 1975 postea
520 1924 660 1962 dictura
681 1925 728 1963 sit
753 1925 870 1977 nobis,
902 1927 1071 1966 animalia
1098 1944 1143 1968 ex

185 1985 287 2035 aquis
309 1984 386 2022 istis
410 1999 455 2022 ex
480 1995 657 2038 praecepto
684 1986 752 2024 Dei
771 1988 933 2026 omnium
950 1989 1143 2030 conditoris

184 2045 360 2096 producta
383 2046 506 2095 fuisse,
529 2056 716 2098 propterea
741 2047 942 2086 auditorem
965 2050 1024 2088 hic
1048 2065 1142 2090 nunc

184 2106 287 2144 docet
301 2120 371 2144 non
387 2106 461 2144 sine
477 2121 582 2144 causa
596 2121 726 2158 aquam
738 2108 840 2146 illam
853 2110 1067 2159 constitisse,
1081 2113 1142 2151 sed

185 2175 224 2204 ut
253 2175 476 2215 moveretur,
504 2166 742 2216 discurreret,
775 2178 808 2206 et
837 2170 955 2208 omnia
981 2172 1141 2212 allueret.

185 2227 485 2279 Quandoquidem
513 2228 623 2279 igitur
655 2228 786 2267 diffusa
813 2239 888 2268 erat
912 2245 1040 2283 magna
1063 2233 1140 2271 uni-

184 2288 278 2325 versi
293 2287 428 2326 visibili
434 2302 448 2324 s
464 2287 678 2337 informitas,
690 2298 866 2342 praecepto
881 2304 945 2328 suo
958 2292 1069 2342 Deus,
1079 2306 1139 2345 op-

182 2347 291 2387 timus
314 2348 374 2386 ille
402 2349 541 2396 artifex,
563 2348 822 2388 deformitatem
855 2350 956 2388 illam
983 2351 1137 2405 depulit,

182 2419 217 2447 et
237 2410 409 2447 immensa
430 2410 519 2447 lucis
535 2409 689 2449 visibilis
709 2411 945 2463 pulchritudo
963 2414 1138 2465 producta

182 2471 344 2509 tenebras
363 2471 501 2521 fugavit
515 2470 710 2520 sensibiles,
727 2472 992 2524 illustravitque
1003 2476 1134 2514 omnia.

181 2533 218 2569 5.
239 2535 293 2571 Et
324 2534 439 2578 dit-ic,
463 2532 591 2583 inquit,
615 2534 737 2583 Deus,
754 2533 828 2584 fiat
856 2534 946 2578 lux;
966 2543 1003 2573 et
1022 2538 1139 2588 facta

182 2603 238 2631 est
263 2595 343 2631 lux.
372 2593 491 2636 Dixit,
507 2603 541 2631 et
563 2594 653 2632 facta
670 2603 720 2632 est
741 2610 748 2631 :
769 2594 967 2647 mandavit,
989 2605 1023 2634 et
1042 2606 1138 2636 tene—

180 2654 253 2692 brae
279 2654 426 2705 quidem
450 2655 580 2705 fugatae
596 2663 689 2703 sunt,
718 2655 784 2692 lux
808 2664 927 2693 autem
950 2656 1135 2708 producta.

182 2716 296 2755 'Vides
315 2717 530 2754 ineffabilem
547 2717 769 2769 potentiam?
789 2719 928 2756 Verum
943 2719 1004 2769 qui
1020 2733 1137 2759 errore

180 2778 416 2829 praeoccupati
452 2787 554 2826 sunt,
587 2792 656 2816 non
693 2777 912 2818 attendentes
958 2779 1135 2820 dictorum

180 2839 479 2889 consequentiam,
499 2853 611 2889 neque
629 2838 813 2877 audientes
831 2840 975 2879 beatum
997 2844 1135 2881 Mosem

1170 408 1193 437 B

177 2898 353 2937 dicentem
378 2915 385 2935 :
410 2902 459 2936 In
475 2901 776 2953 principiosecit
798 2903 906 2940 Deus
934 2903 1068 2941 coelum
1097 2913 1134 2942 et
1156 2935 1186 2959 16

178 2969 321 2998 terram
329 2970 388 3008 ;et
404 2975 489 2997 mox
506 2961 714 2999 subdentem
735 2978 742 2998 ε
765 2964 885 3000 Terra
903 2972 1033 3002 autem
1049 2974 1132 3003 erat
1157 2973 1182 3001 Λ

180 3024 389 3061 invisibilis
406 3032 440 3060 et
463 3026 731 3075 incomposita,
754 3039 793 3063 eo
812 3025 911 3077 quod
928 3027 1081 3065 tenebris
1099 3037 1131 3066 ct

175 3084 277 3134 aquis
298 3093 386 3121 esset
403 3084 557 3127 (Ληουῖ-η
573 3084 622 3121 sic
642 3085 735 3122 enim
752 3086 873 3124 visum
890 3087 958 3125 suit
976 3089 1130 3127 Domino

175 3144 220 3181 ab
237 3144 339 3182 initio
353 3159 428 3182 eam
445 3144 640 3196 producere
656 3161 662 3180 :
676 3144 799 3183 dicunt
812 3157 912 3185 autea
927 3149 1036 3188 fuisse
1047 3150 1128 3188 sub-

170 3206 302 3257 jectam
322 3207 518 3255 materiam,
532 3214 564 3243 ct
581 3206 739 3243 tenebras
757 3209 1129 3259 praeexstitisse.Quid

1207 257 1407 287 ARCHIEP,
1453 255 1812 290 CONSTANTINOP-

1218 338 1290 390 ρίου
1307 338 1484 391 προφήτου
1503 339 1542 377 τὸ
1562 340 1762 392 ἀπέριττον,
1781 341 1840 379 καὶ
1854 341 1947 385 ὅπως
1963 343 2000 379 οὐ
2022 342 2135 380 πάντα
2150 342 2240 380 κατὰ

1217 398 1320 451 μέρος
1349 399 1520 450 διηγεῖται
1550 400 1595 438 τὰ
1624 401 1939 453 δημιουργηθέντα,
1973 401 2064 439 ἀλλὰ
2089 401 2132 440 τὰ
2157 418 2239 439 συν-

1215 458 1434 496 εκτικώτατα
1458 461 1527 496 τῶν
1549 460 1731 512 στοιχείων
1758 460 1852 512 ἡμᾶς
1872 461 2029 508 διδάξας,
2049 461 2108 499 καὶ
2136 463 2242 513 οὐρα-

1215 524 1274 559 νοῦ
1301 520 1361 557 καὶ
1388 522 1452 571 γῆς
1484 520 1739 572 μνημονεύσας,
1772 522 1817 561 τὰ
1847 523 1937 561 ἄλλα
1964 521 2240 574 παραλιμπάνει.

1216 580 1383 631 Οὖδαμοῦ
1414 581 1480 632 γὰρ
1510 580 1616 620 εἰπὼν
1648 584 1717 620 τῶν
1744 582 1879 620 ὑδάτων
1906 583 1969 630 τὴν
2000 582 2243 635 δημιουργίαν,

1216 640 1322 692 φησί·
1353 642 1424 680 Καὶ
1444 641 1565 686 σκότος
1585 642 1703 680 ἐπάνω
1724 646 1785 689 τῆς
1805 642 1959 681 ἀὸύσσου
1974 671 1983 688 ,
2007 643 2068 681 καὶ
2094 645 2243 693 Πνεῦμα

1216 703 1308 740 Θεοῦ
1329 703 1515 757 ἐπεφέρετο
1535 704 1657 742 ἐπάνω
1677 707 1735 742 τοῦ
1758 703 1894 747 ὕδατος.
1918 705 2032 742 Τοῦτο
2052 702 2120 755 γὰρ
2142 698 2183 749 ἦν
2205 705 2245 741 τὸ

1215 762 1390 802 καλύπτον
1409 767 1471 811 τῆς
1490 768 1553 817 γῆς
1573 764 1613 802 τὸ
1631 764 1831 816 πρόσωπον,
1847 764 1886 803 τὸ
1902 763 2024 807 σκότος
2040 764 2133 815 λέγω
2145 795 2154 811 ,
2184 764 2243 801 καὶ

1214 826 1236 870 ἡ
1257 823 1405 869 ἄὸυσσος
1420 829 1489 863 τῶν
1509 826 1656 864 ὑδάτων.
1673 825 1874 876 Ἔμάθομεν
1892 827 2057 873 ἐντεῦθεν,
2077 826 2130 863 ὅτι
2150 826 2241 863 ἅπαν

1213 885 1253 923 τὸ
1269 885 1442 938 ὁρώμενον
1462 887 1613 930 ἅὸυσσος
1626 882 1667 934 ἦν
1684 886 1818 924 ὑδάτων
1838 886 1952 938 σκότῳ
1980 885 2244 937 κεκαλυμμένη,

1213 946 1273 983 καὶ
1288 947 1396 985 ἐδεῖτο
1415 953 1474 987 τοῦ
1491 952 1595 1000 σοφοῦ
1613 950 1839 1001 δημιουργοῦ,
1864 947 1953 986 ὥστε
1969 953 2086 985 πᾶσαν
2112 947 2242 993 ταύτην

1213 1007 1276 1055 τὴν
1311 1010 1485 1062 ἀμορφίαν
1518 1001 1657 1056 ἐξελεῖν,
1691 1010 1751 1048 καὶ
1784 1012 1830 1052 εἷς
1863 1009 2050 1059 εὐκοσμίαν
2084 1008 2162 1046 τινὰ
2198 1008 2244 1046 τὰ

1214 1068 1330 1107 πάντα
1350 1072 1504 1122 ἀγαγεῖν.
1525 1071 1597 1109 Καὶ
1609 1070 1752 1118 σκότος,
1774 1070 1889 1122 φησὶν,
1910 1070 2028 1107 ἐπάνω
2048 1073 2110 1115 τῆς
2132 1069 2241 1108 &666-

1216 1143 1275 1166 σου
1288 1159 1297 1177 ,
1312 1129 1372 1167 καὶ
1386 1132 1533 1181 Πνεῦμα
1558 1133 1651 1170 Θεοῦ
1677 1131 1864 1183 ἐπεφέρετο
1890 1130 2008 1169 ἐπάνω
2027 1133 2087 1169 τοῦ
2107 1129 2243 1174 ὕδατος.

1216 1189 1264 1227 Τί
1295 1190 1455 1242 βούλεται
1486 1195 1610 1230 ρτοῦτο
1634 1192 1674 1230 τὸ
1702 1192 1904 1243 εἰρημένον,
1935 1194 2102 1240 Πνεῦμα,
2132 1192 2240 1244 φησὶ,

1215 1252 1320 1298 Θεοῦ,
1337 1252 1524 1305 ἐπεφέρετο
1538 1253 1655 1292 ἐπάνω
1673 1257 1734 1291 τοῦ
1752 1252 1889 1296 ὕδατος.
1910 1253 2015 1303 Ἐμοὶ
2035 1253 2128 1291 δοκεῖ
2143 1258 2245 1292 τοῦτο

1216 1312 1414 1363 σημαίνειν,
1431 1313 1485 1352 ὅτι
1502 1313 1659 1367 ἐνέργειά
1676 1331 1728 1357 τις
1742 1313 1871 1361 ζωτικὴ
1888 1316 2022 1366 προσῆν
2042 1319 2112 1357 τοῖς
2128 1313 2244 1361 ὕδασι,

1215 1374 1274 1411 καὶ
1301 1376 1362 1412 οὐκ
1390 1369 1432 1422 ἦν
1459 1376 1579 1420 ἁπλῶς
1604 1375 1696 1429 ὕδωρ
1721 1374 1829 1418 ἑστὼς
1860 1374 1919 1412 καὶ
1947 1374 2123 1421 ἀκίνητον,
2153 1375 2242 1413 ἀλλὰ

1215 1436 1427 1488 κινούμενον,
1460 1437 1520 1476 καὶ
1547 1438 1696 1484 ζωτικήν
1714 1453 1791 1475 τινα
1812 1436 1956 1487 δύναμιν
1974 1437 2066 1488 ἔχον.
2094 1437 2147 1475 Τὸ
2175 1437 2243 1488 γὰρ

1215 1497 1378 1545 ἀκίνητον
1407 1498 1521 1550 πάντῃ
1551 1498 1750 1551 ἄχρηστον·
1779 1498 1820 1536 τὸ
1849 1497 1885 1536 δὲ
1913 1497 2125 1549 κινούμενον,
2157 1498 2243 1550 πρὸς

1214 1558 1328 1597 πολλὰ
1345 1559 1558 1606 ἐπιτήδειον.

1266 1620 1332 1659 Ἵν’
1360 1615 1417 1660 οῦν
1447 1621 1566 1669 διδάξη
1586 1626 1698 1673 ἡμᾶς,
1714 1621 1769 1661 ὅτι
1791 1621 1832 1660 τὸ
1851 1620 1940 1673 ὕδωρ
1960 1624 2074 1668 τοῦτο,
2090 1620 2130 1659 τὸ
2149 1620 2239 1659 πολὺ

1215 1681 1274 1720 καὶ
1292 1682 1488 1735 ἀμήχανον,
1507 1683 1585 1721 τινὰ
1611 1682 1756 1734 δύναμιν
1780 1682 1854 1735 ἔχει
1873 1681 2034 1728 ζωτικὴν,
2061 1681 2116 1719 διὰ
2139 1682 2243 1720 τοῦτό

1216 1758 1301 1795 φησι
1313 1759 1320 1766 ·
1340 1744 1410 1782 Καὶ
1426 1745 1575 1794 Πνεῦμα
1592 1746 1684 1783 Θεοῦ
1699 1744 1885 1796 ἐπεφέρετο
1900 1742 2016 1781 ἐπάνω
2030 1748 2090 1781 τοῦ
2106 1741 2241 1786 ὕδατος.

1215 1806 1328 1843 Τοῦτο
1344 1804 1379 1842 δὲ
1395 1806 1461 1857 οὐχ
1478 1806 1597 1848 ἁπλῶς
1616 1804 1840 1858 προλαὸοῦσα
1858 1804 1952 1855 λέγει
1970 1807 1992 1849 ἡ
2010 1802 2085 1841 θεία
2102 1804 2240 1856 Γραφή·

1215 1867 1293 1903 ἀλλ’
1316 1865 1435 1912 ἐπειδὴ
1455 1870 1624 1918 προϊοῦσα
1644 1865 1764 1916 μέλλει
1782 1867 1976 1916 διηγεῖσθαι
1992 1867 2088 1915 ἡμῖν,
2108 1866 2162 1903 ὅτι
2181 1865 2241 1903 καὶ

1215 1928 1287 1970 ζῶα
1302 1928 1342 1964 ἐκ
1359 1927 1488 1965 τούτων
1505 1929 1574 1964 τῶν
1597 1927 1732 1965 ὑδάτων
1753 1926 1846 1965 κατὰ
1864 1926 2075 1978 πρόσταγμα
2092 1930 2153 1964 τοῦ
2171 1929 2240 1964 τῶν

1215 1987 1378 2026 ἁπάντων
1406 1989 1616 2042 δημιουργοῦ
1644 1987 1833 2040 παρήχθη,
1867 1986 1925 2024 διὰ
1954 1989 2056 2024 τοῦτο
2087 1988 2240 2049 ἐντεῦθεν

1214 2049 1281 2096 ἤδη
1303 2049 1458 2089 διδάσκει
1485 2050 1543 2087 τὸν
1573 2049 1763 2100 ἀκροατὴν,
1788 2047 1842 2086 ὅτι
1861 2049 1925 2099 οὐχ
1944 2048 2064 2090 ἁπλῶς
2083 2045 2178 2098 ὕδωρ
2197 2050 2239 2093 ἠν

1215 2111 1375 2154 συνεστὸς
1388 2141 1396 2157 ,
1427 2110 1517 2148 ἀλλὰ
1548 2110 1760 2160 κινούμενον,
1788 2110 1848 2147 καὶ
1880 2108 2077 2161 διατρέχον,
2109 2109 2168 2146 καὶ
2196 2107 2241 2145 τὰ

1212 2171 1327 2209 πάντα
1345 2171 1361 2191 ‘¹
1372 2171 1568 2214 ἐπικλύζον.
1585 2170 1689 2208 Ἐπεὶ
1707 2164 1764 2209 οῦν
1781 2169 1895 2216 πολλὴ
1913 2169 2128 2220 κατεκέχυτο
2147 2184 2238 2207 παν-

1212 2231 1268 2275 τὸς
1291 2236 1349 2270 τοῦ
1381 2232 1554 2283 ὁρωμένου
1583 2234 1604 2277 ἡ
1641 2231 1816 2283 ἀμορφία,
1847 2229 2057 2282 προσέταξεν
2094 2233 2236 2282 ἀριστο-

1210 2291 1335 2344 τέχνης
1351 2293 1440 2335 Θεὸς
1452 2320 1462 2337 ,
1490 2291 1550 2330 καὶ
1569 2291 1613 2330 τὰ
1628 2295 1689 2338 τῆς
1719 2290 1890 2343 ἀμορφίας
1912 2291 2140 2336 διεσκεδάσθη
2153 2319 2162 2335 ,
2178 2291 2238 2329 καὶ

1210 2353 1249 2391 τὸ
1265 2353 1391 2397 κάλλος
1410 2357 1510 2391 τοῦτο
1532 2353 1571 2392 τὸ
1593 2353 1775 2405 ἀμήχανον
1803 2357 1863 2390 τοῦ
1882 2352 1995 2403 φωτὸς
2015 2357 2075 2390 τοῦ
2103 2353 2238 2403 ὁρωμέ-

1209 2430 1268 2453 νου
1286 2414 1478 2467 παραχθὲν,
1495 2414 1534 2452 τό
1548 2430 1586 2452 τε
1603 2414 1723 2457 σκότος
1745 2413 1905 2459 ἀπήλασε
1922 2413 1961 2451 τὸ
1981 2414 2157 2460 αἰσθητὸν,
2176 2413 2236 2452 καὶ

1211 2476 1254 2513 τὰ
1270 2475 1384 2514 πάντα
1403 2475 1634 2527 6κατηύγοισε.
1661 2475 1729 2512 Καὶ
1749 2468 1842 2519 εἶπε,
1866 2474 1983 2526 φησὶν,
2003 2478 2020 2512 ὁ
2039 2474 2147 2521 Θεὸς,
2172 2491 2234 2527 γε-

1209 2537 1348 2584 νηθήτω
1379 2539 1471 2589 φῶς,
1500 2537 1558 2575 καὶ
1590 2536 1724 2587 ἐγένετο
1743 2539 1825 2588 φῶς.
1854 2529 1969 2582 Εἶπε,
1998 2536 2057 2574 καὶ
2078 2536 2233 2587 ἐγένετο·

1208 2596 1386 2643 ἐκέλευσε,
1416 2597 1475 2634 καὶ
1497 2598 1535 2635 τὸ
1561 2598 1623 2648 μὲν
1644 2596 1764 2640 σκότος
1785 2596 1998 2648 ἐφυγαδεύθη
2011 2628 2020 2644 ,
2042 2598 2082 2636 τὸ
2102 2598 2136 2635 δὲ
2163 2600 2234 2649 φῶς

1205 2658 1385 2710 παρήχθη.
1418 2652 1516 2702 Εἶδες
1537 2658 1682 2709 δύναμιν
1705 2658 1855 2710 ἄφατον,
1887 2656 1978 2694 Ἀλλ’
1997 2660 2028 2694 οἱ
2049 2659 2092 2708 τῇ
2117 2658 2231 2706 πλάνῃ

1205 2718 1603 2772 προκατειλημμένοιού
1621 2719 1851 2770 προσέχοντες
1878 2720 1920 2769 τῇ
1953 2717 2137 2769 ἀκολουθίᾳ
2163 2721 2231 2756 τῶν

1205 2780 1410 2831 εἰρημένων,
1444 2779 1519 2818 οὐδὲ
1552 2779 1732 2821 ἀκούοντες
1760 2782 1818 2816 τοῦ
1850 2778 2023 2831 μακαρίου
2056 2777 2233 2822 Μωϋσέως

1206 2840 1379 2892 λέγοντος·
1401 2840 1462 2878 Ἐν
1488 2841 1579 2891 ἀρχῇ
1599 2839 1761 2885 ἐποίησεν
1777 2841 1794 2876 ὃ
1809 2839 1898 2881 Θεὸς
1921 2839 1977 2876 τὸν
2001 2838 2144 2889 οὐρανὸν
2172 2839 2231 2876 καὶ

1206 2901 1267 2948 τὴν
1287 2906 1350 2952 γῆν
1362 2917 1369 2924 ·
1390 2900 1449 2938 καὶ
1462 2900 1539 2938 τότε
1556 2900 1759 2951 ἐπάγοντος·
1780 2899 1823 2937 Ἥ
1841 2898 1876 2937 δὲ
1894 2902 1937 2950 γῆ
1953 2893 1994 2945 ἦν
2011 2899 2157 2951 ἀόρατος
2172 2901 2231 2938 καὶ

1206 2961 1531 3008 ἀκατασκεύαστος,
1556 2961 1611 2998 διὰ
1634 2960 1672 2998 τὸ
1698 2960 1811 3012 σκότῳ
1831 2959 1891 2998 καὶ
1916 2966 1986 3003 τοῖς
2005 2959 2107 2998 ὕδασι
2127 2977 2230 2999 κεκα-

1203 3023 1347 3076 λυφθαι·
1369 3022 1459 3060 οὕτω
1478 3022 1546 3073 γὰρ
1563 3020 1655 3064 ἔδοξε
1680 3024 1728 3073 τῷ
1756 3021 1917 3073 Δεσπότῃ
1934 3020 1969 3064 ἐξ
1989 3024 2102 3073 ἀρχῆς
2122 3022 2230 3068 αὐτὴν

1202 3090 1438 3136 παραγαγεῖν·
1466 3083 1569 3134 φασὶν
1594 3082 1647 3120 ὅτι
1669 3081 1899 3133 προϋπέκειτο
1929 3085 1951 3128 ἡ
1982 3082 2070 3129 ὕλη,
2102 3082 2161 3120 καὶ
2190 3083 2229 3120 τὸ

1203 3147 1322 3189 σκότος
1338 3146 1555 3198 προϋπῆρχε.
1585 3143 1631 3181 Τί
1650 3142 1778 3189 ταύτης
1799 3146 1860 3189 τῆς
1882 3142 1997 3185 ἀνοίας
2024 3148 2139 3194 χεῖρον
2167 3142 2228 3193 γέ-

1202 3211 1284 3248 νοιτ’
1308 3207 1369 3254 ἄν,
1385 3205 1534 3248 Ἀκούεις
1562 3203 1616 3242 ὅτι
1640 3204 1700 3241 Ἰἰν
1724 3206 1816 3255 ἀρχῇ
1838 3203 1998 3249 ἐποίησεν
2024 3207 2042 3241 ὁ
2063 3204 2150 3247 Θεὸς
2170 3205 2227 3243 τὸν

216 3331 227 3343 ¹·
245 3327 278 3354 Τί
293 3323 434 3363 βούλεται
452 3328 540 3356 τοῦτο
565 3328 598 3356 τὲ
623 3329 774 3369 εἰρημένον
808 3328 861 3359 Sic
880 3329 995 3362 Morel.
1014 3337 1047 3362 et
1069 3341 1182 3362 ornnes
1217 3332 1382 3370 ἐπιέλὺζον.

173 3372 237 3403 sere,
255 3373 331 3404 Mss.
351 3373 452 3407 Savil.
473 3380 501 3408 τί
523 3378 666 3417 βούλεται
683 3382 698 3410 ὃ
715 3392 794 3421 φησι.

215 3428 226 3444 ⁴
247 3425 347 3459 savit.
365 3434 394 3458 et
413 3427 488 3459 Mss.
507 3426 640 3468 plurimi
659 3433 705 3462 καὶ
721 3436 759 3463 τ’).
776 3436 873 3465 πάντα
887 3433 1180 3475 &mutuatim-d.

1260 3388 1271 3401 ‘
1294 3380 1430 3414 Coislin.
1449 3380 1533 3413 male
1557 3389 1740 3424 παρήγαγεν.
