2433 3775
81 1566 262 1607 Gen.1.1j.

281 159 342 216 48

279 257 535 306 Imperatorem
554 253 588 291 in
608 253 726 292 medio
744 254 924 292 sedentem
940 285 951 304 ,
977 263 1011 292 et
1031 254 1077 292 ad
1101 263 1230 291 nutum

280 315 378 352 illius
385 315 612 363 attendentes,
621 324 731 353 totam
738 314 1008 353 multitudinem
1015 313 1229 365 despiciunt,

280 384 314 413 et
335 384 417 414 tunc
444 375 560 413 solum
586 375 705 413 animo
724 375 947 413 extolluntur
961 404 970 420 ‚
993 387 1074 411 cum
1093 373 1154 410 ille
1172 386 1230 409 eos

281 436 526 474 coronaverit?
538 435 610 473 Hos
624 436 735 486 igitur
747 444 781 472 et
797 444 835 472 tu
848 434 1020 481 imitatus,
1029 446 1099 470 non
1110 431 1230 483 magni

281 497 450 534 momenti
471 495 575 534 facito
591 496 777 533 hominum
792 495 938 543 famam,
956 506 1068 543 neque
1087 500 1230 544 propter

282 570 359 594 eam
383 556 553 594 virtutem
573 568 749 602 exerceas,
771 553 832 591 sed
850 567 870 591 a
885 554 982 605 justo
1007 552 1135 592 Judice
1153 565 1230 590 sen-

281 617 427 654 tentiam
439 625 618 667 exspecta,
628 613 712 652 etad
729 614 827 652 illius
837 622 966 651 nutum
975 613 1130 651 intentus
1141 622 1226 651 esto.

282 677 341 715 Sic
355 690 495 714 omnem
513 675 626 713 vitam
638 684 737 713 tuam
755 674 935 727 dispensa,
948 683 987 712 ut
997 683 1030 712 et
1045 674 1105 711 hic
1120 673 1233 711 conti-

280 745 401 774 nenter
417 736 510 773 bona
529 750 591 788 spe
619 737 790 787 pascaris,
808 744 842 773 et
863 734 938 772 illic
956 734 1096 772 aeternis
1113 735 1232 772 fruare

278 796 397 847 bonis,
412 810 489 847 quae
498 805 537 834 ut
546 810 609 834 nos
622 810 742 834 omnes
757 809 1000 846 assequamur,
1013 795 1105 832 faxit
1119 795 1230 847 gratia

279 866 313 894 et
328 856 569 894 misericordia
584 855 730 894 Domini
751 856 861 894 nostri
881 857 964 894 Jesu
984 855 1131 903 Christi,
1149 869 1230 892 cum

279 931 349 968 quo
369 917 520 955 Pati-iet
538 916 692 969 Spiritui
718 925 837 954 sancto
861 916 906 954 sit
923 915 1046 967 gloria,
1066 925 1099 953 et
1118 916 1230 967 impe-

279 978 374 1016 rium
404 987 437 1015 et
467 977 603 1025 honor,
632 991 725 1015 nunc
752 987 785 1015 et
807 991 964 1029 semper,
990 986 1023 1014 et
1044 976 1079 1014 in
1103 977 1230 1014 saecula

278 1038 501 1076 saeculorum.
522 1040 644 1076 Amen.

702 172 741 202 S.

603 1435 813 1475 HOMILIA
840 1435 903 1474 vl.

280 1559 325 1597 Et
345 1557 440 1596 dixit
458 1559 578 1595 Deus:
600 1558 705 1595 Fiant
730 1557 920 1595 luminaria
948 1557 983 1594 in
1006 1556 1230 1594 firmamento

331 1620 405 1658 caeli
423 1620 468 1657 ad
487 1619 786 1656 illuminationem
798 1632 905 1670 super
923 1627 1066 1667 terram,
1082 1626 1122 1654 ut
1136 1616 1230 1655 divi-

329 1681 416 1718 dant
426 1681 515 1718 inter
523 1679 618 1717 diem
633 1679 766 1717 etinter
775 1688 927 1728 noctem,
935 1688 968 1716 et
982 1678 1053 1716 sint
1065 1679 1100 1716 111
1116 1678 1229 1730 signa,

329 1741 413 1780 etin
429 1750 601 1792 tempora,
617 1749 650 1778 et
664 1740 700 1777 in
717 1739 807 1791 dies,
823 1749 860 1777 et
874 1739 909 1777 in
930 1753 1050 1777 ann05.

332 1927 346 1961 1
362 1954 369 1961 .
387 1924 482 1965 Volo
503 1923 642 1961 solitam
661 1932 813 1961 tractare
827 1921 1036 1973 doctrinam,
1059 1932 1092 1961 et
1108 1932 1229 1975 torpeo

274 1999 315 2023 ac
345 1984 500 2022 detrecto
517 2000 524 2020 ι
554 1994 707 2022 mentem
735 1985 831 2022 enim
860 1998 976 2022 meam
1006 1984 1168 2022 confudit
1197 1994 1231 2022 et

276 2045 506 2083 conturbavit
531 2045 781 2096 superveniens
809 2045 963 2083 tristitiae
991 2045 1102 2082 nubes
1125 2061 1132 2081 :
1157 2046 1229 2083 imo

276 2121 346 2144 non
367 2106 482 2144 solum
501 2106 673 2155 tristitiae,
692 2106 753 2144 sed
773 2115 805 2144 et
825 2106 905 2155 irae,
934 2106 981 2143 ita
1009 2114 1048 2143 ut
1075 2098 1230 2144 nesciam

276 2169 365 2219 quid
383 2167 586 2205 faciendum
605 2183 612 2203 z
636 2176 788 2204 mentem
805 2166 899 2204 enim
924 2175 1072 2217 occupat
1088 2167 1229 2204 haesita-

276 2229 338 2267 tio.
356 2229 448 2266 Cum
463 2228 557 2266 enim
574 2227 705 2279 cogit0,
718 2241 782 2265 vos
799 2241 938 2265 omnem
958 2226 1057 2263 illam
1074 2236 1231 2264 nostram

276 2290 477 2328 doctrinam
490 2319 499 2337 ,
528 2299 560 2327 et
599 2289 842 2340 quotidianam
876 2288 1152 2326 admonitionem
1185 2288 1230 2326 ad

278 2351 461 2389 modicum
483 2350 617 2387 diaboli
639 2351 763 2387 flatum
782 2349 957 2388 oblivioni
978 2348 1179 2400 tradidisse,
1199 2359 1231 2387 et

277 2412 326 2450 ad
357 2412 551 2450 satanicum
583 2411 687 2448 illum
719 2420 915 2462 equestrem
951 2410 1079 2447 ludum
1111 2424 1232 2448 omnes

278 2474 508 2521 concurrisse,
530 2487 597 2523 qua
617 2472 799 2511 alacritate
814 2481 934 2524 potero
960 2472 1086 2509 iterum
1101 2471 1231 2509 doctri-

278 2550 360 2573 nam
376 2534 526 2581 tradere,
546 2548 626 2571 cum
642 2534 761 2587 priora
776 2543 848 2571 tam
863 2532 932 2570 cito
957 2532 1074 2570 animo
1092 2533 1232 2571 excide-

278 2596 374 2633 rint?
392 2595 468 2633 Hoc
483 2594 576 2632 enim
591 2603 641 2632 est
658 2593 752 2645 quod
768 2593 994 2646 potissimum
1008 2607 1063 2630 me
1081 2602 1230 2643 torquet,

277 2667 312 2695 et
329 2657 377 2694 ad
389 2658 479 2694 iram
494 2664 707 2704 commovet,
724 2654 820 2706 quod.
839 2668 922 2692 cum
936 2663 1052 2692 nostra
1069 2653 1231 2691 admoni-

279 2719 373 2755 tione
393 2716 624 2754 reverentiam
643 2716 760 2763 etiam,
775 2729 882 2766 quain
903 2728 1008 2752 saerae
1024 2713 1232 2765 Quadragc-

278 2779 378 2816 simae
396 2777 531 2815 debetis
544 2807 553 2825 ,
573 2793 617 2815 ex
635 2777 756 2815 animo
776 2786 893 2814 vestro
913 2775 1021 2813 simul
1045 2776 1230 2827 eJeccritis,
1260 2791 1284 2821 Ε

284 2854 418 2889 vosque
436 2839 485 2876 sic
497 2838 633 2876 diaboli
650 2838 784 2876 retibus
799 2836 1034 2875 involveritis.
1045 2836 1236 2884 Quomodo

279 2900 360 2951 quis
379 2899 530 2952 poterit,
551 2899 656 2937 etiam
684 2899 742 2937 cui
770 2912 896 2936 saxeus
924 2897 1077 2947 animus,
1099 2907 1235 2935 tantum

281 2970 498 2999 contemtum
514 2974 580 2997 11011
598 2960 771 3011 gravatim
788 2960 904 2998 serre?
922 2958 1062 2998 Pudore
1080 2952 1232 3008 afficior,

281 3022 472 3071 01011110,οῑ
493 3022 672 3069 crubesco,
687 3035 768 3058 cum
787 3020 893 3058 video
909 3034 970 3058 nos
989 3020 1120 3057 frustra
1137 3019 1235 3056 labo-

281 3098 372 3127 rare,
388 3093 420 3121 ct
434 3083 469 3120 in
484 3092 580 3135 petra
595 3091 783 3119 sementem
792 3082 919 3133 jacere.
934 3083 975 3119 At
992 3080 1078 3118 mihi
1090 3080 1232 3132 quidem

327 3202 339 3215 ‘⁸
358 3193 436 3232 neg,
457 3201 538 3221 unu-5
553 3197 583 3220 ‘⁸1
600 3188 734 3220 (hialin.
756 3195 856 3227 ἐκεῖνος
875 3194 972 3223 αὖτέ-ι.
993 3188 1083 3221 Infra
1100 3189 1176 3220 Mss.
1193 3187 1288 3220 multi

283 3253 316 3276 et
339 3242 440 3276 savit.
464 3249 517 3280 τὴν
539 3247 624 3286 παρὰ
646 3245 698 3273 τοῦ
721 3243 830 3274 δικαίου
853 3247 955 3284 κριτοῦ
980 3248 1083 3286 fiper).
1100 3239 1213 3271 Mutet.
1237 3245 1289 3278 τὴν

285 3302 370 3338 παρὰ
385 3301 436 3328 τοῦ
453 3298 594 3328 ὖετπὸτου
611 3300 715 3337 χῆρον.

326 3349 344 3371 ¹*
361 3346 415 3378 Sic
432 3345 531 3379 Savil.
549 3353 580 3375 01
598 3343 761 3375 Μ(111·1.Α1
784 3344 861 3386 Rvg.
884 3343 1085 3385 uuus,Coll›,
1104 3353 1131 3376 01
1152 3344 1211 3375 (toi
1231 3342 1286 3375 1111.

788 151 973 202 JOANNIS
1009 171 1248 202 cuRYSOST.
1287 171 1493 202 ARCfflEP.
1531 172 1893 203 CONSTANTINOP-

1303 253 1520 300 ἐλαύνοντες,
1541 254 1670 298 παντὸς
1695 260 1754 293 τοῦ
1786 255 1898 305 δήμου
1927 255 2140 305 καθημένου,
2167 254 2227 294 καὶ
2256 270 2323 307 μυ·

1303 311 1380 361 ρίας
1400 312 1573 363 εὐφημίας
1596 314 1827 366 καταχέοντος
1855 317 1919 354 οὐκ
1944 316 2229 369 ἐπιστρέφονται,
2249 314 2325 355 οὐδὲ

1302 370 1428 418 ἡδονὴν
1442 371 1504 417 τὴν
1520 373 1560 409 ἐκ
1576 375 1638 419 τῆς
1651 373 1791 412 ἐκείνων
1810 377 1896 427 εὔφη
1900 375 1983 425 μίας
1997 381 2223 428 καρποῦνται,
2235 376 2325 414 ἀλλὰ

1303 432 1389 484 πρὸς
1402 431 1463 470 ἕνα
1484 431 1586 482 μόνον
1605 437 1712 484 δρῶσι
1731 435 1788 473 τὸν
1808 435 1954 486 βασιλέα
1972 436 2030 474 τὸν
2046 439 2079 475 ἐν
2103 436 2198 488 μέσῳ
2214 436 2326 483 καθή-

1305 507 1426 541 μενον,
1446 492 1506 530 καὶ
1536 496 1586 543 τῷ
1612 493 1759 544 νεύματι
1784 495 1914 534 ἐκείνου
1943 496 2173 549 προσέχοντες
2198 496 2326 540 παντὸς

1304 553 1501 604 ὑπερορῶσι
1530 557 1590 590 τοῦ
1620 553 1788 600 πλήθους,
1819 557 1880 593 καὶ
1902 556 1980 593 τότε
2003 557 2106 606 μόνον
2129 556 2220 607 μέγα
2243 572 2326 609 φρο-

1304 617 1438 661 νοῦσιν,
1459 613 1599 652 ἐπειδὰν
1618 618 1630 634 ²
1642 617 1769 657 ἐκεῖνος
1788 614 1909 659 αὐτοὺς
1929 615 2153 668 στεφανώση,
2174 616 2325 660 Τούτους

1304 673 1345 719 δὴ
1375 673 1434 711 καὶ
1458 673 1499 712 σὺ
1513 674 1752 725 μιμούμενος,
1786 675 1834 726 μὴ
1865 674 1974 714 πολὺν
2005 675 2104 728 λόγον
2132 680 2232 714 ποιοῧ
2263 679 2325 723 τῆς

1302 737 1370 771 τῶν
1389 735 1579 788 ἀνθρώπιον
1599 735 1788 787 εὐφημίας,
1805 736 1895 786 μηδὲ
1915 736 1973 775 διὰ
1990 742 2091 776 τοῦτο
2115 736 2178 784 τὴν
2199 737 2325 789 ἀρετὴν

1332 794 1494 847 ετέρχου,
1512 796 1602 834 ἀλλὰ
1621 796 1685 843 τὴν
1712 797 1809 849 παρὰ
1834 801 1894 835 τοῦ
1919 797 2053 835 δικαίου
2073 801 2191 851 κριτοῦ
2212 800 2324 849 ψῆφον

1304 855 1469 906 ἀνάμενε,
1498 856 1628 909 καὶτῷ
1650 856 1779 895 ἐκείνου
1807 857 1951 908 νεύματι
1984 859 2185 910 προσέχων,
2217 857 2326 901 οὕτως

1303 931 1364 953 σου
1386 917 1441 955 τὸν
1464 916 1538 968 βίον
1561 918 1699 956 ἅπαντα
1719 918 1905 968 οἷκονόμει,
1926 918 1983 956 ἵνα
1997 922 2056 956 καὶ
2074 920 2220 956 ἐνταῦθα
2245 919 2325 964 διη-

1302 980 1409 1020 νεκῶς
1428 972 1469 1029 ἧς
1488 985 1563 1021 ταῖς
1580 985 1751 1030 χρησταῖς
1765 979 1882 1017 ἐλπίσι
1895 978 2118 1031 τρεφόμενος,
2137 981 2238 1017 κάκεῖ
2257 981 2325 1016 τῶν

1304 1037 1453 1075 αἰωνίων
1468 1039 1671 1090 ἀπολαύσῃς
1690 1042 1843 1090 ἀγαθῶν,
1863 1033 1910 1077 ὧν
1930 1039 2064 1090 γένοιτο
2077 1039 2212 1082 πάντας
2230 1041 2325 1089 ἡμᾶς

1304 1099 1492 1149 ἐπιτυχεῖν,
1517 1099 1637 1150 χάριτι
1662 1099 1721 1137 καὶ
1741 1100 1983 1153 φιλανθρωπίᾳ
1995 1105 2055 1138 τοῦ
2075 1100 2203 1154 Κυρίου
2224 1101 2325 1150 ἡμῶν

1303 1156 1418 1204 Ἰησοῦ
1448 1160 1619 1210 Χριστοῦ,
1643 1162 1717 1209 μεθ’
1742 1154 1779 1198 οὗ
1807 1163 1858 1212 τῷ
1890 1161 2025 1212 Πατρὶ,
2051 1161 2126 1212 ἅμα
2156 1163 2206 1213 τῷ
2238 1160 2326 1213 ἁγίῳ

1305 1219 1506 1270 Πνεύματι,
1527 1220 1624 1268 δόξα,
1653 1221 1792 1273 κράτος,
1818 1221 1919 1272 τιμὴ,
1947 1227 2004 1260 ν’ὔν
2023 1222 2083 1260 καὶ
2105 1222 2179 1269 ἀεὶ,
2199 1222 2257 1260 καὶ
2280 1225 2327 1264 εἷς

1303 1279 1380 1323 τοὺς
1397 1283 1523 1324 αἰῶνας
1538 1282 1606 1318 τῶν
1626 1281 1774 1319 αἰώνων.
1800 1281 1920 1331 Ἀμήν.

1692 1430 1869 1467 ΟΜΙΛΙΑ
1900 1428 1943 1473 ς’.

1302 1551 1372 1589 Καὶ
1407 1545 1501 1589 εἶπεν
1530 1555 1547 1590 ὃ
1579 1550 1668 1595 Θεός
1680 1566 1687 1574 ·
1719 1551 1965 1602 γενηθήτωσαν
2002 1554 2181 1605 φωστῆρες
2210 1555 2244 1591 ἐν
2277 1555 2327 1604 τῷ

1356 1612 1575 1664 στερεώμοιτι
1588 1615 1647 1649 τοῦ
1665 1613 1808 1664 οὐρανοῦ
1828 1614 1876 1655 εἷς
1887 1617 2010 1664 φαῧσιν
2024 1612 2081 1650 ἐπὶ
2095 1615 2157 1659 τῆς
2172 1615 2247 1664 γῆς,
2267 1616 2326 1650 τοῦ

1356 1673 1574 1725 διαχωρίζειν
1602 1673 1776 1722 ἀναμέσον
1809 1676 1871 1719 τῆς
1903 1672 2037 1726 ἡμέρας
2066 1674 2125 1711 καὶ
2153 1673 2326 1723 ἀναμέσον

1355 1739 1417 1782 τῆς
1437 1734 1574 1782 νυκτὸς,
1594 1734 1652 1772 καὶ
1679 1735 1835 1773 ἔστωσαν
1856 1737 1902 1778 εἷς
1921 1741 2069 1785 σημεῖα,
2089 1735 2147 1774 καὶ
2173 1738 2219 1779 εἷς
2243 1751 2325 1773 και-

1358 1795 1432 1849 ροὺς
1452 1796 1511 1834 καὶ
1530 1798 1576 1838 εἷς
1595 1794 1742 1846 ἡμέρας,
1755 1795 1815 1833 καὶ
1835 1796 1882 1839 εἷς
1901 1795 2085 1839 ἐνιαυτούς.

1355 1921 1535 1971 Βούλομαι
1558 1923 1620 1966 τ’ἧς
1640 1919 1803 1966 συνήθους
1823 1920 1977 1972 ἅψασθαι
2003 1921 2246 1970 διδασκαλίας,
2267 1921 2326 1959 καὶ

1302 1984 1404 2028 ὃκνῶ,
1439 1981 1498 2019 καὶ
1523 1979 1736 2029 ἀναδύομαι·
1765 1979 1865 2032 νέφος
1891 1981 1959 2033 γὰρ
1992 1981 2147 2033 ἀθυμίας
2181 1982 2325 2020 ἐπελθὸν

1302 2043 1443 2095 συνέχεε
1458 2042 1518 2079 καὶ
1534 2039 1743 2090 συνετάραξέ
1769 2057 1833 2090 μου
1856 2041 1913 2078 τὸν
1933 2041 2099 2091 λογισμόν
2112 2057 2119 2065 ·
2141 2043 2275 2092 μᾶλλον
2290 2041 2326 2080 δὲ

1302 2106 1365 2141 οὐκ
1381 2102 1527 2152 ἀθυμίας
1547 2101 1650 2151 μόνον
1662 2131 1671 2147 ,
1686 2100 1776 2138 ἀλλὰ
1795 2101 1852 2137 καὶ
1871 2104 1979 2151 θυμοῦ
1991 2130 2001 2147 ,
2017 2102 2076 2138 καὶ
2093 2104 2156 2140 οὐκ
2175 2096 2238 2140 οἶδ’
2254 2103 2275 2142 ὅ
2293 2119 2327 2141 τι

1302 2163 1318 2184 ¹³
1332 2163 1452 2216 πράξω
1463 2178 1471 2186 ·
1491 2161 1619 2215 ἀπορία
1634 2160 1701 2212 γὰρ
1717 2161 1859 2212 κατέχει
1874 2161 1936 2208 τὴν
1952 2161 2116 2200 διάνοιαν.
2133 2162 2245 2200 ζὈταν
2260 2163 2327 2215 γὰρ

1303 2224 1467 2270 ἐννοήσω,
1490 2223 1543 2260 ὅτι
1565 2222 1688 2275 μικρὸν
1707 2220 1915 2264 πνεύσαντος
1934 2225 1992 2259 τοῦ
2014 2222 2195 2270 διαὸόλου,
2210 2230 2327 2262 πᾶσαν

1302 2288 1403 2335 ἡμῶν
1423 2283 1557 2330 ἐκείνην
1575 2283 1637 2329 τὴν
1659 2285 1786 2333 συνεχῆ
1808 2282 2050 2330 διδασκαλίαν,
2066 2283 2124 2320 καὶ
2139 2283 2201 2330 τὴν
2221 2287 2329 2331 καθη-

1305 2345 1447 2397 μερινὴν
1466 2343 1669 2396 παραίνεσιν
1686 2343 1775 2393 λήθῃ
1797 2342 2021 2394 παραδόντες,
2039 2345 2085 2386 εἷς
2104 2343 2167 2390 τὴν
2188 2360 2329 2382 σατανι-

1303 2407 1368 2454 κῆν
1388 2406 1533 2457 πομπὴν
1548 2405 1680 2451 ἐκείνην
1700 2404 1851 2447 ἅπαντες
1868 2404 2124 2456 δεδραμῆκατε,
2139 2404 2202 2452 τὴν
2224 2407 2328 2445 ἱππο-

1305 2467 1449 2521 δρομίαν
1489 2466 1762 2512 καταλαὸόντες,
1797 2464 1882 2518 ποία
1917 2465 2094 2519 προθυμίᾳ
2134 2467 2327 2518 δυνήσομαι

1304 2530 1408 2567 πάλιν
1434 2527 1498 2575 τὴν
1518 2528 1602 2579 πρὸς
1627 2531 1716 2578 ὑμᾶς
1743 2526 1957 2572 ποιήσασθαι
1983 2528 2228 2576 διδασκαλίαν,
2257 2530 2327 2566 τῶν

1304 2590 1480 2643 προτέρων
1497 2589 1602 2631 οὕτως
1619 2588 1740 2641 ἀθρόον
1761 2588 2011 2641 διαρρυέντων,
2027 2589 2080 2626 Τὸ
2092 2588 2160 2642 γὰρ
2174 2590 2327 2639 μάλιστα

1305 2652 1473 2690 ἐπιτεῖνον
1497 2667 1554 2702 μοι
1575 2650 1638 2697 τὴν
1659 2649 1829 2701 ἀθυμίαν,
1849 2649 1907 2687 καὶ
1935 2649 2159 2702 σφοδρότερόν
2182 2666 2241 2701 μοι
2268 2650 2327 2688 τὸν

1307 2713 1412 2764 θυμὸν
1433 2712 1659 2765 ἐργαζόμενον
1678 2710 1778 2749 τοῦτο’
1798 2713 1909 2758 ἐστιν,
1928 2711 1981 2748 ὅτι
2005 2709 2093 2761 μετὰ
2115 2714 2178 2757 τῆς
2196 2727 2326 2764 παραι-

1308 2774 1432 2816 νέσεως
1449 2778 1509 2820 τῆς
1527 2772 1712 2824 ἡμετέρας,
1730 2772 1789 2810 καὶ
1809 2771 1870 2819 τὴν
1892 2772 1978 2809 αἰδῶ
2002 2774 2064 2816 τ’ῆς
2082 2772 2182 2822 ἁγίας
2198 2787 2327 2811 τεσσα-

1311 2837 1480 2887 ρακοστῆς
1497 2833 1674 2878 ἐξεὲάλετε
1694 2836 1755 2879 τῆς
1777 2835 1908 2870 ἑαυτῶν
1926 2834 2053 2884 ψυχῆς,
2074 2832 2133 2870 καὶ
2151 2833 2242 2871 οὕτω
2258 2839 2329 2875 τοῖς

1308 2900 1366 2934 τοῦ
1385 2895 1544 2934 διαίόλου
1562 2894 1709 2937 δικτύοις
1726 2892 1866 2935 ἑαυτοὺς
1883 2892 2110 2931 ἐκδεδώκατε.
2124 2894 2208 2936 Πῶς
2222 2892 2262 2932 ἄν
2278 2909 2329 2936 τις

1309 2957 1481 3004 δυνηθείη,
1512 2956 1574 2994 κᾶν
1603 2955 1756 3001 ςλιθίνην
1786 2954 1850 3005 ἔχῃ
1873 2953 2008 3005 ψυχὴν,
2029 2954 2149 3006 πράως
2179 2956 2328 3005 ἐνεγκεῖν

1308 3019 1370 3065 τὴν
1389 3017 1558 3063 τοσαύτην
1579 3018 1676 3066 ὑμῶν
1695 3014 1898 3066 ὀλιγωρίαν,
1919 3015 2141 3066 Αἰσχύνομαι
2154 3042 2163 3059 ,
2189 3014 2327 3053 πιστεύ-

1309 3095 1403 3127 σατε,
1419 3078 1476 3117 καὶ
1495 3079 1652 3130 ἐρυθριῶ,
1668 3076 1749 3114 ὅταν
1770 3076 1831 3112 ἴδω
1848 3075 1960 3125 μάτην
1977 3078 2071 3125 ἡμᾶς
2088 3074 2328 3124 πονουμένους,

1322 3192 1425 3232 πράξω
1443 3191 1546 3226 τοίνυν,
1566 3190 1676 3228 ἀπορία
1693 3189 1821 3226 κατέχει.

1368 3250 1379 3263 ι’
1399 3239 1460 3270 Sex
1487 3239 1561 3269 Mes.
1591 3244 1623 3268 ct
1650 3234 1751 3269 Savil.
1780 3239 1964 3273 αὖτο)101’νην
1994 3239 2055 3277 ι”χοι
2085 3233 2330 3277 ψυχήυ.[Ρ8111ο

1324 3299 1399 3323 ante
1417 3289 1516 3322 511111,
1535 3299 1595 3326 πῶς
1612 3289 1660 3322 οὖν
1676 3294 1710 3321 οἷν
1729 3288 1771 3328 τ-]
