2516 3791
305 140 398 200 846

302 239 362 278 die
386 239 573 277 saeculares
599 252 701 277 curas
725 237 935 290 posthabere
961 234 1133 273 sustin¹ent
1148 249 1155 269 :
1171 242 1205 270 et
1222 232 1252 270 si
1277 237 1301 266 C

302 298 383 350 quis
409 298 448 336 id
473 298 631 351 objiciat,
657 297 753 334 illico
772 301 1016 347 paupertatem
1035 299 1253 343 praetexunt,

303 373 344 398 ac
363 358 480 399 victus
504 357 654 412 parandi
670 356 925 400 necessitatem,
942 361 1177 404 urgentesque
1195 365 1257 389 oc-

304 420 528 473 cupationes,
559 417 799 456 defensionem
825 414 1020 452 adserentes
1047 412 1174 464 quavis
1200 426 1260 450 ac-

305 480 484 519 cusatione
511 479 722 531 graviorem.
746 475 846 522 Quid
865 474 959 512 enim
989 473 1058 512 hoc
1084 473 1161 526 ipso
1187 474 1258 512 cri-

303 542 399 580 mine
414 542 516 594 pejus
531 554 605 578 esse
619 546 746 591 potest,
765 551 847 575 cum
867 534 1006 586 aliquid
1025 534 1124 572 aliud
1150 548 1258 586 quam

303 603 425 642 divina
444 601 586 653 negotia
605 599 718 651 magis
743 611 874 650 urgens
895 596 996 634 nobis
1015 595 1169 645 videtur,
1184 610 1257 633 ma-

301 665 425 715 gisque
451 660 713 700 necessarium?
735 659 827 697 Sane
855 657 994 696 etiamsi
1023 657 1179 695 maxime
1197 670 1257 696 ve-

301 739 382 762 rum
408 724 476 761 hoc
495 731 583 760 esset
592 751 602 771 ,
622 721 697 758 haec
721 719 797 772 ipsa
823 718 981 757 defensio
1010 727 1098 756 esset
1117 731 1257 755 accusa-

301 785 363 834 tio,
380 793 420 822 ut
435 783 513 822 dixi
531 799 538 819 :
556 791 595 820 ut
610 791 728 820 autem
747 781 867 820 sciatis
891 780 995 818 istam
1017 779 1256 818 causationem

301 860 373 884 esse
415 859 455 882 ac
492 852 707 897 praetextum
746 842 793 880 ad
826 840 1010 893 segnitiem
1045 839 1256 893 tegendam,

299 907 357 944 vel
374 921 430 944 me
457 914 593 944 tacente
620 903 746 942 tertius
774 902 905 940 abhinc
929 900 1005 938 dies
1028 914 1149 938 omnes
1173 900 1257 938 talia
1282 911 1306 939 D

299 966 527 1005 obtendentes
561 965 764 1016 redarguet,
808 977 889 1001 cum
932 961 1059 1000 civitas
1091 961 1257 1000 universa

298 1027 507 1080 migraverit
523 1026 570 1065 ad
591 1026 758 1075 Circum,
777 1033 812 1062 et
827 1023 955 1061 domus
974 1036 1014 1059 ac
1037 1023 1112 1061 fora
1133 1022 1258 1060 nefarii

298 1089 395 1129 illius
413 1087 606 1142 spectaculi
633 1087 745 1138 gratia
764 1093 933 1123 evacuata
959 1084 1102 1122 fuerint.
1126 1084 1170 1121 Et
1199 1083 1259 1122 hic

299 1165 342 1188 ne
360 1151 538 1202 praecipua
567 1148 714 1200 quidem
733 1147 887 1186 ecelesiae
909 1145 986 1184 loca
1007 1144 1179 1198 compleri
1199 1144 1255 1183 vi-

298 1211 446 1249 demus:
463 1219 498 1248 at
516 1210 592 1248 illic
608 1224 678 1247 non
698 1207 805 1246 modo
832 1207 978 1256 Circus,
1002 1206 1067 1245 sed
1087 1215 1120 1244 et
1140 1219 1255 1243 coena-

299 1273 379 1310 cula
398 1282 431 1310 et
457 1272 582 1310 domus
609 1280 643 1308 et
662 1279 771 1319 tecta,
799 1277 832 1307 et
851 1268 1003 1319 abrupta
1031 1267 1109 1306 loca
1140 1267 1255 1321 plera-

298 1348 367 1386 que
385 1341 603 1386 occupantur
621 1347 628 1368 :
644 1341 679 1370 at
702 1345 814 1382 neque
840 1336 1046 1383 paupertas,
1065 1342 1179 1379 neque
1197 1342 1255 1366 oc·

298 1395 457 1448 cupatio,
488 1408 602 1446 neque
627 1392 793 1431 debilitas
819 1390 994 1443 corporis,
1020 1403 1088 1427 non
1119 1389 1254 1442 pedum

297 1456 503 1504 infirmitas,
524 1470 593 1493 non
612 1453 714 1492 aliud
738 1452 937 1504 quidquam
961 1450 1032 1489 tale
1059 1459 1255 1489 remoratur

295 1517 486 1563 insaniam,
510 1516 608 1553 nulla
637 1514 831 1552 retinacula
859 1527 929 1550 non
958 1512 1250 1563 abrumpentem:

296 1577 355 1615 sed
372 1577 532 1615 homines
550 1576 648 1614 senio
670 1574 817 1614 confecti
828 1603 839 1623 ,
856 1573 1050 1625 juvenibus
1067 1586 1108 1610 ac
1129 1571 1254 1623 vigen-

295 1639 390 1677 tibus
417 1638 561 1677 avidius
586 1637 672 1675 illuc
700 1643 934 1684 concurrunt,
959 1633 1126 1672 canitiem
1151 1647 1254 1671 suam
1279 1649 1301 1678 E

296 1700 556 1738 dedecorantes:
574 1707 713 1736 aetatem
731 1705 936 1750 provectam
959 1693 1199 1744 traducentes,
1219 1703 1254 1732 et

295 1770 509 1799 senectutem
528 1760 725 1813 praebentes
751 1755 994 1796 deridendam.
1016 1754 1063 1793 Et
1080 1754 1153 1792 huc
1171 1754 1269 1805 qui-'

294 1822 375 1860 dem
394 1822 590 1870 venientes,
611 1834 693 1858 cum
712 1817 855 1857 fastidio
878 1831 919 1855 ac
937 1815 1099 1854 molestia
1118 1830 1249 1853 sermo-

294 1897 354 1921 nes
373 1883 515 1922 divinos
536 1881 702 1929 audiunt,
729 1879 926 1931 angustias,
962 1887 1109 1927 aestum,
1128 1886 1161 1915 et
1178 1878 1250 1915 suf-

294 1943 505 1982 focationem
524 1941 725 1992 similiaque
743 1948 925 1978 causantes
941 1954 947 1975 :
965 1947 1000 1976 at
1019 1938 1095 1977 illic
1114 1937 1202 1977 dum
1219 1947 1251 1977 et

294 2004 401 2042 solem
427 2003 522 2042 nudo
549 2002 662 2056 capite
693 2001 893 2054 excipiunt,
920 2009 953 2038 et
979 1999 1249 2053 proculcantur,

294 2065 570 2118 protruduntur,
597 2078 725 2117 magna
751 2063 787 2104 vi
817 2062 1117 2115 comprimuntur,
1140 2069 1174 2099 et
1198 2061 1251 2101 in-

295 2126 396 2164 finita
439 2127 508 2163 alia
547 2125 734 2178 patiuntur
773 2122 1011 2171 incommoda,
1051 2136 1120 2161 non
1151 2137 1250 2162 secus

296 2201 404 2238 quam
428 2187 465 2225 in
494 2201 631 2224 amoeno
660 2195 762 2239 prato
786 2184 945 2224 deliciari
971 2184 1040 2222 sibi
1068 2183 1246 2222 videntur.

1264 2229 1311 2253 731

706 156 744 186 S.
781 154 963 186 JOANNIS
998 151 1245 183 CHRYSOST.
1285 152 1495 181 ARCfflEP.
1534 151 1894 182 CONSTANTINOP.

1326 234 1413 271 δων·
1434 232 1497 270 κᾶν
1526 234 1657 285 ἐγκαλῇ
1677 249 1749 279 τις,
1771 233 1893 276 εὐθέως
1919 233 2040 271 πενίαν
2068 231 2325 285 προὸάλλονται
2339 262 2348 280 ,

1326 294 1385 332 καὶ
1409 293 1471 341 τὴν
1491 293 1680 345 ἀναγκαίαν
1701 293 1844 346 τροφὴν,
1859 294 1919 332 καὶ
1938 293 2108 345 ἀσχολίας
2125 293 2350 345 κατεπειγού-

1326 368 1410 401 σας,
1453 352 1648 404 ἀπολογίαν
1685 353 1896 404 κατηγορίας
1929 352 2067 398 ἁπάσης
2099 351 2349 404 χαλεπωτέραν

1329 414 1594 465 μελετήσαντες.
1614 413 1661 452 Τί
1681 413 1748 465 γὰρ
1771 413 1810 450 ἂν
1829 414 1957 459 ταύτης
1981 416 2043 459 τῆς
2062 411 2273 464 κατηγορίας
2291 411 2350 462 γε’-

1327 479 1409 514 νοιτ’
1428 476 1467 514 ἂν
1483 481 1614 529 χεῖρον,
1632 477 1707 513 ἀλλ’
1726 474 1748 520 ἢ
1766 474 1848 512 ὅταν
1870 477 1936 512 τῶν
1951 477 2010 512 τοῦ
2025 476 2117 513 Θεοῦ
2132 472 2350 524 πραγμάτων

1327 536 1442 590 ἕτερον
1466 535 1734 588 ἀναγκαιότερον
1766 538 1846 585 ὑμῖν
1863 551 1899 573 τι
1918 534 2083 587 φαίνηται
2107 534 2167 572 καὶ
2189 539 2351 571 κατεπεῖ-

1327 614 1385 649 γον
1400 600 1550 650 μᾶλλον;
1570 597 1736 635 Μάλιστα
1756 595 1817 646 μὲν
1833 589 1890 634 οῧν
1912 597 1940 633 εἷ
1959 595 2018 633 καὶ
2037 600 2137 633 τοῦτο
2156 589 2198 641 ἦν
2216 594 2351 641 ἀληθὲς,

1327 659 1556 712 κατηγορίαὴ
1579 657 1749 708 ἀπολογία
1777 651 1832 703 ἦν,
1857 656 1976 708 ὥσπερ
2002 656 2099 708 ἔφην.
2115 654 2193 693 Ἵνα
2221 654 2256 693 δὲ
2288 655 2353 706 μά-

1327 725 1407 767 Ome
1423 751 1432 768 ,
1449 719 1500 758 ὅτι
1517 720 1576 758 καὶ
1590 723 1701 757 ταῦτα
1714 719 1840 769 σκῆψις
1855 717 1914 756 καὶ
1928 717 2100 769 πρόφασις
2113 715 2173 754 καὶ
2185 713 2353 767 ῥᾳθυμίας

1326 780 1400 819 ἐστὶ
1417 780 1749 832 παραπετάσματα,
1773 777 1869 816 οὐδὲν
1897 779 1982 829 ἐμοῦ
2006 777 2186 828 λέγοντος,
2213 779 2235 822 ἦ
2264 774 2353 825 μετὰ

1326 841 1389 889 τὴν
1420 841 1537 894 αὔριον
1570 840 1691 884 αὐτοὺς
1726 839 1855 890 ἐλέγξει
1885 839 2019 882 πάντας
2049 837 2166 889 ἡμέρα
2195 835 2272 879 τοὺς
2309 835 2352 873 τὰ

1326 906 1468 941 τοιαῦτα
1489 900 1832 955 προφασιζομένους,
1860 899 1944 937 ὅταν
1966 906 2064 937 πᾶσα
2089 902 2110 945 ἡ
2140 897 2241 941 πόλις
2266 897 2353 950 πρὸς

1326 965 1383 1002 τὸν
1403 963 1620 1016 ἱππόδρομον
1642 964 1820 1013 μεταστῇ,
1840 960 1900 998 καὶ
1927 959 2034 999 οἰκίαι
2047 987 2057 1005 ,
2075 958 2136 997 καὶ
2155 957 2278 1012 ἀγοραὶ
2304 959 2352 1000 εἷς

1325 1025 1389 1071 τὴν
1423 1024 1624 1075 παράνομον
1657 1022 1803 1074 Θεωρίαν
1844 1024 2039 1060 κενωθῶσιν
2076 1019 2226 1066 ἐκείνην.
2280 1017 2352 1056 Καὶ

1326 1088 1473 1123 ἐνταῦθα
1502 1083 1562 1135 μὲν
1587 1083 1662 1123 οὐδὲ
1689 1083 1771 1121 ῃτὸν
1802 1082 1918 1134 κύριον
1944 1085 2005 1129 τῆς
2036 1080 2224 1127 ἐκκλησίας
2243 1078 2352 1117 τόπον

1326 1145 1565 1198 πληρούμενόν
1589 1147 1681 1183 ἐστιν
1706 1145 1790 1182 ἷδεῖν
1807 1159 1814 1167 ·
1842 1146 1912 1182 ἐκεῖ
1936 1142 1971 1181 δὲ
1998 1145 2034 1180 οὔ
2054 1142 2112 1180 τὸν
2133 1140 2351 1193 ἱππόδρομον

1326 1207 1442 1258 μόνον,
1473 1207 1563 1246 ἀλλὰ
1588 1206 1648 1244 καὶ
1673 1208 1833 1259 ὑπερῷα,
1865 1204 1926 1243 καὶ
1947 1203 2078 1251 οἰκίας,
2104 1202 2165 1240 καὶ
2184 1200 2349 1252 δώματα,

1324 1266 1590 1321 καὶκρημνοὺς,
1609 1267 1668 1305 καὶ
1692 1266 1832 1319 μυρίους
1854 1265 1988 1318 ἑτέρους
2013 1264 2141 1302 ἄνωθεν
2164 1264 2351 1313 καταλαμ·

1326 1329 1471 1368 grivone:
1493 1328 1633 1372 τόπους·
1664 1328 1723 1366 καὶ
1744 1327 1822 1366 οὔτε
1842 1326 1967 1373 πενία,
1995 1325 2073 1364 οὔτε
2091 1323 2255 1377 ἀσχολία,
2272 1324 2351 1363 οὔτε

1325 1390 1484 1429 ἀσθένεια
1515 1389 1691 1440 σώματος,
1720 1391 1757 1428 οὐ
1786 1389 1901 1426 ποδῶν
1934 1386 2133 1440 ἀρρωστία,
2169 1387 2231 1423 οὐκ
2264 1385 2351 1424 ἄλλο

1325 1450 1419 1489 οὐδὲν
1440 1454 1509 1489 τῶν
1544 1450 1704 1489 τοιούτων
1737 1450 1855 1502 ἐπέχει
1879 1448 1943 1495 τὴν
1985 1448 2174 1487 ἀκάθεκτον
2211 1445 2349 1498 μανίαν·

1327 1515 1403 1552 ἀλλ’
1430 1514 1606 1564 ἄνθρωποι
1631 1511 1864 1564 γεγηρακότες
1895 1511 1978 1548 νέων
2013 1509 2240 1560 ἀκμαζόντων
2265 1524 2351 1560 σφο-

1326 1575 1484 1627 δρότερον
1507 1577 1576 1612 ἐκεῖ
1595 1574 1778 1626 τρέχουσι,
1801 1573 1863 1619 τὴν
1887 1571 2013 1611 πολιὰν
2033 1570 2322 1624 καταισΛύἰοντες
2339 1600 2348 1618 ,

1324 1635 1388 1682 τὴν
1430 1635 1569 1682 ἡλικίαν
1601 1633 1977 1686 παραδειγματίζοντες
1993 1663 2003 1681 ,
2039 1633 2079 1671 τὸ
2118 1635 2228 1685 γ’ῆρας
2266 1631 2351 1670 αὐτὸ

1326 1696 1585 1748 καταγέλαστον
1606 1699 1794 1739 ποιοῦντες,
1818 1694 1889 1732 Καὶ
1911 1695 2057 1731 ἐνταῦθα
2079 1692 2141 1744 μὲν
2162 1691 2325 1737 εἰσιόντες
2339 1722 2351 1740 ,

1324 1760 1531 1800 ναυτιῶντες
1554 1756 1673 1808 ὥσπερ
1706 1755 1766 1794 καὶ
1802 1757 2018 1808 ἐνοχλεῖσθαι
2058 1753 2259 1806 νομίζουσι,
2291 1754 2350 1792 καὶ

1326 1817 1617 1858 ἀναπεπτώκασιν
1638 1821 1671 1857 ἐν
1700 1821 1742 1870 τῇ
1775 1815 1873 1856 ι’τῶν
1894 1816 1993 1854 θείων
2020 1815 2134 1867 λόγων
2161 1815 2350 1869 ἀκροάσει,

1325 1878 1570 1932 στενοχωρίαν,
1594 1879 1652 1917 καὶ
1679 1879 1841 1930 πνιγμὸν,
1870 1877 1929 1916 καὶ
1958 1877 2002 1916 τὰ
2024 1881 2167 1915 τοιαῦτα
2196 1876 2351 1929 προὸαλ-

1323 1941 1483 1992 λόμενοι·
1505 1944 1575 1980 ἐκεῖ
1605 1940 1640 1978 δὲ
1661 1940 1720 1980 καὶ
1740 1939 1838 1988 ἥλιον
1865 1942 1978 1991 γυμνῇ
2012 1938 2192 1991 δεχόμενοι
2217 1941 2260 1990 τῇ
2287 1953 2349 1977 κε-

1326 2004 1438 2055 φαλῇ,
1471 2003 1530 2041 καὶ
1559 2002 1796 2053 πατούμενοι,
1830 2001 1888 2040 καὶ
1922 1999 2135 2051 ὠθούμενοι,
2173 1999 2232 2038 καὶ
2262 1999 2351 2050 μετὰ

1325 2065 1457 2110 πολλῆς
1473 2063 1671 2115 πιεζόμενοι
1691 2067 1752 2111 τῆς
1768 2062 2000 2116 σφοδρότητος
2012 2092 2022 2109 ,
2040 2061 2100 2100 καὶ
2124 2060 2230 2114 μυρία
2249 2060 2351 2113 ἕτερα

1325 2127 1521 2178 πάσχοντες
1554 2125 1666 2172 δεινὰ,
1702 2125 1862 2178 καθάπερ
1892 2126 1927 2162 ἐν
1957 2125 2103 2174 λειμῶνι
2136 2125 2350 2177 τρυφῶντες,

1326 2187 1414 2226 οὕτω
1434 2187 1637 2226 διάκεινται.
1670 2186 1737 2224 Διὰ
1755 2189 1856 2224 τοῦτο
1881 2189 1966 2236 ἡμῖν
1987 2187 2021 2222 αἱ
2049 2183 2166 2227 πόλεις
2190 2183 2256 2221 εἰσὶ
2283 2184 2348 2221 διε-

296 2248 380 2286 Ideo
395 2247 497 2286 nobis
516 2247 676 2286 civitates
692 2255 867 2298 corruptae
881 2255 975 2295 sunt,
992 2245 1077 2296 quia
1094 2244 1252 2296 improbi
1278 2267 1303 2295 A
1326 2247 1521 2299 φοαρμέναι
1536 2277 1545 2294 ,
1565 2247 1617 2285 ὅτι
1631 2245 1776 2298 πονηροὶ
1797 2249 1859 2292 τῆς
1875 2244 2034 2291 νεότητός
2050 2247 2116 2282 εἰσι
2135 2243 2350 2282 διδάσκαλοι.

291 2309 490 2360 juventutis
523 2307 696 2347 doctores.
732 2307 813 2354 Quo
850 2306 944 2344 enim
976 2314 1080 2358 pacto
1119 2306 1250 2357 poteris

295 2369 568 2418 adolescentem,
588 2369 717 2412 lascive
737 2383 778 2407 ae
797 2376 925 2421 praeter
945 2366 1114 2405 decorum
1135 2380 1171 2404 se
1190 2380 1250 2418 ge-

294 2440 440 2480 rentem,
456 2430 502 2468 ad
516 2429 727 2467 modestiam
737 2429 910 2480 redigere,
925 2442 1006 2466 eum
1022 2427 1142 2480 ipsein
1156 2427 1250 2465 cani-

295 2492 340 2529 tie
359 2501 431 2529 tam
446 2491 656 2544 juveniliter
683 2499 716 2528 te
735 2503 835 2542 geras
849 2505 861 2540 3
878 2503 960 2531 cum
990 2488 1065 2541 ipse
1089 2497 1168 2541 post
1199 2497 1250 2527 tot

294 2562 495 2605 temporum
514 2551 690 2590 curricula
713 2551 872 2589 satietate
891 2548 1132 2588 insuavissimi
1152 2549 1249 2588 illius

293 2614 486 2666 spectaculi
517 2613 676 2651 nondum
707 2612 890 2665 capiaris?
912 2610 1089 2663 quomodo
1118 2610 1250 2665 poteris

293 2675 361 2713 filii
389 2690 503 2714 mores
532 2688 758 2726 componere,
789 2672 968 2724 quomodo
998 2686 1143 2711 servum
1170 2686 1251 2725 pee-

295 2745 432 2773 cantem
461 2735 649 2787 castigare,
678 2734 856 2785 quomodo
886 2733 1037 2771 alterum
1070 2731 1251 2785 negligen-

295 2806 364 2834 tem
386 2811 548 2846 monere,
569 2811 649 2834 cum
679 2796 752 2848 ipse
772 2795 821 2834 sic
844 2795 879 2832 in
899 2803 1057 2833 extrema
1077 2803 1252 2832 senectute

295 2857 473 2909 ineptias?
502 2858 546 2894 lit
572 2857 601 2894 si
631 2856 776 2907 quidem
795 2871 814 2893 a
838 2857 969 2908 juvene
997 2869 1103 2893 senex
1130 2864 1251 2894 contu-

295 2917 437 2956 meliam
468 2917 643 2971 patiatur,
682 2917 778 2955 illico
814 2926 951 2954 :etatem
981 2916 1013 2954 ei
1046 2916 1186 2968 objicit,
1220 2926 1252 2955 et
1280 2925 1300 2953 12

295 2988 478 3017 sexcentos
518 2978 647 3030 reperit
686 2978 748 3029 qui
792 2993 860 3015 una
895 2976 1159 3015 stomachentur
1186 2987 1253 3016 :at

295 3040 439 3089 quando
467 3054 556 3092 opus
581 3040 814 3091 cstjiivenein
834 3038 879 3076 ad
908 3038 1121 3091 probitatem
1147 3038 1252 3076 redu-

297 3116 389 3150 cere,
413 3115 516 3152 seque
545 3099 598 3137 illi
628 3099 769 3137 virtutis
797 3113 859 3137 ceu
879 3099 1038 3151 regulam
1062 3098 1252 3148 exhibere,

297 3171 370 3199 tum
403 3161 499 3199 nulla
532 3160 642 3198 aetatis
672 3159 780 3208 ratio,
802 3158 861 3197 sod
889 3159 1020 3211 majore
1046 3173 1154 3210 quam
1184 3159 1252 3211 ipsi

339 3298 350 3308 ··
366 3295 388 3315 Η
404 3289 496 3330 κύριος
510 3287 723 3322 255211).r,05:‘a;
735 3291 821 3321 τόπος
834 3283 964 3316 videtur
980 3283 1161 3327 siguificare
1176 3291 1304 3326 purtem

296 3336 523 3371 sacerdotibus
541 3337 739 3376 proximam.

1325 2310 1409 2352 Πῶς
1424 2307 1491 2359 γὰρ
1506 2307 1636 2360 δυνήσῃ
1656 2308 1713 2346 τὸν
1737 2307 1810 2345 νέον
1834 2306 1987 2357 ἄκοσμον
2009 2305 2091 2343 ὄντα
2110 2304 2169 2342 καὶ
2189 2303 2351 2357 ἀσελγαί-

1324 2385 1427 2407 νοντα
1445 2367 1679 2421 σωφρονίσαι,
1707 2366 1810 2410 αὒτὸς
1829 2368 1862 2404 ἐν
1881 2367 1988 2418 πολιᾷ
2017 2368 2161 2403 τοιαῦτα
2186 2365 2351 2417 μετεωρί-

1325 2431 1403 2477 ζων,
1431 2429 1531 2473 αὐτὸς
1556 2428 1646 2479 μετὰ
1676 2431 1838 2466 τοσοῦτον
1866 2427 1990 2479 χρόνον
2020 2425 2120 2479 κόρον
2150 2425 2198 2473 μὴ
2231 2425 2350 2464 λαὲὼν

1325 2493 1387 2537 τῆς
1407 2490 1664 2542 ἀτερπεστάτης
1689 2489 1767 2534 Οέας
1792 2488 1943 2536 ἐκείνης,
1970 2491 2043 2531 πῶς
2066 2487 2195 2540 δυνήσῃ
2226 2486 2349 2540 ῥυθμί-

1326 2567 1383 2590 σαι
1401 2552 1458 2590 τὸν
1481 2552 1566 2600 υἱον,
1592 2555 1666 2594 πῶς
1686 2550 1834 2589 κολάσαι
1856 2551 1912 2588 τὸν
1933 2549 2069 2595 οἰκέτην
2089 2548 2348 2602 ἁμαρτάνοντα,

1325 2615 1398 2656 πῶς
1415 2613 1523 2666 ἑτέρῳ
1541 2612 1799 2664 συμὸουλεῦσαι
1817 2611 1861 2650 τὰ
1878 2611 1999 2650 δέοντα
2016 2612 2222 2661 ἀμελοῦντι,
2238 2613 2352 2648 τοιαῦ-

1325 2690 1368 2712 τα
1386 2674 1485 2717 αὐτὸς
1505 2676 1538 2711 ἐν
1556 2674 1696 2726 ἐσχάτῳ
1712 2673 1804 2725 γήρα
1828 2674 2060 2724 ἀσχημονῶν,
2080 2671 2156 2709 Κᾶν
2177 2670 2238 2721 μὲν
2256 2670 2351 2723 ὑδρί-

1327 2751 1369 2786 σῃ
1382 2734 1454 2778 νέος
1472 2735 1529 2772 τὸν
1549 2734 1787 2786 γεγηρακότα,
1803 2733 1866 2779 τὴν
1886 2732 2025 2779 ἡλικίαν
2046 2731 2170 2775 εὐθέως
2196 2732 2352 2782 προὸάλ-

1325 2796 1440 2841 λεται,
1461 2794 1519 2832 καὶ
1548 2794 1687 2845 μυρίους
1717 2794 1789 2846 ἔχει
1818 2797 2181 2844 συναγανακτοῦντας·
2202 2792 2282 2830 ὅταν
2316 2791 2350 2831 δὲ

1327 2855 1548 2907 σωφρονίζειν
1581 2855 1639 2906 δέῃ
1668 2855 1725 2893 τὸν
1754 2854 1840 2902 νέον,
1873 2854 1931 2891 καὶ
1962 2854 2089 2892 κανόνα
2120 2853 2197 2891 τινὰ
2227 2855 2351 2906 ἀρετῆς

1329 2916 1427 2954 αὐτὸν
1446 2915 1601 2966 γίνεσθαι
1615 2945 1624 2962 ,
1655 2915 1805 2965 οὐδαμοῦ
1826 2918 1887 2961 τ’ἧς
1915 2914 2077 2960 “ἦλικίας
2097 2916 2214 2958 αὐτοῖς
2233 2914 2350 2965 λόγος,

1329 2978 1404 3014 ἀλλ’
1425 2978 1537 3014 αὐτῶν
1558 2975 1696 3014 ἐκείνων
1720 2975 1955 3027 μανικώτερον
1984 2976 2041 3013 ἐπὶ
2063 2974 2125 3023 τὴν
2148 2975 2350 3027 παράνομον

1331 3038 1506 3089 βαδίζουσι
1525 3037 1682 3089 Οεωρίαν.
1699 3039 1823 3076 Ταῦτα
1842 3036 1876 3074 δὲ
1892 3036 2005 3088 λέγω,
2030 3037 2088 3074 καὶ
2108 3038 2175 3073 τῶν
2198 3051 2348 3088 γεγηρα-

1330 3100 1438 3138 κότων
1474 3098 1716 3149 καθάπτομαι,
1757 3099 1835 3150 οὐχὶ
1872 3097 1950 3140 τοὺς
1991 3097 2084 3141 νέους
2117 3096 2350 3135 ἀπαλλάττων

1331 3159 1540 3211 κατηγορίας
1568 3159 1627 3197 καὶ
1655 3159 1835 3205 διαῧολῆς,
1858 3158 1947 3196 ἀλλὰ
1979 3159 2022 3195 δι’
2054 3158 2191 3196 ἐκείνων
2212 3156 2349 3199 τούτους

1385 3285 1398 3306 b
1425 3284 1479 3313 Si«¹
1503 3281 1598 3314 (joth.
1623 3281 1859 3324 unus5310rcl,
1888 3289 1997 3313 autem
2025 3291 2079 3314 τῶν
2106 3287 2185 3315 &sim
2214 3291 2347 3326 ιραρὼυ.

1386 3336 1398 3354 ¹³
1422 3334 1516 3366 colb.
1536 3334 1602 3367 duo
1615 3343 1646 3366 ct
1664 3335 1742 3375 Rea.
1761 3340 1874 3372 ἣλικάς
1892 3339 1903 3367 ὲ
1920 3339 2012 3375 ὄγκος,
2030 3337 2107 3367 ἀλλ’.
