2516 3791
341 120 434 184 476
764 138 801 169 5.
838 140 1016 170 1ΟΑΝΝ15
1051 140 1291 170 0111115051.
1333 141 1535 171 1110111111).
1575 144 1923 176 consummor.

338 220 390 257 sic
407 219 659 271 negligentiam
677 233 798 259 eorum
824 222 1028 271 correcturi,
1047 231 1081 259 et
1103 221 1149 258 ad
1170 222 1285 272 majus

339 279 497 317 studjum
515 279 708 318 reducturi.
729 283 988 321 Verumtamen.
1015 281 1170 331 agricola
1199 281 1284 331 qui-

337 338 418 376 dem
439 339 567 378 merito
585 341 724 391 segnior
742 355 832 392 saepe
851 339 980 388 evadit,
1000 339 1083 390 quia
1099 339 1198 377 videt
1223 339 1287 378 da-

334 414 461 437 mnum
478 415 582 438 suum
601 401 715 451 majus
734 400 831 447 fieri,
853 408 974 450 utpote
996 400 1058 450 qui
1076 400 1237 438 laborem
1255 410 1288 439 et
1309 406 1332 436 C

336 469 474 497 sumtus
501 460 600 507 ferat,
624 467 657 495 et
675 458 850 495 fructibus
877 458 1103 497 destituatur.
1123 459 1287 499 Medicus

336 530 452 558 autem
486 532 554 556 non
585 517 762 555 immerito
799 531 934 569 aegrum
967 533 1058 572 saepe
1092 520 1259 572 relinquit
1277 537 1286 558 ε

331 594 462 631 ⁸corpus
487 578 579 615 enim
609 586 661 615 est
686 577 782 628 quod
811 588 967 628 curatur,
995 589 1030 617 et
1048 590 1192 633 propter
1219 582 1287 619 hoc

334 638 502 686 (limittit,
521 646 561 675 ut
586 637 721 676 doloris
752 639 904 677 accessio
932 640 969 677 in
997 641 1113 679 morbi
1143 656 1286 680 sensum

333 699 441 736 ducat
456 728 467 747 ,
494 707 529 736 et
546 698 596 736 sic
620 698 763 737 tandem
792 699 1009 739 medicinam
1036 716 1105 740 non
1130 714 1283 755 respuat.

333 759 505 810 Magister
525 768 644 797 autem
660 759 750 809 ludi,
768 774 809 798 eo
823 760 919 812 quod
938 770 1056 799 tenera
1076 772 1157 800 sunt
1172 769 1294 813 aetate‚·

332 819 466 857 utiliter
482 834 750 871 nonnumquam
767 821 882 872 plagis
897 835 1025 872 pueros
1039 823 1196 874 castigat.
1213 826 1285 863 Ve-

332 893 410 917 rum
426 893 487 917 nos
501 880 608 918 hodie
630 889 773 918 cunctos
787 880 867 918 illos
882 891 1098 933 superantes,
1113 883 1182 920 hoc
1200 897 1284 935 age-

330 953 409 977 mus
430 949 470 977 ut
489 949 675 992 paternum
694 954 778 992 erga
808 940 926 992 lapsos
954 956 1111 980 amorem
1129 942 1283 982 declare-

330 1014 420 1049 mus,
436 1009 470 1038 et
484 1000 688 1051 doceamus,
713 1001 742 1039 si
762 1002 798 1039 in
820 1001 882 1039 illa
905 1002 1120 1054 negligentia
1138 1017 1281 1042 manse-

330 1061 422 1110 rint,
442 1076 500 1100 eos
516 1061 597 1100 inde
616 1063 787 1114 majorem
817 1062 1120 1102 condemnationis
1139 1078 1280 1104 causam

329 1122 522 1161 habituros.
544 1124 636 1161 Nam
657 1123 813 1175 agricola
841 1124 986 1175 quidem
1012 1139 1081 1163 non
1104 1126 1180 1178 pari
1205 1127 1278 1164 ala-
1301 1138 1326 1167 D

328 1183 452 1221 oritate
468 1184 632 1234 seminat,
657 1184 816 1236 cogitans
830 1195 968 1224 sumtus
987 1185 1157 1224 hactenus
1173 1187 1281 1226 fuisse

328 1244 470 1283 inutiles
491 1261 497 1281 :
517 1259 580 1283 nos
600 1255 718 1283 autem
741 1246 787 1283 ab
813 1246 882 1284 hac
901 1261 986 1285 cura
1018 1247 1124 1285 liberi
1144 1262 1278 1287 sumus.

145 1311 211 1339 Non
235 1312 314 1340 srau-
327 1307 420 1343 Nam
435 1306 516 1344 licet
529 1308 624 1359 jacto
644 1306 820 1359 spirituali
838 1307 980 1357 semine,
998 1308 1044 1346 ob
1072 1307 1278 1347 auditorum

125 1354 211 1422 ‘22:³¹2‘
232 1364 313 1433 ’Ἓξ
327 1363 508 1415 ignaviam
529 1365 683 1402 fructum
711 1378 779 1402 non
815 1365 1007 1417 capiamus,
1041 1367 1191 1419 perfecta
1217 1382 1278 1407 no—

124 1416 271 1463 auditores
326 1424 381 1462 bis
400 1434 515 1463 tamen
539 1426 657 1463 futura
685 1439 817 1464 merces
835 1441 842 1462 :
860 1427 1049 1478 pecuniam
1077 1427 1172 1465 enim
1197 1442 1278 1467 con-

124 1486 180 1503 ¹¹⁰¹¹
198 1478 295 1506 neem·
324 1485 493 1524 creditam
527 1485 786 1537 expendimus,
819 1495 853 1524 et
892 1487 1100 1526 mandatum
1131 1489 1276 1527 Domini

321 1547 549 1598 implevimus
566 1562 574 1582 ε
591 1555 755 1584 caeterum
776 1547 924 1599 posthac
954 1548 1133 1587 auditores
1168 1551 1276 1589 ratio—

319 1621 399 1644 nem
419 1606 565 1644 reddent
584 1607 615 1644 ei
631 1607 691 1658 qui
711 1607 909 1645 concredita
938 1623 1020 1646 cum
1051 1624 1157 1648 usura
1177 1626 1276 1664 repe-

319 1667 447 1704 titurus
465 1677 527 1705 est.
550 1669 689 1707 Verum
709 1668 776 1706 hoc
798 1682 861 1706 nos
885 1683 956 1707 non
985 1670 1274 1722 consideramus,

318 1742 381 1766 nos
406 1738 506 1766 extra
532 1728 705 1767 damnum
738 1744 823 1779 esse,
855 1738 888 1767 et
915 1730 1012 1781 quod
1042 1741 1203 1770 nostrum
1224 1744 1276 1773 est
1297 1750 1320 1779 E

317 1788 484 1840 implere:
512 1789 573 1827 sed
594 1790 761 1828 volumus
780 1799 866 1828 utet
893 1805 956 1830 vos
977 1806 1023 1829 ex
1040 1791 1274 1833 dinumeratis

315 1849 476 1900 pecuniis
489 1849 645 1887 multum
662 1850 904 1901 negotiemini,
920 1861 959 1889 ut
973 1866 1017 1890 ne
1033 1852 1178 1890 obnoxii
1196 1854 1273 1893 sitis

316 1910 492 1961 supplicio
511 1911 609 1961 quod
640 1911 707 1948 luit
737 1911 798 1949 ille
824 1911 888 1962 qui
907 1912 1082 1951 talentum
1112 1915 1273 1953 recondi-

315 1968 380 2017 dit,
400 1978 433 2006 et
447 1969 662 2008 dominicam
674 1971 864 2023 pecuniam
874 1985 944 2010 non
955 1973 1071 2010 solum
1085 1987 1154 2012 non
1170 1976 1272 2013 mul—

316 2029 506 2080 tiplicavit,
528 2031 589 2068 sed
615 2040 648 2068 et
667 2031 782 2083 ipsam
801 2031 838 2069 111
874 2041 966 2071 terra
995 2033 1143 2072 defodit.
1165 2037 1272 2075 Tales

317 2100 415 2138 sunt,
444 2091 507 2141 qui
537 2091 708 2129 doctrinae
738 2106 914 2131 sermones
948 2094 1101 2133 audiunt
1126 2096 1271 2142 (talen-

317 2159 393 2187 tum
415 2151 510 2189 enim
536 2151 603 2189 hoe
622 2160 725 2190 vocat
744 2161 777 2189 et
796 2153 1007 2204 pecuniam)
1025 2185 1034 2201 ,
1058 2169 1171 2205 neque
1190 2170 1272 2208 ope-

316 2225 393 2248 ram
409 2211 495 2250 dant
515 2221 554 2250 ut
579 2213 735 2250 fructum
760 2214 907 2252 afferant
929 2223 962 2252 et
981 2215 1136 2253 multum
1164 2229 1270 2267 nego-

1354 223 1543 272 πτύοντας,
1559 224 1617 262 καὶ
1635 225 1698 272 τὴν
1714 227 1856 277 μνήμην
1870 230 1940 266 τῶν
1960 229 2027 274 ἤδη
2041 229 2207 267 δοθέντων
2227 230 2382 270 ἀποὸάλ-

1354 285 1477 327 λοντας
1491 313 1501 330 ,
1519 289 1534 305 ³
1547 287 1715 330 πολλάκις
1730 289 2006 341 ἀποστρέφονται
2020 289 2083 337 τὴν
2101 292 2272 344 ῥᾳθυμίαν
2294 295 2384 346 διορ-

1356 343 1515 393 θούμενοι
1530 375 1539 393 ,
1570 346 1628 384 καὶ
1659 348 1744 399 πρὸς
1777 349 1931 395 σπουδὴν
1962 349 2106 389 πλείονα
2138 352 2379 404 ἐπανάγοντες.

1357 405 1447 443 Ἀλλ’
1464 408 1482 443 ὁ
1497 405 1559 456 μὲν
1574 407 1723 458 γηπόνος
1753 409 1894 453 εἰκότως
1909 411 2132 463 ὀκνηρότερος
2146 412 2279 463 γίνεται
2302 416 2385 452 πολ-

1357 464 1476 510 λάκις,
1498 466 1620 513 ἐπειδὴ
1639 461 1728 505 οἶδεν
1749 469 1802 506 ὅτι
1819 469 1863 506 τὰ
1878 474 1941 516 τ’ῆς
1961 470 2086 521 ζημίας
2103 475 2198 525 αὐτῷ
2213 473 2386 512 ἐπιτείνε-

1355 541 1432 572 ται,
1453 525 1533 564 ὅταν
1563 527 1621 565 τὸν
1652 528 1715 578 μὲν
1735 529 1837 567 πόνον
1863 531 1922 568 καὶ
1948 530 2012 578 τὴν
2032 532 2189 578 δαπάνην
2206 535 2360 587 ὑπομένῃ
2374 565 2384 582 ,

1354 589 1423 624 τῶν
1444 587 1479 625 δὲ
1499 592 1641 640 καρπῶν
1674 593 1923 642 ἀποστερῆται.
1949 592 2018 630 Καὶ
2055 595 2072 631 ὃ
2105 594 2220 645 ἰατρὸς
2258 595 2292 632 δὲ
2323 598 2385 634 οὐκ

1354 649 1547 692 ἀπεικότως
1563 650 1767 689 καταλείπει
1784 652 1952 696 πολλάκις
1970 654 2028 691 τὸν
2061 654 2238 706 ἄῤῥωστον
2254 671 2261 679 ·
2278 659 2382 707 σῶμα

1353 710 1420 761 γάρ
1441 710 1572 748 ἔστιτὸ
1597 712 1893 763 θεραπευόμενον,
1913 713 1973 750 καὶ
1994 713 2063 751 διὰ
2093 719 2194 752 τοῦτο
2227 716 2384 768 ἀφίησιν,

1353 769 1407 808 ἵνα
1423 774 1444 817 ἡ
1462 774 1524 818 τ’ῆς
1542 772 1665 818 ὀδύνης
1688 772 1846 816 ἐπίτασις
1875 774 2130 825 παρασκευάσῃ
2154 777 2201 818 εἰς
2221 775 2381 822 αἴσθησιν

1351 833 1413 877 τῆς
1427 831 1526 869 νόσου
1542 834 1652 870 ἐλθεῖν
1671 833 1731 871 καὶ
1751 833 1840 871 οὕτω
1857 834 1921 881 τὴν
1942 835 2096 886 ἰατρείαν
2112 835 2382 880 καταδέξασθαι.

1350 891 1421 929 Καὶ
1439 895 1457 929 ὃ
1471 895 1539 930 τῶν
1558 894 1690 931 παίδων
1712 894 1918 938 διδάσκαλος
1938 895 1994 933 διὰ
2012 896 2051 934 τὸ
2072 897 2191 940 ἀτελὲς
2217 900 2280 943 τ’ἧς
2300 899 2381 944 ἧλι-

1350 952 1426 995 κίας
1454 954 1699 1006 συμφερόντως
1727 956 1896 1000 πολλάκις
1919 956 1982 1000 τὰς
2001 958 2139 1009 πληγὰς
2158 959 2379 997 ἐπανατείνε-

1349 1029 1407 1050 ται
1425 1020 1495 1056 τοῖς
1512 1015 1647 1067 παισίν.
1663 1015 1754 1053 Ἀλλ’
1768 1019 1871 1066 ἡμεῖς
1887 1017 2042 1068 σήμερον
2061 1017 2202 1062 τούτους
2224 1020 2379 1064 ἅπαντας

1349 1074 1651 1126 ὓπερὲαλλόμενοι
1666 1105 1675 1123 ,
1713 1077 2052 1128 παρασκευαζόμεθα
2085 1078 2259 1129 πατρικὴν
2283 1081 2379 1131 φιλο-

1349 1135 1512 1187 στοργίαν
1553 1136 1632 1188 περὶ
1660 1135 1737 1179 τοὺς
1775 1136 1983 1180 ἐπταικότας
2020 1137 2275 1188 ἐπιδείξασθαι,
2315 1140 2375 1178 καὶ

1348 1197 1479 1241 διδάξαι
1497 1196 1617 1240 αὐτοὺς
1636 1197 1702 1245 ὅτι,
1715 1200 1743 1235 εἷ
1762 1198 1957 1248 ἐπιμένοιεν
1974 1199 2009 1235 ἐν
2029 1201 2070 1250 τῇ
2093 1200 2182 1250 αὐτῇ
2201 1202 2352 1253 ῥᾳθυμία
2367 1231 2376 1249 ,

1346 1262 1447 1296 τοῦτο
1486 1258 1569 1296 αὐτὸ
1609 1260 1762 1309 μείζονος
1800 1261 1915 1303 αὐτοῖς
1948 1259 2188 1310 κατακρίσεως
2221 1261 2377 1306 ὑπόθεσις

1346 1318 1454 1357 ἔσται.
1479 1320 1524 1358 ‘O
1542 1321 1602 1370 μὲν
1617 1320 1684 1372 γὰρ
1703 1320 1853 1371 γηπόνος
1886 1323 1922 1358 οὖ
1955 1320 2044 1371 μετὰ
2075 1324 2137 1367 τῆς
2157 1323 2264 1369 αὐτῆς
2290 1338 2378 1375 προ-

1346 1380 1470 1429 θυμίας
1486 1380 1754 1419 καταὸάλλειτὰ
1770 1382 1957 1433 σπέρματα
1968 1411 1977 1428 ,
1990 1381 2053 1428 τὴν
2073 1382 2232 1429 δαπάνην
2249 1385 2374 1421 ἐννοῶν

1347 1442 1421 1492 εἰκῇ
1444 1442 1503 1479 καὶ
1539 1441 1652 1492 μάτην
1680 1441 1746 1488 ἤδη
1764 1441 2021 1492 γεγενημένην·
2051 1445 2153 1492 ἡμεῖς
2181 1442 2216 1481 δὲ
2244 1443 2377 1490 ταύτης

1346 1502 1602 1553 ἀπηλλάγμεθα
1632 1505 1695 1547 τῆς
1726 1502 1886 1553 ἀγωνίας.
1923 1503 1995 1540 Κᾶν
2028 1502 2095 1555 γὰρ
2115 1503 2376 1547 καταῧαλόντες

1343 1562 1402 1600 τὸν
1419 1563 1546 1615 σπόρον
1557 1567 1676 1601 τοῦτον
1695 1563 1752 1601 τὸν
1770 1564 2019 1611 πνευματικὸν,
2042 1564 2099 1602 διὰ
2117 1564 2180 1610 τὴν
2203 1564 2374 1617 ῥᾳθυμίαν

1343 1627 1411 1662 τῶν
1433 1624 1627 1662 ἀκουόντων
1643 1624 1700 1661 τὸν
1721 1624 1853 1676 καρπὸν
1869 1625 1916 1674 μὴ
1935 1624 2120 1676 δεχώμεθα
2132 1654 2141 1671 ,
2161 1628 2246 1675 ἡμῖν
2263 1628 2376 1678 ἀπηρ-

1342 1685 1503 1735 τισμένος
1523 1687 1540 1722 ὃ
1569 1684 1687 1736 μισθὸς
1713 1684 1831 1722 ἔσται·
1857 1685 1895 1722 τὸ
1919 1683 1987 1736 γὰρ
2015 1685 2244 1735 ἐμπιστευθὲν
2264 1686 2376 1737 ἀργύ-

1345 1761 1415 1798 ριον
1434 1746 1688 1796 κατεέάλομεν,
1709 1745 1769 1783 καὶ
1787 1745 1826 1783 τὸ
1847 1745 2033 1797 ἐπιταχθὲν
2054 1746 2150 1798 παρὰ
2164 1749 2224 1784 τοῦ
2244 1748 2377 1786 Δεσπό-

1341 1823 1401 1845 του
1435 1809 1482 1852 εἷς
1515 1807 1612 1859 ἔργον
1645 1807 1823 1859 ἠγάγομεν
1837 1823 1844 1830 ·
1881 1808 2000 1846 λοιπὸν
2033 1813 2102 1852 τοῖς
2136 1807 2324 1854 ἀκηκοόσιν
2357 1813 2375 1847 ὁ

1340 1869 1440 1920 λόγος
1472 1869 1556 1920 πρὸς
1586 1868 1712 1906 ἐκεῖνόν
1746 1871 1820 1906 ἐστι
1850 1870 1908 1906 τὸν
1938 1868 2109 1918 μέλλοντα
2148 1868 2236 1920 μετὰ
2263 1869 2374 1908 τόκων

1341 1932 1500 1968 ἀπαιτεῖν
1520 1929 1564 1968 τὰ
1581 1929 1857 1977 καταὸληθέντα.
1878 1929 1969 1967 Ἀλλ’
1986 1931 2023 1967 οὗ
2041 1932 2142 1967 τοῦτο
2159 1933 2371 1981 σκοποῦμεν,

1338 1991 1390 2028 ὅτι
1411 1994 1513 2041 ἡμεῖς
1529 1990 1626 2034 ἐκτός
1645 1992 1750 2041 ἐσμεν
1773 1993 1835 2036 τῆς
1852 1990 1998 2041 ζημίας,
2019 1990 2079 2028 καὶ
2095 1991 2134 2028 τὸ
2153 1992 2285 2029 ἑαυτῶν
2305 2007 2371 2029 πε-

1338 2051 1589 2104 πληρώκαμεν,
1609 2052 1699 2090 ἀλλὰ
1731 2051 1927 2103 βουλόμεθα
1955 2050 2015 2089 καὶ
2040 2053 2130 2101 ὑμᾶς
2150 2051 2284 2099 πολλὴν
2304 2053 2372 2089 τῶν

1338 2112 1626 2159 καταέληθέντων
1643 2112 1706 2158 τὴν
1723 2111 1966 2163 πραγματείαν
1986 2111 2218 2159 ποιήσασθαι,
2241 2111 2297 2150 ἵνα
2319 2112 2368 2163 μὴ

1337 2175 1380 2223 τῇ
1409 2162 1562 2226 τιμωρίᾳ
1582 2173 1695 2224 ἐκείνῃ
1716 2173 1899 2210 ὑπεύθυνοι
1919 2172 2084 2222 γένησθε,
2116 2173 2157 2219 ἣν
2183 2172 2369 2223 ὑπέμεινεν

1338 2234 1465 2276 ἐκεῖνος
1484 2237 1501 2272 ὁ
1521 2233 1560 2271 τὸ
1576 2234 1743 2272 τάλαντον
1763 2232 1993 2285 καταχώσας,
2016 2233 2075 2271 καὶ
2103 2234 2143 2272 τὸ
2163 2233 2366 2272 δεσποτικὸν

317 2282 458 2311 “mum
490 2273 561 2311 sed
579 2274 671 2311 forle
691 2273 823 2311 dmemt
842 2289 1042 2327 ‘luminam'
1063 2277 1327 2343 pa1¹abolam412
1340 2293 1500 2346 ἀργύριον
1517 2297 1554 2333 οὐ
1576 2294 1678 2345 μόνον
1698 2296 1734 2332 οὗ
1754 2294 2055 2339 πολυπλασιάσας,
2074 2294 2163 2333 ἀλλὰ
2182 2295 2241 2331 καὶ
2258 2310 2367 2332 κατο-

316 2333 421 2370 istam
449 2334 663 2371 talentorum
699 2333 744 2372 de
770 2333 977 2373 doctoribus
1011 2350 1084 2374 esse
1123 2337 1266 2377 dictam.
1291 2354 1316 2383 Α
1339 2354 1450 2407 ρύξας,
1483 2355 1644 2393 Toonwi
1675 2357 1759 2393 εἰσιν
1780 2357 1811 2393 οἳ
1838 2354 1894 2392 τὸν
1921 2355 2023 2406 λόγον
2043 2357 2105 2400 τῆς
2138 2355 2362 2400 διδασκαλίας

318 2393 356 2430 [(1
384 2407 449 2444 ego
473 2408 615 2445 quoque
634 2395 752 2433 fateor.
776 2397 914 2434 Verum
933 2396 961 2435 si
982 2396 1171 2449 diligenter
1191 2414 1267 2438 eam

315 2455 540 2503 scrutemini,
574 2456 689 2493 scietis
720 2456 906 2494 doctorum
935 2456 1079 2508 quidem
1108 2459 1267 2499 officium

314 2528 398 2562 0550,
413 2514 640 2553 dinumerare
660 2517 847 2568 pecuniam
867 2533 875 2554 τ
896 2517 957 2555 5οᾶ
977 2532 1040 2557 vos
1060 2533 1128 2557 non
1150 2521 1266 2560 solum

313 2574 510 2626 depositam
526 2576 714 2618 custodire,
733 2577 913 2616 sedetiam
928 2579 1101 2630 negotiari
1115 2580 1263 2620 debetis.

313 2635 419 2682 Quod
440 2646 477 2674 ut
492 2636 620 2686 discas,
651 2651 764 2689 operae
791 2639 947 2690 pretium
977 2640 1084 2678 fuerit
1118 2655 1195 2680 eam
1229 2644 1264 2682 in

116 2712 229 2740 Mauh.
249 2696 472 2741 25111011111111
503 2698 640 2736 afferre.
679 2700 977 2753 Paterfamilias
1005 2703 1177 2754 quidam,
1208 2704 1265 2743 in—

115 2753 162 2791 14.
184 2754 229 2783 ¹5-
252 2762 297 2793 ¹9·
313 2757 404 2808 quit,
416 2772 571 2811 peregre
585 2760 841 2811 proficiscens,
852 2764 1006 2799 vocavit
1022 2776 1150 2802 servos
1163 2778 1263 2816 suos,

116 2802 164 2821 ω’
312 2829 347 2857 et
386 2821 492 2858 dedit
527 2824 595 2858 uni
624 2822 779 2871 quidem
810 2822 961 2861 talenta
985 2826 1175 2877 quinque,
1193 2828 1264 2865 alii

311 2889 439 2917 autem
462 2881 551 2925 duo,
578 2882 648 2918 alii
679 2895 774 2920 vero
803 2898 932 2921 unum.
968 2886 1066 2923 Post
1101 2888 1262 2925 mullum

309 2949 439 2978 autem
460 2950 619 2992 tempus,
659 2956 744 2980 cam
778 2945 996 2983 advenisset
1017 2948 1110 2997 ipse,
1143 2962 1259 2986 vene-

309 3010 397 3038 runt
428 3004 529 3039 servi
558 3018 567 3037 :
605 3011 639 3040 et
671 3004 740 3041 ille
773 3006 929 3055 quidem
959 3009 1028 3057 qui
1058 3018 1258 3060 acceperat

308 3065 478 3113 quinque
504 3063 665 3112 talenta,
699 3070 855 3103 accessit
887 3067 1017 3106 dicens
1035 3084 1045 3105 .·
1066 3069 1253 3119 Domine,
1279 3097 1301 3127 B

305 3132 476 3180 quinque
508 3130 653 3168 talenta
685 3133 877 3171 tradidisti
912 3137 1021 3185 milri,
1057 3150 1142 3177 ecce
1173 3140 1254 3177 alia

303 3199 473 3246 quinque
511 3196 659 3235 talenta
699 3200 985 3246 superlucratus
1028 3216 1126 3244 sum.
1169 3207 1251 3244 Ma-

343 3311 355 3325 2
380 3299 479 3334 Savil.
500 3309 531 3333 et
551 3309 615 3334 tres
633 3303 707 3335 Mss.
728 3309 868 3345 πολλάκις
890 3312 1090 3356 ἐπιστρέφουσι
1106 3318 1170 3350 τήν.

1337 2417 1518 2468 δεχόμενοι
1539 2417 1729 2464 (τάλαντον
1748 2416 1814 2467 γὰρ
1835 2416 1893 2454 καὶ
1922 2416 2085 2468 ἀργύριον
2104 2419 2205 2454 τοῦτο
2230 2417 2358 2468 καλεῖ),

1335 2477 1394 2515 καὶ
1413 2479 1451 2515 οὐ
1471 2477 1719 2522 σπουδάζοντες
1745 2480 2033 2529 καρποφορῆσαι,
2059 2477 2119 2515 καὶ
2141 2476 2274 2524 πολλὴν
2295 2477 2358 2524 τὴν

1334 2538 1576 2590 πραγματείαν
1594 2538 1820 2585 ποιήσασθαι.
1841 2537 1933 2576 Ἀλλ’
1953 2537 2036 2581 ἴσως
2053 2537 2145 2576 εἴποι
2161 2554 2211 2580 τις
2226 2538 2280 2583 ἂν,
2299 2538 2363 2585 τὴν

1335 2599 1539 2651 παραὲολὴν
1556 2599 1687 2646 ταύτην
1707 2599 1768 2646 τὴν
1789 2602 1857 2636 τῶν
1889 2598 2069 2636 ταλάντων
2105 2598 2183 2649 περὶ
2215 2601 2284 2636 τῶν
2316 2600 2362 2637 δι-

1335 2661 1518 2698 δασκάλων
1547 2663 1715 2712 εἰρῆσθαι.
1752 2658 1859 2710 Κάγὼ
1895 2659 1997 2697 τοῦτό
2032 2675 2136 2711 φημι.
2175 2660 2265 2697 Ἀλλ’
2301 2659 2360 2698 ἐὰν

1334 2721 1533 2771 ἐπέλθωμεν
1553 2720 1661 2767 αὐτὴν
1682 2721 1855 2771 ἀκριῧῶς,
1877 2720 2010 2758 εἴσεσθε
2038 2720 2091 2758 ὅτι
2117 2723 2148 2758 οἱ
2176 2718 2237 2770 μὲν
2261 2720 2359 2757 διδά-

1334 2782 1457 2819 σκαλοι
1472 2784 1534 2827 τῆς
1554 2780 1751 2827 καταίῖολῆς
1781 2781 1884 2832 μόνον
1906 2780 2088 2818 ὑπεύθυνοι
2116 2780 2359 2832 τυγχάνουσιν,

1331 2844 1428 2892 ὑμεῖς
1449 2842 1483 2880 δὲ
1503 2845 1540 2880 οὐ
1571 2842 1672 2894 μόνον
1692 2844 1754 2888 τῆς
1781 2843 1936 2894 φυλακῆς
1956 2844 2024 2879 τῶν
2053 2841 2357 2889 καταὸληθέντων,

1331 2903 1420 2941 ἀλλὰ
1439 2904 1498 2941 καὶ
1515 2906 1576 2950 τ’ῆς
1593 2903 1847 2956 πραγματείας.
1869 2904 1937 2941 Καὶ
1957 2903 2013 2940 ἵνα
2029 2903 2153 2955 μάθῃς,
2167 2905 2354 2953 ἀναγκαῖον

1330 2963 1437 3010 αὐτὴν
1457 2966 1503 3007 εἷς
1523 2964 1627 3014 μέσον
1655 2966 1808 3015 ἀγαγεῖν.
1830 2964 2090 3009 Οἰκοδεσπότης
2122 2979 2174 3006 τις
2188 2992 2196 3007 ,
2232 2962 2352 3014 φησὶν,

1329 3025 1518 3075 ἀποδημῶν
1534 3025 1677 3063 ἐκάλεσε
1693 3024 1770 3068 τοὺς
1791 3024 1894 3067 ἰδίους
1912 3024 2070 3069 δούλους,
2098 3024 2156 3062 καὶ
2177 3023 2302 3061 ἔδωκεν
2322 3017 2351 3075 ᾧ

1327 3085 1388 3135 μὲν
1406 3086 1506 3123 πέντε
1530 3085 1702 3133 τάλαντα,
1723 3079 1752 3137 ᾧ
1771 3085 1806 3122 δὲ
1824 3084 1900 3132 δύο,
1918 3079 1946 3137 ᾧ
1968 3084 2002 3122 δὲ
2024 3084 2069 3123 ἕν.
2088 3083 2187 3122 Μετὰ
2205 3084 2240 3122 δὲ
2262 3083 2351 3135 χρό-

1326 3161 1381 3183 νον
1400 3145 1680 3198 παραγενομένου
1698 3148 1802 3185 ata-„05
1821 3141 1923 3193 ἦλθον
1951 3147 1982 3184 οἱ
2007 3147 2139 3183 δοῦλοι·
2167 3145 2226 3183 καὶ
2256 3147 2274 3182 ὁ
2305 3143 2350 3182 τὰ

1324 3206 1428 3245 πέντε
1448 3207 1602 3246 τάλαντα
1620 3207 1738 3245 λαὸὼν
1759 3208 1934 3259 προσῆλθε
1955 3205 2065 3258 λέγων
2080 3223 2087 3231 ·
2108 3206 2226 3258 κύριε,
2245 3205 2348 3244 πέντε
