2516 3791
860 175 902 207 m
941 173 1138 208 Genesim
1176 172 1324 206 sssnmo
1360 173 1440 206 vn.
2088 165 2179 226 783

130 262 319 302 ἐλάττωσιν
332 260 398 313 οὔχ
415 261 437 306 ἡ
455 257 606 313 ῥᾳθυμία
617 256 763 307 ἐκείνου,
781 258 857 298 οὐδὲ
875 262 898 307 ἣ
918 258 1052 307 σπουδὴ
1067 258 1152 298 τού-

1223 270 1338 311 super
1344 271 1475 312 pauca
1478 258 1600 313 suisti
1604 258 1759 313 fidelis,
1778 272 1892 312 super
1906 262 2032 301 multa
2044 269 2079 302 to
2091 277 2183 303 con-

126 339 199 372 του,
229 321 309 361 ἀλλ’
330 324 352 369 ἡ
383 321 533 374 διαφορὰ
561 324 625 369 τῆς
656 321 958 374 παρακαταθήκης
976 321 1152 368 ἐποίησεν.
1173 324 1198 356 Ε
1221 323 1395 360 stituam.
1410 321 1610 361 Proventus
1624 320 1724 361 haud
1741 320 1839 361 idem
1851 330 1918 374 est,
1935 331 1970 362 et
1983 337 2116 363 merces
2129 336 2180 364 est

126 386 283 427 Ἐκεῖνος
300 382 405 422 πέντε
426 382 531 422 ἔλαὸε
543 413 553 433 ,
580 382 642 422 καὶ
659 382 763 422 πέντε
783 384 876 423 ἄλλα
894 381 1150 436 προσήνεγκεν·

123 439 220 489 οὗτος
237 444 295 484 δύο
312 443 429 495 ἔλαὸε,
449 445 508 483 καὶ
527 443 588 484 δύο
607 445 839 498 προσήνεγκε,
863 444 923 483 καὶ
949 443 1030 483 κατ’
1052 442 1149 483 οὐδὲν

122 507 322 555 ἠλάττωται
349 509 384 546 ἐν
411 508 463 560 τῷ
493 509 556 554 τῆς
585 507 739 554 σπουδῆς
765 506 872 561 λόγῳ.
905 505 976 546 Καὶ
999 504 1068 560 γὰρ
1087 504 1148 544 καὶ

121 563 219 612 οὗτος
247 569 355 607 διπλᾶ
368 599 379 618 ,
409 570 568 613 κάκεῖνος
587 570 694 607 διπλᾶ·
713 567 758 608 τὰ
776 568 1006 608 πιστευθέντα
1026 566 1146 620 εἰργά-

121 646 207 670 σατο
223 647 231 657 ·
263 633 282 670 6
310 630 347 671 δὲ
378 631 414 670 ἓν
443 630 562 671 λαὸὼν
589 632 721 671 ἁπλοῦν
745 630 980 684 προσήνεγκε·
1012 629 1145 670 διὸκαὶ

121 693 313 738 ἐκολάζετο.

170 1248 364 1288 Ἠκούσατε
398 1248 511 1288 τοίνυν
542 1249 634 1296 πόση
663 1248 817 1302 τιμωρία
850 1255 965 1288 κεῖται
991 1254 1062 1293 τοῖς
1092 1249 1141 1300 μὴ

1220 382 1344 422 eadem
1360 399 1369 421 :
1384 382 1437 422 sic
1457 391 1493 422 et
1509 383 1607 422 hunc
1620 382 1747 422 eodem
1770 383 1905 423 honore
1923 383 2094 437 dignatus
2109 395 2176 426 est.

1218 444 1319 493 Quid
1338 445 1416 485 ita?
1432 445 1613 494 Quoniam
1632 459 1703 486 non
1721 459 1845 486 eorum
1860 460 1940 499 quae
1957 447 2077 487 oblata
2095 457 2177 488 sunt
2192 457 2259 489 Non
2288 471 2383 500 qum-

1216 507 1466 558 quantitatem,
1488 507 1552 546 sed
1570 521 1694 546 eorum
1715 509 1904 560 virtutem,
1920 509 1984 560 qui
2006 509 2176 561 negotiati
2192 507 2305 577 ις“ιξ““”““
2330 515 2381 573 νὴ

1214 569 1370 619 fucrant,
1389 568 1594 608 attendebat
1607 571 1718 609 Deus
1730 571 1824 610 Nam
1837 579 1986 622 uterque
1996 584 2062 624 pro
2076 571 2175 611 virili
2231 554 2381 614 ”iii-nudem

1213 643 1295 682 qum
1317 644 1466 670 suarum
1486 630 1647 683 partium
1666 640 1767 670 erant
1781 631 2022 684 praestiterat:
2039 645 2093 671 res
2111 646 2176 671 au-
2199 625 2379 655 s³¹¹¹¹⁸¹⁰‘¹¹¹¹¹

1216 698 1289 731 tem
1307 691 1437 731 oblatae
1458 705 1532 730 non
1551 691 1798 746 multiplicatae
1817 693 1958 731 fuerant
1976 701 2038 732 aut
2059 693 2178 732 immi·
2195 675 2383 737 nemimem

1213 763 1307 794 nutae
1322 754 1381 794 vel
1399 754 1447 793 ob
1464 753 1599 792 illius·
1588 754 1789 807 ignaviam,
1806 754 1866 793 vel
1889 753 1936 794 ob
1951 754 2180 807 diligentiam

1213 815 1333 868 istius,
1350 815 1414 855 sed
1431 829 1497 869 pro
1522 814 1676 869 depositi
1695 815 1916 856 diversitate.
1936 816 2002 854 llle
2019 817 2179 869 quinque

1213 877 1364 931 accepit,
1376 885 1410 916 et
1425 876 1560 916 obtulit
1574 876 1644 916 alia
1663 877 1844 930 quinque,
1860 876 1921 916 hic
1934 878 2072 931 accepit
2087 878 2176 930 duo,

1212 947 1248 978 et
1265 938 1397 979 obtulit
1415 938 1504 987 duo,
1530 952 1645 990 neque
1662 939 1762 991 quod
1781 938 1829 979 ad
1850 939 2013 979 studium
2038 940 2177 990 attinet,

1212 999 1360 1039 inferior
1391 1000 1543 1040 exstitit.
1573 999 1766 1052 Siquidem
1796 1009 1833 1040 et
1860 1000 1922 1040 hic
1945 1000 2122 1055 duplicia,
2143 1011 2178 1040 et

1213 1060 1276 1102 ille
1300 1061 1463 1115 duplicia
1487 1061 1646 1102 lucratus
1672 1070 1724 1102 est
1751 1062 1886 1102 credita
1909 1078 1916 1101 :
1937 1063 1967 1102 is
1995 1077 2081 1103 vero
2115 1065 2177 1116 qui

1213 1137 1327 1162 unum
1341 1134 1539 1178 acceperat,
1552 1124 1709 1177 simplex
1725 1124 1820 1164 illud
1832 1124 1965 1163 obtulit
1974 1140 1986 1174 ;
2005 1139 2115 1176 quam
2131 1126 2177 1164 ob

1211 1198 1355 1224 causam
1369 1195 1421 1225 est
1435 1185 1543 1225 etiam
1562 1186 1772 1238 castigatus.

1264 1249 1301 1286 2.
1331 1247 1494 1287 Audistis
1514 1261 1598 1300 ergo
1617 1255 1793 1299 quantum
1821 1246 1903 1286 illos
1927 1256 2068 1287 maneat
2091 1262 2175 1302 sup-

111 1309 458 1363 πραγματευομένοις
489 1310 571 1363 περὶ
594 1310 638 1349 τὰ
662 1310 832 1363 χρήματα
855 1310 900 1348 τὰ
929 1308 1373 1366 &sciro-rix013575plicium,
1388 1309 1512 1361 quiex
1526 1308 1719 1348 dominicis
1736 1308 1898 1362 pecuniis
1912 1309 2086 1363 negotiati
2105 1325 2176 1351 non

112 1374 250 1411 Οὐκοῦν
271 1372 330 1410 καὶ
348 1371 551 1425 φυλάξωμεν
564 1401 575 1422 ,
606 1372 665 1410 καὶ
684 1372 1054 1424 πραγματευσώμεθα,
1081 1372 1142 1411 καὶ
1164 1376 1190 1407 Α
1209 1370 1354 1410 fuerint.
1373 1371 1472 1424 Ergo
1487 1380 1521 1410 et
1537 1369 1796 1420 custodiamus,
1822 1379 1856 1410 ct
1882 1372 2124 1424 negotiemur,
2144 1382 2178 1412 et

110 1433 244 1481 πολλὴν
271 1432 523 1484 ἐπιδειξώμεθα
542 1433 623 1484 περὶ
651 1432 740 1472 αὐτὰ
761 1433 824 1482 τὴν
852 1433 1038 1486 ἐμπορίαν.
1077 1433 1140 1482 Μὴ

109 1494 240 1546 λεγέτω
261 1510 332 1539 τις·
361 1493 501 1543 ἰδιώτης
521 1494 614 1546 εἰμὶ,
643 1494 805 1546 μαθητής
827 1496 925 1547 εἶμι,
950 1495 1052 1548 λόγον
1080 1497 1144 1534 οὐκ

109 1555 181 1608 ἔχω
200 1555 442 1607 διδασκαλίας,
471 1556 610 1608 ἀμαθὴς
630 1556 677 1596 ὧν
699 1557 759 1595 καὶ
779 1557 915 1601 οὐδενὸς
931 1556 1035 1602 ἄξιος.
1066 1557 1143 1596 Κᾶν

107 1616 175 1669 γὰρ
201 1616 341 1665 ἰδιώτης
365 1611 430 1670 ἧς,
455 1617 520 1657 κᾶν
547 1617 707 1669 ἀμαθὴς,
741 1617 806 1657 κᾶν
832 1617 868 1657 ἓν
894 1618 1064 1658 τάλαντον
1083 1635 1144 1658 πι-

109 1681 275 1731 στευθῇς,
308 1679 451 1733 ἐργάζου
480 1680 520 1720 τὸ
549 1679 781 1732 ἐγχειρισθὲν,
808 1679 868 1719 καὶ
888 1679 948 1718 τὸν
972 1679 1074 1719 αὐτὸν
1092 1683 1143 1734 τῷ

108 1740 306 1779 διδάσκοντι
337 1740 434 1794 λήψῃ
457 1740 590 1792 μισθόν.
617 1741 711 1781 Ἀλλ’
735 1741 868 1793 ὅτιμὲν
887 1741 1079 1794 φυλάττετε
1098 1742 1141 1782 τὰ

108 1801 292 1854 εἰρημένα,
314 1802 374 1841 καὶ
404 1804 494 1854 μετὰ
512 1805 646 1851 πολλ’ἧς
665 1805 731 1850 τῆς
756 1804 935 1858 ἀκριὲείας
959 1804 1140 1858 κατέχετε,

108 1862 199 1902 πάνυ
229 1863 463 1903 πεπίστευκα·
498 1864 556 1903 ἵνα
591 1864 626 1903 δὲ
660 1864 710 1916 μὴ
741 1867 790 1909 εἷς
820 1869 922 1904 τοῦτο
951 1865 1010 1904 τὸν
1037 1866 1140 1918 λόγον

107 1924 246 1963 ἅπαντα
265 1924 519 1977 ἀναλώσωμεν,
536 1925 619 1979 φέρε
638 1926 698 1965 καὶ
715 1926 759 1966 τὰ
774 1926 851 1975 ἐξῆς
869 1930 940 1966 τῶν
955 1927 1037 1981 χθὲς
1052 1931 1138 1980 ἡμῖν

106 1986 301 2038 λεχθέντων
317 1991 524 2040 προσθῶμεν
544 1988 602 2027 ἐπὶ
618 1990 682 2035 τῆς
701 1988 872 2042 ὑμετέρας
889 1989 1041 2042 ἀγάπης,
1060 1995 1138 2030 τοῦ·

1209 1431 1367 1471 multum
1381 1446 1427 1471 ex
1445 1432 1518 1472 illis
1538 1432 1683 1472 lucrum
1707 1432 1953 1473 exhibeamus.
1975 1435 2099 1486 Neque
2123 1435 2177 1474 di-

1208 1503 1265 1534 cat
1279 1494 1411 1546 aliquis
1429 1510 1437 1532 :
1453 1494 1572 1534 Idiota
1587 1508 1683 1546 sum,
1697 1494 1900 1548 discipulus
1915 1509 2008 1548 sum,
2022 1497 2175 1536 verbum

1211 1555 1384 1595 doctrinae
1401 1570 1471 1596 non
1486 1556 1616 1606 habeo,
1637 1570 1720 1596 eum
1741 1556 1930 1609 imperitus
1949 1558 2018 1598 sim
2038 1567 2073 1598 et
2093 1560 2173 1598 nul-

1209 1615 1281 1655 lius
1303 1616 1423 1669 pretii.
1442 1615 1604 1655 Tametsi
1628 1615 1726 1655 enim
1750 1615 1862 1655 idiota
1881 1617 1946 1669 sis,
1966 1617 2049 1656 licet
2065 1618 2172 1658 disci-

1209 1677 1331 1729 pulus,
1358 1677 1441 1716 licet
1468 1690 1583 1716 unum
1608 1676 1677 1716 tibi
1706 1677 1881 1716 talentum
1910 1678 1955 1717 sit
1978 1679 2170 1732 creditum,

1208 1738 1389 1790 negotiare
1419 1753 1466 1778 ex
1495 1753 1535 1778 eo
1562 1737 1662 1790 quod
1690 1738 1757 1778 tibi
1784 1739 2016 1779 commissum
2042 1751 2107 1794 cst,
2138 1752 2172 1781 et

1207 1799 1370 1840 eamdem
1383 1815 1466 1841 cum
1483 1800 1628 1840 doctore
1639 1800 1839 1840 mercedem
1852 1802 2016 1855 accipies.
2038 1805 2091 1843 Ac
2107 1819 2172 1845 vos

1205 1862 1352 1914 quidem
1377 1876 1418 1902 ea
1447 1876 1526 1915 quae
1551 1862 1650 1902 dicta
1682 1870 1764 1901 sunt
1791 1863 1968 1903 custodire
1994 1874 2028 1904 et
2049 1877 2172 1906 exacte

1205 1924 1376 1963 memoria
1391 1933 1509 1963 tenere
1526 1923 1672 1964 omnino
1686 1922 1791 1963 credo
1808 1939 1816 1961 :
1833 1924 1895 1964 sed
1914 1939 1958 1965 ne
1976 1925 2013 1965 in
2032 1927 2100 1967 hoc
2118 1937 2168 1968 to-

1204 1992 1278 2024 tam
1292 1985 1490 2025 orationem
1502 1984 1769 2039 impendamus,
1791 1998 1856 2038 age
1872 2000 1951 2038 quae
1970 1998 2169 2040 sequuntur

104 2063 162 2087 τον
189 2051 251 2096 τ’ἧς
281 2050 441 2101 φυλακῆς
470 2052 552 2100 ὑμῖν
575 2049 798 2095 ἀποδιδόντες
826 2051 885 2090 τὸν
912 2051 1048 2103 μισθόν,
1091 2051 1136 2091 Ὁ
1157 2063 1180 2095 B
1201 2060 1241 2085 ea
1260 2061 1339 2099 quae
1359 2047 1458 2087 dicta
1479 2057 1563 2087 sunt
1582 2061 1602 2086 a
1621 2047 1727 2086 nobis
1751 2046 1830 2086 heri
1858 2048 1958 2102 apud
1981 2051 2166 2090 caritatem

103 2109 172 2162 γὰρ
194 2110 237 2148 τὰ
264 2110 417 2164 πρότερα
441 2112 639 2156 πιστευθεὶς
672 2112 732 2151 καὶ
755 2112 935 2164 τηρήσας,
975 2113 1068 2158 ἄξιος
1093 2113 1134 2153 ἂν

103 2171 156 2217 εἴη
177 2170 236 2210 καὶ
263 2171 364 2224 ἕτερα
390 2171 496 2211 πάλιν
527 2173 663 2212 λαὸεῖν.
697 2173 746 2213 Τί
775 2168 832 2212 οῧν
854 2168 896 2221 ἧν
916 2173 956 2213 τὸ
975 2174 1134 2227 διήγημα

100 2231 141 2270 τὸ
169 2231 252 2286 χθὲς
279 2235 365 2284 ἡμῖν
383 2233 570 2286 προτεθέν;
598 2234 690 2287 Περὶ
709 2239 771 2274 τοῦ
792 2234 892 2280 ξύλου
913 2239 931 2275 6
954 2235 1058 2288 λόγος
1077 2231 1132 2287 ἦν,

100 2293 159 2332 καὶ
188 2294 365 2347 ἐδείξαμεν
391 2294 446 2334 ὅτι
471 2295 550 2348 ᾔδει
577 2299 596 2336 6
616 2295 797 2349 ἄνθρωπος
816 2296 857 2336 τὸ
876 2297 983 2337 καλὸν
1007 2298 1068 2337 καὶ
1092 2299 1133 2339 τὸ

99 2355 269 2410 πονηρὸν,
295 2356 378 2409 πρὶν
409 2356 432 2404 ἢ
459 2363 580 2410 φαγεῖν
601 2357 748 2398 ἀπὸτοῦ
764 2357 865 2404 ξύλου
879 2389 890 2409 ,
918 2358 979 2398 καὶ
998 2361 1132 2407 πολλῆς

100 2417 221 2470 σοφίας
240 2418 481 2470 ἐπεπλήρωτο,
509 2418 568 2472 ἀφ’
586 2413 635 2458 ὧν
652 2419 799 2468 ἐπέθηκε
818 2419 864 2459 τὰ
881 2419 1038 2472 ὀνόματα
1058 2428 1130 2466 τοῖς

99 2477 251 2531 θηρίοις,
269 2481 329 2532 ἀφ’
348 2475 395 2519 ὧν
411 2479 546 2532 ἐπέγνω
560 2480 625 2528 τὴν
640 2486 789 2533 γυναῖκα
806 2481 871 2529 τὴν
891 2484 1014 2522 ἑαυτοῦ
1027 2513 1038 2533 ,
1051 2483 1128 2537 {o’up'

98 2532 148 2577 ὧν
167 2534 242 2580 εἷπε
254 2556 262 2565 ·
292 2543 406 2581 Τοῦτο
436 2544 496 2579 νῦν
514 2543 636 2580 ὀστοῦν
654 2545 693 2582 ἐκ
710 2543 780 2582 τῶν
798 2543 928 2583 ὀστέων
948 2560 1013 2596 μου
1027 2560 1036 2569 ·
1064 2547 1124 2598 ἀφ’

97 2595 144 2640 ὧν
164 2602 244 2655 περὶ
267 2606 327 2641 τοῦ
361 2601 476 2655 γάμου
505 2603 666 2657 διελέχθη
686 2604 746 2643 καὶ
776 2604 857 2657 περὶ
885 2606 1122 2656 παιδοποιίας,

95 2662 157 2701 καὶ
181 2664 344 2716 συζυγίας
363 2665 423 2704 καὶ
441 2664 573 2718 πατρὸς
590 2665 651 2704 καὶ
667 2666 811 2719 μητρὸς,
831 2668 890 2720 ἀφ’
912 2660 960 2706 ὧν
978 2667 1121 2717 ἐντολὴν

1201 2117 1373 2160 vestram,
1403 2107 1658 2162 adjungamus,
1680 2116 1715 2146 et
1741 2107 1835 2147 hanc
1864 2109 1969 2149 vobis
1994 2112 2164 2152 custodiae

1201 2169 1403 2210 mercedem
1429 2170 1688 2223 persolvamus.
1721 2169 1796 2217 Qui
1819 2170 1916 2209 enim
1945 2171 2066 2225 priora
2095 2175 2164 2213 sibi

1199 2230 1336 2270 credita
1368 2231 1606 2280 conservavit,
1624 2230 1761 2283 dignus
1780 2232 1913 2284 estqui
1943 2232 2014 2272 alia
2040 2249 2164 2275 rursus

1198 2291 1365 2346 accipiat.
1383 2292 1560 2340 Quaenam
1573 2291 1687 2344 igitur
1702 2291 1779 2331 heri
1796 2293 1979 2346 proposita
1998 2304 2049 2334 est
2065 2310 2086 2334 a
2100 2310 2163 2336 no-

1198 2351 1255 2392 bis
1272 2353 1462 2393 narratio?
1489 2354 1543 2393 De
1570 2352 1671 2405 ligno
1694 2367 1810 2393 sermo
1838 2362 1928 2406 erat,
1949 2363 1984 2394 et
2007 2358 2162 2396 ostendi-

1197 2428 1277 2455 mus
1299 2415 1497 2466 hominem,
1520 2423 1713 2466 antequam
1734 2414 1779 2454 de
1799 2415 1898 2468 ligno
1918 2416 2050 2469 ederet,
2071 2419 2158 2459 boni

1196 2491 1238 2517 ac
1259 2478 1348 2517 mali
1364 2477 1606 2530 cognitionem
1631 2476 1812 2528 habuisse,
1833 2487 2019 2530 multaque
2042 2481 2155 2533 reple-

1195 2549 1273 2579 tum
1289 2539 1463 2593 sapientia
1481 2539 1605 2590 fuisse,
1627 2552 1674 2578 ex
1691 2552 1732 2578 eo
1752 2539 1848 2591 quod
1869 2540 2012 2579 nomina
2029 2542 2153 2582 hestiis

1191 2601 1415 2655 imposuerit,
1434 2600 1532 2652 quod
1545 2614 1697 2639 uxorem
1713 2614 1815 2639 suam
1833 2602 2034 2653 agnoverit,
2052 2605 2151 2656 quod

1189 2663 1324 2702 dixerit
1343 2679 1351 2700 :
1369 2664 1456 2702 Hoc
1481 2675 1585 2701 nunc
1607 2675 1648 2700 os
1673 2676 1720 2700 ez:
1745 2664 1899 2701 ossibus-
1919 2667 2032 2712 tne:25;
2049 2667 2148 2718 quod
2166 2679 2275 2710 Gema.
2289 2681 2338 2712 23.

94 2723 230 2763 ἔλαὸεν.
261 2725 353 2765 Οὐδὲ
382 2726 450 2779 γὰρ
478 2726 618 2775 ἐντολὴν
647 2727 769 2765 δίδωσί
785 2744 838 2773 τις
855 2727 914 2767 καὶ
933 2727 1038 2780 νόμον
1059 2733 1120 2768 τοῦ
1141 2745 1165 2777 C
1188 2724 1232 2763 de
1255 2724 1396 2778 nuptiis
1425 2722 1649 2775 disseruerit,
1670 2722 1717 2761 de
1737 2723 1982 2776 procreatione
2009 2726 2144 2768 libero-

94 2787 269 2840 πρακτέου
288 2787 349 2827 καὶ
366 2793 426 2827 τοῦ
449 2788 498 2840 μὴ
517 2789 694 2844 πρακτέου
715 2792 766 2843 τῷ
784 2789 824 2829 τὸ
842 2792 947 2831 καλὸν
967 2793 1028 2831 καὶ
1050 2808 1119 2831 πο-

93 2848 197 2901 νηρὸν
229 2850 420 2901 ἀγνοοῦντι.
451 2850 612 2904 Σήμερον
642 2853 832 2903 ἀναγκαῖον
864 2854 996 2904 εἰπεῖν,
1027 2854 1118 2899 τίνος

92 2909 222 2958 ἕνεκεν,
251 2913 282 2949 εἷ
301 2911 350 2962 μὴ
368 2911 465 2966 παρὰ
482 2917 542 2952 τοῦ
560 2913 661 2958 ξύλου
683 2914 746 2962 τὴν
760 2917 888 2967 γνῶσιν
902 2919 920 2955 6
936 2917 1116 2971 ἄνθρωπος

89 2971 195 3011 ἔλαὸε
207 3000 216 3018 ,
242 2972 395 3025 γνωστὸν
414 2975 522 3012 καλοῦ
541 2974 602 3013 καὶ
618 2978 770 3027 πονηροῦ
787 2976 828 3015 τὸ
844 2975 943 3021 ξύλον
963 2979 1113 3033 εἴρηται·

89 3034 128 3071 οὗ
152 3033 219 3111 γὰρ
237 3034 361 3087 μικρὸν
393 3034 434 3073 τὸ
453 3038 598 3085 μαθεῖν,
619 3035 675 3075 διὰ
699 3034 734 3074 τί
749 3036 878 3085 ταύτην
896 3038 961 3088 τὴν
979 3055 1115 3092 προση-

89 3095 209 3146 γορίαν
238 3095 311 3148 ἔχει
346 3095 406 3134 καὶ
435 3095 549 3142 ξύλον.
586 3097 658 3137 Καὶ
677 3097 746 3151 γὰρ
772 3103 791 3139 6
811 3101 970 3147 διαὸολος
993 3107 1110 3142 εἶπεν·

89 3148 185 3210 ῗιψῌ
168 3171 207 3195 αν
235 3161 304 3208 ἧμ,
291 3157 352 3210 ’ρα
379 3157 514 3210 φάγητε
533 3159 603 3198 ἀπὸ
619 3175 680 3198 του
702 3159 827 3211 ξύλου,
846 3164 1109 3218 διανοιχθητον-

92 3232 150 3254 ται
176 3219 273 3268 ὑμῶν
299 3222 330 3257 οἱ
361 3219 550 3272 ὀφθαλμοὶ,
575 3219 635 3258 καὶ
661 3220 778 3260 ἔσεσθε
805 3226 852 3267 ὡς
881 3225 971 3273 θεοὶ,
1002 3225 1110 3277 γινώ-

93 3292 231 3323 σκοντες
259 3279 364 3319 καλὸν
395 3280 453 3319 και
485 3281 647 3334 πονηρόν.
703 3285 787 3327 Πῶς
823 3279 881 3324 ουν
913 3303 954 3326 συ
986 3287 1111 3339 λέγεις,

94 3338 218 3389 φησιν,
248 3340 302 3379 ὅτι
332 3342 395 3380 οὐκ
420 3341 560 3390 ἓνεθηκε
577 3347 705 3396 γνῶσιν
724 3348 830 3385 καλοῦ
859 3348 918 3386 καὶ
937 3352 1110 3402 πονηροῦ,

94 3399 157 3444 si<
195 3400 280 3453 γὰρ,
320 3402 396 3442 εἶπέ
435 3420 514 3455 μοι,
558 3406 693 3452 ,νέθηκε
697 3423 738 3444 ν·
730 3437 739 3453 ,
781 3412 847 3459 ἀρα
885 3411 902 3447 6
935 3409 1109 3455 διαῧολος;

1187 2801 1283 2838 rum,
1300 2786 1347 2825 de
1375 2785 1555 2838 conjugali
1576 2785 1825 2838 conjunctione
1852 2794 1886 2824 et
1908 2786 1954 2826 de
1984 2798 2085 2841 patre
2104 2806 2146 2830 ac

1186 2856 1299 2886 matre
1310 2863 1322 2899 3
1350 2846 1450 2899 quod
1470 2846 1681 2886 mandatum
1702 2847 1888 2900 acceperit.
1906 2849 2029 2901 Neque
2049 2853 2144 2892 enim

1185 2907 1396 2947 mandatum
1404 2907 1466 2947 dat
1474 2907 1713 2960 quisquamac
1724 2907 1839 2961 legem
1848 2907 1893 2948 de
1902 2910 2008 2951 rebus
2019 2926 2141 2965 geren-

1182 2969 1240 3010 dis
1264 2978 1327 3008 aut
1348 2983 1419 3008 non
1445 2968 1608 3022 gerendis
1625 2968 1669 3019 ei,
1688 2968 1749 3021 qui
1775 2969 1909 3009 bonum
1938 2985 1980 3011 ac
2003 2975 2139 3013 malum

1182 3031 1334 3084 ignoret.
1342 3030 1460 3070 Hodie
1472 3030 1591 3069 dicere
1605 3044 1720 3084 operae
1732 3030 1840 3070 fuerit
1856 3033 2138 3087 pretium,quam

1181 3094 1230 3133 ob
1237 3107 1396 3141 causam,
1405 3093 1435 3132 si
1446 3107 1466 3132 a
1475 3092 1576 3145 ligno
1590 3093 1774 3132 scientiam
1783 3092 1891 3133 homo
1902 3109 1972 3134 non
1983 3098 2133 3150 accepit,

1182 3156 1321 3208 lignum
1337 3154 1492 3194 scientiae
1506 3153 1591 3194 boni
1606 3168 1648 3193 ac
1663 3154 1750 3193 mali
1765 3155 1872 3194 suerit
1886 3157 2104 3209 appellatum
2124 3175 2132 3196 ε
2151 3169 2226 3197 Gen.
2241 3177 2269 3198 2.
2291 3176 2320 3205 9·

1182 3231 1294 3269 neque
1313 3215 1409 3256 enim
1432 3216 1522 3255 levis
1546 3217 1716 3255 momenti
1739 3217 1849 3256 suerit
1873 3217 2052 3267 didicisse,
2070 3234 2134 3259 cur

1181 3279 1258 3318 haec
1272 3277 1464 3331 appellatio
1481 3277 1580 3330 ligno
1595 3277 1642 3317 sit
1656 3276 1784 3317 indita.
1808 3279 1900 3317 Nam
1916 3288 1950 3317 et
1968 3279 2134 3320 diabolus

1183 3340 1303 3379 dixit:
1329 3341 1417 3392 Qua
1444 3341 1508 3379 die
1535 3340 1862 3378 manducaveritis
1890 3340 1937 3378 de
1961 3354 2017 3390 eo,
2047 3357 2134 3395 ape·
2157 3361 2232 3390 Gen.
2249 3359 2318 3389 3⁴3,

1186 3412 1334 3447 rieneur
1349 3408 1453 3446 oculi
1471 3410 1605 3451 vestri,
1624 3417 1659 3447 et
1675 3409 1779 3446 eritt‘s
1800 3410 1896 3452 sicut
1916 3408 1984 3453 dii,
2009 3414 2132 3449 scien·
