2516 3791
766 168 804 197 ΙΝ
843 167 945 196 cu).
988 165 1049 195 vi.

134 254 200 292 τῶν
217 251 387 291 τοσούτων
406 249 685 304 ἁμαρτημάτων.
699 250 832 289 Ἰἰννόει
847 264 906 300 μοι
921 249 1041 288 λοιπὸν
1056 248 1158 288 ποίαν

134 313 221 356 εἰκὸς
237 313 328 364 ἔχειν
346 313 462 366 ψυχὴν
477 312 534 350 τὸν
558 311 689 350 δίκαιον
710 310 829 349 zoom
851 314 962 349 ταῦτα
990 309 1158 348 ἀκούοντα

131 374 227 426 παρὰ
246 377 306 411 τοῦ
325 373 518 412 Δεσπότου.
532 374 575 411 1·ζί
589 373 657 425 γὰρ
674 373 734 411 καὶ
754 372 886 418 πολλὴν
903 371 1032 424 ἀρετὴν
1046 373 1158 423 ἑαυτῷ

132 435 291 488 συνῄδει,
312 437 389 474 ἀλλ’
407 435 501 486 ὅμως
517 437 577 474 οὐκ
604 435 810 486 duay-Auo<
831 435 969 487 ἐδέχετο
992 433 1036 472 τὰ
1057 434 1156 485 λεγό-

132 512 232 548 μενα.
261 496 499 549 (Ιὶιλόστοργον
532 495 599 548 γὰρ
627 499 696 534 τῶν
724 494 867 534 δικαίων
893 496 933 534 τὸ
954 494 1074 546 γένος,
1098 494 1158 531 καὶ

130 557 218 610 ὑπὲρ
248 561 310 604 τῆς
345 561 413 595 τῶν
448 558 563 595 ἄλλων
592 556 766 608 σωτηρίας
802 556 916 594 πάντα
953 555 992 594 ἂν
1024 554 1157 594 ἕλοιντο

131 618 280 662 εὗκολως
299 620 596 669 ὺπομεῖναι.·Πῶς
610 618 724 656 τοίνυν
741 617 831 660 εἰκὸς
845 610 887 663 ἦν
901 619 940 656 ἐκ
957 619 1026 654 τῶν
1043 615 1156 667 ῥημά·

132 694 199 716 των
213 679 341 717 τούτων
357 678 562 731 συνέχεσθαι
578 679 636 718 τὸν
652 677 843 728 θαυμάσιον
859 680 980 715 τοῦτον
998 677 1156 728 ὑπογρά-

132 756 239 792 φοντα
258 741 325 787 ἤδη
354 743 403 792 τῷ
422 742 580 791 λογισμῷ
613 739 676 786 τὴν
697 738 860 777 ἁπάντων
887 736 1076 784 ἀπώλειαν,
1096 737 1156 776 καὶ

130 801 194 848 τὴν
206 805 267 848 τῆς
284 800 429 843 κτίσεως
449 800 588 846 ἁπάσης
601 799 747 852 φθορὰν,
764 798 848 842 ἴσως
864 798 940 837 οὐδὲ
957 798 1038 851 περὶ
1050 800 1156 837 αὐτοῦ

129 877 164 900 τι
182 861 335 914 χρηστὸν
348 860 605 908 ὑποπτεύοντα;
625 860 775 900 Οὐδέπω
795 860 862 912 γὰρ
886 855 928 908 ἦν
944 862 1039 913 αὐτῷ
1055 864 1156 899 τοῦτο

129 923 287 974 φανερόν.
318 921 383 960 Ἵν”
409 915 467 959 οὖν
497 922 545 972 μὴ
581 921 855 974 διαταράττηται
885 921 944 960 τὸν
974 922 1154 974 λογισμὸν,

129 983 219 1022 ἀλλὰ
239 983 368 1035 μικράν
390 998 468 1022 τινα
487 982 713 1036 παραμυθίαν
734 985 768 1021 ἐν
788 985 838 1035 τῷ
858 982 1003 1036 τοιούτῳ
1019 983 1155 1036 μεγέθει

127 1048 190 1091 τ’ἧς
205 1044 354 1096 ἀθυμίας
373 1050 470 1097 σχεῖν
491 1046 639 1096 δυνηθῇ,
656 1044 774 1090 ἐπειδὴ
801 1044 951 1089 ἐδίδαξεν
973 1045 1074 1083 αὐτὸν
1093 1048 1155 1091 τῆς
1181 1069 1190 1081 1

128 1105 254 1149 κακίας
272 1108 383 1144 αὐτῶν
401 1105 462 1152 τὴν
484 1105 693 1157 ὑπερὲολὴν,
709 1105 767 1143 καὶ
781 1106 834 1144 ὅτι
850 1106 970 1158 καιρὸς
990 1106 1155 1144 κατεπεί-

128 1182 182 1218 γει
200 1166 319 1205 λοιπὸν
340 1169 497 1205 ἀπαιτῶν
520 1169 660 1218 βαθεῖαν
682 1166 803 1211 αὐτοὺς
829 1166 988 1211 δέξασθαι
1010 1167 1074 1214 τὴν
1092 1183 1154 1206 το-

130 1227 213 1278 μὴν,
236 1227 319 1280 φησὶ
350 1228 433 1279 πρὸς
462 1228 564 1265 αὐτόν
579 1243 586 1251 ·
609 1227 772 1271 ἐκείνους.
787 1227 850 1279 μὲν
881 1229 992 1273 κοινὸς
1018 1231 1155 1283 ὄλεθρος

128 1289 318 1333 ἐκδέξεται,
335 1290 388 1327 Σὺ
416 1287 451 1326 δὲ
480 1288 625 1336 ποίησον
645 1293 780 1342 σεαυτῷ
807 1289 970 1328 κιὸωτόν.
991 1290 1039 1328 Τί
1059 1293 1154 1339 ἐστι,

129 1349 180 1388 Σὺ
199 1349 255 1396 δέ;
275 1349 422 1395 Ἐπειδὴ
443 1351 505 1388 οὐκ
524 1349 757 1397 ε’κοινώνησας
783 1351 901 1393 αὐτοῖς
923 1353 986 1397 τῆς
1006 1351 1154 1399 κακίας,

129 1409 219 1448 ἀλλὰ
247 1409 306 1447 καὶ
323 1408 411 1460 μετὰ
441 1412 566 1462 ἀρετῆς
597 1410 655 1448 τὸν
686 1410 759 1461 βίον
791 1410 869 1449 ὅλον
892 1410 1074 1458 διήνυσας,
1098 1411 1154 1450 διὰ

126 1470 227 1510 τοῦτό
263 1486 316 1509 σοι
355 1471 564 1523 προστάττιι)
601 1471 750 1509 κιὸωτὸν
790 1473 1055 1511 κατασκευάσαι
1087 1473 1154 1512 Ἐκ

128 1531 237 1576 ξύλων
274 1530 520 1585 τετραγώνων,
567 1532 747 1579 ἀσήπτων.
799 1534 954 1578 Νοσσιὰς
997 1534 1154 1582 ποιήσεις

125 1592 190 1640 τὴν
213 1592 374 1641 κιὸωτον,
405 1593 464 1631 καὶ
498 1593 741 1646 ἀσφαλτώσεις
776 1593 899 1639 ἔξωθεν
931 1595 991 1633 καὶ
1024 1595 1153 1634 ἔσωθεν

128 1653 236 1700 αὐτὴν
257 1656 300 1706 τῇ
321 1654 503 1707 ἀσφάλτῳ.
525 1654 646 1694 Ἔστω
666 1655 700 1694 δὲ
728 1656 937 1710 τριακοσίων
967 1660 1093 1709 πηχῶν
1111 1657 1152 1696 τὸ

128 1718 258 1765 μῆκος,
277 1716 337 1754 καὶ
356 1716 572 1762 πεντήκοντα
598 1716 637 1754 τὸ
655 1717 787 1761 πλάτος
799 1747 809 1765 ,
826 1717 886 1755 καὶ
906 1718 1094 1770 τριάκοντα
1113 1719 1152 1757 τὸ

127 1776 223 1828 ὕψος.
253 1777 500 1828 Ἐπισυνάγων
531 1778 690 1824 ποιήσεις
720 1778 782 1825 τὴν
823 1778 986 1826 κιὸωτὸν,
1017 1779 1076 1817 καὶ
1104 1781 1151 1823 εἷς

125 1841 242 1889 π’ἧχυν
263 1838 475 1881 συντελέσεις
492 1838 600 1884 αὐτὴν
617 1838 759 1886 ἄνωθεν,
779 1839 843 1886 τὴν
863 1839 898 1877 δὲ
918 1838 1024 1892 θύραν
1044 1839 1150 1886 ποιή-

125 1913 196 1941 σεις
227 1901 266 1937 ἐκ
291 1898 462 1950 πλαγίων,
491 1898 668 1950 κατάγαιοι
696 1898 850 1953 διώροφα
884 1900 943 1938 καὶ
972 1899 1151 1953 τριώροφα

125 1960 284 2006 ποιήσεις
315 1958 438 2005 αὐτήν.
460 1959 592 1998 Σκόπει
611 1962 704 1998 Θεοῦ
725 1960 988 2012 συγκατάὸασιν
1004 1961 1064 1998 καὶ
1091 1961 1150 1999 δύ-

125 2036 228 2070 ναμιν
245 2020 386 2072 ἄφατον,
401 2019 460 2058 καὶ
476 2020 738 2072 φιλανθρωπίαν
761 2026 775 2042 ·”
789 2021 904 2060 πάντα
924 2021 1023 2073 λόγον
1039 2024 1149 2074 ὑπερ-

126 2081 324 2120 Εαίνουσαν.
346 2081 458 2131 Ὁμοῦ
480 2082 539 2119 καὶ
558 2081 620 2128 τὴν
647 2081 727 2135 περὶ
745 2081 803 2120 τὸν
831 2082 962 2121 δίκαιον
984 2082 1147 2135 πρόνοιαν

123 2142 355 2180 ἐπιδείκνυται
392 2142 619 2194 προστάττων
645 2145 740 2195 αὐτῷ
768 2143 831 2189 τὴν
861 2144 1012 2184 κιὸωτὸν
1038 2160 1147 2183 κατα-

121 2202 307 2251 σκευάσαι,
331 2202 390 2241 καὶ
419 2202 664 2254 διαταξάμενος
688 2203 748 2242 καὶ
771 2203 829 2242 τὸν
850 2204 979 2257 τρόπον
995 2208 1059 2250 τῆς
1078 2221 1146 2244 κα·

119 2267 307 2310 τασκευῆς,
326 2264 434 2303 καὶτὸ
451 2268 578 2315 μῆκος,
597 2264 658 2303 καὶ
677 2266 716 2304 τὸ
739 2266 890 2316 πλάτος,
910 2267 969 2306 καὶ
989 2267 1028 2306 τὸ
1041 2267 1146 2320 ὕψος,

119 2324 180 2362 καὶ
209 2324 435 2377 παραμυθίαν
457 2327 551 2377 αὐτῷ
570 2325 751 2378 χαρίζεται
787 2327 969 2379 μεγίστην,
1003 2328 1147 2374 ἐλπίδας

121 2387 214 2437 αὐτῷ
233 2385 406 2439 σωτηρίας
424 2386 635 2439 ὑπογράφων
650 2387 708 2426 διὰ
728 2390 790 2435 τῆς
815 2392 1034 2436 κατασκευῆς
1048 2421 1057 2438 ,
1079 2393 1143 2429 κά-

121 2445 254 2490 κείνους
266 2446 344 2490 rob<
358 2450 509 2485 τοσαῦτα
521 2448 771 2501 ἡμαρτηκότας
789 2451 995 2502 βουλόμενος
1010 2452 1067 2490 διὰ
1083 2455 1145 2499 τῆς

121 2511 339 2554 κατασκευῆς
369 2511 431 2555 τῆς
459 2509 609 2550 κιὲωτοῦ
640 2513 687 2555 εἷς
722 2512 853 2552 ἔννοιαν
887 2513 1049 2559 ἐλθόντας
1074 2519 1144 2554 τῶν

122 2570 238 2612 αὐτοῖς
272 2570 524 2623 εἰργασμένων,
553 2572 613 2610 καὶ
643 2574 828 2624 μετάνοιαν
866 2576 1146 2628 ἐπιδειξαμένους

121 2633 186 2677 τῆς
203 2632 473 2683 ἀγανακτήσεως
497 2633 560 2680 τὴν
580 2640 702 2687 πεῖραν
732 2636 780 2687 μὴ
805 2636 938 2677 λαὸεῖν.
959 2639 1050 2678 Οὐδὲ
1076 2639 1144 2693 γὰρ

119 2691 232 2742 ὀλίγος
244 2691 365 2744 χρόνος
386 2693 492 2732 πάλιν
511 2695 626 2739 αὐτοῖς
638 2696 724 2748 πρὸς
739 2698 924 2749 μετάνοιαν
941 2701 1142 2754 παρεσχέθη

121 2756 179 2794 διὰ
203 2760 264 2804 τῆς
286 2761 503 2805 κατασκευῆς
517 2762 580 2806 τῆς
597 2760 768 2810 κιὸωτοῧ,
797 2763 888 2803 ἀλλὰ
919 2765 978 2803 καὶ
1009 2765 1142 2818 σφόδρα

119 2822 226 2868 πολὺς
242 2824 302 2862 καὶ
320 2824 454 2873 ἱκανὸς,
472 2827 501 2864 εἷ
516 2826 565 2877 μὴ
584 2827 717 2881 σφόδρα
736 2824 825 2877 ἦσαν
841 2831 1041 2884 ἀγνώμονες
1053 2863 1063 2881 ,
1079 2849 1142 2871 κα-

120 2889 294 2935 ταπτῆξαι
333 2891 418 2942 πρὸς
455 2891 518 2938 τὴν
557 2893 736 2947 διόρθωσιν
774 2899 842 2936 τῶν
883 2900 1137 2952 ἔπταισμένων.

119 2956 223 3000 Εἰκὸς
244 2955 311 3008 γὰρ
331 2956 474 2996 ἕκαστον
498 2961 608 2999 αὐτῶν
627 2965 762 3016 ὁρῶντα
773 2966 832 3004 τὸν
848 2966 981 3005 δίκαιον
1000 2983 1139 3007 τεκται-

119 3021 259 3074 νόμενον
282 3023 345 3071 τὴν
361 3024 509 3064 κιὸωτὸν
526 3027 589 3075 τὴν
608 3029 723 3068 αἰτίαν
744 3033 977 3072 πυνθάνεσθαι
995 3038 1058 3082 τ’ἧς
1077 3051 1140 3074 κα-

120 3092 290 3136 τασκευῆς
302 3118 310 3134 ,
327 3084 401 3128 εἶτα
431 3093 588 3143 μαθόντα
607 3099 666 3134 τοῦ
682 3098 776 3136 Θεοῦ
799 3099 861 3146 τὴν
882 3101 1138 3152 ἀγανάκτησιν,

120 3155 168 3198 εἷς
186 3155 343 3203 αἴσθησιν
361 3159 467 3198 ἐλθεῖν
483 3163 552 3199 τῶν
574 3163 710 3202 οἰκείων
741 3166 1022 3219 ἁμαρτημάτων,
1043 3168 1140 3220 εἴπερ

121 3220 312 3262 ἐὸούλοντο.
331 3226 419 3264 Ἀλλ’
454 3228 577 3268 ἐκεῖνοι
597 3231 673 3270 οὐδὲ
707 3233 862 3272 ἐντεῦθεν
895 3235 1082 3288 ἐκέρδαναν
1108 3253 1140 3274 τι
1164 3247 1187 3276 Ι)
1213 3244 1437 3288 pcccatorum
1453 3245 1598 3272 suorum
1618 3231 1748 3281 venire,
1758 3230 1787 3269 si
1801 3230 1948 3282 quidem
1961 3231 2166 3271 voluissent.
2231 3245 2370 3273 nimum

165 3357 176 3369 ·“
194 3346 344 3382 sax-'1141
367 3349 503 3393 quidam
530 3354 606 3388 Mss.
626 3361 724 3396 πάντα
751 3361 846 3400 >oyem
873 3358 987 3393 Morcl.
1012 3368 1044 3392 et
1072 3359 1126 3393 alii
1145 3365 1245 3395 πάντα
1261 3364 1336 3393 νοῦν.

1090 165 1250 196 CRM-ts.

1170 1013 1214 1039 2:¹¹

1291 165 1447 196 nomn..
1488 166 1612 196 XXlV.

2104 155 2196 219 250

1235 263 1317 287 cum
1336 249 1412 288 haec
1450 263 1470 287 a
1500 249 1656 288 Domino
1675 249 1842 288 audiret?
1865 252 1957 290 Nam
1975 252 2054 291 licet
2076 254 2195 292 inultm

1234 310 1378 349 virtutis
1408 309 1478 349 sibi
1513 310 1674 349 conscius
1704 319 1806 360 esset,
1833 325 1901 349 uon
1927 321 2042 350 tamen
2063 313 2195 364 absque

1234 370 1359 410 dolon:
1383 385 1463 422 qum
1479 371 1692 410 dicebantur
1711 373 1859 425 accepit.
1888 372 1942 411 Ad
1964 373 2191 412 dilectionem

1197 438 1207 467 I
1234 433 1329 471 enim
1346 447 1561 486 propensum
1580 435 1822 486 estjustorum
1835 444 2004 485 genus,‹·t
2023 449 2088 487 pro
2100 436 2190 473 alio-

1233 505 1314 528 rum
1334 491 1449 529 salute
1463 491 1553 544 justi
1579 506 1728 543 quasque
1748 492 1899 531 libenter
1917 493 2059 532 ferenda
2080 496 2192 532 susci-

1232 560 1367 602 perent.
1401 553 1484 598 Quo
1506 553 1619 602 igitur
1640 554 1768 591 affectu
1786 553 1895 592 fuisse
1917 554 2112 592 verisimile
2143 565 2194 593 est

1231 612 1404 650 eximium
1417 613 1763 661 illun1vi1·um,cu1n
1777 615 1811 652 in
1827 624 1943 654 mente
1953 630 2015 654 sua
2032 616 2193 654 omnium

1230 672 1417 711 interitum
1437 682 1471 711 et
1487 673 1598 711 totius
1616 683 1750 712 natura,-
1767 676 1960 727 perniciem
1976 686 2144 725 versaret,
2159 687 2193 715 et

1229 733 1389 772 fortassis
1410 747 1475 771 nec
1493 734 1561 771 sibi
1582 733 1650 785 ipsi
1664 735 1866 785 jucundum
1882 736 2068 789 quidpiam
2088 738 2193 790 polli—

1230 794 1396 832 ceretur?
1432 794 1604 832 Nondum
1643 794 1739 832 enim
1778 795 1952 845 quiddam
1983 796 2029 834 de
2063 797 2130 836 hac
2156 813 2192 836 re

1230 864 1454 907 compertum
1477 855 1644 893 hahebat.
1664 856 1715 894 Ut
1738 855 1850 906 igitur
1874 866 1991 894 mente
2021 871 2090 896 non
2117 868 2191 897 tur-

1229 915 1386 966 baretur,
1407 917 1469 955 sed
1484 923 1636 970 parvam
1655 913 1849 967 quamdam
1869 918 2144 957 consolationem
2156 920 2190 958 in

1231 985 1328 1015 tanta
1338 979 1500 1016 moeroris
1515 977 1764 1029 magnitudine
1777 978 1938 1030 accipere
1950 989 2080 1032 posset,
2096 990 2192 1033 post-

1229 1052 1336 1090 quam
1351 1039 1474 1077 docuit
1500 1053 1584 1077 eum
1603 1038 1749 1076 malitia}
1781 1038 1931 1079 illorum
1963 1040 2191 1092 gravitatem,

1229 1113 1271 1137 ac
1285 1108 1426 1153 tempus
1442 1113 1584 1152 urgere,
1602 1108 1642 1137 ut
1661 1098 1839 1152 profunda
1854 1099 1909 1137 illi
1930 1101 2083 1140 sectione
2101 1102 2190 1140 inci-

1228 1160 1371 1211 dantur,
1390 1161 1478 1200 dicit
1490 1161 1519 1199 ei
1539 1177 1547 1198 ε
1569 1161 1654 1199 lllos
1673 1160 1819 1212 quidem
1844 1163 2044 1200 communis
2072 1164 2190 1215 perni-

1230 1222 1299 1261 cies
1314 1223 1489 1275 excipiet:
1507 1224 1568 1261 14.
1592 1223 1649 1260 Tu
1669 1236 1764 1260 vero
1776 1223 1846 1274 sac
1868 1226 1939 1260 tibi
1957 1226 2030 1275 ipsi
2041 1238 2187 1263 arcam.

1229 1284 1328 1332 Quid
1346 1294 1412 1332 est,
1433 1286 1491 1323 Tu
1501 1298 1596 1322 vero
1609 1288 1626 1321 Ρ
1643 1283 1738 1330 Quia
1759 1298 1828 1322 non
1848 1285 2118 1324 communicasti
2133 1301 2188 1324 eo-

1228 1359 1310 1384 rum
1340 1345 1522 1397 nequitiae,
1544 1344 1606 1383 sed
1632 1358 1773 1383 omnem
1792 1344 1828 1383 in
1849 1345 2046 1384 virtutibus
2078 1347 2189 1385 vitam

1226 1407 1393 1460 peregisti
1416 1424 1423 1444 :
1446 1407 1528 1446 ideo
1549 1407 1616 1445 tibi
1632 1407 1784 1459 impero,
1805 1416 1846 1444 ut
1864 1417 2027 1446 exstruas
2070 1423 2189 1447 arcam

1228 1470 1294 1507 Ex
1313 1470 1430 1521 lignis
1445 1469 1650 1522 quadratis
1665 1471 1914 1520 incorruptis.
1931 1470 2190 1508 Mansiuncu-

1231 1530 1291 1568 las
1303 1544 1371 1583 per
1402 1544 1538 1568 arcam
1541 1530 1688 1583 facies,
1709 1537 1746 1567 et
1759 1529 1977 1581 glutinabis
2005 1532 2189 1569 intrinse-

1229 1605 1297 1630 cus
1316 1600 1352 1629 et
1367 1594 1606 1630 extrinsecus
1625 1604 1711 1628 eam
1729 1592 1926 1628 bitumine.
1948 1592 2011 1629 15.
2041 1592 2098 1630 Sit
2120 1606 2190 1630 au-

1229 1661 1303 1690 tem
1345 1661 1602 1690 trecentorum
1642 1653 1856 1689 cubitorum
1890 1652 2092 1704 longitudo
2110 1683 2122 1699 ,
2153 1663 2189 1690 et

1229 1715 1518 1765 quinquaginta
1543 1712 1725 1758 latitudo,
1742 1720 1777 1750 ct
1791 1714 1953 1764 triginta
1972 1715 2189 1751 cubitorum

1230 1773 1417 1811 altitudo.
1449 1775 1512 1814 16,
1540 1773 1880 1825 Colligensfacies
1909 1787 2058 1820 arcam,
2085 1783 2122 1813 et
2147 1778 2189 1812 ιἰι

1225 1837 1397 1873 cubitum
1411 1836 1698 1873 consummabis
1716 1836 1799 1887 ejus
1809 1837 2070 1873 summitatem
2084 1852 2099 1881 ,·
2123 1839 2187 1889 ja-

1226 1910 1344 1934 nuam
1365 1905 1496 1934 autem
1503 1897 1637 1948 facies
1655 1909 1680 1933 a
1701 1895 1836 1942 latere,
1867 1897 2060 1935 cubiculis
2075 1899 2185 1936 bica-

1225 1959 1396 2004 meratis‚
1416 1965 1451 1995 et
1465 1959 1728 2010 tricameratis·
1733 1958 1857 2007 facies
1871 1971 1970 1997 eam.
1987 1957 2182 1996 Considera

1224 2017 1485 2069 indulgentiam
1503 2017 1584 2064 Dei,
1601 2026 1635 2055 et
1654 2017 1872 2056 ineffabilem
1892 2018 2060 2057 virtutem
2080 2020 2184 2059 mise-

1224 2078 1487 2129 ricordiamque
1506 2092 1646 2117 omnem
1664 2078 1837 2116 rationem
1859 2079 2179 2119 transcendentem.

1223 2139 1342 2178 Simul
1360 2139 1518 2177 declarat
1535 2148 1569 2177 et
1585 2153 1686 2177 suam
1705 2152 1786 2190 erga
1814 2139 1954 2191 justum
1988 2141 2182 2193 providen-

1222 2199 1321 2250 tiam,
1337 2209 1378 2238 ut
1395 2200 1678 2238 fabricetarcam
1697 2199 1751 2237 illi
1770 2199 1949 2252 imperans
1965 2216 1972 2237 :
1993 2201 2182 2240 ordinans-

1221 2276 1291 2313 que
1306 2261 1449 2300 interim
1461 2261 1610 2300 modum
1621 2261 1656 2299 in
1673 2275 1778 2312 quem
1794 2262 2041 2311 construenda,
2055 2277 2181 2316 nempe

1221 2323 1258 2362 in
1273 2337 1381 2375 quam
1396 2322 1671 2375 longitudinem,
1687 2322 1913 2361 latitudinem
1931 2333 1965 2362 et
1977 2324 2179 2363 sublimita-

1220 2394 1306 2436 tem,
1327 2394 1362 2423 et
1382 2385 1580 2423 maximam
1596 2384 1627 2422 ei
1648 2383 1925 2422 consolationem
1943 2385 2059 2433 affert,
2079 2400 2179 2438 spem

1221 2447 1347 2486 salutis
1361 2461 1425 2499 per
1441 2459 1531 2484 arcae
1552 2444 1854 2483 constructionem
1872 2444 2073 2493 ostendens,
2098 2446 2178 2484 illos

1220 2523 1362 2561 quoque
1380 2508 1442 2559 qui
1453 2517 1524 2545 tam
1535 2507 1691 2559 graviter
1703 2515 1933 2559 peccaverant
1946 2507 2178 2546 fabricatione

1220 2585 1310 2609 arcae
1331 2568 1514 2608 admoneri
1535 2567 1668 2616 volens,
1686 2577 1724 2605 ut
1741 2581 1862 2605 secum
1883 2567 2080 2618 cogitarent
2099 2582 2176 2619 qua:

1218 2633 1396 2681 fecissent,
1415 2627 1724 2682 resipiscendoque
1737 2627 2018 2679 indignationem
2031 2642 2099 2666 non
2115 2643 2176 2668 cx-

1217 2697 1433 2750 perirentur.
1453 2695 1576 2745 Neque
1588 2694 1683 2732 enim
1697 2708 1852 2746 parvum
1866 2693 1940 2731 illis
1955 2702 2095 2747 tempus
2110 2694 2174 2733 d'e-

1217 2779 1288 2804 nuo
1325 2763 1369 2802 ad
1388 2761 1666 2815 resipiscentiam
1690 2774 1894 2799 concessum
1920 2769 1972 2799 est
1994 2775 2058 2814 per
2084 2776 2173 2801 arca:

1216 2831 1516 2872 constructionem
1534 2844 1541 2865 :
1565 2827 1626 2866 sed
1640 2827 1743 2880 plane
1763 2827 1917 2865 multum
1938 2836 1971 2866 et
1992 2828 2172 2869 sufficiens

1214 2899 1353 2948 fuisset,
1369 2896 1436 2935 nisi
1452 2895 1541 2934 adeo
1557 2894 1687 2946 ingrati
1708 2893 1853 2932 fuissent
1865 2903 1898 2932 et
1911 2894 2043 2948 stupidi
2060 2895 2106 2934 ad
2116 2911 2170 2934 er-

1213 2975 1372 3004 ratorum
1389 2961 1682 3001 emendationem.
1701 2961 1769 2998 Par
1787 2961 1881 3000 enim
1900 2971 1988 3013 erat,
2009 2963 2170 3015 singulos

1211 3048 1335 3073 eorum
1357 3046 1439 3071 cum
1466 3029 1629 3069 viderent
1645 3029 1811 3081 justum,
1832 3029 1892 3081 qui
1928 3028 2169 3068 fabricabatur

1211 3113 1346 3149 arcam,
1367 3111 1510 3136 causam
1529 3095 1800 3134 constructionis
1818 3095 2012 3134 sciscitatos
2028 3111 2113 3146 esse,
2135 3107 2168 3135 et

1211 3167 1353 3219 cognita
1382 3165 1507 3204 divina
1538 3162 1796 3216 indignatione,
1836 3163 1919 3202 inde
1940 3163 1988 3202 ad
2026 3178 2167 3204 sensum

1926 3399 1984 3436 18.
