2516 3791
618 189 623 192 ’
673 179 713 209 lN
752 178 854 207 (lan.

91 288 151 319 της
174 269 367 319 ἠξιώθημεν
395 264 625 318 ὑποσχέσεως.
653 263 743 306 Ὶόὺς
773 262 840 316 γὰρ
865 264 941 299 νοῧν
970 260 1111 312 ἔχοντας

91 333 148 371 καὶ
174 334 208 369 αἱ
235 328 426 381 εὐεργεσίαι
453 328 584 377 μᾶλλον
608 324 630 371 ἢ
654 327 689 363 αἱ
710 323 876 375 τιμωρίαι
907 322 1110 374 ἐφέλκονται

90 391 172 444 πρὸς
211 389 274 436 τὴν
311 387 468 434 ὑπακοὴν
506 389 575 424 τῶν
608 384 869 436 ἐπιταγμάτων.
908 383 968 430 Μὴ
1000 383 1110 420 τοίνυν

90 449 284 502 ἀγνώμονες
309 448 499 500 γινώμεθα.
531 448 573 485 lii
592 445 661 499 γὰρ
679 445 738 482 καὶ
763 445 844 496 πρὶν
870 444 892 490 ἥ
923 460 957 482 τι
982 443 1110 495 ἀγαθὸν

88 515 180 563 ἡμᾶς
200 510 456 554 ἐπιδείξασθαι,
474 510 605 558 μᾶλλον
627 506 660 546 δὲ
679 506 737 543 καὶ
753 506 928 549 κολάσεως
945 504 1023 549 ἄξια
1049 506 1110 556 ε’ρ-

88 572 303 624 γασαμένους
349 570 517 616 τοσαύτης
556 568 683 615 ἠξίωσε
723 570 786 613 τῆς
823 565 1039 619 εὐεργεσίας,
1081 567 1111 602 εἰ

89 631 299 684 εὐγνώμονες
318 630 517 683 γενώμεθα,
541 629 599 668 καὶ
616 628 678 675 τὴν
708 629 764 666 ἐπὶ
785 634 854 671 τοῖς
876 625 1111 679 προλαὸοῧσιν

89 693 312 745 εὐχαριστίαν
347 691 617 741 §affluit-Suana
644 689 704 728 καὶ
732 687 866 734 πολλὴν
898 686 961 733 τὴν
986 685 1044 724 ἐπὶ
1071 685 1112 723 τὸ

92 755 228 806 βέλτιον
249 753 446 804 μεταὸολὴν
469 752 715 803 ποιησώμεθα,
735 750 845 797 πόσης
870 751 931 787 οὐκ
947 747 985 786 ἂν
1004 747 1109 786 πάλιν

91 819 183 865 ἡμᾶς
198 814 328 866 ἀξιώσῃ
348 817 408 860 τῆς
427 816 510 865 παρ’
530 815 632 851 αὐτοῦ
651 810 868 864 φιλοτιμίας;
885 811 927 847 lii
947 807 1014 860 γὰρ
1031 810 1110 846 ἁνα-

895 176 956 206 ΙΧ.
994 174 1157 204 Gumis.

1196 173 1351 203 umm„
1393 172 1554 202 xxviii.
2044 161 2067 203 3
2084 178 2135 222 ¹¹.)

1182 258 1324 306 danmr,
1340 265 1373 294 ct
1389 270 1433 295 ex
1452 270 1492 293 co
1509 254 1606 307 quod
1632 255 1685 293 illi
1707 264 1850 308 propter
1869 257 2134 295 nuiltitiulinein

1183 329 1406 372 peccatorum
1430 318 1490 355 tali
1515 331 1615 370 poena
1633 317 1746 369 puniti
1771 326 1864 364 sunt,
1881 326 1914 354 et
1932 332 1976 355 ex
1988 318 2135 368 eoquod

1184 380 1244 418 illc
1273 393 1336 431 per
1362 377 1580 416 ineffabilem
1614 377 1893 415 miscricordiam
1923 391 2036 424 suam,
2076 392 2137 414 nus

1186 449 1279 478 tanta
1311 438 1548 492 promissione
1580 438 1750 490 dignatus
1773 447 1836 476 est.
1858 439 1949 476 Nam
1976 437 2138 475 cordatos

1184 501 1353 539 beneficia
1366 500 1478 551 magis
1497 514 1604 550 quam
1618 514 1729 552 poenae
1739 499 1901 538 alliciunt
1915 498 1962 537 ad
1974 498 2138 536 mandata

1182 561 1368 600 servanda.
1397 561 1512 611 Igitur
1536 575 1578 599 nc
1598 561 1709 599 simus
1734 561 1876 613 ingrati.
1901 561 1993 599 Nam
2021 560 2050 598 si
2077 574 2138 598 nos

1182 630 1370 672 antequam
1392 621 1507 659 ullum
1535 621 1705 659 bonitatis
1730 622 1905 674 specimen
1928 621 2139 660 exhibueri-

1134 688 1158 718 C
1182 697 1276 732 mus,
1296 682 1366 720 imo
1383 682 1489 720 etiam
1510 696 1591 720 cum
1609 683 1834 734 poenisdigna
1852 683 2047 731 fecerimus,
2067 691 2140 720 tau-

1184 752 1216 780 ta
1232 742 1404 794 dignatus
1421 751 1471 780 est
1490 743 1722 780 beneficentia
1738 759 1745 780 :
1761 744 1789 781 si
1803 744 1895 792 grati
1909 743 2093 791 fuerimus,
2107 753 2140 781 et

1181 801 1226 840 de
1240 802 1425 855 prioribus
1442 802 1575 853 gratias
1586 802 1828 852 retulerimus,
1842 804 2138 842 convertet-iuuis-

1183 877 1250 913 que
1263 877 1326 901 nos
1341 862 1387 900 ad
1404 863 1563 910 meliora,
1588 872 1720 913 quanta
1737 872 1811 901 tum
1832 863 1987 914 (lenique
2002 878 2064 900 nos
2084 863 2140 901 di-

1182 924 1351 975 gnabitur
1366 923 1578 962 liberalitate
1592 933 1625 961 et
1640 924 1754 976 gratia
1767 924 1785 961 ἶ)
1808 924 1846 962 Si
1866 924 1959 962 enim
1980 923 2138 975 indignis
2154 941 2230 969 nen,
2251 948 2339 972 mm„

1181 984 1229 1022 ita
1242 983 1429 1033 benefacit,
1441 993 1560 1023 ettam
1574 984 1751 1036 benignus
1765 994 1815 1023 est
1827 985 2072 1037 peccatoribus
2084 1001 2093 1033 ;
2107 985 2136 1023 si
2182 988 2339 1032 peccam}-

1181 1059 1199 1082 a
1209 1045 1361 1097 peccatis
1370 1044 1623 1094 destiterimus,
1635 1054 1668 1083 et
1680 1045 1847 1084 virtutem
1861 1055 2048 1097 sectemur,
2059 1060 2135 1097 quac
2148 1027 2233 1105 2:¹³⁴,
2250 1029 2342 1105 ‘¹¹¹3ssss

1182 1119 1250 1143 non
1259 1106 1512 1156 consequuturi
1532 1106 1880 1145 suinusi‘Enimvero
1896 1106 1962 1144 liae
1977 1106 2020 1144 de
2032 1120 2135 1144 eausa
2150 1117 2177 1137 ¹0
2193 1108 2344 1148 ¹¹¹·13isiu·

90 875 178 920 ξίους
204 875 303 917 ὄντας
333 876 522 926 εὐεργετεῖ,
555 873 612 910 καὶ
640 870 890 922 ἡμαρτηκότας
918 871 1110 921 φιλανθρω-

90 935 249 974 πεύεται·
271 937 299 972 εἰ
319 937 380 980 τῆς
398 933 524 977 κακίας
548 932 761 974 ἀποστάντες
777 930 839 978 τὴν
855 929 983 984 ἀρετὴν
1003 945 1110 980 μετα-

90 995 277 1047 διώξομεν,
306 995 408 1033 τίνων
428 995 491 1031 οὐκ
513 992 784 1044 ἐπιτευξόμεθα,
814 991 882 1030 Διὰ
913 991 981 1043 γὰρ
1009 994 1111 1029 τοῦτο

90 1056 348 1110 προλαμίάνων
375 1055 506 1099 πολλὰς
530 1057 576 1098 εἰς
602 1058 694 1105 ἡμᾶς
710 1053 771 1097 τὰς
788 1053 983 1105 εὐεργεσίας
998 1068 1108 1090 κατα-

90 1119 235 1166 τίθεται,
251 1118 310 1156 καὶ
323 1117 572 1169 ἡμαρτηκότας
588 1117 693 1155 πάλιν
712 1115 800 1160 ἀξιοῖ
816 1114 1036 1167 συγγνώμης,
1052 1113 1112 1152 καὶ
2151 1153 2221 1179 “w

90 1179 152 1222 τὰς
165 1178 334 1230 τιμωρίας
355 1178 451 1230 παρὰ
467 1178 575 1220 πόδας
590 1179 650 1216 οὐκ
668 1177 807 1228 ἐπάγει,
822 1175 878 1213 ἵνα
896 1175 951 1214 διὰ
972 1175 1111 1213 πάντων

93 1243 185 1289 ἡμᾶς
205 1240 454 1292 ἐφελκύσηται,
476 1239 533 1277 καὶ
562 1239 605 1276 δι’
639 1232 686 1276 ὧν
706 1239 897 1290 εὐεργετεῖ,
917 1236 976 1274 καὶ
999 1237 1042 1273 δι’
1065 1229 1113 1273 ὧν

94 1304 323 1352 μακροθυμεῖ.
344 1300 522 1343 Πολλάκις
547 1298 582 1337 δὲ
608 1298 666 1336 καὶ
686 1299 728 1336 δι’
749 1293 796 1335 ὧν
829 1297 937 1340 ἐνίους
963 1297 1114 1343 κολάζει,

1182 1166 1281 1219 prior
1296 1166 1369 1218 ipse
1385 1167 1496 1205 multa
1517 1166 1553 1205 in
1570 1181 1633 1206 nos
1654 1167 1825 1206 beneficia
1849 1170 1996 1217 confert,
2006 1177 2039 1206 ct
2057 1182 2139 1206 cum

1182 1227 1460 1280 peccavermius,
1481 1228 1611 1267 iterum
1629 1229 1730 1268 nobis
1750 1229 1893 1268 veniam
1913 1228 2088 1282 impartit,
2109 1239 2143 1267 et

1184 1288 1359 1340 supplicia
1375 1302 1442 1327 non
1463 1304 1482 1328 e
1500 1290 1650 1342 vestigio
1664 1291 1769 1329 infert
1791 1306 1798 1327 :
1820 1299 1859 1327 ut
1873 1304 1936 1342 per
1951 1290 2069 1328 omnia
2082 1303 2144 1327 nos

93 1360 228 1414 ἑτέρους
255 1361 387 1412 ἐνάγειν
408 1360 589 1412 βούλεται,
607 1359 662 1396 ἵνα
688 1361 737 1411 τῷ
757 1358 898 1396 ἐκείνων
918 1357 1014 1410 φόὸῳ
1043 1373 1117 1396 σω-
1138 1356 1163 1385 D
1185 1349 1338 1401 alliciat,
1361 1359 1395 1387 et
1414 1349 1504 1388 dum
1522 1351 1710 1400 benefacit,
1730 1360 1762 1389 et
1783 1350 1871 1389 dum
1889 1350 2027 1388 tolerat.
2044 1351 2146 1402 Saepe

94 1422 330 1474 φρονισθέντες
363 1425 424 1468 τῆς
453 1421 623 1473 τιμωρίας
654 1420 718 1467 τὴν
737 1425 860 1472 πεῖραν
890 1418 1117 1471 διαφύγωσιν.

98 1477 194 1526 Ιίἷδες
226 1488 240 1504 ³
253 1483 454 1535 εὐμήχανον
470 1485 573 1521 αὐτοῦ
594 1481 879 1534 φιλανθρωπίαν,
898 1483 973 1523 πῶς
1001 1480 1117 1518 πάντα

94 1545 136 1582 τὰ
157 1547 239 1597 παρ’
262 1546 366 1582 αὐτοῦ
390 1544 554 1596 γινόμενα
579 1544 622 1581 δι’
650 1542 685 1580 ἓν
712 1547 812 1580 τοῦτο
835 1541 938 1592 μόνον
964 1541 1117 1593 γίνεται,

94 1605 150 1644 διὰ
182 1606 245 1652 τὴν
272 1606 447 1658 σωτηρίαν
479 1606 542 1653 τὴν
561 1603 754 1656 ἡμετέραν,
783 1605 908 1642 Ταῦτα
926 1604 1038 1642 τοίνυν
1060 1606 1118 1641 ε’ν-

93 1671 244 1710 νοοῦντες
258 1697 267 1711 ,
295 1666 343 1717 μὴ
376 1668 604 1718 ῥᾳθυμῶμεν,
642 1665 730 1717 μηδὲ
764 1666 950 1716 ἀμελῶμεν
981 1667 1119 1717 ἀρετῆς,

95 1728 182 1778 μηδὲ
198 1727 274 1771 τοὺς
293 1731 375 1780 παρ’
394 1731 496 1766 αὐτοῦ
513 1727 670 1770 τεθέντας
689 1726 814 1777 νόμους
827 1725 1119 1779 παρατρέχιιψεν.

96 1789 182 1827 'tiam
202 1789 270 1840 γὰρ
289 1789 346 1840 ἴδῃ
366 1788 636 1841 ἐπιστρέφοντας
660 1792 773 1839 ἡμᾶς,
790 1787 849 1824 καὶ
868 1787 1119 1838 ἡσυχάζοντας,

95 1850 155 1887 καὶ
179 1850 267 1892 ὅλως
287 1850 397 1903 ἀρχήν
415 1866 492 1888 τινα
514 1848 760 1900 ποιουμένους,
779 1848 837 1886 καὶ
857 1848 958 1891 αὐτὸς
973 1847 1017 1886 τὰ
1036 1849 1120 1899 παρ’

95 1912 217 1948 ἑαυτοῦ
233 1911 460 1962 συνεισφέρει,
477 1914 588 1962 κοῦφα
603 1910 662 1947 καὶ
679 1910 780 1961 ῥᾴδια
798 1912 883 1958 ἡμῖν
904 1908 1042 1946 ἅπαντα
1057 1923 1120 1946 κα-

94 1972 328 2019 τασκευάζων,
349 1971 408 2010 καὶ
425 1974 488 2010 οὐκ
509 1971 619 2023 ἀφιεὶς
639 1970 714 2009 οὐδὲ
734 1970 894 2016 αἴσθησιν
915 1969 1034 2007 λαὸεῖν
1051 1972 1119 2007 τῶν

94 2036 155 2078 τῆς
176 2036 301 2085 ἀρετῆς
321 2033 446 2071 πόνων.
468 2032 579 2071 υ(.)ταν
609 2031 676 2083 γὰρ
701 2031 796 2083 ψυχὴ
825 2031 910 2083 πρὸς
942 2032 999 2070 τὸν
1028 2030 1118 2070 Θεὸν

94 2094 188 2143 τείνῃ
213 2094 274 2140 τὴν
295 2093 460 2139 διάνοιαν,
481 2096 541 2132 οὐκ
560 2093 611 2131 ἔτι
628 2093 746 2131 λοιπὸν
766 2095 990 2139 ἀπατηθῆναι
1010 2092 1117 2129 δύνα-

95 2171 153 2193 ται
169 2155 237 2193 ὑπὸ
251 2159 313 2201 τῆς
332 2155 441 2207 ὄψεως
457 2158 524 2192 τῶν
539 2153 724 2206 ὁρωμένων
735 2184 744 2202 ,
766 2153 857 2191 ἀλλὰ
874 2153 988 2190 πάντα
1005 2168 1118 2204 παρα-

94 2217 264 2269 τρέχουσα
277 2245 287 2261 ,
310 2214 555 2267 ἀκριίέστερον
575 2214 704 2253 τούτων
724 2218 792 2252 τῶν
809 2214 876 2267 πρὸ
893 2216 962 2252 τῶν
983 2215 1117 2265 ὀφθαλ-

94 2280 169 2327 μῶν
189 2279 289 2326 ἡμῶν
309 2276 476 2326 κειμένων
495 2277 608 2313 ἐκεῖνα
631 2275 838 2328 φαντάζεται
857 2274 902 2314 τὰ
921 2274 971 2326 μὴ
992 2274 1119 2326 βλεπό-

96 2354 183 2388 μενα
211 2343 281 2382 τοῖς
297 2342 510 2389 σωματικοῖς
527 2339 728 2389 ὀφθαλμοῖς,
750 2336 808 2374 καὶ
836 2336 1033 2387 μεταὸολὴν
1055 2338 1118 2374 οὐκ

94 2398 329 2449 ἐπιστάμενα,
348 2398 438 2436 ἀλλὰ
464 2399 628 2444 διηνεκῶς
654 2397 820 2447 μένοντα,
840 2397 900 2435 καὶ
918 2397 1116 2448 πεπηγότα,

95 2459 154 2497 καὶ
171 2460 318 2506 ἀκίνητα
332 2459 559 2512 τυγχάνοντα.
577 2461 736 2498 Τοιοῦτοι
750 2459 819 2512 γὰρ
837 2462 868 2497 οἱ
887 2461 949 2505 τῆς
965 2459 1118 2503 διανοίας

95 2517 266 2568 ὀφθαλμοί
282 2533 290 2540 ·
309 2518 392 2571 πρὸς
409 2517 471 2564 τὴν
496 2516 637 2556 ἐκείνων
656 2517 735 2556 θέαν
763 2519 928 2565 διηνεκῶς
948 2521 1116 2570 ἀφορῶσι,

1186 1409 1394 1448 etiamdum
1414 1411 1556 1462 aliquos
1577 1412 1695 1464 punit,
1717 1412 1806 1450 alios
1819 1426 1882 1464 per
1897 1412 1964 1449 hoc
1978 1411 2145 1450 inducere

1187 1470 1280 1520 vult,
1298 1480 1338 1509 ut
1353 1472 1500 1510 illorum
1515 1482 1611 1511 metu
1623 1473 1804 1525 castigati,
1825 1473 1991 1526 supplicii
2003 1473 2143 1525 pericu-

1188 1531 1266 1569 lum
1284 1533 1468 1585 effugiant.
1485 1534 1621 1574 Vidisti
1641 1535 1895 1587 sapientissimi
1908 1535 1972 1572 Dei
1984 1534 2148 1585 benigni-

1190 1602 1309 1644 tatem,
1326 1595 1508 1645 quomodo
1518 1596 1636 1634 onmia
1651 1610 1729 1647 quae
1744 1611 1808 1649 per
1823 1596 1939 1649 ipsum
1948 1596 2055 1646 fiunt,
2069 1610 2150 1648 pro-

1189 1664 1268 1706 pter
1297 1670 1409 1694 unum
1440 1657 1572 1706 solum,
1594 1672 1720 1710 nempe
1744 1658 1868 1696 salutis
1891 1667 2018 1695 nostrae
2044 1671 2147 1695 causa

1191 1717 1278 1754 liant
1290 1717 1308 1754 Ξ)
1320 1717 1404 1755 llaec
1423 1718 1542 1769 itaque
1563 1719 1772 1769 cogitantes,
1789 1733 1833 1756 ne
1860 1718 1972 1756 simus
1990 1717 2144 1763 desides,

1191 1791 1234 1814 nc
1255 1777 1425 1815 virtutem
1452 1779 1688 1830 negligamus,
1712 1793 1755 1816 ne
1774 1788 2024 1831 prcetereamus
2053 1779 2148 1830 leges

1191 1839 1236 1876 ab
1254 1839 1317 1876 illo
1338 1849 1501 1880 statutas,
1524 1842 1616 1879 Nam
1640 1841 1668 1878 si
1686 1840 1818 1879 viderit
1840 1855 1902 1878 nos
1922 1841 2094 1890 converti,
2113 1850 2147 1877 et

1191 1900 1380 1951 quiescere,
1419 1910 1451 1938 et
1473 1901 1692 1954 principium
1722 1902 1868 1953 aliquod
1897 1916 2039 1954 ponere,
2073 1902 2147 1953 ipse

1189 1977 1330 2013 quoque
1351 1977 1413 2001 sua
1433 1964 1541 2001 simul
1562 1964 1699 2014 afferet,
1715 1964 1887 2015 facietque
1904 1963 2007 2001 nobis
2027 1963 2145 2001 omnia

1144 2039 1168 2069 Ε
1190 2023 1282 2062 levia
1310 2034 1343 2062 et
1362 2025 1492 2072 facilia,
1509 2034 1542 2063 et
1563 2040 1629 2063 non
1653 2026 1833 2078 permittet
1862 2035 1900 2063 ut
1920 2026 2065 2064 virtutis
2086 2025 2144 2062 la—

1189 2084 1292 2122 bores
1313 2087 1518 2125 sentiamus.
1542 2088 1633 2124 Nam
1655 2087 1797 2138 quando
1820 2087 1938 2124 anima
1959 2087 2007 2124 ad
2027 2088 2144 2124 Deum

1189 2147 1438 2197 cogitationem
1456 2163 1556 2186 suam
1578 2149 1746 2197 intendit,
1770 2162 1839 2186 non
1853 2149 1928 2201 jam
1945 2148 2061 2200 decipi
2082 2163 2147 2200 po-

1188 2217 1253 2246 test
1275 2222 1294 2245 a
1314 2209 1514 2248 visibilium
1534 2219 1677 2262 aspectu
1697 2226 1704 2246 :
1725 2209 1785 2247 scd
1807 2210 2011 2262 praetericns
2028 2210 2146 2247 onmia

1187 2283 1228 2307 ea
1252 2283 1329 2321 quae
1364 2284 1433 2308 non
1461 2270 1631 2309 videntur
1650 2271 1898 2323 corporalibus
1920 2271 2047 2319 oculis,
2068 2285 2146 2321 quae

1188 2331 1323 2370 nullam
1340 2332 1457 2370 sciunt
1475 2332 1772 2381 vicissitudinem,
1797 2328 1860 2371 sed
1885 2341 2056 2385 perpetuo
2073 2346 2146 2370 ma-

1188 2402 1281 2442 nent,
1301 2393 1445 2444 fixaquc
1468 2403 1550 2431 sunt
1568 2408 1609 2432 ae
1625 2394 2005 2446 immota,diligentius
2021 2408 2146 2446 specu-

1187 2455 1292 2502 latur,
1317 2469 1426 2506 quam
1452 2469 1491 2492 ea
1521 2470 1598 2506 quae
1635 2455 1671 2493 iu
1694 2465 1882 2508 conspectu
1912 2465 1995 2493 suut
2018 2456 2142 2507 posita.

1189 2517 1296 2555 Tales
1327 2517 1422 2555 enim
1442 2518 1570 2555 mentis
1589 2526 1668 2555 sunt
1703 2518 1813 2567 oculi,
1839 2517 1901 2568 qui
1921 2516 1967 2554 ad
1998 2517 2144 2554 illorum

95 2579 155 2616 καὶ
177 2583 252 2622 ταῖς
269 2581 395 2617 ἐκεῖθεν
416 2585 660 2633 μαρμαρυγαῖς
684 2579 980 2631 καταυγαζόμενοι
1000 2579 1115 2618 πάντα
1128 2614 1175 2639 27‘·
1187 2579 1430 2632 spectaculum
1451 2579 1617 2617 continuo
1639 2578 1841 2629 intendunt,
1861 2588 1893 2616 et
1909 2578 2071 2630 supernis
2090 2591 2146 2614 ra-

95 2639 138 2677 τὰ
156 2643 216 2677 τοῦ
236 2639 403 2692 παρόντος
424 2640 499 2691 βίου
513 2670 522 2687 ,
542 2642 589 2684 ὡς
615 2640 698 2692 ὄναρ
723 2641 783 2679 καὶ
802 2641 922 2688 σκιὰν,
942 2642 1115 2695 παρατρέ-
1138 2654 1165 2680 Α
1186 2641 1256 2678 diis
1272 2640 1456 2691 illustrati,
1478 2640 1596 2678 onmia
1613 2655 1694 2691 quae
1708 2640 1743 2677 in
1756 2640 1822 2677 hac
1834 2639 1907 2678 vita
1927 2647 2024 2687 sunt,
2040 2639 2144 2690 quasi

95 2717 214 2752 χουσιν
227 2732 236 2749 ,
257 2701 372 2740 οὐκέτι
397 2702 534 2747 ἀπάτην
556 2701 799 2753 ὑπομένοντες,
820 2702 895 2742 οὐδὲ
922 2705 1115 2756 παραλογι-

95 2764 219 2807 σθῆναι
244 2763 448 2812 δυνάμενοι·
470 2762 560 2801 ἀλλὰ
579 2763 643 2802 κᾶν
667 2764 815 2802 πλοῦτον
834 2763 973 2812 ἴδωσιν,
991 2765 1116 2809 εὐθέως

94 2825 348 2875 καταγελῶσιν,
379 2823 506 2868 εἰδότες
525 2825 579 2864 ὅτι
598 2825 771 2879 δραπέτου
800 2826 930 2871 παντὸς
949 2829 1115 2879 ἀγνωμο-

95 2884 252 2937 νέστερον
274 2885 343 2923 ἀπὸ
359 2885 478 2923 τούτου
499 2886 547 2930 εἷς
567 2889 695 2926 ἐκεῖνον
717 2889 925 2941 μετατι-ηδᾷ,
943 2889 1002 2926 καὶ
1021 2888 1117 2927 οὐδέ-

96 2961 178 2983 ποτε
196 2945 354 2990 ἵσταται,
371 2945 460 2984 ἀλλὰ
473 2946 532 2984 καὶ
549 2949 656 2999 μυρία
672 2948 766 2988 κακὰ
784 2948 863 2994 τοὺς
882 2949 1117 3000 κεκτημένους

96 3005 289 3052 διατίθησι,
312 3007 370 3044 καὶ
391 3008 438 3050 εἷς
466 3008 568 3046 αὐτὸν
583 3037 592 3055 ,
612 3011 658 3053 ὡς
676 3011 803 3057 εἰπεῖν,
824 3013 886 3058 τῆς
907 3011 1031 3055 κακίας
1058 3011 1116 3050 τὸν

96 3068 248 3118 κρημνὸν
280 3067 401 3111 αὐτοὺς
432 3067 526 3112 ὤσας
566 3070 792 3109 καταὸάλλει.
838 3072 913 3110 Κᾶν
954 3072 1117 3124 σώματος

97 3127 282 3179 εὐμορφίαν
296 3129 508 3175 θεάσωνται,
524 3131 629 3169 πάλιν
646 3134 707 3170 οὐκ
726 3133 1006 3185 ἐπιστρέφονται,
1021 3135 1117 3186 λογι-

98 3187 231 3237 ζόμενοι
246 3188 284 3226 τὸ
299 3189 462 3241 ἐπίκηρον
472 3220 486 3238 ,,
504 3190 544 3228 τὸ
564 3193 835 3242 εὐμετάὲλητον,
851 3194 910 3232 καὶ
925 3197 978 3232 ὅτι
994 3196 1116 3248 ἀθρόον

98 3248 198 3292 νόσος
215 3250 404 3289 ἐπελθοῦσα
428 3258 545 3291 πᾶσαν
564 3253 699 3300 ἐκείνην
720 3255 782 3302 τὴν
814 3255 1002 3307 εὐμορφίαν
1022 3257 1115 3309 ἠφά-

142 3373 154 3387 a
179 3361 238 3395 Alii
258 3367 421 3407 εᾶμήχανον
437 3372 488 3400 τοῦ
507 3371 571 3401 θεοῦ
587 3372 647 3414 φιλ.

1188 2702 1354 2740 umbram
1373 2711 1408 2739 et
1431 2701 1623 2749 somnium,
1645 2709 1827 2738 transeunt
1850 2716 1857 2736 ε
1878 2714 1946 2738 non
1962 2699 2028 2737 ulli
2050 2699 2144 2737 ultra

1187 2764 1386 2817 deceptioni
1399 2762 1547 2801 obnoxii
1561 2771 1658 2813 sunt,
1672 2777 1784 2813 neque
1795 2762 2048 2800 circumveniri
2064 2776 2145 2814 pos-

1189 2835 1294 2875 sunt;
1316 2825 1378 2864 scd
1408 2824 1546 2862 etiamsi
1580 2837 1663 2876 opes
1700 2823 1867 2873 viderint,
1898 2823 2018 2861 statim
2049 2823 2139 2861 deri·
2163 2843 2172 2848 -

1189 2888 1288 2938 dent,
1313 2887 1460 2925 scientes
1480 2885 1578 2937 quod
1597 2885 1752 2936 fugitivo
1773 2884 1900 2935 quovis
1928 2884 2145 2922 infideliores

1189 2949 1235 2986 ab
1256 2961 1326 2985 uno
1344 2946 1390 2985 ad
1407 2946 1518 2984 alium
1558 2954 1749 2995 transeant,
1769 2954 1802 2983 et
1833 2959 2029 2996 numquam
2048 2945 2143 2998 apud

1189 3009 1356 3048 eumdem
1378 3008 1583 3054 subsistant,
1609 3016 1642 3044 et
1659 3006 1798 3044 infinita
1819 3006 1911 3044 mala
1928 3006 2144 3059 possidenti-

1188 3072 1257 3110 bus
1272 3072 1436 3121 afferant,
1455 3084 1542 3120 quos
1561 3078 1595 3107 et
1613 3069 1647 3106 in
1668 3068 1785 3120 ipsum
1802 3069 1962 3117 malitias,
1979 3078 2016 3107 ut
2034 3069 2144 3106 itadi-

1189 3148 1279 3182 cam,
1298 3131 1536 3185 pra·cipitiuin
1555 3130 1725 3182 impulsos
1746 3129 2000 3168 deturbantJit
2017 3131 2044 3168 si
2066 3145 2144 3169 cor-

1188 3195 1284 3248 poris
1304 3193 1557 3232 formositatem
1573 3206 1696 3229 rursus
1711 3192 1827 3230 intuiti
1839 3190 1982 3241 fuerint,
2000 3206 2068 3230 non
2083 3192 2144 3229 illa

1188 3257 1460 3303 subvertuntur,
1487 3253 1679 3304 cogitantes
1699 3263 1770 3292 tam
1790 3254 1926 3293 fluxam
1943 3264 1975 3293 et
1999 3253 2145 3292 instabi-
