2516 3791
300 166 392 213 586

297 263 448 305 dicenda
463 277 545 301 cum
558 261 665 301 dictis
679 260 781 312 quasi
797 260 834 298 in
846 272 957 296 unum
969 269 1097 308 corpus
1108 263 1244 306 coapte-

298 339 410 363 mus:
430 324 482 362 sic
500 323 595 361 enim
613 336 728 361 sermo
741 320 912 359 doctrinae
931 317 1031 368 quasi
1049 329 1161 352 unum
1180 313 1248 351 sub

298 393 481 437 aspectum
502 383 615 421 cadet.
639 381 711 420 Sed
738 395 808 432 quo
843 376 1081 416 manifestiora
1107 374 1178 411 sint
1209 386 1247 410 ea

299 460 377 496 quae
399 445 581 492 dicuntur,
599 457 715 495 opeiae
736 440 891 492 pretium
909 436 1032 484 fueiit,
1055 444 1095 472 ut
1112 432 1250 472 caritati

295 515 422 546 vestra:
442 512 660 558 proponatur
674 499 891 552 principium
907 510 1030 535 eomm
1047 509 1124 546 quae
1143 493 1251 532 hodie

297 576 380 605 sunt
407 566 509 602 lecta
532 567 569 600 Ω.
592 562 745 599 Abram
771 567 915 605 autem,
939 555 1069 607 inquit,
1092 564 1176 594 erat
1194 555 1252 591 di-

303 640 364 664 ves
393 625 514 662 valde
545 622 767 673 pecoribus,
797 627 834 657 et
863 626 1046 670 argentO,
1078 625 1114 654 et
1143 628 1251 653 awo.

299 689 337 724 5.
355 687 391 722 E
395 694 408 721 t
418 684 614 735 profectus
630 689 697 729 est,
713 680 815 717 unde
828 686 1005 724 venerat,
1023 680 1064 714 in
1078 677 1254 714 solitudi-

709 179 747 209 S.
785 174 970 208 JOANNIS
1006 173 1246 207 CHRYSOST.
1286 170 1495 201 ARCHIEP.
1535 168 1890 199 CONSTANTINOP-

1317 257 1464 302 γυναῖκα
1484 252 1587 288 αὐτοῦ
1604 277 1613 295 ,
1640 250 1700 287 καὶ
1724 249 1839 288 πάντα
1864 249 1928 287 ὅσα
1946 243 1987 296 ἦν
2008 251 2105 301 αὐτῷ
2119 278 2131 295 ,
2151 253 2165 269 ³
2178 249 2238 286 καὶ
2258 246 2342 285 Λὼτ

1320 311 1395 362 μετ’
1421 312 1536 348 αὐτοῦ.
1568 309 1691 357 ἈνεΈη
1719 309 1755 348 δὲ
1782 309 1922 362 Ἄδραμ
1950 308 1985 353 ἐξ
2006 309 2205 361 Αἰγύπτου,
2242 308 2343 350 αὐτὸς

1319 373 1379 411 καὶ
1408 376 1430 418 ἦ
1462 373 1548 424 γυνὴ
1579 374 1701 420 αὐτοῦ,
1729 372 1790 411 καὶ
1816 372 1931 410 πάντα
1956 372 1999 410 τὰ
2027 375 2155 418 αὐτοῦ,
2180 372 2240 410 καὶ
2263 370 2345 408 Λὼτ

1323 433 1398 484 μετ’
1421 434 1524 471 αὗτοῧ
1544 435 1592 476 εἰς
1611 432 1673 479 τὴν
1693 433 1822 484 ἔρημον
1836 449 1844 456 ·
1864 435 2009 471 ἐνταῦθα
2030 432 2088 469 τὸν
2106 432 2207 484 λόγον
2228 447 2343 469 κατα-

1320 493 1499 538 λύσαντες,
1524 493 1587 536 τὰς
1604 492 1732 543 μεταξὺ
1750 493 1867 536 πάσας
1886 493 2018 546 ἡμέρας
2034 495 2081 535 εἷς
2096 492 2159 538 τὴν
2176 492 2256 544 περὶ
2274 493 2343 529 τῶν

1323 554 1599 606 κατεπειγόντων
1621 553 1848 592 διδασκαλίαν
1866 553 1966 592 αὐτὸν
1988 553 2244 604 με-ηγάγομεν.
2262 552 2347 591 Διό-

1324 631 1390 668 περ
1410 615 1561 667 σήμερον
1578 618 1764 665 ἀναγκαῖον
1784 618 1845 660 τῆς
1864 614 2067 657 ἀκολουθίας
2089 614 2244 665 ἅψασθαι
2262 642 2272 659 ,
2286 611 2346 649 καὶ

1324 675 1483 728 καθάπερ
1513 692 1616 727 σωμα
1636 675 1670 713 ἓν
1691 675 1842 727 συνάψαι
1861 675 1920 713 καὶ
1938 675 1983 713 τὰ
2003 674 2174 725 μέλλοντα
2197 672 2346 727 ρηθήσε-

302 758 387 782 nem
408 756 526 794 usque
543 743 596 779 ad
612 740 765 788 Bethel‚
781 753 901 792 usque
916 739 969 777 ad
983 739 1137 776 locum·
1124 752 1166 774 ιη
1179 750 1254 789 quo
1277 740 1302 771 D
1325 741 1405 776 σθαι
1426 743 1495 779 τοῖς
1523 736 1590 783 ἤδη
1616 738 1813 788 λεχθεῖσιν·
1835 736 1924 774 οὕτω
1949 736 2016 787 γὰρ
2039 734 2242 777 εὖσυνοπτος
2264 735 2346 784 ὑμῖν

296 807 403 855 ptius
419 804 499 855 fuit
517 801 813 840 tabernaculum
833 803 929 853 ejus,
947 802 1049 837 inter
1063 798 1204 836 Bethel
1219 805 1255 835 et

300 860 643 913 intet·Aggoe,4.ad
655 861 781 898 locum
793 860 932 897 altaris
945 859 1050 911 quod
1061 860 1074 894 i
1078 858 1144 895 llic
1155 859 1256 908 prin-

301 925 400 974 cipio
412 923 564 974 fecerat
581 937 591 957 .·
608 930 644 958 et
659 923 855 958 invocavit
875 922 929 957 ibi
943 919 1095 957 Abram
1117 931 1256 955 nomen

299 984 463 1021 Domini
493 984 581 1019 Det.
616 982 669 1019 i'e
693 989 941 1033 praetereamus
967 980 1082 1017 obiter
1112 994 1151 1017 ca
1177 992 1255 1029 quae

301 1042 389 1079 iecta
412 1050 509 1091 sunt,
531 1040 594 1078 sed
609 1041 788 1078 discamus
803 1039 898 1076 clare
916 1037 1121 1075 divinarum
1135 1036 1255 1073 litera--

302 1114 386 1138 rum
404 1098 640 1150 diligentiam,
660 1097 840 1150 quomodo
857 1096 948 1134 nihil
964 1095 1066 1134 nobis
1086 1109 1257 1148 superva-

301 1175 409 1199 cuum
441 1168 594 1197 narrent.
630 1159 785 1197 Abram
819 1166 968 1204 autem,
1006 1156 1141 1208 inquit,
1174 1165 1257 1194 erat

301 1222 407 1259 dives
437 1221 571 1258 valde.
596 1219 788 1258 Considera
822 1218 981 1271 primum
1009 1217 1107 1256 istud
1140 1217 1259 1270 ipsum

303 1296 373 1319 non
396 1282 540 1330 frustra,
566 1295 677 1331 neque
698 1289 829 1318 temere
849 1278 1001 1317 indicari
1022 1293 1034 1329 3
1054 1292 1116 1316 nec
1135 1278 1171 1315 in
1192 1292 1259 1315 va-

303 1357 389 1380 num
409 1342 560 1381 divitem
577 1355 671 1380 nunc
683 1350 798 1390 vocat,
813 1340 852 1378 id
868 1339 966 1392 quod
981 1353 1158 1390 nusquam
1172 1339 1260 1376 alias

304 1403 478 1452 meminit,
489 1403 553 1441 sed
568 1416 662 1440 nunc
673 1402 832 1454 primum
849 1401 950 1446 dicit,
968 1399 1119 1438 divitem
1135 1399 1257 1437 fuisse.

307 1464 426 1510 Quare
441 1464 508 1502 hoc
529 1473 562 1501 et
582 1478 688 1514 quam
708 1463 754 1501 ob
771 1462 938 1501 causam?
958 1463 1008 1499 Ut
1027 1460 1141 1498 discas
1160 1460 1260 1498 divi-

307 1539 360 1561 nae
378 1524 558 1576 sapientiae
575 1524 770 1572 solertiam,
782 1533 815 1561 et
834 1538 905 1561 suae
925 1523 960 1560 in
973 1523 1114 1575 justum
1135 1521 1262 1574 provi-

306 1585 437 1623 dentiae
458 1586 666 1623 immensam
686 1585 935 1637 ingentemque
950 1582 1159 1636 potentiam.
1173 1583 1265 1620 Nam

307 1646 371 1697 qui
391 1646 496 1683 famis
526 1645 732 1684 necessitate
760 1645 796 1683 in
821 1645 1021 1697 AEgyptum
1045 1642 1267 1696 peregrinari

310 1714 450 1743 coactus
471 1706 551 1754 fuit,
568 1720 608 1744 eo
638 1705 734 1757 quod
756 1705 939 1757 angustias
964 1718 1052 1755 quas
1073 1703 1110 1740 in
1127 1704 1267 1741 Chana-

312 1781 386 1804 ncea
416 1766 668 1818 experiebatur
697 1767 788 1804 ferre
825 1779 895 1804 non
926 1773 1063 1817 posset,
1091 1764 1121 1802 is
1151 1764 1269 1803 subito

310 1826 412 1865 dives
430 1827 545 1865 faetus
564 1835 616 1864 est
634 1842 642 1863 ε
659 1840 723 1864 nec
738 1825 949 1878 simpliciter
973 1824 1089 1873 dives,
1110 1824 1174 1863 sed
1192 1825 1270 1863 val-

311 1887 371 1937 de,
404 1902 473 1926 non
504 1897 644 1926 tantum
669 1887 879 1941 pecoribus,
910 1885 972 1925 sed
1001 1895 1035 1924 et
1067 1895 1212 1938 argento
1239 1896 1272 1925 et

315 1962 414 1987 auro.

380 2381 416 2415 9.
437 2376 591 2416 Vidistis
607 2385 737 2427 quanta
756 2375 801 2413 sit
815 2375 882 2413 Dei
896 2373 1147 2428 providentia?
1164 2375 1275 2426 Abiit,

327 2449 368 2477 ut
390 2439 548 2489 aliquam
567 2437 670 2475 famis
688 2437 964 2475 consolationem
980 2436 1165 2485 inveniret,
1177 2446 1210 2475 et
1225 2452 1278 2476 re-

328 2500 413 2547 diit,
434 2513 503 2537 non
529 2499 644 2537 solum
670 2500 762 2537 fame
790 2498 974 2550 mitigata,
993 2497 1054 2536 sed
1080 2507 1114 2535 et
1141 2497 1280 2537 divitiis

330 2571 363 2599 et
382 2561 554 2598 immensa
571 2559 684 2611 gloria
703 2559 935 2612 conspicuus;
956 2558 1192 2610 omnibusque
1207 2574 1279 2600 ma-

330 2622 496 2660 nifestum
508 2621 577 2658 fuit
592 2620 790 2672 qualisnam
805 2629 893 2658 esset
909 2635 917 2656 ε
934 2619 1131 2670 deindeque
1145 2620 1282 2658 Chana-

332 2697 415 2720 naeae
432 2682 553 2720 ineolae
564 2681 654 2734 justi
669 2681 840 2721 virtutem
856 2680 985 2718 clarius
1000 2679 1218 2729 didicerunt,
1229 2681 1282 2719 vi-

332 2744 453 2781 dentes
488 2757 607 2780 rerum
641 2743 872 2780 mutationem
900 2750 972 2779 tam
998 2741 1229 2794 repentinam,
1249 2751 1282 2780 ct

333 2804 440 2843 tantis
457 2803 595 2841 divitiis
608 2803 810 2841 affluentem
829 2816 909 2840 eum
923 2802 985 2853 qui
1003 2811 1042 2840 ut
1060 2803 1279 2854 peregrinus,

333 2875 366 2903 et
380 2865 481 2916 quasi
496 2864 683 2916 fugitivus,
698 2873 731 2902 et
745 2878 868 2915 vagus,
879 2864 913 2901 in
926 2864 1124 2916 AEgyptum
1140 2863 1282 2901 deseen-

333 2926 444 2964 derat.
467 2927 511 2963 At
531 2934 569 2963 tu
589 2925 673 2963 vide
693 2924 871 2976 quomodo
892 2925 952 2963 hic
970 2939 1081 2976 neque
1101 2925 1279 2977 prosperi*

334 2996 415 3034 tate,
437 3000 548 3037 neque
576 2985 785 3024 divitiarum
817 2985 999 3023 affluentia
1029 2985 1205 3023 remissior
1227 2985 1283 3024 vel

335 3046 569 3098 negligentior
589 3047 699 3084 sactus
718 3055 769 3084 est
786 3062 793 3082 :
811 3046 869 3084 sed
892 3047 1019 3084 iterum
1038 3045 1216 3084 contendit
1237 3045 1284 3084 ad

336 3122 417 3146 eum
448 3108 587 3154 locum,
619 3108 680 3144 ubi
712 3107 812 3159 prius
840 3108 972 3156 suerat,
1005 3107 1213 3159 priusquam
1249 3107 1283 3144 in

336 3168 534 3220 AEgyptum
561 3167 774 3206 concederet.
797 3169 909 3206 Venit
939 3168 1048 3219 enim,
1080 3168 1218 3219 inquit,
1245 3171 1286 3205 in

1324 797 1509 849 γενήσεται
1537 800 1554 835 ὁ
1577 801 1640 843 τῆς
1660 796 1885 840 διοασκαλίας
1902 796 1942 835 λό
1944 812 2014 848 γος.
2052 795 2145 834 Ἀλλ
2167 795 2223 832 ἵνα
2243 792 2349 845 σαφέ-

1326 873 1432 909 στερα
1461 860 1542 908 ὑμῖν
1570 858 1713 935 γένηται
1743 857 1786 895 τὰ
1809 858 2003 909 λεγόμενα,
2023 854 2243 895 ἀκόλῶουθον
2227 870 2266 892 αν
2293 853 2348 899 εἴη

1326 918 1386 955 καὶ
1417 918 1522 965 αὐτὴν
1549 919 1612 965 τὴν
1647 919 1760 971 ἀργὴν
1787 921 1855 956 τῶν
1883 919 2034 971 σήμερον
2062 915 2348 968 ἀναγνωσθέντων

1326 982 1535 1031 προθεῖναι’
1519 996 1575 1018 επι
1588 984 1651 1026 τῆς
1666 984 1714 1018 υυ.
1717 997 1769 1018 ετε
1761 980 1834 1032 ’ρας
1851 980 2002 1031 ἀγάπης
2009 978 2183 1032 Ἀίραμ
2165 977 2213 1025 οὲ,
2230 991 2351 1028 φησιν,

1326 1043 1368 1086 ἠν
1389 1040 1552 1083 πλούσιος
1575 1041 1708 1093 σφόδρα
1730 1042 1907 1089 κτήνεσιν,
1931 1040 2104 1093 ἀργυρίῳ,
2129 1040 2188 1078 καὶ
2204 1036 2352 1091 χρυσίῳ

1328 1101 1398 1139 Καὶ
1434 1101 1626 1154 ἐπορευθη.
1672 1101 1748 1140 ὅθεν
1785 1097 1830 1148 ἠλ
1833 1106 1908 1150 θεν,
1945 1104 1992 1145 εἰς
2024 1101 2086 1146 τὴν
2127 1101 2254 1151 ἔρημον
2289 1098 2354 1139 ἕως

1329 1161 1466 1210 Βεθὴλ,
1487 1162 1553 1205 ἕως
1580 1167 1639 1201 τοῦ
1660 1162 1767 1202 τόπου
1785 1168 1822 1201 οὓ
1843 1167 1884 1209 ἠν
1902 1166 1924 1209 ἡ
1954 1162 2066 1209 σκηνὴ
2088 1164 2189 1200 αυτοῦ
2210 1160 2249 1198 τὸ
2267 1158 2355 1210 πρό-

1329 1239 1444 1277 τερον,
1475 1223 1541 1262 ἀνὰ
1572 1223 1676 1274 μέσοι
1702 1223 1818 1271 Βεθὴλ
1843 1239 1902 1261 και
1923 1224 1986 1261 ἀνὰ
2007 1223 2110 1274 μέσον
2131 1221 2277 1274 Ἁγγαὶ,
2308 1222 2356 1263 εἷς

1329 1299 1386 1321 τον
1418 1283 1523 1321 τόπον
1554 1289 1614 1323 τοῦ
1640 1284 1909 1337 θυσιαστηρίου,
1942 1288 1979 1323 οὓ
2009 1283 2169 1331 ἐποίησεν
2201 1285 2272 1320 ἐκεῖ
2290 1281 2355 1328 τὴν

1332 1345 1456 1398 ἀργήν·
1471 1360 1530 1382 και
1544 1345 1815 1384 ἐπεκαλέσατο’
1800 1353 1872 1384 εκεῖ
1889 1345 2030 1399 Ἄὲραμ
2045 1347 2085 1383 τὸ
2101 1345 2210 1395 ὄνομα
2226 1342 2356 1395 Κυρίου

1331 1409 1391 1444 τοῦ
1402 1409 1507 1445 Θεοῦ.
1529 1406 1590 1453 Μὴ
1606 1407 1724 1451 ἁπλῶς
1737 1401 2024 1461 παραδράμωμεν
2040 1406 2085 1444 τὰ
2101 1404 2358 1456 ἀνεγνωσμένα,

1333 1466 1425 1505 ἀλλὰ
1457 1466 1717 1517 καταμάθωμεν
1748 1470 1866 1519 σαφῶς
1896 1471 1958 1514 τῆς
1991 1467 2085 1511 θείας
2118 1468 2263 1519 Γραφῆς
2293 1464 2357 1511 τὴν

1335 1527 1538 1580 ἀκρίὸειαν,
1583 1527 1677 1572 ὅπως
1712 1527 1806 1567 οὐδὲν
1843 1532 1927 1578 ἡμῖν
1960 1527 2146 1581 παρέργως
2174 1528 2359 1578 διηγεῖται.

1334 1587 1474 1640 Ἄδραμ
1493 1588 1540 1635 δὲ,
1563 1589 1685 1640 φησὶν,
1702 1583 1743 1635 ἦν
1762 1590 1924 1633 πλούσιος
1943 1590 2087 1642 σφόδρα.
2106 1588 2239 1627 Σκόπει
2254 1589 2355 1638 πρῶ-

1336 1665 1393 1687 τον
1414 1649 1497 1688 αὐτὸ
1515 1654 1633 1695 τοῦτο,
1661 1650 1715 1689 ὅτι
1744 1652 1810 1703 οὐχ
1837 1652 1956 1695 ἁπλῶς
1984 1650 2255 1701 ἐπεσημήνατο,
2285 1646 2363 1686 οὐδὲ

1339 1709 1468 1761 μάτην,
1490 1710 1568 1748 οὐδὲ
1589 1713 1664 1763 εἰκῇ
1686 1715 1744 1749 νῦν
1762 1712 1926 1750 πλούσιον
1947 1712 2047 1750 αὐτὸν
2063 1713 2175 1749 καλεῖ.
2196 1710 2364 1759 Οὐδαμοῦ

1337 1770 1406 1823 γὰρ
1427 1771 1570 1823 ἑτέρωθι
1590 1772 1847 1822 ἐμνημόνευσεν
1863 1772 1917 1811 ὅτι
1934 1772 2096 1816 πλούσιος
2114 1766 2155 1818 ἦν
2169 1801 2178 1819 ,
2199 1769 2288 1808 ἀλλὰ
2307 1774 2364 1807 νῦν

1339 1834 1492 1884 πρῶτον.
1518 1832 1622 1876 Τίνος
1642 1832 1756 1871 ἕνεκεν
1776 1834 1836 1871 καὶ
1852 1833 1909 1872 διὰ
1929 1833 1964 1871 τί
1978 1849 1988 1880 ;
2007 1831 2086 1871 Ἵνα
2103 1831 2216 1883 μάθῃς
2231 1833 2293 1877 τῆς
2306 1833 2366 1867 τῡῧ

1341 1894 1434 1931 Θεοῦ
1456 1893 1577 1944 σοφίας
1595 1894 1635 1932 τὸ
1651 1894 1848 1946 εὐμήχανον
1859 1925 1869 1943 ,
1883 1894 1944 1932 καὶ
1958 1896 2021 1939 τ’ῆς
2034 1892 2209 1945 προνοίας,
2228 1892 2271 1939 ἣν
2287 1889 2368 1941 περὶ

1285 1952 1399 2002 ³33th
1441 1953 1573 1992 δίκαιον
1610 1957 1787 2002 ἐποιεῖτο,
1821 1955 1885 2002 τὴν
1916 1953 2201 2006 ὑπερὸάλλουσάν
2237 1968 2276 1990 τε
2307 1950 2368 1989 καὶ

1298 2014 1325 2044 Α
1344 2014 1484 2066 ἄπειρον
1507 2013 1666 2065 δύναμιν.

1698 2014 1743 2054 ‘O
1763 2016 1831 2068 γὰρ
1847 2015 1905 2054 διὰ
1924 2015 1987 2063 τὴν
2010 2014 2163 2067 ἀνάγκην
2186 2017 2245 2052 τοῦ
2264 2014 2368 2064 λιμοῦ

1342 2074 1405 2121 τὴν
1435 2075 1633 2125 ἀποδημίαν
1666 2076 1904 2127 ποιησάμενος
1921 2076 1985 2123 τὴν
2006 2078 2054 2120 εἷς
2077 2076 2252 2123 Αἴγυπτον
2269 2103 2279 2122 ,
2311 2073 2371 2111 καὶ

1345 2135 1402 2174 διὰ
1426 2136 1466 2173 τὸ
1491 2135 1539 2187 μὴ
1566 2136 1682 2190 φέρειν
1702 2137 1765 2184 τὴν
1794 2141 1829 2176 ἐν
1847 2141 1891 2189 τῇ
1908 2137 2093 2190 Χαναναία
2119 2134 2371 2189 στενοχωρίαν,

1344 2196 1465 2249 ἀθρόον
1495 2196 1658 2240 πλούσιος
1685 2197 1823 2250 γέγονε,
1854 2199 1914 2237 καὶ
1945 2199 2109 2242 πλούσιος
2139 2199 2205 2249 οὐχ
2238 2197 2371 2241 ἁπλῶς,

1348 2256 1437 2294 ἀλλὰ
1466 2257 1597 2310 σφόδρα
1611 2285 1621 2303 ,
1648 2259 1708 2296 καὶ
1727 2261 1764 2297 οὗ
1784 2259 1925 2306 κτήνεσι
1942 2259 2056 2309 μόνον,
2075 2257 2166 2296 ἀλλὰ
2182 2257 2242 2295 καὶ
2262 2259 2371 2307 ἀργυ-

1350 2317 1411 2370 ρίῳ
1427 2318 1485 2355 καὶ
1498 2319 1647 2371 χρυσίῳ.

1401 2372 1501 2421 Εἶδες
1526 2378 1589 2426 ὅση
1612 2385 1671 2418 τοῦ
1689 2382 1783 2419 Θεοῦ
1802 2381 1971 2433 πρόνοια;
2004 2380 2153 2427 Ἀπῆλθε
2174 2382 2280 2429 λιμοῦ
2299 2394 2372 2416 πα-

1351 2440 1520 2491 ραμυθίαν
1538 2441 1716 2494 εὑρέσθαι,
1736 2443 1795 2480 καὶ
1811 2443 2001 2489 ἐπανῆλθεν
2018 2443 2055 2480 οὐ
2072 2442 2129 2480 τὸν
2145 2441 2247 2492 λιμὸν
2263 2439 2365 2490 μόνον

1349 2502 1690 2552 παραμυθησάμενος
1702 2532 1711 2549 ,
1735 2503 1825 2541 ἀλλὰ
1839 2503 1898 2541 καὶ
1911 2506 2059 2542 πλοῦτον
2075 2501 2182 2541 πολὺν
2199 2500 2368 2552 περιὸαλ-

1349 2561 1491 2612 λόμενος
1513 2562 1571 2600 καὶ
1595 2562 1692 2607 δόξαν
1711 2563 1856 2616 ἄφατον,
1881 2564 1940 2602 καὶ
1955 2570 2041 2602 πᾶσι
2060 2563 2254 2608 κατάδηλος
2269 2576 2366 2612 γεγο-

1353 2621 1418 2665 νὼς
1433 2653 1442 2670 ,
1481 2622 1573 2667 ὅστις
1601 2618 1660 2670 ἦν·
2166 2619 2368 2660 Χαναναίαν

1354 2685 1523 2727 οἰκοῦντες
1552 2684 1795 2737 ἀκριὸέστερον
1827 2685 2019 2737 ἐμάνθανον
2048 2689 2108 2722 τοῦ
2141 2683 2273 2722 δικαίου
2306 2681 2369 2727 τὴν

1695 2624 1754 2662 καὶ
1782 2625 1902 2663 λοιπὸν
1928 2624 1986 2662 καὶ
2015 2626 2046 2662 οἱ
2071 2623 2133 2670 τὴν

1355 2744 1478 2795 ἀρετὴν
1495 2773 1504 2789 ,
1524 2749 1669 2796 ὁρῶντες
1696 2746 1801 2790 οὕτως
1825 2747 1950 2798 ἀθρόαν
1970 2745 2202 2798 γεγενημένην
2220 2743 2283 2791 τὴν
2305 2758 2368 2794 με·

1353 2805 1522 2852 ταὸολὴν,
1541 2807 1599 2844 καὶ
1621 2806 1775 2856 τοσούτῳ
1794 2807 1934 2861 πλούτῳ
1950 2806 2214 2861 περιρρεόμενον
2234 2805 2292 2843 τὸν
2313 2804 2369 2848 ξέ-

1355 2882 1423 2912 νον,
1438 2867 1494 2904 τὸν
1510 2867 1666 2919 καθάπερ
1682 2868 1817 2919 φυγάδα
1834 2868 1892 2906 καὶ
1909 2868 2042 2915 ἀλήτην
2059 2870 2106 2911 εἰς
2120 2866 2181 2913 τὴν
2196 2866 2371 2916 Αἴγυπτον

1355 2927 1579 2966 κατελθόντα.
1602 2928 1672 2966 Καὶ
1688 2928 1750 2981 ὅρα
1772 2929 1874 2967 αὐτὸν
1892 2929 1969 2968 οὐδὲ
1988 2929 2055 2967 ὑπὸ
2070 2932 2132 2975 τῆς
2146 2929 2278 2973 πολλῆς
2295 2927 2371 2972 εὐη-

1358 2988 1500 3041 μερίας,
1520 2988 1579 3026 καὶ
1607 2992 1667 3035 τῆς
1693 2993 1752 3027 τοῦ
1777 2990 1925 3028 πλούτου
1949 2990 2146 3043 περιουσίας
2166 2988 2373 3041 χαυνότερον

1356 3049 1520 3100 γεγονότα
1537 3079 1545 3095 ,
1565 3048 1641 3087 οὐδὲ
1671 3051 1914 3101 ῥᾳθυμότερον,
1943 3050 2032 3089 ἀλλὰ
2054 3051 2159 3088 πάλιν
2181 3051 2229 3093 εἷς
2245 3051 2373 3086 ἐκεῖνον

1357 3109 1414 3146 τὸν
1434 3110 1536 3147 τόπον
1558 3109 1792 3160 ἐπειγόμενον,
1815 3111 1894 3148 ἔνθα
1916 3111 2153 3164 καὶπρότερον
2171 3105 2212 3157 ἦν
2226 3139 2235 3156 ,
2256 3108 2374 3160 πρὶνῆ

1358 3169 1419 3216 τὴν
1442 3170 1614 3221 Αἴγυπτον
1634 3172 1860 3209 καταλαῧεῖν.

1882 3165 1994 3210 *moe
2012 3172 2091 3223 γὰρ,
2116 3171 2231 3224 φησιν,
2247 3173 2294 3214 εἰς
2312 3170 2374 3216 τὴν

379 3302 393 3316 ³·
410 3292 488 3323 Hoec
505 3296 553 3324 καὶ
581 3296 646 3324 Λὼτ
667 3295 736 3333 μετ’
751 3296 840 3325 αὐτοῦ
865 3290 984 3324 desunt
1007 3292 1041 3323 iu
1065 3291 1165 3323 Morel
1182 3308 1188 3333 5
1208 3291 1265 3323 sed
1281 3290 1341 3323 lia·
1375 3296 1439 3326 λίαν
1460 3298 1510 3326 τὶν
1528 3298 1611 3335 λόγον
1637 3298 1879 3332 καταπαύσαντες
1901 3300 2123 3337 [ιετκγάγομευ.
2139 3293 2272 3335 Septem
2298 3292 2374 3323 Mss-

338 3343 456 3375 bentur
481 3341 513 3374 in
535 3341 635 3374 Savil.
652 3349 684 3373 et
708 3343 739 3374 iu
759 3342 868 3375 multis
886 3344 961 3375 Mss.
977 3341 1066 3375 Infra
1086 3342 1187 3377 Savil.
1203 3347 1339 3379 διδασκα-
1374 3348 1563 3379 διδασκαλίαν
1578 3353 1627 3381 τὸν
1646 3351 1729 3389 ἱὸγον
1746 3350 1963 3384 καταλύσαντες
1976 3352 2198 3389 μετηγάγομέν.
