2516 3791
701 230 741 263 ΙΝ
774 231 874 263 cat».

150 315 218 355 Καὶ
258 314 398 362 σκόπει,
430 316 503 358 πῶς
530 315 587 352 καὶ
614 316 656 353 δι’
680 317 792 354 αὐτῶν
809 319 876 354 τῶν
894 318 1116 367 παρακολου-

97 377 244 416 θούντων
263 377 467 427 πειρασμῶν
493 378 513 421 ἡ
540 379 599 413 τοῦ
621 376 753 416 δικαίου
774 378 880 429 ἀρετὴ
905 379 1036 428 μᾶλλον
1057 377 1114 421 ἐξ-

94 437 250 489 έλαμπε,
265 441 326 475 τοῦ
336 439 427 476 Θεοῦ
447 435 592 488 φανερὸν
612 437 714 476 αὐτὸν
733 438 788 476 διὰ
807 438 948 476 πάντων
963 438 1114 476 δεικνύν-

94 513 160 541 τος.
196 497 333 550 Ἱὶσπερ
359 498 426 550 γὰρ
447 497 551 544 ἡνίκα
570 499 617 541 εἰς
646 498 708 546 τὴν
733 498 910 550 Αἴγυπτον
929 500 1112 545 κατῆλθεν,

92 562 138 603 ὡς
158 559 331 610 ἄγνωστος
358 559 416 598 καὶ
436 559 526 604 ξένος
562 559 620 598 καὶ
648 560 759 599 οὐδενὶ
777 560 970 614 γνώριμος,
990 560 1112 611 ἀθρόον

91 620 180 670 μετὰ
199 621 332 667 πολλῆς
359 623 420 667 τῆς
455 624 559 671 τιμῆς
585 621 713 658 ἐκεῖθεν
748 621 914 673 ἐπανῄει”
941 619 1032 658 οὕτω
1053 619 1111 657 καὶ

85 685 144 719 νῦν
160 681 379 734 παροικήσας
399 683 434 720 ἐν
455 682 621 734 Γεράροις
636 711 645 728 ,
676 682 711 718 ἐν
744 681 806 731 μὲν
822 686 895 724 τοῖς
913 680 1111 732 προοιμίοις

88 741 130 779 τὰ
142 745 225 794 παρ’
244 745 366 780 ἑαυτοῦ
382 742 634 780 ἐπιδείκνυται·
654 741 743 791 μετὰ
760 740 795 779 δὲ
813 744 922 778 ταῦτα
939 739 1110 787 τοσαύτης

87 804 255 842 ἀπολαύει
286 807 347 850 τῆς
374 803 472 855 παρὰ
501 807 560 841 τοῦ
591 804 684 841 Θεοῦ
715 802 933 853 συμμαχίας,
971 804 1017 843 ὡς
1050 801 1109 838 καὶ

86 865 142 903 τὸν
162 864 321 915 βασιλέα,
340 863 398 901 καὶ
417 863 495 906 τοὺς
517 862 635 901 αὐτόθι
653 861 786 905 πάντας
813 864 990 905 οἰκοῦντας
998 891 1007 909 ,
1029 862 1108 914 περὶ

84 925 147 971 τὴν
167 924 353 976 θεραπείαν
375 928 434 962 τοῦ
455 922 588 962 δικαίου
616 929 734 961 πᾶσαν
758 922 1019 961 ἐπιδείκνυσθαι
1044 923 1106 971 τὴν

83 984 250 1031 σπουδήν.
274 978 363 1023 Εῗπε
384 984 441 1033 δὲ,
463 984 581 1036 φησὶν,
604 983 765 1035 Ἀδραὰμ
783 984 864 1037 περὶ
886 983 1026 1037 Σοίρῤας
1045 987 1108 1032 τῆς

81 1042 242 1097 γυναικὸς
275 1047 404 1093 αὐτοῦ,
434 1045 567 1098 ἀδελφή
599 1061 664 1096 μου
685 1045 793 1084 ἐστίν.
827 1045 1008 1098 Ἐφοὸήθη
1039 1046 1107 1098 γὰρ

81 1109 202 1155 εἰπεῖν,
222 1105 275 1144 ὅτι
307 1106 394 1158 γυνή
425 1122 491 1158 μου
523 1106 624 1155 ἐστὶ,
661 1106 708 1157 μή
739 1122 823 1144 ποτε
855 1107 1104 1147 ἀποκτείνωσιν

82 1168 184 1206 αὐτὸν
203 1171 234 1206 οἱ
250 1168 367 1220 ἄνδρες
383 1171 445 1215 τῆς
463 1168 597 1211 πόλεως
613 1168 656 1206 δι’
680 1167 801 1215 αὐτήν.
822 1167 920 1219 εὈρα
944 1170 1019 1212 πῶς
1039 1170 1106 1208 ὑπὸ

80 1230 388 1281 τυραννικωτάτων
421 1232 540 1268 παθῶν
571 1231 808 1282 ἐπολιορκεῖτο
835 1233 857 1276 ἡ
887 1234 948 1268 τοῦ
969 1231 1103 1269 δικαίου

78 1289 188 1342 ψυχὴ,
206 1290 264 1328 καὶ
283 1293 300 1328 ὁ
316 1289 419 1342 φόὸος
442 1290 545 1328 αὐτὸν
562 1290 734 1335 ἐξωθεῖτο.
759 1290 863 1329 Ἀλλὰ
881 1291 994 1330 καίτοι
1015 1292 1102 1344 σφό-

78 1351 142 1402 δρα
162 1351 316 1403 χαλεπὸν
337 1352 419 1389 ὄντα
438 1350 496 1388 τὸν
512 1351 680 1404 πρότερον
698 1351 817 1404 φόὸον,
841 1352 899 1390 τὸν
929 1356 991 1400 τῆς
1011 1369 1099 1406 προ-

78 1410 194 1454 δοσίας
213 1414 274 1458 τ’ἧς
292 1412 466 1463 γυναικὸς,
486 1415 683 1464 παρωθεῖτο
699 1415 717 1450 ὁ
735 1416 795 1451 τοῦ
816 1413 963 1452 θανάτου
983 1414 1099 1467 φόὸος.

74 1472 152 1510 Ἵνα
173 1472 240 1525 γὰρ
269 1476 390 1511 τοῦτον
418 1473 567 1525 διαφύγῃ
584 1503 594 1520 ,
622 1473 804 1523 ὑπέμεινεν
837 1477 920 1526 ὁρᾷν
948 1481 1019 1519 τοῖς
1051 1479 1100 1515 οἰ-

75 1534 180 1577 κείοις
205 1535 394 1586 ὀφθαλμοῖς
420 1533 484 1581 τὴν
515 1535 676 1573 κοινωνὸν
709 1536 804 1586 αὐτῷ
836 1539 896 1573 τοῦ
926 1536 1001 1588 βίου
1033 1538 1100 1581 ὑπὸ

75 1600 148 1638 ταῖς
170 1599 228 1633 τοῦ
251 1595 421 1646 βασιλέως
445 1595 546 1647 χερσὶ
573 1595 777 1647 γενομένην.
796 1596 910 1636 εὈσον
936 1597 972 1636 δὲ
999 1599 1100 1638 τοῦτό

72 1658 166 1695 ἐστιν
195 1657 381 1709 ἀφόρητον,
410 1655 528 1694 ἴσασιν
562 1656 636 1696 ὅσοι
667 1663 832 1709 γυναῖκας
865 1658 996 1710 ἔχουσι.
1031 1659 1098 1698 Διὰ

71 1720 173 1756 τοῦτο
189 1717 248 1755 καὶ
265 1718 368 1770 σοφός
390 1733 442 1760 τις
469 1717 586 1769 ἔλεγε·
616 1719 756 1762 Μεστὸς
776 1719 879 1766 ζήλου
901 1719 1007 1771 θυμὸς
1034 1722 1096 1757 ἇν-

73 1779 150 1830 δρὸς
169 1779 298 1825 αὐτῆς,
317 1780 354 1816 οὐ
375 1778 531 1830 φείσεται
551 1780 585 1816 ἐν
603 1778 718 1831 ἡμέρᾳ
750 1779 916 1831 κρίσεως,
943 1782 1005 1819 οὐκ
1036 1783 1095 1818 ἀν-

71 1839 280 1883 ταλλάξεται
309 1839 444 1882 οὐδενὸς
472 1839 597 1892 λύτρου
638 1840 702 1887 τὴν
736 1840 876 1894 ἔχθραν.
917 1841 1022 1881 Ἀλλὰ
1056 1843 1094 1882 τὸ

71 1899 159 1952 βαρὺ
176 1904 277 1939 τοῦτο
297 1901 355 1938 καὶ
374 1908 480 1939 πᾶσιν
497 1901 669 1954 ἀφόρητον
689 1901 753 1954 ὅρα
776 1904 850 1946 πῶς
876 1902 932 1942 διὰ
952 1903 1011 1942 τὸν
1034 1908 1092 1942 τοῦ

68 1961 216 1999 θανάτου
245 1961 350 2014 φόὸον
378 1961 541 2013 γενναίως
565 1965 582 2000 ὃ
600 1962 730 2007 δίκαιος
755 1962 892 2015 ἤνεγκε.
917 1966 1032 2003 Τοῦτο
1057 1966 1092 2004 δὲ

68 2023 127 2061 καὶ
161 2024 220 2061 ἐπὶ
249 2026 318 2061 τῶν
351 2026 563 2074 σωματικῶν
599 2027 719 2063 παθῶν
753 2026 958 2076 συμὸαίνειν
997 2027 1090 2071 ἔθος·

67 2084 206 2123 ἐπειδὰν
226 2085 294 2136 γὰρ
314 2084 373 2124 δύο
393 2084 483 2123 κατὰ
499 2085 606 2124 ταύτὸ
622 2085 716 2133 πάθη
741 2088 911 2139 πολιορκῇ
928 2088 967 2126 τὸ
987 2090 1090 2139 σῶμα

66 2147 104 2184 τὸ
122 2146 306 2198 ἡμέτερον,
323 2150 344 2192 ἡ
365 2150 425 2184 τοῦ
441 2146 526 2197 ζὲνὸς
545 2147 703 2191 ἐπίτασις
722 2147 942 2200 ἀποκρύπτει
958 2148 997 2186 τὸ
1014 2149 1089 2187 ἔτε-

66 2223 135 2258 ρον,
156 2207 213 2244 καὶ
231 2206 304 2245 δ’λοι
331 2210 393 2254 τῆς
416 2207 539 2255 ὀδύνης
560 2208 694 2255 ἐκείνης
712 2209 892 2260 γινόμεθα,
913 2209 972 2248 καὶ
1001 2212 1090 2248 πολ-

62 2268 162 2312 λάκις
192 2267 269 2306 οὐδὲ
308 2268 468 2316 αἴσθησιν
500 2272 561 2308 τοῦ
594 2269 712 2322 ἑτέρου
746 2270 987 2321 λαμὸοίνομεν,
1025 2274 1087 2318 τῆς

61 2331 194 2377 πολλῆς
213 2330 335 2377 ὀδύνης
354 2329 582 2382 περισπώσης
611 2334 726 2382 ἡμᾶς,
757 2331 816 2369 καὶ
845 2334 908 2370 οὐκ
929 2332 1089 2386 ἀφιείσης

60 2394 120 2428 τοῦ
141 2391 321 2436 ἐλάττονος
347 2392 476 2436 πάθους
498 2397 620 2445 πεῖραν
647 2391 782 2431 λαὸεῖν.
818 2392 890 2432 Τὸν
922 2395 1024 2434 αὐτὸν
1046 2395 1087 2442 δὴ

60 2452 187 2504 τρόπον
209 2452 269 2491 καὶ
283 2455 301 2491 ὁ
316 2452 448 2497 δίκαιος
467 2447 564 2497 οἶτος
587 2457 647 2491 νῦν
667 2456 757 2505 δρῶν
781 2458 842 2492 τοῦ
862 2454 1010 2494 θανάτου
1030 2455 1087 2494 τὸν

59 2512 165 2566 φόὲον
185 2513 417 2564 ἐπικείμενον,
435 2514 552 2552 πάντα
582 2514 626 2552 τὰ
655 2515 763 2554 λοιπὰ
791 2516 927 2568 φορητὰ
955 2519 1086 2568 ἡγεῖτο.

59 2573 162 2613 Ἀλλὰ
194 2578 306 2613 ταῦτα
341 2575 489 2621 ἀκούων,
521 2576 708 2627 ἀγαπητὲ,
744 2577 794 2627 μὴ
827 2580 1008 2631 καταγνῷς
1026 2582 1086 2616 τοῦ

58 2635 190 2674 δικαίου
212 2636 459 2689 μικροψυχίαν,
481 2639 510 2675 εἰ
535 2638 592 2676 τὸν
612 2637 758 2676 θάνατον
777 2638 961 2677 ἐδεδοίκει·
995 2640 1086 2678 ἀλλὰ

57 2696 233 2747 θαύμασον
250 2700 309 2735 τοῦ
329 2697 469 2735 πάντων
495 2700 597 2749 ἡμῶν
616 2699 796 2737 Δεσπότου
814 2699 876 2747 τὴν
902 2701 1082 2752 ὑπερὸοίλ-

55 2758 182 2795 λουσαν
200 2757 280 2809 περὶ
300 2761 392 2808 ἡμᾶς
413 2759 686 2811 φιλανθρωπίαν,
707 2759 761 2797 ὅτι
778 2760 835 2798 τὸν
856 2760 1002 2800 θάνατον
1023 2762 1081 2801 τὸν

54 2824 124 2862 τοῖς
144 2819 288 2862 δικαίοις
308 2819 450 2863 ἐκείνοις
476 2820 535 2858 καὶ
552 2820 663 2871 ἁγίοις
681 2820 758 2860 τότε
779 2821 938 2874 φοὸερὸν,
959 2826 1080 2862 τοῦτον

54 2883 111 2917 νῦν
142 2879 442 2932 εὐκαταφρόνητον
477 2881 665 2932 εἰργάσατο
698 2885 716 2920 ὃ
744 2882 914 2934 Χριστὸς,
951 2884 1010 2922 καὶ
1044 2884 1080 2922 ὃν

53 2940 282 2978 ἐδεδοίκεισαν
303 2943 334 2978 οἱ
360 2941 514 2993 ἐνάρετοι
544 2943 667 2980 ἐκεῖνοι
698 2943 756 2980 καὶ
784 2943 958 2991 τοσαύτην
990 2946 1079 2997 παῤ-

53 3000 176 3051 ῥησίαν
196 3000 282 3052 πρὸς
301 3002 357 3040 τὸν
379 3002 469 3040 Θεὸν
492 3002 700 3054 ἐσχηκότες,
722 3008 866 3042 ι’τοῦτον
886 3009 944 3043 νῦν
967 3021 1076 3043 κατα-

916 235 990 263 XX.
1031 232 1192 262 GENES.

1142 319 1162 348 B

1132 929 1155 960 C

1092 3041 1138 3067 459

2055 225 2146 288 5:20

1242 317 1279 353 ⁶2.
1305 315 1351 354 Et
1370 316 1635 366 animadverte,
1652 318 1830 369 quomodo
1853 319 1957 357 etiam
1981 334 2041 371 per
2064 322 2143 359 illas

1189 377 1281 429 ipsas
1300 392 1378 429 qum
1399 387 1594 429 sequuntur
1612 380 1918 433 tentatioiicsjusti
1934 381 2048 419 virtus
2069 397 2142 421 ma—

1187 438 1241 489 gis
1256 439 1420 489 emicuit,
1442 442 1516 478 Deo
1532 441 1668 479 clarum
1686 441 1786 479 illum
1807 456 1870 494 per
1888 443 2006 480 omnia
2029 453 2142 482 osten-

1185 498 1300 536 dente.
1315 501 1407 538 Nam
1425 501 1516 539 sicut
1528 501 1670 553 quando
1686 502 1721 540 in
1735 502 1934 555 AEgyptum
1945 502 2141 552 descendit,

1186 567 1223 596 ut
1244 559 1385 610 ignotus
1401 570 1432 598 et
1452 563 1679 613 peregrinus,
1697 573 1731 602 et
1746 563 1836 601 nulli
1851 564 2012 614 agnitus,
2024 564 2142 602 subito

1183 632 1312 669 magno
1332 634 1413 657 cum
1429 621 1561 660 honore
1580 622 1662 661 inde
1675 623 1766 662 redit
1785 640 1791 659 :
1811 624 1858 662 ita
1877 633 1910 662 et
1931 639 2043 674 nunc,
2059 640 2141 663 cum

1184 681 1389 731 peregrinus
1405 691 1492 719 essct
1506 683 1541 720 in
1563 685 1730 733 Gen-aris,
1751 685 1785 722 in
1809 685 1893 736 ipsis
1910 686 2055 736 quidem
2073 687 2142 724 ini-

1182 739 1242 777 tiis
1256 740 1352 790 quod
1372 754 1476 779 suum
1496 752 1570 780 crat
1591 744 1695 781 fecit:
1717 754 1837 795 postca
1856 760 1939 784 vero
1959 756 2056 785 tanto
2076 748 2140 785 Dei

1182 800 1343 839 subsidio
1358 803 1516 840 munitus
1537 812 1608 851 cst,
1630 812 1668 840 ut
1687 813 1720 841 et
1743 819 1806 843 rex
1828 815 1860 843 et
1876 820 1997 844 omnes
2015 809 2077 858 qni
2105 809 2138 846 in

1180 873 1219 897 ea
1242 860 1385 911 regione
1416 860 1646 911 habitabant,
1670 863 1767 901 omni
1789 864 1907 902 studio
1936 866 2140 905 ministrare

1177 920 1274 971 justo
1292 920 1484 959 studerent.
1503 925 1540 959 (2.
1561 924 1675 961 Dioeit
1691 933 1835 971 autem,
1855 924 1987 976 inquit,
2005 928 2138 966 :lbra-

1180 981 1273 1018 kam
1288 983 1336 1020 de
1355 982 1475 1021 Sarra
1492 996 1611 1021 usore
1631 998 1725 1030 sua,
1748 985 1864 1023 Soror
1880 1000 1967 1024 mea
1980 997 2048 1026 est.
2078 991 2137 1027 Ti-

1180 1044 1275 1079 mm‘t
1295 1045 1399 1080 enim
1415 1044 1556 1091 dicere,
1583 1047 1690 1083 Uxor
1709 1060 1794 1083 mea
1808 1055 1884 1091 est,
1904 1049 2067 1100 nefor-te
2080 1064 2137 1088 oc-

1178 1103 1348 1141 ciderent
1367 1118 1453 1142 eum
1473 1108 1554 1143 viri
1568 1109 1739 1145 civitatis
1751 1117 1909 1159 propter
1923 1109 2048 1146 illam.
2071 1111 2136 1149 Vi-

1177 1161 1221 1201 de
1236 1165 1414 1214 quomodo
1431 1181 1449 1203 a
1469 1166 1735 1206 violentissimis
1753 1168 2004 1207 affectionibus
2017 1170 2134 1209 anima

1172 1224 1262 1275 justi
1297 1225 1550 1278 impugnetur,
1582 1237 1615 1266 et
1644 1228 1750 1267 timor
1777 1243 1860 1267 eum
1888 1230 2052 1268 incessat.
2090 1233 2134 1270 Et

1176 1286 1340 1336 quamvis
1375 1288 1475 1340 prior
1505 1289 1634 1339 timor,
1672 1303 1716 1328 ne
1746 1290 1934 1328 mulierem
1971 1292 2133 1343 amittat,

1175 1347 1295 1396 gravis
1309 1347 1436 1396 fuerit,
1456 1349 1563 1388 timor
1576 1359 1692 1389 tamen
1715 1351 1840 1389 mortis
1859 1351 1962 1390 illum
1981 1354 2132 1406 expulit.

1175 1407 1224 1444 Ut
1240 1407 1335 1446 enim
1352 1409 1449 1447 hune
1468 1411 1661 1462 effugeret,
1676 1412 1845 1450 sustinuit
1865 1413 1938 1452 suis
1951 1414 2064 1452 oculis
2081 1415 2134 1453 vi-

1173 1467 1257 1506 dere
1270 1499 1280 1519 ‚
1303 1470 1435 1508 sociam
1454 1471 1537 1509 vitae
1558 1486 1629 1511 suae
1652 1472 1688 1510 in
1710 1473 1806 1525 regis
1821 1488 1947 1513 manus
1965 1475 2131 1513 incidere.

1173 1529 1292 1576 Quam
1308 1534 1353 1570 sit
1368 1541 1488 1570 autem
1508 1532 1575 1571 hoc
1590 1533 1740 1572 toleratu
1756 1533 1920 1584 difficile,
1940 1536 2056 1574 sciunt
2071 1537 2132 1588 qui
2182 1557 2332 1595 depm

1172 1605 1302 1631 uxores
1330 1592 1473 1631 habent.
1509 1593 1615 1633 Unde
1643 1604 1676 1633 et
1700 1595 1840 1648 sapiens
1861 1596 2009 1648 quidam
2036 1597 2230 1646 dice-quarn
2250 1590 2332 1646 §2¹¹0-

1170 1651 1256 1690 bat:
1282 1655 1430 1693 Plenus
1452 1656 1669 1708 zelosuror
1684 1660 1763 1694 viri
1783 1659 1884 1710 ejus,
1906 1672 1983 1695 non
1998 1668 2131 1710 parcet
2142 1639 2328 1723 2:22¹l3m34

1174 1716 1216 1750 in
1245 1716 1308 1752 die
1321 1717 1483 1768 judicii,
1513 1718 1623 1754 nullo
1636 1721 1760 1769 pretio
1786 1721 1949 1756 mutabit
1966 1721 2197 1758 inimici-35-

1171 1779 1260 1814 tias.
1286 1778 1425 1815 Verum
1444 1791 1552 1828 grave
1570 1777 1639 1816 hoc
1659 1787 1692 1816 et
1711 1779 1877 1817 omnibus
1896 1779 2130 1829 intolerabile,

1171 1837 1254 1874 vide
1275 1837 1455 1888 quomodo
1481 1847 1626 1890 propter
1644 1839 1769 1878 mortis
1790 1849 1924 1878 metum
1946 1841 2007 1879 ille
2032 1842 2127 1879 tulit.

1166 1898 1242 1936 Hoc
1277 1913 1360 1936 sane
1387 1908 1420 1936 et
1443 1899 1478 1937 in
1503 1899 1747 1952 coqioralibus
1766 1901 2015 1939 affectionibus
2035 1916 2126 1939 con—

1164 1959 1300 2011 tingere
1316 1959 1403 1998 solet
1419 1976 1426 1997 :
1445 1974 1527 1998 nam
1549 1960 1691 2011 quando
1707 1960 1779 1999 duo
1795 1962 1912 2000 morbi
1939 1963 2047 2000 simul
2065 1963 2125 2001 in—

1165 2021 1289 2060 festant
1312 2036 1441 2075 corpus
1459 2031 1640 2070 nostrum,
1665 2022 1772 2060 unius
1796 2023 2054 2062 incrementum
2075 2033 2125 2062 te-

1165 2084 1217 2134 git
1236 2083 1361 2133 alium,
1377 2094 1410 2122 et
1424 2093 1518 2122 totos
1529 2098 1593 2122 nos
1611 2084 1672 2122 ille
1687 2085 1833 2136 gravior
1844 2085 1948 2123 dolor
1960 2085 2028 2123 sibi
2045 2086 2125 2124 vin-

1163 2143 1280 2193 dicat,
1302 2145 1351 2182 ita
1378 2153 1418 2182 ut
1449 2159 1540 2197 saepe
1572 2144 1745 2182 minorem
1773 2144 1931 2182 dolorem
1951 2159 1971 2182 a
1996 2145 2124 2197 majori

1162 2203 1323 2242 distracti
1357 2219 1427 2243 non
1457 2204 1665 2243 sentiamus.
1696 2204 1834 2243 Eodem
1871 2205 1977 2243 modo
2005 2206 2126 2258 justus

1163 2279 1304 2317 quoque
1324 2265 1386 2304 ille
1404 2280 1498 2304 nunc
1516 2265 1642 2305 videns
1660 2279 1787 2318 urgere
1806 2265 1967 2305 dolorem
1979 2267 2123 2314 mortis,

1162 2335 1284 2364 caetera
1300 2327 1420 2365 omnia
1433 2326 1634 2365 tolerabilia
1656 2327 1831 2366 censebat.
1854 2329 2029 2366 Caeterum
2047 2328 2124 2366 haec

1161 2387 1329 2438 audiens,
1351 2388 1479 2427 dilecte
1494 2421 1504 2439 ,
1532 2403 1576 2427 ne
1596 2388 1807 2428 condemnes
1836 2391 1975 2442 justum
1992 2391 2038 2428 ob
2057 2405 2122 2443 pu-

1161 2447 1442 2488 sillanimitatem
1455 2480 1465 2500 ‚
1485 2449 1582 2501 quod
1597 2460 1748 2489 mortem
1769 2451 1929 2489 timuerit
1948 2467 1955 2488 ε
1976 2451 2036 2490 sed
2052 2467 2120 2503 po—

1160 2509 1231 2548 tius
1248 2510 1426 2550 admirare
1442 2511 1646 2550 Conditoris
1667 2512 1821 2551 universi
1840 2526 1924 2564 erga
1945 2527 2008 2551 nos
2023 2513 2121 2550 beni-

1159 2571 1353 2623 gnitatem,
1381 2572 1478 2624 quod
1506 2582 1658 2611 mortem
1686 2573 1794 2625 justis
1820 2573 1892 2611 illis
1919 2582 1953 2611 et
1989 2574 2120 2611 sanctis

1158 2641 1243 2671 tunc
1265 2633 1475 2682 terribilem,
1491 2647 1585 2671 nunc
1609 2633 1657 2670 ita
1686 2632 1954 2686 despiciendam
1981 2633 2119 2671 dederit

1157 2693 1321 2733 Christus
1335 2725 1345 2744 ,
1374 2704 1537 2746 utquam
1558 2693 1801 2732 formidabant
1820 2693 1890 2733 viri
1911 2694 1964 2732 illi
1986 2695 2119 2733 virtute

1155 2754 1242 2793 clari
1256 2785 1267 2805 ‚
1290 2764 1323 2793 et
1342 2764 1438 2793 tanta
1456 2768 1538 2806 erga
1555 2756 1671 2792 Deum
1689 2753 1821 2792 fiducia
1836 2754 1928 2803 freti,
1946 2769 2040 2793 nunc
2055 2755 2115 2793 dc-

1154 2816 1291 2855 rideant
1320 2826 1353 2855 et
1373 2818 1550 2868 juvenes,
1585 2824 1617 2853 et
1645 2824 1771 2853 tencrae
1805 2815 1973 2866 virgines.
2011 2817 2113 2854 Nihil
2147 2831 2314 2860 mmmm:

1154 2877 1248 2915 enim
1267 2877 1366 2915 aliud
1386 2891 1481 2915 mors
1494 2886 1559 2922 est,
1576 2890 1682 2927 quam
1697 2889 1842 2914 somnus
1857 2886 1890 2915 et
1907 2878 2113 2929 peregrina-
2126 2880 2169 2929 ⁰⁵}
2235 2876 2314 2901 ³¹³⁰*

1154 2938 1222 2987 tio,
1242 2947 1347 2989 atque
1365 2937 1631 2988 transmigratio
1655 2950 1673 2973 a
1700 2935 1938 2975 deterioribus
1963 2937 2009 2976 ad
2040 2940 2113 2976 ine-
2124 2926 2219 2984 {¹³:1¹8}
2268 2926 2313 2942 ⁵⁰-

1154 3000 1256 3037 liora.
1280 3001 1379 3038 Mors
1399 2999 1493 3037 enim
1515 2996 1661 3035 Domini
1683 2997 1988 3036 immortalitatem
2011 2999 2113 3037 nobis

1232 231 1388 262 nomn..
1429 231 1534 263 XLV.

51 3063 179 3111 γελῶσι
198 3062 256 3099 καὶ
275 3061 343 3100 νέοι
363 3062 421 3100 καὶ
441 3063 541 3114 κόραι
563 3063 709 3101 ἁπαλαί.
733 3065 825 3103 Οὐδὲ
847 3066 914 3118 γὰρ
934 3067 1079 3110 θάνατός
1103 3080 1126 3107 A
1147 3063 1312 3110 donavit,
1341 3072 1374 3101 et
1395 3072 1433 3100 ut
1459 3060 1640 3100 descendit
1661 3061 1695 3099 in
1717 3061 1896 3100 infernum
1911 3094 1919 3107 ,
1948 3063 2111 3101 dissolvit

51 3124 124 3161 ἐστι
139 3123 274 3169 λοιπὸν,
294 3124 371 3160 ἀλλ’
392 3123 496 3166 ὕπνος
518 3125 576 3162 καὶ
598 3125 779 3175 ἀποδημία
793 3155 802 3171 ,
824 3127 882 3164 καὶ
904 3127 1078 3177 μετάστα-

51 3198 102 3225 σις
119 3184 189 3221 ἀπὸ
202 3185 270 3220 τῶν
291 3184 457 3235 χειρόνων
477 3185 535 3222 ἐπὶ
552 3185 595 3222 τὰ
614 3185 754 3235 βελτίω.
776 3187 821 3224 ‘O
837 3187 903 3239 γὰρ
931 3188 1077 3233 θάνατος

51 3246 108 3281 τοῦ
130 3244 309 3282 Δεσπότου
337 3245 400 3291 τὴν
434 3245 623 3283 ἀθανασίαν
653 3249 738 3295 ἡμῖν
758 3248 981 3297 ἐδωρήσατο,
1018 3251 1076 3287 καὶ

49 3304 224 3342 κατελθὼν
245 3307 292 3348 εἷς
319 3307 376 3344 τὸν
402 3307 488 3357 ᾅδην
507 3307 663 3351 ἐξέλυσεν
684 3309 789 3345 αὐτοῦ
811 3308 853 3346 τὰ
872 3311 994 3361 νεῦρα,
1016 3311 1073 3348 καὶ

92 3431 103 3443 a
123 3420 275 3463 Quinque
290 3420 365 3453 Mss.
384 3424 488 3455 *ro-'noa
508 3430 552 3456 νῦν
576 3426 772 3463 καταγελῶσι.

1148 3126 1224 3178 ejus
1245 3139 1390 3173 nervos,
1412 3125 1589 3174 roburque
1609 3123 1786 3161 destruxit
1803 3139 1809 3159 :
1837 3133 1870 3161 et
1886 3123 1985 3176 quod
2002 3134 2104 3162 antea

1149 3186 1305 3224 terribile
1327 3194 1401 3223 erat
1431 3194 1462 3222 et
1494 3183 1747 3236 implacabile,
1779 3184 1847 3221 hoc
1870 3199 1963 3222 nunc
1991 3185 2110 3237 despi-

1148 3247 1310 3285 ciendum
1325 3246 1437 3291 dedit,
1455 3244 1541 3282 adeo
1558 3254 1595 3282 ut
1607 3244 1768 3299 nonnulli
1784 3245 1952 3284 exsiliant
1964 3255 1993 3283 ct
2011 3245 2109 3282 sesti-

1147 3319 1226 3347 ncnt
1255 3322 1335 3347 cum
1356 3307 1438 3345 hinc
1455 3316 1503 3344 cst
1525 3305 1766 3357 migrandum.
1792 3306 1944 3345 Proinde
1958 3315 1989 3344 ct
2014 3307 2107 3343 Paw
