2433 3775
267 188 320 216 10
682 185 720 215 S.
759 184 945 216 JOANNIS
981 185 1224 216 CHRYSOST.

257 279 366 319 stens,
386 268 479 306 nihil
498 267 632 317 fixum5
653 268 716 307 sed
737 269 852 320 magis
889 283 999 320 quam
1028 268 1218 306 fluminum

255 331 390 369 fluenta
408 329 664 381 praetercurrit,
683 329 870 380 nudosque
884 343 925 367 ac
940 329 1033 367 solos
1047 329 1218 379 relinquit

255 405 314 429 eos
333 391 397 442 qui
418 390 491 429 illis
512 390 663 429 inhiant.
682 391 790 441 Atqui
809 390 1010 442 spiritualia
1043 403 1114 428 non
1134 398 1217 426 sunt

253 451 352 500 talia,
369 451 430 490 sed
454 465 553 489 secus
577 466 618 489 ac
635 450 780 489 diverso
804 450 913 488 modo
942 450 1087 495 habent,
1107 463 1216 499 quam

251 511 333 550 illa:
352 521 433 550 sunt
449 512 545 549 enim
561 511 682 560 firma,
698 510 915 559 immobilia,
927 508 1216 548 vicissitudinem

253 587 323 611 non
333 572 554 625 accipientia,
564 571 610 608 ad
617 584 722 608 omne
741 571 910 608 saeculum
927 584 964 608 se
973 570 1213 609 extendentia.

253 635 404 681 Quantae
421 633 530 684 igitur
548 645 620 669 non
633 631 741 669 fuerit
756 631 942 670 dementiae
956 632 1119 670 nutantia
1133 646 1214 670 cum

252 693 501 731 immobilibus
537 701 756 730 commutare
777 708 784 728 :
808 692 1016 744 temporalia
1052 707 1135 731 cum
1167 693 1212 731 iis

253 768 332 804 quae
344 753 380 792 in
397 753 570 792 saeculum
580 752 756 791 duratura
766 763 848 791 sunt
856 769 866 803 3
880 762 1053 806 perpetuo
1068 769 1213 793 manen-

250 815 301 852 tia
322 830 404 853 cum
432 815 476 853 iis
494 829 572 866 quae
592 815 760 863 avolant3
789 824 823 853 et
839 829 879 853 ea
896 829 976 866 quae
1005 815 1106 854 nobis
1137 815 1214 854 illic

251 890 361 928 grave
375 875 595 929 supplicium
611 876 772 928 paritura
801 885 894 924 sunt,
913 890 996 914 cum
1016 876 1060 914 iis
1080 891 1158 927 quae
1176 877 1214 916 in

250 938 373 975 futuro
407 937 536 976 saeculo
568 937 773 974 felicitatem
805 951 982 974 summam
1029 938 1183 975 afferunt
1196 938 1214 975 Ρ

250 997 348 1047 Haec,
367 998 524 1046 obsecro,
545 998 664 1035 omnia
687 996 960 1045 considerantes,
979 997 1116 1046 dilecti,
1135 1012 1214 1035 ma—

250 1072 428 1110 gnamque
437 1058 563 1096 salutis
574 1067 702 1095 nostrae
711 1072 834 1095 curam
844 1057 1028 1104 habentes,
1041 1072 1210 1110 asperne-

251 1133 334 1156 mur
352 1118 498 1157 delicias
513 1128 546 1157 et
561 1118 704 1156 inutiles
727 1127 760 1156 et
779 1117 1015 1170 perniciosas,
1032 1119 1211 1170 amplexe-

251 1193 334 1217 mur
355 1179 546 1231 jejunium,
567 1193 778 1230 omnemque
799 1179 904 1216 aliam
929 1179 1210 1233 philosophiam,

252 1251 286 1280 ct
314 1256 483 1293 magnam
519 1241 604 1280 vitae
637 1242 870 1279 exhibeamus
902 1242 1147 1291 mutationem,
1170 1257 1210 1282 ac

251 1303 413 1354 quotidie
429 1302 478 1341 ad
497 1302 634 1355 agenda
664 1303 756 1341 bona
776 1317 882 1356 opera
915 1303 1122 1342 festinemus
1139 1319 1147 1340 :
1170 1313 1211 1342 ut

252 1377 335 1401 cum
357 1378 422 1416 per
454 1377 558 1401 omne
586 1372 725 1416 tempus
756 1374 884 1402 sanctae
918 1363 1209 1416 Quadragesimae

255 1424 459 1477 spirituales
479 1439 613 1462 merces
629 1424 799 1476 negotiati
817 1425 1005 1475 fuerimus,
1027 1434 1060 1462 et
1079 1426 1210 1465 multas

250 1486 428 1524 virtutum
448 1486 595 1524 divitias
617 1486 909 1537 congesserimus,
932 1487 983 1524 sic
1013 1501 1211 1525 mereamur

253 1557 287 1586 et
307 1548 354 1585 ad
368 1557 529 1585 sanctum
551 1547 698 1585 Domini
717 1547 814 1585 diem
831 1548 1018 1600 pervenire
1030 1578 1039 1595 ‚
1076 1557 1109 1586 et
1128 1563 1211 1586 cum

252 1608 386 1647 fiducia
402 1608 447 1645 ad
465 1608 683 1646 tremendam
699 1617 733 1646 et
750 1608 973 1661 spiritualem
984 1623 1142 1646 mensam
1153 1623 1210 1646 ac-

254 1669 390 1719 cedere,
409 1669 670 1722 participesque
689 1669 767 1706 fieri
788 1683 870 1707 cum
889 1683 979 1721 pura
1000 1669 1210 1707 conscientia

252 1731 493 1770 ineffabilium
509 1731 654 1769 illorum
672 1740 706 1768 et
732 1730 991 1768 immortalium
1019 1730 1208 1778 bonorum,

252 1807 294 1830 ac
328 1791 470 1843 impleri
486 1805 524 1828 ea
550 1806 629 1842 quae
650 1791 749 1829 illinc
770 1791 932 1843 provenit
952 1791 1079 1842 gratia,
1093 1790 1209 1843 preci-

251 1854 320 1892 bus
335 1863 368 1891 et
387 1853 638 1892 intercessione
668 1867 805 1902 corum,
831 1853 892 1904 qui
912 1852 1124 1904 placuerunt
1142 1852 1211 1904 ipsi

254 1916 397 1954 Christo
416 1915 579 1953 clementi
600 1916 676 1952 Deo
695 1924 828 1963 nostro,
858 1927 940 1952 cum
959 1928 1030 1964 quo
1050 1912 1148 1951 Patri
1171 1926 1212 1950 ac

251 1976 534 2029 Spirituisaneto
554 1976 683 2027 gloria,
704 1975 913 2027 imperium,
928 1974 1056 2023 honor,
1070 1987 1163 2011 nunc
1179 1982 1211 2011 et

254 2029 403 2090 semper,
426 2037 509 2076 etin
530 2038 658 2076 saecula
678 2037 902 2075 saeculorum.
922 2038 1047 2073 Amen.

1242 731 1258 755 7

1237 768 1263 797 A

582 2177 794 2215 HOMILIA
825 2177 872 2214 11.

255 2303 304 2338 In
341 2301 549 2338 creationis
574 2300 808 2350 principium
828 2312 838 2332 :
861 2297 901 2334 In
934 2295 1111 2349 principio
1131 2295 1213 2334 fecit

510 2361 607 2398 Deus
624 2359 750 2397 czrlum
762 2367 796 2395 et
811 2367 954 2395 terram.

311 2486 346 2521 1.
376 2484 523 2521 Vestros
554 2495 617 2533 ego
638 2479 744 2518 hodic
764 2479 934 2517 amabiles
953 2478 1093 2517 intuens
1130 2479 1212 2516 vul-

257 2555 325 2593 tus,
346 2543 478 2595 ingenti
513 2542 696 2593 voluptate
722 2541 883 2592 impleor.
924 2539 1064 2577 Etenim
1086 2554 1128 2577 ne
1148 2555 1211 2592 pa-

257 2615 326 2643 tres
359 2603 504 2655 quidem
525 2602 685 2640 filiorum
706 2611 863 2639 amantes
883 2610 1021 2639 tantum
1054 2600 1212 2652 gaudent

257 2681 296 2704 ac
315 2666 479 2703 laetantur
495 2662 806 2703 circumstantibus
820 2662 906 2710 illis,
924 2661 1041 2700 etalio
1056 2661 1211 2712 quodam

301 2808 313 2821 c
338 2798 433 2835 Hmc,
445 2802 533 2831 παντὶ
547 2805 587 2840 τῷ
602 2802 682 2830 αἰῶνι
699 2800 951 2841 παρεκτεινόμενα
962 2821 971 2835 ,
983 2792 1102 2826 desunt
1117 2793 1150 2824 in
1167 2790 1261 2825 Cois-

258 2848 302 2881 lin
327 2857 359 2881 et
374 2848 407 2880 in
422 2850 530 2890 Regii„-
546 2847 792 2881 d·=0hus.1nsra
809 2857 865 2882 τῶν
879 2850 1090 2892 (ἐφιπταμένων
1111 2851 1150 2880 τὰ
1170 2848 1264 2882 διηνε-

261 2912 316 2940 κῶς·
331 2908 470 2944 μένοντα.
489 2900 589 2933 sax-il.
610 2907 648 2934 τὰ,
665 2907 857 2946 ἀριπτάγυενα
874 2909 932 2933 τῶν
951 2901 1086 2936 διηνεκῶς
1105 2904 1264 2940 μενόντων.

261 2955 338 2985 ILec
367 2961 477 2984 autem
505 2959 601 2983 notat
626 2951 750 2985 savit:
782 2952 849 2983 «ln
876 2951 939 2984 hoc
964 2951 1038 2984 loco
1064 2948 1270 2982 restituendo

259 3007 389 3048 sequuti
415 3016 526 3036 sumus
553 3003 786 3035 auctoritatem
803 3004 1020 3046 Manuscripti
1034 3003 1272 3035 Constantino·

260 3057 400 3100 politani
418 3065 533 3088 contra
553 3063 688 3086 caeteros
703 3067 818 3087 omnes
831 3063 863 3088 et
879 3057 1111 3098 Inter-pretem,
1123 3053 1179 3097 qui
1194 3065 1273 3085 con-

259 3117 386 3141 stanter
403 3108 513 3151 legunt
530 3116 587 3140 τῶν
602 3114 813 3152 &parasii-,om
830 3114 869 3141 τὰ
885 3111 1019 3145 διηνεκῶς
1034 3110 1177 3149 μένοντα,
1195 3116 1269 3147 per-

260 3173 352 3194 vorsa
378 3159 517 3193 omnino
540 3167 572 3191 ct
595 3157 788 3200 perturbata
815 3159 977 3192 orationis
999 3165 1188 3191 structura:
1217 3156 1269 3189 cui

260 3223 371 3246 tamen
396 3211 517 3245 similes
553 3210 633 3242 alias
662 3209 749 3252 apud
784 3210 870 3243 liunc
899 3219 1050 3244 nostrum
1079 3221 1147 3243 esse
1175 3208 1270 3242 scies.

259 3265 342 3298 Vide,
363 3265 446 3297 iufra
470 3263 611 3296 Humilia
631 3264 683 3301 31,
703 3261 800 3304 paulo
824 3271 900 3294 autc
921 3263 1019 3295 linem
1033 3291 1041 3305 ,
1059 3270 1091 3295 et
1107 3264 1208 3295 Hom.
1226 3264 1264 3294 12

260 3321 291 3351 in
311 3317 494 3361 Epistulam
520 3314 560 3347 ad
579 3314 730 3346 Colosso
750 3313 814 3346 Svd
841 3327 915 3346 cuni
935 3314 1003 3347 haec
1025 3314 1156 3348 insolita
1173 3323 1205 3346 ct
1222 3315 1268 3346 in-

260 3382 351 3404 versa
370 3367 502 3403 dicendi
521 3368 604 3400 ratio
623 3366 693 3399 aliis
709 3366 795 3409 :upml
816 3366 1093 3411 Clirysostomum
1111 3366 1268 3410 exemplis

1265 186 1472 217 ARCHIEP.
1512 188 1872 218 CONSTANTINOP-

1289 269 1391 306 πάνει
1411 269 1489 313 τοὺς
1506 270 1588 322 περὶ
1606 275 1716 309 ταῦτα
1741 270 1986 322 ἐπτοημένους.
2005 269 2109 309 Ἀλλὰ
2132 271 2176 310 τὰ
2204 287 2313 310 πνευ-

1289 329 1422 379 ματικὰ
1451 331 1489 368 οὔ
1522 334 1684 379 τοιαῦτα,
1721 334 1799 371 ἀλλ’
1832 332 2039 375 ἀπεναντίας
2072 332 2221 379 τούτοις,
2257 336 2278 384 β

1287 391 1371 428 Gaio:
1416 391 1476 428 καὶ
1515 392 1683 441 ἀκίνητα,
1720 393 1920 444 μεταὸολὴν
1963 395 2025 432 οὔκ
2060 394 2311 446 ἐπιδεχόμενα,

2281 334 2313 371 ἑ-

1286 451 1413 488 Ωπαντὶ
1439 454 1490 504 τῷ
1511 454 1611 491 αἰῶνι
1635 454 1944 506 παρεκτεινόμενα.
1972 454 2093 501 Πόσης
2112 459 2168 493 οὖν
2188 457 2252 493 οὐκ
2270 455 2311 493 ἂν

1285 510 1338 558 εἴη
1359 512 1631 565 παραφροσύνης
1648 516 1718 552 τῶν
1739 515 1910 562 ἀκινήτων
1931 515 1976 554 τὰ
2005 515 2223 567 σαλευόμενα
2252 521 2310 554 ἀν-

1284 573 1557 623 ταλλᾶττεσθαι,
1572 577 1641 613 τῶν
1661 576 1923 620 διαιωνιζόντων
1939 576 1984 615 τὰ
2005 578 2220 630 πρόσκαιρα,
2241 581 2310 617 τῶν

1285 634 1537 686 ἀφιπταμένων
1561 634 1605 672 τὰ
1625 637 1791 683 διηνεκῶς
1817 636 1990 686 μένοντα,
2018 639 2088 674 τῶν
2113 639 2246 685 πολλὴν
2275 640 2310 677 ἕν

1284 698 1334 748 τῷ
1365 695 1528 747 μέλλοντι
1553 699 1653 736 αἰῶνι
1676 697 1739 745 τὴν
1766 698 1958 737 ἀπόλαυσιν
1990 697 2246 750 προξενούντων
2266 699 2312 737 τὰ

1284 756 1418 803 πολλὴν
1453 757 1517 805 τὴν
1558 759 1701 798 κόλασιν
1739 763 1824 810 ἡμῖν
1857 761 1950 798 ᾶέκεῖ
1986 760 2310 809 κατασκευάζοντας

1284 820 1407 857 Ταῦτα
1438 819 1479 866 δὴ
1510 819 1626 858 πάντα
1653 821 1868 869 ἐννοοῦντες,
1891 821 2087 872 ἀγαπητοὶ,
2118 821 2178 859 καὶ
2202 821 2308 861 πολὺν

1282 883 1346 927 τῆς
1363 882 1537 934 ἡμετέρας
1557 881 1733 934 σωτηρίας
1759 883 1959 934 ποιούμενοι
1990 882 2110 934 λόγον,
2135 899 2311 935 καταφρο-

1282 942 1444 994 νήσωμεν
1472 946 1536 989 τῆς
1564 947 1696 996 τρυφῆς
1716 948 1779 991 τῆς
1796 944 1962 990 ἀνονήτου
1993 944 2053 982 καὶ
2081 944 2309 988 ἓπιὸλαὸοῧς·

1282 999 1524 1054 ἀσπασώμεθα
1552 1005 1616 1051 τὴν
1643 1005 1826 1052 νηστείαν,
1857 1005 1916 1043 καὶ
1944 1005 2007 1052 τὴν
2033 1005 2143 1052 ἄλλην
2169 1006 2308 1043 ἅπασαν

1282 1064 1499 1116 φιλοσοφίαν,
1520 1065 1654 1102 καὶτοῦ
1673 1065 1748 1116 βίου
1770 1066 1903 1113 πολλὴν
1924 1065 1986 1112 τὴν
2005 1065 2204 1116 μεταὸολὴν
2226 1067 2307 1104 ἐπι-

1282 1122 1486 1174 δειξώμεθα,
1512 1125 1571 1162 καὶ
1600 1128 1676 1163 καθ’
1705 1127 1856 1174 ἑκάστην
1879 1127 2015 1180 ἡμέραν
2043 1129 2128 1181 πρὸς
2147 1127 2210 1174 τὴν
2238 1129 2307 1165 τῶν

1281 1187 1419 1236 ἀγαθῶν
1445 1185 1556 1240 ἔργων
1586 1186 1711 1239 πρᾶξιν
1739 1187 1959 1237 ἐπειγώμεθα
1976 1204 1984 1212 ·
2014 1189 2071 1226 ἵνα
2099 1188 2158 1226 τὸν
2187 1189 2309 1240 καιρὸν

1282 1247 1421 1284 ἅπαντα
1450 1250 1512 1293 τῆς
1531 1247 1632 1298 ἁγίας
1657 1251 1960 1301 τεσσαρακοστῆς,
1980 1249 2044 1296 τὴν
2069 1249 2306 1300 πνευματικὴν

1282 1307 1453 1361 ἐμπορίαν
1487 1309 1811 1362 ἑμπορευσάμενοι,
1840 1311 1900 1348 καὶ
1926 1310 2033 1348 πολὺν
2070 1311 2128 1349 τὸν
2158 1311 2306 1349 πλοῦτον

1282 1370 1536 1423 συναγαγόντες
1567 1373 1631 1416 τ’ἦς
1660 1372 1910 1423 ἀρετῆς,οὕτω
1947 1372 2218 1424 καταξιωθῶμεν
2247 1374 2306 1412 καὶ

1282 1430 1354 1475 ὓεῖς
1372 1430 1435 1478 τὴν
1457 1431 1579 1484 κυρίαν
1597 1431 1732 1485 ἡμέραν
1752 1433 2024 1485 παραγενέσθαι,
2036 1433 2096 1472 καὶ
2108 1434 2195 1484 μετὰ
2211 1437 2305 1487 παῤ-

1282 1492 1406 1546 ῥησίας
1424 1494 1468 1543 τῇ
1497 1496 1623 1545 φρικτῆ
1645 1492 1704 1530 καὶ
1733 1498 1953 1546 πνευματικῇ
1980 1495 2135 1546 τραπέζῃ
2158 1497 2308 1547 προσελ-

1282 1558 1370 1602 θεῖν,
1391 1554 1450 1592 καὶ
1468 1558 1536 1592 τῶν
1555 1553 1763 1606 ἀπορρήτων
1784 1555 1923 1593 ἐκείνων
1940 1556 2000 1594 καὶ
2020 1557 2201 1594 ἀθανάτων
2216 1560 2306 1608 ἀγα-

1282 1617 1349 1653 θῶν
1367 1620 1554 1667 μετασχεῖν
1576 1615 1667 1666 μετὰ
1686 1618 1838 1668 καθαροῦ
1858 1620 1917 1653 τοῦ
1939 1617 2147 1663 συνειδότος,
2165 1618 2224 1656 καὶ
2245 1620 2307 1664 τῆς

1281 1678 1410 1715 ἐκεῖθεν
1439 1679 1667 1730 πληρωθῆναι
1694 1677 1854 1730 χάριτος,
1883 1682 2002 1731 εὐχαῖς
2021 1679 2080 1718 καὶ
2107 1679 2307 1732 πρεσὸείαις

1280 1740 1347 1776 ’τῶν
1370 1738 1676 1792 εὐαρεστησοίντιιψ
1712 1742 1806 1792 αὐτῷ
1830 1741 1974 1793 Χριστῷ
1995 1744 2045 1793 τῷ
2069 1741 2306 1793 φιλανθρώπῳ

1281 1801 1363 1852 Θεῷ
1385 1803 1498 1851 ἡμῶν,
1521 1803 1597 1851 μεθ’
1626 1795 1664 1839 οὗ
1685 1804 1734 1854 τῷ
1762 1802 1878 1855 Πατρὶ
1905 1802 1978 1853 ἅμα
1998 1805 2048 1854 τῷ
2064 1803 2165 1854 ’ἁγίῳ
2196 1803 2307 1841 Πνεό-

1283 1877 1368 1911 ματι
1396 1861 1488 1909 δόξα,
1520 1862 1667 1913 κράτος,
1688 1862 1787 1910 τιμὴ,
1807 1866 1865 1900 νῦν
1893 1863 1952 1901 καὶ
1977 1864 2049 1912 ἀεὶ,
2071 1865 2129 1902 καὶ
2153 1867 2199 1909 εἷς
2230 1864 2307 1908 τοὺς

1281 1923 1409 1965 αἰῶνας
1425 1926 1493 1961 τῶν
1514 1922 1660 1961 αἰώνων.
1681 1922 1801 1973 Ἀμήν.

1668 2170 1847 2210 onim
1879 2169 1922 2221 β’.

1284 2293 1344 2336 Εἷς
1375 2291 1438 2339 τὴν
1469 2291 1580 2347 ἀρχὴν
1601 2296 1662 2340 τῆς
1690 2293 1859 2336 κτίσεως·
1885 2292 1946 2331 Ἰῖν
1976 2296 2068 2346 ἀρχῇ
2103 2293 2263 2339 ἐποίησεν
2291 2297 2311 2332 ὁ

1484 2355 1573 2397 Θεὸς
1594 2354 1651 2392 τὸν
1671 2356 1812 2407 οὐρανὸν
1832 2354 1893 2392 καὶ
1911 2354 1975 2400 τὴν
1994 2358 2095 2405 γῆνε.

1336 2478 1477 2523 Πολλῆς
1518 2476 1671 2530 σήμερον
1714 2479 1916 2529 πληροῧμαι
1953 2480 2015 2524 τῆς
2047 2478 2190 2525 ἧδονῆς,
2221 2481 2310 2530 ὁρῶν

1284 2541 1381 2590 ὑμῶν
1402 2538 1445 2576 τὰ
1462 2538 1604 2577 ποθεινὰ
1628 2538 1813 2590 πρόσωπα.
1837 2538 1905 2577 Καὶ
1924 2538 1991 2591 γὰρ
2009 2541 2075 2590 οὐχ
2094 2538 2185 2576 οὕτω
2204 2539 2311 2578 πατέ-

1286 2617 1340 2654 ρες
1360 2600 1579 2652 φιλόστοργοι
1595 2599 1780 2653 χαίρουσι,
1802 2600 1861 2637 καὶ
1882 2600 2123 2653 εὐφραίνονται
2143 2603 2212 2637 τῶν
2231 2600 2312 2638 παί-

1284 2665 1351 2702 δων
1367 2660 1490 2704 αὐτοὺς
1504 2661 1722 2712 πανταχόθεν
1740 2661 1976 2707 κυκλούντων,
1993 2661 2054 2698 καὶ
2068 2659 2149 2698 ἀδιὰ
2164 2663 2226 2707 τῆς
2244 2661 2310 2699 ἄλ-

1295 2791 1434 2832 nitatur,
1459 2791 1624 2824 noluimus
1642 2804 1714 2825 eam
1732 2800 1851 2824 contra
1879 2790 1978 2824 fidem
2005 2799 2057 2824 tot
2073 2790 2313 2834 exemplarium

1299 2851 1440 2875 mutare.

1344 2905 1357 2919 ·
1383 2896 1454 2927 Duo
1485 2897 1563 2929 Mss.
1592 2904 1625 2928 et
1651 2895 1788 2929 Coislin.
1822 2901 1880 2929 ἐκεῖ
1922 2901 2202 2940 παρασκευάζοντα.
2237 2895 2313 2927 Mox

1304 2946 1441 2982 coislin.
1458 2953 1608 2990 ἀγαπητοὶ
1625 2951 1738 2987 πολλὴν
1756 2957 1806 2986 τῆς
1828 2952 1974 2992 σωτηρίας
1991 2951 2158 2991 ποιούμενοι
2176 2951 2316 2992 φροντίδα

1307 3015 1438 3044 καταῗρ.

1353 3052 1368 3075 l‘
1382 3057 1429 3089 Εἰς
1445 3057 1498 3090 τήν
1514 3056 1616 3096 κυρίαν
1632 3055 1761 3094 ἡμέραν.
1779 3051 1842 3082 llic
1860 3056 1946 3095 κυρία
1960 3056 2061 3096 ἡμέρα
2073 3076 2080 3089 ,
2099 3050 2192 3091 quasi
2210 3055 2317 3095 Κυρίου

1304 3108 1484 3149 -ὶμέραμιςι
1505 3105 1639 3135 Domini
1662 3102 1751 3144 dics,
1765 3101 1828 3135 lioc
1855 3110 1903 3134 est
1928 3110 2082 3134 sanctum
2112 3100 2252 3133 Pascha.
2274 3101 2318 3133 Id

1304 3155 1394 3199 quod
1412 3153 1538 3197 plenius
1557 3155 1742 3198 explicatur
1760 3155 1850 3188 liom.
1868 3156 1917 3187 11.

1351 3219 1363 3233 c
1379 3207 1599 3240 Coislinianus
1613 3207 1709 3240 addit
1726 3214 1742 3246 ἡ
1757 3211 1787 3241 δὲ
1801 3217 1835 3250 γῆ
1855 3213 1888 3247 ἦν
1902 3214 2032 3254 ἀόρατος
2047 3213 2096 3242 καὶ
2112 3211 2318 3242 damnans-32-

1307 3275 1386 3299 στος.

1347 3313 1363 3337 ⁴¹
1381 3311 1516 3344 coislin.
1535 3315 1581 3346 διὰ
1611 3319 1662 3350 τῆς
1685 3315 1850 3354 εᾶκοτμῐας,
1877 3318 1975 3342 recto.
1997 3310 2098 3344 Snvil.
2120 3316 2166 3346 καὶ
2193 3315 2240 3346 διὰ
2265 3320 2316 3350 τῆς

1305 3369 1397 3403 iiim
1414 3369 1569 3408 ενκοτμὶας
1586 3368 1632 3397 καὶ
1652 3366 1698 3397 διὰ
1715 3369 1809 3401 πάσης
1828 3367 1999 3407 θεραπείας.
