2516 3791
686 195 743 226 Dr:
781 196 956 226 DAthHE
994 196 1049 226 ET
1086 195 1226 225 saum
1264 195 1449 226 nonnus
1490 196 1538 225 Η.

82 285 140 325 καὶ
162 289 183 332 ἡ
209 284 356 338 καρδία,
382 286 416 323 ἐν
437 278 459 336 ἦ
482 287 591 322 ταῦτα
620 282 878 336 προσεφέρετο,
906 283 1045 321 ἅπαντα
1064 277 1106 329 ἦν

81 346 193 399 ’““παρ’
212 348 317 398 αὐτῷ.

141 964 244 1006 Ἐπεὶ
276 959 334 1005 οὖν
360 966 574 1021 προσήνεγκε
600 967 663 1015 τὴν
693 966 804 1015 καλὴν
831 967 960 1015 ταύτην
981 967 1114 1013 Ουσίαν,

91 1028 150 1067 καὶ
169 1028 233 1076 τὴν
257 1028 357 1076 νίκην
378 1029 550 1083 ἀπήρτισε
567 1060 576 1077 ,
595 1030 655 1068 καὶ
679 1029 774 1068 οὐδὲν
797 1031 846 1082 τῷ
866 1028 1022 1081 τροπαίῳ
1043 1029 1116 1067 ἐνέ-

89 1090 190 1128 λιπεν
204 1119 213 1137 ,
252 1090 379 1136 ἀνέστη
417 1091 537 1129 λοιπὸν
570 1094 591 1138 ἡ
623 1093 691 1129 τῶν
727 1090 870 1143 ἀγώνων
906 1090 1068 1135 ὑπόθεσις
1100 1093 1118 1128 6

91 1152 227 1200 Σαοὺλ,
260 1152 318 1190 καὶ
337 1152 478 1198 ἐξῆλθεν
501 1153 569 1192 ἀπὸ
584 1156 644 1191 τοῦ
665 1152 840 1200 σπηλαίου
853 1183 862 1200 ,
892 1155 959 1191 τῶν
979 1168 1118 1204 γεγενη-

91 1214 203 1264 μένων
228 1213 323 1253 οὗδὲν
349 1214 458 1259 εἰδώς.
493 1215 611 1267 'Ei-fisi
640 1215 676 1254 δὲ
708 1215 768 1253 καὶ
792 1218 810 1254 6
832 1215 942 1253 Δαυὶδ
962 1215 1117 1259 ὄπισθεν,

89 1275 280 1328 ἐλευθέροις
302 1276 421 1315 λοιπὸν
451 1277 642 1329 ὀφθαλμοῖς
674 1277 760 1330 πρὸς
789 1277 847 1315 τὸν
870 1276 1011 1331 οὐρανὸν
1035 1276 1118 1328 βλέ-

89 1353 177 1385 πων,
207 1337 265 1375 καὶ
285 1339 417 1388 μᾶλλον
446 1337 523 1376 τότε
542 1337 764 1391 γαννύμενος,
793 1338 814 1385 ἢ
833 1339 890 1378 ὅτε
912 1339 970 1377 τὸν
989 1337 1116 1377 ΓολιὰΟ

45 1419 47 1421 ’
89 1399 299 1452 κατήνεγκε,
329 1399 389 1438 καὶ
415 1399 479 1446 τὴν
494 1404 554 1438 τοῦ
577 1399 754 1455 βαρὸοίρου
774 1400 929 1453 κεφαλὴν
950 1400 1116 1451 ἀπέτεμε.

91 1461 160 1500 Καὶ
192 1460 260 1513 γὰρ
285 1460 373 1509 αὕτη
402 1461 632 1516 λαμπροτέρα
660 1462 793 1509 ἐκείνης
812 1466 834 1508 ἡ
855 1462 932 1509 νίκη
953 1492 962 1508 ,
996 1460 1119 1500 καὶτὰ

90 1522 229 1574 λάφυρα
250 1522 455 1576 σεμνότερα,
472 1523 532 1562 καὶ
547 1522 591 1561 τὰ
611 1524 724 1561 σκῦλα
743 1522 1037 1578 περιφανέστερα,
1059 1522 1119 1560 καὶ

93 1584 134 1622 τὸ
153 1584 319 1636 τρόπαιον
340 1584 565 1637 ἐνδοξότερον.
602 1584 702 1623 Ἐκεῖ
722 1585 785 1635 μὲν
806 1584 874 1638 γὰρ
895 1584 956 1622 καὶ
975 1583 1117 1636 σφενδό-

89 1661 150 1692 νης
181 1645 305 1692 ἐδεήθη
338 1645 397 1683 καὶ
430 1645 534 1684 λίθων
562 1646 622 1684 καὶ
647 1645 892 1700 παρατάξεως·
918 1647 1067 1683 ἐνταῦθα
1083 1644 1118 1683 δὲ

90 1707 207 1746 πάντα
235 1710 253 1746 6
275 1707 444 1757 λογισμὸς
471 1707 603 1758 ἐγίνετο
617 1738 627 1754 ,
657 1707 717 1745 κα),
739 1707 848 1760 χωρὶς
863 1706 979 1745 ὅπλων
997 1709 1018 1752 ἦ
1038 1706 1118 1753 νίκη

90 1765 339 1821 ι’κατωρθοῦτο
353 1799 362 1816 ,
408 1768 467 1806 καὶ
511 1769 683 1820 ἀναιμωτὶ
715 1769 756 1808 τὸ
786 1769 952 1823 τρόπαιον
985 1768 1119 1808 ἵστατο.

91 1828 263 1881 Ἐπανῄει
290 1830 403 1868 τοίνυν
427 1830 504 1883 οὐχὶ
533 1830 687 1883 κεφαλὴν
717 1830 899 1882 βαστάζων
927 1830 1118 1884 βαρὸοίρου,

91 1888 183 1927 ἀλλὰ
202 1890 310 1941 Ουμὸν
325 1892 579 1944 νενεκρωμένον
595 1893 654 1930 καὶ
673 1892 779 1945 ὀργὴν
799 1891 1118 1945 ἐκνενευρισμένην·

92 1950 152 1988 καὶ
181 1955 294 1990 ταῦτα
315 1954 378 1991 οὐκ
401 1955 448 1998 εἷς
475 1953 538 2001 τὴν
560 1953 795 2007 Ἰερουσαλὴμ
818 1954 967 1993 ἀνετίθει
993 1953 1038 1992 τὰ
1057 1953 1119 1992 λοί-

92 2027 203 2066 φυροι,
226 2014 306 2053 ἀλλ’
328 2018 375 2059 εἷς
399 2016 457 2054 τὸν
482 2016 626 2068 οὐρανὸν
651 2017 710 2054 καὶ
726 2016 788 2063 τὴν
809 2017 881 2055 ἄνω
898 2017 1012 2055 πόλιν.
1046 2018 1118 2056 Νῦν

92 2074 171 2126 οὐχὶ
201 2081 361 2127 γυναῖκες
379 2076 588 2131 χορεύουσαι
613 2078 800 2125 ἀπήντων,
832 2085 909 2122 ταῖς
934 2077 1120 2131 εὐφημίαις

93 2136 194 2175 αὐτὸν
211 2137 410 2189 δεχόμεναι,
427 2139 517 2178 ἀλλὰ
541 2142 610 2178 τῶν
643 2139 800 2192 ἀγγέλων
817 2143 834 2178 6
850 2141 958 2191 δῆμος
992 2139 1120 2178 ἄνωθεν

93 2198 292 2251 ἐπεκρότει,
321 2200 492 2252 ἀγάμενος
513 2201 577 2249 τὴν
599 2201 823 2254 φιλοσοφίαν,
850 2202 910 2241 καὶ
925 2202 990 2249 τὴν
1007 2201 1120 2240 ἐπιεί-

94 2274 204 2298 κειαν.
234 2261 407 2312 Ἐπανῄει
435 2262 502 2314 γὰρ
526 2265 577 2315 τῷ
606 2263 766 2317 πολεμίῳ
800 2264 906 2318 μυρία
936 2264 1121 2317 τραύματα

96 2321 192 2367 δοὺς,
220 2322 279 2361 τὸν
299 2323 361 2374 μὲν
379 2325 498 2363 Σαοὺλ
514 2324 702 2371 διασώσας,
719 2326 778 2364 τὸν
796 2325 831 2364 δὲ
848 2327 985 2372 ἀληθῶς
998 2326 1122 2380 ἐχθρὸν

98 2383 154 2421 τὸν
171 2383 332 2422 διάὅολον
346 2387 492 2430 πολλαῖς
505 2386 785 2433 1ἵκοιτοικεντήσας
800 2388 962 2439 πληγαῖς.
979 2386 1122 2440 ‘'ssent-:p

99 2443 167 2494 γὰρ
186 2445 416 2497 ὀργιζομένων
447 2449 547 2497 ἡμῶν
577 2448 637 2486 καὶ
662 2448 919 2496 πυκτευόντων,
950 2449 1009 2486 καὶ
1037 2449 1123 2502 πρὸς

101 2505 272 2552 ἀλλήλους
287 2507 602 2561 συγκρουομένων]1
610 2509 728 2560 χαίρει
744 2525 781 2546 τε
797 2509 856 2547 καὶ
871 2509 1016 2562 γέγηθεν
1036 2512 1123 2548 ἐκεῖ·

100 2583 176 2611 νος·
202 2567 310 2613 οὕτως
328 2571 569 2621 εἷρηνευόντων
590 2570 650 2608 καὶ
668 2570 922 2620 ὁμονοούντων,
944 2571 1004 2609 καὶ
1031 2587 1121 2624 κρα-

100 2628 248 2667 τούντων
274 2632 379 2682 ὀργῆς
397 2662 406 2676 ,
440 2630 666 2670 συστέλλεται
685 2631 791 2670 πάλιν
807 2632 867 2670 καὶ
885 2637 1121 2680 ταπεινοῦται,

100 2690 159 2728 ἅτε
177 2691 297 2743 ἐχθρὸς
315 2693 454 2745 εἰρήνης
467 2691 528 2740 ὧν,
548 2693 607 2731 καὶ
622 2693 788 2744 πολέμιος
797 2693 969 2744 ὁμονοίας,
985 2694 1044 2732 καὶ
1062 2698 1124 2747 βα-

101 2752 244 2795 σκανίας
256 2753 386 2805 πατήρ.
415 2753 533 2806 ἘΞ-ᾔει
547 2754 657 2792 τοίνυν
675 2759 693 2794 6
712 2755 822 2793 Δαυὶδ
836 2785 845 2802 ,
874 2755 986 2800 δεξιὰν
1001 2759 1063 2802 τῆς
1077 2759 1125 2795 οἷ-

100 2812 270 2863 κουμένης
289 2814 491 2867 ἀντίρῤοπον
513 2816 602 2868 ἔχων
623 2815 712 2867 μετὰ
727 2818 788 2862 τῆς
803 2817 956 2870 κεφαλῆς
972 2820 1121 2869 ἐστεφα-

99 2875 268 2925 νωμένην.
300 2875 467 2929 Καθάπερ
480 2876 548 2929 γὰρ
566 2879 622 2916 ἐπὶ
640 2881 708 2916 τῶν
726 2879 854 2931 ἄριστα
869 2880 1122 2924 πυκτευόντων,

99 2936 168 2989 πρὸ
190 2939 252 2982 τῆς
273 2938 426 2989 κεφαλῆς
446 2938 615 2982 πολλάκις
630 2943 661 2977 οἱ
680 2942 833 2990 βασιλεῖς
850 2941 913 2988 τὴν
934 2940 1047 2984 δεξιὰν
1063 2944 1123 2978 τοῦ

99 2996 325 3040 πυκτεύοντος
343 2997 365 3043 ἢ
381 3000 720 3051 εἱποιγκρατιοίζον’.·ος
740 3002 980 3054 ἐστεφάνωσαν
998 3019 1005 3025 ·
1033 3001 1124 3039 οὕτω

1034 3063 1047 3075 Λ

99 3058 140 3105 δὴ
177 3058 235 3096 καὶ
264 3058 326 3105 τὴν
350 3065 451 3113 χεῖρα
475 3059 609 3107 ἐκείνην
636 3064 654 3099 6
676 3062 764 3105 Θεὸς
789 3063 996 3116 ἐστεφάνου,
1027 3078 1049 3108 τ,
1086 3063 1125 3101 τὸ

141 3202 154 3217 ·
178 3192 270 3234 Regii
286 3190 355 3224 duo
372 3196 445 3237 παρ’
464 3196 564 3227 αὐτοῦ.
584 3192 658 3225 Mox
685 3190 785 3225 iidem
803 3197 883 3228 οὐδὲν
900 3202 942 3237 τῷ
958 3200 1104 3237 τροπαίῳ.

100 3243 190 3276 Edisti
206 3255 266 3279 τῶν
280 3251 442 3287 τροπαίων.

143 3298 159 3322 ¹³
177 3295 268 3340 Regii
288 3296 386 3329 iidem
406 3304 598 3343 κατώρθωτο.

100 3413 112 3432 ‹
121 3407 324 3439 ντακιυτῐςας-

1136 2662 1183 2686 762

1148 2702 1173 2728 Α

2043 180 2125 224 881

1181 282 1362 333 quoddam
1400 282 1571 333 dictuque
1608 280 1839 329 incredibile,
1876 294 1943 317 non
1986 289 2137 317 mactato
2154 289 2246 316 nana
2285 291 2340 317 im-

1181 343 1317 387 vitulo,
1333 353 1394 382 aut
1411 344 1527 382 occiso
1538 357 1630 394 agno
1644 374 1652 390 ‚
1666 342 1724 380 sed
1743 341 1837 392 quod
1857 341 1912 379 liis
1931 350 2004 379 erat
2026 342 2137 378 multo
2153 332 2262 399 ffssft'

1183 405 1476 444 honorificentius
1487 436 1495 450 ,
1512 404 1818 444 mansuetudinem
1834 413 1866 441 ct
1881 403 2139 441 humanitatem

1183 467 1334 505 osscrcns
1366 468 1464 516 Deo,
1500 476 1606 518 atque
1628 464 1864 504 irrationabili
1899 464 2008 502 animi
2043 474 2139 502 motu

1185 537 1364 578 mactato,
1399 527 1585 579 occisaque
1619 526 1824 573 iracundia,
1854 534 1887 563 ct
1918 524 2142 562 mortificatis
2161 534 2220 560 Col
2244 533 2271 561 3.
2292 533 2320 560 5.

1185 589 1356 627 membris
1382 604 1460 641 qua:
1486 598 1568 627 sunt
1588 603 1694 641 super
1719 597 1862 625 terram.
1895 587 1941 625 Iit
1963 587 2075 624 facum
2095 596 2144 623 est

1187 651 1280 688 idem
1299 660 1373 689 tum
1394 650 1540 689 victima
1555 681 1564 699 ,
1581 659 1656 688 tum
1675 649 1912 693 sacrificatus,
1929 658 2003 686 tum
2019 648 2141 686 altare.

1188 711 1376 763 Siquidem
1397 721 1429 750 ct
1450 712 1539 749 ratio
1553 725 1632 762 quae
1649 710 1819 748 offerebat
1839 708 2144 748 mansuetudinem

1186 784 1292 827 atquc
1313 774 1592 824 humanitatem,
1613 783 1646 812 ct
1669 774 1743 826 ipsa
1765 773 1967 810 humanitas
1986 787 2026 810 ae
2047 786 2145 810 inan-

1187 836 1357 886 suctudo,
1376 837 1532 888 deniqne
1558 851 1618 875 cor
1640 836 1674 874 in
1696 851 1768 888 quo
1789 835 1866 873 hacc
1888 835 2145 881 offerebantur,

1188 899 1305 937 omnia
1324 909 1423 937 erant
1438 898 1596 952 ejusdem
1616 897 1783 935 hominis.

1243 965 1281 1000 ⁶2.
1304 963 1535 1013 Posteaquam
1567 961 1678 1013 igitur
1709 960 1799 998 lianc.
1819 959 2035 997 immolasset
2057 973 2146 1011 pra*-

1189 1025 1323 1063 claram
1342 1024 1546 1072 victimam,
1560 1033 1645 1061 tunc
1665 1022 1852 1061 victoriam
1872 1021 2013 1069 retulit,
2036 1034 2148 1070 neque

1189 1086 1386 1138 quidquam
1417 1085 1645 1139 praetermisit
1671 1084 1767 1136 quod
1791 1083 1840 1122 acl
1869 1092 2044 1135 tropicum
2069 1096 2147 1133 spe-

1191 1158 1318 1197 ctaret,
1337 1147 1494 1186 surrexit
1512 1147 1657 1185 tandem
1676 1147 1805 1185 horum
1827 1145 2059 1184 certaminum
2076 1160 2150 1183 ma-

1191 1211 1278 1250 teria
1298 1211 1402 1260 Sa'ul,
1425 1219 1458 1248 et
1483 1224 1643 1262 egressus
1669 1218 1719 1248 est
1750 1223 1768 1247 e
1793 1208 1981 1261 spelunca,
2003 1206 2148 1258 ignarus

1191 1273 1351 1312 omnium
1367 1287 1444 1324 quae
1461 1281 1556 1323 gesta
1578 1272 1729 1309 fuerant.
1748 1272 1936 1322 Egressus
1948 1277 2004 1306 est
2020 1277 2145 1306 autem

1189 1344 1276 1387 post
1302 1335 1415 1372 illum
1445 1343 1482 1372 et
1516 1335 1670 1381 David,
1695 1332 1818 1370 liberis
1849 1331 2014 1383 deinceps
2038 1330 2150 1368 oculis

1193 1396 1319 1434 caelum
1338 1396 1545 1442 intuens‚ac
1559 1404 1636 1433 tum
1655 1392 1826 1446 temporis
1846 1392 1960 1444 magis
1973 1390 2128 1444 gaudens
2141 1422 2149 1436 ‚

1193 1471 1301 1509 quam
1337 1471 1420 1495 cum
1447 1457 1595 1497 Goliath
1631 1455 1900 1510 prostravisset,
1936 1468 1977 1492 ac
2007 1454 2150 1492 barbari

1194 1528 1300 1572 caput
1328 1528 1557 1572 amputasset.
1578 1517 1763 1569 Siquidem
1786 1517 1862 1554 hzec
1890 1515 1950 1553 illa
1987 1515 2152 1566 magnifi-

1195 1580 1330 1619 centior
1340 1589 1416 1618 erat
1431 1580 1592 1626 victoria,
1610 1580 1685 1617 haec
1700 1577 2006 1629 magnificentiora
2021 1576 2149 1628 spolia,

1193 1641 1270 1679 liaec
1295 1641 1418 1694 praeda
1438 1640 1632 1691 illustrior,
1653 1640 1722 1678 hoc
1743 1638 1934 1691 gloriosius
1960 1646 2147 1689 tropaeum.

1194 1703 1286 1741 Nam
1307 1703 1382 1741 illic
1401 1711 1434 1740 et
1455 1701 1567 1740 funda
1583 1711 1618 1740 et
1639 1700 1821 1754 lapidibus
1850 1708 1883 1737 et
1902 1699 1977 1736 acie
2000 1698 2151 1736 habebat

1193 1779 1282 1818 opus
1301 1781 1308 1801 :
1328 1764 1387 1802 bic
1398 1778 1483 1803 vero
1499 1773 1624 1802 cuncta
1645 1761 1834 1815 prudentia
1850 1761 2054 1812 rationeque
2072 1775 2152 1813 per-

1194 1835 1271 1864 acta
1291 1835 1392 1876 sunt,
1409 1840 1450 1864 ac
1467 1825 1543 1864 sine
1558 1825 1668 1863 armis
1689 1822 1838 1875 contigit
1857 1822 2030 1871 victoria,
2049 1831 2154 1872 atque

1194 1887 1420 1926 incruentum
1441 1896 1615 1939 tropaeum
1634 1895 1789 1924 erectum
1818 1893 1879 1922 est.
1904 1884 2029 1934 Itaque
2048 1882 2152 1921 rediit

1193 1963 1263 1987 non
1295 1949 1440 1987 barbari
1477 1948 1574 1986 illius
1613 1956 1720 2000 caput
1752 1954 1912 1998 gestans,
1948 1943 2012 1982 sed
2042 1943 2152 1981 animi

1194 2011 1466 2050 commotionem
1492 2009 1674 2060 sedatam,
1704 2007 1766 2046 sed
1798 2007 1888 2045 iram
1921 2016 2153 2045 enervatam:

1194 2087 1307 2125 neque
1325 2073 1401 2112 haec
1428 2073 1542 2126 spolia
1559 2071 1717 2125 reposuit
1750 2070 1982 2123 Jcrosolymae
1999 2099 2010 2118 ,
2029 2069 2090 2107 scd
2119 2069 2154 2106 in

1194 2135 1299 2184 caelo,
1314 2135 1421 2186 inque
1438 2148 1589 2187 superna
1609 2133 1671 2171 illa
1688 2131 1844 2170 civitate.
1862 2132 1965 2169 Nunc
1985 2144 2054 2168 non
2071 2130 2155 2167 cho-

1194 2211 1270 2235 reas
1303 2206 1446 2249 agentes
1479 2196 1625 2234 obviam
1654 2194 1845 2233 veniebant
1881 2191 2022 2230 feminae
2058 2191 2154 2229 exci-

1194 2259 1330 2311 pientes
1362 2258 1466 2296 illum
1498 2271 1582 2296 cum
1616 2255 1812 2301 laudibus,
1850 2253 1911 2292 sed
1947 2253 2156 2305 angelorum

1196 2319 1350 2372 populus
1371 2333 1390 2356 e
1412 2318 1559 2357 sublimi
1588 2316 1846 2370 applaudebat,
1878 2314 2062 2353 admirans
2081 2315 2156 2366 ejus

1195 2381 1462 2434 philosophiam
1489 2391 1522 2419 et
1555 2379 1827 2418 humanitatem.
1865 2377 2033 2415 Ascendit
2063 2377 2155 2414 enim

1197 2443 1297 2482 hoste
1325 2443 1539 2482 vulneribus
1573 2440 1769 2479 innumeris
1807 2439 1986 2487 sauciato,
2019 2448 2057 2476 ut
2093 2439 2156 2489 qui

1197 2505 1337 2544 tametsi
1361 2513 1533 2543 servasset
1555 2503 1721 2551 Saulem,
1756 2511 1872 2539 tamen
1900 2500 2005 2538 illum
2035 2514 2155 2537 revera

1197 2568 1337 2606 hostem
1365 2566 1551 2604 diabolum
1573 2564 1697 2602 multis
1727 2563 1843 2615 plagis
1863 2561 2027 2600 confixit.
2055 2561 2156 2599 Sicut

1198 2629 1292 2668 enim
1320 2628 1422 2666 nobis
1448 2642 1512 2680 per
1529 2624 1753 2664 iracundiam
1775 2625 1865 2662 inter
1885 2638 1948 2661 nos
1963 2623 2157 2676 pugnanti-

1198 2692 1280 2737 bus,
1299 2699 1331 2728 et
1347 2698 1470 2727 mutuo
1488 2688 1654 2726 conflictu
1673 2686 1806 2725 collisis
1818 2716 1829 2735 ,
1844 2685 1904 2723 ille
1917 2694 1993 2723 tum
2010 2684 2155 2736 gaudet,

1199 2761 1275 2790 tum
1306 2752 1445 2789 laetatur
1470 2766 1477 2786 :
1502 2750 1549 2788 ita
1573 2749 1675 2787 nobis
1711 2762 1835 2801 pacem
1869 2756 1902 2785 et
1931 2746 2155 2784 concordiam

1199 2814 1431 2860 habentibus,
1456 2812 1617 2862 iramque
1630 2809 2054 2857 mo‹lcrantibus,rursus
2074 2822 2155 2846 con-

1199 2875 1355 2914 trahitur
1386 2888 1427 2912 ac
1455 2873 1642 2926 dejicitur,
1665 2871 1836 2909 nimirum
1867 2867 2104 2922 hostis‘paeis
2123 2880 2156 2907 ct

1200 2937 1366 2975 inimicus
1391 2934 1608 2981 concordiae,
1628 2943 1661 2971 et
1685 2932 1830 2971 invidiae
1851 2941 1961 2984 pater.
1984 2931 2156 2982 Egressus

1200 3007 1250 3037 est
1278 2998 1388 3050 igitur
1423 2995 1561 3042 David,
1586 2994 1750 3032 dextram
1789 2993 1888 3031 illam
1923 2993 2032 3030 totius
2059 2992 2154 3029 orbis

1201 3060 1314 3114 prctio
1334 3072 1456 3112 parem
1486 3056 1593 3095 simul
1622 3069 1702 3093 cum
1728 3055 1842 3108 capite
1869 3063 2070 3093 coronat-‘im
2091 3067 2151 3101 ge-

2171 1289 2193 1307 ι.
2214 1281 2276 1313 [teg
2303 1281 2352 1317 24'.

1186 3192 1202 3216 ‘l
1230 3198 1332 3236 Χαῖρε(
1351 3205 1383 3224 τε
1397 3194 1444 3223 καὶ
1462 3193 1583 3226 τέθηλεν
1601 3193 1706 3233 ἐκεῖνος.
1718 3187 1772 3220 Sic
1789 3187 1896 3227 Regii.

1186 3254 1198 3268 ι·
1226 3243 1462 3275 Pancratiastae
1488 3248 1583 3273 erant
1603 3241 1661 3282 qui
1685 3240 1717 3270 in
1739 3236 1910 3280 pentathlo
1933 3246 1986 3266 seu
2005 3236 2035 3265 in
2055 3235 2150 3275 quin-

1142 3307 1205 3339 que
1230 3295 1315 3328 ludis
1342 3296 1484 3326 victores
1506 3293 1658 3330 fuerant,
1686 3290 1727 3323 (lu
1752 3289 1870 3333 quibus
1896 3286 1980 3319 ludis
2004 3285 2154 3327 pluribus

141 3360 152 3373 ⁶
179 3358 405 3389 Καῒυῑντὴτϊς
428 3351 533 3394 Βθέἱὶῖ,
548 3349 661 3382 melius
678 3361 777 3392 qnam
796 3350 906 3384 Morel.
927 3353 981 3395 qni
1008 3350 1106 3383 habet
1142 3350 1267 3390 egimus
1290 3349 1323 3379 in
1347 3344 1433 3377 libro
1458 3344 1499 3378 (le
1528 3345 1733 3388 Antiquitate
1759 3340 1990 3384 explanatione
2007 3345 2038 3369 et
2056 3337 2151 3369 selu·-

1144 3400 1288 3432 niatilius
1305 3397 1480 3430 illustrata.
