2516 3791
687 220 727 248 m
770 218 872 248 CAP.
913 215 1057 245 XXXV.

107 308 286 361 ἡμετέρων
314 305 446 344 παίδων
478 303 539 347 τὰς
560 303 670 356 ὁρμὰς
684 333 693 349 ,
713 303 772 341 καὶ
802 299 910 339 πολὺν
930 303 973 349 τῇ
994 298 1130 343 νεότητι

1098 212 1260 243 (Ji-:Niss-

1303 212 1459 241 uomu..
1502 212 1592 241 mx.
2058 196 2150 239 (3023

1200 304 1233 332 ct
1248 293 1472 333 admonendo
1492 306 1778 346 compescamus:
1798 301 1830 330 ct
1851 305 2013 329 curemus
2032 307 2153 330 mrum

108 372 165 410 τὸν
181 369 322 422 χαλινὸν
337 364 663 416 κατασκευάζωμεν,
683 364 740 402 τὸν
767 363 837 401 ἀπὸ
854 365 913 400 τοῦ
933 359 1053 413 epe-3600,
1073 359 1130 397 τὸν
1154 368 1178 398 c
1203 356 1399 394 castitatem
1413 386 1422 403 ‚
1437 355 1625 406 omniaque
1642 354 1814 392 faciamus
1836 362 1869 391 et
1888 362 2098 400 tractemus,
2119 363 2156 389 ιιι

108 431 177 470 ἀπὸ
195 433 257 477 τῆς
280 427 469 471 νουθεσίας·
493 427 553 466 καὶ
575 424 822 477 ἐπιμελώμεθα
847 426 908 470 τῆς
928 425 1041 462 αὐτῶν
1060 436 1131 458 σω-

109 490 295 544 φροσύνης,
315 490 375 528 καὶ
393 489 509 528 πάντα
527 490 682 538 ποιῶμεν
702 486 761 525 καὶ
781 482 1109 539 πραγματευώμεθα
1123 511 1132 528 ,

108 552 199 591 ὥστε
229 552 291 599 τὴν
310 551 451 599 ἡλικίαν
471 553 532 597 τῆς
555 548 714 595 νεότητος
748 549 934 595 δυνηθῆναι
955 547 1132 596 διαφυγεῖν

110 614 172 658 τὰς
196 614 344 657 ἀτόπους
364 612 560 664 ἐπιθυμίας.
587 610 656 650 Διὰ
681 610 749 664 γὰρ
778 613 879 648 τοῦτο
909 607 967 647 καὶ
985 609 1004 646 ὁ
1025 605 1137 648 κοινὸς

110 677 211 726 ἡμῶν
243 674 424 722 Δεσπότης
455 673 535 712 ἰδὼν
570 675 632 719 τ’ῆς
659 670 878 724 ἀνθρωπίνης
913 668 1045 722 φύσεως
1072 665 1136 713 τὴν

112 736 302 784 ἀσθένειαν,
318 737 376 775 τὸν
397 736 510 787 γάμον
535 733 797 786 ἐνομοθέτησεν,
823 731 913 770 ὥστε
933 733 996 776 τῆς
1020 744 1136 780 παρα-

114 797 219 848 νόμου
244 801 338 848 ἡμᾶς
355 797 480 848 μίξεως
509 799 715 846 ἀπαγαγεῖν.
743 794 803 841 Μὴ
819 793 933 832 τοίνυν
950 793 1138 843 ἀμελῶμεν

113 862 181 897 τῶν
200 858 298 906 νέων,
318 860 394 898 ἀλλ’
414 858 542 902 ἰδόντες
569 861 631 904 τῆς
649 855 796 908 καμίνου
826 855 888 903 τὴν
909 854 1034 909 πυρὰν,
1057 853 1138 906 πρὶν

114 920 137 966 ἢ
163 919 236 964 υεῖς
263 919 445 971 ἀσέλγειαν
474 920 740 971 ἐγκυλισθῆναι,
771 917 1022 968 σπουδάζ(ι)μεν
1049 913 1140 954 κατὰ

114 982 172 1021 τὸν
199 985 259 1020 τοῦ
287 983 378 1020 Θεοῦ
409 980 512 1031 νόμον
544 979 666 1024 αὐτοὺς
691 978 875 1019 συνάπτειν
903 978 988 1031 πρὸς
1015 976 1142 1029 γάμον,

113 1041 170 1081 ἵνα
189 1042 248 1080 καὶ
274 1041 318 1079 τὰ
342 1045 404 1089 τῆς
438 1041 660 1094 σωφροσύνης
688 1043 802 1084 αὐτοῖς
832 1041 1063 1093 διατηρῆται,
1084 1037 1142 1076 καὶ

120 1103 292 1155 μηδεμίαν
311 1102 424 1153 λύμην
446 1102 610 1147 δέξωνται
631 1101 665 1146 ἐξ
685 1101 876 1145 ἀκολασίας
891 1131 900 1148 ,
925 1100 1062 1153 ἔχοντες
1081 1101 1143 1151 ἀρ-

119 1168 246 1204 κοῦσαν
275 1164 514 1216 παραμυθίαν,
546 1163 605 1201 καὶ
634 1162 816 1213 δυνάμενοι
847 1164 910 1208 τῆς
941 1161 1070 1214 σαρκὸς
1099 1160 1143 1199 τὰ

119 1226 344 1279 σκιρτήματα
363 1224 623 1270 καταστέλλειν,
642 1223 700 1262 καὶ
725 1222 900 1266 κολάσεως
925 1223 1021 1267 ἐκτὸς
1044 1216 1143 1260 εἶναι.

122 1287 212 1325 Ἀλλ’
243 1287 370 1338 ἴδωμεν
389 1286 482 1329 ὅπως
501 1285 545 1324 τὰ
563 1284 660 1338 παρὰ
683 1287 751 1322 τῶν
778 1284 912 1323 παίδων
931 1283 1145 1336 γεγενημένα

121 1349 259 1395 διέθηκε
288 1349 345 1387 τὸν
373 1347 584 1399 πρεσὸύτην.
618 1340 706 1385 Eine
736 1345 821 1398 γὰρ,
850 1345 966 1397 φησὶν,
996 1343 1146 1383 Ἰακώὸ·

122 1407 268 1458 Συμεὼν
300 1407 358 1445 καὶ
395 1408 506 1455 Λευὶ,
538 1406 685 1458 μισητόν
716 1421 760 1457 με
786 1405 1027 1452 πεποιήκατε,
1056 1403 1148 1442 ὥστε

120 1467 269 1521 πονηρόν
290 1483 333 1519 με
363 1461 536 1510 εἶναιτοῖς
554 1469 755 1505 κατοικοῦσι
776 1465 838 1513 τὴν
860 1469 937 1518 γῆν.
954 1465 1058 1509 Τίνος
1077 1464 1148 1503 ἕνε-

121 1546 194 1577 κεν,
223 1529 327 1582 φησὶ,
358 1527 528 1576 τοσαύτην
565 1527 785 1572 ἐπεδείξασθε
812 1526 874 1574 τὴν
897 1527 1059 1578 ἅμυναν;
1093 1525 1150 1564 Τὰ

122 1591 190 1643 γὰρ
209 1592 291 1642 παρ’
310 1593 407 1641 ὑμῶν
433 1589 647 1642 γεγενημένα
669 1595 768 1640 μῖσος
783 1589 862 1640 ἐμοὶ
883 1589 1047 1641 μέγιστον
1065 1603 1150 1639 vtpe-

126 1651 259 1699 ξενήσει
291 1651 389 1704 παρὰ
428 1650 567 1689 πάντων
598 1654 667 1689 τῶν
696 1650 949 1688 κατοικούντων
980 1649 1043 1697 τὴν
1073 1652 1151 1700 γῆν.

130 1709 218 1753 Εἶτα
237 1712 370 1757 δεικνὺς
385 1712 448 1760 τὴν
474 1711 616 1759 δειλίαν,
636 1714 671 1750 ἐν
695 1707 719 1764 ἦ
741 1713 907 1760 κατέστη,
927 1713 1044 1764 φησὶν,
1058 1710 1154 1763 Ἐγὼ

127 1775 164 1813 δέ
194 1777 265 1825 εἰμι
285 1774 480 1822 ὀλιγοστὸς,
501 1773 561 1811 καὶ
591 1774 818 1825 συναχθέντες
852 1775 906 1813 ἐπ’
935 1773 997 1824 ἐμὲ
1023 1772 1152 1824 συγκό-

130 1835 234 1889 ψουσί
264 1851 327 1887 με,
356 1835 414 1873 καὶ
437 1834 713 1888 ἐκτριὲήσομαι·
744 1835 928 1887 μονονουχὶ
946 1835 1074 1886 λέγων·
1095 1835 1156 1873 οὐκ

128 1899 202 1937 ἴστε
217 1898 270 1936 ὅτι
288 1897 396 1947 ὀλίγοι
415 1897 508 1940 ὄντες
532 1896 681 1940 εὐκόλως
710 1895 754 1934 τὰ
772 1895 861 1935 αὐτὰ
887 1896 946 1934 καὶ
961 1900 1064 1947 ἡμεῖς
1081 1913 1157 1935 πει-

129 1959 279 2010 σόμεθα,
300 1958 419 2011 ὥσπερ
437 1961 534 2009 ὑμεῖς
561 1957 701 2001 τούτους
730 1958 897 1996 διαθεῖναι
924 1957 1158 2006 ἠὸουλήθητε.

131 2022 201 2059 Καὶ
229 2020 386 2073 καθάπερ
410 2023 428 2058 ὁ
457 2019 580 2071 Συχὲμ
604 2021 654 2070 τῷ
681 2019 788 2072 πατρὶ
808 2019 868 2057 καὶ
887 2026 973 2058 πᾶσι
994 2024 1065 2063 τοῖς
1094 2019 1158 2065 τὴν

134 2081 234 2120 πόλιν
250 2083 382 2120 οἰκοῦσι
397 2080 518 2119 τούτου
534 2084 592 2118 τοῦ
612 2081 751 2131 ὀλέθρου
766 2079 902 2132 γέγονεν
923 2080 1030 2124 αἴτιος
1039 2108 1050 2128 ,-
1071 2080 1160 2119 οὕτω

132 2143 190 2182 καὶ
209 2145 308 2194 ὑμεῖς
327 2141 416 2193 ἐμοί.
435 2142 503 2181 Διὰ
518 2141 586 2194 γὰρ
602 2145 691 2192 ὑμᾶς
711 2141 770 2179 καὶ
788 2142 888 2185 αὐτὸς
913 2143 1060 2192 μισητὸς
1080 2141 1155 2181 ἔσο·

134 2220 216 2254 μαι,
235 2203 294 2242 καὶ
313 2203 407 2242 οὐδὲν
425 2203 465 2241 τὸ
485 2202 618 2241 κωλύον
638 2201 841 2254 ἐκτριὸἧναί
858 2219 901 2253 με
921 2202 977 2240 διὰ
993 2202 1056 2250 τὴν
1077 2207 1158 2254 ὑμε-

131 2265 234 2317 τέραν
254 2265 401 2315 τόλμαν.
427 2265 474 2302 Οἱ
498 2262 534 2302 δὲ
547 2293 556 2310 ,
576 2262 692 2315 φησὶν,
709 2256 809 2300 εἶπαν
824 2279 831 2286 ·
851 2264 928 2301 ἀλλ’
949 2263 1033 2302 ὡσεὶ
1047 2263 1157 2318 πόρνῃ

1203 417 1377 455 absurdas
1400 414 1886 469 concupiscentiasjuvenilis
1902 423 1984 451 artas
2003 414 2158 463 effugere

1204 479 1328 532 possit.
1352 480 1441 517 Nam
1465 488 1609 531 propter
1623 478 1690 516 hoc
1708 487 1741 515 ct
1763 476 1962 515 communis
1982 475 2158 513 Dominus

1205 548 1322 578 noster
1343 539 1454 577 sciens
1471 539 1636 577 humanae
1657 548 1790 577 naturae
1810 536 2074 583 infirmitatem,
2093 550 2158 572 nu-

1206 601 1298 655 ptias
1315 600 1414 639 dedit
1435 610 1468 638 et
1489 601 1661 650 sancivit,
1690 609 1727 638 ut
1755 601 1801 638 ab
1822 599 1947 637 illicito
1968 597 2159 635 concubitu

1207 662 1455 701 abstineretur.
1479 663 1532 700 Ne
1548 662 1658 713 igitur
1677 662 1900 713 negligamus
1915 661 2080 712 juvenes,
2102 658 2159 696 sed

2233 653 2360 679 Jllvrde·

2223 695 2362 722 munti„

1208 724 1355 762 scientes
1368 724 1520 762 fornacis
1535 723 1736 761 incendium
1750 753 1760 772 ,
1777 722 1986 774 priusquam
2007 721 2041 758 in
2057 721 2329 777 luxu-juvavum.

1209 785 1261 824 ria
1276 785 1506 838 implicentur
1517 815 1529 835 ,
1546 784 1752 823 studeamus
1766 797 1824 821 eos
1839 781 2032 820 secundum
2051 782 2163 830 legem

1210 846 1278 884 Dei
1303 846 1439 899 nuptiis
1458 846 1646 899 copulare,
1679 854 1718 882 ut
1740 853 1773 882 et
1792 843 2043 882 continentiam
2065 857 2165 880 suam

1211 908 1426 957 custodiant,
1439 908 1647 958 nullumque
1658 906 1831 945 damnum
1846 904 2002 943 lasciviae
2022 919 2092 942 sua*
2107 904 2167 941 ha-

1212 970 1334 1016 beant,
1348 969 1503 1009 remedio
1518 969 1616 1007 illinc
1628 977 1745 1007 sumto
1759 998 1769 1016 ,
1788 977 1825 1005 ut
1837 966 1971 1019 possint
1986 965 2102 1003 carnis
2115 965 2168 1002 iu-

1165 1045 1190 1074 Ι)
1212 1031 1366 1070 domitos
1379 1040 1496 1070 motus
1506 1031 1712 1083 reprimere,
1729 1038 1761 1067 et
1774 1042 1911 1081 poenam
1920 1028 2086 1077 effugere.
2098 1025 2170 1065 Sed

1214 1093 1400 1133 videamus
1421 1091 1602 1144 quomodo
1624 1106 1662 1130 ea
1683 1105 1762 1142 quie
1781 1105 1801 1128 a
1818 1089 1936 1142 pueris
1961 1089 2050 1126 facta
2065 1097 2169 1131 sunt,

1215 1169 1332 1193 senem
1346 1153 1538 1192 affecerint.
1559 1154 1622 1190 50.
1635 1153 1749 1190 Dixit
1762 1150 1870 1199 enim,
1882 1149 2009 1200 inquit,
2021 1150 2168 1198 Jacob..-

1215 1216 1386 1266 Symeon
1401 1225 1437 1254 et
1454 1217 1561 1262 Levi,
1578 1227 1734 1252 exosum
1749 1226 1809 1249 me
1812 1212 1984 1264 fecistis,
2000 1219 2038 1247 ut
2056 1209 2172 1247 mole-

1217 1286 1298 1315 stus
1312 1291 1379 1328 ego
1391 1279 1463 1314 sim
1471 1276 1756 1314 habitatoribus
1768 1281 1892 1310 terrae.
1903 1271 2034 1319 Quare,
2047 1269 2174 1321 inquit,

1218 1346 1352 1375 tantam
1372 1336 1504 1375 fecistis
1515 1334 1742 1375 vindictam?
1758 1334 1851 1372 Nam
1869 1347 1946 1384 quae
1962 1347 1982 1369 a
1998 1330 2100 1369 vobis
2126 1331 2176 1367 sa-

1219 1407 1274 1436 cta
1298 1406 1382 1436 sunt
1398 1427 1406 1443 ,
1429 1396 1553 1435 odium
1579 1396 1669 1434 mihi
1691 1394 1890 1433 maximum
1923 1393 2060 1446 parient
2081 1390 2177 1443 apud

1219 1473 1340 1498 omnes
1353 1458 1570 1497 habitatores
1584 1466 1684 1495 terrae
1696 1456 1816 1508 hujus.
1829 1454 1968 1493 Deinde
1979 1462 2178 1492 monstrans

1220 1520 1385 1558 timorem
1404 1519 1440 1557 in
1459 1532 1530 1570 quo
1551 1527 1625 1557 erat
1641 1517 1866 1565 constitutus,
1887 1517 1991 1554 Mihi
2021 1522 2151 1552 autem
2164 1543 2174 1558 ,

1222 1580 1349 1632 inquit,
1363 1593 1507 1632 parvus
1523 1592 1702 1617 numerus
1718 1586 1788 1623 est,
1807 1586 1844 1615 et
1858 1579 2081 1629 congregati
2091 1590 2180 1613 con-

1225 1649 1286 1678 tra
1302 1655 1363 1678 me
1376 1670 1388 1687 ,
1413 1643 1629 1691 percutient
1649 1653 1730 1685 me,
1749 1646 1785 1676 et
1806 1646 1962 1676 exterat·
1976 1653 1986 1672 :
2005 1636 2108 1687 quasi
2127 1635 2180 1673 di-

1225 1709 1317 1739 ceret
1338 1716 1345 1737 :
1364 1701 1517 1739 Nescitis
1530 1700 1627 1752 quod
1643 1699 1747 1752 pauci
1764 1698 1917 1736 sumus?
1936 1697 2040 1736 facile
2059 1696 2181 1736 eadem

1178 1776 1200 1806 F,
1226 1771 1259 1800 et
1273 1777 1336 1801 nos
1358 1762 1560 1815 patiemur,
1580 1761 1710 1813 quibus
1725 1760 1829 1800 vobis
1851 1759 1932 1798 illos
1946 1759 2088 1796 afficere
2107 1757 2183 1810 pla-

1227 1826 1310 1864 cuit.
1329 1826 1377 1864 Et
1391 1826 1483 1864 sicut
1491 1825 1648 1879 Sychem
1663 1825 1757 1878 patri
1770 1833 1804 1862 et
1819 1824 1987 1863 omnibus
2003 1822 2183 1861 civitatem

1228 1887 1474 1927 habitantibus
1488 1887 1598 1940 liujus
1610 1886 1774 1925 interitus
1787 1886 1855 1923 fuit
1865 1895 2001 1934 auctor,
2014 1884 2063 1922 ita
2075 1893 2108 1922 et
2122 1897 2185 1922 vos

1229 1949 1333 1987 mihi.
1352 1950 1444 1987 Nam
1464 1957 1609 2002 propter
1629 1962 1693 1986 vos
1707 1957 1740 1986 et
1759 1961 1823 1999 ego
1842 1960 1971 1985 exosus
1987 1960 2062 1994 ero,
2082 1954 2115 1982 et
2133 1944 2186 1982 ni-

1228 2010 1282 2048 hil
1301 2009 1467 2063 prohibet
1486 2009 1573 2061 quin
1593 2009 1712 2047 delear
1739 2017 1884 2060 propter
1902 2015 2058 2045 vestram
2075 2003 2186 2042 auda-

1230 2071 1336 2110 ciam.
1363 2072 1428 2109 51.
1442 2072 1512 2109 Illi
1530 2079 1660 2109 autem
1679 2071 1880 2116 dixerunt,
1903 2067 2021 2118 inquit
2034 2097 2043 2115 ,
2063 2067 2186 2104 Num-

1230 2134 1326 2185 quid
1343 2141 1385 2170 ut
1404 2141 1530 2170 scorto
1546 2134 1756 2170 abuteretur
1770 2143 1901 2169 sorore
1919 2132 2080 2166 nostra?
2095 2126 2188 2165 Vide

1230 2208 1358 2247 pueros
1373 2193 1597 2232 continentiae
1611 2192 1725 2244 gratia
1742 2191 1914 2229 ultionem
1923 2189 2090 2228 sumsisse
2104 2204 2110 2224 :
2128 2202 2188 2226 ex-

1231 2263 1355 2293 cusant
1368 2254 1462 2292 enim
1475 2268 1511 2292 se
1526 2253 1641 2306 patri,
1652 2262 1686 2291 et
1699 2252 1823 2290 dicunt
1836 2268 1843 2288 :
1859 2251 2009 2289 Infamia
2026 2264 2090 2288 nos
2103 2250 2188 2287 affe-

133 2326 323 2378 χρήσονται
346 2328 389 2377 τῇ
413 2325 542 2376 ἀδελφῇ
567 2326 692 2374 ἡμῶν,
711 2321 808 2376 (Όρα
839 2322 917 2368 τοὺς
939 2325 1068 2369 παῖδας
1091 2341 1158 2363 ‹m›-
1170 2351 1217 2376 575
1231 2323 1374 2364 cerunt,
1395 2313 1507 2352 veluti
1530 2321 1645 2351 scorto
1667 2312 1769 2350 abusi
1797 2320 1879 2349 sunt
1899 2325 2016 2349 sorore
2037 2319 2155 2347 nostra
2182 2326 2188 2345 :

135 2387 304 2440 φροσύνης
329 2385 441 2424 ἕνεκεν
459 2384 522 2431 τὴν
545 2385 677 2435 ἄμυναν
702 2383 1001 2436 ἐπιδειξαμένους·
1032 2387 1159 2425 <in-020.
1183 2388 1207 2417 Α
1231 2384 1417 2428 propterea
1444 2374 1514 2413 hoc
1532 2375 1644 2412 facere
1666 2373 1776 2411 coacti
1795 2386 1944 2421 sumus,
1967 2380 2006 2410 ut
2025 2380 2058 2409 et
2074 2370 2189 2408 caeteri

136 2451 276 2499 γοῦνται
292 2447 360 2499 γὰρ
378 2449 429 2498 τῷ
445 2445 569 2497 πατρὶ,
592 2445 652 2483 καί
666 2461 750 2497 φασι
767 2461 774 2468 ·
796 2446 1022 2499 κατῄσχυναν
1042 2451 1136 2499 ἡμᾶς
1151 2479 1160 2496 ,

137 2512 183 2553 ὡς
207 2511 328 2554 εἰπεῖν,
347 2508 431 2546 ὡσεὶ
448 2507 558 2560 πόρνῃ
590 2506 785 2559 ἐχρήσαντο
814 2509 858 2559 τῇ
885 2509 1016 2560 ἀδελφῇ
1036 2512 1161 2561 ἡμῶν]

138 2571 198 2610 καὶ
219 2570 275 2608 διὰ
307 2573 406 2608 τοῦτο
435 2571 536 2606 τοῦτο
555 2570 700 2613 ποιῆσαι
725 2567 1078 2620 κατηναγκάσθημεν,
1107 2570 1163 2609 ἵνα

138 2633 198 2672 καὶ
220 2637 290 2675 τοῖς
316 2632 363 2674 εἷς
381 2631 421 2669 τὸ
449 2629 526 2676 ἑξῆς
545 2628 754 2667 διδασκαλία
769 2628 933 2680 γένηται,
951 2629 1001 2681 μὴ
1020 2635 1164 2671 τοιαῦτα

138 2694 286 2745 τολμᾷν.

193 2754 282 2793 Ἀλλ’
305 2753 368 2808 ὅρα
389 2770 448 2805 μοι
467 2754 585 2792 λοιπὸν
605 2754 753 2791 ἐνταῦθα
770 2753 833 2801 τὴν
854 2754 984 2806 ἄφατον
999 2759 1059 2794 τοῦ
1073 2758 1166 2796 Θεοῦ

142 2815 350 2866 κηδεμονίαν
376 2814 438 2861 τὴν
459 2814 540 2867 περὶ
566 2814 624 2852 τὸν
653 2813 800 2853 δίκαιον.
825 2815 971 2864 Ἐπειδὴ
993 2817 1061 2870 γὰρ
1081 2812 1168 2856 εἶδεν

143 2877 242 2915 αὐτὸν
272 2875 450 2914 δεδοικότα
477 2874 534 2913 διὰ
563 2874 606 2912 τὰ
625 2874 691 2913 ὑπὸ
713 2878 783 2914 τῶν
802 2876 936 2915 παίδων
952 2878 1168 2930 γεγενημένα

108 2954 113 2957 ·
143 2936 206 2984 τὴν
229 2935 346 2974 αὐτόθι
365 2934 514 2982 οἴκησιν,
537 2928 648 2983 Eine,
680 2936 797 2988 φησὶν,
829 2941 847 2975 ὁ
874 2938 984 2982 Θεός·
1020 2939 1171 2982 ἀναστὰς

144 2997 293 3043 ἀνάὸηθι
309 2999 356 3039 εἰς
372 2995 430 3034 τὸν
443 2995 548 3034 τόπον
566 2996 703 3042 Βαιθὴλ
714 3024 723 3042 ,
738 2997 798 3035 καὶ
811 2997 898 3036 οἴκει
918 3001 999 3038 ἐκεῖ.
1022 2999 1170 3046 Ἐπειδὴ

145 3059 299 3102 δέδοικας
330 3056 408 3100 τοὺς
441 3059 588 3094 ἐνταῦθα
605 3085 615 3103 ,
637 3057 834 3109 ἀναχώρει,
864 3060 981 3111 φησὶν,
1005 3063 1171 3105 ἐντεῦθεν,

146 3119 206 3158 καὶ
223 3118 309 3157 οἴκει
325 3120 371 3162 εἷς
386 3117 449 3164 τὴν
472 3116 602 3164 Βαιθὴλ
615 3144 624 3162 ,
645 3116 714 3155 Καὶ
730 3118 872 3165 ποίησον
890 3121 961 3158 ἐκεῖ
981 3122 1170 3169 θυσιαστή-

150 3196 219 3231 ριον
235 3182 285 3231 τῷ
306 3178 422 3232 Κυρίῳ
439 3177 634 3230 τῷὀφθέντι
654 3192 708 3215 σοι
728 3180 762 3216 ἐν
781 3182 832 3232 τῷ
851 3196 889 3219 σε
907 3183 1174 3235 ἀποδιδράσκειν

149 3241 220 3280 ἀπὸ
250 3239 436 3292 προσώπου
461 3239 574 3278 ἹΙσαῦ
605 3243 663 3277 τοῦ
698 3240 846 3292 ἀδελφοῦ
877 3256 949 3281 σου.
981 3243 1052 3282 Καὶ
1082 3238 1175 3283 εἶπεν

192 3347 208 3370 ¹²
226 3343 285 3377 Alii
305 3351 343 3383 52,-
360 3349 508 3388 λαγνείαν.
528 3343 619 3376 Infra
643 3355 757 3377 omncs
773 3344 850 3378 Mss.
870 3354 919 3382 καὶ
935 3350 1087 3391 δυνάμενοι
1111 3358 1159 3386 τῆς

156 3408 257 3443 πυρα,
273 3405 352 3433 etc..
371 3404 469 3428 recto.
489 3395 594 3431 savii,
612 3404 644 3428 ct
661 3396 774 3430 Morel.
794 3404 840 3431 καὶ
858 3401 1030 3441 δυναμένην,
1048 3413 1163 3443 pen-pc-

371 3473 386 3495 '1
400 3471 469 3494 UM-
494 3471 547 3494 iv.

1230 2435 1418 2486 discerent,
1431 2435 1563 2474 similia
1584 2448 1654 2473 non
1669 2432 1813 2472 audere.

1290 2757 1326 2793 lo.
1348 2756 1419 2795 Sed
1439 2754 1541 2802 vide,
1558 2754 1718 2801 obsecro,
1734 2752 1794 2790 hic
1808 2751 2026 2790 ineffabilem
2046 2751 2113 2789 Dei
2132 2765 2192 2789 cu-

1239 2831 1315 2856 ram
1336 2830 1418 2868 erga
1436 2817 1586 2868 justum.
1610 2816 1701 2852 Nam
1720 2814 1804 2865 quia
1848 2812 1940 2851 vidit
1972 2826 2053 2850 eum
2073 2811 2196 2850 formi-

1239 2878 1384 2917 dantem
1410 2876 1566 2927 regionis
1596 2875 1729 2913 incolas
1759 2883 1904 2927 propter
1930 2865 2091 2912 filiorum
2110 2873 2196 2911 faci-

1241 2953 1326 2977 nora
1340 2968 1350 2987 ,
1373 2940 1408 2975 1.
1427 2939 1540 2975 Diaeit
1560 2939 1595 2975 ei
1616 2938 1723 2974 Deus
1743 2951 1754 2972 .-
1771 2936 1906 2987 Surge,
1926 2943 1962 2973 et
1979 2935 2144 2973 ascende
2156 2937 2197 2970 in

1244 3001 1370 3039 locum
1399 2999 1572 3043 Baethel,
1595 3006 1631 3035 et
1660 2999 1715 3034 ibi
1746 2998 1894 3034 habita.
1917 2995 2034 3044 Quia,
2064 2995 2196 3046 inquit,

1244 3075 1302 3100 eos
1315 3060 1377 3110 qui
1389 3059 1448 3097 hic
1464 3058 1628 3096 habitant
1639 3057 1742 3095 times
1756 3086 1766 3106 ,
1783 3055 1906 3094 recede
1921 3055 2016 3102 hinc,
2029 3064 2061 3093 et
2078 3055 2197 3092 habita

1248 3122 1283 3159 in
1300 3120 1448 3165 Baethcl,
1464 3120 1600 3172 Etsac
1612 3119 1696 3157 illic
1708 3118 1836 3156 altare
1849 3118 2033 3162 Domino,
2054 3119 2120 3167 qui
2134 3130 2200 3167 ap-

1202 3184 1222 3213 1}
1247 3187 1377 3236 paruit
1399 3185 1468 3220 tibi
1488 3183 1747 3234 cumfugeres
1774 3194 1799 3218 a
1814 3181 1919 3232 facie
1936 3180 2201 3230 Esaiisratris

1251 3247 1320 3282 tui.
1336 3247 1372 3282 ἃ.
1385 3244 1436 3282 Et
1453 3244 1552 3281 dixit
1567 3243 1691 3280 Jacob
1703 3242 1837 3280 domui
1853 3255 1930 3279 511oe
1943 3271 1951 3282 ,
1963 3248 1998 3278 et
2025 3240 2202 3275 omnibus

1197 3361 1278 3381 snm.

1983 3459 2020 3472 fl

1976 3475 2021 3504 -ΙΙ

2215 2948 2269 2983 Ca]
2283 2952 2312 2973 u!
2326 2945 2375 2973 35.
