2516 3791
264 120 357 177 450
699 133 737 163 s.
776 132 961 163 somnis
997 127 1234 160 cnm'sos‘r.
1274 123 1482 154 AncnfflP.
1520 120 1877 150 CONSTAN'HNOP.

265 218 310 255 ad
327 229 554 268 congressum
566 215 705 253 hortata
737 215 863 262 fuerat,
883 213 947 250 ista
970 224 1061 248 nnnc
1080 217 1217 246 mutato

265 279 384 316 animo
400 276 527 327 inquit,
548 277 700 326 Injuria
725 290 749 312 a
766 283 801 311 te
815 274 987 324 afficior.
1021 271 1052 307 O
1072 267 1216 312 mulier,

266 338 443 389 numquid
460 337 535 389 ipse
553 335 599 372 ad
614 335 751 373 ancillae
766 344 992 382 congressum
1013 325 1221 365 festinavit?

266 396 443 448 numquid
461 394 729 446 intemperantia
744 391 960 442 impellente,
1001 387 1047 424 ad
1069 400 1146 424 rem
1161 384 1227 422 lia·

263 458 418 496 bendam
435 471 516 494 cum
547 454 675 492 ancilla
690 449 922 489 acceleravit?
940 452 967 486 A
992 456 1025 485 te
1037 459 1228 499 persuasus

273 529 306 557 et
324 529 385 556 tuo
409 515 574 554 mandato
601 513 859 564 obtemperans,
878 511 946 548 hoc.
969 508 1113 546 tandem
1134 507 1227 545 fecit.

1289 205 1389 247 αὐτὸς
1400 203 1608 254 ἐπέδραμεν,
1622 195 1650 238 ὦ
1664 201 1782 252 γύναι,
1794 204 1838 252 τῇ
1853 204 1912 247 τῆς
1926 201 2112 247 παιδίσκης
2128 199 2310 249 συνουσίᾳ;

1292 265 1340 315 μὴ
1357 264 1426 315 γὰρ
1448 262 1483 306 ἐξ
1501 261 1685 313 ἀσελγείας
1714 262 1879 313 ὁρμηθεὶς
1899 264 1949 313 τῷ
1972 262 2156 313 πράγματι
2182 260 2314 305 ἐπεπή-

1294 326 1399 371 δησε,
1418 324 1483 361 Σοὶ
1510 321 1712 372 πειθόμενος
1740 322 1801 359 καὶ
1821 324 1870 373 τῷ
1895 324 1946 373 σῷ
1971 321 2187 372 ἐπιτάγματι
2215 324 2318 357 τοῦτο

1296 383 1479 430 πεποίηκε.
1500 382 1548 420 Τί
1575 376 1633 418 οῦν
1653 382 1821 428 ἠδίκησαι
1847 382 1944 434 παρὰ
1971 387 2031 420 τοῦ
2059 380 2200 432 ἀνδρός;
2227 378 2317 417 Ἰδοὺ

1299 443 1433 481 δέδωκα
1463 441 1527 488 τὴν
1558 441 1746 488 παιδίσκην
1767 457 1832 491 μου
1861 444 1909 485 εἷς
1935 441 1993 479 τὸν
2023 441 2154 479 κόλπον
2175 456 2251 478 σου.
2275 440 2320 477 Εἰ

1299 504 1410 542 τοίνυν
1427 504 1605 554 ὁμολογεῖς
1617 502 1671 539 ὅτι
1688 501 1775 547 αὗτὴ
1789 501 1958 548 δέδωκας,
1973 502 2033 539 καὶ
2043 504 2104 539 οὐκ
2120 503 2177 552 ἀφ’
2197 502 2318 537 ἑαυτοῦ

269 581 349 626 Qua
366 588 398 616 te
417 577 526 627 igitur
546 574 677 626 injuria
691 573 841 611 maritus
855 571 1001 609 affecit?
1017 571 1122 608 Ecce
1138 570 1228 606 dedi
1242 564 1429 620 389ταύτην
1451 562 1575 610 ἔλαὸε,
1601 562 1692 605 τίνος
1719 561 1831 598 ἕνεκεν
1862 561 2000 599 ἀδικίαν
2028 563 2201 612 ἐγκαλεῖς;
2231 560 2320 605 Ναὶ,

1747 621 1800 634 ’xl-x
1928 624 1936 636 ς

268 639 454 677 ancillam
472 648 598 672 meam
609 636 651 671 in
662 637 789 672 sinum
805 641 927 670 tuum.
950 631 989 668 Si
1009 629 1122 680 igitur
1137 629 1226 666 sate·
1252 632 1277 660 Α
1298 625 1403 677 φησίν
1416 640 1423 647 ·
1441 626 1469 662 εἰ
1486 623 1552 675 γὰρ
1571 622 1631 660 καὶ
1655 620 1723 673 ἐγὼ
1744 637 1898 669 οεοωκα,
1920 623 1996 659 αλλ’
2017 623 2106 674 ὁρῶν
2132 622 2238 666 αὐτῆς
2257 618 2320 665 τὴν

268 700 315 736 ris
337 707 368 735 te
381 697 532 743 dedisse,
554 710 618 733 nec
634 695 708 748 ipse
727 709 805 733 eam
820 708 881 732 sua
897 702 1020 745 sponte
1038 689 1230 742 acceperit,

269 772 378 809 quare
402 757 613 810 injustitiam
640 754 887 807 improperas?
922 753 1058 801 Etiam,
1093 750 1229 801 inquit;

268 832 351 856 nam
369 818 534 869 quamvis
553 831 617 867 ego
638 815 811 862 dederim,
829 813 891 852 sed
918 812 1047 849 videns
1081 813 1157 862 ejus
1180 819 1227 847 te-

270 880 482 927 meritatem,
500 878 655 915 debebas
672 876 837 913 cohibere
856 883 1008 911 mentem
1032 880 1102 909 tam
1121 879 1225 922 petu-

270 942 412 978 lantem.
431 941 536 976 ZVam
560 946 599 974 ut
620 937 723 974 vidit
742 949 782 973 se
797 944 948 973 uterum
966 946 1109 985 gerere,
1127 943 1222 968 con-

272 1003 396 1037 temsit
418 1013 490 1036 me.
513 998 669 1035 chdicet
684 997 790 1033 Deus
809 997 911 1032 inter
925 1007 984 1030 me
999 1000 1036 1030 et
1051 1000 1097 1029 te.
1131 992 1225 1029 Vere

271 1061 346 1097 haec
364 1059 524 1097 mulieris
542 1057 650 1096 verba
671 1064 769 1102 sunt,
791 1063 824 1092 et
839 1053 973 1092 infirmi
989 1052 1086 1089 illius
1099 1064 1205 1088 sexus
1213 1064 1224 1097 ;

273 1121 328 1158 his
361 1120 454 1157 enim
488 1120 559 1157 fere
590 1118 694 1155 illum
719 1115 934 1166 alloquitur:
974 1113 1051 1164 Ego
1078 1111 1225 1163 quidem

271 1178 434 1216 volebam
454 1187 557 1215 tuum
574 1188 760 1213 moerorem
776 1172 896 1219 solari,
931 1184 1036 1222 quem
1053 1170 1163 1207 habes
1180 1183 1225 1206 ex

270 1238 382 1290 prolis
398 1237 536 1289 inopia3
552 1245 625 1273 tam
638 1235 836 1272 officiosam
852 1246 890 1270 ea
904 1232 938 1269 in
951 1245 988 1269 re
1005 1244 1060 1268 me
1071 1229 1225 1282 praebui,

272 1306 311 1334 ut
327 1306 360 1334 et
373 1296 540 1334 ancillam
562 1308 677 1331 meam
694 1292 781 1330 meis
801 1290 969 1329 manibus
989 1288 1177 1335 traderem,
1194 1296 1228 1325 et

271 1357 315 1394 ad
356 1369 582 1407 congressum
624 1353 843 1391 cohortarer:
882 1360 920 1388 tu
951 1359 1069 1387 autem
1098 1348 1226 1387 videns

272 1418 363 1454 lianc
383 1416 464 1454 inde
483 1416 560 1453 fieri
579 1414 850 1467 petulantiorem
870 1421 1014 1464 propter
1040 1410 1128 1448 uteri
1148 1424 1226 1448 sar-

270 1479 400 1523 cinam,
436 1487 469 1514 et
499 1489 626 1527 magno
642 1476 733 1513 fastu
759 1473 889 1522 inflari,
926 1486 1007 1509 cnm
1038 1471 1223 1508 debuisses

274 1538 465 1590 reprimere
496 1546 529 1574 et
547 1536 672 1573 ulcisci
702 1535 776 1586 ejus
794 1534 830 1571 in
851 1547 906 1570 me
923 1531 1086 1583 injuriaS‚
1103 1531 1141 1568 id
1157 1545 1227 1569 non

276 1598 412 1646 fecisti3
434 1596 494 1634 sed
511 1595 613 1647 quasi
633 1595 794 1632 omnium
810 1592 972 1645 priorum
993 1591 1139 1639 oblitus,
1173 1605 1230 1629 me

275 1657 428 1709 despicis
446 1657 553 1694 etiam
564 1665 619 1704 tu,
642 1669 697 1692 me
716 1667 794 1704 quae
813 1662 929 1690 tecum
945 1660 996 1688 tot
1009 1651 1110 1688 annis
1125 1651 1228 1688 habi-

276 1719 362 1765 tavi,
379 1726 413 1754 et
433 1717 479 1754 ab
501 1715 672 1767 AEgyptia
691 1714 821 1751 ancilla
835 1726 910 1749 mea
924 1720 1139 1749 contemnor.
1159 1713 1232 1749 Ju-

275 1780 377 1815 dicet
411 1778 519 1814 Deus
549 1779 650 1813 inter
681 1789 740 1812 me
775 1783 809 1811 et
840 1782 888 1811 te.
926 1772 1087 1809 Dolentis
1106 1771 1233 1809 animae

276 1839 396 1877 verba.
431 1838 477 1875 Et
495 1837 562 1874 nisi
583 1836 690 1874 tantis
709 1835 907 1873 virtutibus
922 1832 1091 1886 praeditus
1109 1832 1233 1869 fuisset

277 1898 492 1951 patriarcha,
509 1906 543 1934 et
562 1897 597 1933 in
616 1905 711 1933 tanta
730 1894 928 1933 reverentia
945 1894 1070 1931 Saram
1085 1892 1232 1930 habuis-

276 1967 342 2008 set,
373 1971 464 2009 aegre
496 1956 633 1994 tulisset
657 1955 734 1993 baec
763 1954 884 2002 verba,
925 1962 956 1991 et
981 1966 1025 1990 ex
1053 1952 1233 1990 djctorum

278 2018 465 2070 asperitate
482 2017 639 2054 dolorem
669 2014 893 2066 concepisset.
924 2015 1060 2052 Verum
1079 2012 1233 2050 eximius

279 2079 339 2116 ille
369 2078 416 2115 ad
446 2091 552 2115 sexus
574 2076 802 2126 fragilitatem
816 2083 990 2126 spectans,
1031 2087 1172 2110 omnem
1201 2073 1233 2110 ei

279 2138 421 2176 veniam
436 2137 546 2175 dedit.
585 2137 742 2173 Judicet
776 2136 882 2171 Deus
909 2137 1009 2170 inter
1029 2147 1088 2170 me
1119 2142 1154 2172 et
1185 2142 1231 2170 te.

283 2198 408 2249 Cogita
435 2206 605 2248 quantam
634 2209 706 2232 rem
730 2194 876 2246 egerim,
912 2202 950 2230 ut
971 2202 1002 2230 te
1023 2193 1232 2240 consolarer,

283 2259 404 2295 volens
420 2267 452 2294 te
467 2257 523 2295 vel
547 2256 582 2294 in
609 2264 787 2293 senectute
804 2262 943 2305 patrem
959 2253 1094 2302 vocari,
1121 2253 1232 2290 ancil-

283 2319 355 2355 lam
374 2331 488 2355 meam
504 2317 540 2353 in
559 2315 767 2366 dignitatem
788 2327 901 2351 meam
921 2313 1035 2350 erexi:
1057 2321 1095 2350 tu
1115 2322 1234 2350 autem

283 2377 409 2415 videns
435 2377 533 2414 illam
547 2385 619 2414 tam
644 2375 834 2425 ingratam,
869 2386 940 2410 non
971 2372 1066 2410 ultus
1084 2386 1134 2421 es,
1165 2387 1234 2411 non

284 2437 477 2489 rependisti
506 2436 595 2473 mihi
633 2435 727 2472 vices
772 2433 1025 2471 benevolentiae
1058 2447 1166 2484 quam
1199 2435 1233 2471 in

285 2507 318 2534 te
348 2496 540 2535 declaravi.
587 2496 743 2533 ,Iudicet
780 2496 886 2531 Deus
920 2497 1020 2531 inter
1045 2507 1105 2530 me
1129 2503 1165 2532 et
1187 2503 1234 2533 te.

286 2558 362 2605 llle,
391 2557 518 2607 inquit,
557 2555 617 2605 qui
645 2553 850 2592 abscondita
884 2553 1045 2591 omnium
1074 2553 1235 2592 cordium

287 2619 397 2666 novit,
435 2618 507 2669 ipsc
539 2617 603 2654 erit
631 2615 746 2668 judex
776 2615 866 2652 inter
878 2629 940 2652 nos
965 2631 971 2650 :
1005 2623 1039 2652 et
1058 2614 1236 2665 quomodo

286 2694 350 2731 ego
371 2678 516 2729 quidem
543 2676 646 2714 victis
673 2675 838 2713 omnibus
868 2674 1116 2712 affectionibus
1139 2684 1237 2712 tuam

288 2738 558 2777 consolationem
582 2751 667 2774 meae
681 2735 836 2788 praetuli,
861 2743 893 2772 et
911 2735 946 2772 in
967 2735 1098 2773 lectum
1117 2748 1235 2772 meum

288 2800 452 2837 ancillam
472 2812 586 2835 meam
603 2796 746 2834 induxi:
772 2795 848 2847 ipse
864 2804 984 2832 autem
1005 2795 1095 2832 nihil
1113 2809 1235 2833 eorum

288 2875 366 2912 quse
383 2874 401 2896 a
428 2873 482 2895 me
500 2859 588 2895 facta
607 2867 700 2905 sunt,
716 2857 751 2894 in
774 2865 925 2894 mentem
942 2856 1129 2908 accipiens,
1149 2871 1235 2908 per—

288 2921 400 2958 mittis
434 2919 485 2956 illi
506 2928 545 2955 ut
566 2927 684 2956 contra
705 2932 819 2955 meam
832 2917 992 2968 insurgat
1026 2917 1232 2966 lenitatem;

289 2996 351 3020 nec
367 2981 551 3018 andaciam
566 2979 741 3030 reprimis,
763 2992 873 3028 neque
884 2978 1060 3029 ingratam
1073 2978 1235 3029 castigas.

290 3041 388 3088 Quid
410 3041 518 3091 igitur
534 3038 677 3075 adamas
699 3039 770 3086 illc,
808 3038 908 3076 sortis
924 3038 984 3076 ille
1004 3038 1069 3076 Dei
1091 3038 1235 3087 athleta,

288 3103 348 3154 qni
369 3101 524 3151 undiquc
547 3113 691 3136 coronas
714 3099 780 3136 sibi
796 3099 995 3151 plectebat?
1033 3100 1234 3137 Monstrans

288 3169 394 3207 ctiam
415 3167 448 3204 in
468 3166 534 3203 lioc
552 3179 652 3202 snam
664 3164 831 3202 virtutem
849 3195 857 3212 ‚
877 3164 960 3203 vide
973 3164 1059 3216 quid
1073 3164 1168 3204 dicat
1183 3165 1231 3204 ei:

326 3310 337 3325 a
364 3299 514 3340 Quinque
531 3296 604 3328 Mss,
626 3301 660 3332 εἰς
678 3301 729 3333 τὴν
752 3300 844 3334 τάξιν.

1298 685 1508 738 προπέτειαν
1534 683 1679 735 ὤφειλες
1707 684 1863 733 ἐπισχεῖν
1898 684 2004 727 αὐτῆς
2034 680 2098 727 τὴν
2128 680 2320 718 ἀκόλαστον

1297 744 1454 796 γνώμην.
1476 745 1613 782 Ἰδοῦσα
1636 743 1704 793 γὰρ
1732 741 1787 780 ὅτι
1809 745 1843 780 ἐν
1863 743 1990 795 γαστρὶ
2008 741 2103 793 ἔχει,
2122 739 2321 790 ἠτιμάσθην

1296 805 1448 843 ἐναντίον
1477 800 1737 855 αὐτῆς.Κρίναι
1766 806 1784 840 6
1807 803 1895 846 Θεὸς
1928 802 1993 841 ἀνὰ
2014 802 2119 852 μέσον
2150 803 2235 851 ἐμοῦ
2263 801 2322 838 καὶ

1296 870 1368 904 σοῦ.
1403 866 1573 908 Γυναικὸς
1609 865 1746 911 ἀληθῶς
1775 868 1885 902 ταῦτα
1920 863 1964 901 τὰ
1994 863 2134 915 ῥήματα
2174 861 2233 899 καὶ
2261 863 2323 906 τ’ῆς

1297 925 1477 967 ἀσθενείας
1498 923 1628 971 ταύτης
1658 926 1720 968 τῆς
1741 923 1891 975 φύσεως·
1909 923 2094 975 μονονουχὶ
2118 923 2186 974 γὰρ
2214 921 2323 959 ταῦτά

1295 1002 1379 1037 φησι
1399 985 1484 1036 πρὸς
1504 984 1626 1023 αὐτόν·
1646 984 1714 1035 ἐγὼ
1744 984 1805 1035 μὲν
1833 985 1895 1031 τὴν
1928 984 2098 1022 ἀπαιδίαν
2128 982 2323 1034 βουλομένη

1293 1044 1616 1096 παραμυθήσασθαι
1631 1043 1694 1090 τὴν
1717 1043 1797 1091 σὴν,
1818 1044 1988 1090 τοσαύτην
2007 1042 2236 1092 ἐπεδειξάμην
2258 1041 2323 1087 τὴν

1295 1104 1518 1154 κηδεμονίαν,
1547 1106 1594 1146 ὡς
1621 1103 1681 1141 καὶ
1712 1102 1774 1149 τὴν
1812 1103 1901 1154 ἐμὴν
1939 1102 2128 1148 παιδίσκην
2158 1102 2218 1139 καὶ
2249 1107 2326 1143 ταῖς

1294 1167 1447 1215 ἐμαυτῆς
1467 1179 1520 1202 σοι
1539 1164 1643 1216 χερσὶ
1670 1164 1911 1214 παραδοῦναι,
1929 1163 1989 1200 καὶ
2008 1163 2094 1215 πρὸς
2121 1162 2184 1208 τὴν
2206 1177 2325 1200 συνου-

1296 1226 1372 1264 σίαν
1410 1224 1691 1277 προτρέψασθαι·
1718 1227 1806 1275 δρῶν
1837 1223 1872 1262 δὲ
1904 1224 2002 1266 αὐτὸς
2035 1226 2187 1262 ἐντεῦθεν
2215 1221 2325 1267 αὐτὴν

1297 1285 1486 1337 γενομένην
1505 1285 1787 1338 προπετεστέραν
1806 1284 1862 1322 διὰ
1879 1285 1936 1322 τὸν
1956 1287 2018 1331 τῆς
2042 1284 2191 1337 γαστρὸς
2211 1283 2325 1334 ὄγκον,

1255 1360 1278 1389 Β
1299 1346 1359 1384 καὶ
1378 1345 1600 1397 φρονήματος
1613 1345 1927 1395 ἐμπεπλησμένην,
1948 1345 2023 1383 δέον
2045 1346 2250 1383 ἀναστεῖλαι
2266 1343 2326 1381 καὶ

1297 1405 1482 1451 ἐκδικῆσαί
1499 1422 1538 1444 σε
1556 1406 1618 1449 τὰς
1647 1405 1763 1458 ὔὸρεις
1782 1406 1844 1449 τὰς
1871 1408 1918 1450 εἷς
1949 1406 2011 1457 ἐμὲ
2038 1404 2240 1457 γινομένας,
2263 1405 2326 1442 οὐκ

1298 1466 1481 1513 ἐποίησας·
1502 1468 1579 1504 ἀλλ’
1598 1466 1728 1505 ὡσανεὶ
1747 1466 1888 1504 πάντων
1908 1470 1977 1505 τῶν
1997 1466 2176 1519 προτέρων
2196 1466 2326 1503 ἐπιλα-

1299 1526 1455 1578 θόμενος,
1469 1530 1694 1578 περιορᾶσθαι
1714 1526 1776 1577 ἐμὲ
1798 1527 1978 1579 καταδέχῃ
1991 1557 2000 1575 ,
2019 1527 2081 1574 τὴν
2098 1528 2134 1564 ἐν
2153 1525 2328 1566 τοσούτοις

1297 1587 1390 1625 ἔτεσι
1406 1587 1674 1635 συνοικήσασαν,
1687 1588 1755 1625 ὑπὸ
1770 1590 1833 1633 τῆς
1846 1588 2041 1638 Αἰγυπτίας
2058 1590 2121 1633 τῆς
2136 1586 2327 1633 παιδίσκης

1300 1651 1362 1694 τῆς
1395 1650 1482 1698 ἐμῆς
1512 1647 1785 1697 ἀτιμαζομένην.
1816 1648 1942 1699 Κρίναι
1975 1650 1992 1685 6
2011 1648 2101 1691 Θεὸς
2129 1646 2195 1686 ἀνὰ
2217 1647 2324 1697 μέσον

1303 1709 1388 1757 ἐμοῦ
1408 1707 1468 1745 καὶ
1496 1712 1568 1746 σοῦ.
1587 1707 1836 1757 Ὀδυνωμένης
1857 1710 1971 1760 ψυχῆς
1989 1708 2030 1746 τὸ
2065 1711 2177 1761 ῥῆμα.
2206 1707 2277 1745 Καὶ
2297 1709 2326 1744 εἷ

1305 1768 1353 1819 μὴ
1374 1768 1559 1820 φιλόσοφός
1577 1784 1629 1812 τις
1647 1763 1688 1814 ἦν
1709 1772 1726 1806 6
1753 1769 1994 1821 πατριάρχης,
2013 1770 2074 1807 καὶ
2104 1768 2238 1814 πολλὴν
2263 1767 2327 1814 τὴν

1304 1831 1390 1868 αἰδῶ
1406 1829 1486 1881 περὶ
1499 1829 1560 1876 τὴν·
1574 1829 1694 1881 Σάραν
1707 1828 1926 1868 ἐπεδείκνυτο
1937 1858 1946 1876 ,
1963 1829 2022 1868 καὶ
2043 1829 2271 1882 ἐδυσχέρανεν
2286 1829 2325 1865 ἂν

1303 1891 1389 1942 πρὸς
1409 1890 1453 1928 τὰ
1476 1889 1617 1941 ῥήματα
1631 1919 1642 1937 ,
1664 1889 1724 1927 καὶ
1751 1889 1902 1940 ἤλγησεν
1923 1891 1980 1928 ἐπὶ
1999 1894 2042 1941 τῇ
2067 1890 2238 1942 βαρύτητι
2257 1891 2325 1927 τῶν

1304 1950 1510 2003 λεχθέντων.
1533 1952 1624 1988 Ἀλλ’
1647 1953 1664 1988 6
1690 1950 1880 2000 θαυμάσιος
1903 1946 2000 1995 οἶτος
2019 1951 2106 2002 πρὸς
2127 1951 2166 1989 τὸ
2184 1954 2245 1997 τῆς
2264 1950 2327 2002 φύ-

1306 2027 1392 2055 σεως
1405 2011 1544 2054 ἀσθενὲς
1558 2013 1710 2063 ἀφορῶν,
1723 2017 1839 2049 πᾶσαν
1852 2011 1978 2050 ἔδωκεν
1995 2015 2083 2063 αὐτῇ
2100 2011 2323 2063 συγγνώμην.

1306 2072 1434 2125 Κρίναι
1458 2075 1475 2110 6
1498 2071 1586 2113 Θεὸς
1616 2071 1682 2109 ἀνὰ
1709 2071 1813 2120 μέσον
1839 2074 1923 2123 ἐμοῦ
1945 2073 2003 2110 καὶ
2025 2078 2096 2112 σοῦ.
2126 2072 2328 2118 Ἐννόησον,

1306 2133 1413 2186 φησὶ,
1428 2131 1534 2170 πόσον
1553 2137 1701 2182 πρᾶγμα
1720 2132 1958 2182 κατεδεξάμην
1983 2133 2039 2171 διὰ
2057 2132 2120 2178 τὴν
2137 2133 2200 2180 σὴν
2214 2149 2328 2184 παρα-

1307 2194 1451 2246 μυθίαν,
1471 2192 1664 2242 βουλομένη
1686 2207 1723 2229 σε
1743 2192 1806 2229 κᾶν
1826 2198 1905 2243 γοῦν
1925 2196 1958 2230 ἐν
1973 2193 2065 2244 γήρᾳ
2086 2193 2222 2244 πατέρα
2243 2195 2328 2238 κλη-

1306 2259 1407 2301 Οῆναι
1418 2284 1427 2302 ,
1441 2253 1501 2290 καὶ
1517 2252 1580 2298 τὴν
1592 2252 1782 2299 παιδίσκην
1801 2253 1864 2299 τὴν
1881 2254 1968 2304 ἐμὴν
1982 2259 1995 2274 ³
2007 2257 2055 2297 εἰς
2068 2254 2130 2300 τὴν
2151 2253 2247 2298 ἀξίαν
2265 2253 2327 2299 τὴν

1306 2318 1459 2366 ἐμαυτῆς
1478 2314 1650 2365 ἀνήγαγον
1663 2329 1670 2336 ·
1693 2314 1733 2350 σὺ
1755 2313 1791 2351 δὲ
1812 2318 1900 2364 ὁρῶν
1919 2315 2129 2366 ἀγνωμόνως
2150 2314 2256 2360 αὐτὴν
2276 2317 2330 2352 ἐν·

1305 2379 1422 2413 τεῦθεν
1445 2375 1670 2420 διατεθεῖσαν,
1691 2375 1752 2412 οὐκ
1771 2374 1924 2424 ἤμυνας,
1945 2378 2006 2413 οὐκ
2033 2376 2174 2428 ἠμείψω
2198 2391 2241 2426 με
2269 2378 2331 2421 τῆς

1306 2435 1448 2487 γνώμης
1462 2465 1471 2482 ,
1490 2436 1533 2481 ἣν
1554 2434 1633 2485 περὶ
1651 2434 1689 2471 σὲ
1710 2435 1956 2485 ἐπεδειξάμην.
1975 2436 2100 2489 Κρίναι
2116 2439 2133 2474 6
2151 2437 2240 2480 Θεὸς
2263 2437 2328 2474 ἀνὰ

1308 2497 1411 2547 μέσον
1431 2498 1514 2546 ἐμοῦ
1536 2495 1596 2533 καὶ
1614 2499 1689 2534 σοῦ.
1710 2496 1885 2543 Ἐκεῖνος,
1908 2497 2023 2549 φησὶν,
2045 2501 2062 2535 6
2080 2497 2125 2535 τὰ
2145 2497 2329 2549 ἀπόρρητα

1308 2557 1455 2594 ἑκάστου
1476 2556 1704 2606 ἐπιστάμενος
1722 2560 1784 2603 τῆς
1803 2557 1967 2605 διανοίας,
1982 2559 2082 2602 αὐτὸς
2099 2558 2196 2596 ἔσται
2209 2559 2329 2611 κριτὴς

1309 2617 1436 2668 μεταξὺ
1458 2619 1572 2667 ἡμῶν,
1589 2617 1650 2655 καὶ
1671 2620 1745 2660 πῶς
1764 2617 1832 2669 ἐγὼ
1853 2617 1916 2667 μὲν
1937 2619 2066 2661 παντὸς
2084 2619 2214 2662 πάθους
2233 2621 2327 2656 ἀνω-

1306 2679 1391 2731 τέρα
1415 2678 1582 2730 γενομένη
1601 2678 1822 2729 προετίμησα
1844 2681 1997 2729 ἐμαυτῆς
2017 2679 2079 2726 τὴν
2104 2679 2329 2730 παραμυθίαν

1260 2751 1285 2780 D
1308 2739 1370 2786 τὴν
1392 2740 1476 2787 σὴν,
1504 2739 1562 2777 καὶ
1584 2741 1631 2782 εἷς
1647 2739 1708 2785 τὴν
1730 2738 1827 2785 εὐνὴν
1854 2739 1916 2785 τὴν
1950 2739 2037 2790 ἐμὴν
2059 2739 2122 2785 τὴν
2142 2740 2330 2786 παιδίσκην

1309 2800 1480 2850 ἀνήγαγον
1495 2815 1503 2822 ·
1525 2800 1623 2842 αὐτὸς
1648 2800 1683 2836 δὲ
1704 2800 1800 2837 οὐδὲν
1821 2802 1889 2837 τῶν
1916 2802 2001 2851 παρ’
2024 2801 2109 2850 ἐμοῦ
2137 2801 2329 2851 γενομένων

1307 2862 1343 2898 ἐν
1363 2861 1495 2912 διανοίᾳ
1513 2860 1644 2908 meam,
1661 2865 1850 2911 συγχωρεῖς
1867 2860 1999 2907 ἐκείνην
2019 2860 2330 2904 κατεξανίστασθαι

1306 2924 1368 2967 τῆς
1396 2923 1483 2971 ἐμῆς
1511 2921 1717 2968 ἐπιεικείας,
1746 2923 1807 2959 οὐκ
1829 2922 2053 2964 ἀναστέλλεις
2086 2921 2149 2967 τὴν
2182 2921 2328 2971 τόλμαν,

1307 2981 1384 3020 οὐδὲ
1405 2982 1622 3035 σωρρονίζεις
1638 2982 1701 3028 τὴν
1723 2982 1918 3032 ἀγνώμονα.
1939 2982 1986 3020 Τί
2006 2977 2063 3019 οὖν
2091 2985 2109 3019 ὁ
2131 2982 2268 3031 ἀδάμας
2281 3012 2290 3027 ,
2311 2985 2329 3019 ὃ

1306 3049 1457 3093 γενναῖος
1489 3042 1641 3089 ἀθλητὴς
1670 3048 1728 3081 τοῦ
1766 3045 1858 3081 Θεοῦ
1867 3073 1878 3089 ‚
1915 3046 1932 3080 6
1964 3043 2180 3094 πανταχόθεν
2216 3045 2329 3094 ἑαυτῷ

1305 3104 1441 3142 πλέκων
1461 3103 1538 3147 τοὺς
1568 3103 1776 3155 στεφάνους
1794 3103 1937 3146 Δεικνὺς
1967 3104 2025 3140 καὶ
2058 3103 2113 3141 διὰ
2141 3106 2242 3141 τοῦτο
2264 3102 2326 3149 τὴν

1304 3164 1434 3202 οἰκείαν
1455 3165 1592 3216 ἀρετὴν,
1611 3165 1674 3216 ὅρα
1693 3164 1726 3202 τί
1740 3164 1920 3216 φησιπρὸς
1934 3163 2061 3210 αὐτην·
2084 3163 2173 3202 Ἰδοὺ
2192 3167 2213 3209 ἡ
2237 3179 2326 3201 παι-
