2516 3791
315 108 409 166 454

314 218 401 242 num
424 203 604 253 molestiis,
627 202 664 240 in
690 201 894 252 solitudine,
924 203 960 239 in
981 201 1116 238 deserto
1145 208 1178 236 et
1199 212 1261 235 an-

315 265 442 316 gustiis
470 277 627 314 versans,
656 273 735 315 post
765 272 898 300 tantam
917 260 1198 313 prosperitatem,
1232 267 1264 295 et

314 334 504 377 postquam
522 325 557 362 in
574 338 694 376 parem
714 337 795 360 cum
812 322 956 359 domina
978 334 1039 357 sua
1054 319 1264 369 dignitatem

314 395 434 424 evecta
447 385 567 422 suisset
576 400 588 433 5
610 383 689 420 ideo
702 381 935 419 acceleratum
952 387 1054 416 nacta
1071 387 1124 416 est
1139 378 1261 415 subsi-

313 446 520 484 ‹lium.Haec
537 444 630 481 enim
646 441 710 478 tibi
727 449 842 487 erunt,
857 439 987 490 inquit,
1003 453 1080 489 quae
1097 438 1259 490 promisi,

313 516 347 543 et
359 505 472 557 paries
483 503 611 549 filium,
626 510 658 539 et
672 514 788 538 semen
800 509 904 537 tuum
916 499 1173 537 innumerabile
1183 498 1261 548 erit,

318 567 418 614 Quia
436 563 637 601 exaudivit
650 562 842 598 Dominus
859 561 1120 598 humilitatem
1141 568 1260 597 tuam.

312 626 366 662 Ne
379 624 489 675 igitur
500 622 676 674 gravatim
689 622 854 670 seramus,
869 621 900 659 si
915 620 1084 658 molestiis
1101 634 1261 672 premen-
1283 631 1309 661 D

311 685 409 722 tibus
426 683 669 721 humiliemur.
685 682 787 720 Nihil
807 682 901 720 enim
920 682 970 719 ita
988 691 1114 720 nostra:
1129 690 1262 719 naturae

312 744 493 792 conducit,
513 753 549 781 ut
565 758 638 782 sese
655 743 871 792 submittere,
885 751 918 780 et
933 742 1125 780 humiliare
1138 756 1260 794 super-

312 806 399 843 bum
423 805 601 857 spiritum,
625 814 659 843 et
685 804 845 842 inflatam
872 812 1025 840 mentem
1048 802 1260 854 deprimere.

313 868 418 905 Tunc
428 866 521 904 enim
532 879 594 903 nos
604 864 824 915 magisaudit
832 863 1019 913 Dominus,
1029 863 1172 914 quando
1181 877 1265 901 cum

312 927 434 965 dolore
445 927 571 964 animae
582 935 616 964 et
629 925 736 963 corde
746 924 896 962 contrito
908 924 1026 975 ipsum
1040 924 1263 971 invocamus,

315 987 486 1039 majorem
511 988 546 1024 in
572 985 735 1038 precibus
758 983 1002 1022 assiduitatem
1025 983 1234 1022 adhibentes
1254 999 1261 1020 :

321 1049 422 1098 Quia
449 1048 601 1084 audivit
627 1047 818 1083 Dominus
850 1045 1112 1082 humilitatem
1145 1053 1263 1082 taam.

319 1109 440 1146 Postea
466 1107 630 1160 praedicit
659 1106 757 1158 pueri
784 1105 847 1156 qui
871 1105 1070 1142 nasciturus
1090 1113 1164 1142 erat
1187 1114 1266 1143 stu-

319 1170 432 1207 dium.
447 1171 508 1206 19.
523 1170 599 1205 Hic
610 1170 695 1214 erit,
715 1167 842 1217 inquit,
858 1169 1018 1218 agrestis
1034 1167 1148 1204 homo
1158 1181 1169 1202 .·
1182 1180 1267 1203 ma-

321 1244 392 1267 nus
406 1231 486 1281 ejus
497 1238 633 1266 contra
645 1242 786 1276 omnes,
799 1236 833 1265 et
845 1241 984 1265 manus
996 1230 1166 1265 omnium
1177 1242 1267 1265 con-

321 1299 382 1327 tra
403 1304 514 1327 eum:
535 1298 570 1327 et
590 1298 727 1327 contra
734 1287 888 1341 faciem
905 1290 1078 1325 omnium
1087 1289 1268 1340 fratrum

319 1365 476 1388 suorum
495 1351 697 1388 habitabit.
716 1348 882 1386 Praedicit
898 1348 945 1399 ei,
965 1348 1069 1386 illum
1084 1348 1224 1388 virilem
1237 1357 1270 1386 et

319 1411 444 1449 fortem
456 1412 616 1449 futurum
627 1424 711 1459 esse,
719 1409 937 1457 bellatorem,
948 1423 989 1447 ac
1002 1418 1102 1447 terrae
1114 1409 1269 1447 colendae

319 1481 542 1509 vacaturum.
563 1470 699 1510 Vidisti
716 1484 762 1508 ex
777 1469 820 1508 iis
841 1484 918 1520 quae
938 1469 972 1507 in
990 1470 1154 1507 ancillam
1175 1479 1270 1521 gesta

320 1541 413 1581 sunt,
425 1540 556 1582 quanto
564 1531 600 1568 in
610 1531 742 1568 honore
752 1538 838 1568 esset
847 1528 1047 1581 patriarcha
1056 1531 1073 1567 ἶ)
1083 1529 1271 1580 Quidquid

320 1592 414 1628 onim
432 1591 486 1628 illi
506 1591 707 1643 impensum
723 1598 785 1638 est,
806 1590 952 1627 Domini
964 1589 1145 1642 injustum
1162 1590 1269 1629 bene—

321 1651 513 1689 volentiam
523 1649 689 1689 ostendit.
709 1650 795 1687 Haec
810 1649 874 1687 ubi
887 1651 1033 1702 angelus
1045 1650 1223 1688 consuluit
1236 1659 1270 1688 et

321 1713 437 1751 felicia
456 1711 680 1750 annuntiavit
697 1710 818 1761 Agari,
833 1711 986 1749 recessit.
998 1712 1175 1749 Caeterum
1187 1711 1271 1750 vide

322 1774 449 1811 iterum
466 1772 604 1810 ancillae
619 1771 844 1824 probitatem.
864 1773 925 1810 15.
947 1773 1000 1809 Et
1015 1775 1185 1818 vocavit,
1215 1772 1270 1809 in-

752 122 789 151 S.
827 120 1011 151 JOANNIS
1047 118 1285 150 eltnYSOST.

1326 117 1532 148 ARcfflEP.
1571 119 1907 150 CONSTANTtxOP
1917 139 1926 149 .

1333 199 1398 244 τὴν
1417 199 1637 250 περίστασιν,
1656 201 1691 238 ἐν
1711 200 1878 250 μονώσει,
1901 202 1935 239 ἐν
1955 202 2102 255 ἐρημίᾳ,
2124 205 2158 241 ἐν
2181 219 2353 256 στενοχω-

1337 257 1392 310 ρίᾳ
1409 258 1594 309 διάγουσα,
1618 260 1709 310 μετὰ
1723 260 1787 306 τὴν
1807 260 1980 307 τοσαύτην
2000 263 2209 314 εὐημερίαν,
2237 264 2296 301 καὶ
2315 264 2356 300 τὸ

1335 319 1382 360 εἷς
1397 317 1437 356 τὸ
1457 320 1543 370 αὐτῇ
1561 322 1605 370 τῇ
1626 319 1788 371 δεσποίνῃ
1809 320 1940 372 πρέπον
1961 320 2097 372 ἀξίωμα
2119 325 2356 374 ἀνενεχθῆναι,

1335 376 1392 416 διὰ
1410 382 1511 416 τοῦτο
1529 379 1674 431 ταχείας
1695 380 1879 426 ἀπήλαυσε
1893 384 1954 427 τῆς
1975 382 2202 433 ἀντιλήψεως.
2233 383 2357 419 Ταῦτα

1334 437 1400 489 γάρ
1421 453 1474 476 σοι
1504 438 1602 477 ἔσται
1617 470 1628 488 ,
1660 441 1763 492 φησὶν
1779 468 1789 486 ,
1821 441 1911 493 ἅπερ
1931 441 2138 492 ὑπεσχόμην
2154 472 2163 489 ,
2196 442 2256 480 καὶ
2275 441 2356 492 τέξῃ

1333 498 1420 547 υἱὸν,
1439 499 1498 538 καὶ
1511 500 1551 538 τὸ
1568 500 1710 554 σπέρμα
1726 517 1787 539 σου
1804 503 1952 552 ἀριθμοῦ
1971 508 2127 553 κρεῖττον
2143 503 2253 549 ἔσται,
2267 502 2357 540 “On

1333 559 1506 607 ἐπήκουσε
1526 560 1654 611 Κύριος
1673 564 1715 613 τῇ
1730 560 1939 600 ταπεινώσει
1954 578 2025 601 σου.
2057 562 2117 609 Μὴ
2136 563 2248 601 τοίνυν
2268 563 2357 613 μηδὲ

1333 624 1435 671 ἡμεῖς
1469 622 1723 673 ἀσχάλλωμεν,
1756 621 1894 660 ἐπειδὰν
1923 622 1994 660 ἀπό
2012 638 2102 666 τινος
2120 622 2359 675 περιστάσεως

1333 685 1401 720 τῶν
1420 682 1638 734 πραγμάτων
1657 685 1940 733 ταπεινωθῶμεν.
1973 684 2087 721 Οὐδὲν
2107 683 2177 735 γὰρ
2194 685 2295 734 ἡμῶν
2312 686 2356 734 τῇ

1335 743 1435 795 φύσει
1464 742 1554 781 οὕτω
1581 743 1844 794 συμὸάλλεται,
1876 746 1923 786 ὡς
1938 744 1978 782 τὸ
2001 745 2268 792 συστέλλεσθαι,
2300 744 2359 782 καὶ

1335 807 1579 842 ταπεινοῦσθαι
1603 803 1704 855 ἡμῶν
1733 804 1773 842 τὸ
1798 804 1979 855 φρόνημα,
2000 805 2059 843 καὶ
2076 805 2114 842 τὸ
2135 804 2278 858 φύσημα
2299 807 2361 851 τῆς

1335 866 1450 916 ψυχῆς
1470 865 1781 903 καταστέλλεσῡαι.
1803 865 1895 903 Τότε
1909 865 1977 917 γὰρ
1993 868 2093 916 ἡμῶν
2112 867 2244 916 μᾶλλον
2260 868 2277 903 ὃ
2292 867 2358 904 Δε-

1337 925 1469 972 σπότης
1495 925 1685 971 ἐπακούει,
1711 927 1791 963 ὅταν
1822 926 1910 976 μετὰ
1932 926 2151 976 ὀδυνωμένης
2168 928 2282 978 ψυχῆς
2301 926 2361 964 καὶ

1338 986 1633 1039 συντετριμμένης
1662 989 1725 1031 τῆς
1741 986 1886 1039 καρδίας
1906 987 2005 1025 αὐτὸν
2024 989 2207 1037 καλῶμεν,
2230 987 2361 1034 πολλὴν

1337 1045 1401 1092 τὴν
1429 1045 1639 1099 προσεδρίαν
1669 1046 1750 1098 περὶ
1777 1045 1838 1088 τὰς
1861 1047 2010 1089 ἱκετείας
2030 1047 2251 1097 ποιούμενοι·
2277 1046 2364 1085 “Ort

1339 1106 1531 1153 ἐπήκουσε,
1568 1107 1674 1158 φησὶ,
1708 1106 1834 1158 Κύριος
1862 1109 1905 1158 τῇ
1930 1107 2140 1145 ταπεινώσει
2165 1122 2240 1144 σου.
2274 1101 2365 1146 Εἶτα

1340 1167 1502 1219 προλέγει
1529 1171 1588 1205 τοῦ
1620 1167 1805 1217 μέλλοντος
1834 1166 2012 1205 τίκτεσθαι
2036 1168 2158 1211 παιδὸς
2177 1167 2364 1219 τὸ-ἐπιτή-

1343 1230 1468 1278 δευμα.
1503 1222 1615 1272 Οὗτος
1636 1228 1750 1276 ἔσται,
1771 1227 1874 1280 φησὶν
1888 1257 1898 1275 ,
1922 1228 2085 1282 ἄγροικος
2108 1229 2307 1281 ἄνθρωπος·
2330 1231 2365 1267 αἱ

1341 1295 1455 1342 χεῖρες
1489 1291 1592 1327 αὐτοῦ
1622 1289 1679 1327 ἐπὶ
1702 1289 1836 1333 πάντας
1849 1319 1858 1337 ,
1879 1290 1939 1329 καὶ
1960 1293 1994 1327 αἱ
2022 1296 2134 1343 χεῖρες
2150 1290 2290 1329 πάντων
2310 1291 2367 1328 ἐπ’

1343 1350 1444 1389 αὐτόν
1458 1366 1465 1373 ·
1489 1350 1549 1388 καὶ
1568 1349 1659 1388 κατὰ
1678 1349 1864 1402 πρόσωπον
1885 1350 2025 1388 πάντων
2042 1353 2111 1389 τῶν
2130 1353 2286 1403 ἀδελφῶν
2306 1353 2366 1389 αὖ·

1341 1415 1400 1450 τοῦ
1419 1411 1635 1457 κατοικήσει.
1667 1411 1872 1463 Προμηνύει
1894 1415 1981 1464 αὐτῇ
2003 1412 2056 1450 ὅτι
2075 1413 2230 1463 ἀνδρεῖος
2254 1411 2366 1458 ἔσται,

1342 1471 1394 1509 ὅτι
1416 1471 1602 1522 πολέμιος,
1621 1471 1674 1509 ὅτι
1694 1472 1780 1523 πρὸς
1798 1471 1860 1517 τὴν
1876 1475 1937 1518 τῆς
1956 1476 2020 1523 γῆς
2037 1472 2238 1523 ἐπιμέλειαν
2258 1472 2366 1510 πολὺν

1342 1533 1400 1571 τὸν
1421 1533 1524 1572 πόνον
1549 1533 1768 1577 ἐπιδείξεται.
1799 1527 1900 1577 Εἶδες
1926 1533 1982 1572 διὰ
2009 1537 2078 1572 τῶν
2099 1536 2147 1577 εἰς
2166 1534 2228 1581 τὴν
2247 1534 2366 1572 παιδί-

1345 1609 1432 1641 σκην
1453 1593 1691 1645 γεγενημένων
1705 1593 1769 1640 τὴν
1790 1596 1837 1637 εἷς
1855 1594 1912 1631 τὸν
1931 1595 2154 1647 πατριάρχην
2175 1594 2299 1645 τιμήν;
2322 1594 2368 1633 ‘H

1322 1653 1411 1706 ,γὰρ
1435 1654 1516 1706 περὶ
1549 1653 1680 1700 ταύτην
1710 1653 1857 1705 πρόνοια
1891 1654 2044 1692 δείκνυσι
2068 1655 2132 1701 τὴν
2152 1655 2286 1693 εὔνοιαν
2307 1658 2368 1693 τοῦ

1343 1714 1542 1760 Δεσπότου,
1572 1714 1615 1760 ἢν
1637 1715 1724 1767 πρὸς
1742 1715 1800 1753 τὸν
1822 1714 1954 1754 δίκαιον
1979 1715 2225 1754 ἐπιδείκνυται.
2247 1718 2370 1754 Ταῦτα

1345 1775 1608 1826 συμὲουλεύσας
1639 1778 1656 1813 ὁ
1689 1775 1857 1827 ἅγγελος,
1897 1776 1958 1813 καὶ
1985 1777 2299 1828 εὖαγγελισοίμενος
2327 1779 2370 1828 τῇ

321 1834 409 1885 quit,
423 1848 560 1871 nomen
569 1834 817 1885 Domini‚qui
830 1833 1158 1885 loquebatursibi:
1168 1834 1223 1871 Τιι
1233 1847 1270 1871 es
1282 1864 1330 1888 393
1346 1836 1474 1888 Ἅγαρ,
1497 1835 1733 1889 ἀνεχώρησεν.
1768 1836 1860 1874 Ἀλλ’
1880 1836 1945 1890 ὅρα
1974 1835 2079 1875 πάλιν
2104 1840 2165 1884 τῆς
2183 1837 2372 1883 παιδίσκης

322 1896 441 1941 Deus,
461 1897 526 1945 qui
540 1894 678 1931 UidiSli
694 1908 754 1931 Ine
766 1909 776 1929 .’
794 1896 887 1946 quia
903 1894 1003 1930 dlxlt
1017 1895 1196 1931 :Eteniln
1210 1908 1272 1932 CO·
1295 1900 1322 1929 A
1344 1897 1407 1945 τὴν
1437 1897 1714 1950 εὐγνωμοσύνην,
1755 1898 1824 1936 Καὶ
1858 1897 2001 1937 ἐκάλεσε
2015 1927 2024 1945 ‚
2059 1898 2144 1951 φησὶ
2156 1928 2166 1945 ‚
2195 1898 2235 1936 τὸ
2259 1898 2369 1948 ὄνομα

323 1970 407 1993 ram
425 1956 512 1992 vidi
526 1968 612 1992 eum
628 1956 695 2009 qui
712 1956 892 2006 apparuit
909 1956 1016 1991 mihi.
1034 1955 1097 1992 14.
1111 1956 1276 2006 Propter

324 2018 396 2054 hoc
411 2019 570 2053 vocavit
587 2025 758 2068 puteum,
776 2017 1017 2052 Puteumubi
1027 2028 1158 2052 coram
1175 2016 1272 2062 vidi,

324 2080 425 2113 inter
439 2078 470 2114 C
472 2078 563 2114 ades
580 2086 616 2114 et
636 2080 737 2115 inter
754 2076 923 2113 Barach.
937 2074 1033 2113 Vide
1051 2075 1227 2126 quomodo
1242 2085 1275 2114 et

323 2136 398 2173 haec
417 2136 502 2173 velit
521 2146 725 2188 perpetuam
744 2135 954 2173 memoriam
977 2135 1097 2174 indere
1114 2136 1192 2174 loco
1211 2151 1275 2188 per

324 2196 489 2234 vocabuli
505 2196 551 2233 im
557 2196 778 2248 positionem.
788 2195 942 2234 Vocavit
953 2196 1048 2233 enim
1060 2196 1190 2246 locum,
1201 2199 1273 2235 Pu-

326 2268 426 2295 {eum
444 2260 509 2294 ubi
527 2271 657 2295 coram
674 2258 771 2294 vidi.
791 2255 928 2295 Vidisti
945 2265 978 2293 et
996 2257 1163 2294 ancillam
1178 2272 1272 2310 pau—

325 2319 424 2355 latim
449 2333 493 2355 ex
514 2318 768 2355 afflictionibus
790 2316 971 2367 aliquanto
988 2317 1273 2369 castigatioribus

325 2379 484 2416 moribus
498 2379 588 2425 fieri,
605 2387 638 2415 et
652 2387 793 2429 gratum
808 2377 966 2414 animum
980 2391 1085 2414 suum
1094 2377 1274 2416 declarare

325 2454 405 2489 erga
416 2439 586 2477 beneficia
601 2439 732 2489 quibus
748 2437 926 2476 cumulata
941 2438 1066 2487 fuerat,
1079 2447 1112 2475 et
1125 2439 1275 2490 gratiam

326 2501 456 2551 quibus
475 2499 610 2552 potuit,
633 2500 762 2537 referre
784 2498 1016 2550 providentiae
1042 2513 1120 2549 quae
1142 2509 1277 2540 tantam

326 2562 437 2613 ipsius
464 2570 615 2613 gesserat
635 2561 781 2598 curam?
801 2561 862 2599 45.
882 2561 935 2597 Et
954 2563 1120 2611 peperit,
1140 2560 1275 2611 inquit,

327 2622 440 2673 Agar
452 2622 493 2659 A
497 2624 572 2659 broe
584 2622 728 2673 filium,
747 2629 782 2658 et
797 2623 953 2658 vocavit
970 2621 1123 2658 Abram
1138 2635 1277 2659 nomen

326 2685 421 2734 ejus,
446 2697 559 2735 quem
575 2684 722 2734 peperit
741 2683 814 2719 sibi
829 2681 957 2733 Agar,
981 2681 1139 2719 Ismael.

381 2815 417 2850 7.
440 2812 532 2850 Hinc
551 2811 722 2850 discimus
749 2820 921 2863 quantum
942 2810 1076 2849 bonum
1106 2810 1150 2849 sit
1172 2824 1275 2849 man-

327 2873 486 2921 suetudo,
503 2882 675 2924 quantum
688 2872 779 2910 lucri
794 2872 938 2921 habeat,
956 2881 990 2910 et
1006 2871 1128 2922 quanti
1143 2871 1279 2909 fructus

324 2949 369 2971 ex
386 2933 640 2972 afflictionibus
660 2933 880 2985 proveniant.
904 2933 996 2970 Nam
1010 2932 1281 2971 mansuetudine

327 2992 526 3044 patriarcha
554 2992 710 3043 placavit
733 2992 858 3030 Saram
884 2990 1215 3042 indignabundam,
1247 3000 1279 3028 et

328 3054 467 3090 famula}
504 3062 708 3104 potestatem
738 3053 766 3091 ei
799 3052 913 3103 dedit,
948 3053 1166 3103 domumque
1196 3066 1279 3104 pace

329 3115 490 3166 replevit,
510 3113 711 3151 afflictionis
731 3123 849 3152 autem
866 3114 1002 3151 fructus
1024 3113 1058 3150 in
1076 3112 1204 3150 ancilla
1225 3112 1277 3150 vi-

328 3176 413 3213 «tore
430 3175 521 3211 licet.
539 3174 630 3219 Quia
649 3183 833 3225 postquam
856 3174 900 3211 al)
921 3174 1002 3211 hera
1021 3173 1150 3211 afflicta
1175 3173 1278 3224 fugit,

326 3246 354 3273 vt
376 3235 528 3272 multum
551 3249 743 3271 wrunmosa
764 3234 842 3282 suit,
863 3249 902 3272 nc
923 3249 1003 3271 cum
1026 3234 1134 3272 animi
1156 3233 1277 3271 dolore
1303 3238 1325 3264 (ἶ

330 3296 520 3334 Dominum
540 3296 678 3334 inwwm
693 3295 730 3345 it,
752 3295 870 3332 statim
891 3309 1076 3347 supernam
1101 3294 1273 3332 visitatio-

2095 1958 2136 1997 σὺ
2167 1962 2185 1998 ὃ
2212 1959 2324 2005 Θεὸς,
2353 1961 2371 1997 ὁ

1348 2019 1475 2058 ἐπιδών
1501 2035 1543 2070 με
1556 2035 1563 2042 ·
1594 2020 1647 2057 ὅτι
1673 2013 1748 2057 εἷπε
1761 2035 1768 2042 ·
1789 2018 1849 2058 καὶ
1868 2018 1936 2072 γὰρ
1956 2018 2102 2057 ἐνώπιον
2122 2013 2209 2058 εἶδον
2225 2018 2371 2070 ὀφθέντα

1346 1957 1475 2011 Κυρίου
1513 1962 1572 1996 τοῦ
1601 1959 1787 2002 λαλοῦντος
1820 1959 1906 2010 πρὸς
1929 1958 2061 2005 αὐτήν·

1349 2095 1420 2130 μοι.
1445 2078 1591 2117 εΈνεκεν
1606 2079 1727 2117 τούτου
1744 2080 1889 2118 ἐκάλεσε
1905 2080 1944 2118 τὸ
1963 2079 2087 2133 φρέαρ,
2107 2079 2217 2132 φρέαρ
2231 2083 2268 2118 οὗ
2288 2079 2372 2118 ἐνώ-

1346 2156 1425 2179 πιον
1447 2134 1555 2185 εἶδον,
1578 2139 1643 2177 ἀνὰ
1665 2140 1768 2190 μέσον
1798 2140 1919 2186 Κάδης
1937 2141 1996 2178 καὶ
2018 2140 2084 2178 ἀνὰ
2103 2140 2214 2190 ’μέσον
2234 2139 2371 2191 Βαράχ.

1348 2200 1481 2239 Σκόπει
1500 2203 1574 2243 πῶς
1601 2201 1660 2238 καὶ
1685 2200 1771 2247 αὐτὴ
1799 2200 1962 2250 βούλεται
1981 2202 2122 2247 διηνεκῆ
2144 2200 2208 2247 τὴν
2230 2200 2372 2251 μνήμην

1348 2261 1577 2300 ἐναποθέσῡαι
1595 2263 1645 2312 τῷ
1663 2261 1760 2313 τόπῳ
1776 2261 1834 2300 διὰ
1849 2265 1911 2308 τῆς
1930 2262 2180 2313 προσηγορίας.
2203 2261 2373 2300 Ἐκάλεσε

1347 2321 1428 2374 γὰρ,
1448 2321 1547 2372 φησὶ,
1570 2321 1626 2359 τὸν
1647 2321 1766 2368 τόπον,
1788 2321 1913 2373 Φρέαρ
1929 2317 1966 2360 οἷ
1981 2321 2128 2360 ἐνώπιον
2145 2315 2249 2358 εἶδον.
2270 2313 2374 2364 Εἶδες

1347 2383 1411 2429 τὴν
1428 2381 1617 2429 παιδίσκην
1640 2381 1730 2419 κατὰ
1753 2383 1876 2433 μικρὸν
1892 2384 1931 2419 ἐκ
1944 2385 2004 2428 τῆς
2022 2381 2249 2433 περιεχούσης
2266 2382 2374 2426 αὐτὴν

1350 2442 1496 2494 θλίψεως
1514 2443 1795 2495 φιλοσοφωτέραν
1812 2442 2010 2494 γινομένην,
2029 2443 2088 2480 καὶ
2101 2440 2234 2487 πολλὴν
2251 2445 2375 2492 εὐγνω-

1351 2504 1504 2554 μοσύνην
1530 2504 1606 2555 ,ερὶ
1623 2504 1688 2550 τὴν
1715 2504 1949 2555 γεγενημένην
1972 2506 2020 2547 εἷς
2044 2503 2150 2549 αὐτὴν
2177 2503 2374 2554 εὐεργεσίαν

1350 2564 1647 2616 ἐπιδεικνυμένην,
1676 2565 1736 2603 καὶ
1766 2560 1814 2608 οἷς
1856 2565 2013 2615 ἐνόμισεν
2045 2563 2280 2614 ἀμειὸομένην
2311 2565 2374 2611 τὴν

1351 2625 1520 2672 τοσαύτης
1548 2626 1653 2673 αὐτὴν
1683 2625 1882 2669 ἀξιώσασαν
1911 2624 2140 2675 κηδεμονίας,
2171 2623 2242 2662 Καὶ
2267 2623 2376 2671 ἔτεκε,

1351 2686 1455 2738 φησὶν
1472 2717 1481 2734 ,
1498 2685 1610 2738 Ἅγαρ
1631 2689 1681 2737 τῷ
1700 2685 1840 2738 Ἄδραμ
1861 2686 1946 2733 υἱον,
1969 2685 2028 2723 καὶ
2049 2683 2193 2724 ἐκάλεσε
2209 2685 2249 2723 τὸ
2267 2685 2376 2735 ὄνομα

1353 2747 1454 2783 αὐτοῦ
1469 2776 1478 2793 ,
1501 2746 1536 2784 ὃν
1560 2746 1672 2784 ἔτεκεν
1695 2748 1788 2798 αὐτῷ
1809 2746 1933 2800 Ἅγαρ,
1953 2746 2120 2797 Ἰσμαήλ.

1406 2807 1586 2844 Ἰἰντεῧθεν
1619 2806 1837 2857 μανθάνομεν
1865 2807 1944 2846 ὅσον
1979 2807 2072 2844 ἐστὶν
2111 2805 2238 2858 ἀγαθὸν
2265 2805 2377 2844 ἐπιεί-

1353 2882 1452 2914 κεια,
1472 2866 1550 2905 ὅσον
1571 2867 1645 2905 ἐστὶ
1674 2867 1793 2919 κέρδος
1812 2867 1871 2906 καὶ
1892 2868 1961 2906 ἀπὸ
1980 2869 2048 2905 τῶν
2069 2867 2216 2919 Ολίψεων
2237 2865 2379 2916 καρπώ-

1349 2931 1485 2967 σασθαι.
1508 2928 1579 2966 Καὶ
1596 2928 1658 2976 τὴν
1683 2929 1744 2980 μὲν
1763 2929 1971 2977 ἐπιείκειαν,
1993 2928 2028 2972 ἐξ
2047 2923 2094 2966 ὧν
2114 2931 2132 2966 ὁ
2159 2927 2381 2979 πατριάρχης

1350 2988 1549 3032 ἐπεδείξατο
1567 2989 1817 3042 καταπραῧνας
1831 2994 1894 3036 τῆς
1910 2990 2028 3042 Σάρας
2049 2989 2110 3036 τὴν
2128 2987 2380 3040 ἀγανάκτησιν,

1350 3050 1408 3086 καὶ
1436 3050 1498 3095 τὴν
1526 3049 1681 3094 ἐξουσίαν
1702 3053 1764 3096 τῆς
1787 3050 1977 3096 παιδίσκης
2003 3052 2091 3100 αὐτῇ
2126 3047 2305 3095 δεδωκὼς,
2322 3048 2381 3085 καὶ
2413 3050 2422 3057 “

1351 3110 1406 3147 διὰ
1438 3110 1558 3149 τούτου
1586 3111 1724 3163 εἰρήνης
1749 3111 1932 3161 ἐμπλήσας
1949 3110 2011 3157 τ’),ν
2031 3111 2159 3159 οἰκίαν,
2191 3109 2283 3147 τὸδὲ
2301 3109 2380 3160 κέρ-

1351 3174 1403 3214 δος
1431 3174 1498 3208 τῶν
1530 3171 1678 3224 θλίψεων
1702 3174 1740 3210 ἐκ
1763 3175 1831 3210 τῶν
1859 3172 1949 3210 κατὰ
1980 3171 2041 3218 τὴν
2069 3171 2258 3216 παιδίσκην
2284 3169 2376 3207 ἐστὶν

1351 3234 1443 3271 ἰδεῖν.
1464 3233 1608 3280 Ἐπειδὴ
1628 3234 1694 3285 γὰρ
1713 3237 1909 3272 κακωθεῖσα
1925 3233 1992 3271 ὑπὸ
2011 3236 2071 3279 ’.ἧς
2089 3231 2270 3276 δεσποίνης
2287 3230 2378 3267 ἀπέ-

1351 3296 1426 3344 δρα,
1448 3293 1504 3331 καὶ
1529 3294 1660 3340 πολλὴν
1681 3295 1844 3344 ὓπέμεινε
1862 3294 1923 3341 τὴν
1941 3293 2194 3346 ταλαιπωρίαν,
2211 3293 2268 3330 καὶ
2286 3289 2374 3340 μετὰ
