2533 3791
152 433 276 461 Graxior

88 485 171 511 prena
216 485 275 502 ma-

88 523 134 542 net
149 526 196 541 eos
209 518 277 552 ,qui

92 563 154 591 post
186 557 276 593 legem

89 604 221 633 peccaut.

294 212 381 274 178
734 225 773 255 S.

812 225 982 256 JOANNS
1017 221 1261 253 CHRYSOST.

280 309 573 361 judicabuntur.
608 307 672 345 His
692 308 811 345 verbis
837 307 1028 359 significat,
1050 318 1117 342 non
1139 317 1235 341 eam—

1299 221 1485 250 ARCHOEP
1495 241 1503 250 .
1542 218 1897 249 CONSTANTINOP-

1309 301 1417 340 “0602
1435 301 1502 353 γὰρ
1522 300 1659 351 ἀνόμως
1678 300 1849 353 ἥμαρτον,
1871 300 2008 352 ἀνόμως
2022 300 2082 339 καὶ
2101 303 2331 339 ἀπολοῦνται·

288 369 371 407 dem
388 368 541 406 luituros
566 381 708 420 poenam
726 382 783 405 eos
802 368 864 418 qui
884 376 963 404 ante
978 366 1107 415 legem,
1129 373 1162 401 et
1181 376 1239 400 eos
1266 365 1291 394 D
1312 361 1372 399 καὶ
1389 361 1463 399 ὅσοι
1484 361 1500 380 ¹'
1513 360 1664 412 ἐννόμως
1689 361 1859 416 ἥμαρτον,
1879 361 1935 400 διὰ
1958 361 2064 412 νόμου
2095 361 2330 413 κριθήσονται.

288 429 349 480 qui
366 437 446 479 post
467 428 581 479 legem
609 436 855 479 peccaverunt.
883 425 1041 464 Gravius
1059 423 1153 460 enim
1173 436 1240 473 pu-

290 489 432 527 nientur
450 488 511 539 qui
531 497 610 540 post
624 487 737 538 legem
757 487 878 524 datam
897 482 1132 537 peccaverint.
1148 483 1240 519 Nam

295 551 534 600 Quicumque
549 551 632 585 sine
644 549 725 598 lege
735 552 1007 598 peccaverunt,
1025 546 1143 581 etiam
1159 545 1242 580 sine

291 612 372 663 lege
400 612 578 662 peribunt
595 625 605 644 .·
627 608 787 660 proficiet
814 607 887 644 illis
907 606 954 644 ad
974 605 1146 644 leviorem
1163 618 1240 657 poe-

289 685 386 715 nam,
407 669 504 720 quod
520 669 608 720 legis
634 667 795 706 doctrina
817 677 851 706 et
874 666 1096 705 adminiculo
1119 679 1240 703 carue-

290 731 374 768 rint.
391 731 444 768 Ec
458 732 689 781 quicumque
706 730 775 766 sub
797 729 878 780 lege
887 735 1158 779 peccaverunt,
1172 739 1241 777 per

291 793 412 843 legem
431 798 468 828 et
488 791 782 842 judicabuntur.
806 788 869 826 Isti
891 818 901 837 ‚
929 787 1045 838 inquit
1065 817 1075 835 ‚
1098 787 1182 837 quia
1208 795 1242 824 et

289 851 403 902 legem
420 849 622 887 habuerunt
633 848 857 900 magistram,
873 857 906 886 et
924 861 1037 899 neque
1056 847 1106 885 sic
1124 860 1241 885 emen-

290 912 365 949 dati
378 920 472 959 sunt,
495 909 556 948 sed
571 908 694 947 eadem
710 923 787 959 quae
812 908 867 946 illi
888 916 1137 961 peccaverunt,
1160 921 1240 958 gra-

290 973 425 1010 viorem
458 985 599 1022 quoque
618 984 759 1022 poenam
781 969 930 1007 dabunt.
948 968 1020 1007 Sed
1052 968 1241 1006 audiamus

291 1047 368 1083 quae
389 1031 497 1069 hodie
524 1039 605 1068 sunt
622 1031 725 1067 lecta.
746 1031 812 1068 20.
837 1030 890 1066 Et
910 1031 1082 1074 vocavit,
1113 1027 1241 1077 inquit,

291 1094 426 1130 Adam
444 1105 584 1129 nomen
603 1093 734 1128 uxoris
753 1103 844 1135 sztoe,
872 1090 908 1126 E
914 1103 975 1134 να,
995 1089 1037 1125 id
1063 1089 1168 1139 quod
1186 1096 1243 1125 est

289 1156 390 1201 vita,
413 1154 506 1203 quia
531 1154 616 1203 ipsa
645 1159 770 1188 mater
807 1152 980 1187 omnium
1011 1150 1239 1185 viventium.

290 1212 385 1251 Vide
407 1211 538 1250 divinae
567 1210 761 1262 Scripturae
792 1209 1030 1261 diligentiam,
1063 1207 1241 1259 quomodo

288 1288 401 1325 neque
418 1274 488 1312 hoc
513 1273 698 1324 praeterit,
720 1271 782 1310 sed
809 1271 911 1310 docet
945 1285 1008 1308 nos
1025 1300 1035 1320 ‚
1062 1270 1241 1308 Adamum

287 1336 396 1373 etiam
419 1333 561 1372 mulieri
580 1346 706 1370 nomen
727 1331 947 1384 imposuisse.
974 1332 1012 1368 V
1008 1334 1136 1368 ocavit
1154 1360 1165 1380 ,
1186 1330 1240 1368 in-

288 1395 392 1446 quit,
413 1408 551 1432 nomen
581 1395 711 1431 uxoris
729 1406 807 1431 512ae
837 1394 927 1430 Eva
940 1421 952 1438 ,
983 1392 1026 1428 id
1046 1399 1103 1429 est
1121 1393 1209 1428 vita
1227 1406 1234 1426 :

289 1459 385 1509 quia
401 1459 486 1507 ipsa
500 1463 624 1492 mater
638 1462 695 1492 est
714 1456 889 1491 omnium
907 1454 1125 1490 viventium
1141 1467 1151 1487 :
1173 1452 1240 1490 hoc

289 1525 356 1566 est,
374 1516 450 1568 ipsa
464 1524 515 1554 est
534 1514 634 1565 origo
659 1527 783 1551 eorum
800 1513 861 1564 qui
881 1527 925 1550 ex
938 1512 1000 1550 illa
1017 1521 1097 1550 sunt
1116 1512 1240 1561 futuri,

1312 421 1362 459 ζῸ
1383 421 1419 459 δὲ
1439 421 1532 472 λέγει
1564 422 1716 460 τοιοῦτόν
1741 423 1834 460 ἐστιν
1851 438 1859 446 ·
1880 424 1918 460 οὗ
1947 421 2012 468 τὴν
2043 422 2148 470 αὖτὴν
2183 421 2333 461 δώσουσι

1313 482 1412 529 δίκην
1433 484 1465 519 οἱ
1483 481 1551 534 πρὸ
1569 486 1629 519 τοῦ
1655 481 1761 532 νόμου
1774 510 1784 528 ,
1801 483 1860 521 καὶ
1879 485 1910 520 οἱ
1930 482 2018 533 μετὰ
2035 483 2092 521 τὸν
2107 482 2224 533 νόμον,
2242 483 2332 521 ἀλλὰ

1315 542 1507 596 βαρυτέρας
1536 542 1792 589 ὑποστήσονται
1823 542 1993 594 τιμωρίας
2011 545 2044 581 οἱ
2067 542 2155 593 μετὰ
2182 543 2245 590 τὴν
2271 546 2332 581 τοῦ

1312 603 1417 654 νόμου
1436 604 1530 642 δόσιν
1555 603 1823 654 ἁμαρτάνοντες.
1838 602 1945 641 ιΌσοι
1967 603 2036 655 γὰρ
2056 602 2192 653 ἀνόμως
2214 603 2333 656 ἥμαρ-

1311 680 1382 711 τον,
1401 664 1536 714 ἀνόμως
1552 663 1611 701 καὶ
1637 665 1868 708 ἀπολοῦνται,
1895 662 2086 710 τουτέστιν,
2105 663 2334 717 ἡμερωτέραν

1311 728 1425 768 αὐτοῖς
1443 724 1612 772 ποιεῖτὴν
1633 724 1805 777 τιμωρίαν
1828 724 1868 762 τὸ
1894 723 1943 774 μὴ
1964 723 2056 776 ἔχειν
2087 723 2151 769 τὴν
2180 723 2249 762 ἀπὸ
2272 728 2332 762 τοῦ

1310 785 1416 837 νόμου
1432 785 1656 824 διδασκαλίαν
1674 801 1712 823 τε
1728 785 1787 823 καὶ
1807 785 1981 836 βοήθειαν.
1996 783 2068 822 Καὶ
2087 784 2160 823 ὅσοι
2183 786 2218 822 ἐν
2236 783 2334 837 νόμῳ

1311 846 1482 898 ἥμαρτον,
1510 845 1576 890 διὰ,
1596 845 1702 896 νόμου
1732 845 1967 898 κριθήσονται.
1992 839 2101 883 Οῧτοι
2131 845 2188 893 δὲ,
2216 844 2335 897 φησὶν,

1312 907 1432 953 ἐπειδὴ
1466 906 1525 944 καὶ
1555 907 1612 945 τὸν
1638 906 1742 957 νόμον
1776 906 1878 957 ἔσχον
1913 905 2134 952 διδάσκαλον,
2163 905 2223 943 καὶ
2257 905 2334 943 οὐδὲ

1312 967 1420 1011 οὕτως
1438 967 1753 1020 ἐσωφρονίσθησαν,
1775 968 1864 1005 ἀλλὰ
1881 967 1925 1005 τὰ
1948 967 2037 1005 αὐτὰ
2055 967 2195 1010 ἐκείνοις
2212 967 2334 1018 ἥμαρ-

1265 1031 1291 1061 Ε
1312 1044 1386 1076 τον,
1408 1028 1547 1078 μείζονα
1560 1028 1620 1066 καὶ
1632 1027 1695 1075 τὴν
1713 1032 1728 1049 ⁶
1741 1027 1838 1074 δίκην
1853 1027 2001 1067 τίσουσι.
2020 1027 2114 1065 Ἀλλ’
2130 1027 2334 1078 ἀκούσωμεν

1312 1089 1371 1126 καὶ
1390 1091 1459 1126 τῶν
1487 1088 1638 1140 σήμερον
1657 1088 1959 1139 ἀναγνωσθέντων.
1984 1088 2056 1127 Καὶ
2075 1088 2239 1133 ἐκάλεσε,
2266 1103 2335 1140 φη-

1313 1148 1379 1195 σὶν,
1400 1147 1511 1199 Ἀδὰμ
1531 1148 1571 1186 τὸ
1587 1149 1697 1199 ὄνομα
1722 1150 1786 1193 τ’ἧς
1803 1147 1964 1199 γυναικὸς
1994 1150 2097 1186 αὐτοῦ
2128 1148 2203 1187 Εὕα
2219 1179 2229 1197 ,
2249 1148 2335 1201 ὅπερ

1312 1210 1387 1248 ἐστὶ
1426 1208 1496 1256 ζωὴ
1510 1239 1519 1256 ,
1553 1208 1605 1246 ὅτι
1633 1207 1720 1255 αὕτη
1755 1208 1873 1259 μήτηρ
1911 1208 2049 1246 πάντων
2083 1212 2151 1246 τῶν
2185 1208 2335 1252 ζώντων.

1312 1270 1410 1322 “Ὀρα
1441 1273 1503 1315 τῆς
1538 1269 1631 1312 Θείας
1663 1269 1807 1321 Γραφῆς
1832 1269 1896 1315 τὴν
1925 1268 2119 1321 ἀκρίςειαν,
2153 1271 2228 1312 πῶς
2258 1269 2336 1308 οὐδὲ

1312 1335 1412 1368 τοῦτο
1435 1333 1608 1381 παρ’ἧκεν,
1631 1330 1707 1366 ἀλλ’
1727 1328 1878 1372 ἐδίδαξεν
1896 1331 2010 1380 ἡμᾶς,
2029 1328 2083 1368 ὅτι
2115 1328 2175 1366 καὶ
2201 1330 2245 1379 τῇ
2276 1345 2335 1380 γυ-

1311 1389 1404 1428 ναικὶ
1419 1389 1656 1442 προσηγορίαν
1675 1393 1694 1427 ὃ
1720 1388 1831 1439 Ἀδὰμ
1852 1389 2033 1435 ἐπέθηκεν.
2053 1389 2224 1427 Ἔκάλεσε
2242 1388 2333 1441 γὰρ,

1312 1450 1415 1504 φησὶ,
1435 1452 1474 1490 τὸ
1499 1452 1607 1501 ὄνομα
1636 1453 1699 1496 τῆς
1725 1450 1888 1501 γυναικὸς
1911 1453 2014 1488 αὐτοῦ
2034 1450 2110 1488 Εὔα
2125 1481 2135 1498 ,
2156 1450 2241 1502 ὅπερ
2262 1450 2336 1489 ἐστὶ

1313 1512 1383 1559 ζωὴ
1396 1544 1406 1560 ,
1418 1513 1470 1551 ὅτι
1491 1511 1577 1559 αὕτη
1601 1512 1718 1564 μήτηρ
1736 1511 1876 1549 πάντων
1889 1515 1958 1550 τῶν
1974 1511 2109 1556 ζώντων
2123 1527 2132 1535 ·
2143 1512 2335 1558 τουτέστιν,

289 1577 465 1627 radixque
479 1585 512 1613 ct
524 1574 796 1612 fundamentum
806 1573 981 1624 sequentis
993 1573 1238 1624 generationis.
1254 1599 1301 1623 151
1315 1574 1400 1621 αὕτη
1425 1574 1516 1627 ἀρχή
1537 1575 1611 1612 ἐστι
1630 1573 1769 1610 πάντων
1786 1574 1854 1610 τῶν
1880 1572 1912 1616 ἐξ
1943 1574 2050 1618 αὐτῆς
2071 1573 2257 1623 ἐσομένων,
2276 1574 2337 1611 καὶ

291 1638 382 1675 Dein
402 1645 589 1689 postquam
607 1634 728 1672 docuit
741 1648 804 1671 nos
822 1633 999 1684 quomodo
1015 1633 1157 1670 mulieri
1174 1633 1240 1670 im·
1268 1636 1293 1664 Α
1317 1635 1392 1689 ῥίζα
1412 1635 1470 1673 καὶ
1488 1634 1644 1685 Οεμέλιος
1662 1637 1725 1680 τῆς
1744 1634 1833 1685 μετὰ
1856 1639 1967 1672 ταῦτα
1985 1640 2114 1685 γενεᾶς.
2135 1628 2226 1671 Εἶτα
2247 1634 2336 1684 μετὰ

291 1698 448 1749 positum
469 1710 596 1734 nomen
613 1695 731 1742 fuerit,
749 1694 878 1732 iterum
891 1693 1044 1732 ostendit
1058 1694 1160 1732 nobis
1176 1694 1244 1732 Dei

289 1759 496 1806 bonitatem,
513 1771 592 1808 quae
618 1770 686 1794 non
703 1755 867 1808 despexit
883 1768 941 1793 eos
958 1755 1019 1806 qui
1040 1770 1060 1793 a
1081 1769 1117 1793 se
1136 1755 1245 1793 creati

290 1828 409 1865 erant,
428 1819 465 1856 in
483 1827 580 1856 tanta
598 1817 757 1855 nuditate
774 1826 807 1854 et
826 1816 1021 1867 ignominia
1053 1825 1241 1854 versantes.

290 1882 332 1917 Q
346 1909 353 1917 .
373 1881 427 1917 Et
442 1880 561 1932 secit,
597 1877 726 1928 inquit,
745 1879 937 1915 Dominus
955 1878 1062 1914 Deus
1081 1877 1186 1915 Adoe
1207 1886 1245 1914 et

292 1943 406 1978 uxori
432 1940 539 1977 illius
562 1947 690 1977 vestes
705 1939 904 1990 pelliceas,
925 1947 962 1975 et
993 1938 1119 1975 induit
1138 1938 1241 1977 illos.

291 2001 392 2039 Sicut
418 1999 618 2037 misericors
638 2008 739 2050 pater
759 1998 877 2036 filium
910 1998 1044 2036 habens
1072 1998 1162 2035 bona
1183 1997 1242 2035 in-

291 2061 372 2098 dole
388 2059 596 2112 praeditum,
615 2068 648 2096 et
668 2058 765 2096 omni
789 2073 873 2096 cura
903 2058 1106 2107 educatum,
1124 2067 1157 2096 et
1170 2059 1245 2095 fru-

291 2131 408 2159 entem
433 2120 600 2158 omnibus
619 2119 771 2166 deliciis,
790 2128 886 2156 veste
905 2119 1017 2156 nitida
1053 2132 1094 2156 ac
1125 2118 1246 2156 sericis

291 2182 462 2220 amictum
479 2211 487 2227 ‚
521 2180 746 2233 paternisque
777 2179 906 2231 opibus
925 2193 1046 2216 secure
1069 2188 1243 2225 utentem,

293 2258 373 2280 cum
398 2241 530 2280 viderit
549 2255 631 2278 eum
650 2240 760 2277 nimia
783 2239 1018 2291 prosperitate
1036 2239 1072 2276 in
1101 2239 1246 2276 malitia>

292 2301 533 2355 praecipitium
547 2300 768 2353 prolapsum,
788 2299 907 2350 privat
925 2298 999 2335 illis
1017 2299 1198 2347 omnibus,
1213 2307 1246 2335 et

295 2378 366 2401 suae
385 2362 546 2415 potestati
564 2360 723 2413 subjicit,
749 2369 845 2398 veste
864 2359 1001 2411 spoliat,
1024 2372 1065 2396 ac
1082 2359 1147 2396 vili
1170 2373 1243 2396 ser-

297 2425 430 2475 vilique
447 2423 579 2461 amictu
608 2422 712 2459 illum
731 2420 862 2467 induit,
886 2434 929 2457 ne
956 2420 1099 2457 omuino
1129 2419 1246 2457 nudus

296 2487 341 2523 sit
374 2494 407 2523 et
439 2485 578 2536 turpis:
600 2483 647 2520 ita
675 2491 709 2520 et
730 2482 906 2532 benignus
930 2482 1027 2518 Deus
1046 2510 1056 2528 ‚
1080 2481 1244 2531 quoniam

299 2546 413 2583 Adam
432 2554 466 2583 et
488 2545 563 2582 Eva
594 2543 758 2595 indignos
773 2555 846 2580 sese
865 2541 1105 2579 exhibuerunt
1135 2541 1244 2578 indu-

299 2615 412 2644 mento
433 2605 586 2657 glorioso
606 2604 669 2641 illo
688 2613 721 2641 et
740 2602 866 2647 nitido,
888 2616 958 2652 quo
976 2601 1245 2649 amiciebantur,

297 2676 330 2704 ot
347 2668 443 2718 quod
478 2665 587 2704 nullis
610 2663 853 2716 corporalibus
890 2676 948 2700 eos
981 2662 1247 2700 necessitatibus

297 2727 470 2765 obnoxios
489 2740 562 2764 esse
581 2725 738 2772 sinebat,
773 2722 924 2760 nudavit
957 2723 1036 2760 illos
1069 2723 1164 2760 omni
1187 2723 1246 2760 illa

299 2789 410 2835 gloria
430 2797 462 2825 et
482 2786 650 2824 fruitione
664 2815 674 2834 ,
701 2799 771 2835 qua
794 2792 874 2821 ante
894 2797 1039 2835 gravem
1065 2783 1156 2821 hanc
1175 2785 1248 2821 rui-

300 2863 380 2886 nam
395 2847 599 2899 gaudebant
617 2863 623 2883 ε
641 2846 860 2895 multamque
874 2858 956 2895 erga
973 2844 1054 2882 illos
1069 2845 1104 2881 in
1117 2854 1246 2882 tantam

300 2909 489 2961 perniciem
503 2909 620 2959 lapsos
632 2907 804 2945 exhibens
818 2905 1092 2951 miserationem,
1107 2905 1249 2943 videns-

299 2985 367 3021 que
396 2983 524 3019 magno
560 2968 694 3019 pudore
738 2967 970 3005 circumfusos
991 2995 1001 3014 ,
1041 2966 1250 3016 consiliique

301 3034 441 3082 inopes,
456 3044 499 3066 ne
526 3029 613 3066 nudi
633 3037 760 3073 essent,
774 3037 810 3065 et
836 3026 999 3066 indecore
1022 3040 1056 3064 se
1080 3036 1249 3077 gererent,

1313 1697 1353 1735 τὸ
1367 1696 1502 1740 διδάξαι
1516 1699 1610 1745 ἡμᾶς
1628 1695 1693 1741 τὴν
1713 1698 1927 1733 ἐπιτεθεῖσαν
1947 1698 1988 1746 τῇ
2005 1694 2142 1746 γυναικὶ
2155 1711 2336 1747 προσηγο-

1316 1758 1406 1810 ρίαν,
1425 1757 1531 1795 πάλιν
1554 1756 1725 1794 δείκνυσιν
1742 1759 1827 1806 ἡμῖν
1848 1759 1907 1793 τοῦ
1927 1758 2018 1794 Θεοῦ
2037 1755 2099 1803 τὴν
2117 1756 2336 1808 ἀγαθότητα,

1312 1818 1406 1860 ὅπως
1427 1820 1467 1855 οὐ
1485 1823 1632 1870 ττεριορᾶΙ
1663 1818 1697 1854 ἐν
1717 1815 1865 1868 τοσαύτη
1888 1816 2034 1868 αἰσχύνη
2064 1816 2124 1854 καὶ
2143 1816 2336 1868 γυμνότητι

1312 1877 1390 1920 τοὺς
1407 1878 1465 1914 ὖπῖ
1489 1878 1593 1913 αὐτοῦ
1611 1874 1942 1927 δημιουργηθέντας.
1963 1875 2032 1913 Καὶ
2051 1876 2212 1922 ἐποίησε,
2231 1877 2337 1928 φησὶ,

1314 1938 1472 1991 Κύριοςὸ
1491 1935 1580 1980 Θεὸς
1599 1939 1648 1988 τῷ
1669 1935 1779 1986 Ἀδὰμ
1800 1935 1860 1973 καὶ
1887 1939 1929 1987 τῇ
1949 1936 2087 1987 γυναικὶ
2112 1938 2217 1976 αὖτοῦ
2232 1939 2338 1989 χιτῶ-

1315 2015 1374 2042 νας
1394 1997 1638 2050 δερματίνους,
1659 1997 1718 2035 καὶ
1744 1997 1898 2035 ἐνέδυσεν
1929 1996 2063 2040 αὐτούς.
2081 1997 2251 2051 Καθάπερ
2269 1997 2337 2048 γὰρ

1314 2059 1433 2111 πατὴρ
1456 2058 1696 2110 εὕσπλαγχνος
1712 2059 1821 2096 παῖδα
1850 2058 1968 2109 ἐιἔχων
1996 2060 2136 2109 εὐγενῆ,
2163 2059 2223 2097 καὶ
2247 2058 2337 2110 μετὰ

1313 2120 1428 2166 πάσης
1449 2119 1649 2169 ἐπιμελείας
1669 2119 1958 2170 ἀνατρεφόμενον,
1973 2119 2032 2156 καὶ
2049 2123 2180 2171 τρυφῆς
2199 2120 2339 2166 ἁπάσης

1315 2180 1553 2226 ἀπολαύοντα,
1574 2178 1634 2216 καὶ
1654 2178 1753 2231 ἑστία
1772 2180 1920 2231 λαμπρᾷ·
1947 2181 2177 2232 κεχρημένον,
2193 2180 2252 2217 καὶ
2272 2197 2339 2227 ση-

1317 2241 1395 2291 ρικὰ
1409 2240 1534 2289 ἱμάτια
1552 2238 1864 2288 περιὲεὸλημένον,
1886 2239 1946 2277 καὶ
1967 2239 2057 2290 μετὰ
2076 2240 2193 2284 ἀδείας
2211 2243 2254 2291 τῇ
2270 2257 2337 2278 πε-

1317 2299 1450 2352 ριουσίᾳ
1485 2300 1544 2337 καὶ
1577 2302 1626 2351 τῷ
1652 2299 1793 2351 πλούτῳ
1827 2300 2044 2351 κεχρημένον
2077 2304 2127 2352 τῷ
2157 2304 2339 2353 πατρικῷ,

1315 2364 1401 2412 ὁρῶν
1424 2360 1565 2410 ὕστερον
1587 2359 1655 2397 ἀπὸ
1670 2361 1733 2404 τῆς
1754 2360 1903 2403 ἀνέσεως
1920 2360 2050 2408 ταύτης
2065 2364 2127 2407 τῆς
2142 2363 2275 2407 πολλῆς
2292 2364 2339 2405 εἷς

1315 2422 1468 2474 κρημνὸν
1490 2420 1614 2463 κακίας
1650 2420 1890 2468 ἐξοκείλαντα,
1910 2422 2050 2459 πάντων
2085 2422 2223 2460 ἐκείνων
2252 2425 2340 2462 ἀπο-

1315 2482 1485 2533 στερήσας
1506 2481 1564 2518 καὶ
1592 2485 1634 2532 τῇ
1667 2483 1789 2519 ἑαυτοῦ
1820 2481 1957 2533 ἐξουσίᾳ
1978 2482 2168 2530 ὑποτάξας,
2188 2483 2248 2521 καὶ
2277 2487 2342 2530 τῆς

1315 2545 1457 2588 ἐσθῆτος
1488 2540 1692 2593 γυμνώσας,
1713 2542 1850 2592 ἱμάτιον
1881 2542 2015 2586 εὐτελὲς
2047 2545 2140 2595 αὐτῷ
2170 2544 2341 2588 πολλάκις

1316 2604 1374 2640 καὶ
1408 2604 1561 2642 δουλικὸν
1598 2603 1829 2655 περιτίθησιν,
1863 2603 1953 2642 ὥστε
1987 2604 2035 2654 μὴ
2063 2605 2178 2654 πάντῃ
2209 2605 2339 2656 γυμνὸν

1316 2660 1404 2702 εἶναι
1437 2666 1495 2702 καὶ
1522 2668 1756 2717 ἀσχημονεῖν·
1778 2667 1868 2702 οὕτω
1895 2665 1935 2711 δὴ
1964 2666 2022 2702 καὶ
2051 2668 2068 2702 ὁ
2098 2665 2339 2718 φιλάνθρωπος

1316 2728 1421 2771 Θεὸς,
1443 2727 1560 2772 ἐπειδὴ
1585 2725 1739 2769 ἀναξίους
1757 2725 1897 2768 ἑαυτοὺς
1919 2726 2137 2773 κατέστησαν
2165 2730 2224 2765 τοῦ
2243 2729 2337 2777 λαμ-

1317 2791 1404 2837 προῦ
1421 2787 1548 2824 ἐκείνου
1568 2787 1627 2824 καὶ
1645 2788 1787 2839 φαιδροῦ
1804 2786 1990 2836 ἐνδύματος
2003 2817 2011 2833 ,
2027 2790 2086 2825 τοῦ
2100 2787 2339 2839 περιστέλλον-

1647 2846 1999 2899 ι’παρασκευάζοντος
2027 2847 2218 2898 ἀνωτέρους
2253 2842 2340 2886 εἶναι

1316 2863 1372 2889 τος
1404 2846 1523 2889 αὐτοὺς
1538 2877 1546 2893 ,
1567 2847 1625 2884 καὶ

1318 2909 1384 2944 τῶν
1405 2910 1614 2957 σωματικῶν
1636 2909 1809 2957 ἀναγκῶν,
1826 2906 2012 2957 γυμνώσας
2024 2907 2147 2950 αὐτοὺς
2162 2911 2224 2954 τῆς
2243 2908 2341 2955 δόξης

1319 2967 1450 3013 ἐκείνης
1466 2968 1699 3014 ἁπάσης,καὶ
1732 2971 1795 3014 τῆς
1827 2967 2072 3015 ἀπολαύσεως,
2102 2962 2142 3013 ἧς
2171 2968 2338 3021 πρότερον

1322 3035 1493 3080 μετεῖχον,
1514 3029 1594 3079 πρὶν
1613 3028 1634 3073 ἢ
1655 3034 1772 3066 πεσεῖν
1793 3028 1831 3065 τὸ
1850 3031 1981 3079 πτῶμα
1996 3031 2098 3067 τοῦτο
2119 3029 2158 3066 τὸ
2172 3029 2339 3079 χαλεπὸν,

301 3101 412 3129 vestes
430 3089 693 3141 ipsispelliceas
708 3088 948 3138 sacit‚cosque
961 3087 1125 3138 contegit.
1145 3088 1251 3125 Tales
1273 3104 1295 3133 (3
1319 3088 1425 3126 πολὺν
1456 3089 1536 3140 περὶ
1570 3088 1691 3131 αὐτοὺς
1723 3089 1780 3125 τὸν
1816 3083 1928 3126 οἶκτον
1963 3088 2255 3137 ἐπιδεικνύμενος,
2281 3090 2341 3126 καὶ

301 3152 394 3191 enim
427 3159 508 3188 sunt
529 3150 662 3187 diaboli
683 3148 960 3186 machinationes
994 3164 1001 3184 ε
1043 3147 1071 3185 si
1109 3148 1251 3197 quando

344 3295 360 3318 ι’
375 3293 436 3325 SEX
454 3291 534 3322 Mss.
551 3297 583 3321 Εἰ
598 3288 743 3322 551Υ11.ε’ν
760 3296 850 3332 νόμῳ.

342 3358 355 3370 ⁸
373 3343 517 3386 Quidam
534 3343 610 3374 Mss.
630 3350 661 3373 et
677 3340 778 3374 Savil.
799 3345 877 3378 δίκην
898 3344 1120 3379 ὑποστήσονται.

1321 3152 1423 3188 ἐλεῶν
1447 3149 1566 3192 αὐτοὺς
1585 3153 1647 3195 τῆς
1674 3150 1895 3197 ἐκπτώσεως,
1921 3149 1979 3186 καὶ
2008 3152 2095 3201 ὁρῶν
2126 3149 2256 3195 πολλὴν
2277 3165 2296 3186 τ
2315 3166 2340 3195 ,ν

1379 3300 1389 3312 ²·
1407 3290 1558 3329 Quatuor
1580 3291 1657 3321 Mss.
1675 3295 1749 3333 ε”χων
1773 3293 1875 3329 εὐειῆἧ.

1381 3343 1395 3365 b
1413 3341 1472 3374 Alii
1492 3348 1770 3383 κατασκευάζοντος.
