2516 3791
609 251 650 281 ΙΝ
689 250 790 281 ΕΑΡ.
830 248 971 279 ΧῘΝΙΙ.

30 339 202 395 ἐχορήγει.
229 336 300 376 Καὶ
318 335 454 380 ἐξέλιπε
474 334 598 373 λοιπὸν
618 335 659 373 τὸ
682 333 861 388 ἀργύριον.
883 330 1066 382 Ιίἷο-ήγαγε

25 402 92 454 γὰρ
119 400 211 438 ἅπαν
231 400 279 442 εἷς
308 396 366 435 τὸν
386 390 479 436 οἶκον
508 395 660 449 Φαραώ.
677 395 862 437 Ἐλθόντες
882 393 918 432 δὲ
935 391 1066 434 πάντες

27 465 58 502 οἱ
93 460 280 512 Αἰγύπτιοι
303 457 420 510 ἔλεγον
433 474 441 482 ·
475 458 530 501 δὸς
559 461 645 508 ἡμῖν
677 457 800 508 ἄρτους
817 471 824 479 ·
856 454 915 492 καὶ
942 452 999 490 ἵνα
1031 450 1065 489 τί

27 521 292 572 ἀποθνήσκομεν
312 520 466 559 ἐναντίον
496 534 581 566 σου;
606 518 768 564 Ἐξέλιπε
792 517 860 569 γὰρ
888 515 928 554 τὸ
956 512 1066 565 ἀργύ-

33 599 115 637 ριον.
136 583 215 621 Οὐκ
234 581 305 626 ἔτι,
335 582 453 634 φησὶν,
478 580 605 633 ἔχομεν
626 579 797 632 ἀργύρια,
817 577 908 616 ὥστε
929 575 1065 623 ὠνήσα-

29 647 130 692 σθαι,
149 643 208 681 καὶ
239 642 297 681 διὰ
320 648 422 682 τοῦτο
438 643 506 680 ὑπὸ
524 645 584 680 τοῦ
610 642 715 692 λιμοῦ
736 639 977 689 ἀπολλύμεθα.
1001 634 1063 683 Μὴ

27 704 140 744 τοίνυν
159 705 319 758 περιίδῃς
344 708 439 756 ἡμᾶς
460 704 528 742 ὑπὸ
546 707 606 742 τοῦ
628 702 778 741 θανάτου
807 696 1064 753 πολιορκουμέ-

28 781 125 814 νους,
161 767 251 805 ἀλλὰ
277 766 464 818 παράσχου
492 768 578 816 ἡμῖν
607 764 754 817 ἄρτους,
782 762 839 801 ἵνα
867 763 980 811 ζῶμεν
1004 758 1064 797 καὶ

31 826 79 878 μὴ
101 827 346 878 ἀποθάνωμεν.
382 819 474 865 Εἶπε
501 825 538 863 δὲ
559 827 676 868 αὐτοῖς
698 823 849 876 Ἰωσήφ·
870 821 993 875 φέρετε
1020 819 1064 858 τὰ

29 888 139 936 κτήνη
156 892 266 940 ὑμῶν,
292 888 351 927 καὶ
366 887 469 926 δώσω
489 889 571 938 ὑμῖν
587 886 723 938 ἄρτους.
746 886 789 924 Εἰ
806 884 874 937 γὰρ
892 883 941 935 μὴ
963 884 1064 922 εὐπο-

33 955 122 1004 ρεῖτε
135 980 145 996 ,
164 949 280 1002 φησὶν,
291 948 469 1002 ἀργυρίου,
488 947 638 1000 δέχομαι
654 945 698 984 τὰ
714 945 843 994 κτήνη.
866 947 911 984 Εἰ
928 944 1064 989 ἐξέλιπε

30 1011 70 1050 τὸ
85 1010 261 1063 ἀργύριον,
273 1009 318 1048 τὰ
331 1009 518 1062 θρέμματα
533 1011 631 1060 ὑμῶν
643 1006 825 1059 κομίσατε,
839 1007 899 1046 καὶ
913 1007 1066 1059 λήψεσθε

32 1072 166 1126 ἄρτους.
180 1070 338 1123 ἼΙγαγον
357 1070 393 1108 δὲ
410 1070 455 1109 τὰ
471 1070 582 1118 κτήνη
593 1102 602 1118 ,
616 1070 676 1108 καὶ
691 1069 818 1108 ἔδωκεν
835 1071 950 1112 αὐτοῖς
963 1073 976 1089 ³
989 1067 1065 1106 ἀντὶ

30 1137 99 1173 τῶν
108 1133 238 1179 ἵππων,
250 1133 310 1171 καὶ
323 1132 399 1171 ἀντὶ
415 1135 483 1171 τῶν
496 1131 696 1186 προὸάτων,
712 1132 772 1170 καὶ
786 1131 864 1169 ἀντὶ
884 1133 953 1168 τῶν
973 1131 1064 1181 βοῶν

32 1195 92 1234 καὶ
116 1198 186 1234 τῶν
202 1195 302 1240 ὄνων,
321 1195 380 1233 καὶ
402 1193 580 1246 ἐξέθρεψεν
600 1192 723 1236 αὐτοὺς
746 1192 824 1230 ἀντὶ
838 1195 907 1230 τῶν
928 1193 1064 1238 κτηνῶν

34 1258 160 1295 αὐτῶν.
173 1249 307 1294 *limma
323 1254 360 1294 δὲ
379 1255 464 1307 πρὸς
485 1254 588 1293 αὐτὸν
605 1255 666 1293 καὶ
684 1257 734 1306 τῷ
751 1253 820 1292 ἔτει
839 1256 889 1306 τῷ
902 1251 1066 1306 δευτέρῳ,

34 1318 94 1357 καὶ
114 1312 210 1356 ε’ίπον
235 1319 331 1370 αὐτῷ
345 1333 352 1340 ·
374 1316 510 1367 μήποτε
530 1316 760 1370 ε’κτριὸῶμεν,
790 1315 880 1366 μήτε
901 1313 1065 1367 ἀργυρίου

35 1381 264 1432 εὐποροῦντες
280 1409 290 1427 ,
312 1378 401 1429 μήτε
426 1380 581 1425 κτηνῶν·
612 1378 729 1416 πάντα
756 1378 824 1429 γὰρ
844 1376 930 1428 πρὸς
949 1375 987 1414 σὲ
1008 1375 1067 1413 τὸν

36 1440 155 1492 κύριον
187 1441 288 1491 ἡμῶν
318 1441 426 1478 ἐστιν.
456 1438 568 1478 Οὐδὲν
598 1432 655 1477 οὖν
675 1441 761 1489 ἡμῖν
792 1437 908 1490 ἕτερον
937 1434 1065 1475 ὑπολέ-

35 1501 196 1548 λειπται,
224 1499 246 1546 ἢ
276 1499 316 1538 τὸ
337 1499 422 1539 ἴδιον
451 1503 575 1551 σῶμα,
595 1500 654 1538 καὶ
670 1505 691 1548 ἡ
713 1503 757 1552 γῆ
777 1502 893 1551 ἡμῶν.
912 1498 990 1537 Ἵνα
1008 1491 1066 1535 οῧν

38 1561 88 1614 μὴ
110 1563 354 1614 ἀποθάνωμεν,
371 1565 500 1609 κτῆσαι
522 1565 616 1614 ἡμᾶς
631 1562 691 1600 καὶ
706 1561 771 1609 τὴν
785 1565 850 1614 γῆν
866 1564 967 1612 ἡμῶν
991 1559 1067 1598 ἀντὶ

37 1629 105 1664 τῶν
126 1625 253 1678 ἄρτων,
279 1625 339 1663 καὶ
365 1624 515 1675 ἐσόμεθα
547 1624 606 1663 καὶ
624 1628 727 1675 ἡμεῖς
759 1623 818 1662 καὶ
843 1627 865 1670 ἡ
893 1625 939 1674 γῆ
965 1625 1066 1673 ἡμῶν

36 1687 158 1730 παῖδες
188 1689 238 1739 τῷ
264 1685 414 1738 Φαραώ.
435 1686 502 1730 Δὸς
521 1685 682 1738 σπέρμα,
707 1684 764 1723 ἵνα
783 1683 984 1737 σπείρωμεν
1008 1684 1068 1721 καὶ

37 1749 163 1798 ζῶμεν,
182 1748 241 1786 καὶ
264 1748 312 1799 μὴ
332 1748 576 1799 ἀποθάνωμεν,
592 1747 651 1785 καὶ
667 1750 689 1793 ἡ
705 1750 750 1798 γῆ
768 1747 830 1785 οὐκ
847 1745 1068 1798 ἐρημωθήσε-

36 1824 106 1848 ται.
126 1808 294 1852 Ἑαυτοὺς
310 1808 634 1856 κατεδουλώσαντο,
650 1808 710 1846 καὶ
728 1807 790 1855 τὴν
805 1809 870 1860 γ’ῆν
887 1806 1068 1855 ἀπέδοντο,

36 1869 127 1909 ὥστε
148 1871 338 1918 δυνηθῆναι
357 1871 617 1922 διατραφῆναι·
637 1869 791 1915 τοσαύτη
811 1873 871 1907 τοῦ
891 1870 996 1920 λιμοῦ
1012 1868 1071 1920 γέ-

36 1947 134 1984 γονεν
155 1935 177 1979 ἡ
200 1931 349 1983 ἀνάγκη.
373 1933 442 1971 Καὶ
472 1932 648 1978 ἐκτήσατο
663 1931 797 1984 Ἰωσὴφ
824 1931 889 1978 τὴν
916 1933 982 1982 γῆν
1001 1933 1070 1969 τῶν

35 1993 239 2046 Αἰγυπτίων
262 1996 311 2046 τῷ
331 1992 483 2045 Φαραώ.
505 1992 690 2032 Ἀπέδοντο
707 1993 777 2046 γὰρ
798 1992 906 2040 αὐτὴν
927 1991 983 2029 διὰ
1006 1991 1071 2038 τὴν

37 2055 191 2106 ἀνάγκην
206 2059 266 2094 τοῦ
283 2057 401 2105 λιμοῦ.
422 2054 493 2093 Καὶ
513 2054 648 2106 ἐγένετο
663 2059 684 2101 ἦ
700 2058 744 2106 γῆ
762 2057 812 2106 τῷ
829 2052 981 2106 Φαραώ.
1002 2053 1071 2091 Καὶ

35 2116 94 2155 τὸν
118 2116 202 2154 λαὸν
233 2115 521 2154 κατεδουλώσατο
541 2117 637 2168 αὐτῷ
657 2118 704 2159 εἷς
720 2115 845 2158 παῖδας
870 2116 930 2152 ἀπ’
954 2114 1070 2167 ἄκρων

1011 244 1153 276 ΟΙῖΝΕΞ
1162 265 1171 275 .
1211 245 1354 275 Romu.
1363 265 1370 274 .

2074 228 2098 256 Γ

1412 245 1518 276 va.
2008 249 2098 292 72.)

1137 330 1204 380 qui
1222 337 1334 366 erant
1357 331 1399 366 in
1425 329 1636 373 Chanaan,
1660 336 1698 366 et
1732 329 1787 365 sic
1801 327 2014 379 frumenta
2041 331 2094 366 eis

1136 391 1390 442 dispensavit.
1421 391 1485 428 15.
1510 391 1563 428 Et
1589 390 1731 442 defecit
1753 396 1888 439 postea
1905 391 2087 439 pecunia.

1135 450 1367 500 Importavit
1390 451 1492 486 enim
1514 462 1666 486 omnem
1683 451 1725 485 in
1745 448 1901 484 domurn
1918 448 2098 485 Pharao-

1138 512 1211 547 nis.
1253 511 1448 548 Venerunt
1488 519 1620 548 autern
1657 510 1835 561 AEgy’ptii
1873 522 2027 554 omnes,
2062 517 2098 546 et

1136 569 1319 608 dicebant
1341 586 1348 606 :
1373 571 1440 608 Da
1460 573 1570 608 nobis
1585 584 1707 622 panes
1731 584 1744 606 .·
1765 579 1802 607 et
1821 584 1891 608 cur
1910 572 2100 607 morimur

1136 639 1229 668 ante
1245 635 1310 669 te?
1328 632 1485 685 Defecit
1509 634 1613 669 enim
1632 634 1812 683 pecunia.
1833 632 1909 668 Non
1933 639 2016 668 sunt
2036 645 2099 669 no-

1135 691 1208 741 his,
1240 691 1423 742 inquiunt,
1448 692 1568 744 plures
1599 692 1776 744 pecuniae,
1795 701 1833 729 ut
1862 705 2038 736 emamus,
2065 701 2100 729 ct

1136 751 1216 791 ideo
1239 753 1332 791 faule
1353 753 1521 806 perimus.
1544 755 1596 791 Ne
1617 754 1727 805 igitur
1747 753 1922 805 despicias
1943 767 2016 799 nos,
2036 753 2098 803 qui

1135 828 1154 852 a
1171 823 1285 852 morte
1302 815 1350 852 ita
1365 814 1589 865 obsidemur,
1606 814 1667 853 scd
1684 815 1802 867 praebe
1821 814 1923 852 nobis
1940 828 2046 866 panes
2061 823 2100 851 nt

1135 875 1316 925 vivamus,
1337 884 1370 914 ct
1390 890 1432 914 ne
1451 876 1663 914 moriamur.
1685 877 1748 913 16.
1768 877 1881 913 Dixit
1902 883 2032 912 autem
2044 877 2099 913 eis

1088 951 1113 981 ι)
1134 937 1166 975 J
1164 938 1282 990 oseph.
1297 953 1308 973 :
1323 936 1365 974 A
1356 938 1394 990 s
1377 937 1488 990 ferte
1498 951 1641 988 pecora
1655 945 1805 983 vestra,
1816 945 1851 974 et
1868 937 1970 974 dabo
1985 938 2100 974 vobis

1131 1013 1267 1050 panes.
1300 999 1339 1037 Si
1366 998 1461 1036 enim
1496 1012 1565 1036 non
1593 998 1750 1051 suppetit
1790 997 1893 1036 vobis
1930 997 2097 1050 pecunia,

1134 1060 1264 1111 inquit,
1285 1060 1422 1113 accipio
1455 1069 1489 1098 et
1518 1075 1656 1113 pecora.
1680 1061 1720 1099 Si
1749 1061 1893 1111 defecit
1912 1062 2095 1111 pecunia,

1134 1121 1302 1161 adducite
1340 1136 1465 1175 pecora
1503 1131 1622 1161 vestra
1637 1153 1647 1173 ‚
1684 1131 1717 1160 et
1755 1121 1937 1174 accipietis
1974 1135 2097 1173 panes.

1136 1185 1198 1221 17.
1219 1183 1488 1222 Adduxerunt
1522 1193 1654 1222 autem
1678 1197 1834 1235 pecora,
1859 1191 1896 1221 et
1918 1183 2026 1220 dedit
2045 1184 2102 1220 eis

1133 1259 1208 1297 pro
1233 1248 1357 1298 equis,
1377 1254 1413 1283 et
1441 1247 1592 1292 ovibus,
1624 1253 1660 1283 et
1688 1247 1822 1294 bobus,
1845 1252 1882 1281 et
1898 1245 2040 1288 asinis,
2065 1251 2103 1280 et

1137 1307 1238 1345 aluit
1267 1320 1331 1345 eos
1361 1320 1433 1358 pro
1459 1308 1664 1358 pecoribus
1694 1308 1785 1344 suis.
1811 1304 1876 1343 18.
1903 1305 2102 1341 Venerunt

1136 1377 1268 1407 autem
1287 1369 1437 1407 adeum
1457 1377 1494 1406 et
1513 1380 1618 1406 anno
1638 1368 1830 1419 sequenti,
1853 1373 1890 1403 et
1914 1365 2103 1402 dixerunt

1138 1444 1172 1467 et
1195 1445 1206 1465 .-
1228 1430 1410 1483 Nesorte
1429 1442 1646 1481 pereamus,
1665 1441 1792 1481 neque
1808 1429 1975 1479 pecunia
1990 1428 2103 1464 nohis

1138 1493 1318 1542 suppetit,
1339 1504 1464 1543 neque
1483 1503 1650 1542 pecora:
1665 1491 1799 1527 omnia
1821 1491 1925 1526 enim
1945 1488 2053 1539 apud
2066 1495 2104 1525 te

1139 1553 1340 1589 dominum
1371 1560 1546 1590 nostrum
1570 1559 1677 1590 sunt.
1710 1550 1825 1588 Nihil
1858 1551 1963 1587 enim
1994 1550 2103 1586 nobis

1093 1620 1117 1650 E
1139 1614 1251 1651 aliud
1268 1613 1447 1652 relictum
1468 1622 1538 1660 est,
1558 1627 1678 1666 quam
1691 1614 1892 1664 proprium
1913 1624 2051 1662 corpus
2065 1618 2102 1648 et

1140 1683 1244 1712 terra
1271 1683 1418 1713 nostra.
1445 1676 1510 1712 19.
1545 1676 1596 1712 Ut
1624 1677 1746 1726 igitur
1775 1686 1853 1710 non
1881 1684 2100 1723 pereamus,

1137 1737 1292 1788 posside
1308 1749 1376 1774 nos
1395 1745 1431 1774 et
1454 1744 1599 1773 terram
1615 1748 1689 1787 pro
1707 1736 1889 1786 panibus,
1909 1741 1946 1771 et
1960 1735 2103 1770 erimus

1141 1801 1260 1836 etiam
1280 1811 1348 1836 nos
1380 1806 1417 1835 et
1438 1806 1542 1835 terra
1572 1805 1707 1835 nostra
1734 1798 1836 1834 servi
1859 1796 2100 1832 Pharaonis.

1141 1858 1195 1894 Et
1215 1857 1268 1894 da
1299 1870 1442 1902 semen,
1464 1864 1506 1894 ut
1535 1858 1766 1894 seminemus
1791 1862 1828 1892 et
1847 1856 2045 1896 vivamus,
2066 1861 2103 1890 et

1142 1928 1247 1957 terra
1266 1932 1345 1956 non
1358 1919 1556 1970 redigetur
1574 1920 1616 1955 in
1630 1917 1895 1956 solitudinem.
1907 1915 2050 1966 Seipsos
2066 1913 2102 1951 in
2134 1935 2139 1940 ·

1141 1979 1351 2019 sewitutem
1378 1979 1618 2032 subjecerunt,
1637 1988 1670 2017 et
1700 1988 1830 2016 terram
1853 1975 2104 2025 vendiderunt,

1142 2042 1191 2080 ita
1212 2051 1251 2079 ut
1280 2041 1328 2079 ali
1354 2050 1495 2093 possent
1519 2056 1526 2077 :
1548 2049 1646 2078 tanta
1666 2039 1772 2078 famis
1800 2037 1988 2076 necessitas
2015 2036 2100 2074 fuit.

1144 2105 1199 2142 Et
1227 2105 1436 2155 acquisivit
1466 2103 1613 2154 Joseph
1651 2111 1795 2140 terram
1828 2101 2105 2152 AEgyptiorum

35 2177 138 2230 ὁρίων
157 2176 338 2227 Αἰγύπτου
360 2176 424 2220 ἕως
436 2176 567 2228 ἄχρων,
579 2178 688 2230 χωρὶς
702 2179 838 2228 τῆςγῆς
849 2177 918 2214 τῶν
932 2174 1066 2227 ἱερέων,
1084 2197 1132 2222 626
1143 2167 1364 2203 Pharaoni.
1381 2165 1648 2202 Vendiderunt
1663 2166 1766 2201 enim
1779 2176 1866 2200 eam
1875 2162 1995 2213 same
2014 2174 2104 2198 coa—

35 2237 207 2281 Ἒχείνοις
226 2238 292 2290 γὰρ
322 2238 430 2276 ἔδωκε
457 2237 597 2290 (1)oequ
622 2237 814 2290 βρώματα,
845 2236 905 2275 καὶ
927 2236 1067 2283 ἤσθιον.
1095 2235 1121 2264 Α
1142 2229 1206 2265 cti.
1232 2227 1287 2264 Et
1307 2226 1431 2279 sacta
1465 2234 1522 2264 est
1559 2233 1664 2263 terra
1701 2225 1942 2262 Pharaonis.
1967 2223 2031 2259 5⁹21.
2051 2223 2107 2259 Et

37 2299 95 2338 διὰ
115 2304 218 2338 τοῦτο
245 2302 309 2338 οὐκ
329 2300 498 2338 ἀπέδοντο
517 2299 581 2347 τὴν
615 2302 681 2351 γῆν
712 2301 837 2338 αὐτῶν.
857 2297 955 2350 εὈρα
974 2298 1068 2346 πόση

40 2364 59 2407 ἡ
80 2361 216 2404 σύνεσις
248 2360 308 2398 καὶ
340 2360 444 2413 σοφία
472 2363 532 2398 τοῦ
554 2360 686 2414 Ἰωσὴφ
718 2359 869 2413 γέγονεν.
893 2358 988 2398 Οὔτε
1007 2362 1068 2397 τοῦ

37 2424 140 2473 λιμοῦ
174 2421 418 2475 συνεχώρησεν
455 2422 616 2469 αἴσθησιν
650 2425 766 2466 αὐτοῖς
797 2422 981 2474 γενέσθαι,
1009 2420 1069 2459 καὶ

37 2491 154 2523 πᾶσαν
175 2484 240 2531 τὴν
259 2487 323 2535 γῆν
359 2487 409 2536 τῷ
429 2484 568 2537 Φαραὼ
594 2484 861 2538 προσεκτήσατο
893 2483 982 2535 μετὰ
1009 2486 1069 2521 τοῦ

39 2546 98 2585 καὶ
142 2546 218 2590 τοὺς
268 2545 481 2597 Αἰγυπτίους
526 2546 683 2590 ἅπαντας
719 2544 1066 2584 καταδουλώσασθαι.

40 2607 144 2646 Ἀλλὰ
174 2607 302 2646 σκόπει
323 2623 382 2658 μοι
406 2609 556 2646 ἐνταῦθα
575 2608 682 2647 πάλιν
701 2608 765 2655 τὴν
785 2608 1072 2660 ὑπερὸάλλουσαν

41 2670 144 2708 αὐτοῦ
162 2669 386 2720 κηδεμονίαν,
402 2669 445 2716 ἢν
465 2669 546 2721 περὶ
569 2670 692 2713 αὐτοὺς
707 2670 954 2709 ἐπιδείκνυται.
983 2663 1072 2708 Εἷπε

40 2729 108 2782 γὰρ
122 2736 194 2774 τοῖς
211 2730 435 2780 Αἰγυπτίοις·
458 2729 530 2768 ἰδοὺ
548 2730 723 2782 κέκτημαι
739 2735 830 2782 ὑμᾶς
845 2730 905 2769 καὶ
923 2729 988 2777 τὴν
1006 2732 1071 2783 γῆν

40 2793 138 2841 ὑμῶν
157 2791 310 2843 σήμερον
329 2794 379 2844 τῷ
398 2791 549 2844 Φαραώ.
571 2792 707 2831 Λάὸετε
730 2787 788 2831 οῦν
806 2795 942 2836 ἑαυτοῖς
961 2792 1071 2845 σπέρ-

43 2867 137 2902 ματα
155 2882 163 2898 ,
184 2852 244 2890 καὶ
266 2853 432 2905 σπείρατε
450 2854 514 2901 τὴν
532 2856 616 2904 γῆν·
637 2854 696 2893 καὶ
719 2855 778 2894 ἐὰν
799 2855 898 2894 ἔσται
926 2854 970 2893 τὰ
994 2871 1071 2906 γεν-

42 2913 185 2963 νήματα
205 2914 311 2958 αὗτῆς
325 2943 334 2960 ,
349 2913 477 2952 δώσετε
492 2915 533 2952 τὸ
549 2914 710 2966 πέμπτον
730 2917 834 2970 μέρος
849 2918 900 2968 τῷ
913 2915 1053 2968 Φαραώ
1067 2932 1073 2939 ·

42 2973 87 3011 τὰ
104 2973 140 3011 δὲ
159 2974 313 3026 τέσσαρα
332 2973 421 3025 μέρη
439 2974 538 3012 ἔσται
559 2978 641 3025 ὖμῖν
662 2979 777 3021 αὐτοῖς
798 2979 845 3021 εἷς
867 2976 1010 3029 σπέρμα
1030 2979 1074 3027 τῇ

42 3035 107 3085 γῇ,
129 3033 188 3071 καὶ
212 3036 258 3076 εἰς
290 3036 419 3087 βρῶσιν
440 3037 522 3084 ὑμῖν
550 3035 607 3073 καὶ
628 3043 717 3075 πᾶσι
740 3043 811 3080 τοῖς
836 3038 942 3082 οἴκοις
962 3040 1072 3088 ὑμῶν.

42 3093 165 3140 Πολλὴ
187 3097 208 3140 ἡ
230 3095 429 3146 φιλοτιμία,
449 3096 563 3142 πολλὴ
581 3099 602 3142 ἡ
623 3097 790 3148 πρόνοια,
810 3099 942 3151 ἄφατος
961 3102 982 3145 ἠ
1005 3115 1071 3145 κη-

44 3155 196 3206 δεμονία.
217 3155 279 3193 Διὸ
298 3157 454 3194 κάκεῖνοι
482 3156 643 3202 αἴσθησιν
663 3158 829 3202 λαὸόντες
855 3163 918 3206 τῆς
937 3163 1072 3212 εὐεργε-

45 3215 139 3263 σίας,
159 3216 263 3267 φασί·
293 3216 459 3260 Σέσωκας
485 3220 599 3267 ἡμᾶς,
631 3217 774 3270 εὕρομεν
794 3220 897 3272 χάριν
918 3221 1071 3260 ἐναντίον

45 3278 105 3313 τοῦ
139 3275 258 3327 κυρίου
288 3279 410 3327 ἡμῶν·
431 3277 490 3315 καὶ
524 3277 674 3329 ἐσόμεθα
702 3280 823 3323 παῖδες
851 3283 901 3333 τῷ
921 3281 1071 3334 Φαραώ.

39 3329 148 3379 Εἶδες
178 3337 400 3387 φιλοτιμίαν,
429 3337 577 3386 Ἐπειδὴ
607 3338 700 3391 ἑώρα
732 3339 856 3385 αὐτοὺς
881 3357 1068 3395 κατειργα-

118 3451 129 3464 .—
153 3440 207 3482 [0,
227 3440 358 3475 addunt
374 3444 511 3487 aptans-l

1138 2287 1326 2339 populum
1348 2287 1423 2324 sibi
1445 2289 1486 2323 in
1507 2299 1637 2324 servos
1661 2287 1827 2337 subjecit
1849 2285 1898 2321 ab
1922 2285 2105 2321 extremis

1129 2348 1284 2401 finibus
1308 2347 1473 2399 AEgypti
1493 2360 1615 2398 usque
1633 2347 1689 2384 ad
1706 2355 1897 2384 extremos
1919 2360 1930 2381 .-
1954 2346 2017 2383 22.
2039 2359 2107 2382 ex-

1140 2418 1253 2462 cepta
1290 2418 1395 2447 terra
1437 2409 1696 2446 sacerdotum.
1737 2408 1825 2446 Illis
1860 2410 1964 2445 enim
1999 2407 2107 2444 dedit

1139 2472 1301 2509 Pharao
1334 2472 1458 2518 cibos,
1481 2478 1519 2508 et
1546 2470 1796 2508 comederunt
1810 2485 1826 2514 ;
1851 2477 1887 2506 et
1900 2477 2105 2520 propterea

1142 2547 1222 2571 non
1241 2532 1508 2570 vendiderunt
1528 2539 1671 2569 terram
1689 2544 1814 2569 suam.
1836 2529 1931 2568 vide
1948 2537 2105 2580 quantus

1140 2594 1354 2643 intellectus,
1362 2603 1395 2631 et
1407 2601 1538 2644 quanta
1557 2592 1731 2644 sapientia
1743 2590 1873 2642 Joseph
1889 2590 2006 2627 suerit.
2016 2589 2104 2627 Illos

1143 2670 1258 2708 neque
1269 2656 1399 2693 famem
1414 2652 1571 2706 experiri
1584 2652 1802 2704 pe1·1nisit,et
1815 2665 1956 2688 omnem
1972 2659 2103 2688 terram

1142 2716 1337 2768 aequisivit
1370 2713 1573 2763 Pharaoni,
1601 2712 1781 2763 simulque
1808 2712 1951 2749 fuerunt
1986 2711 2104 2763 AEgy-

1143 2779 1211 2831 ptii
1243 2790 1364 2816 omnes
1397 2775 1431 2812 iu
1470 2774 1679 2812 servitutem
1714 2772 1862 2810 redacti.
1898 2771 2012 2820 Udo,
2039 2772 2104 2809 oh-

1143 2854 1239 2879 secro
1253 2869 1262 2887 ‚
1301 2838 1359 2875 hic
1407 2836 1538 2874 iterum
1586 2833 1757 2871 eximiam
1791 2832 2036 2884 diligentiam,
2071 2841 2105 2870 ct

1143 2899 1424 2953 providentiam,
1452 2911 1559 2948 quam
1587 2910 1670 2947 erga
1694 2895 1775 2933 illos
1806 2894 1922 2932 habet.
1941 2896 2006 2932 25.
2026 2895 2101 2932 Di-

1142 2967 1201 3001 xit
1215 2962 1308 2999 enini
1326 2961 1537 3011 AEgyptiis,
1555 2959 1659 2995 Ecce
1672 2959 1864 3009 acquisivi
1878 2970 1949 2995 vos
1969 2965 2004 2995 et
2029 2965 2103 2994 ter-

1143 3037 1229 3063 ram
1245 3029 1419 3059 vestrum
1433 3020 1548 3057 hodie
1563 3018 1972 3070 Pharaoni.Accipite
1984 3020 2107 3070 igitur

1143 3087 1254 3124 vobis
1269 3085 1432 3128 semina,
1449 3089 1485 3119 et
1506 3082 1697 3118 seminate
1716 3088 1860 3118 terram
1877 3096 1888 3116 :
1903 3089 1939 3118 et
1959 3083 1993 3118 si
2000 3081 2099 3132 sue-

1142 3147 1223 3182 rint
1246 3149 1469 3195 proventus‚
1495 3139 1558 3177 24.
1579 3139 1724 3177 dabitis
1741 3141 1920 3191 quintam
1952 3146 2103 3190 partem

1145 3206 1350 3244 Pharaoni
1360 3219 1370 3238 :
1381 3210 1550 3254 quatuor
1561 3209 1689 3238 autem
1696 3209 1827 3252 partes
1835 3209 1948 3238 erunt
1962 3208 2103 3237 vestroe

1146 3277 1187 3311 in
1198 3285 1327 3311 semen
1339 3279 1460 3318 terrie,
1470 3276 1505 3306 et
1517 3269 1558 3304 in
1569 3268 1697 3305 cibum
1710 3269 1836 3316 vobis,
1844 3275 1880 3304 et
1893 3268 1963 3304 toti
1971 3266 2104 3302 domui

1145 3349 1300 3380 vestrae.
1323 3339 1455 3388 Magna
1478 3333 1684 3383 liberalitas,
1702 3333 1826 3385 ingens
1856 3331 2096 3385 providentia,
