2516 3791
691 183 732 213 {N
771 184 873 214 CAP.
915 183 1041 213 xxvi.

97 277 214 314 τεσθαι
233 272 310 317 τοὺς
336 275 439 312 αὐτοῦ
458 272 596 317 δούλους
615 275 878 327 παρασκευάζῃ.
907 274 977 312 Καὶ
997 277 1014 312 ὃ
1036 273 1124 325 μετὰ

96 339 202 386 θυμοῦ
222 334 285 380 τὴν
301 334 448 385 κάμινον
466 333 599 380 ἐκείνην
616 333 803 386 ἐξαφθῆναι
820 335 968 382 ποιήσας
979 366 988 382 ,
1004 334 1123 381 ἐπειδὴ

95 390 261 442 εἷδεν,ὁ’τι
289 394 347 433 διὰ
376 394 437 441 τὴν
467 394 594 432 ἄποθεν
629 395 851 447 συμμαχίαν,
875 395 935 433 καὶ
971 400 1033 443 τῆς
1065 400 1125 435 τοῦ

93 456 200 508 πυρὸς
225 454 397 508 ἐνεργείας
427 454 643 508 περιεγένετο
672 460 694 503 ἡ
735 460 802 494 τῶν
831 457 966 495 παίδων
995 456 1124 510 ἀρετὴ,

93 516 213 570 ἀθρόον
234 516 538 567 μεταὸαλλόμενος
559 517 753 570 ἐκραύγασε
771 517 900 569 λέγων·
932 520 979 556 Οἱ
1010 518 1123 556 δοῦλοι

92 582 151 615 τοῦ
169 579 260 616 Θεοῦ
282 583 340 616 τοῦ
359 577 518 630 ὑψίστου.
544 578 636 630 “Ορα
660 578 708 629 μὴ
732 578 835 629 μόνον
852 577 976 622 αὐτοὺς
993 581 1123 624 ἀνακη-

93 636 257 689 ρύττοντα
269 669 279 686 ,
302 638 391 677 ἀλλὰ
407 639 466 677 καὶ
484 640 540 678 τὸν
562 639 743 686 Δεσπότην
766 642 834 676 τῶν
854 638 943 677 ὅλων
955 655 962 661 ·
979 640 1026 677 Οἱ
1042 640 1122 677 δοῦ-

89 699 144 736 λοι
166 698 232 751 γὰρ
251 702 310 738 τοῦ
327 702 436 748 Θεοῦ,
457 701 552 753 φησὶ,
572 705 631 739 τοῦ
645 700 802 751 ὑψίστου,
823 699 985 744 ἓξέλθετε.
1003 700 1051 738 Τί
1061 700 1121 752 γέ-

90 774 204 809 γονεν;
233 760 271 797 οὐ
303 758 344 797 σὺ
382 763 424 811 τῇ
461 759 614 813 τιμωρίᾳ
648 759 878 812 παρέδωκας,
909 760 947 797 οὐ
985 758 1026 797 σὺ
1064 759 1121 798 ἐπὶ

89 823 251 858 τοσοῦτον
281 823 491 867 ἐκκαυθῆναι
513 820 575 868 τὴν
594 820 740 871 κάμινον
763 819 999 871 προσέταξας,
1029 820 1121 868 Ναὶ,

89 881 192 932 φησίν
206 897 213 903 ·
238 881 328 920 ἀλλὰ
347 887 405 920 νῦν
425 885 494 935 ὁρῶ
515 882 592 926 ξένα
620 881 679 919 καὶ
710 880 891 935 παράδοξα
912 881 1119 934 πράγματα.

90 942 142 980 Τὸ
161 941 228 994 γὰρ
247 948 418 995 στοιχεῖον
439 948 537 981 τοῦτο
556 946 618 989 τῆς
645 943 774 987 οἰκείας
804 942 976 996 ἐνεργείας
998 945 1120 982 ἐπιλα-

88 1003 241 1054 θόμενον,
261 1003 380 1056 ὥσπερ
400 1005 538 1055 δεσμοῖς
566 1020 637 1042 τισι
656 1004 818 1051 πεδηθὲν,
846 1004 1017 1051 τοσαύτην
1038 1007 1119 1043 ἐπε-

87 1063 221 1108 δείξατο
233 1065 296 1112 τὴν
316 1065 489 1113 ὑπακοὴν,
512 1069 559 1110 ὼς
576 1064 664 1116 μηδὲ
681 1069 749 1103 τῶν
764 1069 895 1118 τριχῶν
918 1066 1118 1118 ἐφάψασθαι

87 1128 211 1164 αὐτῶν.
232 1125 340 1165 “OOsv
361 1127 434 1165 ἐστὶ
459 1129 618 1175 συνιδεῖν,
638 1127 691 1166 ὅτι
711 1127 799 1180 ὑπὲρ
824 1127 1044 1181 ἀνθρωπίνην
1061 1127 1119 1180 φύ-

85 1203 138 1226 σιν
156 1188 229 1226 ἐστὶ
250 1189 289 1227 τὸ
310 1189 466 1240 γεγονὸς,
485 1189 545 1227 καὶ
566 1189 761 1241 ἀπόρρητος
777 1205 829 1233 τις
849 1189 908 1227 καὶ
925 1189 1001 1227 θεία
1018 1189 1118 1227 δύνα-

86 1248 144 1299 μίς
171 1252 263 1288 ἐστιν
283 1254 305 1297 ἡ
325 1256 435 1289 ταῦτα
463 1251 696 1303 ἐργαζομένη,
716 1250 775 1288 καὶ
799 1253 868 1288 τῶν
887 1250 1022 1288 παίδων
1042 1249 1115 1289 τού-

83 1326 153 1348 των
182 1311 352 1359 τοσαύτην
372 1312 560 1363 ποιουμένη
601 1311 663 1359 τὴν
688 1312 864 1365 πρόνοιαν.
896 1305 997 1355 Εἶδες
1023 1314 1115 1350 Θεοῦ

82 1372 356 1424 φιλανθρωπίαν,
375 1373 469 1416 ὅπως
493 1375 554 1411 οὐκ
572 1373 890 1424 ἐγκαταλιμπάνων
910 1371 989 1416 τοὺς
1010 1372 1114 1417 ἰδίους

83 1432 294 1484 θεράποντας
326 1433 566 1488 συνεχώρησεν
593 1436 639 1478 εἰς
666 1434 729 1480 τὴν
754 1434 900 1485 κάμινον
916 1436 1111 1486 εἰσενεχθῆ-

82 1509 156 1541 ναι,
175 1493 266 1532 ἀλλὰ
285 1494 344 1532 καὶ
361 1495 482 1539 αὐτοὺς
499 1495 704 1547 βουλόμενος
717 1495 981 1549 λαμπροτέρους
1001 1495 1110 1548 ἐργά-

82 1559 229 1603 σασθαι,
248 1556 308 1594 καὶ
327 1556 390 1603 τὴν
414 1557 544 1596 οἰκείαν
567 1557 712 1609 δύναμιν
742 1557 1016 1608 ἐνδεικνύμενος,
1049 1557 1110 1595 καὶ

80 1622 140 1656 τοῦ
161 1618 338 1672 βαρὸάρου
359 1619 581 1670 κατεμάλαξε
611 1620 675 1666 τὴν
707 1619 873 1667 διάνοιαν,
890 1619 950 1657 καὶ
969 1619 1032 1666 τὴν
1050 1635 1110 1658 το-

81 1678 210 1726 σαύτην
247 1680 488 1733 μακροθυμίαν
530 1680 755 1728 ἐπεδείξατο,
787 1679 878 1719 Οὐδὲ
916 1680 984 1733 γὰρ
1021 1680 1111 1719 οὕτω

81 1741 278 1790 θαυμαστὸν
294 1736 349 1788 ἦν,
374 1743 403 1779 εἰ
417 1741 514 1794 παρὰ
526 1742 588 1789 τὴν
606 1742 717 1795 ἀρχὴν
735 1741 904 1780 ἐκώλυσεν
923 1740 1045 1785 αὐτοὺς
1064 1743 1112 1785 εἰς

79 1801 142 1848 τὴν
162 1802 308 1852 κάμινον
333 1802 572 1853 ἐμὸληθῆναι,
594 1806 640 1847 ὡς
659 1808 718 1841 νῦν
750 1802 1030 1855 θαυμαστότερον
1047 1803 1110 1854 γέ-

79 1879 175 1914 γονε,
195 1864 254 1901 καὶ
271 1862 358 1902 πολὺ
375 1864 414 1902 τὸ
427 1864 634 1916 παράδοξον,
647 1864 701 1904 ὅτι
718 1864 777 1903 καὶ
792 1866 825 1902 ἐν
845 1864 941 1917 μέσῳ
957 1867 1007 1915 τῷ
1028 1863 1110 1917 πυρὶ

79 1924 314 1976 τυγχάνοντας
333 1925 428 1964 οὐδὲν
449 1925 551 1972 ἀηδὲς
580 1929 700 1964 παθεῖν
721 1925 974 1978 συνεχώρησεν.
995 1924 1109 1964 ςΌταν

79 1985 147 2038 γὰρ
168 1987 268 2030 αὐτὸς
297 1986 481 2038 βούληται,
498 1988 557 2026 καὶ
584 1988 662 2032 τοὺς
682 1990 715 2026 ἐν
734 1987 852 2039 μέσοις
875 1989 995 2032 δεινοῖς
1013 2003 1110 2040 γεγε-

78 2048 247 2098 νημένους
266 2049 456 2101 ἀνωτέρους
487 2050 693 2098 καθίστησι,
723 2048 877 2093 καὶτοὺς
908 2049 1110 2101 πάσχοντας

77 2111 146 2147 τῶν
165 2110 354 2149 ποιούντων
372 2112 625 2165 δυνατωτέρους
646 2111 891 2164 ἀπεργάζεται.
913 2112 1026 2149 Τοῦτο
1049 2111 1109 2150 καὶ

77 2171 135 2209 ἐπὶ
162 2175 230 2210 τῶν
254 2172 457 2211 ἀποστόλων
478 2173 623 2224 ἐγένετο.
648 2175 695 2211 Οἱ
729 2172 865 2225 ἔχοντες
890 2172 958 2225 γὰρ
986 2171 1109 2216 αὐτοὺς

76 2233 357 2284 ἀπειλημμένους
371 2236 405 2272 ἐν
425 2237 475 2287 τῷ
498 2233 595 2286 μέσῳ
607 2265 616 2282 ,
633 2233 693 2272 καὶ
711 2234 894 2286 μονονουχὶ
914 2232 993 2277 τοὺς
1013 2233 1108 2271 ὀδόν-

74 2308 136 2337 τας
157 2294 318 2346 θήγοντες
346 2297 424 2333 κατ’
446 2297 557 2334 αὐτῶν
571 2327 581 2344 ,
602 2297 689 2350 πρὸς
708 2296 877 2342 ἀλλήλους
899 2294 1016 2346 ἔλεγον
1030 2311 1038 2318 ·
1060 2293 1108 2333 Τί

1081 182 1137 213 Gr:

2065 179 2152 225 583

1200 266 1283 305 sat-it
1309 276 1347 305 ut
1382 283 1444 320 per
1484 268 1648 307 inimicos
1683 269 1904 308 celebrentur
1942 274 2035 311 servi
2071 277 2151 314 Dei.

1202 327 1246 364 Et
1279 328 1340 378 qui
1367 343 1448 366 cum
1476 329 1595 367 surore
1623 330 1768 368 accendi
1792 331 1945 383 jusserat
1978 335 2155 374 ltu-naemu

1199 387 1316 435 illam,
1337 389 1505 438 quoniam
1537 390 1630 428 vidit
1660 406 1722 443 per
1751 406 1945 443 supernum
1975 395 2155 434 auxilinm

1144 184 1244 214 NES.
1285 185 1440 215 HOMtL.
1478 186 1538 215 Li.

1151 461 1173 489 ι)
1197 461 1390 498 puerorum
1438 450 1606 488 virtutem
1646 451 1738 502 ignis
1777 453 1951 491 actionem
1990 455 2152 506 vincere,

1197 519 1339 560 repente
1363 521 1519 550 mutatus
1554 514 1722 552 clamavit
1753 514 1876 554 dicens
1905 532 1912 552 :
1941 518 2048 555 Servi
2080 520 2156 557 Dei

1196 571 1355 608 ‹arcelsh
1379 572 1494 619 Nido,
1525 589 1592 612 non
1627 576 1743 614 solnm
1779 577 1857 614 illos
1883 579 2039 616 excelsos
2067 595 2156 632 pra·-

1199 629 1316 679 dicat‚
1351 632 1413 669 sed
1444 642 1477 670 et
1507 635 1701 673 Dominum
1731 638 1977 677 universorum
2010 656 2016 676 :
2047 642 2156 679 Servi

1195 691 1313 742 enim,
1341 692 1479 743 inquit,
1508 697 1584 733 Dei
1600 699 1754 747 eaeci’lsi,
1786 702 2025 751 egredimini.
2053 702 2155 749 Quid

1195 751 1330 790 factum
1361 754 1438 791 cst?
1457 769 1572 792 nonne
1598 766 1634 794 tu
1659 772 1718 795 eos
1743 768 1916 797 tormento
1947 762 2154 801 tradidisti?

1195 827 1310 852 nonne
1323 824 1360 852 tu
1374 815 1409 853 in
1424 825 1562 854 tantum
1576 818 1754 856 fornacem
1770 820 1915 858 accendi
1931 823 2125 875 pnrcepisti
2136 825 2154 862 Ξ)

1194 874 1357 913 Profecto
1367 907 1379 926 ,
1398 876 1517 927 inquit
1528 909 1537 923 ‚
1551 879 1615 917 sed
1630 894 1723 917 nnnc
1736 880 1843 918 video
1857 896 1910 919 res
1924 883 2154 923 admirabiles

1192 944 1225 973 et
1249 951 1369 975 novas.
1388 938 1617 978 Elementnm
1639 941 1735 979 enim
1757 942 1824 980 hoc
1845 957 1917 979 sua¹
1937 944 2153 995 operationis

1192 997 1345 1036 oblitum
1356 1029 1366 1048 ‚
1382 1001 1481 1050 quasi
1497 1001 1652 1040 vinculis
1667 1003 1885 1054 quibusdam
1899 1004 2063 1055 ligatum,
2077 1015 2153 1045 tan-

1191 1067 1264 1096 tam
1280 1061 1446 1099 exhibuit
1466 1063 1722 1113 obedientiam,
1742 1074 1779 1102 ut
1801 1079 1916 1115 neque
1932 1067 2152 1115 contingeret

1192 1121 1337 1160 illorum
1359 1124 1522 1176 capillos.
1551 1125 1658 1164 [nde
1684 1126 1807 1164 videre
1831 1141 2022 1178 possumus
2042 1128 2079 1165 id
2100 1129 2151 1165 sa-

1190 1191 1288 1220 ctum
1303 1198 1411 1236 supra
1430 1185 1625 1223 humanam
1642 1196 1805 1224 naturam
1821 1201 1912 1235 esse,
1929 1196 1963 1224 et
1985 1187 2150 1225 inessabi-

1189 1243 1469 1295 leuiquamdam
1501 1261 1541 1284 ac
1578 1247 1741 1285 divinam
1777 1248 1853 1285 vim
1885 1248 1960 1285 lia-c
1991 1249 2149 1300 operari,

1189 1313 1397 1357 tantamque
1417 1323 1611 1360 puerorum
1630 1309 1760 1347 habere
1784 1309 2064 1361 providentiam.
2086 1311 2151 1349 Yi-

1188 1367 1273 1405 disti
1303 1369 1370 1406 Dei
1406 1370 1709 1420 misericordiam,
1734 1371 1914 1421 quomodo
1953 1385 2150 1421 numquam

1187 1427 1438 1481 derelinquens
1452 1445 1574 1469 servos
1590 1446 1689 1480 snos,
1712 1432 1888 1484 permittit
1914 1432 1949 1469 in
1969 1432 2150 1470 fornacem

1185 1489 1305 1542 injici;
1328 1491 1392 1529 sed
1415 1506 1474 1530 eos
1501 1492 1625 1531 volens
1647 1493 1813 1531 clariores
1836 1494 1970 1541 facere,
1992 1502 2026 1530 ct
2047 1508 2150 1531 snam

1184 1552 1358 1590 virtutem
1373 1553 1631 1602 demonstrare,
1645 1555 1790 1592 barbari
1805 1554 1976 1592 demulsit
1989 1555 2150 1593 animum

1183 1622 1216 1650 et
1231 1622 1366 1652 tantam
1383 1615 1608 1653 tolerantiam
1621 1616 1801 1654 ostendit?
1818 1618 1847 1654 N
1853 1631 1942 1667 eque
1958 1616 2053 1654 enim
2072 1626 2146 1655 tam

1184 1673 1397 1714 admirabile
1420 1686 1511 1720 erat,
1526 1678 1556 1715 si
1579 1692 1599 1715 a
1619 1678 1798 1730 principio
1823 1678 2068 1730 prohibuisset
2087 1694 2146 1717 cos

1185 1736 1221 1774 in
1241 1737 1423 1775 caminum
1442 1738 1541 1791 injici
1562 1755 1570 1775 :
1593 1739 1697 1776 sicuti
1718 1754 1812 1778 nunc
1833 1739 2086 1778 admirabilius
2106 1750 2140 1778 et

1185 1799 1299 1837 rarius
1313 1800 1447 1837 factum
1460 1809 1615 1847 est‚cum
1630 1800 1664 1838 in
1681 1801 1799 1839 medio
1816 1802 1907 1853 ignis
1921 1801 2144 1852 exsistentes,

1184 1859 1275 1897 nihil
1296 1861 1444 1899 insuave
1463 1861 1536 1913 pati
1561 1862 1746 1914 permittit.
1769 1863 1860 1900 Nam
1879 1862 2023 1913 quando
2043 1864 2141 1912 vult,

1127 1963 1135 1974 Γ
1186 1921 1293 1958 ctiam
1305 1936 1363 1960 eos
1379 1923 1441 1973 qui
1460 1923 1494 1961 in
1518 1923 1646 1961 mediis
1668 1934 1749 1962 sunt
1770 1925 1938 1977 periculis
1954 1934 1987 1963 et
2006 1926 2141 1977 poenis‚

1126 1963 1172 2029 Τ
1186 1982 1400 2033 potentiores
1424 1983 1510 2021 facit
1528 2000 1534 2020 :
1552 1993 1585 2022 et
1616 1999 1674 2022 eos
1703 1986 1765 2036 qui
1791 1987 1992 2038 patiuntur,
2009 1987 2053 2024 iis
2079 1988 2142 2038 qni

1186 2042 1265 2080 illos
1283 2044 1449 2096 affligunt
1467 2045 1665 2097 superiores
1682 2046 1812 2085 reddit.
1836 2048 1913 2085 Hoc
1935 2058 1967 2086 et
1996 2048 2032 2085 in
2055 2062 2141 2100 apo-

1183 2104 1284 2142 stolis
1299 2106 1433 2143 factum
1448 2115 1510 2144 est.
1528 2108 1620 2144 Nam
1634 2108 1696 2157 qui
1710 2122 1768 2146 eos
1785 2109 1959 2160 urgebant
1977 2118 2010 2146 et
2024 2109 2141 2147 addu-

1182 2165 1308 2204 cebant
1331 2166 1368 2204 in
1387 2167 1565 2216 medium,
1587 2177 1622 2205 et
1649 2169 1750 2219 quasi
1776 2169 1944 2208 dentibus
1967 2170 2140 2209 adversus

1181 2239 1239 2263 eos
1257 2226 1473 2274 fremebant,
1494 2227 1586 2266 inter
1613 2244 1649 2266 se
1678 2229 1845 2268 dicebant
1864 2247 1871 2267 :
1894 2232 1998 2282 Quid
2006 2233 2139 2285 facie·
2154 2244 2222 2271 Art.
2248 2242 2337 2284 416.

1181 2301 1266 2326 mus
1282 2291 1380 2326 viris
1400 2292 1484 2328 istis
1497 2294 1513 2327 Ξ)
1537 2289 1573 2328 in
1600 2292 1766 2330 manibus
1789 2293 1868 2330 illos
1889 2293 2086 2343 habebant,
2105 2303 2139 2332 ct

1181 2347 1398 2388 dubitabant
1414 2364 1552 2400 secum,
1567 2352 1658 2402 quid
1678 2352 1723 2390 de
1745 2353 1794 2391 eis
1813 2354 1978 2392 facerent.
2002 2356 2135 2404 Tanta,
2170 2370 2271 2399 vmus
2290 2383 2343 2401 va-

1180 2418 1324 2461 tamque
1340 2411 1465 2449 valida
1490 2426 1544 2450 res
1565 2422 1616 2450 est
1630 2413 1766 2463 virtus,
1785 2424 1927 2467 tamque
1947 2416 2136 2455 imbecillis
2151 2412 2216 2480 fid}
2237 2456 2242 2460 ,
2272 2424 2316 2461 ΥῨΞ
2330 2437 2338 2448 ·

1180 2471 1336 2521 malitia,
1366 2481 1407 2510 ut
1429 2473 1492 2511 illa
1519 2473 1667 2524 quidem
1681 2505 1689 2522 ‚
1703 2475 1784 2514 licet
1804 2477 1976 2528 patiatur,
1994 2461 2340 2526 vincat‚L¹22‘{.·,¹1¹1'i},¹“¹'

1178 2532 1256 2571 haec
1276 2547 1361 2572 vero
1383 2543 1417 2572 et
1436 2535 1467 2573 si
1489 2534 1579 2585 quid
1596 2545 1696 2586 agat,
1711 2537 1802 2574 nihil
1822 2537 1924 2575 aliud
1949 2539 2133 2590 proficiat,

1179 2608 1288 2644 quam
1307 2595 1406 2646 quod
1426 2610 1525 2633 suam
1541 2596 1671 2648 prodat
1690 2598 1947 2637 infirmitatem.
1961 2599 2004 2637 ld
2016 2600 2131 2638 scien—
2148 2620 2266 2649 moralis
2286 2632 2338 2650 ex-

1178 2664 1244 2706 tes,
1257 2656 1395 2704 dilecti,
1409 2671 1575 2708 magnam
1583 2657 1728 2696 virtutis
1740 2659 1935 2697 habeamus
1947 2660 2133 2711 rationem,
2146 2661 2287 2692 ¹¹0r¹³²i⁰1

73 2355 262 2408 ποιήσομεν
277 2363 347 2401 τοῖς
363 2357 557 2411 ἀνθρώποις
570 2358 724 2407 τούτοις,
748 2357 969 2411 ὑποχειρίους
982 2357 1106 2402 αὐτοὺς

74 2415 209 2469 ἔχοντες
222 2447 231 2464 ,
254 2420 288 2456 ἐν
307 2419 436 2473 ἀπορίᾳ
456 2420 757 2468 καθειστήκεισαν.
776 2419 952 2458 Τοσοῦτόν
975 2422 1067 2459 ἐστιν
1082 2424 1104 2468 ἡ

74 2479 178 2530 ἀρετὴ
199 2480 351 2533 ἰσχυρὸν,
365 2481 425 2518 καὶ
441 2480 548 2525 οὕτως
561 2485 582 2528 ἦ
603 2481 712 2520 κακία
728 2480 866 2525 ἀσθενὲς
878 2512 887 2529 ,
903 2483 950 2524 ὡς
970 2481 1104 2529 ἐκείνην

105 2538 138 2577 ὲν
157 2540 217 2578 καὶ
239 2543 273 2578 ἐν
293 2543 343 2594 τῷ
363 2541 513 2594 πάσγέιν
535 2542 795 2596 περιγίνεσθαι,
823 2542 954 2590 ταύτην
982 2542 1018 2581 δὲ
1045 2544 1105 2582 καὶ

74 2601 109 2637 ἐν
137 2603 188 2653 τῷ
220 2608 330 2640 ποιεῖν
358 2602 422 2650 τὴν
460 2603 588 2642 οἰκείαν
622 2604 800 2643 ἀσθένειαν
833 2604 1092 2644 ἐπιδείκνυσθαι

72 2659 190 2716 “On-sp
209 2663 346 2712 εἰδότες,
359 2665 555 2716 ἀγαπητοὶ,
570 2664 676 2704 πολὺν
691 2669 754 2713 τῆς
777 2668 903 2719 ἀρετῆς
922 2665 1105 2717 ποιώμεθα

73 2721 187 2774 λόγον,
206 2724 265 2762 καὶ
291 2725 469 2777 φεύγωμεν
491 2725 553 2773 τὴν
570 2726 710 2765 κακίαν.
731 2726 838 2765 Οὕτω
862 2726 930 2781 γὰρ
958 2728 1018 2766 καὶ
1039 2727 1102 2775 τὴν

75 2783 204 2822 ἄνωθεν
226 2786 491 2837 ἐπισπασάμεθα
508 2787 630 2840 ῥοπὴν,
649 2788 709 2826 καὶ
727 2791 795 2826 τῶν
818 2789 1015 2839 μελλόντων
1030 2792 1105 2828 ἐπι-

72 2845 259 2896 τευξόμεθα
291 2849 428 2898 ἀγαθῶν
444 2864 452 2871 ·
470 2842 517 2887 ὧν
539 2849 671 2900 γένοιτο
695 2850 829 2895 πάντας
859 2854 954 2902 ἡμᾶς
987 2853 1103 2890 ἐπιτυ-

71 2911 159 2957 χεῖν,
174 2907 295 2960 χάριτι
310 2907 370 2945 καὶ
385 2909 628 2962 φιλανθρωπίᾳ
651 2915 711 2950 τοῦ
727 2911 857 2965 Κυρίου
873 2915 974 2963 ἡμῶν
985 2912 1102 2960 Ἰησοῦ

71 2967 244 3020 Χριστοῦ,
262 2969 338 3019 μεθ’
359 2963 396 3008 οῧ
415 2973 466 3022 τῷ
483 2971 620 3023 Πατρὶ,
636 2972 711 3022 ἅμα
723 2976 774 3027 τῷ
791 2973 880 3027 ἁγίῳ
900 2973 1100 3026 Πνεύματι,

72 3028 174 3077 δόξα,
197 3030 341 3082 κράτος,
355 3030 460 3082 τιμὴ,
482 3035 538 3070 νῦν
556 3032 617 3071 καὶ
636 3033 708 3082 ἀεὶ,
727 3034 788 3073 καὶ
807 3037 855 3079 εἷς
868 3034 946 3079 τοὺς
971 3037 1101 3080 αἰῶνας

71 3091 141 3127 τῶν
166 3089 315 3129 αἰώνων.
336 3090 458 3143 Ἀμήν.

1178 2727 1212 2756 et
1232 2719 1320 2757 vitia
1333 2719 1513 2770 fugiamus
1531 2735 1538 2755 :
1559 2720 1607 2757 ita
1621 2720 1760 2759 enimet
1774 2736 1965 2774 supernam
1982 2723 2134 2774 gratiam

1178 2779 1280 2818 nobis
1289 2779 1571 2829 conciliabimus,
1582 2790 1615 2818 et
1626 2782 1701 2818 futu
1707 2797 1745 2819 ra
1755 2797 2013 2834 consequemur
2020 2784 2129 2824 bona:

1178 2856 1257 2893 quae
1273 2842 1376 2880 nobis
1391 2842 1558 2879 omnibus
1569 2843 1748 2889 eveniant,
1761 2845 1874 2895 gratia
1885 2854 1918 2883 et
1930 2845 2131 2885 misericor-

1177 2903 1237 2942 dia
1249 2903 1395 2942 Domini
1409 2904 1517 2941 nostri
1529 2906 1613 2943 Jesu
1625 2904 1840 2951 Christi‚cui
1855 2907 1914 2955 sit,
1931 2921 2013 2945 cum
2027 2908 2132 2946 Patre

1173 2974 1208 3003 et
1219 2965 1359 3018 Spiritu
1378 2974 1512 3013 sancto,
1535 2965 1660 3016 gloria,
1678 2966 1881 3018 imperium,
1894 2967 2020 3019 honor,
2036 2983 2130 3008 nunc

1173 3036 1208 3066 et
1227 3040 1380 3079 semper,
1398 3035 1433 3064 et
1444 3026 1481 3065 in
1493 3026 1622 3065 saecula
1641 3027 1867 3068 saeculorum.
1880 3031 2007 3068 Amen.
