<?xml version="1.0" encoding="UTF-8"?>
<!DOCTYPE html PUBLIC "-//W3C//DTD XHTML 1.0 Transitional//EN"
    "http://www.w3.org/TR/xhtml1/DTD/xhtml1-transitional.dtd">
<html xmlns="http://www.w3.org/1999/xhtml" xml:lang="en" lang="en">
 <head>
  <title>
</title>
<meta http-equiv="Content-Type" content="text/html;charset=utf-8" />
  <meta name='ocr-system' content='tesseract 3.04.00' />
  <meta name='ocr-capabilities' content='ocr_page ocr_carea ocr_par ocr_line ocrx_word'/>
</head>
<body>
  <div class='ocr_page' id='page_1' title='image "./operaomniaquaeex04johnuoft/operaomniaquaeex04johnuoft_0206.png"; bbox 0 0 2566 3791; ppageno 0'>
   <div class='ocr_carea' id='block_1_1' title="bbox 149 1773 333 1841">
    <p class='ocr_par' dir='ltr' id='par_1_1' title="bbox 149 1773 333 1841">
     <span class='ocr_line' id='line_1_1' title="bbox 149 1773 333 1812; baseline 0 -13"><span class='ocrx_word' id='word_1_1' title='bbox 149 1773 263 1800; x_wconf 70' lang='lat' dir='ltr'><strong>marm.</strong></span> <span class='ocrx_word' id='word_1_2' title='bbox 287 1780 333 1812; x_wconf 87' lang='lat'>¹9·</span> 
     </span>
     <span class='ocr_line' id='line_1_2' title="bbox 150 1813 201 1841; baseline -0.039 0"><span class='ocrx_word' id='word_1_3' title='bbox 150 1813 201 1841; x_wconf 81' lang='lat'>30.</span> 
     </span>
    </p>
   </div>
   <div class='ocr_carea' id='block_1_2' title="bbox 150 1855 334 1967">
    <p class='ocr_par' dir='ltr' id='par_1_2' title="bbox 150 1855 334 1967">
     <span class='ocr_line' id='line_1_3' title="bbox 150 1855 322 1886; baseline 0.012 -5"><span class='ocrx_word' id='word_1_4' title='bbox 150 1855 253 1883; x_wconf 79' lang='lat' dir='ltr'><strong>Marc.</strong></span> <span class='ocrx_word' id='word_1_5' title='bbox 277 1864 322 1886; x_wconf 90' lang='lat'>10.</span> 
     </span>
     <span class='ocr_line' id='line_1_4' title="bbox 150 1894 202 1923; baseline 0 0"><span class='ocrx_word' id='word_1_6' title='bbox 150 1894 167 1923; x_wconf 84' lang='lat'>3</span> <span class='ocrx_word' id='word_1_7' title='bbox 178 1905 183 1919; x_wconf 79' lang='grc' dir='ltr'>ι</span> <span class='ocrx_word' id='word_1_8' title='bbox 195 1917 202 1923; x_wconf 92' lang='grc'><strong>.</strong></span> 
     </span>
     <span class='ocr_line' id='line_1_5' title="bbox 150 1937 334 1967; baseline 0.022 -4"><span class='ocrx_word' id='word_1_9' title='bbox 150 1937 334 1967; x_wconf 73' lang='lat' dir='ltr'><strong>Luc.i3.3o.</strong></span> 
     </span>
    </p>
   </div>
   <div class='ocr_carea' id='block_1_3' title="bbox 370 197 789 247">
    <p class='ocr_par' dir='ltr' id='par_1_3' title="bbox 370 197 789 247">
     <span class='ocr_line' id='line_1_6' title="bbox 370 197 789 247; baseline 0.014 -6"><span class='ocrx_word' id='word_1_10' title='bbox 370 197 456 242; x_wconf 77' lang='grc'>186</span> <span class='ocrx_word' id='word_1_11' title='bbox 750 216 789 247; x_wconf 87' lang='lat' dir='ltr'>S.</span> 
     </span>
    </p>
   </div>
   <div class='ocr_carea' id='block_1_4' title="bbox 361 295 1310 350">
    <p class='ocr_par' dir='ltr' id='par_1_4' title="bbox 361 295 1310 350">
     <span class='ocr_line' id='line_1_7' title="bbox 361 295 1310 350; baseline 0.004 -17"><span class='ocrx_word' id='word_1_12' title='bbox 361 295 406 333; x_wconf 88' lang='lat' dir='ltr'>de</span> <span class='ocrx_word' id='word_1_13' title='bbox 418 296 665 348; x_wconf 84' lang='lat' dir='ltr'>pinguissimis</span> <span class='ocrx_word' id='word_1_14' title='bbox 678 307 712 336; x_wconf 87' lang='lat' dir='ltr'>et</span> <span class='ocrx_word' id='word_1_15' title='bbox 721 299 878 350; x_wconf 84' lang='lat' dir='ltr'><strong>optimis.</strong></span> <span class='ocrx_word' id='word_1_16' title='bbox 893 301 946 337; x_wconf 90' lang='lat' dir='ltr'>De</span> <span class='ocrx_word' id='word_1_17' title='bbox 960 300 1046 337; x_wconf 86' lang='lat' dir='ltr'><strong>Cain</strong></span> <span class='ocrx_word' id='word_1_18' title='bbox 1057 299 1148 337; x_wconf 85' lang='lat' dir='ltr'>nihil</span> <span class='ocrx_word' id='word_1_19' title='bbox 1165 301 1236 337; x_wconf 86' lang='lat' dir='ltr'><strong>tale</strong></span> <span class='ocrx_word' id='word_1_20' title='bbox 1247 300 1310 337; x_wconf 86' lang='lat' dir='ltr'><strong>ad-</strong></span> 
     </span>
    </p>
   </div>
   <div class='ocr_carea' id='block_1_5' title="bbox 827 217 1937 258">
    <p class='ocr_par' dir='ltr' id='par_1_5' title="bbox 827 217 1937 258">
     <span class='ocr_line' id='line_1_8' title="bbox 827 217 1937 258; baseline 0.012 -12"><span class='ocrx_word' id='word_1_21' title='bbox 827 217 1013 248; x_wconf 75' lang='lat' dir='ltr'>JOANNIS</span> <span class='ocrx_word' id='word_1_22' title='bbox 1047 219 1291 249; x_wconf 79' lang='lat' dir='ltr'><strong>CHRYSOST·</strong></span> <span class='ocrx_word' id='word_1_23' title='bbox 1331 219 1535 253; x_wconf 82' lang='lat' dir='ltr'><strong>ARCHIEP.</strong></span> <span class='ocrx_word' id='word_1_24' title='bbox 1578 225 1937 258; x_wconf 73' lang='lat' dir='ltr'><strong>CONSTANTm&#39;oP.</strong></span> 
     </span>
    </p>
   </div>
   <div class='ocr_carea' id='block_1_6' title="bbox 1380 304 2393 362">
    <p class='ocr_par' dir='ltr' id='par_1_6' title="bbox 1380 304 2393 362">
     <span class='ocr_line' id='line_1_9' title="bbox 1380 304 2393 362; baseline 0.011 -22"><span class='ocrx_word' id='word_1_25' title='bbox 1380 304 1450 341; x_wconf 83' lang='grc' dir='ltr'>Καὶ</span> <span class='ocrx_word' id='word_1_26' title='bbox 1479 305 1548 343; x_wconf 87' lang='grc' dir='ltr'>ἀπὸ</span> <span class='ocrx_word' id='word_1_27' title='bbox 1568 309 1636 344; x_wconf 84' lang='grc' dir='ltr'>τῶν</span> <span class='ocrx_word' id='word_1_28' title='bbox 1664 308 1830 355; x_wconf 80' lang='grc' dir='ltr'>στεάτων,</span> <span class='ocrx_word' id='word_1_29' title='bbox 1850 310 1966 362; x_wconf 77' lang='grc' dir='ltr'>φησὶν,</span> <span class='ocrx_word' id='word_1_30' title='bbox 2001 313 2127 359; x_wconf 81' lang='grc' dir='ltr'>αὐτῶν,</span> <span class='ocrx_word' id='word_1_31' title='bbox 2147 314 2215 349; x_wconf 84' lang='grc' dir='ltr'>τῶν</span> <span class='ocrx_word' id='word_1_32' title='bbox 2242 313 2393 351; x_wconf 84' lang='grc' dir='ltr'>εὐπαθε-</span> 
     </span>
    </p>
   </div>
   <div class='ocr_carea' id='block_1_7' title="bbox 361 358 2394 423">
    <p class='ocr_par' dir='ltr' id='par_1_7' title="bbox 361 358 2394 423">
     <span class='ocr_line' id='line_1_10' title="bbox 361 358 2394 423; baseline 0.008 -29"><span class='ocrx_word' id='word_1_33' title='bbox 361 366 524 395; x_wconf 87' lang='lat' dir='ltr'><strong>notatum</strong></span> <span class='ocrx_word' id='word_1_34' title='bbox 542 368 618 396; x_wconf 90' lang='lat' dir='ltr'><strong>est:</strong></span> <span class='ocrx_word' id='word_1_35' title='bbox 639 358 700 396; x_wconf 89' lang='lat' dir='ltr'>sed</span> <span class='ocrx_word' id='word_1_36' title='bbox 723 359 895 397; x_wconf 84' lang='lat' dir='ltr'><strong>obtulisse</strong></span> <span class='ocrx_word' id='word_1_37' title='bbox 914 361 975 397; x_wconf 87' lang='lat' dir='ltr'>De</span> <span class='ocrx_word' id='word_1_38' title='bbox 991 361 1171 411; x_wconf 80' lang='lat' dir='ltr'>frugibus</span> <span class='ocrx_word' id='word_1_39' title='bbox 1200 369 1309 397; x_wconf 82' lang='lat' dir='ltr'><strong>terroe</strong></span> <span class='ocrx_word' id='word_1_40' title='bbox 1333 368 1356 398; x_wconf 93' lang='lat' dir='ltr'>C</span> <span class='ocrx_word' id='word_1_41' title='bbox 1380 364 1526 415; x_wconf 82' lang='grc' dir='ltr'>στέρων,</span> <span class='ocrx_word' id='word_1_42' title='bbox 1555 369 1624 404; x_wconf 87' lang='grc' dir='ltr'>τῶν</span> <span class='ocrx_word' id='word_1_43' title='bbox 1655 370 1883 423; x_wconf 81' lang='grc' dir='ltr'>τιμιωτέρων.</span> <span class='ocrx_word' id='word_1_44' title='bbox 1914 370 1999 410; x_wconf 80' lang='grc' dir='ltr'>Ἔπὶ</span> <span class='ocrx_word' id='word_1_45' title='bbox 2032 373 2067 410; x_wconf 85' lang='grc' dir='ltr'>δὲ</span> <span class='ocrx_word' id='word_1_46' title='bbox 2099 377 2158 411; x_wconf 81' lang='grc' dir='ltr'>τοῦ</span> <span class='ocrx_word' id='word_1_47' title='bbox 2188 374 2275 411; x_wconf 84' lang='grc' dir='ltr'>Κάϊν</span> <span class='ocrx_word' id='word_1_48' title='bbox 2298 373 2394 411; x_wconf 75' lang='grc' dir='ltr'>οὐδὲν</span> 
     </span>
    </p>
   </div>
   <div class='ocr_carea' id='block_1_8' title="bbox 351 419 1309 1078">
    <p class='ocr_par' dir='ltr' id='par_1_8' title="bbox 351 419 1309 1078">
     <span class='ocr_line' id='line_1_11' title="bbox 360 419 1308 469; baseline 0.003 -14"><span class='ocrx_word' id='word_1_49' title='bbox 360 422 465 455; x_wconf 79' lang='lat' dir='ltr'><strong>sacri</strong></span> <span class='ocrx_word' id='word_1_50' title='bbox 464 419 599 468; x_wconf 79' lang='lat' dir='ltr'><strong>ficium</strong></span> <span class='ocrx_word' id='word_1_51' title='bbox 611 435 621 455; x_wconf 90' lang='lat'><em>:</em></span> <span class='ocrx_word' id='word_1_52' title='bbox 630 419 733 469; x_wconf 87' lang='lat' dir='ltr'>quasi</span> <span class='ocrx_word' id='word_1_53' title='bbox 746 419 891 468; x_wconf 85' lang='lat' dir='ltr'><strong>diceret,</strong></span> <span class='ocrx_word' id='word_1_54' title='bbox 911 419 1183 469; x_wconf 82' lang='lat' dir='ltr'><strong>qualiacumque</strong></span> <span class='ocrx_word' id='word_1_55' title='bbox 1194 419 1308 458; x_wconf 86' lang='lat' dir='ltr'><strong>obve—</strong></span> 
     </span>
     <span class='ocr_line' id='line_1_12' title="bbox 359 479 1309 531; baseline 0.003 -15"><span class='ocrx_word' id='word_1_56' title='bbox 359 479 517 529; x_wconf 78' lang='lat' dir='ltr'><strong>niebant,</strong></span> <span class='ocrx_word' id='word_1_57' title='bbox 538 480 635 518; x_wconf 91' lang='lat' dir='ltr'><strong>nulla</strong></span> <span class='ocrx_word' id='word_1_58' title='bbox 662 479 710 518; x_wconf 83' lang='lat' dir='ltr'>ad</span> <span class='ocrx_word' id='word_1_59' title='bbox 734 480 910 517; x_wconf 89' lang='lat' dir='ltr'><strong>delectum</strong></span> <span class='ocrx_word' id='word_1_60' title='bbox 940 479 1103 516; x_wconf 88' lang='lat' dir='ltr'><strong>adhibita</strong></span> <span class='ocrx_word' id='word_1_61' title='bbox 1123 493 1229 531; x_wconf 89' lang='lat' dir='ltr'><strong>opera</strong></span> <span class='ocrx_word' id='word_1_62' title='bbox 1250 481 1309 519; x_wconf 85' lang='lat' dir='ltr'>vel</span> 
     </span>
     <span class='ocr_line' id='line_1_13' title="bbox 357 538 1306 590; baseline 0.004 -15"><span class='ocrx_word' id='word_1_63' title='bbox 357 538 557 590; x_wconf 82' lang='lat' dir='ltr'><strong>diligentia.</strong></span> <span class='ocrx_word' id='word_1_64' title='bbox 579 541 712 577; x_wconf 81' lang='lat' dir='ltr'><strong>Iterum</strong></span> <span class='ocrx_word' id='word_1_65' title='bbox 729 538 822 586; x_wconf 87' lang='lat' dir='ltr'><strong>dico,</strong></span> <span class='ocrx_word' id='word_1_66' title='bbox 845 547 878 575; x_wconf 93' lang='lat' dir='ltr'>et</span> <span class='ocrx_word' id='word_1_67' title='bbox 897 538 1016 576; x_wconf 84' lang='lat' dir='ltr'><strong>dicere</strong></span> <span class='ocrx_word' id='word_1_68' title='bbox 1045 553 1115 577; x_wconf 91' lang='lat' dir='ltr'>non</span> <span class='ocrx_word' id='word_1_69' title='bbox 1139 541 1306 579; x_wconf 78' lang='lat' dir='ltr'>cessabo:</span> 
     </span>
     <span class='ocr_line' id='line_1_14' title="bbox 357 599 1308 651; baseline 0.003 -15"><span class='ocrx_word' id='word_1_70' title='bbox 357 614 425 637; x_wconf 89' lang='lat' dir='ltr'>non</span> <span class='ocrx_word' id='word_1_71' title='bbox 445 600 527 650; x_wconf 86' lang='lat' dir='ltr'><strong>quia</strong></span> <span class='ocrx_word' id='word_1_72' title='bbox 542 602 637 637; x_wconf 91' lang='lat' dir='ltr'><strong>Deus</strong></span> <span class='ocrx_word' id='word_1_73' title='bbox 657 599 761 636; x_wconf 90' lang='lat' dir='ltr'><strong>rebus</strong></span> <span class='ocrx_word' id='word_1_74' title='bbox 774 599 904 636; x_wconf 89' lang='lat' dir='ltr'><strong>nostris</strong></span> <span class='ocrx_word' id='word_1_75' title='bbox 917 599 1066 651; x_wconf 85' lang='lat' dir='ltr'><strong>indiget,</strong></span> <span class='ocrx_word' id='word_1_76' title='bbox 1090 600 1208 638; x_wconf 84' lang='lat' dir='ltr'><strong>oblata</strong></span> <span class='ocrx_word' id='word_1_77' title='bbox 1227 615 1308 640; x_wconf 90' lang='lat' dir='ltr'><strong>sus—</strong></span> 
     </span>
     <span class='ocr_line' id='line_1_15' title="bbox 355 660 1307 712; baseline 0.004 -15"><span class='ocrx_word' id='word_1_78' title='bbox 355 661 454 712; x_wconf 82' lang='lat' dir='ltr'><strong>cipit,</strong></span> <span class='ocrx_word' id='word_1_79' title='bbox 467 661 529 698; x_wconf 91' lang='lat' dir='ltr'>sed</span> <span class='ocrx_word' id='word_1_80' title='bbox 540 661 618 699; x_wconf 91' lang='lat' dir='ltr'><strong>vult</strong></span> <span class='ocrx_word' id='word_1_81' title='bbox 628 669 660 698; x_wconf 89' lang='lat' dir='ltr'>et</span> <span class='ocrx_word' id='word_1_82' title='bbox 672 675 735 712; x_wconf 89' lang='lat' dir='ltr'>per</span> <span class='ocrx_word' id='word_1_83' title='bbox 744 660 820 698; x_wconf 87' lang='lat' dir='ltr'><strong>haec</strong></span> <span class='ocrx_word' id='word_1_84' title='bbox 830 660 968 698; x_wconf 90' lang='lat' dir='ltr'><strong>ostendi</strong></span> <span class='ocrx_word' id='word_1_85' title='bbox 991 670 1132 712; x_wconf 85' lang='lat' dir='ltr'><strong>gratum</strong></span> <span class='ocrx_word' id='word_1_86' title='bbox 1146 671 1307 702; x_wconf 88' lang='lat' dir='ltr'><strong>nostrum</strong></span> 
     </span>
     <span class='ocr_line' id='line_1_16' title="bbox 353 722 1306 773; baseline 0.003 -14"><span class='ocrx_word' id='word_1_87' title='bbox 353 722 527 760; x_wconf 82' lang='lat' dir='ltr'><strong>animum.</strong></span> <span class='ocrx_word' id='word_1_88' title='bbox 549 723 641 760; x_wconf 87' lang='lat' dir='ltr'><strong>Nam</strong></span> <span class='ocrx_word' id='word_1_89' title='bbox 655 737 737 761; x_wconf 88' lang='lat' dir='ltr'>eum</span> <span class='ocrx_word' id='word_1_90' title='bbox 756 722 818 773; x_wconf 87' lang='lat' dir='ltr'>qui</span> <span class='ocrx_word' id='word_1_91' title='bbox 833 724 908 760; x_wconf 86' lang='lat' dir='ltr'>Deo</span> <span class='ocrx_word' id='word_1_92' title='bbox 927 723 1110 772; x_wconf 85' lang='lat' dir='ltr'><strong>offerebat,</strong></span> <span class='ocrx_word' id='word_1_93' title='bbox 1125 733 1158 761; x_wconf 91' lang='lat' dir='ltr'>et</span> <span class='ocrx_word' id='word_1_94' title='bbox 1181 724 1306 762; x_wconf 87' lang='lat' dir='ltr'><strong>offere-</strong></span> 
     </span>
     <span class='ocr_line' id='line_1_17' title="bbox 352 783 1306 836; baseline 0.003 -16"><span class='ocrx_word' id='word_1_95' title='bbox 352 783 413 820; x_wconf 84' lang='lat' dir='ltr'>bat</span> <span class='ocrx_word' id='word_1_96' title='bbox 427 797 472 821; x_wconf 82' lang='lat' dir='ltr'>ex</span> <span class='ocrx_word' id='word_1_97' title='bbox 484 783 528 821; x_wconf 91' lang='lat' dir='ltr'>iis</span> <span class='ocrx_word' id='word_1_98' title='bbox 541 797 618 834; x_wconf 89' lang='lat' dir='ltr'><strong>quae</strong></span> <span class='ocrx_word' id='word_1_99' title='bbox 642 784 709 821; x_wconf 90' lang='lat' dir='ltr'>Dei</span> <span class='ocrx_word' id='word_1_100' title='bbox 730 793 827 834; x_wconf 80' lang='lat' dir='ltr'><strong>sunt,</strong></span> <span class='ocrx_word' id='word_1_101' title='bbox 850 798 930 823; x_wconf 90' lang='lat' dir='ltr'>cum</span> <span class='ocrx_word' id='word_1_102' title='bbox 963 784 1176 836; x_wconf 83' lang='lat' dir='ltr'><strong>intelligeret</strong></span> <span class='ocrx_word' id='word_1_103' title='bbox 1193 799 1306 836; x_wconf 88' lang='lat' dir='ltr'><strong>quan-</strong></span> 
     </span>
     <span class='ocr_line' id='line_1_18' title="bbox 351 843 1303 893; baseline 0.003 -12"><span class='ocrx_word' id='word_1_104' title='bbox 351 853 428 881; x_wconf 90' lang='lat' dir='ltr'>tum</span> <span class='ocrx_word' id='word_1_105' title='bbox 439 843 599 882; x_wconf 82' lang='lat' dir='ltr'><strong>differret</strong></span> <span class='ocrx_word' id='word_1_106' title='bbox 619 853 761 893; x_wconf 88' lang='lat' dir='ltr'><strong>natura,</strong></span> <span class='ocrx_word' id='word_1_107' title='bbox 775 853 808 882; x_wconf 91' lang='lat' dir='ltr'>et</span> <span class='ocrx_word' id='word_1_108' title='bbox 824 859 860 882; x_wconf 91' lang='lat' dir='ltr'>se</span> <span class='ocrx_word' id='word_1_109' title='bbox 878 844 1058 882; x_wconf 88' lang='lat' dir='ltr'><strong>hominem</strong></span> <span class='ocrx_word' id='word_1_110' title='bbox 1079 854 1218 883; x_wconf 90' lang='lat' dir='ltr'><strong>tantum</strong></span> <span class='ocrx_word' id='word_1_111' title='bbox 1236 846 1303 884; x_wconf 89' lang='lat' dir='ltr'><strong>ho-</strong></span> 
     </span>
     <span class='ocr_line' id='line_1_19' title="bbox 352 905 1305 959; baseline 0.003 -17"><span class='ocrx_word' id='word_1_112' title='bbox 352 905 449 943; x_wconf 88' lang='lat' dir='ltr'><strong>noris</strong></span> <span class='ocrx_word' id='word_1_113' title='bbox 482 907 648 944; x_wconf 85' lang='lat' dir='ltr'><strong>sortitum</strong></span> <span class='ocrx_word' id='word_1_114' title='bbox 679 921 764 956; x_wconf 89' lang='lat' dir='ltr'><strong>esse,</strong></span> <span class='ocrx_word' id='word_1_115' title='bbox 787 907 985 959; x_wconf 82' lang='lat' dir='ltr'><strong>oportebat,</strong></span> <span class='ocrx_word' id='word_1_116' title='bbox 1018 917 1192 958; x_wconf 91' lang='lat' dir='ltr'><strong>quantum</strong></span> <span class='ocrx_word' id='word_1_117' title='bbox 1225 908 1305 946; x_wconf 82' lang='lat' dir='ltr'><strong>fieri</strong></span> 
     </span>
     <span class='ocr_line' id='line_1_20' title="bbox 354 967 1306 1019; baseline 0.002 -15"><span class='ocrx_word' id='word_1_118' title='bbox 354 976 505 1019; x_wconf 86' lang='lat' dir='ltr'><strong>poterat,</strong></span> <span class='ocrx_word' id='word_1_119' title='bbox 522 981 626 1005; x_wconf 90' lang='lat' dir='ltr'><strong>suum</strong></span> <span class='ocrx_word' id='word_1_120' title='bbox 642 968 761 1005; x_wconf 87' lang='lat' dir='ltr'><strong>testari</strong></span> <span class='ocrx_word' id='word_1_121' title='bbox 786 967 962 1017; x_wconf 84' lang='lat' dir='ltr'><strong>officium,</strong></span> <span class='ocrx_word' id='word_1_122' title='bbox 984 977 1018 1005; x_wconf 89' lang='lat' dir='ltr'>et</span> <span class='ocrx_word' id='word_1_123' title='bbox 1050 967 1306 1019; x_wconf 85' lang='lat' dir='ltr'><strong>pretiosissima</strong></span> 
     </span>
     <span class='ocr_line' id='line_1_21' title="bbox 354 1027 1306 1078; baseline 0 -13"><span class='ocrx_word' id='word_1_124' title='bbox 354 1029 494 1066; x_wconf 84' lang='lat' dir='ltr'><strong>offerre.</strong></span> <span class='ocrx_word' id='word_1_125' title='bbox 508 1028 579 1066; x_wconf 85' lang='lat' dir='ltr'><strong>Sed</strong></span> <span class='ocrx_word' id='word_1_126' title='bbox 592 1028 686 1076; x_wconf 85' lang='lat' dir='ltr'><strong>vide,</strong></span> <span class='ocrx_word' id='word_1_127' title='bbox 703 1029 860 1078; x_wconf 84' lang='lat' dir='ltr'><strong>obsecro,</strong></span> <span class='ocrx_word' id='word_1_128' title='bbox 869 1027 1011 1065; x_wconf 86' lang='lat' dir='ltr'><strong>dilecte.</strong></span> <span class='ocrx_word' id='word_1_129' title='bbox 1030 1028 1149 1066; x_wconf 89' lang='lat' dir='ltr'><strong>Habes</strong></span> <span class='ocrx_word' id='word_1_130' title='bbox 1167 1028 1227 1065; x_wconf 88' lang='lat' dir='ltr'>hic</span> <span class='ocrx_word' id='word_1_131' title='bbox 1242 1042 1306 1065; x_wconf 89' lang='lat' dir='ltr'>oc-</span> 
     </span>
    </p>
   </div>
   <div class='ocr_carea' id='block_1_9' title="bbox 353 1087 1355 1140">
    <p class='ocr_par' dir='ltr' id='par_1_9' title="bbox 353 1087 1355 1140">
     <span class='ocr_line' id='line_1_22' title="bbox 353 1087 1355 1140; baseline -0.002 -14"><span class='ocrx_word' id='word_1_132' title='bbox 353 1089 510 1127; x_wconf 87' lang='lat' dir='ltr'><strong>casiones</strong></span> <span class='ocrx_word' id='word_1_133' title='bbox 536 1097 575 1125; x_wconf 91' lang='lat' dir='ltr'>ut</span> <span class='ocrx_word' id='word_1_134' title='bbox 604 1088 699 1139; x_wconf 88' lang='lat' dir='ltr'><strong>quod</strong></span> <span class='ocrx_word' id='word_1_135' title='bbox 728 1097 866 1140; x_wconf 86' lang='lat' dir='ltr'><strong>oportet</strong></span> <span class='ocrx_word' id='word_1_136' title='bbox 891 1087 1152 1139; x_wconf 87' lang='lat' dir='ltr'><strong>contempleris,</strong></span> <span class='ocrx_word' id='word_1_137' title='bbox 1177 1087 1306 1125; x_wconf 86' lang='lat' dir='ltr'><strong>merito</strong></span> <span class='ocrx_word' id='word_1_138' title='bbox 1332 1102 1355 1131; x_wconf 75' lang='lat' dir='ltr'>D</span> 
     </span>
    </p>
   </div>
   <div class='ocr_carea' id='block_1_10' title="bbox 350 1147 1352 2358">
    <p class='ocr_par' dir='ltr' id='par_1_10' title="bbox 351 1147 1337 1565">
     <span class='ocr_line' id='line_1_23' title="bbox 352 1147 1306 1202; baseline -0.002 -15"><span class='ocrx_word' id='word_1_139' title='bbox 352 1164 474 1202; x_wconf 84' lang='lat' dir='ltr'><strong>poenas</strong></span> <span class='ocrx_word' id='word_1_140' title='bbox 491 1150 587 1188; x_wconf 90' lang='lat' dir='ltr'><strong>luere</strong></span> <span class='ocrx_word' id='word_1_141' title='bbox 604 1164 687 1187; x_wconf 88' lang='lat' dir='ltr'>eum</span> <span class='ocrx_word' id='word_1_142' title='bbox 711 1149 773 1199; x_wconf 91' lang='lat' dir='ltr'>qui</span> <span class='ocrx_word' id='word_1_143' title='bbox 794 1163 895 1186; x_wconf 90' lang='lat' dir='ltr'><strong>suam</strong></span> <span class='ocrx_word' id='word_1_144' title='bbox 921 1148 967 1186; x_wconf 81' lang='lat' dir='ltr'>ol)</span> <span class='ocrx_word' id='word_1_145' title='bbox 985 1147 1167 1199; x_wconf 82' lang='lat' dir='ltr'><strong>ignaviam</strong></span> <span class='ocrx_word' id='word_1_146' title='bbox 1185 1147 1306 1199; x_wconf 84' lang='lat' dir='ltr'><strong>prodit</strong></span> 
     </span>
     <span class='ocr_line' id='line_1_24' title="bbox 355 1208 1304 1262; baseline -0.002 -15"><span class='ocrx_word' id='word_1_147' title='bbox 355 1211 517 1249; x_wconf 85' lang='lat' dir='ltr'><strong>salutem.</strong></span> <span class='ocrx_word' id='word_1_148' title='bbox 535 1211 660 1262; x_wconf 89' lang='lat' dir='ltr'><strong>Neque</strong></span> <span class='ocrx_word' id='word_1_149' title='bbox 671 1210 766 1248; x_wconf 87' lang='lat' dir='ltr'><strong>enim</strong></span> <span class='ocrx_word' id='word_1_150' title='bbox 783 1209 844 1247; x_wconf 87' lang='lat' dir='ltr'><strong>ille</strong></span> <span class='ocrx_word' id='word_1_151' title='bbox 863 1208 1044 1247; x_wconf 88' lang='lat' dir='ltr'><strong>doctorem</strong></span> <span class='ocrx_word' id='word_1_152' title='bbox 1062 1208 1216 1259; x_wconf 79' lang='lat' dir='ltr'><strong>aliquem</strong></span> <span class='ocrx_word' id='word_1_153' title='bbox 1235 1209 1304 1246; x_wconf 80' lang='lat' dir='ltr'><strong>ha—</strong></span> 
     </span>
     <span class='ocr_line' id='line_1_25' title="bbox 351 1269 1304 1323; baseline 0 -15"><span class='ocrx_word' id='word_1_154' title='bbox 351 1271 444 1322; x_wconf 88' lang='lat' dir='ltr'><strong>buit,</strong></span> <span class='ocrx_word' id='word_1_155' title='bbox 459 1286 572 1323; x_wconf 87' lang='lat' dir='ltr'><strong>neque</strong></span> <span class='ocrx_word' id='word_1_156' title='bbox 588 1272 648 1310; x_wconf 85' lang='lat' dir='ltr'>hic</span> <span class='ocrx_word' id='word_1_157' title='bbox 656 1272 900 1323; x_wconf 75' lang='lat' dir='ltr'><strong>suggerentem</strong></span> <span class='ocrx_word' id='word_1_158' title='bbox 919 1280 952 1308; x_wconf 90' lang='lat' dir='ltr'>et</span> <span class='ocrx_word' id='word_1_159' title='bbox 968 1269 1226 1319; x_wconf 84' lang='lat' dir='ltr'><strong>consiliarium,</strong></span> <span class='ocrx_word' id='word_1_160' title='bbox 1243 1270 1304 1308; x_wconf 88' lang='lat' dir='ltr'>sed</span> 
     </span>
     <span class='ocr_line' id='line_1_26' title="bbox 352 1330 1303 1383; baseline -0.002 -13"><span class='ocrx_word' id='word_1_161' title='bbox 352 1341 500 1383; x_wconf 88' lang='lat' dir='ltr'><strong>uterque</strong></span> <span class='ocrx_word' id='word_1_162' title='bbox 512 1333 733 1371; x_wconf 85' lang='lat' dir='ltr'><strong>conscientiae</strong></span> <span class='ocrx_word' id='word_1_163' title='bbox 753 1346 824 1370; x_wconf 79' lang='lat' dir='ltr'><strong>suae</strong></span> <span class='ocrx_word' id='word_1_164' title='bbox 837 1330 1057 1382; x_wconf 87' lang='lat' dir='ltr'><strong>magisterio,</strong></span> <span class='ocrx_word' id='word_1_165' title='bbox 1076 1340 1110 1369; x_wconf 88' lang='lat' dir='ltr'>et</span> <span class='ocrx_word' id='word_1_166' title='bbox 1129 1331 1303 1383; x_wconf 88' lang='lat' dir='ltr'><strong>sapientia</strong></span> 
     </span>
     <span class='ocr_line' id='line_1_27' title="bbox 352 1391 1303 1445; baseline 0 -14"><span class='ocrx_word' id='word_1_167' title='bbox 352 1393 526 1431; x_wconf 85' lang='lat' dir='ltr'><strong>divinitus</strong></span> <span class='ocrx_word' id='word_1_168' title='bbox 554 1394 711 1432; x_wconf 90' lang='lat' dir='ltr'><strong>humano</strong></span> <span class='ocrx_word' id='word_1_169' title='bbox 733 1392 852 1445; x_wconf 86' lang='lat' dir='ltr'><strong>generi</strong></span> <span class='ocrx_word' id='word_1_170' title='bbox 872 1391 1117 1444; x_wconf 83' lang='lat' dir='ltr'><strong>suppeditata,</strong></span> <span class='ocrx_word' id='word_1_171' title='bbox 1145 1392 1192 1430; x_wconf 87' lang='lat' dir='ltr'><strong>ad</strong></span> <span class='ocrx_word' id='word_1_172' title='bbox 1211 1392 1303 1431; x_wconf 89' lang='lat' dir='ltr'><strong>hanc</strong></span> 
     </span>
     <span class='ocr_line' id='line_1_28' title="bbox 353 1452 1337 1504; baseline -0.001 -12"><span class='ocrx_word' id='word_1_173' title='bbox 353 1455 568 1493; x_wconf 88' lang='lat' dir='ltr'><strong>oblationem</strong></span> <span class='ocrx_word' id='word_1_174' title='bbox 584 1454 752 1492; x_wconf 88' lang='lat' dir='ltr'><strong>incitatur</strong></span> <span class='ocrx_word' id='word_1_175' title='bbox 766 1453 850 1491; x_wconf 90' lang='lat' dir='ltr'><strong>:sed</strong></span> <span class='ocrx_word' id='word_1_176' title='bbox 862 1452 1070 1491; x_wconf 85' lang='lat' dir='ltr'><strong>excellentia</strong></span> <span class='ocrx_word' id='word_1_177' title='bbox 1082 1453 1254 1504; x_wconf 87' lang='lat' dir='ltr'><strong>propositi</strong></span> <span class='ocrx_word' id='word_1_178' title='bbox 1270 1462 1304 1491; x_wconf 88' lang='lat' dir='ltr'>et</span> <span class='ocrx_word' id='word_1_179' title='bbox 1322 1467 1337 1491; x_wconf 65' lang='grc' dir='ltr'>ι</span> 
     </span>
     <span class='ocr_line' id='line_1_29' title="bbox 353 1513 1303 1565; baseline -0.004 -11"><span class='ocrx_word' id='word_1_180' title='bbox 353 1515 545 1554; x_wconf 85' lang='lat' dir='ltr'><strong>voluntatis</strong></span> <span class='ocrx_word' id='word_1_181' title='bbox 561 1515 728 1565; x_wconf 84' lang='lat' dir='ltr'><strong>segnities</strong></span> <span class='ocrx_word' id='word_1_182' title='bbox 746 1515 845 1552; x_wconf 91' lang='lat' dir='ltr'><strong>illius</strong></span> <span class='ocrx_word' id='word_1_183' title='bbox 859 1513 1004 1564; x_wconf 87' lang='lat' dir='ltr'><strong>quidem</strong></span> <span class='ocrx_word' id='word_1_184' title='bbox 1020 1513 1303 1564; x_wconf 86' lang='lat' dir='ltr'><strong>acceptissimam</strong></span> 
     </span>
    </p>

    <p class='ocr_par' dir='ltr' id='par_1_11' title="bbox 352 1573 1304 1627">
     <span class='ocr_line' id='line_1_30' title="bbox 352 1573 1304 1627; baseline -0.002 -13"><span class='ocrx_word' id='word_1_185' title='bbox 352 1577 435 1614; x_wconf 83' lang='lat' dir='ltr'><strong>fecit</strong></span> <span class='ocrx_word' id='word_1_186' title='bbox 459 1577 687 1625; x_wconf 85' lang='lat' dir='ltr'><strong>oblationem,</strong></span> <span class='ocrx_word' id='word_1_187' title='bbox 715 1575 823 1627; x_wconf 81' lang='lat' dir='ltr'><strong>liujus</strong></span> <span class='ocrx_word' id='word_1_188' title='bbox 842 1583 960 1612; x_wconf 91' lang='lat' dir='ltr'><strong>autem</strong></span> <span class='ocrx_word' id='word_1_189' title='bbox 987 1573 1223 1626; x_wconf 86' lang='lat' dir='ltr'><strong>repudiatam.</strong></span> <span class='ocrx_word' id='word_1_190' title='bbox 1250 1576 1286 1612; x_wconf 88' lang='lat' dir='ltr'><em>E</em></span> <span class='ocrx_word' id='word_1_191' title='bbox 1290 1583 1304 1612; x_wconf 85' lang='lat' dir='ltr'>t</span> 
     </span>
    </p>

    <p class='ocr_par' dir='ltr' id='par_1_12' title="bbox 351 1634 1303 1688">
     <span class='ocr_line' id='line_1_31' title="bbox 351 1634 1303 1688; baseline -0.003 -13"><span class='ocrx_word' id='word_1_192' title='bbox 351 1641 502 1688; x_wconf 76' lang='lat' dir='ltr'><strong>aspexit</strong></span> <span class='ocrx_word' id='word_1_193' title='bbox 519 1638 626 1675; x_wconf 85' lang='lat' dir='ltr'><strong>Deus</strong></span> <span class='ocrx_word' id='word_1_194' title='bbox 644 1638 697 1674; x_wconf 88' lang='lat' dir='ltr'>ad</span> <span class='ocrx_word' id='word_1_195' title='bbox 715 1635 835 1682; x_wconf 86' lang='lat' dir='ltr'><strong>Abel,</strong></span> <span class='ocrx_word' id='word_1_196' title='bbox 859 1643 896 1673; x_wconf 81' lang='lat' dir='ltr'>et</span> <span class='ocrx_word' id='word_1_197' title='bbox 913 1636 967 1672; x_wconf 88' lang='lat' dir='ltr'>ad</span> <span class='ocrx_word' id='word_1_198' title='bbox 977 1636 1082 1672; x_wconf 84' lang='lat' dir='ltr'><strong>dona</strong></span> <span class='ocrx_word' id='word_1_199' title='bbox 1097 1634 1303 1686; x_wconf 81' lang='lat' dir='ltr'><strong>ipsius.Vi-</strong></span> 
     </span>
    </p>

    <p class='ocr_par' dir='ltr' id='par_1_13' title="bbox 350 1695 1303 1749">
     <span class='ocr_line' id='line_1_32' title="bbox 350 1695 1303 1749; baseline -0.004 -13"><span class='ocrx_word' id='word_1_200' title='bbox 350 1699 395 1736; x_wconf 89' lang='lat' dir='ltr'>de</span> <span class='ocrx_word' id='word_1_201' title='bbox 414 1698 592 1749; x_wconf 91' lang='lat' dir='ltr'><strong>quomodo</strong></span> <span class='ocrx_word' id='word_1_202' title='bbox 614 1697 783 1749; x_wconf 88' lang='lat' dir='ltr'><strong>impletur</strong></span> <span class='ocrx_word' id='word_1_203' title='bbox 801 1696 861 1734; x_wconf 83' lang='lat' dir='ltr'>hic</span> <span class='ocrx_word' id='word_1_204' title='bbox 880 1695 975 1746; x_wconf 89' lang='lat' dir='ltr'><strong>quod</strong></span> <span class='ocrx_word' id='word_1_205' title='bbox 996 1695 1033 1732; x_wconf 91' lang='lat' dir='ltr'>in</span> <span class='ocrx_word' id='word_1_206' title='bbox 1049 1695 1233 1747; x_wconf 87' lang='lat' dir='ltr'><strong>evangelio</strong></span> <span class='ocrx_word' id='word_1_207' title='bbox 1253 1703 1303 1732; x_wconf 82' lang='lat' dir='ltr'>est</span> 
     </span>
    </p>

    <p class='ocr_par' dir='ltr' id='par_1_14' title="bbox 352 1755 1302 1807">
     <span class='ocr_line' id='line_1_33' title="bbox 352 1755 1302 1807; baseline -0.003 -11"><span class='ocrx_word' id='word_1_208' title='bbox 352 1759 512 1797; x_wconf 87' lang='lat' dir='ltr'><strong>dictum:</strong></span> <span class='ocrx_word' id='word_1_209' title='bbox 529 1758 641 1795; x_wconf 88' lang='lat' dir='ltr'><strong>Primi</strong></span> <span class='ocrx_word' id='word_1_210' title='bbox 654 1766 758 1795; x_wconf 90' lang='lat' dir='ltr'><strong>erunt</strong></span> <span class='ocrx_word' id='word_1_211' title='bbox 772 1756 906 1804; x_wconf 89' lang='lat' dir='ltr'><strong>ultimi,</strong></span> <span class='ocrx_word' id='word_1_212' title='bbox 923 1765 957 1794; x_wconf 89' lang='lat' dir='ltr'>et</span> <span class='ocrx_word' id='word_1_213' title='bbox 970 1755 1087 1792; x_wconf 89' lang='lat' dir='ltr'><strong>ultimi</strong></span> <span class='ocrx_word' id='word_1_214' title='bbox 1102 1755 1224 1807; x_wconf 87' lang='lat' dir='ltr'><strong>primi.</strong></span> <span class='ocrx_word' id='word_1_215' title='bbox 1237 1755 1302 1793; x_wconf 86' lang='lat' dir='ltr'><strong>Ec—</strong></span> 
     </span>
    </p>

    <p class='ocr_par' dir='ltr' id='par_1_15' title="bbox 351 1815 1352 2358">
     <span class='ocr_line' id='line_1_34' title="bbox 352 1815 1352 1870; baseline -0.003 -13"><span class='ocrx_word' id='word_1_216' title='bbox 352 1835 390 1857; x_wconf 82' lang='lat' dir='ltr'>ce</span> <span class='ocrx_word' id='word_1_217' title='bbox 409 1820 503 1857; x_wconf 89' lang='lat' dir='ltr'><strong>enim</strong></span> <span class='ocrx_word' id='word_1_218' title='bbox 522 1819 583 1870; x_wconf 92' lang='lat' dir='ltr'>qui</span> <span class='ocrx_word' id='word_1_219' title='bbox 598 1819 644 1856; x_wconf 91' lang='lat' dir='ltr'><strong>ob</strong></span> <span class='ocrx_word' id='word_1_220' title='bbox 658 1817 973 1870; x_wconf 85' lang='lat' dir='ltr'><strong>primogenituram</strong></span> <span class='ocrx_word' id='word_1_221' title='bbox 992 1815 1226 1868; x_wconf 85' lang='lat' dir='ltr'><strong>privilegium</strong></span> <span class='ocrx_word' id='word_1_222' title='bbox 1238 1815 1302 1854; x_wconf 85' lang='lat' dir='ltr'><strong>ha-</strong></span> <span class='ocrx_word' id='word_1_223' title='bbox 1329 1828 1352 1859; x_wconf 78' lang='grc' dir='ltr'>Ε</span> 
     </span>
     <span class='ocr_line' id='line_1_35' title="bbox 351 1876 1303 1932; baseline -0.005 -14"><span class='ocrx_word' id='word_1_224' title='bbox 351 1881 469 1929; x_wconf 84' lang='lat' dir='ltr'><strong>bebat,</strong></span> <span class='ocrx_word' id='word_1_225' title='bbox 492 1889 526 1918; x_wconf 89' lang='lat' dir='ltr'>et</span> <span class='ocrx_word' id='word_1_226' title='bbox 546 1879 697 1932; x_wconf 88' lang='lat' dir='ltr'><strong>proinde</strong></span> <span class='ocrx_word' id='word_1_227' title='bbox 729 1879 828 1930; x_wconf 90' lang='lat' dir='ltr'><strong>prior</strong></span> <span class='ocrx_word' id='word_1_228' title='bbox 855 1876 1039 1925; x_wconf 83' lang='lat' dir='ltr'><strong>offerebat,</strong></span> <span class='ocrx_word' id='word_1_229' title='bbox 1063 1876 1180 1914; x_wconf 89' lang='lat' dir='ltr'><strong>minor</strong></span> <span class='ocrx_word' id='word_1_230' title='bbox 1204 1876 1303 1914; x_wconf 89' lang='lat' dir='ltr'><strong>visus</strong></span> 
     </span>
     <span class='ocr_line' id='line_1_36' title="bbox 351 1938 1303 1991; baseline -0.004 -11"><span class='ocrx_word' id='word_1_231' title='bbox 351 1951 402 1980; x_wconf 88' lang='lat' dir='ltr'>est</span> <span class='ocrx_word' id='word_1_232' title='bbox 420 1943 539 1990; x_wconf 87' lang='lat' dir='ltr'><strong>fratre,</strong></span> <span class='ocrx_word' id='word_1_233' title='bbox 562 1949 602 1978; x_wconf 92' lang='lat' dir='ltr'>ut</span> <span class='ocrx_word' id='word_1_234' title='bbox 620 1939 684 1991; x_wconf 91' lang='lat' dir='ltr'>qui</span> <span class='ocrx_word' id='word_1_235' title='bbox 703 1953 803 1977; x_wconf 90' lang='lat' dir='ltr'><strong>secus</strong></span> <span class='ocrx_word' id='word_1_236' title='bbox 825 1938 966 1976; x_wconf 85' lang='lat' dir='ltr'><strong>offerret</strong></span> <span class='ocrx_word' id='word_1_237' title='bbox 983 1951 1090 1988; x_wconf 89' lang='lat' dir='ltr'><strong>quam</strong></span> <span class='ocrx_word' id='word_1_238' title='bbox 1106 1938 1303 1989; x_wconf 79' lang='lat' dir='ltr'><strong>oportebat.</strong></span> 
     </span>
     <span class='ocr_line' id='line_1_37' title="bbox 352 1997 1303 2051; baseline -0.006 -10"><span class='ocrx_word' id='word_1_239' title='bbox 352 2004 446 2041; x_wconf 86' lang='lat' dir='ltr'><strong>Nam</strong></span> <span class='ocrx_word' id='word_1_240' title='bbox 471 2016 553 2040; x_wconf 90' lang='lat' dir='ltr'>cum</span> <span class='ocrx_word' id='word_1_241' title='bbox 568 2010 715 2051; x_wconf 89' lang='lat' dir='ltr'><strong>uterque</strong></span> <span class='ocrx_word' id='word_1_242' title='bbox 734 1999 935 2049; x_wconf 86' lang='lat' dir='ltr'><strong>obtulisset,</strong></span> <span class='ocrx_word' id='word_1_243' title='bbox 953 1997 1042 2036; x_wconf 83' lang='lat' dir='ltr'><strong>dicit</strong></span> <span class='ocrx_word' id='word_1_244' title='bbox 1057 1997 1182 2037; x_wconf 85' lang='lat' dir='ltr'><strong>divina</strong></span> <span class='ocrx_word' id='word_1_245' title='bbox 1201 1998 1303 2036; x_wconf 87' lang='lat' dir='ltr'><strong>Scri-</strong></span> 
     </span>
     <span class='ocr_line' id='line_1_38' title="bbox 352 2060 1304 2116; baseline -0.005 -15"><span class='ocrx_word' id='word_1_246' title='bbox 352 2072 458 2116; x_wconf 87' lang='lat' dir='ltr'><strong>ptura</strong></span> <span class='ocrx_word' id='word_1_247' title='bbox 476 2079 483 2099; x_wconf 87' lang='lat'>:</span> <span class='ocrx_word' id='word_1_248' title='bbox 500 2064 553 2100; x_wconf 85' lang='lat' dir='ltr'>Et</span> <span class='ocrx_word' id='word_1_249' title='bbox 564 2063 715 2113; x_wconf 66' lang='lat' dir='ltr'><strong>aspexit</strong></span> <span class='ocrx_word' id='word_1_250' title='bbox 734 2061 842 2098; x_wconf 86' lang='lat' dir='ltr'><strong>Deus</strong></span> <span class='ocrx_word' id='word_1_251' title='bbox 861 2060 915 2097; x_wconf 83' lang='lat' dir='ltr'>ad</span> <span class='ocrx_word' id='word_1_252' title='bbox 929 2060 1050 2106; x_wconf 86' lang='lat' dir='ltr'><strong>Abel,</strong></span> <span class='ocrx_word' id='word_1_253' title='bbox 1073 2068 1110 2097; x_wconf 85' lang='lat' dir='ltr'>et</span> <span class='ocrx_word' id='word_1_254' title='bbox 1129 2061 1183 2097; x_wconf 86' lang='lat' dir='ltr'>ad</span> <span class='ocrx_word' id='word_1_255' title='bbox 1199 2060 1304 2097; x_wconf 84' lang='lat' dir='ltr'><strong>dona</strong></span> 
     </span>
     <span class='ocr_line' id='line_1_39' title="bbox 352 2118 1301 2175; baseline -0.003 -14"><span class='ocrx_word' id='word_1_256' title='bbox 352 2127 447 2175; x_wconf 83' lang='lat' dir='ltr'><strong>ejus.</strong></span> <span class='ocrx_word' id='word_1_257' title='bbox 462 2122 560 2169; x_wconf 89' lang='lat' dir='ltr'><strong>Quid</strong></span> <span class='ocrx_word' id='word_1_258' title='bbox 579 2131 642 2171; x_wconf 89' lang='lat' dir='ltr'><strong>est,</strong></span> <span class='ocrx_word' id='word_1_259' title='bbox 663 2123 715 2159; x_wconf 84' lang='lat' dir='ltr'>Et</span> <span class='ocrx_word' id='word_1_260' title='bbox 732 2123 881 2172; x_wconf 77' lang='lat' dir='ltr'><strong>aspexit</strong></span> <span class='ocrx_word' id='word_1_261' title='bbox 895 2118 964 2157; x_wconf 78' lang='lat' dir='ltr'><strong>Pld</strong></span> <span class='ocrx_word' id='word_1_262' title='bbox 983 2129 1048 2169; x_wconf 89' lang='lat' dir='ltr'><strong>est,</strong></span> <span class='ocrx_word' id='word_1_263' title='bbox 1072 2120 1301 2172; x_wconf 84' lang='lat' dir='ltr'><strong>approbavit,</strong></span> 
     </span>
     <span class='ocr_line' id='line_1_40' title="bbox 352 2180 1304 2231; baseline -0.004 -9"><span class='ocrx_word' id='word_1_264' title='bbox 352 2184 514 2222; x_wconf 83' lang='lat' dir='ltr'><strong>laudavit</strong></span> <span class='ocrx_word' id='word_1_265' title='bbox 529 2192 696 2230; x_wconf 86' lang='lat' dir='ltr'><strong>mentem,</strong></span> <span class='ocrx_word' id='word_1_266' title='bbox 707 2180 890 2219; x_wconf 88' lang='lat' dir='ltr'><strong>coronavit</strong></span> <span class='ocrx_word' id='word_1_267' title='bbox 903 2181 1135 2230; x_wconf 86' lang='lat' dir='ltr'><strong>voluntatem,</strong></span> <span class='ocrx_word' id='word_1_268' title='bbox 1152 2190 1186 2219; x_wconf 90' lang='lat' dir='ltr'>et</span> <span class='ocrx_word' id='word_1_269' title='bbox 1205 2181 1304 2231; x_wconf 89' lang='lat' dir='ltr'><strong>quasi</strong></span> 
     </span>
     <span class='ocr_line' id='line_1_41' title="bbox 351 2241 1305 2297; baseline -0.004 -14"><span class='ocrx_word' id='word_1_270' title='bbox 351 2245 432 2297; x_wconf 89' lang='lat' dir='ltr'><strong>quis</strong></span> <span class='ocrx_word' id='word_1_271' title='bbox 450 2244 559 2293; x_wconf 86' lang='lat' dir='ltr'><strong>dicat,</strong></span> <span class='ocrx_word' id='word_1_272' title='bbox 573 2244 664 2281; x_wconf 85' lang='lat' dir='ltr'><strong>sacto</strong></span> <span class='ocrx_word' id='word_1_273' title='bbox 681 2251 863 2280; x_wconf 86' lang='lat' dir='ltr'><strong>contentus</strong></span> <span class='ocrx_word' id='word_1_274' title='bbox 877 2241 959 2278; x_wconf 82' lang='lat' dir='ltr'><strong>fuit.</strong></span> <span class='ocrx_word' id='word_1_275' title='bbox 978 2241 1071 2278; x_wconf 88' lang='lat' dir='ltr'><strong>Nam</strong></span> <span class='ocrx_word' id='word_1_276' title='bbox 1084 2250 1117 2278; x_wconf 86' lang='lat' dir='ltr'>et</span> <span class='ocrx_word' id='word_1_277' title='bbox 1131 2241 1218 2278; x_wconf 87' lang='lat' dir='ltr'><strong>side</strong></span> <span class='ocrx_word' id='word_1_278' title='bbox 1231 2243 1305 2279; x_wconf 90' lang='lat' dir='ltr'>Deo</span> 
     </span>
     <span class='ocr_line' id='line_1_42' title="bbox 353 2301 1304 2358; baseline -0.005 -14"><span class='ocrx_word' id='word_1_279' title='bbox 353 2306 550 2358; x_wconf 86' lang='lat' dir='ltr'><strong>loquimur,</strong></span> <span class='ocrx_word' id='word_1_280' title='bbox 566 2313 599 2343; x_wconf 92' lang='lat' dir='ltr'>et</span> <span class='ocrx_word' id='word_1_281' title='bbox 619 2304 664 2342; x_wconf 87' lang='lat' dir='ltr'>de</span> <span class='ocrx_word' id='word_1_282' title='bbox 680 2302 874 2340; x_wconf 84' lang='lat' dir='ltr'><strong>immortali</strong></span> <span class='ocrx_word' id='word_1_283' title='bbox 890 2310 1015 2339; x_wconf 85' lang='lat' dir='ltr'><strong>natura</strong></span> <span class='ocrx_word' id='word_1_284' title='bbox 1034 2301 1171 2354; x_wconf 88' lang='lat' dir='ltr'><strong>aperire</strong></span> <span class='ocrx_word' id='word_1_285' title='bbox 1188 2316 1225 2340; x_wconf 89' lang='lat' dir='ltr'>os</span> <span class='ocrx_word' id='word_1_286' title='bbox 1241 2317 1304 2339; x_wconf 91' lang='lat' dir='ltr'>au-</span> 
     </span>
    </p>
   </div>
   <div class='ocr_carea' id='block_1_11' title="bbox 1320 2343 1367 2367">
    <p class='ocr_par' dir='ltr' id='par_1_16' title="bbox 1320 2343 1367 2367">
     <span class='ocr_line' id='line_1_43' title="bbox 1320 2343 1367 2367; baseline 0 0"><span class='ocrx_word' id='word_1_287' title='bbox 1320 2343 1367 2367; x_wconf 76' lang='lat'>158</span> 
     </span>
    </p>
   </div>
   <div class='ocr_carea' id='block_1_12' title="bbox 1373 428 2399 2363">
    <p class='ocr_par' dir='ltr' id='par_1_17' title="bbox 1373 428 2399 2363">
     <span class='ocr_line' id='line_1_44' title="bbox 1378 428 2395 484; baseline 0.009 -23"><span class='ocrx_word' id='word_1_288' title='bbox 1378 428 1531 463; x_wconf 86' lang='grc' dir='ltr'>τοιοῦτον</span> <span class='ocrx_word' id='word_1_289' title='bbox 1561 429 1826 479; x_wconf 83' lang='grc' dir='ltr'>ἐπεσημήνατο·</span> <span class='ocrx_word' id='word_1_290' title='bbox 1850 432 1953 469; x_wconf 52' lang='grc' dir='ltr'>Εάλλ’</span> <span class='ocrx_word' id='word_1_291' title='bbox 1972 432 2022 470; x_wconf 79' lang='grc' dir='ltr'>ὅτι</span> <span class='ocrx_word' id='word_1_292' title='bbox 2047 433 2279 484; x_wconf 82' lang='grc' dir='ltr'>προσήνεγκεν</span> <span class='ocrx_word' id='word_1_293' title='bbox 2311 433 2395 470; x_wconf 88' lang='grc' dir='ltr'>Ἀπὸ</span> 
     </span>
     <span class='ocr_line' id='line_1_45' title="bbox 1378 488 2394 540; baseline 0.008 -18"><span class='ocrx_word' id='word_1_294' title='bbox 1378 488 1446 523; x_wconf 86' lang='grc' dir='ltr'>τῶν</span> <span class='ocrx_word' id='word_1_295' title='bbox 1467 490 1611 538; x_wconf 84' lang='grc' dir='ltr'>καρπῶν</span> <span class='ocrx_word' id='word_1_296' title='bbox 1629 491 1690 535; x_wconf 77' lang='grc' dir='ltr'>τῆς</span> <span class='ocrx_word' id='word_1_297' title='bbox 1704 493 1769 540; x_wconf 75' lang='grc' dir='ltr'>γ’ἦς</span> <span class='ocrx_word' id='word_1_298' title='bbox 1792 491 1910 529; x_wconf 81' lang='grc' dir='ltr'>θυσίαν</span> <span class='ocrx_word' id='word_1_299' title='bbox 1926 507 1934 515; x_wconf 88' lang='grc'><em>·</em></span> <span class='ocrx_word' id='word_1_300' title='bbox 1948 494 1994 536; x_wconf 84' lang='grc' dir='ltr'>ὡς</span> <span class='ocrx_word' id='word_1_301' title='bbox 2014 492 2053 530; x_wconf 82' lang='grc' dir='ltr'>ἂν</span> <span class='ocrx_word' id='word_1_302' title='bbox 2069 493 2160 531; x_wconf 85' lang='grc' dir='ltr'>εἴποι</span> <span class='ocrx_word' id='word_1_303' title='bbox 2177 509 2249 540; x_wconf 84' lang='grc' dir='ltr'>τις,</span> <span class='ocrx_word' id='word_1_304' title='bbox 2268 494 2312 532; x_wconf 85' lang='grc' dir='ltr'>τὰ</span> <span class='ocrx_word' id='word_1_305' title='bbox 2337 510 2394 530; x_wconf 76' lang='grc' dir='ltr'>τυ-</span> 
     </span>
     <span class='ocr_line' id='line_1_46' title="bbox 1377 547 2395 604; baseline 0.006 -18"><span class='ocrx_word' id='word_1_306' title='bbox 1377 547 1507 599; x_wconf 82' lang='grc' dir='ltr'>χόντα,</span> <span class='ocrx_word' id='word_1_307' title='bbox 1524 549 1685 600; x_wconf 81' lang='grc' dir='ltr'>οὐδεμίαν</span> <span class='ocrx_word' id='word_1_308' title='bbox 1708 551 1861 598; x_wconf 82' lang='grc' dir='ltr'>σπουδὴν</span> <span class='ocrx_word' id='word_1_309' title='bbox 1880 552 1956 591; x_wconf 80' lang='grc' dir='ltr'>οὐδὲ</span> <span class='ocrx_word' id='word_1_310' title='bbox 1976 553 2156 604; x_wconf 74' lang='grc' dir='ltr'>ἀκρίὸειαν</span> <span class='ocrx_word' id='word_1_311' title='bbox 2178 554 2395 604; x_wconf 82' lang='grc' dir='ltr'>ἐπιδειξάμε-</span> 
     </span>
     <span class='ocr_line' id='line_1_47' title="bbox 1375 609 2393 664; baseline 0.006 -19"><span class='ocrx_word' id='word_1_312' title='bbox 1375 623 1441 651; x_wconf 87' lang='grc' dir='ltr'>νος.</span> <span class='ocrx_word' id='word_1_313' title='bbox 1458 609 1572 647; x_wconf 85' lang='grc' dir='ltr'>Πάλιν</span> <span class='ocrx_word' id='word_1_314' title='bbox 1588 610 1692 661; x_wconf 90' lang='grc' dir='ltr'>λέγω,</span> <span class='ocrx_word' id='word_1_315' title='bbox 1706 612 1765 649; x_wconf 74' lang='grc' dir='ltr'>καὶ</span> <span class='ocrx_word' id='word_1_316' title='bbox 1783 612 1894 663; x_wconf 90' lang='grc' dir='ltr'>λέγων</span> <span class='ocrx_word' id='word_1_317' title='bbox 1909 615 1947 650; x_wconf 82' lang='grc' dir='ltr'>οὐ</span> <span class='ocrx_word' id='word_1_318' title='bbox 1964 612 2156 664; x_wconf 86' lang='grc' dir='ltr'>παύσομαι,</span> <span class='ocrx_word' id='word_1_319' title='bbox 2172 614 2189 634; x_wconf 79' lang='lat'>‘¹</span> <span class='ocrx_word' id='word_1_320' title='bbox 2199 617 2260 652; x_wconf 84' lang='grc' dir='ltr'>οὐκ</span> <span class='ocrx_word' id='word_1_321' title='bbox 2274 614 2393 660; x_wconf 79' lang='grc' dir='ltr'>ἐπειδὴ</span> 
     </span>
     <span class='ocr_line' id='line_1_48' title="bbox 1375 669 2392 727; baseline 0.007 -22"><span class='ocrx_word' id='word_1_322' title='bbox 1375 670 1392 705; x_wconf 77' lang='grc' dir='ltr'>ὁ</span> <span class='ocrx_word' id='word_1_323' title='bbox 1413 669 1501 713; x_wconf 85' lang='grc' dir='ltr'>Θεὸς</span> <span class='ocrx_word' id='word_1_324' title='bbox 1521 673 1590 708; x_wconf 86' lang='grc' dir='ltr'>τῶν</span> <span class='ocrx_word' id='word_1_325' title='bbox 1610 674 1694 724; x_wconf 83' lang='grc' dir='ltr'>παρ’</span> <span class='ocrx_word' id='word_1_326' title='bbox 1726 675 1826 722; x_wconf 83' lang='grc' dir='ltr'>ἡμῶν</span> <span class='ocrx_word' id='word_1_327' title='bbox 1859 674 1984 718; x_wconf 88' lang='grc' dir='ltr'>δεῖται,</span> <span class='ocrx_word' id='word_1_328' title='bbox 2009 673 2172 725; x_wconf 81' lang='grc' dir='ltr'>ἀνέχεται</span> <span class='ocrx_word' id='word_1_329' title='bbox 2192 677 2260 712; x_wconf 85' lang='grc' dir='ltr'>τῶν</span> <span class='ocrx_word' id='word_1_330' title='bbox 2279 689 2392 727; x_wconf 89' lang='grc' dir='ltr'>προσ-</span> 
     </span>
     <span class='ocr_line' id='line_1_49' title="bbox 1377 731 2394 785; baseline 0.005 -17"><span class='ocrx_word' id='word_1_331' title='bbox 1377 731 1569 782; x_wconf 89' lang='grc' dir='ltr'>αγομένων,</span> <span class='ocrx_word' id='word_1_332' title='bbox 1590 734 1680 772; x_wconf 82' lang='grc' dir='ltr'>ἀλλὰ</span> <span class='ocrx_word' id='word_1_333' title='bbox 1701 735 1861 785; x_wconf 71' lang='grc' dir='ltr'>βούλεται</span> <span class='ocrx_word' id='word_1_334' title='bbox 1880 735 1941 774; x_wconf 78' lang='grc' dir='ltr'>καὶ</span> <span class='ocrx_word' id='word_1_335' title='bbox 1969 735 2024 773; x_wconf 86' lang='grc' dir='ltr'>διὰ</span> <span class='ocrx_word' id='word_1_336' title='bbox 2046 735 2174 774; x_wconf 79' lang='grc' dir='ltr'>τούτων</span> <span class='ocrx_word' id='word_1_337' title='bbox 2199 736 2394 774; x_wconf 82' lang='grc' dir='ltr'>δείκνυσθαι</span> 
     </span>
     <span class='ocr_line' id='line_1_50' title="bbox 1374 791 2395 848; baseline 0.005 -19"><span class='ocrx_word' id='word_1_338' title='bbox 1374 791 1438 838; x_wconf 84' lang='grc' dir='ltr'>τὴν</span> <span class='ocrx_word' id='word_1_339' title='bbox 1449 793 1622 846; x_wconf 80' lang='grc' dir='ltr'>ἡμετέραν</span> <span class='ocrx_word' id='word_1_340' title='bbox 1638 795 1910 846; x_wconf 77' lang='grc' dir='ltr'>εὐγνωμοσύνην.</span> <span class='ocrx_word' id='word_1_341' title='bbox 1931 796 2002 834; x_wconf 85' lang='grc' dir='ltr'>Τὸν</span> <span class='ocrx_word' id='word_1_342' title='bbox 2021 795 2089 848; x_wconf 79' lang='grc' dir='ltr'>γὰρ</span> <span class='ocrx_word' id='word_1_343' title='bbox 2107 798 2188 848; x_wconf 81' lang='grc' dir='ltr'>Θεῷ</span> <span class='ocrx_word' id='word_1_344' title='bbox 2201 796 2395 847; x_wconf 89' lang='grc' dir='ltr'>προσάγον-</span> 
     </span>
     <span class='ocr_line' id='line_1_51' title="bbox 1375 855 2395 909; baseline 0.003 -18"><span class='ocrx_word' id='word_1_345' title='bbox 1375 870 1440 902; x_wconf 87' lang='grc' dir='ltr'>τα,</span> <span class='ocrx_word' id='word_1_346' title='bbox 1460 855 1520 892; x_wconf 80' lang='grc' dir='ltr'>καὶ</span> <span class='ocrx_word' id='word_1_347' title='bbox 1542 858 1580 894; x_wconf 83' lang='grc' dir='ltr'>ἐκ</span> <span class='ocrx_word' id='word_1_348' title='bbox 1599 859 1668 893; x_wconf 83' lang='grc' dir='ltr'>τῶν</span> <span class='ocrx_word' id='word_1_349' title='bbox 1693 859 1796 894; x_wconf 80' lang='grc' dir='ltr'>αὐτοῦ</span> <span class='ocrx_word' id='word_1_350' title='bbox 1816 856 2054 909; x_wconf 87' lang='grc' dir='ltr'>προσάγοντα,</span> <span class='ocrx_word' id='word_1_351' title='bbox 2074 856 2134 894; x_wconf 80' lang='grc' dir='ltr'>καὶ</span> <span class='ocrx_word' id='word_1_352' title='bbox 2155 858 2335 894; x_wconf 77' lang='grc' dir='ltr'>ἐννοοῦντα</span> <span class='ocrx_word' id='word_1_353' title='bbox 2355 856 2395 894; x_wconf 86' lang='grc' dir='ltr'>τὸ</span> 
     </span>
     <span class='ocr_line' id='line_1_52' title="bbox 1376 915 2394 970; baseline 0.003 -18"><span class='ocrx_word' id='word_1_354' title='bbox 1376 915 1480 965; x_wconf 84' lang='grc' dir='ltr'>μέσον</span> <span class='ocrx_word' id='word_1_355' title='bbox 1515 918 1578 961; x_wconf 80' lang='grc' dir='ltr'>τῆς</span> <span class='ocrx_word' id='word_1_356' title='bbox 1616 916 1767 968; x_wconf 81' lang='grc' dir='ltr'>φύσεως,</span> <span class='ocrx_word' id='word_1_357' title='bbox 1801 916 1860 955; x_wconf 75' lang='grc' dir='ltr'>καὶ</span> <span class='ocrx_word' id='word_1_358' title='bbox 1905 917 1958 956; x_wconf 77' lang='grc' dir='ltr'>ὅτι</span> <span class='ocrx_word' id='word_1_359' title='bbox 2004 918 2184 970; x_wconf 82' lang='grc' dir='ltr'>ἄνθρωπος</span> <span class='ocrx_word' id='word_1_360' title='bbox 2224 917 2394 965; x_wconf 80' lang='grc' dir='ltr'>τοσαύτης</span> 
     </span>
     <span class='ocr_line' id='line_1_53' title="bbox 1376 974 2394 1030; baseline 0.003 -18"><span class='ocrx_word' id='word_1_361' title='bbox 1376 974 1531 1018; x_wconf 79' lang='grc' dir='ltr'>ἀξιοῦται</span> <span class='ocrx_word' id='word_1_362' title='bbox 1547 980 1608 1022; x_wconf 69' lang='grc' dir='ltr'>τῆς</span> <span class='ocrx_word' id='word_1_363' title='bbox 1623 981 1746 1027; x_wconf 72' lang='grc' dir='ltr'>τιμῆς,</span> <span class='ocrx_word' id='word_1_364' title='bbox 1768 980 1876 1030; x_wconf 72' lang='grc' dir='ltr'>ἐχρῆν</span> <span class='ocrx_word' id='word_1_365' title='bbox 1893 977 1984 1017; x_wconf 78' lang='grc' dir='ltr'>κατὰ</span> <span class='ocrx_word' id='word_1_366' title='bbox 2001 978 2041 1016; x_wconf 91' lang='grc' dir='ltr'>τὸ</span> <span class='ocrx_word' id='word_1_367' title='bbox 2057 980 2231 1029; x_wconf 78' lang='grc' dir='ltr'>ἐγχωροῦν</span> <span class='ocrx_word' id='word_1_368' title='bbox 2253 977 2297 1015; x_wconf 83' lang='grc' dir='ltr'>τὰ</span> <span class='ocrx_word' id='word_1_369' title='bbox 2309 977 2394 1029; x_wconf 78' lang='grc' dir='ltr'>παρ’</span> 
     </span>
     <span class='ocr_line' id='line_1_54' title="bbox 1376 1037 2392 1091; baseline 0.004 -19"><span class='ocrx_word' id='word_1_370' title='bbox 1376 1037 1498 1073; x_wconf 81' lang='grc' dir='ltr'>ἑαυτοῦ</span> <span class='ocrx_word' id='word_1_371' title='bbox 1516 1040 1530 1056; x_wconf 65' lang='lat'>‘⁴&#39;</span> <span class='ocrx_word' id='word_1_372' title='bbox 1541 1037 1797 1076; x_wconf 77' lang='grc' dir='ltr'>ἐπιδείκνυσθαι</span> <span class='ocrx_word' id='word_1_373' title='bbox 1810 1068 1819 1086; x_wconf 88' lang='grc'>,</span> <span class='ocrx_word' id='word_1_374' title='bbox 1842 1039 1901 1076; x_wconf 79' lang='grc' dir='ltr'>καὶ</span> <span class='ocrx_word' id='word_1_375' title='bbox 1916 1038 1960 1076; x_wconf 82' lang='grc' dir='ltr'>τὰ</span> <span class='ocrx_word' id='word_1_376' title='bbox 1981 1038 2173 1091; x_wconf 79' lang='grc' dir='ltr'>τιμιώτερα</span> <span class='ocrx_word' id='word_1_377' title='bbox 2189 1038 2392 1091; x_wconf 79' lang='grc' dir='ltr'>προσάγειν.</span> 
     </span>
     <span class='ocr_line' id='line_1_55' title="bbox 1376 1096 2395 1150; baseline 0.003 -17"><span class='ocrx_word' id='word_1_378' title='bbox 1376 1096 1468 1133; x_wconf 89' lang='grc' dir='ltr'>Ἀλλ’</span> <span class='ocrx_word' id='word_1_379' title='bbox 1488 1096 1552 1149; x_wconf 79' lang='grc' dir='ltr'>ὅρα</span> <span class='ocrx_word' id='word_1_380' title='bbox 1573 1112 1649 1147; x_wconf 89' lang='grc' dir='ltr'>μοι,</span> <span class='ocrx_word' id='word_1_381' title='bbox 1669 1099 1841 1148; x_wconf 83' lang='grc' dir='ltr'>ἀγαπητέ.</span> <span class='ocrx_word' id='word_1_382' title='bbox 1861 1098 1930 1137; x_wconf 76' lang='grc' dir='ltr'>Καὶ</span> <span class='ocrx_word' id='word_1_383' title='bbox 1950 1100 2103 1137; x_wconf 82' lang='grc' dir='ltr'>ἐντεῦθεν</span> <span class='ocrx_word' id='word_1_384' title='bbox 2128 1098 2216 1150; x_wconf 76' lang='grc' dir='ltr'>ἔχων</span> <span class='ocrx_word' id='word_1_385' title='bbox 2237 1098 2395 1150; x_wconf 61' lang='grc' dir='ltr'>ἀφορμὰς</span> 
     </span>
     <span class='ocr_line' id='line_1_56' title="bbox 1375 1156 2395 1208; baseline 0.004 -14"><span class='ocrx_word' id='word_1_386' title='bbox 1375 1156 1461 1208; x_wconf 83' lang='grc' dir='ltr'>πρὸς</span> <span class='ocrx_word' id='word_1_387' title='bbox 1478 1158 1517 1195; x_wconf 84' lang='grc' dir='ltr'>τὸ</span> <span class='ocrx_word' id='word_1_388' title='bbox 1531 1158 1676 1196; x_wconf 86' lang='grc' dir='ltr'>συνιδεῖν</span> <span class='ocrx_word' id='word_1_389' title='bbox 1699 1158 1739 1196; x_wconf 90' lang='grc' dir='ltr'>τὸ</span> <span class='ocrx_word' id='word_1_390' title='bbox 1757 1158 1852 1206; x_wconf 88' lang='grc' dir='ltr'>δέον,</span> <span class='ocrx_word' id='word_1_391' title='bbox 1880 1159 2021 1202; x_wconf 84' lang='grc' dir='ltr'>εἰκότως</span> <span class='ocrx_word' id='word_1_392' title='bbox 2035 1159 2175 1201; x_wconf 77' lang='grc' dir='ltr'>εὐθύνας</span> <span class='ocrx_word' id='word_1_393' title='bbox 2195 1159 2314 1197; x_wconf 83' lang='grc' dir='ltr'>δίδωσι</span> <span class='ocrx_word' id='word_1_394' title='bbox 2338 1159 2395 1198; x_wconf 76' lang='grc' dir='ltr'>διὰ</span> 
     </span>
     <span class='ocr_line' id='line_1_57' title="bbox 1376 1217 2396 1272; baseline 0.002 -17"><span class='ocrx_word' id='word_1_395' title='bbox 1376 1217 1547 1269; x_wconf 81' lang='grc' dir='ltr'>ῥαθυμίαν</span> <span class='ocrx_word' id='word_1_396' title='bbox 1563 1217 1626 1265; x_wconf 82' lang='grc' dir='ltr'>τὴν</span> <span class='ocrx_word' id='word_1_397' title='bbox 1644 1218 1773 1257; x_wconf 81' lang='grc' dir='ltr'>οἰκείαν</span> <span class='ocrx_word' id='word_1_398' title='bbox 1799 1218 1979 1271; x_wconf 72' lang='grc' dir='ltr'>προδιδοὺς</span> <span class='ocrx_word' id='word_1_399' title='bbox 1999 1218 2186 1270; x_wconf 84' lang='grc' dir='ltr'>σωτηρίαν.</span> <span class='ocrx_word' id='word_1_400' title='bbox 2209 1219 2302 1257; x_wconf 86' lang='grc' dir='ltr'>Οὔτε</span> <span class='ocrx_word' id='word_1_401' title='bbox 2328 1220 2396 1272; x_wconf 86' lang='grc' dir='ltr'>γὰρ</span> 
     </span>
     <span class='ocr_line' id='line_1_58' title="bbox 1374 1274 2396 1332; baseline 0.001 -17"><span class='ocrx_word' id='word_1_402' title='bbox 1374 1277 1502 1323; x_wconf 83' lang='grc' dir='ltr'>ἐκεῖνός</span> <span class='ocrx_word' id='word_1_403' title='bbox 1519 1295 1597 1317; x_wconf 89' lang='grc' dir='ltr'>τινα</span> <span class='ocrx_word' id='word_1_404' title='bbox 1614 1279 1694 1332; x_wconf 82' lang='grc' dir='ltr'>ἔσχε</span> <span class='ocrx_word' id='word_1_405' title='bbox 1710 1281 1768 1318; x_wconf 87' lang='grc' dir='ltr'>τὸν</span> <span class='ocrx_word' id='word_1_406' title='bbox 1791 1279 1998 1318; x_wconf 85' lang='grc' dir='ltr'>διδάσκοντα</span> <span class='ocrx_word' id='word_1_407' title='bbox 2010 1309 2019 1327; x_wconf 91' lang='grc'>,</span> <span class='ocrx_word' id='word_1_408' title='bbox 2041 1279 2118 1318; x_wconf 85' lang='grc' dir='ltr'>οὔτε</span> <span class='ocrx_word' id='word_1_409' title='bbox 2133 1274 2230 1323; x_wconf 69' lang='grc' dir='ltr'>οῧτός</span> <span class='ocrx_word' id='word_1_410' title='bbox 2247 1295 2324 1317; x_wconf 88' lang='grc' dir='ltr'>τινα</span> <span class='ocrx_word' id='word_1_411' title='bbox 2338 1279 2396 1318; x_wconf 82' lang='grc' dir='ltr'>τὸν</span> 
     </span>
     <span class='ocr_line' id='line_1_59' title="bbox 1374 1340 2397 1391; baseline 0.001 -14"><span class='ocrx_word' id='word_1_412' title='bbox 1374 1340 1618 1390; x_wconf 82' lang='grc' dir='ltr'>ὑποτιθέμενον</span> <span class='ocrx_word' id='word_1_413' title='bbox 1641 1341 1699 1378; x_wconf 89' lang='grc' dir='ltr'>καὶ</span> <span class='ocrx_word' id='word_1_414' title='bbox 1716 1340 2010 1391; x_wconf 72' lang='grc' dir='ltr'>συμὸουλεύοντα,</span> <span class='ocrx_word' id='word_1_415' title='bbox 2026 1342 2102 1378; x_wconf 81' lang='grc' dir='ltr'>ἀλλ’</span> <span class='ocrx_word' id='word_1_416' title='bbox 2122 1340 2267 1383; x_wconf 84' lang='grc' dir='ltr'>ἕκαστος</span> <span class='ocrx_word' id='word_1_417' title='bbox 2280 1343 2319 1378; x_wconf 83' lang='grc' dir='ltr'>ἐκ</span> <span class='ocrx_word' id='word_1_418' title='bbox 2333 1344 2397 1387; x_wconf 79' lang='grc' dir='ltr'>τῆς</span> 
     </span>
     <span class='ocr_line' id='line_1_60' title="bbox 1373 1400 2396 1452; baseline 0.002 -15"><span class='ocrx_word' id='word_1_419' title='bbox 1373 1404 1433 1437; x_wconf 88' lang='grc' dir='ltr'>τοῦ</span> <span class='ocrx_word' id='word_1_420' title='bbox 1456 1400 1647 1444; x_wconf 81' lang='grc' dir='ltr'>συνειδότος</span> <span class='ocrx_word' id='word_1_421' title='bbox 1672 1401 1917 1449; x_wconf 81' lang='grc' dir='ltr'>διδασκαλίας,</span> <span class='ocrx_word' id='word_1_422' title='bbox 1943 1401 2003 1439; x_wconf 86' lang='grc' dir='ltr'>καὶ</span> <span class='ocrx_word' id='word_1_423' title='bbox 2031 1405 2094 1448; x_wconf 79' lang='grc' dir='ltr'>τῆς</span> <span class='ocrx_word' id='word_1_424' title='bbox 2125 1401 2255 1440; x_wconf 83' lang='grc' dir='ltr'>ἄνωθεν</span> <span class='ocrx_word' id='word_1_425' title='bbox 2274 1401 2396 1452; x_wconf 77' lang='grc' dir='ltr'>σοφίας</span> 
     </span>
     <span class='ocr_line' id='line_1_61' title="bbox 1374 1461 2396 1514; baseline 0.002 -16"><span class='ocrx_word' id='word_1_426' title='bbox 1374 1464 1424 1513; x_wconf 83' lang='grc' dir='ltr'>τῷ</span> <span class='ocrx_word' id='word_1_427' title='bbox 1457 1464 1526 1499; x_wconf 81' lang='grc' dir='ltr'>τῶν</span> <span class='ocrx_word' id='word_1_428' title='bbox 1563 1461 1752 1513; x_wconf 87' lang='grc' dir='ltr'>ἀνθρώπων</span> <span class='ocrx_word' id='word_1_429' title='bbox 1790 1462 1879 1513; x_wconf 84' lang='grc' dir='ltr'>γένει</span> <span class='ocrx_word' id='word_1_430' title='bbox 1902 1461 2158 1514; x_wconf 74' lang='grc' dir='ltr'>χορηγηθείσης</span> <span class='ocrx_word' id='word_1_431' title='bbox 2195 1462 2396 1512; x_wconf 84' lang='grc' dir='ltr'>κινούμενος</span> 
     </span>
     <span class='ocr_line' id='line_1_62' title="bbox 1373 1520 2396 1574; baseline 0.002 -16"><span class='ocrx_word' id='word_1_432' title='bbox 1373 1520 1538 1574; x_wconf 82' lang='grc' dir='ltr'>ὥρμησεν</span> <span class='ocrx_word' id='word_1_433' title='bbox 1554 1521 1611 1560; x_wconf 75' lang='grc' dir='ltr'>ἐπὶ</span> <span class='ocrx_word' id='word_1_434' title='bbox 1629 1521 1691 1568; x_wconf 84' lang='grc' dir='ltr'>τὴν</span> <span class='ocrx_word' id='word_1_435' title='bbox 1716 1522 1878 1569; x_wconf 82' lang='grc' dir='ltr'>τοιαύτην</span> <span class='ocrx_word' id='word_1_436' title='bbox 1901 1522 2151 1574; x_wconf 76' lang='grc' dir='ltr'>προσαγωγην·</span> <span class='ocrx_word' id='word_1_437' title='bbox 2174 1523 2251 1559; x_wconf 85' lang='grc' dir='ltr'>ἀλλ’</span> <span class='ocrx_word' id='word_1_438' title='bbox 2277 1526 2299 1569; x_wconf 85' lang='grc' dir='ltr'>ἡ</span> <span class='ocrx_word' id='word_1_439' title='bbox 2322 1523 2396 1560; x_wconf 74' lang='grc' dir='ltr'>δια·</span> 
     </span>
     <span class='ocr_line' id='line_1_63' title="bbox 1374 1582 2397 1636; baseline 0 -16"><span class='ocrx_word' id='word_1_440' title='bbox 1374 1582 1463 1634; x_wconf 82' lang='grc' dir='ltr'>φορὰ</span> <span class='ocrx_word' id='word_1_441' title='bbox 1479 1585 1541 1629; x_wconf 74' lang='grc' dir='ltr'>τῆς</span> <span class='ocrx_word' id='word_1_442' title='bbox 1557 1582 1699 1634; x_wconf 86' lang='grc' dir='ltr'>γνώμης</span> <span class='ocrx_word' id='word_1_443' title='bbox 1712 1583 1833 1621; x_wconf 89' lang='grc' dir='ltr'>λοιπὸν</span> <span class='ocrx_word' id='word_1_444' title='bbox 1852 1583 1912 1622; x_wconf 85' lang='grc' dir='ltr'>καὶ</span> <span class='ocrx_word' id='word_1_445' title='bbox 1929 1586 1990 1629; x_wconf 79' lang='grc' dir='ltr'>τῆς</span> <span class='ocrx_word' id='word_1_446' title='bbox 2004 1582 2238 1634; x_wconf 88' lang='grc' dir='ltr'>προαιρέσεως</span> <span class='ocrx_word' id='word_1_447' title='bbox 2256 1585 2278 1628; x_wconf 77' lang='grc' dir='ltr'>ἦ</span> <span class='ocrx_word' id='word_1_448' title='bbox 2297 1585 2397 1636; x_wconf 75' lang='grc' dir='ltr'>ῥᾳθυ·</span> 
     </span>
     <span class='ocr_line' id='line_1_64' title="bbox 1376 1641 2395 1694; baseline 0 -15"><span class='ocrx_word' id='word_1_449' title='bbox 1376 1641 1440 1692; x_wconf 89' lang='grc' dir='ltr'>μία</span> <span class='ocrx_word' id='word_1_450' title='bbox 1462 1647 1522 1680; x_wconf 88' lang='grc' dir='ltr'>τοῦ</span> <span class='ocrx_word' id='word_1_451' title='bbox 1551 1643 1612 1692; x_wconf 84' lang='grc' dir='ltr'>μὲν</span> <span class='ocrx_word' id='word_1_452' title='bbox 1629 1643 1878 1694; x_wconf 80' lang='grc' dir='ltr'>εὖπρόσδεκτον</span> <span class='ocrx_word' id='word_1_453' title='bbox 1897 1642 2040 1689; x_wconf 80' lang='grc' dir='ltr'>ἐποίησε</span> <span class='ocrx_word' id='word_1_454' title='bbox 2063 1642 2126 1688; x_wconf 83' lang='grc' dir='ltr'>τὴν</span> <span class='ocrx_word' id='word_1_455' title='bbox 2146 1642 2395 1694; x_wconf 79' lang='grc' dir='ltr'>προσαγωγὴν,</span> 
     </span>
     <span class='ocr_line' id='line_1_65' title="bbox 1374 1703 2397 1751; baseline 0.001 -10"><span class='ocrx_word' id='word_1_456' title='bbox 1374 1708 1434 1742; x_wconf 89' lang='grc' dir='ltr'>τοῦ</span> <span class='ocrx_word' id='word_1_457' title='bbox 1450 1704 1486 1741; x_wconf 82' lang='grc' dir='ltr'>δὲ</span> <span class='ocrx_word' id='word_1_458' title='bbox 1502 1703 1713 1751; x_wconf 68' lang='grc' dir='ltr'>ἀπόὸλητον.</span> <span class='ocrx_word' id='word_1_459' title='bbox 1732 1704 1802 1742; x_wconf 81' lang='grc' dir='ltr'>Καὶ</span> <span class='ocrx_word' id='word_1_460' title='bbox 1821 1706 1954 1742; x_wconf 80' lang='grc' dir='ltr'>ἐπεῖδεν</span> <span class='ocrx_word' id='word_1_461' title='bbox 1973 1708 1991 1742; x_wconf 84' lang='grc' dir='ltr'>ὃ</span> <span class='ocrx_word' id='word_1_462' title='bbox 2009 1705 2097 1748; x_wconf 82' lang='grc' dir='ltr'>Θεὸς</span> <span class='ocrx_word' id='word_1_463' title='bbox 2116 1704 2174 1743; x_wconf 82' lang='grc' dir='ltr'>ἐπὶ</span> <span class='ocrx_word' id='word_1_464' title='bbox 2192 1703 2317 1751; x_wconf 65' lang='grc' dir='ltr'>Ἀδελ,</span> <span class='ocrx_word' id='word_1_465' title='bbox 2338 1705 2397 1743; x_wconf 85' lang='grc' dir='ltr'>καὶ</span> 
     </span>
     <span class='ocr_line' id='line_1_66' title="bbox 1375 1764 2397 1817; baseline -0.001 -13"><span class='ocrx_word' id='word_1_466' title='bbox 1375 1765 1432 1804; x_wconf 79' lang='grc' dir='ltr'>ἐπὶ</span> <span class='ocrx_word' id='word_1_467' title='bbox 1455 1771 1525 1808; x_wconf 84' lang='grc' dir='ltr'>τοῖς</span> <span class='ocrx_word' id='word_1_468' title='bbox 1541 1765 1662 1817; x_wconf 86' lang='grc' dir='ltr'>δώροις</span> <span class='ocrx_word' id='word_1_469' title='bbox 1683 1767 1799 1804; x_wconf 84' lang='grc' dir='ltr'>αὐτοῦ.</span> <span class='ocrx_word' id='word_1_470' title='bbox 1813 1764 1910 1817; x_wconf 69' lang='lat' dir='ltr'><strong>‘&#39;Opoe</strong></span> <span class='ocrx_word' id='word_1_471' title='bbox 1937 1767 2013 1808; x_wconf 87' lang='grc' dir='ltr'>πῶς</span> <span class='ocrx_word' id='word_1_472' title='bbox 2031 1767 2227 1817; x_wconf 86' lang='grc' dir='ltr'>πληροῦται</span> <span class='ocrx_word' id='word_1_473' title='bbox 2251 1767 2397 1804; x_wconf 83' lang='grc' dir='ltr'>ἐνταῦθα</span> 
     </span>
     <span class='ocr_line' id='line_1_67' title="bbox 1374 1824 2396 1879; baseline 0 -16"><span class='ocrx_word' id='word_1_474' title='bbox 1374 1824 1414 1863; x_wconf 90' lang='grc' dir='ltr'>τὸ</span> <span class='ocrx_word' id='word_1_475' title='bbox 1431 1828 1465 1864; x_wconf 82' lang='grc' dir='ltr'>ἐν</span> <span class='ocrx_word' id='word_1_476' title='bbox 1484 1827 1534 1878; x_wconf 85' lang='grc' dir='ltr'>τῷ</span> <span class='ocrx_word' id='word_1_477' title='bbox 1553 1825 1744 1879; x_wconf 81' lang='grc' dir='ltr'>εὐαγγελίῳ</span> <span class='ocrx_word' id='word_1_478' title='bbox 1773 1826 1968 1878; x_wconf 83' lang='grc' dir='ltr'>εἰρημένον,</span> <span class='ocrx_word' id='word_1_479' title='bbox 1991 1825 2044 1864; x_wconf 80' lang='grc' dir='ltr'>ὅτι</span> <span class='ocrx_word' id='word_1_480' title='bbox 2062 1825 2198 1864; x_wconf 85' lang='grc' dir='ltr'>ἔσονται</span> <span class='ocrx_word' id='word_1_481' title='bbox 2214 1827 2244 1864; x_wconf 77' lang='grc' dir='ltr'>οἵ</span> <span class='ocrx_word' id='word_1_482' title='bbox 2264 1830 2396 1877; x_wconf 86' lang='grc' dir='ltr'>πρῶτοι</span> 
     </span>
     <span class='ocr_line' id='line_1_68' title="bbox 1374 1885 2397 1939; baseline 0.001 -15"><span class='ocrx_word' id='word_1_483' title='bbox 1374 1885 1534 1938; x_wconf 81' lang='grc' dir='ltr'>ἔσχατοι,</span> <span class='ocrx_word' id='word_1_484' title='bbox 1553 1885 1613 1924; x_wconf 82' lang='grc' dir='ltr'>καὶ</span> <span class='ocrx_word' id='word_1_485' title='bbox 1636 1888 1667 1924; x_wconf 78' lang='grc' dir='ltr'>οἱ</span> <span class='ocrx_word' id='word_1_486' title='bbox 1696 1885 1842 1938; x_wconf 79' lang='grc' dir='ltr'>ἔσχατοι</span> <span class='ocrx_word' id='word_1_487' title='bbox 1857 1890 2003 1939; x_wconf 84' lang='grc' dir='ltr'>πρῶτοι.</span> <span class='ocrx_word' id='word_1_488' title='bbox 2031 1885 2120 1925; x_wconf 80' lang='grc' dir='ltr'>Ἰδοὺ</span> <span class='ocrx_word' id='word_1_489' title='bbox 2141 1886 2209 1938; x_wconf 78' lang='grc' dir='ltr'>γὰρ</span> <span class='ocrx_word' id='word_1_490' title='bbox 2236 1887 2297 1924; x_wconf 82' lang='grc' dir='ltr'>καὶ</span> <span class='ocrx_word' id='word_1_491' title='bbox 2328 1888 2397 1925; x_wconf 86' lang='grc' dir='ltr'>ἀπὸ</span> 
     </span>
     <span class='ocr_line' id='line_1_69' title="bbox 1373 1946 2397 2000; baseline -0.001 -16"><span class='ocrx_word' id='word_1_492' title='bbox 1373 1950 1442 1985; x_wconf 85' lang='grc' dir='ltr'>τῶν</span> <span class='ocrx_word' id='word_1_493' title='bbox 1456 1946 1468 1968; x_wconf 74' lang='lat'><strong><em>¹</em></strong></span> <span class='ocrx_word' id='word_1_494' title='bbox 1478 1946 1724 1999; x_wconf 87' lang='grc' dir='ltr'>πρωτοτοκίων</span> <span class='ocrx_word' id='word_1_495' title='bbox 1737 1947 1826 1999; x_wconf 78' lang='grc' dir='ltr'>ἔχων</span> <span class='ocrx_word' id='word_1_496' title='bbox 1839 1946 2045 1999; x_wconf 89' lang='grc' dir='ltr'>προτέρημα</span> <span class='ocrx_word' id='word_1_497' title='bbox 2054 1976 2064 1994; x_wconf 87' lang='grc'>,</span> <span class='ocrx_word' id='word_1_498' title='bbox 2075 1946 2134 1985; x_wconf 81' lang='grc' dir='ltr'>καὶ</span> <span class='ocrx_word' id='word_1_499' title='bbox 2146 1948 2282 2000; x_wconf 85' lang='grc' dir='ltr'>πρῶτος</span> <span class='ocrx_word' id='word_1_500' title='bbox 2296 1947 2397 1993; x_wconf 71' lang='grc' dir='ltr'>δῆθεν</span> 
     </span>
     <span class='ocr_line' id='line_1_70' title="bbox 1373 2006 2396 2060; baseline -0.002 -14"><span class='ocrx_word' id='word_1_501' title='bbox 1373 2007 1627 2060; x_wconf 84' lang='grc' dir='ltr'>προσενεγκὼν,</span> <span class='ocrx_word' id='word_1_502' title='bbox 1643 2007 1766 2054; x_wconf 79' lang='grc' dir='ltr'>ἐπειδὴ</span> <span class='ocrx_word' id='word_1_503' title='bbox 1791 2006 1839 2058; x_wconf 86' lang='grc' dir='ltr'>μὴ</span> <span class='ocrx_word' id='word_1_504' title='bbox 1864 2007 2006 2051; x_wconf 87' lang='grc' dir='ltr'>δεόντως</span> <span class='ocrx_word' id='word_1_505' title='bbox 2024 2007 2273 2060; x_wconf 76' lang='grc' dir='ltr'>προσήνεγκεν,</span> <span class='ocrx_word' id='word_1_506' title='bbox 2296 2006 2396 2045; x_wconf 83' lang='grc' dir='ltr'>ἐλάτ-</span> 
     </span>
     <span class='ocr_line' id='line_1_71' title="bbox 1373 2066 2398 2121; baseline -0.001 -15"><span class='ocrx_word' id='word_1_507' title='bbox 1373 2084 1442 2106; x_wconf 86' lang='grc' dir='ltr'>των</span> <span class='ocrx_word' id='word_1_508' title='bbox 1470 2068 1567 2120; x_wconf 77' lang='grc' dir='ltr'>ὤφθη</span> <span class='ocrx_word' id='word_1_509' title='bbox 1588 2071 1648 2106; x_wconf 89' lang='grc' dir='ltr'>τοῦ</span> <span class='ocrx_word' id='word_1_510' title='bbox 1679 2069 1842 2119; x_wconf 82' lang='grc' dir='ltr'>ἀδελφοῦ.</span> <span class='ocrx_word' id='word_1_511' title='bbox 1875 2066 2094 2120; x_wconf 75' lang='grc' dir='ltr'>Ἀμφοτέρων</span> <span class='ocrx_word' id='word_1_512' title='bbox 2115 2067 2183 2119; x_wconf 86' lang='grc' dir='ltr'>γὰρ</span> <span class='ocrx_word' id='word_1_513' title='bbox 2212 2083 2398 2121; x_wconf 83' lang='grc' dir='ltr'>προσενεγ·</span> 
     </span>
     <span class='ocr_line' id='line_1_72' title="bbox 1375 2128 2398 2181; baseline -0.001 -14"><span class='ocrx_word' id='word_1_514' title='bbox 1375 2129 1524 2175; x_wconf 88' lang='grc' dir='ltr'>κάντων,</span> <span class='ocrx_word' id='word_1_515' title='bbox 1547 2128 1651 2180; x_wconf 76' lang='grc' dir='ltr'>φησὶν</span> <span class='ocrx_word' id='word_1_516' title='bbox 1682 2132 1704 2174; x_wconf 76' lang='grc' dir='ltr'>ἡ</span> <span class='ocrx_word' id='word_1_517' title='bbox 1728 2128 1803 2166; x_wconf 86' lang='grc' dir='ltr'>θεία</span> <span class='ocrx_word' id='word_1_518' title='bbox 1831 2130 1859 2166; x_wconf 91' lang='grc' dir='ltr'><strong>Γ</strong></span> <span class='ocrx_word' id='word_1_519' title='bbox 1864 2128 1974 2181; x_wconf 81' lang='grc' dir='ltr'>ραφὴ,</span> <span class='ocrx_word' id='word_1_520' title='bbox 1994 2128 2065 2166; x_wconf 77' lang='grc' dir='ltr'>Καὶ</span> <span class='ocrx_word' id='word_1_521' title='bbox 2097 2129 2230 2166; x_wconf 84' lang='grc' dir='ltr'>ἐπεῖδεν</span> <span class='ocrx_word' id='word_1_522' title='bbox 2258 2131 2276 2166; x_wconf 82' lang='grc' dir='ltr'><strong>ὁ</strong></span> <span class='ocrx_word' id='word_1_523' title='bbox 2308 2129 2398 2172; x_wconf 85' lang='grc' dir='ltr'>Θεὸς</span> 
     </span>
     <span class='ocr_line' id='line_1_73' title="bbox 1377 2187 2396 2240; baseline -0.001 -13"><span class='ocrx_word' id='word_1_524' title='bbox 1377 2189 1434 2228; x_wconf 81' lang='grc' dir='ltr'>ἐπὶ</span> <span class='ocrx_word' id='word_1_525' title='bbox 1453 2188 1557 2227; x_wconf 49' lang='lat' dir='ltr'><strong>”Aegi</strong></span> <span class='ocrx_word' id='word_1_526' title='bbox 1585 2188 1645 2227; x_wconf 76' lang='grc' dir='ltr'>καὶ</span> <span class='ocrx_word' id='word_1_527' title='bbox 1674 2189 1730 2227; x_wconf 74' lang='grc' dir='ltr'>ἐπὶ</span> <span class='ocrx_word' id='word_1_528' title='bbox 1759 2194 1830 2232; x_wconf 91' lang='grc' dir='ltr'>τοῖς</span> <span class='ocrx_word' id='word_1_529' title='bbox 1850 2187 1971 2240; x_wconf 85' lang='grc' dir='ltr'>δώροις</span> <span class='ocrx_word' id='word_1_530' title='bbox 2002 2190 2118 2226; x_wconf 74' lang='grc' dir='ltr'>αὐτοῦ.</span> <span class='ocrx_word' id='word_1_531' title='bbox 2134 2188 2182 2226; x_wconf 89' lang='grc' dir='ltr'>Τί</span> <span class='ocrx_word' id='word_1_532' title='bbox 2201 2191 2298 2234; x_wconf 82' lang='grc' dir='ltr'>ἐστι,</span> <span class='ocrx_word' id='word_1_533' title='bbox 2327 2189 2396 2226; x_wconf 77' lang='grc' dir='ltr'>Καὶ</span> 
     </span>
     <span class='ocr_line' id='line_1_74' title="bbox 1376 2248 2397 2301; baseline -0.003 -12"><span class='ocrx_word' id='word_1_534' title='bbox 1376 2251 1527 2298; x_wconf 78' lang='grc' dir='ltr'>ἐπεῖδεν;</span> <span class='ocrx_word' id='word_1_535' title='bbox 1547 2250 1638 2288; x_wconf 78' lang='grc' dir='ltr'>Ἀντὶ</span> <span class='ocrx_word' id='word_1_536' title='bbox 1657 2253 1737 2297; x_wconf 87' lang='grc' dir='ltr'>τοῦ,</span> <span class='ocrx_word' id='word_1_537' title='bbox 1758 2248 1971 2296; x_wconf 81' lang='grc' dir='ltr'>ἀπεδέξατο,</span> <span class='ocrx_word' id='word_1_538' title='bbox 1992 2248 2138 2300; x_wconf 75' lang='grc' dir='ltr'>ἐπῄνεσε</span> <span class='ocrx_word' id='word_1_539' title='bbox 2159 2248 2221 2295; x_wconf 78' lang='grc' dir='ltr'>τὴν</span> <span class='ocrx_word' id='word_1_540' title='bbox 2241 2248 2397 2301; x_wconf 84' lang='grc' dir='ltr'>γνώμην,</span> 
     </span>
     <span class='ocr_line' id='line_1_75' title="bbox 1378 2308 2399 2363; baseline -0.002 -14"><span class='ocrx_word' id='word_1_541' title='bbox 1378 2311 1596 2363; x_wconf 82' lang='grc' dir='ltr'>ἐστεφάνωσε</span> <span class='ocrx_word' id='word_1_542' title='bbox 1610 2309 1672 2358; x_wconf 78' lang='grc' dir='ltr'>τὴν</span> <span class='ocrx_word' id='word_1_543' title='bbox 1689 2309 1905 2362; x_wconf 80' lang='grc' dir='ltr'>προαίρεσιν,</span> <span class='ocrx_word' id='word_1_544' title='bbox 1921 2310 2074 2361; x_wconf 84' lang='grc' dir='ltr'>ἠρκέσθη</span> <span class='ocrx_word' id='word_1_545' title='bbox 2087 2340 2096 2358; x_wconf 82' lang='grc'>,</span> <span class='ocrx_word' id='word_1_546' title='bbox 2108 2312 2154 2354; x_wconf 81' lang='grc' dir='ltr'>ὡς</span> <span class='ocrx_word' id='word_1_547' title='bbox 2170 2308 2210 2347; x_wconf 77' lang='grc' dir='ltr'>ἂν</span> <span class='ocrx_word' id='word_1_548' title='bbox 2227 2309 2399 2354; x_wconf 85' lang='grc' dir='ltr'>εἴποιτις,</span> 
     </span>
    </p>
   </div>
   <div class='ocr_carea' id='block_1_13' title="bbox 353 2362 2398 2424">
    <p class='ocr_par' dir='ltr' id='par_1_18' title="bbox 353 2362 2398 2424">
     <span class='ocr_line' id='line_1_76' title="bbox 353 2362 2398 2424; baseline 0.001 -17"><span class='ocrx_word' id='word_1_549' title='bbox 353 2369 493 2415; x_wconf 87' lang='lat' dir='ltr'><strong>demus,</strong></span> <span class='ocrx_word' id='word_1_550' title='bbox 510 2366 587 2415; x_wconf 86' lang='lat' dir='ltr'><strong>sed,</strong></span> <span class='ocrx_word' id='word_1_551' title='bbox 612 2379 694 2403; x_wconf 89' lang='lat' dir='ltr'>cum</span> <span class='ocrx_word' id='word_1_552' title='bbox 713 2364 874 2402; x_wconf 86' lang='lat' dir='ltr'><strong>homines</strong></span> <span class='ocrx_word' id='word_1_553' title='bbox 889 2362 1012 2411; x_wconf 89' lang='lat' dir='ltr'><strong>simus,</strong></span> <span class='ocrx_word' id='word_1_554' title='bbox 1033 2377 1101 2400; x_wconf 90' lang='lat' dir='ltr'>non</span> <span class='ocrx_word' id='word_1_555' title='bbox 1115 2377 1304 2415; x_wconf 89' lang='lat' dir='ltr'><strong>possumus</strong></span> <span class='ocrx_word' id='word_1_556' title='bbox 1330 2381 1354 2409; x_wconf 77' lang='grc' dir='ltr'>Λ</span> <span class='ocrx_word' id='word_1_557' title='bbox 1375 2375 1424 2424; x_wconf 68' lang='grc' dir='ltr'>τῷ</span> <span class='ocrx_word' id='word_1_558' title='bbox 1443 2372 1612 2422; x_wconf 84' lang='grc' dir='ltr'>γεγονότι,</span> <span class='ocrx_word' id='word_1_559' title='bbox 1632 2372 1675 2409; x_wconf 81' lang='grc' dir='ltr'>Εἰ</span> <span class='ocrx_word' id='word_1_560' title='bbox 1694 2371 1762 2424; x_wconf 86' lang='grc' dir='ltr'>γὰρ</span> <span class='ocrx_word' id='word_1_561' title='bbox 1781 2371 1840 2409; x_wconf 89' lang='grc' dir='ltr'>καὶ</span> <span class='ocrx_word' id='word_1_562' title='bbox 1866 2371 1947 2422; x_wconf 83' lang='grc' dir='ltr'>περὶ</span> <span class='ocrx_word' id='word_1_563' title='bbox 1966 2372 2059 2409; x_wconf 82' lang='grc' dir='ltr'>Θεοῦ</span> <span class='ocrx_word' id='word_1_564' title='bbox 2087 2370 2322 2423; x_wconf 81' lang='grc' dir='ltr'>φθεγγόμεθα,</span> <span class='ocrx_word' id='word_1_565' title='bbox 2338 2372 2398 2409; x_wconf 83' lang='grc' dir='ltr'>καὶ</span> 
     </span>
    </p>
   </div>
   <div class='ocr_carea' id='block_1_14' title="bbox 353 2424 1351 3211">
    <p class='ocr_par' dir='ltr' id='par_1_19' title="bbox 353 2424 1351 3211">
     <span class='ocr_line' id='line_1_77' title="bbox 353 2424 1304 2479; baseline -0.005 -12"><span class='ocrx_word' id='word_1_566' title='bbox 353 2430 430 2467; x_wconf 80' lang='lat' dir='ltr'><strong>haec</strong></span> <span class='ocrx_word' id='word_1_567' title='bbox 446 2429 548 2467; x_wconf 89' lang='lat' dir='ltr'><strong>aliter</strong></span> <span class='ocrx_word' id='word_1_568' title='bbox 564 2441 672 2479; x_wconf 88' lang='lat' dir='ltr'><strong>quam</strong></span> <span class='ocrx_word' id='word_1_569' title='bbox 690 2439 755 2478; x_wconf 85' lang='lat' dir='ltr'>per</span> <span class='ocrx_word' id='word_1_570' title='bbox 774 2425 933 2476; x_wconf 85' lang='lat' dir='ltr'><strong>linguam</strong></span> <span class='ocrx_word' id='word_1_571' title='bbox 946 2424 1136 2476; x_wconf 84' lang='lat' dir='ltr'><strong>percipere.</strong></span> <span class='ocrx_word' id='word_1_572' title='bbox 1154 2424 1304 2462; x_wconf 83' lang='lat' dir='ltr'><strong>Attende</strong></span> 
     </span>
     <span class='ocr_line' id='line_1_78' title="bbox 355 2491 1300 2545; baseline -0.008 -8"><span class='ocrx_word' id='word_1_573' title='bbox 355 2512 429 2537; x_wconf 89' lang='lat' dir='ltr'>rem</span> <span class='ocrx_word' id='word_1_574' title='bbox 451 2496 592 2534; x_wconf 83' lang='lat' dir='ltr'><strong>miram.</strong></span> <span class='ocrx_word' id='word_1_575' title='bbox 615 2494 796 2545; x_wconf 77' lang='lat' dir='ltr'><strong>Aspexit,</strong></span> <span class='ocrx_word' id='word_1_576' title='bbox 813 2491 940 2543; x_wconf 87' lang='lat' dir='ltr'><strong>inquit,</strong></span> <span class='ocrx_word' id='word_1_577' title='bbox 964 2493 1071 2530; x_wconf 79' lang='lat' dir='ltr'><strong>Deus</strong></span> <span class='ocrx_word' id='word_1_578' title='bbox 1095 2493 1150 2530; x_wconf 85' lang='lat' dir='ltr'>ad</span> <span class='ocrx_word' id='word_1_579' title='bbox 1181 2492 1300 2538; x_wconf 80' lang='lat' dir='ltr'><strong>Abel,</strong></span> 
     </span>
     <span class='ocr_line' id='line_1_79' title="bbox 353 2554 1304 2614; baseline -0.005 -10"><span class='ocrx_word' id='word_1_580' title='bbox 353 2575 391 2604; x_wconf 79' lang='lat' dir='ltr'>et</span> <span class='ocrx_word' id='word_1_581' title='bbox 410 2566 464 2603; x_wconf 82' lang='lat' dir='ltr'>ad</span> <span class='ocrx_word' id='word_1_582' title='bbox 482 2565 586 2602; x_wconf 83' lang='lat' dir='ltr'><strong>dona</strong></span> <span class='ocrx_word' id='word_1_583' title='bbox 606 2564 736 2614; x_wconf 80' lang='lat' dir='ltr'><strong>ipsius.</strong></span> <span class='ocrx_word' id='word_1_584' title='bbox 752 2559 886 2598; x_wconf 85' lang='lat' dir='ltr'><strong>Ovium</strong></span> <span class='ocrx_word' id='word_1_585' title='bbox 901 2559 1116 2597; x_wconf 79' lang='lat' dir='ltr'><strong>oblationem</strong></span> <span class='ocrx_word' id='word_1_586' title='bbox 1133 2554 1226 2597; x_wconf 85' lang='lat' dir='ltr'><strong>dona</strong></span> <span class='ocrx_word' id='word_1_587' title='bbox 1242 2575 1304 2599; x_wconf 72' lang='lat' dir='ltr'><strong>vo-</strong></span> 
     </span>
     <span class='ocr_line' id='line_1_80' title="bbox 354 2625 1303 2681; baseline -0.005 -11"><span class='ocrx_word' id='word_1_588' title='bbox 354 2632 448 2672; x_wconf 81' lang='lat' dir='ltr'><strong>cavit</strong></span> <span class='ocrx_word' id='word_1_589' title='bbox 473 2647 480 2668; x_wconf 91' lang='lat'><strong>:</strong></span> <span class='ocrx_word' id='word_1_590' title='bbox 504 2630 587 2681; x_wconf 89' lang='lat' dir='ltr'><strong>quia</strong></span> <span class='ocrx_word' id='word_1_591' title='bbox 611 2627 780 2681; x_wconf 84' lang='lat' dir='ltr'><strong>pretiosa,</strong></span> <span class='ocrx_word' id='word_1_592' title='bbox 816 2625 947 2663; x_wconf 79' lang='lat' dir='ltr'><strong>eximia</strong></span> <span class='ocrx_word' id='word_1_593' title='bbox 966 2655 977 2673; x_wconf 90' lang='lat'><strong>,</strong></span> <span class='ocrx_word' id='word_1_594' title='bbox 1007 2634 1040 2663; x_wconf 88' lang='lat' dir='ltr'>et</span> <span class='ocrx_word' id='word_1_595' title='bbox 1078 2625 1303 2665; x_wconf 82' lang='lat' dir='ltr'><strong>immaculata</strong></span> 
     </span>
     <span class='ocr_line' id='line_1_81' title="bbox 354 2691 1304 2747; baseline -0.005 -10"><span class='ocrx_word' id='word_1_596' title='bbox 354 2697 539 2737; x_wconf 83' lang='lat' dir='ltr'><strong>obtulerat.</strong></span> <span class='ocrx_word' id='word_1_597' title='bbox 558 2694 705 2747; x_wconf 76' lang='lat' dir='ltr'><strong>Aspexit</strong></span> <span class='ocrx_word' id='word_1_598' title='bbox 719 2693 831 2744; x_wconf 86' lang='lat' dir='ltr'><strong>igitur</strong></span> <span class='ocrx_word' id='word_1_599' title='bbox 852 2691 897 2729; x_wconf 81' lang='lat' dir='ltr'>ad</span> <span class='ocrx_word' id='word_1_600' title='bbox 917 2691 1051 2743; x_wconf 86' lang='lat' dir='ltr'><strong>ipsum,</strong></span> <span class='ocrx_word' id='word_1_601' title='bbox 1073 2691 1154 2742; x_wconf 87' lang='lat' dir='ltr'><strong>quia</strong></span> <span class='ocrx_word' id='word_1_602' title='bbox 1174 2707 1258 2731; x_wconf 88' lang='lat' dir='ltr'><strong>sano</strong></span> <span class='ocrx_word' id='word_1_603' title='bbox 1271 2703 1304 2732; x_wconf 91' lang='lat' dir='ltr'>ct</span> 
     </span>
     <span class='ocr_line' id='line_1_82' title="bbox 355 2758 1303 2809; baseline -0.007 -4"><span class='ocrx_word' id='word_1_604' title='bbox 355 2768 489 2805; x_wconf 85' lang='lat' dir='ltr'><strong>sincero</strong></span> <span class='ocrx_word' id='word_1_605' title='bbox 501 2763 619 2802; x_wconf 86' lang='lat' dir='ltr'><strong>animo</strong></span> <span class='ocrx_word' id='word_1_606' title='bbox 634 2761 831 2808; x_wconf 79' lang='lat' dir='ltr'><strong>obtulerat3</strong></span> <span class='ocrx_word' id='word_1_607' title='bbox 852 2768 885 2797; x_wconf 89' lang='lat' dir='ltr'>ct</span> <span class='ocrx_word' id='word_1_608' title='bbox 906 2758 950 2796; x_wconf 81' lang='lat' dir='ltr'><strong>ad</strong></span> <span class='ocrx_word' id='word_1_609' title='bbox 971 2758 1064 2796; x_wconf 85' lang='lat' dir='ltr'><strong>dona</strong></span> <span class='ocrx_word' id='word_1_610' title='bbox 1083 2759 1212 2809; x_wconf 81' lang='lat' dir='ltr'><strong>oblata,</strong></span> <span class='ocrx_word' id='word_1_611' title='bbox 1234 2775 1303 2799; x_wconf 87' lang='lat' dir='ltr'>non</span> 
     </span>
     <span class='ocr_line' id='line_1_83' title="bbox 353 2826 1305 2885; baseline -0.005 -15"><span class='ocrx_word' id='word_1_612' title='bbox 353 2833 448 2885; x_wconf 81' lang='lat' dir='ltr'><strong>quod</strong></span> <span class='ocrx_word' id='word_1_613' title='bbox 475 2831 582 2869; x_wconf 87' lang='lat' dir='ltr'><strong>nullis</strong></span> <span class='ocrx_word' id='word_1_614' title='bbox 607 2827 755 2867; x_wconf 84' lang='lat' dir='ltr'><strong>maculis</strong></span> <span class='ocrx_word' id='word_1_615' title='bbox 774 2839 915 2877; x_wconf 80' lang='lat' dir='ltr'><strong>aspersa</strong></span> <span class='ocrx_word' id='word_1_616' title='bbox 934 2834 1092 2876; x_wconf 82' lang='lat' dir='ltr'><strong>tantum,</strong></span> <span class='ocrx_word' id='word_1_617' title='bbox 1115 2826 1178 2864; x_wconf 85' lang='lat' dir='ltr'>sed</span> <span class='ocrx_word' id='word_1_618' title='bbox 1207 2827 1305 2877; x_wconf 87' lang='lat' dir='ltr'><strong>quod</strong></span> 
     </span>
     <span class='ocr_line' id='line_1_84' title="bbox 355 2892 1305 2949; baseline -0.007 -11"><span class='ocrx_word' id='word_1_619' title='bbox 355 2900 450 2938; x_wconf 77' lang='lat' dir='ltr'><strong>omni</strong></span> <span class='ocrx_word' id='word_1_620' title='bbox 472 2913 517 2935; x_wconf 77' lang='lat' dir='ltr'><strong>cx</strong></span> <span class='ocrx_word' id='word_1_621' title='bbox 540 2906 638 2949; x_wconf 84' lang='lat' dir='ltr'><strong>parte</strong></span> <span class='ocrx_word' id='word_1_622' title='bbox 667 2893 818 2947; x_wconf 83' lang='lat' dir='ltr'><strong>pretiosa</strong></span> <span class='ocrx_word' id='word_1_623' title='bbox 847 2900 958 2941; x_wconf 84' lang='lat' dir='ltr'><strong>erant,</strong></span> <span class='ocrx_word' id='word_1_624' title='bbox 984 2900 1061 2929; x_wconf 81' lang='lat' dir='ltr'>tum</span> <span class='ocrx_word' id='word_1_625' title='bbox 1086 2892 1132 2930; x_wconf 90' lang='lat' dir='ltr'><strong>ob</strong></span> <span class='ocrx_word' id='word_1_626' title='bbox 1154 2902 1305 2931; x_wconf 82' lang='lat' dir='ltr'><strong>mentem</strong></span> 
     </span>
     <span class='ocr_line' id='line_1_85' title="bbox 356 2959 1304 3019; baseline -0.005 -16"><span class='ocrx_word' id='word_1_627' title='bbox 356 2969 431 3019; x_wconf 75' lang='lat' dir='ltr'><strong>ejus</strong></span> <span class='ocrx_word' id='word_1_628' title='bbox 450 2964 510 3015; x_wconf 88' lang='lat' dir='ltr'>qui</span> <span class='ocrx_word' id='word_1_629' title='bbox 531 2963 719 3009; x_wconf 84' lang='lat' dir='ltr'><strong>obtulerat,</strong></span> <span class='ocrx_word' id='word_1_630' title='bbox 736 2969 811 2997; x_wconf 86' lang='lat' dir='ltr'>tum</span> <span class='ocrx_word' id='word_1_631' title='bbox 830 2959 929 3009; x_wconf 86' lang='lat' dir='ltr'><strong>quod</strong></span> <span class='ocrx_word' id='word_1_632' title='bbox 940 2959 1176 3011; x_wconf 86' lang='lat' dir='ltr'><strong>primogenita</strong></span> <span class='ocrx_word' id='word_1_633' title='bbox 1193 2971 1304 3010; x_wconf 85' lang='lat' dir='ltr'><strong>erant,</strong></span> 
     </span>
     <span class='ocr_line' id='line_1_86' title="bbox 355 3025 1304 3079; baseline -0.006 -7"><span class='ocrx_word' id='word_1_634' title='bbox 355 3044 388 3072; x_wconf 71' lang='grc' dir='ltr'>οι</span> <span class='ocrx_word' id='word_1_635' title='bbox 410 3048 452 3071; x_wconf 88' lang='lat' dir='ltr'><strong>cx</strong></span> <span class='ocrx_word' id='word_1_636' title='bbox 476 3031 546 3068; x_wconf 87' lang='lat' dir='ltr'><strong>illis</strong></span> <span class='ocrx_word' id='word_1_637' title='bbox 567 3028 790 3073; x_wconf 72' lang='lat' dir='ltr'><strong>electissima,</strong></span> <span class='ocrx_word' id='word_1_638' title='bbox 811 3035 845 3064; x_wconf 79' lang='lat' dir='ltr'>et</span> <span class='ocrx_word' id='word_1_639' title='bbox 864 3041 907 3064; x_wconf 86' lang='lat' dir='ltr'>ex</span> <span class='ocrx_word' id='word_1_640' title='bbox 924 3025 1090 3078; x_wconf 81' lang='lat' dir='ltr'><strong>adipibus</strong></span> <span class='ocrx_word' id='word_1_641' title='bbox 1116 3026 1216 3079; x_wconf 79' lang='lat' dir='ltr'><strong>ipsis,</strong></span> <span class='ocrx_word' id='word_1_642' title='bbox 1238 3028 1304 3066; x_wconf 83' lang='lat' dir='ltr'><strong>lioc</strong></span> 
     </span>
     <span class='ocr_line' id='line_1_87' title="bbox 354 3093 1351 3147; baseline -0.006 -9"><span class='ocrx_word' id='word_1_643' title='bbox 354 3109 418 3147; x_wconf 76' lang='lat' dir='ltr'><strong>cst,</strong></span> <span class='ocrx_word' id='word_1_644' title='bbox 442 3112 486 3135; x_wconf 76' lang='lat' dir='ltr'>ex</span> <span class='ocrx_word' id='word_1_645' title='bbox 519 3094 662 3147; x_wconf 81' lang='lat' dir='ltr'><strong>optimis</strong></span> <span class='ocrx_word' id='word_1_646' title='bbox 681 3093 829 3145; x_wconf 76' lang='lat' dir='ltr'><strong>optima.</strong></span> <span class='ocrx_word' id='word_1_647' title='bbox 852 3094 905 3129; x_wconf 79' lang='lat' dir='ltr'>Et</span> <span class='ocrx_word' id='word_1_648' title='bbox 937 3095 1086 3143; x_wconf 69' lang='lat' dir='ltr'><strong>aspexit</strong></span> <span class='ocrx_word' id='word_1_649' title='bbox 1110 3095 1215 3132; x_wconf 82' lang='lat' dir='ltr'><strong>Deus</strong></span> <span class='ocrx_word' id='word_1_650' title='bbox 1252 3097 1307 3133; x_wconf 79' lang='lat' dir='ltr'>ad</span> <span class='ocrx_word' id='word_1_651' title='bbox 1329 3114 1351 3143; x_wconf 77' lang='lat' dir='ltr'>B</span> 
     </span>
     <span class='ocr_line' id='line_1_88' title="bbox 356 3159 1303 3211; baseline -0.008 -5"><span class='ocrx_word' id='word_1_652' title='bbox 356 3166 475 3211; x_wconf 83' lang='lat' dir='ltr'><strong>Abel,</strong></span> <span class='ocrx_word' id='word_1_653' title='bbox 493 3171 528 3201; x_wconf 81' lang='lat' dir='ltr'>ec</span> <span class='ocrx_word' id='word_1_654' title='bbox 544 3162 596 3199; x_wconf 78' lang='lat' dir='ltr'>tul</span> <span class='ocrx_word' id='word_1_655' title='bbox 615 3161 718 3197; x_wconf 77' lang='lat' dir='ltr'><strong>dona</strong></span> <span class='ocrx_word' id='word_1_656' title='bbox 737 3161 869 3208; x_wconf 70' lang='lat' dir='ltr'><strong>ipsizaes:</strong></span> <span class='ocrx_word' id='word_1_657' title='bbox 881 3159 979 3196; x_wconf 53' lang='lat' dir='ltr'><strong>Saul</strong></span> <span class='ocrx_word' id='word_1_658' title='bbox 993 3159 1092 3197; x_wconf 82' lang='lat' dir='ltr'><strong>Cain</strong></span> <span class='ocrx_word' id='word_1_659' title='bbox 1109 3168 1252 3209; x_wconf 83' lang='lat' dir='ltr'><strong>autem,</strong></span> <span class='ocrx_word' id='word_1_660' title='bbox 1268 3169 1303 3198; x_wconf 82' lang='lat' dir='ltr'>et</span> 
     </span>
    </p>
   </div>
   <div class='ocr_carea' id='block_1_15' title="bbox 399 3287 1001 3431">
    <p class='ocr_par' dir='ltr' id='par_1_20' title="bbox 399 3287 1001 3431">
     <span class='ocr_line' id='line_1_89' title="bbox 400 3287 1001 3331; baseline 0.005 -13"><span class='ocrx_word' id='word_1_661' title='bbox 400 3304 412 3318; x_wconf 73' lang='lat' dir='ltr'>e</span> <span class='ocrx_word' id='word_1_662' title='bbox 430 3291 531 3326; x_wconf 82' lang='lat' dir='ltr'><strong>Savil.</strong></span> <span class='ocrx_word' id='word_1_663' title='bbox 551 3298 582 3321; x_wconf 84' lang='lat' dir='ltr'>et</span> <span class='ocrx_word' id='word_1_664' title='bbox 599 3290 742 3331; x_wconf 79' lang='lat' dir='ltr'><strong>quinque</strong></span> <span class='ocrx_word' id='word_1_665' title='bbox 762 3287 840 3320; x_wconf 82' lang='lat' dir='ltr'><strong>Mss·</strong></span> <span class='ocrx_word' id='word_1_666' title='bbox 859 3291 938 3321; x_wconf 61' lang='grc' dir='ltr'>ἀλλὰ</span> <span class='ocrx_word' id='word_1_667' title='bbox 954 3292 1001 3327; x_wconf 64' lang='grc' dir='ltr'>τίς</span> 
     </span>
     <span class='ocr_line' id='line_1_90' title="bbox 401 3342 929 3386; baseline -0.008 -11"><span class='ocrx_word' id='word_1_668' title='bbox 401 3348 415 3370; x_wconf 71' lang='grc' dir='ltr'>Ι1</span> <span class='ocrx_word' id='word_1_669' title='bbox 435 3348 585 3386; x_wconf 67' lang='lat' dir='ltr'><strong>Quintum*</strong></span> <span class='ocrx_word' id='word_1_670' title='bbox 600 3343 677 3373; x_wconf 87' lang='lat' dir='ltr'><strong>Mss.</strong></span> <span class='ocrx_word' id='word_1_671' title='bbox 695 3346 739 3374; x_wconf 68' lang='lat' dir='ltr'>Eri</span> <span class='ocrx_word' id='word_1_672' title='bbox 756 3344 804 3373; x_wconf 60' lang='lat' dir='ltr'>oba</span> <span class='ocrx_word' id='word_1_673' title='bbox 822 3342 929 3376; x_wconf 61' lang='grc' dir='ltr'>ἐπειδὴ.</span> 
     </span>
     <span class='ocr_line' id='line_1_91' title="bbox 399 3394 986 3431; baseline -0.017 0"><span class='ocrx_word' id='word_1_674' title='bbox 399 3409 408 3418; x_wconf 66' lang='grc'>“’</span> <span class='ocrx_word' id='word_1_675' title='bbox 429 3397 529 3431; x_wconf 70' lang='lat' dir='ltr'><strong>savii.</strong></span> <span class='ocrx_word' id='word_1_676' title='bbox 548 3403 576 3427; x_wconf 80' lang='lat' dir='ltr'>et</span> <span class='ocrx_word' id='word_1_677' title='bbox 601 3405 653 3426; x_wconf 64' lang='lat' dir='ltr'>sex</span> <span class='ocrx_word' id='word_1_678' title='bbox 678 3394 753 3424; x_wconf 66' lang='lat' dir='ltr'><strong>Mss.</strong></span> <span class='ocrx_word' id='word_1_679' title='bbox 783 3394 986 3429; x_wconf 59' lang='grc' dir='ltr'>ἐπιδείξασθαι,</span> 
     </span>
    </p>
   </div>
   <div class='ocr_carea' id='block_1_16' title="bbox 1375 2432 2399 3210">
    <p class='ocr_par' dir='ltr' id='par_1_21' title="bbox 1375 2432 2399 3210">
     <span class='ocr_line' id='line_1_92' title="bbox 1375 2432 2397 2486; baseline -0.002 -15"><span class='ocrx_word' id='word_1_680' title='bbox 1375 2433 1455 2486; x_wconf 77' lang='grc' dir='ltr'>περὶ</span> <span class='ocrx_word' id='word_1_681' title='bbox 1474 2437 1535 2479; x_wconf 75' lang='grc' dir='ltr'>τῆς</span> <span class='ocrx_word' id='word_1_682' title='bbox 1555 2433 1730 2484; x_wconf 83' lang='grc' dir='ltr'>ἀκηράτου</span> <span class='ocrx_word' id='word_1_683' title='bbox 1750 2432 1882 2485; x_wconf 78' lang='grc' dir='ltr'>φύσεως</span> <span class='ocrx_word' id='word_1_684' title='bbox 1897 2432 2029 2479; x_wconf 84' lang='grc' dir='ltr'>ἐκείνης</span> <span class='ocrx_word' id='word_1_685' title='bbox 2050 2433 2235 2483; x_wconf 84' lang='grc' dir='ltr'>τολμῶμεν</span> <span class='ocrx_word' id='word_1_686' title='bbox 2254 2433 2397 2485; x_wconf 60' lang='grc' dir='ltr'>ὃδιᾶραι</span> 
     </span>
     <span class='ocr_line' id='line_1_93' title="bbox 1375 2492 2395 2545; baseline 0 -15"><span class='ocrx_word' id='word_1_687' title='bbox 1375 2493 1489 2543; x_wconf 89' lang='grc' dir='ltr'>στόμα</span> <span class='ocrx_word' id='word_1_688' title='bbox 1505 2524 1514 2540; x_wconf 88' lang='grc'>,</span> <span class='ocrx_word' id='word_1_689' title='bbox 1533 2495 1608 2530; x_wconf 85' lang='grc' dir='ltr'>ἀλλ’</span> <span class='ocrx_word' id='word_1_690' title='bbox 1631 2492 1805 2545; x_wconf 78' lang='grc' dir='ltr'>ἄνθρωποι</span> <span class='ocrx_word' id='word_1_691' title='bbox 1825 2492 1918 2536; x_wconf 84' lang='grc' dir='ltr'>ὄντες</span> <span class='ocrx_word' id='word_1_692' title='bbox 1937 2495 1999 2530; x_wconf 85' lang='grc' dir='ltr'>οὐκ</span> <span class='ocrx_word' id='word_1_693' title='bbox 2026 2493 2141 2536; x_wconf 81' lang='grc' dir='ltr'>ἄλλως</span> <span class='ocrx_word' id='word_1_694' title='bbox 2169 2492 2395 2543; x_wconf 87' lang='grc' dir='ltr'>δυνηθείημεν</span> 
     </span>
     <span class='ocr_line' id='line_1_94' title="bbox 1375 2552 2397 2604; baseline -0.001 -12"><span class='ocrx_word' id='word_1_695' title='bbox 1375 2558 1485 2593; x_wconf 89' lang='grc' dir='ltr'>ταῦτα</span> <span class='ocrx_word' id='word_1_696' title='bbox 1503 2553 1524 2600; x_wconf 83' lang='grc' dir='ltr'>ἢ</span> <span class='ocrx_word' id='word_1_697' title='bbox 1548 2553 1604 2592; x_wconf 82' lang='grc' dir='ltr'>διὰ</span> <span class='ocrx_word' id='word_1_698' title='bbox 1620 2557 1682 2600; x_wconf 70' lang='grc' dir='ltr'>τῆς</span> <span class='ocrx_word' id='word_1_699' title='bbox 1701 2552 1859 2604; x_wconf 84' lang='grc' dir='ltr'>γλώττης</span> <span class='ocrx_word' id='word_1_700' title='bbox 1874 2559 1975 2591; x_wconf 88' lang='grc' dir='ltr'>νοεῖν.</span> <span class='ocrx_word' id='word_1_701' title='bbox 1990 2553 2122 2592; x_wconf 86' lang='grc' dir='ltr'>Σκόπει</span> <span class='ocrx_word' id='word_1_702' title='bbox 2144 2553 2180 2592; x_wconf 81' lang='grc' dir='ltr'>δὲ</span> <span class='ocrx_word' id='word_1_703' title='bbox 2199 2553 2240 2591; x_wconf 89' lang='grc' dir='ltr'>τὸ</span> <span class='ocrx_word' id='word_1_704' title='bbox 2257 2557 2397 2604; x_wconf 88' lang='grc' dir='ltr'>θαυμα-</span> 
     </span>
     <span class='ocr_line' id='line_1_95' title="bbox 1376 2613 2397 2667; baseline -0.001 -14"><span class='ocrx_word' id='word_1_705' title='bbox 1376 2615 1468 2653; x_wconf 90' lang='grc' dir='ltr'>στόν.</span> <span class='ocrx_word' id='word_1_706' title='bbox 1490 2616 1630 2653; x_wconf 84' lang='grc' dir='ltr'>Ἐπεῖδε</span> <span class='ocrx_word' id='word_1_707' title='bbox 1645 2645 1654 2662; x_wconf 90' lang='grc'>,</span> <span class='ocrx_word' id='word_1_708' title='bbox 1674 2615 1791 2667; x_wconf 80' lang='grc' dir='ltr'>φησὶν,</span> <span class='ocrx_word' id='word_1_709' title='bbox 1812 2619 1830 2654; x_wconf 83' lang='grc' dir='ltr'>ὁ</span> <span class='ocrx_word' id='word_1_710' title='bbox 1848 2615 1936 2658; x_wconf 83' lang='grc' dir='ltr'>Θεὸς</span> <span class='ocrx_word' id='word_1_711' title='bbox 1957 2615 2014 2653; x_wconf 78' lang='grc' dir='ltr'>ἐπὶ</span> <span class='ocrx_word' id='word_1_712' title='bbox 2033 2613 2158 2662; x_wconf 46' lang='lat' dir='ltr'><strong>’‘Aet-:Q</strong></span> <span class='ocrx_word' id='word_1_713' title='bbox 2177 2614 2236 2653; x_wconf 85' lang='grc' dir='ltr'>καὶ</span> <span class='ocrx_word' id='word_1_714' title='bbox 2254 2615 2312 2653; x_wconf 85' lang='grc' dir='ltr'>ἐπὶ</span> <span class='ocrx_word' id='word_1_715' title='bbox 2326 2620 2397 2658; x_wconf 86' lang='grc' dir='ltr'>τοῖς</span> 
     </span>
     <span class='ocr_line' id='line_1_96' title="bbox 1376 2676 2397 2729; baseline 0 -15"><span class='ocrx_word' id='word_1_716' title='bbox 1376 2677 1498 2729; x_wconf 85' lang='grc' dir='ltr'>δώροις</span> <span class='ocrx_word' id='word_1_717' title='bbox 1517 2679 1632 2715; x_wconf 78' lang='grc' dir='ltr'>αὐτοῦ.</span> <span class='ocrx_word' id='word_1_718' title='bbox 1654 2676 1731 2723; x_wconf 85' lang='grc' dir='ltr'>Τὴν</span> <span class='ocrx_word' id='word_1_719' title='bbox 1758 2680 1826 2715; x_wconf 78' lang='grc' dir='ltr'>τῶν</span> <span class='ocrx_word' id='word_1_720' title='bbox 1846 2676 2031 2728; x_wconf 68' lang='grc' dir='ltr'>προὸάτων</span> <span class='ocrx_word' id='word_1_721' title='bbox 2053 2676 2285 2729; x_wconf 85' lang='grc' dir='ltr'>προσαγωγὴν</span> <span class='ocrx_word' id='word_1_722' title='bbox 2303 2678 2397 2727; x_wconf 85' lang='grc' dir='ltr'>δῶρα</span> 
     </span>
     <span class='ocr_line' id='line_1_97' title="bbox 1376 2735 2397 2788; baseline -0.001 -13"><span class='ocrx_word' id='word_1_723' title='bbox 1376 2737 1519 2775; x_wconf 83' lang='grc' dir='ltr'>ἐκάλεσε</span> <span class='ocrx_word' id='word_1_724' title='bbox 1538 2737 1594 2774; x_wconf 81' lang='grc' dir='ltr'>διὰ</span> <span class='ocrx_word' id='word_1_725' title='bbox 1608 2737 1647 2775; x_wconf 90' lang='grc' dir='ltr'>τὸ</span> <span class='ocrx_word' id='word_1_726' title='bbox 1666 2737 1797 2788; x_wconf 84' lang='grc' dir='ltr'>τίμιον,</span> <span class='ocrx_word' id='word_1_727' title='bbox 1822 2737 1878 2775; x_wconf 84' lang='grc' dir='ltr'>διὰ</span> <span class='ocrx_word' id='word_1_728' title='bbox 1899 2737 1939 2774; x_wconf 87' lang='grc' dir='ltr'>τὸ</span> <span class='ocrx_word' id='word_1_729' title='bbox 1955 2735 2139 2788; x_wconf 80' lang='grc' dir='ltr'>ἐξαίρετον,</span> <span class='ocrx_word' id='word_1_730' title='bbox 2159 2737 2215 2774; x_wconf 82' lang='grc' dir='ltr'>διὰ</span> <span class='ocrx_word' id='word_1_731' title='bbox 2239 2737 2279 2774; x_wconf 90' lang='grc' dir='ltr'>τὸ</span> <span class='ocrx_word' id='word_1_732' title='bbox 2295 2737 2397 2787; x_wconf 83' lang='grc' dir='ltr'>ἄμω-</span> 
     </span>
     <span class='ocr_line' id='line_1_98' title="bbox 1378 2797 2395 2850; baseline -0.001 -15"><span class='ocrx_word' id='word_1_733' title='bbox 1378 2814 1440 2847; x_wconf 86' lang='grc' dir='ltr'>μον</span> <span class='ocrx_word' id='word_1_734' title='bbox 1464 2801 1532 2836; x_wconf 83' lang='grc' dir='ltr'>τῶν</span> <span class='ocrx_word' id='word_1_735' title='bbox 1560 2797 1872 2850; x_wconf 77' lang='grc' dir='ltr'>προσενεχθέντων.</span> <span class='ocrx_word' id='word_1_736' title='bbox 1893 2797 2034 2835; x_wconf 81' lang='grc' dir='ltr'>Ἔπεῖδε</span> <span class='ocrx_word' id='word_1_737' title='bbox 2052 2797 2163 2834; x_wconf 87' lang='grc' dir='ltr'>τοίνυν</span> <span class='ocrx_word' id='word_1_738' title='bbox 2195 2799 2249 2835; x_wconf 85' lang='grc' dir='ltr'>ἐπ’</span> <span class='ocrx_word' id='word_1_739' title='bbox 2277 2797 2395 2843; x_wconf 83' lang='grc' dir='ltr'>αὐτὸν,</span> 
     </span>
     <span class='ocr_line' id='line_1_99' title="bbox 1375 2857 2398 2910; baseline -0.001 -14"><span class='ocrx_word' id='word_1_740' title='bbox 1375 2858 1428 2897; x_wconf 77' lang='grc' dir='ltr'>ὅτι</span> <span class='ocrx_word' id='word_1_741' title='bbox 1447 2861 1535 2910; x_wconf 85' lang='grc' dir='ltr'>ὑγιεῖ</span> <span class='ocrx_word' id='word_1_742' title='bbox 1556 2858 1679 2910; x_wconf 80' lang='grc' dir='ltr'>γνώμῃ</span> <span class='ocrx_word' id='word_1_743' title='bbox 1698 2858 1762 2903; x_wconf 85' lang='grc' dir='ltr'>τὴν</span> <span class='ocrx_word' id='word_1_744' title='bbox 1782 2857 2017 2909; x_wconf 81' lang='grc' dir='ltr'>προσαγωγὴν</span> <span class='ocrx_word' id='word_1_745' title='bbox 2036 2857 2243 2904; x_wconf 73' lang='grc' dir='ltr'>ἐποιήσατο,</span> <span class='ocrx_word' id='word_1_746' title='bbox 2265 2857 2324 2895; x_wconf 69' lang='grc' dir='ltr'>καὶ</span> <span class='ocrx_word' id='word_1_747' title='bbox 2340 2858 2398 2896; x_wconf 79' lang='grc' dir='ltr'>ἐπὶ</span> 
     </span>
     <span class='ocr_line' id='line_1_100' title="bbox 1376 2918 2397 2970; baseline 0.001 -15"><span class='ocrx_word' id='word_1_748' title='bbox 1376 2918 1420 2956; x_wconf 77' lang='grc' dir='ltr'>τὰ</span> <span class='ocrx_word' id='word_1_749' title='bbox 1433 2920 1529 2970; x_wconf 78' lang='grc' dir='ltr'>δῶρα</span> <span class='ocrx_word' id='word_1_750' title='bbox 1545 2919 1587 2957; x_wconf 78' lang='grc' dir='ltr'>τὰ</span> <span class='ocrx_word' id='word_1_751' title='bbox 1601 2918 1876 2970; x_wconf 76' lang='grc' dir='ltr'>προσενεχθέντα</span> <span class='ocrx_word' id='word_1_752' title='bbox 1889 2947 1899 2967; x_wconf 85' lang='grc'>,</span> <span class='ocrx_word' id='word_1_753' title='bbox 1915 2919 1980 2969; x_wconf 79' lang='grc' dir='ltr'>οὐχ</span> <span class='ocrx_word' id='word_1_754' title='bbox 1993 2919 2045 2956; x_wconf 80' lang='grc' dir='ltr'>ὅτι</span> <span class='ocrx_word' id='word_1_755' title='bbox 2060 2918 2260 2963; x_wconf 81' lang='grc' dir='ltr'>ἀκηλίδωτα</span> <span class='ocrx_word' id='word_1_756' title='bbox 2282 2919 2397 2968; x_wconf 87' lang='grc' dir='ltr'>μόνον,</span> 
     </span>
     <span class='ocr_line' id='line_1_101' title="bbox 1378 2978 2399 3031; baseline 0 -14"><span class='ocrx_word' id='word_1_757' title='bbox 1378 2981 1453 3018; x_wconf 84' lang='grc' dir='ltr'>ἀλλ’</span> <span class='ocrx_word' id='word_1_758' title='bbox 1474 2980 1527 3018; x_wconf 79' lang='grc' dir='ltr'>ὅτι</span> <span class='ocrx_word' id='word_1_759' title='bbox 1546 2979 1764 3031; x_wconf 76' lang='grc' dir='ltr'>πανταχόθεν</span> <span class='ocrx_word' id='word_1_760' title='bbox 1798 2979 1898 3029; x_wconf 87' lang='grc' dir='ltr'>τίμια</span> <span class='ocrx_word' id='word_1_761' title='bbox 1926 2978 2137 3030; x_wconf 82' lang='grc' dir='ltr'>φαινόμενα,</span> <span class='ocrx_word' id='word_1_762' title='bbox 2175 2979 2244 3017; x_wconf 82' lang='grc' dir='ltr'>ἀπό</span> <span class='ocrx_word' id='word_1_763' title='bbox 2277 2995 2314 3017; x_wconf 89' lang='grc' dir='ltr'>τε</span> <span class='ocrx_word' id='word_1_764' title='bbox 2337 2983 2399 3025; x_wconf 76' lang='grc' dir='ltr'>τῆς</span> 
     </span>
     <span class='ocr_line' id='line_1_102' title="bbox 1377 3036 2397 3091; baseline 0.001 -15"><span class='ocrx_word' id='word_1_765' title='bbox 1377 3040 1518 3091; x_wconf 84' lang='grc' dir='ltr'>γνώμης</span> <span class='ocrx_word' id='word_1_766' title='bbox 1546 3044 1605 3078; x_wconf 85' lang='grc' dir='ltr'>τοῦ</span> <span class='ocrx_word' id='word_1_767' title='bbox 1638 3039 1872 3091; x_wconf 77' lang='grc' dir='ltr'>προσάγοντος</span> <span class='ocrx_word' id='word_1_768' title='bbox 1884 3069 1893 3086; x_wconf 91' lang='grc'>,</span> <span class='ocrx_word' id='word_1_769' title='bbox 1925 3036 1993 3077; x_wconf 82' lang='grc' dir='ltr'>ἀπό</span> <span class='ocrx_word' id='word_1_770' title='bbox 2031 3055 2068 3077; x_wconf 88' lang='grc' dir='ltr'>τε</span> <span class='ocrx_word' id='word_1_771' title='bbox 2101 3042 2160 3077; x_wconf 87' lang='grc' dir='ltr'>τοῦ</span> <span class='ocrx_word' id='word_1_772' title='bbox 2193 3039 2397 3090; x_wconf 82' lang='grc' dir='ltr'>πρωτότοκα</span> 
     </span>
     <span class='ocr_line' id='line_1_103' title="bbox 1378 3094 2398 3150; baseline -0.001 -12"><span class='ocrx_word' id='word_1_773' title='bbox 1378 3094 1464 3138; x_wconf 70' lang='grc' dir='ltr'>εἶναι</span> <span class='ocrx_word' id='word_1_774' title='bbox 1478 3130 1486 3146; x_wconf 93' lang='grc'>,</span> <span class='ocrx_word' id='word_1_775' title='bbox 1504 3101 1563 3138; x_wconf 82' lang='grc' dir='ltr'>καὶ</span> <span class='ocrx_word' id='word_1_776' title='bbox 1579 3100 1709 3138; x_wconf 82' lang='grc' dir='ltr'>τούτων</span> <span class='ocrx_word' id='word_1_777' title='bbox 1729 3098 1773 3136; x_wconf 80' lang='grc' dir='ltr'>τὰ</span> <span class='ocrx_word' id='word_1_778' title='bbox 1791 3098 1948 3150; x_wconf 77' lang='grc' dir='ltr'>ἐξαίρετα</span> <span class='ocrx_word' id='word_1_779' title='bbox 1960 3128 1969 3145; x_wconf 90' lang='grc'>,</span> <span class='ocrx_word' id='word_1_780' title='bbox 1990 3099 2048 3137; x_wconf 77' lang='grc' dir='ltr'>καὶ</span> <span class='ocrx_word' id='word_1_781' title='bbox 2078 3099 2145 3136; x_wconf 85' lang='grc' dir='ltr'>ἀπὸ</span> <span class='ocrx_word' id='word_1_782' title='bbox 2161 3102 2229 3136; x_wconf 82' lang='grc' dir='ltr'>τῶν</span> <span class='ocrx_word' id='word_1_783' title='bbox 2246 3099 2398 3137; x_wconf 84' lang='grc' dir='ltr'>στεοίτων</span> 
     </span>
     <span class='ocr_line' id='line_1_104' title="bbox 1379 3159 2398 3210; baseline -0.001 -11"><span class='ocrx_word' id='word_1_784' title='bbox 1379 3164 1503 3209; x_wconf 79' lang='grc' dir='ltr'>αὐτῶν,</span> <span class='ocrx_word' id='word_1_785' title='bbox 1525 3161 1583 3198; x_wconf 81' lang='grc' dir='ltr'>καὶ</span> <span class='ocrx_word' id='word_1_786' title='bbox 1604 3162 1715 3198; x_wconf 74' lang='grc' dir='ltr'>αὐτῶν</span> <span class='ocrx_word' id='word_1_787' title='bbox 1733 3159 1862 3198; x_wconf 79' lang='grc' dir='ltr'>τούτων</span> <span class='ocrx_word' id='word_1_788' title='bbox 1890 3159 1934 3197; x_wconf 85' lang='grc' dir='ltr'>τὰ</span> <span class='ocrx_word' id='word_1_789' title='bbox 1963 3159 2141 3210; x_wconf 83' lang='grc' dir='ltr'>βέλτιστα.</span> <span class='ocrx_word' id='word_1_790' title='bbox 2162 3159 2232 3197; x_wconf 80' lang='grc' dir='ltr'>Καὶ</span> <span class='ocrx_word' id='word_1_791' title='bbox 2261 3161 2374 3198; x_wconf 83' lang='grc' dir='ltr'>ἐπεῖδε</span> <span class='ocrx_word' id='word_1_792' title='bbox 2388 3185 2398 3204; x_wconf 87' lang='grc'>,</span> 
     </span>
    </p>
   </div>
   <div class='ocr_carea' id='block_1_17' title="bbox 1393 3284 2395 3435">
    <p class='ocr_par' dir='ltr' id='par_1_22' title="bbox 1393 3284 2395 3435">
     <span class='ocr_line' id='line_1_105' title="bbox 1437 3284 2395 3331; baseline 0.002 -15"><span class='ocrx_word' id='word_1_793' title='bbox 1437 3287 1449 3309; x_wconf 74' lang='lat' dir='ltr'>s</span> <span class='ocrx_word' id='word_1_794' title='bbox 1468 3284 1528 3317; x_wconf 80' lang='lat' dir='ltr'><strong>Alii</strong></span> <span class='ocrx_word' id='word_1_795' title='bbox 1551 3291 1770 3331; x_wconf 72' lang='grc' dir='ltr'>πρωτοτοκὶων,</span> <span class='ocrx_word' id='word_1_796' title='bbox 1786 3295 1853 3317; x_wconf 87' lang='lat' dir='ltr'><strong>nou</strong></span> <span class='ocrx_word' id='word_1_797' title='bbox 1869 3284 1966 3317; x_wconf 84' lang='lat' dir='ltr'><strong>male.</strong></span> <span class='ocrx_word' id='word_1_798' title='bbox 1981 3284 2125 3327; x_wconf 58' lang='lat' dir='ltr'><strong>[Coisl.]‚</strong></span> <span class='ocrx_word' id='word_1_799' title='bbox 2142 3285 2255 3318; x_wconf 81' lang='lat' dir='ltr'><strong>Morel.</strong></span> <span class='ocrx_word' id='word_1_800' title='bbox 2274 3287 2321 3329; x_wconf 80' lang='lat' dir='ltr'>[et</span> <span class='ocrx_word' id='word_1_801' title='bbox 2336 3287 2395 3320; x_wconf 83' lang='lat' dir='ltr'><strong>Sa-</strong></span> 
     </span>
     <span class='ocr_line' id='line_1_106' title="bbox 1393 3336 1858 3383; baseline 0.004 -16"><span class='ocrx_word' id='word_1_802' title='bbox 1393 3337 1448 3368; x_wconf 69' lang='lat' dir='ltr'><strong>vit.</strong></span> <span class='ocrx_word' id='word_1_803' title='bbox 1468 3336 1500 3368; x_wconf 87' lang='lat' dir='ltr'>in</span> <span class='ocrx_word' id='word_1_804' title='bbox 1525 3339 1634 3379; x_wconf 67' lang='lat' dir='ltr'><strong>textu]</strong></span> <span class='ocrx_word' id='word_1_805' title='bbox 1653 3344 1858 3383; x_wconf 75' lang='grc' dir='ltr'>πρωτοτόκων.</span> 
     </span>
     <span class='ocr_line' id='line_1_107' title="bbox 1436 3388 1932 3435; baseline 0.002 -16"><span class='ocrx_word' id='word_1_806' title='bbox 1436 3400 1447 3414; x_wconf 80' lang='lat'><strong>¹</strong></span> <span class='ocrx_word' id='word_1_807' title='bbox 1467 3389 1576 3420; x_wconf 64' lang='lat' dir='ltr'><strong>Mon-l.</strong></span> <span class='ocrx_word' id='word_1_808' title='bbox 1595 3392 1724 3434; x_wconf 65' lang='grc' dir='ltr'>διαίρειν.</span> <span class='ocrx_word' id='word_1_809' title='bbox 1745 3388 1804 3421; x_wconf 71' lang='lat' dir='ltr'><strong>Alii</strong></span> <span class='ocrx_word' id='word_1_810' title='bbox 1824 3393 1932 3435; x_wconf 27' lang='grc' dir='ltr'>διὰδοαι.</span> 
     </span>
    </p>
   </div>
  </div>
 </body>
</html>
