2516 3791
668 248 708 276 lN
749 247 851 276 (IAt‘.

96 334 181 373 ὅλων
208 334 316 379 Θεοῦ,
342 330 512 375 Ἰἰξελθὼν
542 329 691 376 ἐλάλησε
717 330 801 382 πρὸς
831 330 909 374 τοὺς
938 328 1116 381 γαμόροὺς

892 247 985 276 xlx.
1025 245 1186 276 GENES.

1421 244 1544 273 xiau.
2057 233 2083 277 5
2123 236 2147 277 ’ἶ

1228 244 1383 275 nomi..
2099 252 2106 277 ι

1194 329 1342 380 gerwris
1362 329 1454 377 suis,
1475 330 1543 379 qui
1572 336 1798 378 acceperant
1815 327 1922 379 filias
1942 330 2148 380 eju.t.Atqi1i

96 397 200 433 αὐτοῦ
223 392 301 436 τοὺς
330 392 513 444 εἰληφότας
533 392 594 435 τὰς
613 391 803 444 θυγατέρας
823 393 938 430 αὐτοῦ.
960 391 1028 430 Καὶ
1048 390 1116 441 μὴν
1133 403 1301 446 z.1..¹.⁵¹¹l'¹'³¹
1333 389 1474 426 (licebat
1508 388 1629 442 impiis
1659 388 1749 438 illis,
1786 390 1888 428 Ecce
1919 390 2017 427 duas
2034 391 2149 441 silias

95 456 166 494 ἅνω
184 454 279 506 ἔλεγε
297 460 367 497 τοῖς
385 453 602 506 παρανόμοις
622 453 783 500 ἐκείνοις,
805 454 858 492 ὅτι
873 453 962 492 Ἰδοὺ
983 453 1042 491 δύο
1058 456 1116 490 θυ-

93 515 239 567 γατέρας
258 515 329 567 ἔχω
346 546 354 561 ,
377 514 503 558 αἵτινες
524 517 586 553 οὐκ
606 515 759 567 ἔγνωσαν
787 514 913 566 ἄνδρας
927 530 934 538 ·
964 517 1038 557 πῶς
1058 507 1116 551 οὖν

93 576 239 614 ἐνταῦθα
258 592 342 628 φησι
359 606 368 624 ,
391 576 485 628 Πρὸς
505 574 582 618 τοὺς
598 575 776 628 γαμῧροὺς
796 576 900 613 αὐτοῦ
921 574 999 618 τοὺς
1015 576 1115 620 εἰλη-

92 636 198 689 φότας
214 637 276 680 τὰς
293 636 482 689 θυγατέρας
495 638 622 685 αὖτοῧ;
641 637 702 683 Μὴ
716 636 863 687 νομίσῃς
878 635 1015 674 ἐναντία
1029 629 1115 672 εἶναι

92 702 202 736 ταῦτα
217 705 287 741 τοῖς
307 698 473 750 πρότερον
494 697 589 750 παρὰ
607 701 666 735 τοῦ
683 697 816 735 δικαίου
836 699 1000 749 ῥηθεῖσιν.
1012 695 1116 737 Ἰἰθος

94 759 161 812 γὰρ
191 764 294 799 τοῦτο
317 755 359 807 ἦν
384 765 455 804 τοῖς
479 761 641 802 παλαιοῖς
657 759 725 810 πρὸ
744 759 874 795 πολλοῦ
903 760 963 795 τοῦ
991 755 1116 808 χρόνου

94 821 156 865 τὰς
176 821 364 872 μνηστείας
380 824 573 865 ποιεῖσθαι,
603 819 662 858 καὶ
687 818 855 862 πολλάκις
870 818 930 856 καὶ
946 824 1116 856 συνοικεῖν

93 888 168 926 ταῖς
189 880 492 932 μνηστευθείσαις,
510 880 569 919 καὶ
581 881 655 931 ἅμα
670 885 740 923 τοῖς
755 883 892 930 γονεῦσι
913 878 1114 931 διατρίὸειν·

92 943 110 980 ὃ
128 943 186 981 καὶ
214 946 272 980 νῦν
301 945 375 981 ἐστι
403 944 585 994 πολλαχοῦ
612 941 805 992 γινόμενον.
827 940 930 979 Ἐπεὶ
961 936 1019 979 οὖν
1046 941 1115 989 ἤδη

92 1003 136 1042 τὰ
163 1006 224 1050 τῆς
244 1002 432 1054 μνηστείας
451 1002 620 1054 ἐγεγόνει,
648 1001 706 1040 διὰ
731 1005 833 1040 τοῦτο
853 1002 913 1040 καὶ
937 1002 1118 1055 γαμὸροὺς

94 1064 216 1108 αὐτοὺς
232 1064 392 1115 ὀνομάζει
408 1063 468 1102 καί
487 1079 595 1116 φησι,
618 1062 710 1107 Τοὺς
726 1063 912 1116 εἰληφότας
927 1063 988 1107 τὰς
1008 1067 1117 1115 θυγα-

93 1124 195 1176 τέρας
222 1127 346 1163 αὗτοῧ·
373 1128 416 1177 τῇ
436 1124 560 1177 γνώμῃ
580 1124 648 1177 γὰρ
667 1124 726 1162 καὶ
742 1127 784 1176 τῇ
805 1125 1058 1176 συγκαταθέσει
1072 1127 1118 1163 εἷ-

93 1186 239 1238 ληφότες
257 1180 361 1233 ἦσαν.
386 1186 455 1224 Καί
474 1202 578 1239 φησιν
592 1201 600 1209 ·
622 1186 794 1233 ἀνάστητε
807 1216 816 1234 ,
836 1185 895 1224 καὶ
913 1184 1064 1230 ἐξέλθετε
1081 1188 1120 1224 ἐκ

94 1251 154 1285 τοῦ
182 1248 289 1287 τόπου
315 1247 462 1295 τούτου,
491 1248 544 1287 ὅτι
577 1246 730 1300 ἐκτρίὸει
758 1247 885 1300 Κύριος
912 1247 976 1295 τὴν
1004 1247 1117 1286 πόλιν.

93 1308 216 1354 Ἔδοξε
248 1310 283 1348 δὲ
308 1309 499 1360 γελοιάζειν
528 1309 683 1348 ἐναντίον
708 1312 777 1348 τῶν
797 1309 966 1362 γαμὸρῶν
997 1310 1116 1348 αὐτοῦ.

96 1370 190 1422 ‘'Opa
215 1372 290 1413 πῶς
320 1374 359 1408 ἐκ
383 1373 446 1416 τῆς
474 1370 585 1421 ζύμης
611 1370 746 1416 ἐκείνης
773 1364 862 1417 ἦσαν
882 1373 945 1416 τῆς
963 1377 1119 1423 πονηρᾶς

93 1425 198 1469 οὗτοι.
219 1431 288 1469 Καὶ
305 1431 361 1470 διὰ
377 1434 480 1469 τοῦτο
499 1431 706 1483 βουλόμενος
724 1434 742 1470 6
758 1432 848 1475 Θεὸς
866 1431 1002 1484 ταχέως
1018 1432 1120 1470 ἐλευ-

94 1495 243 1544 θερῶσαι
266 1492 324 1531 τὸν
341 1492 473 1530 δίκαιον
490 1496 553 1539 τῆς
571 1493 658 1544 πρὸς
675 1492 824 1536 ἐκείνους
841 1492 1042 1544 συγγενείας
1053 1524 1062 1542 ,
1079 1494 1118 1531 οὐ

94 1554 336 1605 συνεχώρησεν
358 1554 435 1592 οὐδὲ
455 1556 600 1606 μιγῆναι
625 1557 742 1598 αὐτοῖς
767 1554 829 1598 τὰς
849 1554 1039 1607 θυγατέρας
1058 1558 1119 1593 τοῦ

94 1615 227 1654 δικαίου
244 1646 252 1662 ,
283 1614 373 1653 ἀλλὰ
394 1615 644 1668 προανήρπασε
667 1615 756 1668 μετὰ
775 1619 843 1655 τῶν
869 1619 1030 1670 πονηρῶν
1059 1617 1118 1655 καὶ

92 1676 253 1724 τούτους,
271 1677 326 1714 ἵνα
347 1676 494 1721 ἐξελθὼν
520 1680 538 1716 6
565 1677 696 1723 δίκαιος
716 1677 805 1729 μετὰ
829 1680 900 1715 τῶν
919 1679 1118 1730 θυγατέρων

94 1737 243 1789 διαφύγῃ
274 1737 338 1784 τὴν
367 1737 452 1788 πρὸς
479 1739 630 1782 ἐκείνους
653 1739 870 1791 συγγένειαν.
893 1739 1119 1783 Ἀκούσαντες

94 1797 206 1835 τοίνυν
222 1799 318 1851 παρὰ
332 1803 391 1838 τοῦ
410 1799 542 1838 δικαίου
557 1800 621 1847 τὴν
639 1800 789 1853 φοὸερὰν
805 1800 937 1847 ταύτην
956 1801 1116 1849 ἀπειλὴν,

95 1861 279 1912 μονονουχὶ
307 1861 540 1912 διεχλεύαζον,
566 1861 626 1899 καὶ
652 1862 807 1913 ἐνόμιζον
828 1862 1004 1914 ληρωδίαν
1029 1856 1117 1902 εἶναι

93 1920 136 1957 τὰ
154 1921 238 1972 παρ’
254 1922 357 1959 αὐτοῦ
373 1922 558 1973 λεγόμενα.
577 1922 668 1960 Ἀλλ’
683 1923 777 1974 ὅμως
792 1927 810 1962 6
826 1923 956 1967 δίκαιος
974 1923 1018 1961 τὰ
1032 1927 1115 1977 παρ’

93 1983 216 2019 ἑαυτοῦ
237 1982 406 2035 ἐπλήρου,
427 1983 486 2021 καὶ
506 1983 626 2030 ἐπειδὴ
645 1983 738 2028 ἅπαξ
757 1985 1038 2035 ἐμνηστεύσαντο
1057 1988 1118 2024 αὒ-

93 2047 153 2080 τοῖὶ
173 2043 236 2086 τὰς
259 2044 471 2095 θυγατέρας,
499 2044 670 2092 ἐξουλήθη
693 2045 887 2098 ἐξαρπάσαι
914 2047 1037 2091 αὐτοὺς
1055 2050 1118 2095 τῆς

93 2103 281 2155 τιμωρίας·
304 2106 382 2143 ἀλλ’
400 2108 525 2144 ἐκεῖνοι
553 2106 630 2144 οὐδὲ
657 2106 766 2150 οὕτως
795 2107 1007 2160 ἠνέσχοντο,
1038 2110 1116 2147 ἀλλ’

92 2165 259 2215 ἐπέμενον
276 2169 326 2217 τῷ
345 2167 462 2219 οἰκείῳ
481 2167 612 2219 τρόπῳ,
630 2168 689 2205 καὶ
712 2169 902 2219 ἐμάνθανον
930 2169 1051 2209 λοιπὸν
1071 2172 1115 2208 δι’

92 2227 206 2263 αὐτῶν
225 2228 295 2264 τῶν
315 2227 438 2279 ἔργων,
455 2230 501 2271 ὡς
521 2230 558 2266 οὗ
582 2229 826 2281 συμφερόντως
846 2231 963 2273 αὐτοῖς
981 2234 1042 2268 τοῦ
1063 2231 1115 2268 δι-

90 2287 188 2324 καίου
208 2287 271 2335 τὴν
286 2288 489 2339 συμὸουλὴν
501 2289 766 2342 ἀπεπέμψαντο.
784 2290 912 2329 ἹΙνίκα
926 2292 974 2340 δὲ,
992 2291 1112 2345 φησὶν,

87 2349 205 2400 ὄρθρος
239 2348 396 2400 ἐγένετο,
420 2350 677 2395 ἐπεσπούδαζον
702 2354 734 2391 οἱ
757 2352 898 2404 ἄγγελοι
925 2352 983 2391 τὸν
1011 2353 1113 2402 Λὼτ,

87 2409 261 2461 λέγοντες·
281 2411 433 2455 ἀναστὰς
450 2412 537 2450 λοίὸε
556 2412 621 2459 τὴν
636 2414 787 2465 γυναῖκά
802 2431 877 2461 σου,
896 2415 956 2453 καὶ
975 2415 1037 2460 τὰς
1053 2416 1114 2455 δύο

87 2472 276 2524 θυγατέρας
290 2501 299 2518 ,
322 2473 362 2516 ἃς
380 2473 470 2525 ἔχεις
483 2501 492 2519 ,
512 2473 571 2511 καὶ
590 2473 727 2524 ἔξελθε,
745 2474 802 2513 ἵνα
821 2475 872 2527 μὴ
890 2476 951 2515 καὶ
969 2476 1010 2515 σὺ
1030 2493 1111 2516 συν-

86 2533 202 2585 απόλῃ
222 2540 300 2577 ταῖς
316 2535 477 2586 ἀνομίαις
495 2537 559 2581 τῆς
578 2536 726 2580 πόλεως.
755 2537 824 2576 Καὶ
852 2538 1110 2591 ἐταράχθησαν.

85 2593 147 2640 Μὴ
170 2595 295 2645 μέλλε,
320 2596 430 2648 φησί·
459 2597 509 2634 δεῖ
538 2596 606 2649 γὰρ
633 2597 701 2644 ἤδη
731 2597 790 2636 τὸν
819 2598 959 2652 ὄλεθρον
978 2599 1113 2645 τούτοις

86 2656 284 2701 ἐπιστῆναι.
315 2657 451 2695 Σαυτὸν
475 2651 534 2696 οῧν
561 2659 621 2696 καὶ
638 2658 702 2704 τὴν
721 2659 870 2710 γυναῖκά
895 2676 956 2699 σου
976 2662 1112 2707 καὶτὰς

85 2714 144 2753 δύο
158 2716 349 2769 θυγατέρας
368 2717 552 2757 διοίσωσον.
573 2718 725 2758 Ἐκεῖνοι
739 2720 807 2773 γὰρ
826 2723 857 2760 οἱ
875 2721 922 2773 μὴ
943 2723 1113 2770 θελήσαν-

85 2792 141 2820 τες
159 2778 344 2825 πεισθῆναί
363 2795 424 2817 σου
444 2783 486 2831 τῇ
504 2780 728 2833 παραινέσει,
745 2783 809 2820 οὐκ
825 2785 873 2827 εἷς
891 2783 1029 2836 μακρὰν
1047 2788 1112 2831 τῆς

85 2838 259 2882 ἀπωλείας
276 2840 526 2887 κοινωνήσουσι
539 2847 610 2885 τοῖς
624 2844 770 2887 λοιποῖς.
786 2844 847 2892 Μὴ
863 2845 976 2884 τοίνυν
990 2845 1109 2897 μέλλε,

83 2898 139 2936 ἵνα
161 2898 209 2949 μὴ
230 2900 289 2937 καὶ
308 2901 410 2945 αὐτὸς
433 2905 476 2954 τῇ
507 2903 664 2955 ἀπωλείᾳ
691 2906 760 2943 τῶν
787 2906 1001 2958 παρανόμων
1031 2907 1111 2946 τού-

83 2975 151 2997 των
170 2961 397 3014 κοινωνήσῃς.
417 2964 488 3001 Καὶ
507 2963 750 3016 ἐταράχθησαν
770 2970 882 3006 ταῦτα
900 2967 1110 3013 ἀκούσαντες

82 3024 112 3059 οἱ
130 3021 210 3074 περὶ
228 3023 286 3060 τὸν
306 3022 390 3061 Λὼτ
409 3024 468 3062 καὶ
493 3024 557 3071 τὴν
573 3032 722 3076 γυναῖκα
742 3027 802 3065 καὶ
818 3028 880 3072 τὰς
897 3029 1088 3082 θυγατέρας
1100 3046 1107 3054 ·

81 3081 366 3135 Ἰζταράχθησαν,
387 3085 485 3138 φησὶ,
507 3088 599 3124 τοῦτ’
614 3085 721 3134 ἔστιν,
742 3087 888 3140 ἔμφοὸοι
905 3090 1104 3142 γεγόνασιν,

78 3144 124 3185 εἷς
144 3144 277 3191 πολλὴν
291 3146 420 3184 δειλίαν
437 3147 670 3196 κατέστησαν,
689 3149 892 3198 ἠγωνίασαν
913 3151 976 3198 τὴν
998 3155 1105 3190 ἀπει-

76 3202 155 3248 λήν.
173 3205 236 3242 Διὸ
249 3206 434 3257 κηδόμενοι
446 3213 506 3246 τοῦ
521 3209 655 3247 δικαίου
670 3210 717 3247 Οἱ
733 3209 876 3260 ἄγγελοι
890 3211 1106 3263 ἐκράτησαν,

78 3264 186 3314 φησὶ,
205 3267 268 3310 τῆς
286 3267 402 3318 χειρὸς
421 3270 537 3307 αὐτοῦ.
563 3271 641 3308 Οὐκ
660 3269 711 3308 ἔτι
732 3270 854 3308 λοιπὸν
877 3273 923 3315 ὡς
942 3273 1025 3325 περὶ
1043 3275 1105 3311 ἀν-

78 3325 167 3374 δρῶν
199 3327 396 3379 διαλέγεται
424 3333 446 3375 ἠ
478 3330 601 3383 Γραφὴ
619 3361 628 3373 ,
656 3332 733 3369 ἀλλ’
765 3333 886 3379 ἐπειδὴ
919 3333 1106 3384 μέλλουσιν

78 3385 217 3438 ἐπάγειν
238 3388 302 3437 τὴν
321 3390 506 3442 τιμωρίαν,
527 3392 695 3443 ἀγγέλους
715 3392 839 3438 αὐτοὺς
857 3394 1020 3445 ὀνομάζει
1046 3397 1106 3434 καί

82 3461 203 3496 φησιν·
226 3449 450 3502 Ἐκροίτησαν
469 3455 529 3498 τῆς
550 3453 663 3505 χειρὸς
683 3455 813 3503 αὐτοῦ’,
835 3455 892 3494 καὶ
911 3459 971 3504 τῆς
991 3458 1105 3510 χειρὸς

1144 459 1169 487 Α
1196 451 1333 496 habeo,
1352 465 1438 502 quoe
1453 451 1623 488 nondum
1637 459 1898 502 cognoverunt
1917 452 2026 487 viros
2040 466 2049 486 .·
2063 465 2151 501 quo-

1196 510 1301 548 modo
1328 512 1439 562 igitur
1459 511 1517 549 bic
1537 511 1638 560 dicit,
1660 513 1822 550 Generis
1844 515 1936 560 suis,
1958 514 2024 564 qui
2045 525 2150 550 acce-

1193 581 1331 621 perant
1365 573 1472 622 filias
1504 575 1586 624 ejus
1603 577 1619 609 Ρ
1645 574 1697 610 Ne.
1731 581 1833 625 putes
1872 572 2046 611 contraria
2080 587 2153 610 esse

1196 631 1271 669 lucc
1292 632 1386 680 illis,
1406 647 1486 682 quw
1513 633 1675 685 superius
1694 636 1822 686 ajusto
1839 643 1919 672 sunt
1942 634 2048 672 dieta.
2071 635 2152 672 Mos

1197 693 1292 730 enim
1321 693 1381 731 ille
1407 693 1586 731 veteribus
1615 704 1706 742 erat,
1726 704 1806 733 ante
1838 696 1990 733 multum
2013 705 2153 748 teinpus

1193 755 1371 807 sponsalia
1407 756 1519 792 faeere
1541 771 1548 791 :
1567 769 1659 807 sirpe
1687 756 1770 793 item
1796 766 1827 794 et
1862 757 2066 795 cohabitare
2091 757 2151 795 dc-

1191 817 1390 868 sponsatis‚
1410 825 1443 854 et
1463 816 1568 854 sinml
1590 831 1671 854 cum
1704 818 1909 869 parentibus
1932 819 2063 856 versari
2084 835 2091 855 τ
2115 819 2150 856 id

1191 877 1287 928 quod
1315 886 1348 915 et
1382 891 1476 915 nunc
1509 877 1633 915 multis
1653 877 1688 915 in
1719 877 1805 915 locis
1832 878 1906 915 sieri
1936 880 2034 916 solet.
2056 880 2149 926 Quia

1192 939 1304 991 igitur
1325 940 1401 992 jam
1434 939 1660 992 desponsatio
1694 940 1784 977 sacta
1818 948 1910 988 erat,
1942 940 2020 977 idco
2049 952 2151 980 vocat

1192 1015 1250 1040 eos
1284 1014 1428 1053 generos
1462 1010 1495 1039 et
1529 1001 1645 1049 dixit,
1682 1002 1758 1053 Qui
1791 1011 2018 1052 acceperant
2037 1004 2151 1056 filias

1192 1064 1290 1113 ejus,
1312 1062 1492 1115 proposito
1512 1061 1678 1100 videlicet
1693 1076 1733 1099 ac
1752 1070 1877 1099 mutuo
1898 1075 2079 1099 consensu.
2098 1065 2151 1100 Et

1193 1124 1311 1161 dicit:
1326 1124 1492 1175 Surgite,
1515 1133 1549 1161 et
1571 1126 1672 1161 exite
1697 1123 1745 1161 de
1761 1124 1834 1161 hoc
1852 1123 1936 1161 loco
1952 1138 1962 1158 :
1976 1126 2069 1174 quia
2087 1138 2151 1161 er—

1194 1187 1280 1223 terit
1294 1188 1484 1223 Dominus
1495 1187 1704 1223 civitatem.
1717 1185 1829 1223 Visus
1845 1192 1900 1222 est
1916 1193 2044 1222 autem
2060 1186 2151 1222 ridi-

1193 1248 1284 1284 cula
1301 1247 1410 1298 loqui
1430 1260 1560 1284 coram
1580 1249 1730 1299 generis
1749 1248 1840 1285 suis.
1859 1246 1955 1285 Vide
1973 1246 2152 1297 quomodo

1192 1308 1318 1345 emalo
1336 1307 1398 1346 illo
1422 1309 1590 1346 fermento
1612 1317 1711 1346 erant
1738 1317 1771 1346 et
1799 1307 1870 1346 isti.
1902 1307 1947 1345 Et
1967 1317 2151 1360 propterca

1192 1369 1315 1407 volens
1331 1371 1428 1407 Deus
1443 1369 1511 1407 cito
1527 1369 1680 1408 liberare
1691 1370 1830 1422 justum
1849 1369 1894 1406 ab
1914 1369 2060 1407 illorum
2075 1370 2152 1407 assi-

1192 1430 1324 1480 nitate,
1345 1445 1414 1469 non
1435 1431 1596 1483 permisit
1615 1441 1654 1469 ut
1674 1431 1986 1470 commiscerentur
2007 1445 2087 1469 cum
2109 1432 2151 1469 fi-

1192 1491 1311 1530 liabus
1325 1492 1414 1544 justi
1431 1507 1438 1529 :
1456 1491 1518 1530 scd
1534 1506 1616 1530 cum
1632 1492 1752 1545 impiis
1766 1492 1873 1530 etiam
1887 1492 1966 1530 illos
1982 1491 2151 1544 perdidit,

1193 1561 1232 1590 ut
1248 1566 1407 1605 egressus
1425 1553 1546 1606 justus
1566 1568 1647 1592 cum
1664 1553 1810 1592 filiabus
1836 1554 2005 1605 effugeret
2029 1567 2151 1591 eorum

1193 1614 1449 1666 cognationem.
1471 1615 1594 1666 Itaque
1613 1624 1695 1653 cutn
1713 1614 1877 1653 audirent
1896 1630 1914 1652 a
1931 1616 2029 1667 justo
2049 1615 2151 1652 terri—

1190 1675 1280 1713 biles
1308 1676 1388 1714 illas
1414 1676 1544 1726 minas,
1568 1676 1668 1728 quasi
1692 1676 1973 1723 subsannabant,
1990 1685 2023 1714 et
2042 1685 2147 1728 puta-

1189 1735 1276 1773 bant
1286 1735 1520 1774 deliramenta
1535 1750 1608 1775 esse
1620 1751 1698 1788 quae
1713 1736 1935 1775 dicebantur.
1961 1739 2150 1777 Verumta-

1190 1811 1270 1835 men
1282 1797 1401 1849 justus
1412 1797 1508 1848 quod
1525 1812 1628 1835 suum
1640 1807 1713 1835 erat
1726 1798 1889 1847 faciebat,
1904 1807 1935 1835 et
1945 1798 2028 1849 quia
2043 1799 2149 1836 semel

1145 1871 1168 1902 c
1189 1857 1262 1896 illis
1282 1859 1376 1897 filias
1392 1858 1638 1912 desponsarat,
1657 1859 1772 1898 voluit
1793 1859 1927 1912 eripere
1947 1874 2006 1897 eos
2024 1874 2043 1897 a
2066 1874 2147 1912 sup-

1189 1919 1297 1972 plicio
1317 1936 1324 1957 :
1346 1929 1382 1958 at
1402 1920 1454 1958 illi
1488 1921 1692 1970 noluerunt,
1727 1920 1787 1959 sed
1814 1921 1849 1958 in
1881 1920 2042 1958 moribus
2076 1921 2150 1959 suis

1190 1990 1415 2031 manserunt,
1436 1990 1469 2019 et
1496 1981 1612 2034 reipsa
1638 1981 1842 2020 didicerunt
1869 1996 1906 2020 se
1935 1995 2065 2033 magno
2085 1996 2149 2020 suo

1189 2041 1320 2080 damno
1342 2042 1632 2095 consiliumjusti
1653 2043 1824 2095 rejecisse.
1849 2044 1908 2080 15.
1931 2044 2005 2081 Ubi
2020 2051 2148 2080 autem

1189 2103 1320 2155 inquit,
1343 2104 1628 2157 incinefactum
1652 2113 1723 2149 est,
1753 2106 1924 2142 studiose
1951 2104 2150 2141 adhortati

1189 2174 1279 2203 sunt
1316 2165 1448 2217 angeli
1479 2167 1571 2214 Lot,
1608 2166 1777 2203 dieentes
1807 2165 1980 2217 :Surge‚
2019 2167 2150 2216 accipe

1189 2240 1348 2265 uxorem
1376 2235 1498 2272 tuam,
1525 2236 1561 2265 et
1577 2228 1687 2280 filias
1706 2228 1818 2273 duas,
1841 2241 1939 2279 quas
1959 2228 2092 2275 habes,
2113 2237 2150 2265 ec

1188 2289 1263 2335 exi,
1291 2295 1332 2326 ut
1359 2302 1406 2326 ne
1429 2296 1466 2325 et
1496 2297 1536 2326 tu
1559 2303 1645 2327 cum
1677 2288 1948 2340 iniquitatibus
1981 2291 2150 2328 civitatis

1185 2362 1337 2400 pereas.
1360 2349 1422 2389 16.
1445 2351 1499 2388 Et
1520 2352 1667 2388 turbati
1682 2358 1783 2388 sunt.
1804 2351 1857 2387 Ne
1875 2349 1994 2397 differ,
2011 2350 2147 2401 inquit:

1183 2410 1260 2462 jam
1278 2411 1374 2449 enim
1394 2410 1467 2449 illis
1486 2411 1659 2464 pernicies
1679 2410 1872 2462 infligenda
1892 2420 1940 2448 est
1963 2427 1970 2447 :
1996 2411 2147 2463 teipsum

1187 2471 1299 2523 igitur
1314 2481 1347 2511 et
1362 2486 1514 2511 uxorem
1532 2481 1565 2510 et
1581 2471 1673 2510 filias
1693 2486 1805 2511 serva.
1820 2472 1879 2509 llli
1899 2471 1994 2510 enim
2007 2472 2069 2523 qni
2086 2486 2148 2510 no-

1186 2532 1329 2572 luerunt
1351 2533 1588 2572 admonitioni
1615 2543 1683 2571 tuae
1704 2548 1838 2586 parere,
1854 2547 1922 2571 non
1945 2533 2049 2584 longe
2068 2544 2147 2585 post

1138 2613 1165 2643 D
1185 2595 1378 2648 participes
1410 2605 1512 2634 erunt
1545 2595 1745 2634 communis
1768 2595 1941 2633 interitus.
1964 2596 2016 2633 Ne
2037 2595 2148 2646 igitur

1184 2655 1302 2706 differ,
1323 2666 1362 2694 ut
1382 2671 1426 2695 ne
1442 2666 1474 2695 et
1494 2657 1570 2709 ipse
1585 2656 1832 2694 internecionis
1848 2656 1998 2693 istorum
2014 2656 2143 2708 impio-

1185 2732 1267 2755 rum
1296 2717 1474 2770 particeps
1503 2717 1580 2755 fias.
1611 2719 1666 2756 Et
1693 2719 1840 2754 turbati
1867 2725 1972 2765 sunt,
2001 2726 2041 2754 ut
2072 2717 2147 2756 hmc

1184 2778 1371 2816 audierunt
1387 2779 1455 2817 Lot
1472 2788 1504 2816 et
1518 2791 1610 2816 uxor
1626 2786 1659 2815 et
1674 2777 1778 2827 ssliae;
1799 2779 1961 2816 Turbati
1973 2787 2076 2827 sunt,
2092 2779 2146 2816 in-

1183 2840 1284 2891 quit,
1300 2840 1369 2878 hoc
1388 2848 1460 2888 est,
1481 2838 1621 2877 attoniti
1636 2839 1792 2887 suerunt,
1812 2847 1918 2890 atque
1936 2839 1971 2877 in
1993 2839 2146 2878 nimium

1183 2915 1353 2953 pavorem
1368 2900 1579 2948 inciderunt,
1602 2909 1634 2938 et
1649 2909 1795 2952 propter
1812 2900 1928 2939 minas
1946 2901 2143 2940 anxiifue-

1184 2977 1231 3001 re.
1249 2963 1298 3001 Et
1316 2962 1396 3001 ideo
1412 2963 1574 3015 Angeli,
1592 2977 1714 3001 curam
1729 2971 1871 3014 agentes
1887 2963 1996 3016 justi,
2011 2978 2144 3016 appre-

1185 3026 1417 3071 henderunt,
1442 3024 1573 3075 inquit,
1606 3038 1764 3062 manum
1785 3026 1881 3076 ejas.
1915 3026 1995 3064 Jam
2015 3039 2084 3062 non
2107 3035 2143 3063 nt

1183 3085 1228 3124 de
1238 3085 1326 3125 viris
1340 3086 1500 3137 loquitur
1513 3085 1556 3123 de
1572 3086 1622 3123 eis
1636 3085 1822 3138 Scriptura
1837 3085 1973 3129 divina,
1983 3085 2041 3124 sed
2059 3087 2142 3137 qnia

1134 3168 1158 3198 E
1183 3147 1326 3200 plagam
1349 3146 1520 3185 inssicturi
1550 3155 1662 3193 erant,
1682 3147 1827 3199 angelos
1845 3161 1904 3185 eos
1925 3147 2082 3184 nominat
2111 3157 2142 3184 et

1180 3208 1293 3248 dicit:
1315 3208 1671 3260 Appi-elienderunt
1690 3221 1848 3246 manum
1870 3211 1967 3260 ejus,
1990 3218 2025 3247 et
2057 3223 2140 3246 ma-

1182 3282 1273 3307 num
1291 3271 1423 3307 uxoris
1443 3270 1538 3320 ejus,
1557 3276 1593 3305 et
1615 3282 1771 3306 manum
1788 3269 1962 3319 filiarum
1980 3272 2076 3321 ejas.
2098 3284 2141 3306 eo

1180 3331 1286 3381 quod
1295 3339 1470 3381 parceret
1487 3331 1521 3367 ei
1534 3331 1739 3368 Dominus.
1762 3329 1946 3368 Fiduciam
1963 3329 2139 3367 addebant

1179 3390 1228 3427 cis
1249 3404 1421 3428 manuum
1437 3399 1598 3428 contactu
1612 3399 1643 3428 et
1655 3390 1911 3428 roboraverunt
1931 3404 2051 3428 eorum
2066 3390 2141 3426 ani-

1146 1131 1170 1161 B

1184 3472 1298 3499 inunt,
1316 3467 1352 3496 ut
1371 3471 1413 3496 ne
1430 3457 1534 3496 timor
1549 3472 1667 3496 corum
1687 3457 1893 3496 dissolveret
1917 3457 2024 3495 robur
2039 3473 2046 3496 ;
2060 3471 2139 3509 pro-
