<?xml version="1.0" encoding="UTF-8"?>
<!DOCTYPE html PUBLIC "-//W3C//DTD XHTML 1.0 Transitional//EN"
    "http://www.w3.org/TR/xhtml1/DTD/xhtml1-transitional.dtd">
<html xmlns="http://www.w3.org/1999/xhtml" xml:lang="en" lang="en">
 <head>
  <title>
</title>
<meta http-equiv="Content-Type" content="text/html;charset=utf-8" />
  <meta name='ocr-system' content='tesseract 3.04.00' />
  <meta name='ocr-capabilities' content='ocr_page ocr_carea ocr_par ocr_line ocrx_word'/>
</head>
<body>
  <div class='ocr_page' id='page_1' title='image "./operaomniaquaeex04johnuoft/operaomniaquaeex04johnuoft_0294.png"; bbox 0 0 2566 3791; ppageno 0'>
   <div class='ocr_carea' id='block_1_1' title="bbox 178 1057 370 1169">
    <p class='ocr_par' dir='ltr' id='par_1_1' title="bbox 178 1057 370 1169">
     <span class='ocr_line' id='line_1_1' title="bbox 199 1057 370 1095; baseline 0 -11"><span class='ocrx_word' id='word_1_1' title='bbox 199 1057 280 1084; x_wconf 78' lang='lat' dir='ltr'><strong>Deus</strong></span> <span class='ocrx_word' id='word_1_2' title='bbox 298 1067 370 1095; x_wconf 71' lang='lat' dir='ltr'><strong>prte-</strong></span> 
     </span>
     <span class='ocr_line' id='line_1_2' title="bbox 179 1099 366 1136; baseline 0.021 -11"><span class='ocrx_word' id='word_1_3' title='bbox 179 1099 250 1127; x_wconf 79' lang='lat' dir='ltr'><strong>dicit</strong></span> <span class='ocrx_word' id='word_1_4' title='bbox 259 1108 366 1136; x_wconf 63' lang='grc' dir='ltr'>ρωπος.</span> 
     </span>
     <span class='ocr_line' id='line_1_3' title="bbox 178 1141 354 1169; baseline 0 -1"><span class='ocrx_word' id='word_1_5' title='bbox 178 1151 214 1168; x_wconf 81' lang='lat' dir='ltr'>ne</span> <span class='ocrx_word' id='word_1_6' title='bbox 237 1141 354 1169; x_wconf 83' lang='lat' dir='ltr'><strong>inserat.</strong></span> 
     </span>
    </p>
   </div>
   <div class='ocr_carea' id='block_1_2' title="bbox 384 159 850 215">
    <p class='ocr_par' dir='ltr' id='par_1_2' title="bbox 384 159 850 215">
     <span class='ocr_line' id='line_1_4' title="bbox 384 159 850 215; baseline 0.004 -16"><span class='ocrx_word' id='word_1_7' title='bbox 384 159 474 215; x_wconf 70' lang='lat'>274</span> <span class='ocrx_word' id='word_1_8' title='bbox 813 171 850 201; x_wconf 86' lang='lat' dir='ltr'><strong>s.</strong></span> 
     </span>
    </p>
   </div>
   <div class='ocr_carea' id='block_1_3' title="bbox 365 252 1381 3401">
    <p class='ocr_par' dir='ltr' id='par_1_3' title="bbox 380 252 1334 533">
     <span class='ocr_line' id='line_1_5' title="bbox 381 252 1332 305; baseline -0.003 -15"><span class='ocrx_word' id='word_1_9' title='bbox 381 252 598 291; x_wconf 83' lang='lat' dir='ltr'>ineffabilem</span> <span class='ocrx_word' id='word_1_10' title='bbox 618 267 719 292; x_wconf 85' lang='lat' dir='ltr'><strong>suam</strong></span> <span class='ocrx_word' id='word_1_11' title='bbox 743 253 1027 305; x_wconf 68' lang='lat' dir='ltr'><strong>misericordiam</strong></span> <span class='ocrx_word' id='word_1_12' title='bbox 1045 262 1078 291; x_wconf 88' lang='lat' dir='ltr'>et</span> <span class='ocrx_word' id='word_1_13' title='bbox 1103 252 1332 294; x_wconf 80' lang='lat' dir='ltr'><strong>excellentem</strong></span> 
     </span>
     <span class='ocr_line' id='line_1_6' title="bbox 380 310 1333 363; baseline -0.005 -12"><span class='ocrx_word' id='word_1_14' title='bbox 380 313 595 363; x_wconf 83' lang='lat' dir='ltr'><strong>bonitatem,</strong></span> <span class='ocrx_word' id='word_1_15' title='bbox 614 327 683 352; x_wconf 91' lang='lat' dir='ltr'>non</span> <span class='ocrx_word' id='word_1_16' title='bbox 703 313 881 352; x_wconf 75' lang='lat' dir='ltr'><strong>recusavit</strong></span> <span class='ocrx_word' id='word_1_17' title='bbox 896 314 1002 351; x_wconf 85' lang='lat' dir='ltr'><strong>etiam</strong></span> <span class='ocrx_word' id='word_1_18' title='bbox 1020 321 1101 350; x_wconf 87' lang='lat' dir='ltr'><strong>ante</strong></span> <span class='ocrx_word' id='word_1_19' title='bbox 1116 320 1248 363; x_wconf 89' lang='lat' dir='ltr'><strong>septem</strong></span> <span class='ocrx_word' id='word_1_20' title='bbox 1256 310 1333 347; x_wconf 89' lang='lat' dir='ltr'><strong>dies</strong></span> 
     </span>
     <span class='ocr_line' id='line_1_7' title="bbox 381 371 1334 426; baseline -0.004 -15"><span class='ocrx_word' id='word_1_21' title='bbox 381 374 576 426; x_wconf 82' lang='lat' dir='ltr'><strong>praedicere</strong></span> <span class='ocrx_word' id='word_1_22' title='bbox 591 375 640 413; x_wconf 74' lang='lat' dir='ltr'><strong>eis&#39;</strong></span> <span class='ocrx_word' id='word_1_23' title='bbox 656 375 835 414; x_wconf 67' lang='lat' dir='ltr'><strong>diluvium</strong></span> <span class='ocrx_word' id='word_1_24' title='bbox 849 389 934 412; x_wconf 78' lang='lat' dir='ltr'>mox</span> <span class='ocrx_word' id='word_1_25' title='bbox 946 373 1203 419; x_wconf 87' lang='lat' dir='ltr'><strong>inducendum,</strong></span> <span class='ocrx_word' id='word_1_26' title='bbox 1220 380 1260 408; x_wconf 90' lang='lat' dir='ltr'>ut</span> <span class='ocrx_word' id='word_1_27' title='bbox 1277 371 1334 408; x_wconf 77' lang='lat' dir='ltr'>vel</span> 
     </span>
     <span class='ocr_line' id='line_1_8' title="bbox 382 431 1332 487; baseline -0.005 -15"><span class='ocrx_word' id='word_1_28' title='bbox 382 435 544 486; x_wconf 85' lang='lat' dir='ltr'><strong>angustia</strong></span> <span class='ocrx_word' id='word_1_29' title='bbox 558 436 725 487; x_wconf 85' lang='lat' dir='ltr'><strong>temporis</strong></span> <span class='ocrx_word' id='word_1_30' title='bbox 737 435 887 486; x_wconf 87' lang='lat' dir='ltr'><strong>correpti</strong></span> <span class='ocrx_word' id='word_1_31' title='bbox 898 433 1163 472; x_wconf 82' lang='lat' dir='ltr'><strong>conversionem</strong></span> <span class='ocrx_word' id='word_1_32' title='bbox 1174 431 1332 482; x_wconf 81' lang='lat' dir='ltr'>aliquam</span> 
     </span>
     <span class='ocr_line' id='line_1_9' title="bbox 382 496 615 533; baseline 0 0"><span class='ocrx_word' id='word_1_33' title='bbox 382 496 615 533; x_wconf 81' lang='lat' dir='ltr'><strong>ostenderent.</strong></span> 
     </span>
    </p>

    <p class='ocr_par' dir='ltr' id='par_1_4' title="bbox 365 551 1381 3401">
     <span class='ocr_line' id='line_1_10' title="bbox 436 551 1334 603; baseline -0.004 -9"><span class='ocrx_word' id='word_1_34' title='bbox 436 557 472 594; x_wconf 85' lang='lat'>5.</span> <span class='ocrx_word' id='word_1_35' title='bbox 511 556 558 593; x_wconf 89' lang='lat' dir='ltr'>Et</span> <span class='ocrx_word' id='word_1_36' title='bbox 589 554 672 593; x_wconf 79' lang='lat' dir='ltr'><strong>vide</strong></span> <span class='ocrx_word' id='word_1_37' title='bbox 702 553 924 591; x_wconf 84' lang='lat' dir='ltr'><strong>clementiam</strong></span> <span class='ocrx_word' id='word_1_38' title='bbox 957 552 1122 601; x_wconf 85' lang='lat' dir='ltr'><strong>Domini,</strong></span> <span class='ocrx_word' id='word_1_39' title='bbox 1155 551 1334 603; x_wconf 85' lang='lat' dir='ltr'><strong>quomodo</strong></span> 
     </span>
     <span class='ocr_line' id='line_1_11' title="bbox 385 613 1334 665; baseline 0 -14"><span class='ocrx_word' id='word_1_40' title='bbox 385 616 484 665; x_wconf 87' lang='lat' dir='ltr'><strong>quasi</strong></span> <span class='ocrx_word' id='word_1_41' title='bbox 498 616 612 653; x_wconf 88' lang='lat' dir='ltr'><strong>bonus</strong></span> <span class='ocrx_word' id='word_1_42' title='bbox 626 615 756 665; x_wconf 83' lang='lat' dir='ltr'><strong>aliquis</strong></span> <span class='ocrx_word' id='word_1_43' title='bbox 769 613 927 652; x_wconf 88' lang='lat' dir='ltr'><strong>medicus</strong></span> <span class='ocrx_word' id='word_1_44' title='bbox 941 644 950 663; x_wconf 93' lang='lat'><strong>,</strong></span> <span class='ocrx_word' id='word_1_45' title='bbox 963 614 1074 652; x_wconf 72' lang='lat' dir='ltr'><strong>variis</strong></span> <span class='ocrx_word' id='word_1_46' title='bbox 1086 613 1155 652; x_wconf 84' lang='lat' dir='ltr'><strong>viis</strong></span> <span class='ocrx_word' id='word_1_47' title='bbox 1168 614 1334 652; x_wconf 87' lang='lat' dir='ltr'><strong>morbum</strong></span> 
     </span>
     <span class='ocr_line' id='line_1_12' title="bbox 384 674 1334 726; baseline 0 -14"><span class='ocrx_word' id='word_1_48' title='bbox 384 690 505 713; x_wconf 88' lang='lat' dir='ltr'><strong>eorum</strong></span> <span class='ocrx_word' id='word_1_49' title='bbox 527 689 650 713; x_wconf 81' lang='lat' dir='ltr'><strong>curare</strong></span> <span class='ocrx_word' id='word_1_50' title='bbox 668 684 789 713; x_wconf 83' lang='lat' dir='ltr'><strong>tentat.</strong></span> <span class='ocrx_word' id='word_1_51' title='bbox 810 676 902 713; x_wconf 89' lang='lat' dir='ltr'>Nam</span> <span class='ocrx_word' id='word_1_52' title='bbox 929 675 1100 726; x_wconf 85' lang='lat' dir='ltr'><strong>quoniam</strong></span> <span class='ocrx_word' id='word_1_53' title='bbox 1119 674 1334 713; x_wconf 80' lang='lat' dir='ltr'><strong>incurabilia</strong></span> 
     </span>
     <span class='ocr_line' id='line_1_13' title="bbox 384 735 1333 788; baseline 0.001 -15"><span class='ocrx_word' id='word_1_54' title='bbox 384 750 506 774; x_wconf 87' lang='lat' dir='ltr'><strong>eorum</strong></span> <span class='ocrx_word' id='word_1_55' title='bbox 521 745 621 774; x_wconf 88' lang='lat' dir='ltr'><strong>erant</strong></span> <span class='ocrx_word' id='word_1_56' title='bbox 638 735 786 774; x_wconf 77' lang='lat' dir='ltr'><strong>vulnera</strong></span> <span class='ocrx_word' id='word_1_57' title='bbox 799 766 809 785; x_wconf 89' lang='lat'><strong>,</strong></span> <span class='ocrx_word' id='word_1_58' title='bbox 827 745 898 775; x_wconf 78' lang='lat' dir='ltr'>tam</span> <span class='ocrx_word' id='word_1_59' title='bbox 915 736 1100 788; x_wconf 75' lang='lat' dir='ltr'><strong>prolixum</strong></span> <span class='ocrx_word' id='word_1_60' title='bbox 1118 736 1167 774; x_wconf 91' lang='lat' dir='ltr'>eis</span> <span class='ocrx_word' id='word_1_61' title='bbox 1191 745 1333 787; x_wconf 88' lang='lat' dir='ltr'><strong>tempus</strong></span> 
     </span>
     <span class='ocr_line' id='line_1_14' title="bbox 383 796 1335 849; baseline -0.002 -14"><span class='ocrx_word' id='word_1_62' title='bbox 383 796 620 849; x_wconf 69' lang='lat' dir='ltr'><strong>praescripsit,</strong></span> <span class='ocrx_word' id='word_1_63' title='bbox 651 796 787 844; x_wconf 70' lang='lat' dir='ltr'><strong>volens,</strong></span> <span class='ocrx_word' id='word_1_64' title='bbox 817 797 923 834; x_wconf 85' lang='lat' dir='ltr'><strong>etiam</strong></span> <span class='ocrx_word' id='word_1_65' title='bbox 951 796 981 835; x_wconf 92' lang='lat' dir='ltr'>si</span> <span class='ocrx_word' id='word_1_66' title='bbox 1000 797 1037 834; x_wconf 90' lang='lat' dir='ltr'>in</span> <span class='ocrx_word' id='word_1_67' title='bbox 1064 805 1162 834; x_wconf 87' lang='lat' dir='ltr'><strong>tanto</strong></span> <span class='ocrx_word' id='word_1_68' title='bbox 1176 805 1335 848; x_wconf 88' lang='lat' dir='ltr'><strong>tempore</strong></span> 
     </span>
     <span class='ocr_line' id='line_1_15' title="bbox 383 856 1334 909; baseline -0.001 -14"><span class='ocrx_word' id='word_1_69' title='bbox 383 857 649 909; x_wconf 87' lang='lat' dir='ltr'><strong>resipiscerent,</strong></span> <span class='ocrx_word' id='word_1_70' title='bbox 668 871 834 894; x_wconf 79' lang='lat' dir='ltr'><strong>revocare</strong></span> <span class='ocrx_word' id='word_1_71' title='bbox 848 856 1102 908; x_wconf 76' lang='lat' dir='ltr'><strong>indignationis</strong></span> <span class='ocrx_word' id='word_1_72' title='bbox 1118 871 1189 894; x_wconf 83' lang='lat' dir='ltr'>suae</span> <span class='ocrx_word' id='word_1_73' title='bbox 1200 865 1334 894; x_wconf 88' lang='lat' dir='ltr'><strong>senten-</strong></span> 
     </span>
     <span class='ocr_line' id='line_1_16' title="bbox 382 916 1332 969; baseline -0.001 -14"><span class='ocrx_word' id='word_1_74' title='bbox 382 918 480 955; x_wconf 89' lang='lat' dir='ltr'><strong>tiam.</strong></span> <span class='ocrx_word' id='word_1_75' title='bbox 506 919 655 969; x_wconf 85' lang='lat' dir='ltr'><strong>Semper</strong></span> <span class='ocrx_word' id='word_1_76' title='bbox 674 917 767 955; x_wconf 87' lang='lat' dir='ltr'><strong>enim</strong></span> <span class='ocrx_word' id='word_1_77' title='bbox 789 931 864 955; x_wconf 90' lang='lat' dir='ltr'>mos</span> <span class='ocrx_word' id='word_1_78' title='bbox 885 918 962 969; x_wconf 88' lang='lat' dir='ltr'><strong>ejus</strong></span> <span class='ocrx_word' id='word_1_79' title='bbox 981 926 1051 966; x_wconf 91' lang='lat' dir='ltr'><strong>est,</strong></span> <span class='ocrx_word' id='word_1_80' title='bbox 1076 916 1245 967; x_wconf 87' lang='lat' dir='ltr'><strong>quoniam</strong></span> <span class='ocrx_word' id='word_1_81' title='bbox 1264 930 1332 954; x_wconf 91' lang='lat' dir='ltr'><strong>no-</strong></span> 
     </span>
     <span class='ocr_line' id='line_1_17' title="bbox 382 977 1381 1030; baseline -0.002 -14"><span class='ocrx_word' id='word_1_82' title='bbox 382 988 466 1017; x_wconf 66' lang='lat' dir='ltr'><strong>strae</strong></span> <span class='ocrx_word' id='word_1_83' title='bbox 475 978 599 1017; x_wconf 83' lang='lat' dir='ltr'><strong>salutis</strong></span> <span class='ocrx_word' id='word_1_84' title='bbox 613 993 734 1017; x_wconf 87' lang='lat' dir='ltr'><strong>curam</strong></span> <span class='ocrx_word' id='word_1_85' title='bbox 746 978 833 1029; x_wconf 80' lang='lat' dir='ltr'><strong>agit,</strong></span> <span class='ocrx_word' id='word_1_86' title='bbox 846 977 1039 1030; x_wconf 79' lang='lat' dir='ltr'><strong>praedicere</strong></span> <span class='ocrx_word' id='word_1_87' title='bbox 1051 992 1138 1029; x_wconf 85' lang='lat' dir='ltr'><strong>quas</strong></span> <span class='ocrx_word' id='word_1_88' title='bbox 1154 991 1275 1029; x_wconf 88' lang='lat' dir='ltr'><strong>poenas</strong></span> <span class='ocrx_word' id='word_1_89' title='bbox 1289 977 1336 1015; x_wconf 89' lang='lat' dir='ltr'>sit</span> <span class='ocrx_word' id='word_1_90' title='bbox 1358 981 1381 1009; x_wconf 88' lang='lat' dir='ltr'>B</span> 
     </span>
     <span class='ocr_line' id='line_1_18' title="bbox 383 1038 1330 1089; baseline -0.001 -13"><span class='ocrx_word' id='word_1_91' title='bbox 383 1040 570 1089; x_wconf 82' lang='lat' dir='ltr'><strong>illaturus,</strong></span> <span class='ocrx_word' id='word_1_92' title='bbox 588 1040 634 1077; x_wconf 84' lang='lat' dir='ltr'>ob</span> <span class='ocrx_word' id='word_1_93' title='bbox 650 1039 743 1076; x_wconf 85' lang='lat' dir='ltr'><strong>hanc</strong></span> <span class='ocrx_word' id='word_1_94' title='bbox 769 1047 909 1076; x_wconf 80' lang='lat' dir='ltr'><strong>tantum</strong></span> <span class='ocrx_word' id='word_1_95' title='bbox 930 1052 1074 1077; x_wconf 83' lang='lat' dir='ltr'><strong>causam</strong></span> <span class='ocrx_word' id='word_1_96' title='bbox 1087 1067 1098 1088; x_wconf 91' lang='lat'><strong>,</strong></span> <span class='ocrx_word' id='word_1_97' title='bbox 1116 1052 1161 1075; x_wconf 90' lang='lat' dir='ltr'>ne</span> <span class='ocrx_word' id='word_1_98' title='bbox 1180 1038 1330 1087; x_wconf 84' lang='lat' dir='ltr'><strong>inferat3</strong></span> 
     </span>
     <span class='ocr_line' id='line_1_19' title="bbox 382 1097 1335 1150; baseline -0.001 -14"><span class='ocrx_word' id='word_1_99' title='bbox 382 1113 467 1150; x_wconf 88' lang='lat' dir='ltr'><strong>quas</strong></span> <span class='ocrx_word' id='word_1_100' title='bbox 492 1100 521 1137; x_wconf 91' lang='lat' dir='ltr'>si</span> <span class='ocrx_word' id='word_1_101' title='bbox 547 1099 677 1138; x_wconf 88' lang='lat' dir='ltr'><strong>inferre</strong></span> <span class='ocrx_word' id='word_1_102' title='bbox 707 1099 837 1149; x_wconf 73' lang='lat' dir='ltr'><strong>vellet,</strong></span> <span class='ocrx_word' id='word_1_103' title='bbox 868 1098 1074 1149; x_wconf 86' lang='lat' dir='ltr'><strong>neutiquam</strong></span> <span class='ocrx_word' id='word_1_104' title='bbox 1100 1098 1254 1136; x_wconf 87' lang='lat' dir='ltr'><strong>diceret:</strong></span> <span class='ocrx_word' id='word_1_105' title='bbox 1273 1097 1335 1135; x_wconf 89' lang='lat' dir='ltr'>sed</span> 
     </span>
     <span class='ocr_line' id='line_1_20' title="bbox 382 1158 1332 1212; baseline -0.002 -14"><span class='ocrx_word' id='word_1_106' title='bbox 382 1160 541 1199; x_wconf 87' lang='lat' dir='ltr'><strong>studiose</strong></span> <span class='ocrx_word' id='word_1_107' title='bbox 558 1159 739 1212; x_wconf 85' lang='lat' dir='ltr'><strong>praedicit,</strong></span> <span class='ocrx_word' id='word_1_108' title='bbox 767 1168 805 1197; x_wconf 87' lang='lat' dir='ltr'>ut</span> <span class='ocrx_word' id='word_1_109' title='bbox 824 1173 906 1197; x_wconf 87' lang='lat' dir='ltr'>cum</span> <span class='ocrx_word' id='word_1_110' title='bbox 922 1173 985 1197; x_wconf 91' lang='lat' dir='ltr'>nos</span> <span class='ocrx_word' id='word_1_111' title='bbox 1003 1158 1262 1209; x_wconf 87' lang='lat' dir='ltr'><strong>didicerimus,</strong></span> <span class='ocrx_word' id='word_1_112' title='bbox 1284 1158 1332 1196; x_wconf 88' lang='lat' dir='ltr'>ti-</span> 
     </span>
     <span class='ocr_line' id='line_1_21' title="bbox 379 1218 1333 1271; baseline -0.002 -13"><span class='ocrx_word' id='word_1_113' title='bbox 379 1234 477 1258; x_wconf 87' lang='lat' dir='ltr'><strong>more</strong></span> <span class='ocrx_word' id='word_1_114' title='bbox 495 1220 750 1258; x_wconf 81' lang='lat' dir='ltr'><strong>emendatiores</strong></span> <span class='ocrx_word' id='word_1_115' title='bbox 764 1219 849 1258; x_wconf 84' lang='lat' dir='ltr'><strong>facti</strong></span> <span class='ocrx_word' id='word_1_116' title='bbox 859 1249 869 1269; x_wconf 93' lang='lat'><strong>,</strong></span> <span class='ocrx_word' id='word_1_117' title='bbox 886 1228 1088 1257; x_wconf 80' lang='lat' dir='ltr'><strong>avertamus</strong></span> <span class='ocrx_word' id='word_1_118' title='bbox 1107 1219 1220 1271; x_wconf 87' lang='lat' dir='ltr'><strong>ipsius</strong></span> <span class='ocrx_word' id='word_1_119' title='bbox 1235 1219 1244 1256; x_wconf 91' lang='lat' dir='ltr'>i</span> <span class='ocrx_word' id='word_1_120' title='bbox 1251 1218 1333 1257; x_wconf 87' lang='lat' dir='ltr'><strong>ndi-</strong></span> 
     </span>
     <span class='ocr_line' id='line_1_22' title="bbox 376 1280 1333 1333; baseline 0 -15"><span class='ocrx_word' id='word_1_121' title='bbox 376 1281 579 1333; x_wconf 87' lang='lat' dir='ltr'><strong>gnationem</strong></span> <span class='ocrx_word' id='word_1_122' title='bbox 591 1311 602 1330; x_wconf 96' lang='lat'><strong>,</strong></span> <span class='ocrx_word' id='word_1_123' title='bbox 625 1290 659 1318; x_wconf 86' lang='lat' dir='ltr'>et</span> <span class='ocrx_word' id='word_1_124' title='bbox 678 1280 866 1319; x_wconf 85' lang='lat' dir='ltr'><strong>sententias</strong></span> <span class='ocrx_word' id='word_1_125' title='bbox 888 1280 1005 1318; x_wconf 83' lang='lat' dir='ltr'><strong>irritas</strong></span> <span class='ocrx_word' id='word_1_126' title='bbox 1026 1280 1209 1318; x_wconf 86' lang='lat' dir='ltr'><strong>faciamus.</strong></span> <span class='ocrx_word' id='word_1_127' title='bbox 1227 1280 1333 1318; x_wconf 83' lang='lat' dir='ltr'><strong>Nihil</strong></span> 
     </span>
     <span class='ocr_line' id='line_1_23' title="bbox 373 1341 1329 1393; baseline -0.001 -13"><span class='ocrx_word' id='word_1_128' title='bbox 373 1342 468 1380; x_wconf 89' lang='lat' dir='ltr'><strong>enim</strong></span> <span class='ocrx_word' id='word_1_129' title='bbox 487 1352 551 1387; x_wconf 83' lang='lat' dir='ltr'><strong>est,</strong></span> <span class='ocrx_word' id='word_1_130' title='bbox 566 1342 663 1393; x_wconf 88' lang='lat' dir='ltr'><strong>quod</strong></span> <span class='ocrx_word' id='word_1_131' title='bbox 680 1342 728 1379; x_wconf 85' lang='lat' dir='ltr'>ita</span> <span class='ocrx_word' id='word_1_132' title='bbox 743 1341 848 1379; x_wconf 88' lang='lat' dir='ltr'><strong>illum</strong></span> <span class='ocrx_word' id='word_1_133' title='bbox 872 1341 1063 1391; x_wconf 81' lang='lat' dir='ltr'><strong>exhilaret,</strong></span> <span class='ocrx_word' id='word_1_134' title='bbox 1085 1350 1124 1378; x_wconf 90' lang='lat' dir='ltr'>ut</span> <span class='ocrx_word' id='word_1_135' title='bbox 1145 1341 1329 1379; x_wconf 80' lang='lat' dir='ltr'><strong>conversio</strong></span> 
     </span>
     <span class='ocr_line' id='line_1_24' title="bbox 373 1403 1329 1456; baseline -0.001 -14"><span class='ocrx_word' id='word_1_136' title='bbox 373 1414 513 1454; x_wconf 84' lang='lat' dir='ltr'><strong>nostra,</strong></span> <span class='ocrx_word' id='word_1_137' title='bbox 533 1414 566 1442; x_wconf 83' lang='lat' dir='ltr'>et</span> <span class='ocrx_word' id='word_1_138' title='bbox 579 1419 599 1442; x_wconf 85' lang='lat' dir='ltr'><strong>a</strong></span> <span class='ocrx_word' id='word_1_139' title='bbox 613 1413 754 1456; x_wconf 82' lang='lat' dir='ltr'><strong>peccato</strong></span> <span class='ocrx_word' id='word_1_140' title='bbox 778 1403 824 1442; x_wconf 87' lang='lat' dir='ltr'><strong>ad</strong></span> <span class='ocrx_word' id='word_1_141' title='bbox 843 1403 1014 1442; x_wconf 86' lang='lat' dir='ltr'><strong>virtutem</strong></span> <span class='ocrx_word' id='word_1_142' title='bbox 1032 1417 1223 1455; x_wconf 85' lang='lat' dir='ltr'><strong>regressus.</strong></span> <span class='ocrx_word' id='word_1_143' title='bbox 1244 1404 1329 1441; x_wconf 90' lang='lat' dir='ltr'><strong>Ani-</strong></span> 
     </span>
     <span class='ocr_line' id='line_1_25' title="bbox 374 1464 1327 1517; baseline -0.002 -14"><span class='ocrx_word' id='word_1_144' title='bbox 374 1465 556 1505; x_wconf 75' lang='lat' dir='ltr'><strong>madverte</strong></span> <span class='ocrx_word' id='word_1_145' title='bbox 574 1465 687 1517; x_wconf 82' lang='lat' dir='ltr'><strong>igitur</strong></span> <span class='ocrx_word' id='word_1_146' title='bbox 717 1464 894 1516; x_wconf 88' lang='lat' dir='ltr'><strong>quomodo</strong></span> <span class='ocrx_word' id='word_1_147' title='bbox 914 1474 947 1502; x_wconf 89' lang='lat' dir='ltr'>et</span> <span class='ocrx_word' id='word_1_148' title='bbox 965 1465 1117 1502; x_wconf 87' lang='lat' dir='ltr'><strong>istorum</strong></span> <span class='ocrx_word' id='word_1_149' title='bbox 1136 1464 1327 1515; x_wconf 73' lang='lat' dir='ltr'><strong>aegritudi—</strong></span> 
     </span>
     <span class='ocr_line' id='line_1_26' title="bbox 373 1525 1326 1577; baseline 0 -13"><span class='ocrx_word' id='word_1_150' title='bbox 373 1540 454 1564; x_wconf 87' lang='lat' dir='ltr'>nem</span> <span class='ocrx_word' id='word_1_151' title='bbox 486 1526 666 1564; x_wconf 85' lang='lat' dir='ltr'><strong>industria</strong></span> <span class='ocrx_word' id='word_1_152' title='bbox 699 1525 855 1577; x_wconf 85' lang='lat' dir='ltr'><strong>quadam</strong></span> <span class='ocrx_word' id='word_1_153' title='bbox 876 1539 1001 1564; x_wconf 85' lang='lat' dir='ltr'><strong>curare</strong></span> <span class='ocrx_word' id='word_1_154' title='bbox 1029 1525 1156 1563; x_wconf 73' lang='lat' dir='ltr'><strong>nititur</strong></span> <span class='ocrx_word' id='word_1_155' title='bbox 1180 1540 1187 1561; x_wconf 91' lang='lat'><strong>:</strong></span> <span class='ocrx_word' id='word_1_156' title='bbox 1212 1525 1326 1577; x_wconf 88' lang='lat' dir='ltr'><strong>primo</strong></span> 
     </span>
     <span class='ocr_line' id='line_1_27' title="bbox 371 1584 1327 1639; baseline 0.001 -15"><span class='ocrx_word' id='word_1_157' title='bbox 371 1594 509 1624; x_wconf 79' lang='lat' dir='ltr'><strong>tantum</strong></span> <span class='ocrx_word' id='word_1_158' title='bbox 519 1586 690 1639; x_wconf 86' lang='lat' dir='ltr'><strong>temporis</strong></span> <span class='ocrx_word' id='word_1_159' title='bbox 705 1586 753 1624; x_wconf 85' lang='lat' dir='ltr'><strong>ad</strong></span> <span class='ocrx_word' id='word_1_160' title='bbox 765 1586 1007 1638; x_wconf 86' lang='lat' dir='ltr'><strong>poenitentiam</strong></span> <span class='ocrx_word' id='word_1_161' title='bbox 1025 1584 1146 1635; x_wconf 70' lang='lat' dir='ltr'><strong>dedit,</strong></span> <span class='ocrx_word' id='word_1_162' title='bbox 1166 1585 1247 1623; x_wconf 90' lang='lat' dir='ltr'><strong>dein</strong></span> <span class='ocrx_word' id='word_1_163' title='bbox 1263 1586 1327 1625; x_wconf 91' lang='lat' dir='ltr'>ubi</span> 
     </span>
     <span class='ocr_line' id='line_1_28' title="bbox 369 1646 1325 1699; baseline -0.001 -13"><span class='ocrx_word' id='word_1_164' title='bbox 369 1646 464 1686; x_wconf 73' lang='lat' dir='ltr'><strong>vidit</strong></span> <span class='ocrx_word' id='word_1_165' title='bbox 478 1662 535 1686; x_wconf 86' lang='lat' dir='ltr'>eos</span> <span class='ocrx_word' id='word_1_166' title='bbox 554 1648 654 1698; x_wconf 88' lang='lat' dir='ltr'><strong>quasi</strong></span> <span class='ocrx_word' id='word_1_167' title='bbox 667 1647 834 1686; x_wconf 83' lang='lat' dir='ltr'><strong>insensati</strong></span> <span class='ocrx_word' id='word_1_168' title='bbox 850 1657 985 1695; x_wconf 88' lang='lat' dir='ltr'><strong>essent,</strong></span> <span class='ocrx_word' id='word_1_169' title='bbox 1003 1648 1049 1685; x_wconf 83' lang='lat' dir='ltr'>ita</span> <span class='ocrx_word' id='word_1_170' title='bbox 1070 1661 1105 1685; x_wconf 88' lang='lat' dir='ltr'>se</span> <span class='ocrx_word' id='word_1_171' title='bbox 1124 1661 1242 1699; x_wconf 83' lang='lat' dir='ltr'><strong>gerere</strong></span> <span class='ocrx_word' id='word_1_172' title='bbox 1248 1648 1325 1697; x_wconf 88' lang='lat' dir='ltr'><strong>,ni-</strong></span> 
     </span>
     <span class='ocr_line' id='line_1_29' title="bbox 371 1707 1325 1760; baseline -0.001 -15"><span class='ocrx_word' id='word_1_173' title='bbox 371 1707 495 1759; x_wconf 87' lang='lat' dir='ltr'><strong>hilque</strong></span> <span class='ocrx_word' id='word_1_174' title='bbox 509 1708 680 1760; x_wconf 87' lang='lat' dir='ltr'><strong>proficere</strong></span> <span class='ocrx_word' id='word_1_175' title='bbox 699 1708 868 1760; x_wconf 91' lang='lat' dir='ltr'><strong>temporis</strong></span> <span class='ocrx_word' id='word_1_176' title='bbox 884 1708 1129 1759; x_wconf 77' lang='lat' dir='ltr'><strong>longitudine,</strong></span> <span class='ocrx_word' id='word_1_177' title='bbox 1147 1708 1224 1759; x_wconf 88' lang='lat' dir='ltr'>jam</span> <span class='ocrx_word' id='word_1_178' title='bbox 1243 1722 1325 1745; x_wconf 86' lang='lat' dir='ltr'>cum</span> 
     </span>
     <span class='ocr_line' id='line_1_30' title="bbox 369 1768 1320 1822; baseline -0.002 -15"><span class='ocrx_word' id='word_1_179' title='bbox 369 1768 630 1822; x_wconf 87' lang='lat' dir='ltr'><strong>propemodum</strong></span> <span class='ocrx_word' id='word_1_180' title='bbox 653 1769 691 1807; x_wconf 92' lang='lat' dir='ltr'>in</span> <span class='ocrx_word' id='word_1_181' title='bbox 720 1769 858 1807; x_wconf 86' lang='lat' dir='ltr'><strong>foribus</strong></span> <span class='ocrx_word' id='word_1_182' title='bbox 889 1769 976 1820; x_wconf 88' lang='lat' dir='ltr'><strong>ipsis</strong></span> <span class='ocrx_word' id='word_1_183' title='bbox 1001 1778 1088 1807; x_wconf 87' lang='lat' dir='ltr'><strong>esset</strong></span> <span class='ocrx_word' id='word_1_184' title='bbox 1115 1768 1320 1819; x_wconf 83' lang='lat' dir='ltr'><strong>diluvium,</strong></span> 
     </span>
     <span class='ocr_line' id='line_1_31' title="bbox 367 1829 1323 1883; baseline 0 -15"><span class='ocrx_word' id='word_1_185' title='bbox 367 1831 497 1868; x_wconf 90' lang='lat' dir='ltr'><strong>iterum</strong></span> <span class='ocrx_word' id='word_1_186' title='bbox 514 1830 750 1883; x_wconf 87' lang='lat' dir='ltr'><strong>praenuntiat,</strong></span> <span class='ocrx_word' id='word_1_187' title='bbox 769 1844 838 1868; x_wconf 91' lang='lat' dir='ltr'>non</span> <span class='ocrx_word' id='word_1_188' title='bbox 855 1840 936 1868; x_wconf 87' lang='lat' dir='ltr'><strong>ante</strong></span> <span class='ocrx_word' id='word_1_189' title='bbox 954 1839 1024 1868; x_wconf 86' lang='lat' dir='ltr'><strong>tres</strong></span> <span class='ocrx_word' id='word_1_190' title='bbox 1036 1829 1129 1878; x_wconf 90' lang='lat' dir='ltr'><strong>dies,</strong></span> <span class='ocrx_word' id='word_1_191' title='bbox 1150 1829 1241 1868; x_wconf 87' lang='lat' dir='ltr'><strong>sicut</strong></span> <span class='ocrx_word' id='word_1_192' title='bbox 1256 1830 1323 1869; x_wconf 85' lang='lat' dir='ltr'>Ni-</span> 
     </span>
     <span class='ocr_line' id='line_1_32' title="bbox 368 1890 1320 1943; baseline -0.002 -13"><span class='ocrx_word' id='word_1_193' title='bbox 368 1891 508 1941; x_wconf 87' lang='lat' dir='ltr'><strong>nivitis,</strong></span> <span class='ocrx_word' id='word_1_194' title='bbox 532 1891 594 1930; x_wconf 89' lang='lat' dir='ltr'>sed</span> <span class='ocrx_word' id='word_1_195' title='bbox 616 1900 697 1929; x_wconf 79' lang='lat' dir='ltr'><strong>ante</strong></span> <span class='ocrx_word' id='word_1_196' title='bbox 730 1901 873 1943; x_wconf 87' lang='lat' dir='ltr'><strong>septem.</strong></span> <span class='ocrx_word' id='word_1_197' title='bbox 896 1891 944 1929; x_wconf 92' lang='lat' dir='ltr'>Et</span> <span class='ocrx_word' id='word_1_198' title='bbox 971 1891 1121 1929; x_wconf 83' lang='lat' dir='ltr'><strong>fidenter</strong></span> <span class='ocrx_word' id='word_1_199' title='bbox 1149 1890 1320 1942; x_wconf 75' lang='lat' dir='ltr'><strong>dixerim,</strong></span> 
     </span>
     <span class='ocr_line' id='line_1_33' title="bbox 369 1951 1320 2003; baseline 0.001 -13"><span class='ocrx_word' id='word_1_200' title='bbox 369 1952 656 2003; x_wconf 85' lang='lat' dir='ltr'><strong>magnitudinem</strong></span> <span class='ocrx_word' id='word_1_201' title='bbox 678 1952 870 1990; x_wconf 80' lang='lat' dir='ltr'><strong>clementiae</strong></span> <span class='ocrx_word' id='word_1_202' title='bbox 890 1951 1037 1991; x_wconf 89' lang='lat' dir='ltr'><strong>Domini</strong></span> <span class='ocrx_word' id='word_1_203' title='bbox 1056 1951 1169 1990; x_wconf 90' lang='lat' dir='ltr'><strong>nostri</strong></span> <span class='ocrx_word' id='word_1_204' title='bbox 1191 1952 1320 2002; x_wconf 88' lang='lat' dir='ltr'><strong>sciens,</strong></span> 
     </span>
     <span class='ocr_line' id='line_1_34' title="bbox 366 2012 1322 2065; baseline 0 -14"><span class='ocrx_word' id='word_1_205' title='bbox 366 2013 396 2051; x_wconf 91' lang='lat' dir='ltr'>si</span> <span class='ocrx_word' id='word_1_206' title='bbox 411 2013 470 2052; x_wconf 84' lang='lat' dir='ltr'>vet</span> <span class='ocrx_word' id='word_1_207' title='bbox 485 2013 521 2050; x_wconf 91' lang='lat' dir='ltr'>in</span> <span class='ocrx_word' id='word_1_208' title='bbox 539 2022 673 2065; x_wconf 90' lang='lat' dir='ltr'><strong>septem</strong></span> <span class='ocrx_word' id='word_1_209' title='bbox 684 2012 810 2050; x_wconf 83' lang='lat' dir='ltr'><strong>diebus</strong></span> <span class='ocrx_word' id='word_1_210' title='bbox 823 2027 946 2051; x_wconf 75' lang='lat' dir='ltr'><strong>veram</strong></span> <span class='ocrx_word' id='word_1_211' title='bbox 961 2012 1206 2064; x_wconf 87' lang='lat' dir='ltr'><strong>poenitentiam</strong></span> <span class='ocrx_word' id='word_1_212' title='bbox 1220 2026 1322 2064; x_wconf 86' lang='lat' dir='ltr'><strong>agere.</strong></span> 
     </span>
     <span class='ocr_line' id='line_1_35' title="bbox 366 2072 1320 2125; baseline 0 -14"><span class='ocrx_word' id='word_1_213' title='bbox 366 2073 561 2111; x_wconf 81' lang='lat' dir='ltr'><strong>voluissent</strong></span> <span class='ocrx_word' id='word_1_214' title='bbox 572 2104 581 2121; x_wconf 92' lang='lat'><strong>,</strong></span> <span class='ocrx_word' id='word_1_215' title='bbox 600 2073 807 2124; x_wconf 84' lang='lat' dir='ltr'><strong>effugissent</strong></span> <span class='ocrx_word' id='word_1_216' title='bbox 823 2073 947 2123; x_wconf 86' lang='lat' dir='ltr'><strong>utique</strong></span> <span class='ocrx_word' id='word_1_217' title='bbox 961 2072 1093 2110; x_wconf 80' lang='lat' dir='ltr'><strong>diluvii</strong></span> <span class='ocrx_word' id='word_1_218' title='bbox 1108 2073 1320 2125; x_wconf 88' lang='lat' dir='ltr'><strong>periculum.</strong></span> 
     </span>
     <span class='ocr_line' id='line_1_36' title="bbox 369 2133 1320 2185; baseline -0.001 -14"><span class='ocrx_word' id='word_1_219' title='bbox 369 2135 494 2183; x_wconf 82' lang='lat' dir='ltr'><strong>Itaque</strong></span> <span class='ocrx_word' id='word_1_220' title='bbox 513 2134 682 2184; x_wconf 88' lang='lat' dir='ltr'><strong>quoniam</strong></span> <span class='ocrx_word' id='word_1_221' title='bbox 702 2147 813 2184; x_wconf 88' lang='lat' dir='ltr'><strong>neque</strong></span> <span class='ocrx_word' id='word_1_222' title='bbox 829 2133 1016 2185; x_wconf 84' lang='lat' dir='ltr'><strong>productio</strong></span> <span class='ocrx_word' id='word_1_223' title='bbox 1035 2133 1124 2170; x_wconf 86' lang='lat' dir='ltr'><strong>tanti</strong></span> <span class='ocrx_word' id='word_1_224' title='bbox 1136 2133 1320 2185; x_wconf 88' lang='lat' dir='ltr'><strong>temporis,</strong></span> 
     </span>
     <span class='ocr_line' id='line_1_37' title="bbox 371 2192 1320 2245; baseline -0.001 -14"><span class='ocrx_word' id='word_1_225' title='bbox 371 2207 482 2244; x_wconf 87' lang='lat' dir='ltr'><strong>neque</strong></span> <span class='ocrx_word' id='word_1_226' title='bbox 516 2194 704 2232; x_wconf 84' lang='lat' dir='ltr'><strong>coarctatio</strong></span> <span class='ocrx_word' id='word_1_227' title='bbox 725 2208 745 2230; x_wconf 87' lang='lat' dir='ltr'><strong>a</strong></span> <span class='ocrx_word' id='word_1_228' title='bbox 765 2193 868 2230; x_wconf 83' lang='lat' dir='ltr'><strong>malis</strong></span> <span class='ocrx_word' id='word_1_229' title='bbox 900 2207 958 2230; x_wconf 88' lang='lat' dir='ltr'><strong>cos</strong></span> <span class='ocrx_word' id='word_1_230' title='bbox 986 2192 1163 2230; x_wconf 83' lang='lat' dir='ltr'><strong>abducere</strong></span> <span class='ocrx_word' id='word_1_231' title='bbox 1189 2193 1320 2245; x_wconf 86' lang='lat' dir='ltr'><strong>potuit,</strong></span> 
     </span>
     <span class='ocr_line' id='line_1_38' title="bbox 371 2253 1321 2293; baseline -0.002 -1"><span class='ocrx_word' id='word_1_232' title='bbox 371 2253 517 2292; x_wconf 85' lang='lat' dir='ltr'><strong>induxit</strong></span> <span class='ocrx_word' id='word_1_233' title='bbox 546 2254 727 2293; x_wconf 77' lang='lat' dir='ltr'><strong>diluvium</strong></span> <span class='ocrx_word' id='word_1_234' title='bbox 762 2254 798 2291; x_wconf 91' lang='lat' dir='ltr'>in</span> <span class='ocrx_word' id='word_1_235' title='bbox 830 2253 1083 2291; x_wconf 79' lang='lat' dir='ltr'><strong>sexcentesimo</strong></span> <span class='ocrx_word' id='word_1_236' title='bbox 1115 2267 1206 2291; x_wconf 86' lang='lat' dir='ltr'><strong>anno</strong></span> <span class='ocrx_word' id='word_1_237' title='bbox 1237 2255 1321 2292; x_wconf 73' lang='lat' dir='ltr'><strong>Noe.</strong></span> 
     </span>
     <span class='ocr_line' id='line_1_39' title="bbox 371 2315 1324 2366; baseline -0.002 -12"><span class='ocrx_word' id='word_1_238' title='bbox 371 2317 409 2354; x_wconf 85' lang='grc'>6.</span> <span class='ocrx_word' id='word_1_239' title='bbox 425 2317 510 2354; x_wconf 60' lang='lat' dir='ltr'><strong>Noti</strong></span> <span class='ocrx_word' id='word_1_240' title='bbox 523 2325 672 2365; x_wconf 84' lang='lat' dir='ltr'><strong>autem,</strong></span> <span class='ocrx_word' id='word_1_241' title='bbox 691 2315 823 2366; x_wconf 82' lang='lat' dir='ltr'><strong>inquit,</strong></span> <span class='ocrx_word' id='word_1_242' title='bbox 843 2323 1108 2353; x_wconf 72' lang='lat' dir='ltr'><strong>sexcentormn</strong></span> <span class='ocrx_word' id='word_1_243' title='bbox 1131 2328 1324 2352; x_wconf 83' lang='lat' dir='ltr'><strong>annorum</strong></span> 
     </span>
     <span class='ocr_line' id='line_1_40' title="bbox 373 2376 1325 2427; baseline -0.002 -13"><span class='ocrx_word' id='word_1_244' title='bbox 373 2384 474 2423; x_wconf 85' lang='lat' dir='ltr'><strong>erat,</strong></span> <span class='ocrx_word' id='word_1_245' title='bbox 500 2385 537 2414; x_wconf 86' lang='lat' dir='ltr'>et</span> <span class='ocrx_word' id='word_1_246' title='bbox 556 2377 746 2413; x_wconf 77' lang='lat' dir='ltr'><strong>diluvium</strong></span> <span class='ocrx_word' id='word_1_247' title='bbox 763 2389 874 2426; x_wconf 79' lang='lat' dir='ltr'><strong>aquae</strong></span> <span class='ocrx_word' id='word_1_248' title='bbox 884 2376 1040 2427; x_wconf 78' lang='lat' dir='ltr'><strong>factum</strong></span> <span class='ocrx_word' id='word_1_249' title='bbox 1055 2382 1111 2413; x_wconf 84' lang='lat' dir='ltr'>est</span> <span class='ocrx_word' id='word_1_250' title='bbox 1127 2388 1240 2426; x_wconf 78' lang='lat' dir='ltr'><strong>super</strong></span> <span class='ocrx_word' id='word_1_251' title='bbox 1256 2383 1325 2413; x_wconf 86' lang='lat' dir='ltr'><strong>ter·</strong></span> 
     </span>
     <span class='ocr_line' id='line_1_41' title="bbox 373 2435 1324 2486; baseline 0 -12"><span class='ocrx_word' id='word_1_252' title='bbox 373 2451 471 2476; x_wconf 82' lang='lat' dir='ltr'><strong>ram.</strong></span> <span class='ocrx_word' id='word_1_253' title='bbox 499 2437 674 2485; x_wconf 81' lang='lat' dir='ltr'><strong>Vidistis,</strong></span> <span class='ocrx_word' id='word_1_254' title='bbox 699 2435 836 2479; x_wconf 87' lang='lat' dir='ltr'><strong>dilecti,</strong></span> <span class='ocrx_word' id='word_1_255' title='bbox 865 2444 1004 2486; x_wconf 78' lang='lat' dir='ltr'><strong>quantoe</strong></span> <span class='ocrx_word' id='word_1_256' title='bbox 1025 2435 1127 2473; x_wconf 90' lang='lat' dir='ltr'><strong>nobis</strong></span> <span class='ocrx_word' id='word_1_257' title='bbox 1158 2436 1324 2474; x_wconf 83' lang='lat' dir='ltr'><strong>utilitatis</strong></span> 
     </span>
     <span class='ocr_line' id='line_1_42' title="bbox 373 2497 1325 2549; baseline 0 -14"><span class='ocrx_word' id='word_1_258' title='bbox 373 2497 519 2536; x_wconf 87' lang='lat' dir='ltr'><strong>materia</strong></span> <span class='ocrx_word' id='word_1_259' title='bbox 538 2499 630 2536; x_wconf 86' lang='lat' dir='ltr'><strong>facta</strong></span> <span class='ocrx_word' id='word_1_260' title='bbox 645 2497 708 2548; x_wconf 88' lang='lat' dir='ltr'><strong>sit,</strong></span> <span class='ocrx_word' id='word_1_261' title='bbox 726 2510 936 2549; x_wconf 82' lang='lat' dir='ltr'><strong>cognoscere</strong></span> <span class='ocrx_word' id='word_1_262' title='bbox 951 2510 1139 2534; x_wconf 90' lang='lat' dir='ltr'><strong>numerum</strong></span> <span class='ocrx_word' id='word_1_263' title='bbox 1151 2511 1325 2535; x_wconf 84' lang='lat' dir='ltr'><strong>annornm</strong></span> 
     </span>
     <span class='ocr_line' id='line_1_43' title="bbox 368 2556 1324 2609; baseline 0.002 -14"><span class='ocrx_word' id='word_1_264' title='bbox 368 2557 472 2609; x_wconf 86' lang='lat' dir='ltr'><strong>justi,</strong></span> <span class='ocrx_word' id='word_1_265' title='bbox 486 2567 519 2596; x_wconf 92' lang='lat' dir='ltr'>et</span> <span class='ocrx_word' id='word_1_266' title='bbox 535 2567 620 2609; x_wconf 83' lang='lat' dir='ltr'><strong>quot</strong></span> <span class='ocrx_word' id='word_1_267' title='bbox 627 2571 799 2595; x_wconf 89' lang='lat' dir='ltr'><strong>annorum</strong></span> <span class='ocrx_word' id='word_1_268' title='bbox 815 2565 901 2603; x_wconf 86' lang='lat' dir='ltr'><strong>erat,</strong></span> <span class='ocrx_word' id='word_1_269' title='bbox 914 2556 1056 2607; x_wconf 83' lang='lat' dir='ltr'><strong>quando</strong></span> <span class='ocrx_word' id='word_1_270' title='bbox 1069 2556 1251 2595; x_wconf 89' lang='lat' dir='ltr'><strong>diluvium</strong></span> <span class='ocrx_word' id='word_1_271' title='bbox 1264 2572 1324 2597; x_wconf 77' lang='lat' dir='ltr'>ve—</span> 
     </span>
     <span class='ocr_line' id='line_1_44' title="bbox 371 2617 1325 2671; baseline 0.001 -16"><span class='ocrx_word' id='word_1_272' title='bbox 371 2618 453 2656; x_wconf 70' lang='lat' dir='ltr'><strong>nit?</strong></span> <span class='ocrx_word' id='word_1_273' title='bbox 472 2622 547 2670; x_wconf 86' lang='lat' dir='ltr'>Age</span> <span class='ocrx_word' id='word_1_274' title='bbox 562 2617 834 2671; x_wconf 83' lang='lat' dir='ltr'><strong>progrediamur</strong></span> <span class='ocrx_word' id='word_1_275' title='bbox 850 2617 896 2655; x_wconf 82' lang='lat' dir='ltr'><strong>ad</strong></span> <span class='ocrx_word' id='word_1_276' title='bbox 912 2631 950 2655; x_wconf 82' lang='lat' dir='ltr'>ea</span> <span class='ocrx_word' id='word_1_277' title='bbox 977 2631 1055 2668; x_wconf 85' lang='lat' dir='ltr'>quae</span> <span class='ocrx_word' id='word_1_278' title='bbox 1075 2627 1325 2669; x_wconf 86' lang='lat' dir='ltr'><strong>consequenter</strong></span> 
     </span>
     <span class='ocr_line' id='line_1_45' title="bbox 371 2677 1325 2730; baseline 0 -13"><span class='ocrx_word' id='word_1_279' title='bbox 371 2679 551 2718; x_wconf 88' lang='lat' dir='ltr'><strong>dicuntur.</strong></span> <span class='ocrx_word' id='word_1_280' title='bbox 561 2680 654 2717; x_wconf 75' lang='lat' dir='ltr'><strong>&#39;Nam</strong></span> <span class='ocrx_word' id='word_1_281' title='bbox 670 2687 709 2716; x_wconf 89' lang='lat' dir='ltr'>ut</span> <span class='ocrx_word' id='word_1_282' title='bbox 723 2677 828 2730; x_wconf 87' lang='lat' dir='ltr'><strong>coepit</strong></span> <span class='ocrx_word' id='word_1_283' title='bbox 844 2677 1043 2726; x_wconf 82' lang='lat' dir='ltr'><strong>diluvium,</strong></span> <span class='ocrx_word' id='word_1_284' title='bbox 1062 2678 1198 2730; x_wconf 88' lang='lat' dir='ltr'><strong>inquit,</strong></span> <span class='ocrx_word' id='word_1_285' title='bbox 1209 2680 1245 2716; x_wconf 82' lang='lat'>7.</span> <span class='ocrx_word' id='word_1_286' title='bbox 1259 2682 1325 2717; x_wconf 88' lang='lat' dir='ltr'>In-</span> 
     </span>
     <span class='ocr_line' id='line_1_46' title="bbox 369 2738 1325 2791; baseline 0.001 -15"><span class='ocrx_word' id='word_1_287' title='bbox 369 2753 522 2791; x_wconf 79' lang='lat' dir='ltr'><strong>gressus</strong></span> <span class='ocrx_word' id='word_1_288' title='bbox 551 2749 607 2777; x_wconf 83' lang='lat' dir='ltr'>est</span> <span class='ocrx_word' id='word_1_289' title='bbox 627 2748 756 2777; x_wconf 75' lang='lat' dir='ltr'><strong>autem</strong></span> <span class='ocrx_word' id='word_1_290' title='bbox 773 2740 869 2785; x_wconf 69' lang='lat' dir='ltr'><strong>Noe&#39;,</strong></span> <span class='ocrx_word' id='word_1_291' title='bbox 901 2738 1029 2790; x_wconf 79' lang='lat' dir='ltr'><strong>etfilii</strong></span> <span class='ocrx_word' id='word_1_292' title='bbox 1054 2741 1148 2790; x_wconf 78' lang='lat' dir='ltr'><strong>ejus,</strong></span> <span class='ocrx_word' id='word_1_293' title='bbox 1173 2747 1209 2777; x_wconf 82' lang='lat' dir='ltr'>et</span> <span class='ocrx_word' id='word_1_294' title='bbox 1228 2752 1325 2777; x_wconf 71' lang='lat' dir='ltr'><strong>uxor</strong></span> 
     </span>
     <span class='ocr_line' id='line_1_47' title="bbox 371 2799 1323 2852; baseline 0.001 -16"><span class='ocrx_word' id='word_1_295' title='bbox 371 2801 494 2846; x_wconf 76' lang='lat' dir='ltr'><strong>illius,</strong></span> <span class='ocrx_word' id='word_1_296' title='bbox 509 2809 544 2838; x_wconf 83' lang='lat' dir='ltr'>et</span> <span class='ocrx_word' id='word_1_297' title='bbox 559 2799 880 2851; x_wconf 75' lang='lat' dir='ltr'><strong>1c.1·oresfili07·1cm</strong></span> <span class='ocrx_word' id='word_1_298' title='bbox 898 2800 1005 2837; x_wconf 77' lang='lat' dir='ltr'><strong>illius</strong></span> <span class='ocrx_word' id='word_1_299' title='bbox 1021 2802 1061 2836; x_wconf 85' lang='lat' dir='ltr'>in</span> <span class='ocrx_word' id='word_1_300' title='bbox 1074 2813 1222 2850; x_wconf 82' lang='lat' dir='ltr'><strong>arcam,</strong></span> <span class='ocrx_word' id='word_1_301' title='bbox 1237 2815 1323 2852; x_wconf 82' lang='lat' dir='ltr'><strong>pro-</strong></span> 
     </span>
     <span class='ocr_line' id='line_1_48' title="bbox 368 2861 1322 2912; baseline 0.002 -15"><span class='ocrx_word' id='word_1_302' title='bbox 368 2870 454 2911; x_wconf 83' lang='lat' dir='ltr'><strong>pter</strong></span> <span class='ocrx_word' id='word_1_303' title='bbox 469 2875 613 2912; x_wconf 81' lang='lat' dir='ltr'><strong>aquam</strong></span> <span class='ocrx_word' id='word_1_304' title='bbox 627 2862 776 2899; x_wconf 75' lang='lat' dir='ltr'><strong>diluvii.</strong></span> <span class='ocrx_word' id='word_1_305' title='bbox 789 2862 826 2897; x_wconf 78' lang='grc'>8.</span> <span class='ocrx_word' id='word_1_306' title='bbox 844 2862 897 2898; x_wconf 77' lang='lat' dir='ltr'>Ec</span> <span class='ocrx_word' id='word_1_307' title='bbox 910 2875 956 2898; x_wconf 65' lang='lat' dir='ltr'>ex</span> <span class='ocrx_word' id='word_1_308' title='bbox 968 2861 1198 2899; x_wconf 76' lang='lat' dir='ltr'><strong>volatilibus</strong></span> <span class='ocrx_word' id='word_1_309' title='bbox 1213 2876 1322 2899; x_wconf 80' lang='lat' dir='ltr'><strong>mun-</strong></span> 
     </span>
     <span class='ocr_line' id='line_1_49' title="bbox 371 2922 1318 2974; baseline 0.002 -16"><span class='ocrx_word' id='word_1_310' title='bbox 371 2923 429 2958; x_wconf 81' lang='lat' dir='ltr'>dis</span> <span class='ocrx_word' id='word_1_311' title='bbox 450 2930 485 2958; x_wconf 80' lang='lat' dir='ltr'>et</span> <span class='ocrx_word' id='word_1_312' title='bbox 502 2936 548 2958; x_wconf 70' lang='lat' dir='ltr'>ea:</span> <span class='ocrx_word' id='word_1_313' title='bbox 571 2922 802 2958; x_wconf 75' lang='lat' dir='ltr'><strong>volatilibus</strong></span> <span class='ocrx_word' id='word_1_314' title='bbox 819 2922 1042 2968; x_wconf 79' lang='lat' dir='ltr'><strong>immundis,</strong></span> <span class='ocrx_word' id='word_1_315' title='bbox 1060 2931 1097 2959; x_wconf 81' lang='lat' dir='ltr'>et</span> <span class='ocrx_word' id='word_1_316' title='bbox 1112 2925 1318 2974; x_wconf 67' lang='lat' dir='ltr'><strong>exjumen-</strong></span> 
     </span>
     <span class='ocr_line' id='line_1_50' title="bbox 372 2984 1322 3034; baseline 0.004 -15"><span class='ocrx_word' id='word_1_317' title='bbox 372 2986 418 3020; x_wconf 80' lang='lat' dir='ltr'>tis</span> <span class='ocrx_word' id='word_1_318' title='bbox 434 3012 442 3026; x_wconf 92' lang='lat'><strong>,</strong></span> <span class='ocrx_word' id='word_1_319' title='bbox 476 2991 512 3019; x_wconf 82' lang='lat' dir='ltr'>et</span> <span class='ocrx_word' id='word_1_320' title='bbox 533 2997 579 3019; x_wconf 71' lang='lat' dir='ltr'>ex</span> <span class='ocrx_word' id='word_1_321' title='bbox 604 2984 804 3034; x_wconf 76' lang='lat' dir='ltr'><strong>reptilibus</strong></span> <span class='ocrx_word' id='word_1_322' title='bbox 836 2985 939 3020; x_wconf 78' lang='lat' dir='ltr'><strong>bina.</strong></span> <span class='ocrx_word' id='word_1_323' title='bbox 977 2985 1013 3022; x_wconf 65' lang='lat' dir='ltr'>f).</span> <span class='ocrx_word' id='word_1_324' title='bbox 1040 2985 1105 3021; x_wconf 79' lang='lat' dir='ltr'>Ex</span> <span class='ocrx_word' id='word_1_325' title='bbox 1141 2987 1322 3023; x_wconf 80' lang='lat' dir='ltr'><strong>omnibus</strong></span> 
     </span>
     <span class='ocr_line' id='line_1_51' title="bbox 369 3045 1319 3092; baseline 0.004 -13"><span class='ocrx_word' id='word_1_326' title='bbox 369 3046 611 3081; x_wconf 78' lang='lat' dir='ltr'><strong>intraverunt</strong></span> <span class='ocrx_word' id='word_1_327' title='bbox 641 3045 694 3080; x_wconf 85' lang='lat' dir='ltr'>ad</span> <span class='ocrx_word' id='word_1_328' title='bbox 716 3045 798 3081; x_wconf 66' lang='lat' dir='ltr'>Noe</span> <span class='ocrx_word' id='word_1_329' title='bbox 815 3047 856 3081; x_wconf 86' lang='lat' dir='ltr'>in</span> <span class='ocrx_word' id='word_1_330' title='bbox 875 3058 1031 3092; x_wconf 79' lang='lat' dir='ltr'><strong>arcam,</strong></span> <span class='ocrx_word' id='word_1_331' title='bbox 1061 3046 1256 3083; x_wconf 80' lang='lat' dir='ltr'><strong>masculus</strong></span> <span class='ocrx_word' id='word_1_332' title='bbox 1285 3054 1319 3083; x_wconf 81' lang='lat' dir='ltr'>et</span> 
     </span>
     <span class='ocr_line' id='line_1_52' title="bbox 365 3105 1317 3156; baseline 0.003 -15"><span class='ocrx_word' id='word_1_333' title='bbox 365 3105 543 3154; x_wconf 79' lang='lat' dir='ltr'><strong>soemina,</strong></span> <span class='ocrx_word' id='word_1_334' title='bbox 559 3107 657 3142; x_wconf 80' lang='lat' dir='ltr'><strong>sicut</strong></span> <span class='ocrx_word' id='word_1_335' title='bbox 671 3114 901 3156; x_wconf 74' lang='lat' dir='ltr'><strong>proeceperat</strong></span> <span class='ocrx_word' id='word_1_336' title='bbox 922 3107 1112 3144; x_wconf 81' lang='lat' dir='ltr'><strong>Dominus</strong></span> <span class='ocrx_word' id='word_1_337' title='bbox 1129 3107 1223 3144; x_wconf 59' lang='lat' dir='ltr'><strong>Noe.</strong></span> <span class='ocrx_word' id='word_1_338' title='bbox 1239 3107 1317 3144; x_wconf 91' lang='lat' dir='ltr'><strong>Non</strong></span> 
     </span>
     <span class='ocr_line' id='line_1_53' title="bbox 367 3165 1317 3219; baseline 0.004 -18"><span class='ocrx_word' id='word_1_339' title='bbox 367 3165 500 3215; x_wconf 78' lang='lat' dir='ltr'><strong>absque</strong></span> <span class='ocrx_word' id='word_1_340' title='bbox 513 3179 616 3202; x_wconf 81' lang='lat' dir='ltr'><strong>causa</strong></span> <span class='ocrx_word' id='word_1_341' title='bbox 636 3165 798 3214; x_wconf 85' lang='lat' dir='ltr'><strong>addidit,</strong></span> <span class='ocrx_word' id='word_1_342' title='bbox 815 3167 920 3204; x_wconf 83' lang='lat' dir='ltr'><strong>Sicut</strong></span> <span class='ocrx_word' id='word_1_343' title='bbox 934 3176 1166 3219; x_wconf 82' lang='lat' dir='ltr'><strong>proeceperat</strong></span> <span class='ocrx_word' id='word_1_344' title='bbox 1183 3169 1317 3205; x_wconf 82' lang='lat' dir='ltr'><strong>Domi-</strong></span> 
     </span>
     <span class='ocr_line' id='line_1_54' title="bbox 369 3225 1316 3279; baseline 0.003 -17"><span class='ocrx_word' id='word_1_345' title='bbox 369 3240 439 3263; x_wconf 78' lang='lat'><em>71115</em></span> <span class='ocrx_word' id='word_1_346' title='bbox 460 3227 566 3264; x_wconf 77' lang='lat' dir='ltr'><strong>Noe&#39;:</strong></span> <span class='ocrx_word' id='word_1_347' title='bbox 589 3225 649 3263; x_wconf 88' lang='lat' dir='ltr'>sed</span> <span class='ocrx_word' id='word_1_348' title='bbox 671 3235 708 3263; x_wconf 88' lang='lat' dir='ltr'>ut</span> <span class='ocrx_word' id='word_1_349' title='bbox 729 3226 857 3263; x_wconf 85' lang='lat' dir='ltr'><strong>iterum</strong></span> <span class='ocrx_word' id='word_1_350' title='bbox 877 3236 1018 3277; x_wconf 81' lang='lat' dir='ltr'><strong>augeret</strong></span> <span class='ocrx_word' id='word_1_351' title='bbox 1039 3227 1181 3265; x_wconf 87' lang='lat' dir='ltr'><strong>laudem</strong></span> <span class='ocrx_word' id='word_1_352' title='bbox 1202 3228 1316 3279; x_wconf 88' lang='lat' dir='ltr'><strong>justi,</strong></span> 
     </span>
     <span class='ocr_line' id='line_1_55' title="bbox 367 3286 1316 3341; baseline 0.006 -21"><span class='ocrx_word' id='word_1_353' title='bbox 367 3286 460 3328; x_wconf 65' lang='lat' dir='ltr'><strong>aum]</strong></span> <span class='ocrx_word' id='word_1_354' title='bbox 487 3286 604 3323; x_wconf 71' lang='lat' dir='ltr'><strong>onmia</strong></span> <span class='ocrx_word' id='word_1_355' title='bbox 638 3286 851 3337; x_wconf 66' lang='lat' dir='ltr'>impleverit⁷</span> <span class='ocrx_word' id='word_1_356' title='bbox 886 3287 975 3323; x_wconf 76' lang='lat' dir='ltr'><strong>sicut</strong></span> <span class='ocrx_word' id='word_1_357' title='bbox 1005 3298 1217 3341; x_wconf 68' lang='lat' dir='ltr'><strong>prmccperat</strong></span> <span class='ocrx_word' id='word_1_358' title='bbox 1243 3290 1316 3326; x_wconf 83' lang='lat' dir='ltr'>Do—</span> 
     </span>
     <span class='ocr_line' id='line_1_56' title="bbox 367 3346 1312 3401; baseline 0.006 -19"><span class='ocrx_word' id='word_1_359' title='bbox 367 3361 498 3394; x_wconf 71' lang='lat' dir='ltr'><strong>minus,</strong></span> <span class='ocrx_word' id='word_1_360' title='bbox 520 3355 552 3383; x_wconf 83' lang='lat' dir='ltr'>ct</span> <span class='ocrx_word' id='word_1_361' title='bbox 578 3346 673 3396; x_wconf 81' lang='lat' dir='ltr'><strong>quod</strong></span> <span class='ocrx_word' id='word_1_362' title='bbox 701 3347 790 3383; x_wconf 83' lang='lat' dir='ltr'><strong>nihil</strong></span> <span class='ocrx_word' id='word_1_363' title='bbox 825 3361 867 3384; x_wconf 83' lang='lat' dir='ltr'>cx</span> <span class='ocrx_word' id='word_1_364' title='bbox 901 3347 1006 3386; x_wconf 74' lang='lat' dir='ltr'><strong>dictis</strong></span> <span class='ocrx_word' id='word_1_365' title='bbox 1042 3351 1312 3401; x_wconf 63' lang='lat' dir='ltr'><strong>praetermiserit.</strong></span> 
     </span>
    </p>
   </div>
   <div class='ocr_carea' id='block_1_4' title="bbox 1344 248 1392 312">
    <p class='ocr_par' dir='ltr' id='par_1_5' title="bbox 1344 248 1392 312">
     <span class='ocr_line' id='line_1_57' title="bbox 1344 248 1392 273; baseline 0.042 -1"><span class='ocrx_word' id='word_1_366' title='bbox 1344 248 1392 273; x_wconf 65' lang='lat'>23!-</span> 
     </span>
     <span class='ocr_line' id='line_1_58' title="bbox 1355 285 1382 312; baseline 0 0"><span class='ocrx_word' id='word_1_367' title='bbox 1355 285 1382 312; x_wconf 82' lang='lat' dir='ltr'>A</span> 
     </span>
    </p>
   </div>
   <div class='ocr_carea' id='block_1_5' title="bbox 1350 1713 1373 1742">
    <p class='ocr_par' dir='ltr' id='par_1_6' title="bbox 1350 1713 1373 1742">
     <span class='ocr_line' id='line_1_59' title="bbox 1350 1713 1373 1742; baseline 0 0"><span class='ocrx_word' id='word_1_368' title='bbox 1350 1713 1373 1742; x_wconf 95' lang='lat' dir='ltr'>C</span> 
     </span>
    </p>
   </div>
   <div class='ocr_carea' id='block_1_6' title="bbox 1348 2380 1374 2409">
    <p class='ocr_par' dir='ltr' id='par_1_7' title="bbox 1348 2380 1374 2409">
     <span class='ocr_line' id='line_1_60' title="bbox 1348 2380 1374 2409; baseline 0 0"><span class='ocrx_word' id='word_1_369' title='bbox 1348 2380 1374 2409; x_wconf 87' lang='lat' dir='ltr'>D</span> 
     </span>
    </p>
   </div>
   <div class='ocr_carea' id='block_1_7' title="bbox 1345 3113 1366 3142">
    <p class='ocr_par' dir='ltr' id='par_1_8' title="bbox 1345 3113 1366 3142">
     <span class='ocr_line' id='line_1_61' title="bbox 1345 3113 1366 3142; baseline 0 -1"><span class='ocrx_word' id='word_1_370' title='bbox 1345 3113 1366 3142; x_wconf 74' lang='lat' dir='ltr'>F.</span> 
     </span>
    </p>
   </div>
   <div class='ocr_carea' id='block_1_8' title="bbox 889 167 1990 202">
    <p class='ocr_par' dir='ltr' id='par_1_9' title="bbox 889 167 1990 202">
     <span class='ocr_line' id='line_1_62' title="bbox 889 167 1990 202; baseline -0.003 0"><span class='ocrx_word' id='word_1_371' title='bbox 889 170 1074 202; x_wconf 72' lang='lat' dir='ltr'>JOANNIS</span> <span class='ocrx_word' id='word_1_372' title='bbox 1109 168 1350 202; x_wconf 77' lang='lat' dir='ltr'>CHRYSOST.</span> <span class='ocrx_word' id='word_1_373' title='bbox 1391 167 1597 198; x_wconf 79' lang='lat' dir='ltr'>ARCfflEP.</span> <span class='ocrx_word' id='word_1_374' title='bbox 1637 168 1990 199; x_wconf 73' lang='lat' dir='ltr'>CONSTANTINOP-</span> 
     </span>
    </p>
   </div>
   <div class='ocr_carea' id='block_1_9' title="bbox 1388 248 2431 3341">
    <p class='ocr_par' dir='ltr' id='par_1_10' title="bbox 1403 248 2430 534">
     <span class='ocr_line' id='line_1_63' title="bbox 1403 248 2425 303; baseline 0.002 -17"><span class='ocrx_word' id='word_1_375' title='bbox 1403 263 1462 286; x_wconf 87' lang='grc' dir='ltr'>του</span> <span class='ocrx_word' id='word_1_376' title='bbox 1492 248 1753 300; x_wconf 69' lang='grc' dir='ltr'>φιλανθρωπίας</span> <span class='ocrx_word' id='word_1_377' title='bbox 1788 248 1848 286; x_wconf 80' lang='grc' dir='ltr'>καὶ</span> <span class='ocrx_word' id='word_1_378' title='bbox 1879 249 2093 301; x_wconf 84' lang='grc' dir='ltr'>ἀγαθότητος</span> <span class='ocrx_word' id='word_1_379' title='bbox 2128 249 2191 296; x_wconf 84' lang='grc' dir='ltr'>τὴν</span> <span class='ocrx_word' id='word_1_380' title='bbox 2216 249 2425 303; x_wconf 75' lang='grc' dir='ltr'>ὑπερὸολὴν,</span> 
     </span>
     <span class='ocr_line' id='line_1_64' title="bbox 1404 308 2427 362; baseline 0.003 -16"><span class='ocrx_word' id='word_1_381' title='bbox 1404 308 1463 346; x_wconf 77' lang='grc' dir='ltr'>καὶ</span> <span class='ocrx_word' id='word_1_382' title='bbox 1483 309 1550 361; x_wconf 82' lang='grc' dir='ltr'>πρὸ</span> <span class='ocrx_word' id='word_1_383' title='bbox 1569 309 1659 347; x_wconf 83' lang='grc' dir='ltr'>ἑπτὰ</span> <span class='ocrx_word' id='word_1_384' title='bbox 1681 313 1822 361; x_wconf 77' lang='grc' dir='ltr'>ἡμερῶν</span> <span class='ocrx_word' id='word_1_385' title='bbox 1853 316 2004 360; x_wconf 85' lang='grc' dir='ltr'>μηνῦσαι</span> <span class='ocrx_word' id='word_1_386' title='bbox 2026 313 2140 354; x_wconf 81' lang='grc' dir='ltr'>αὐτοῖς</span> <span class='ocrx_word' id='word_1_387' title='bbox 2158 310 2220 358; x_wconf 82' lang='grc' dir='ltr'>τὴν</span> <span class='ocrx_word' id='word_1_388' title='bbox 2242 310 2427 362; x_wconf 79' lang='grc' dir='ltr'>ἐπαγωγὴν</span> 
     </span>
     <span class='ocr_line' id='line_1_65' title="bbox 1403 371 2430 423; baseline 0.004 -17"><span class='ocrx_word' id='word_1_389' title='bbox 1403 374 1462 407; x_wconf 86' lang='grc' dir='ltr'>τοῦ</span> <span class='ocrx_word' id='word_1_390' title='bbox 1481 371 1730 420; x_wconf 77' lang='grc' dir='ltr'>κατακλυσμοῦ</span> <span class='ocrx_word' id='word_1_391' title='bbox 1750 371 1788 408; x_wconf 82' lang='grc' dir='ltr'>οὖ</span> <span class='ocrx_word' id='word_1_392' title='bbox 1811 371 2063 422; x_wconf 87' lang='grc' dir='ltr'>παρῃτήσατο,</span> <span class='ocrx_word' id='word_1_393' title='bbox 2082 371 2138 410; x_wconf 79' lang='grc' dir='ltr'>ἵνα</span> <span class='ocrx_word' id='word_1_394' title='bbox 2165 371 2229 410; x_wconf 78' lang='grc' dir='ltr'>κᾶν</span> <span class='ocrx_word' id='word_1_395' title='bbox 2244 373 2288 423; x_wconf 71' lang='grc' dir='ltr'>τῇ</span> <span class='ocrx_word' id='word_1_396' title='bbox 2311 387 2430 411; x_wconf 81' lang='grc' dir='ltr'>στενο-</span> 
     </span>
     <span class='ocr_line' id='line_1_66' title="bbox 1403 429 2428 484; baseline 0.005 -18"><span class='ocrx_word' id='word_1_397' title='bbox 1403 429 1517 481; x_wconf 68' lang='grc' dir='ltr'>χωρίᾳ</span> <span class='ocrx_word' id='word_1_398' title='bbox 1544 434 1604 468; x_wconf 90' lang='grc' dir='ltr'>τοῦ</span> <span class='ocrx_word' id='word_1_399' title='bbox 1632 435 1752 483; x_wconf 78' lang='grc' dir='ltr'>καιροῦ</span> <span class='ocrx_word' id='word_1_400' title='bbox 1775 432 1999 476; x_wconf 79' lang='grc' dir='ltr'>συσταλέντες</span> <span class='ocrx_word' id='word_1_401' title='bbox 2017 433 2094 472; x_wconf 78' lang='grc' dir='ltr'>τινὰ</span> <span class='ocrx_word' id='word_1_402' title='bbox 2124 432 2322 484; x_wconf 68' lang='grc' dir='ltr'>μεταὸολὴν</span> <span class='ocrx_word' id='word_1_403' title='bbox 2346 435 2428 471; x_wconf 81' lang='grc' dir='ltr'>ἐπι-</span> 
     </span>
     <span class='ocr_line' id='line_1_67' title="bbox 1405 490 1595 534; baseline 0.005 -7"><span class='ocrx_word' id='word_1_404' title='bbox 1405 490 1595 534; x_wconf 80' lang='grc' dir='ltr'>δείξωνται.</span> 
     </span>
    </p>

    <p class='ocr_par' dir='ltr' id='par_1_11' title="bbox 1388 550 2431 3341">
     <span class='ocr_line' id='line_1_68' title="bbox 1455 550 2430 606; baseline 0.003 -17"><span class='ocrx_word' id='word_1_405' title='bbox 1455 551 1526 589; x_wconf 84' lang='grc' dir='ltr'>Καὶ</span> <span class='ocrx_word' id='word_1_406' title='bbox 1556 550 1623 603; x_wconf 77' lang='grc' dir='ltr'>ὅρα</span> <span class='ocrx_word' id='word_1_407' title='bbox 1649 551 1911 603; x_wconf 75' lang='grc' dir='ltr'>φιλανθρωπίαν</span> <span class='ocrx_word' id='word_1_408' title='bbox 1942 552 2143 601; x_wconf 83' lang='grc' dir='ltr'>Δεσπότου,</span> <span class='ocrx_word' id='word_1_409' title='bbox 2163 556 2239 596; x_wconf 90' lang='grc' dir='ltr'>πῶς</span> <span class='ocrx_word' id='word_1_410' title='bbox 2257 553 2430 606; x_wconf 68' lang='grc' dir='ltr'>διαφόρως</span> 
     </span>
     <span class='ocr_line' id='line_1_69' title="bbox 1403 612 2429 665; baseline 0.003 -16"><span class='ocrx_word' id='word_1_411' title='bbox 1403 612 1560 663; x_wconf 76' lang='grc' dir='ltr'>καθάπερ</span> <span class='ocrx_word' id='word_1_412' title='bbox 1577 612 1692 664; x_wconf 78' lang='grc' dir='ltr'>ἰατρὸς</span> <span class='ocrx_word' id='word_1_413' title='bbox 1712 612 1851 665; x_wconf 85' lang='grc' dir='ltr'>ἄριστος</span> <span class='ocrx_word' id='word_1_414' title='bbox 1871 613 2084 662; x_wconf 85' lang='grc' dir='ltr'>μεθώδευσεν</span> <span class='ocrx_word' id='word_1_415' title='bbox 2105 616 2216 652; x_wconf 82' lang='grc' dir='ltr'>αὐτῶν</span> <span class='ocrx_word' id='word_1_416' title='bbox 2233 614 2294 661; x_wconf 79' lang='grc' dir='ltr'>τὴν</span> <span class='ocrx_word' id='word_1_417' title='bbox 2317 614 2429 652; x_wconf 85' lang='grc' dir='ltr'>νόσον.</span> 
     </span>
     <span class='ocr_line' id='line_1_70' title="bbox 1405 667 2430 726; baseline 0.002 -16"><span class='ocrx_word' id='word_1_418' title='bbox 1405 672 1551 720; x_wconf 75' lang='grc' dir='ltr'>Ἐπειδὴ</span> <span class='ocrx_word' id='word_1_419' title='bbox 1571 673 1638 724; x_wconf 78' lang='grc' dir='ltr'>γὰρ</span> <span class='ocrx_word' id='word_1_420' title='bbox 1659 673 1784 711; x_wconf 80' lang='grc' dir='ltr'>ἀνίατα</span> <span class='ocrx_word' id='word_1_421' title='bbox 1798 667 1838 719; x_wconf 68' lang='grc' dir='ltr'>ἦν</span> <span class='ocrx_word' id='word_1_422' title='bbox 1855 675 1968 711; x_wconf 85' lang='grc' dir='ltr'>αὐτῶν</span> <span class='ocrx_word' id='word_1_423' title='bbox 1982 673 2026 711; x_wconf 83' lang='grc' dir='ltr'>τὰ</span> <span class='ocrx_word' id='word_1_424' title='bbox 2046 673 2252 726; x_wconf 83' lang='grc' dir='ltr'>τραύματα,</span> <span class='ocrx_word' id='word_1_425' title='bbox 2267 678 2430 713; x_wconf 89' lang='grc' dir='ltr'>τοσοῦτον</span> 
     </span>
     <span class='ocr_line' id='line_1_71' title="bbox 1405 733 2429 787; baseline 0.002 -16"><span class='ocrx_word' id='word_1_426' title='bbox 1405 736 1515 784; x_wconf 80' lang='grc' dir='ltr'>μ’ῆκος</span> <span class='ocrx_word' id='word_1_427' title='bbox 1538 736 1650 777; x_wconf 70' lang='grc' dir='ltr'>αὐτοῖς</span> <span class='ocrx_word' id='word_1_428' title='bbox 1665 734 1878 786; x_wconf 74' lang='grc' dir='ltr'>προθεσμίας</span> <span class='ocrx_word' id='word_1_429' title='bbox 1898 733 2115 787; x_wconf 64' lang='grc' dir='ltr'>παρέσχετο,</span> <span class='ocrx_word' id='word_1_430' title='bbox 2144 735 2351 786; x_wconf 80' lang='grc' dir='ltr'>βουλόμενος</span> <span class='ocrx_word' id='word_1_431' title='bbox 2365 735 2429 773; x_wconf 78' lang='grc' dir='ltr'>κᾶν</span> 
     </span>
     <span class='ocr_line' id='line_1_72' title="bbox 1405 794 2430 847; baseline 0.004 -16"><span class='ocrx_word' id='word_1_432' title='bbox 1405 794 1462 832; x_wconf 72' lang='grc' dir='ltr'>διὰ</span> <span class='ocrx_word' id='word_1_433' title='bbox 1492 799 1551 833; x_wconf 87' lang='grc' dir='ltr'>τοῦ</span> <span class='ocrx_word' id='word_1_434' title='bbox 1573 795 1724 841; x_wconf 85' lang='grc' dir='ltr'>πλήθους</span> <span class='ocrx_word' id='word_1_435' title='bbox 1755 800 1812 833; x_wconf 83' lang='grc' dir='ltr'>τοῦ</span> <span class='ocrx_word' id='word_1_436' title='bbox 1831 795 1956 847; x_wconf 75' lang='grc' dir='ltr'>χρόνου</span> <span class='ocrx_word' id='word_1_437' title='bbox 1984 797 2032 838; x_wconf 89' lang='grc' dir='ltr'>εἷς</span> <span class='ocrx_word' id='word_1_438' title='bbox 2052 795 2214 843; x_wconf 85' lang='grc' dir='ltr'>αἴσθησιν</span> <span class='ocrx_word' id='word_1_439' title='bbox 2235 795 2356 840; x_wconf 78' lang='grc' dir='ltr'>αὖτοὺς</span> <span class='ocrx_word' id='word_1_440' title='bbox 2374 797 2430 835; x_wconf 82' lang='grc' dir='ltr'>ἐλ-</span> 
     </span>
     <span class='ocr_line' id='line_1_73' title="bbox 1406 855 2428 907; baseline 0.002 -14"><span class='ocrx_word' id='word_1_441' title='bbox 1406 855 1524 898; x_wconf 86' lang='grc' dir='ltr'>θόντας</span> <span class='ocrx_word' id='word_1_442' title='bbox 1556 855 1837 894; x_wconf 77' lang='grc' dir='ltr'>ἀνακαλέσασθαι</span> <span class='ocrx_word' id='word_1_443' title='bbox 1869 859 1971 895; x_wconf 78' lang='grc' dir='ltr'>αὐτοῦ</span> <span class='ocrx_word' id='word_1_444' title='bbox 1998 860 2060 903; x_wconf 64' lang='grc' dir='ltr'>τῆς</span> <span class='ocrx_word' id='word_1_445' title='bbox 2082 857 2350 907; x_wconf 73' lang='grc' dir='ltr'>ἀγανακτήσεως</span> <span class='ocrx_word' id='word_1_446' title='bbox 2365 857 2428 904; x_wconf 82' lang='grc' dir='ltr'>τὴν</span> 
     </span>
     <span class='ocr_line' id='line_1_74' title="bbox 1407 914 2430 970; baseline 0.002 -17"><span class='ocrx_word' id='word_1_447' title='bbox 1407 914 1725 968; x_wconf 60' lang='grc' dir='ltr'>ἀπόφασιν.·Ἔθος</span> <span class='ocrx_word' id='word_1_448' title='bbox 1743 916 1810 969; x_wconf 79' lang='grc' dir='ltr'>γὰρ</span> <span class='ocrx_word' id='word_1_449' title='bbox 1841 919 1933 970; x_wconf 80' lang='grc' dir='ltr'>αὐτῷ</span> <span class='ocrx_word' id='word_1_450' title='bbox 1960 917 2035 963; x_wconf 76' lang='grc' dir='ltr'>ἀεὶ,</span> <span class='ocrx_word' id='word_1_451' title='bbox 2061 916 2182 963; x_wconf 74' lang='grc' dir='ltr'>ἐπειδὴ</span> <span class='ocrx_word' id='word_1_452' title='bbox 2203 917 2349 963; x_wconf 73' lang='grc' dir='ltr'>κήδεται</span> <span class='ocrx_word' id='word_1_453' title='bbox 2368 921 2430 964; x_wconf 80' lang='grc' dir='ltr'>τῆς</span> 
     </span>
     <span class='ocr_line' id='line_1_75' title="bbox 1406 976 2428 1030; baseline 0.002 -16"><span class='ocrx_word' id='word_1_454' title='bbox 1406 976 1580 1029; x_wconf 64' lang='grc' dir='ltr'>σωτηρίας</span> <span class='ocrx_word' id='word_1_455' title='bbox 1598 980 1659 1023; x_wconf 71' lang='grc' dir='ltr'>τῆς</span> <span class='ocrx_word' id='word_1_456' title='bbox 1678 976 1851 1028; x_wconf 80' lang='grc' dir='ltr'>ἡμετέρας</span> <span class='ocrx_word' id='word_1_457' title='bbox 1865 1007 1874 1024; x_wconf 89' lang='grc'>,</span> <span class='ocrx_word' id='word_1_458' title='bbox 1890 977 2071 1028; x_wconf 80' lang='grc' dir='ltr'>προλέγειν</span> <span class='ocrx_word' id='word_1_459' title='bbox 2092 977 2132 1021; x_wconf 77' lang='grc' dir='ltr'>ἃς</span> <span class='ocrx_word' id='word_1_460' title='bbox 2151 977 2272 1028; x_wconf 81' lang='grc' dir='ltr'>μέλλει</span> <span class='ocrx_word' id='word_1_461' title='bbox 2288 977 2428 1030; x_wconf 72' lang='grc' dir='ltr'>ἐπάγειν</span> 
     </span>
     <span class='ocr_line' id='line_1_76' title="bbox 1404 1036 2431 1090; baseline 0.003 -16"><span class='ocrx_word' id='word_1_462' title='bbox 1404 1036 1591 1088; x_wconf 80' lang='grc' dir='ltr'>τιμωρίας,</span> <span class='ocrx_word' id='word_1_463' title='bbox 1611 1036 1666 1074; x_wconf 76' lang='grc' dir='ltr'>διὰ</span> <span class='ocrx_word' id='word_1_464' title='bbox 1684 1042 1784 1075; x_wconf 86' lang='grc' dir='ltr'>τοῦτο</span> <span class='ocrx_word' id='word_1_465' title='bbox 1798 1037 1913 1088; x_wconf 90' lang='grc' dir='ltr'>μόνον,</span> <span class='ocrx_word' id='word_1_466' title='bbox 1932 1040 1989 1076; x_wconf 78' lang='grc' dir='ltr'>ἵνα</span> <span class='ocrx_word' id='word_1_467' title='bbox 2008 1038 2056 1088; x_wconf 79' lang='grc' dir='ltr'>μὴ</span> <span class='ocrx_word' id='word_1_468' title='bbox 2078 1038 2237 1090; x_wconf 76' lang='grc' dir='ltr'>ἐπαγάγῃ</span> <span class='ocrx_word' id='word_1_469' title='bbox 2252 1054 2259 1062; x_wconf 96' lang='grc'>·</span> <span class='ocrx_word' id='word_1_470' title='bbox 2282 1041 2328 1082; x_wconf 82' lang='grc' dir='ltr'>ὡς</span> <span class='ocrx_word' id='word_1_471' title='bbox 2344 1039 2431 1090; x_wconf 86' lang='grc' dir='ltr'>εἴγε</span> 
     </span>
     <span class='ocr_line' id='line_1_77' title="bbox 1405 1093 2430 1149; baseline 0.002 -13"><span class='ocrx_word' id='word_1_472' title='bbox 1405 1100 1592 1149; x_wconf 75' lang='grc' dir='ltr'>ἐπαγαγεῖν</span> <span class='ocrx_word' id='word_1_473' title='bbox 1622 1098 1803 1146; x_wconf 68' lang='grc' dir='ltr'>ἐδούλετο,</span> <span class='ocrx_word' id='word_1_474' title='bbox 1840 1099 1903 1137; x_wconf 73' lang='grc' dir='ltr'>οὐκ</span> <span class='ocrx_word' id='word_1_475' title='bbox 1933 1098 1973 1136; x_wconf 84' lang='grc' dir='ltr'>ἂν</span> <span class='ocrx_word' id='word_1_476' title='bbox 2005 1093 2099 1137; x_wconf 64' lang='grc' dir='ltr'>εἶπεν</span> <span class='ocrx_word' id='word_1_477' title='bbox 2117 1115 2125 1123; x_wconf 90' lang='grc'><em>·</em></span> <span class='ocrx_word' id='word_1_478' title='bbox 2159 1101 2235 1137; x_wconf 82' lang='grc' dir='ltr'>ἀλλ’</span> <span class='ocrx_word' id='word_1_479' title='bbox 2272 1100 2430 1147; x_wconf 78' lang='grc' dir='ltr'>ἐπίτηδες</span> 
     </span>
     <span class='ocr_line' id='line_1_78' title="bbox 1404 1158 2429 1213; baseline 0.001 -16"><span class='ocrx_word' id='word_1_480' title='bbox 1404 1158 1584 1211; x_wconf 80' lang='grc' dir='ltr'>προλέγει,</span> <span class='ocrx_word' id='word_1_481' title='bbox 1609 1158 1665 1197; x_wconf 75' lang='grc' dir='ltr'>ἵνα</span> <span class='ocrx_word' id='word_1_482' title='bbox 1690 1163 1792 1210; x_wconf 76' lang='grc' dir='ltr'>ἡμεῖς</span> <span class='ocrx_word' id='word_1_483' title='bbox 1812 1159 2002 1210; x_wconf 74' lang='grc' dir='ltr'>μαθόντες,</span> <span class='ocrx_word' id='word_1_484' title='bbox 2027 1160 2087 1198; x_wconf 76' lang='grc' dir='ltr'>καὶ</span> <span class='ocrx_word' id='word_1_485' title='bbox 2102 1163 2151 1212; x_wconf 83' lang='grc' dir='ltr'>τῷ</span> <span class='ocrx_word' id='word_1_486' title='bbox 2172 1160 2268 1213; x_wconf 69' lang='grc' dir='ltr'>φόὸῳ</span> <span class='ocrx_word' id='word_1_487' title='bbox 2288 1176 2429 1213; x_wconf 63' lang='grc' dir='ltr'>σωφρο-</span> 
     </span>
     <span class='ocr_line' id='line_1_79' title="bbox 1403 1220 2430 1272; baseline 0.002 -15"><span class='ocrx_word' id='word_1_488' title='bbox 1403 1220 1573 1264; x_wconf 86' lang='grc' dir='ltr'>νισθέντες</span> <span class='ocrx_word' id='word_1_489' title='bbox 1596 1220 1852 1271; x_wconf 62' lang='grc' dir='ltr'>μεταὸάλωμεν</span> <span class='ocrx_word' id='word_1_490' title='bbox 1879 1222 1982 1258; x_wconf 81' lang='grc' dir='ltr'>αὐτοῦ</span> <span class='ocrx_word' id='word_1_491' title='bbox 2001 1220 2064 1266; x_wconf 73' lang='grc' dir='ltr'>τὴν</span> <span class='ocrx_word' id='word_1_492' title='bbox 2094 1221 2345 1272; x_wconf 82' lang='grc' dir='ltr'>ἀγανάκτησιν,</span> <span class='ocrx_word' id='word_1_493' title='bbox 2370 1221 2430 1259; x_wconf 86' lang='grc' dir='ltr'>καὶ</span> 
     </span>
     <span class='ocr_line' id='line_1_80' title="bbox 1402 1281 2428 1334; baseline -0.001 -14"><span class='ocrx_word' id='word_1_494' title='bbox 1402 1281 1464 1325; x_wconf 64' lang='grc' dir='ltr'>τὰς</span> <span class='ocrx_word' id='word_1_495' title='bbox 1485 1281 1674 1334; x_wconf 68' lang='grc' dir='ltr'>ἀποφάσεις</span> <span class='ocrx_word' id='word_1_496' title='bbox 1695 1283 1797 1320; x_wconf 79' lang='grc' dir='ltr'>αὐτοῦ</span> <span class='ocrx_word' id='word_1_497' title='bbox 1826 1281 1974 1333; x_wconf 78' lang='grc' dir='ltr'>ἀκύρους</span> <span class='ocrx_word' id='word_1_498' title='bbox 2002 1281 2294 1332; x_wconf 83' lang='grc' dir='ltr'>καταστήσωμεν.</span> <span class='ocrx_word' id='word_1_499' title='bbox 2315 1281 2428 1321; x_wconf 77' lang='grc' dir='ltr'>Οὐδὲν</span> 
     </span>
     <span class='ocr_line' id='line_1_81' title="bbox 1401 1343 2430 1396; baseline 0 -15"><span class='ocrx_word' id='word_1_500' title='bbox 1401 1344 1469 1396; x_wconf 74' lang='grc' dir='ltr'>γὰρ</span> <span class='ocrx_word' id='word_1_501' title='bbox 1490 1343 1598 1386; x_wconf 68' lang='grc' dir='ltr'>οὕτως</span> <span class='ocrx_word' id='word_1_502' title='bbox 1625 1344 1725 1382; x_wconf 71' lang='grc' dir='ltr'>αὐτὸν</span> <span class='ocrx_word' id='word_1_503' title='bbox 1758 1343 1933 1395; x_wconf 69' lang='grc' dir='ltr'>εὐφραίνει</span> <span class='ocrx_word' id='word_1_504' title='bbox 1961 1345 2007 1386; x_wconf 82' lang='grc' dir='ltr'>ὡς</span> <span class='ocrx_word' id='word_1_505' title='bbox 2034 1346 2055 1389; x_wconf 80' lang='grc' dir='ltr'>ἡ</span> <span class='ocrx_word' id='word_1_506' title='bbox 2086 1343 2277 1396; x_wconf 61' lang='grc' dir='ltr'>ἐπιστροφὴ</span> <span class='ocrx_word' id='word_1_507' title='bbox 2298 1347 2430 1396; x_wconf 30' lang='grc' dir='ltr'>ἡκὴμε-</span> 
     </span>
     <span class='ocr_line' id='line_1_82' title="bbox 1402 1403 2427 1457; baseline -0.001 -15"><span class='ocrx_word' id='word_1_508' title='bbox 1402 1404 1502 1455; x_wconf 85' lang='grc' dir='ltr'>τέρα,</span> <span class='ocrx_word' id='word_1_509' title='bbox 1523 1405 1583 1442; x_wconf 80' lang='grc' dir='ltr'>καὶ</span> <span class='ocrx_word' id='word_1_510' title='bbox 1599 1408 1621 1451; x_wconf 83' lang='grc' dir='ltr'>ἡ</span> <span class='ocrx_word' id='word_1_511' title='bbox 1640 1404 1709 1442; x_wconf 76' lang='grc' dir='ltr'>ἀπὸ</span> <span class='ocrx_word' id='word_1_512' title='bbox 1734 1407 1796 1450; x_wconf 71' lang='grc' dir='ltr'>τῆς</span> <span class='ocrx_word' id='word_1_513' title='bbox 1814 1404 1940 1448; x_wconf 83' lang='grc' dir='ltr'>κακίας</span> <span class='ocrx_word' id='word_1_514' title='bbox 1955 1403 2013 1441; x_wconf 83' lang='grc' dir='ltr'>ἐπὶ</span> <span class='ocrx_word' id='word_1_515' title='bbox 2030 1403 2093 1451; x_wconf 81' lang='grc' dir='ltr'>τὴν</span> <span class='ocrx_word' id='word_1_516' title='bbox 2110 1403 2234 1457; x_wconf 84' lang='grc' dir='ltr'>ἀρετὴν</span> <span class='ocrx_word' id='word_1_517' title='bbox 2251 1404 2427 1448; x_wconf 73' lang='grc' dir='ltr'>ἐπάνοδος.</span> 
     </span>
     <span class='ocr_line' id='line_1_83' title="bbox 1401 1458 2426 1517; baseline 0.001 -14"><span class='ocrx_word' id='word_1_518' title='bbox 1401 1465 1535 1503; x_wconf 78' lang='grc' dir='ltr'>Σκόπει</span> <span class='ocrx_word' id='word_1_519' title='bbox 1566 1458 1623 1503; x_wconf 63' lang='grc' dir='ltr'>οῦν</span> <span class='ocrx_word' id='word_1_520' title='bbox 1649 1468 1723 1509; x_wconf 86' lang='grc' dir='ltr'>πῶς</span> <span class='ocrx_word' id='word_1_521' title='bbox 1756 1466 1815 1503; x_wconf 82' lang='grc' dir='ltr'>καὶ</span> <span class='ocrx_word' id='word_1_522' title='bbox 1846 1465 1977 1503; x_wconf 81' lang='grc' dir='ltr'>τούτων</span> <span class='ocrx_word' id='word_1_523' title='bbox 1999 1465 2063 1513; x_wconf 71' lang='grc' dir='ltr'>τὴν</span> <span class='ocrx_word' id='word_1_524' title='bbox 2084 1465 2181 1504; x_wconf 85' lang='grc' dir='ltr'>νόσον</span> <span class='ocrx_word' id='word_1_525' title='bbox 2202 1466 2426 1517; x_wconf 80' lang='grc' dir='ltr'>ἐμεθόδευσε,</span> 
     </span>
     <span class='ocr_line' id='line_1_84' title="bbox 1400 1525 2428 1579; baseline 0 -15"><span class='ocrx_word' id='word_1_526' title='bbox 1400 1525 1567 1579; x_wconf 89' lang='grc' dir='ltr'>πρότερον</span> <span class='ocrx_word' id='word_1_527' title='bbox 1589 1526 1651 1577; x_wconf 74' lang='grc' dir='ltr'>μὲν</span> <span class='ocrx_word' id='word_1_528' title='bbox 1672 1529 1722 1578; x_wconf 86' lang='grc' dir='ltr'>τῷ</span> <span class='ocrx_word' id='word_1_529' title='bbox 1748 1531 1908 1565; x_wconf 87' lang='grc' dir='ltr'>τοσοῦτον</span> <span class='ocrx_word' id='word_1_530' title='bbox 1935 1528 2050 1564; x_wconf 76' lang='grc' dir='ltr'>δοῦναι</span> <span class='ocrx_word' id='word_1_531' title='bbox 2070 1526 2193 1578; x_wconf 74' lang='grc' dir='ltr'>χρόνον</span> <span class='ocrx_word' id='word_1_532' title='bbox 2214 1526 2428 1578; x_wconf 83' lang='grc' dir='ltr'>προθεσμίας</span> 
     </span>
     <span class='ocr_line' id='line_1_85' title="bbox 1399 1581 2428 1640; baseline -0.001 -14"><span class='ocrx_word' id='word_1_533' title='bbox 1399 1588 1484 1640; x_wconf 77' lang='grc' dir='ltr'>πρὸς</span> <span class='ocrx_word' id='word_1_534' title='bbox 1505 1587 1702 1639; x_wconf 77' lang='grc' dir='ltr'>μετάνοιαν,</span> <span class='ocrx_word' id='word_1_535' title='bbox 1726 1587 1848 1625; x_wconf 82' lang='grc' dir='ltr'>ἔπειτα</span> <span class='ocrx_word' id='word_1_536' title='bbox 1865 1587 1985 1634; x_wconf 74' lang='grc' dir='ltr'>ἐπειδὴ</span> <span class='ocrx_word' id='word_1_537' title='bbox 2010 1581 2096 1625; x_wconf 66' lang='grc' dir='ltr'>εἶδεν</span> <span class='ocrx_word' id='word_1_538' title='bbox 2118 1587 2333 1634; x_wconf 77' lang='grc' dir='ltr'>ἀναισθήτως</span> <span class='ocrx_word' id='word_1_539' title='bbox 2349 1588 2428 1625; x_wconf 80' lang='grc' dir='ltr'>δια-</span> 
     </span>
     <span class='ocr_line' id='line_1_86' title="bbox 1399 1648 2426 1700; baseline 0 -14"><span class='ocrx_word' id='word_1_540' title='bbox 1399 1648 1596 1699; x_wconf 83' lang='grc' dir='ltr'>κειμένους,</span> <span class='ocrx_word' id='word_1_541' title='bbox 1632 1649 1689 1686; x_wconf 75' lang='grc' dir='ltr'>καὶ</span> <span class='ocrx_word' id='word_1_542' title='bbox 1723 1648 1818 1686; x_wconf 72' lang='grc' dir='ltr'>οὐδὲν</span> <span class='ocrx_word' id='word_1_543' title='bbox 1852 1649 1920 1686; x_wconf 74' lang='grc' dir='ltr'>ἀπὸ</span> <span class='ocrx_word' id='word_1_544' title='bbox 1950 1652 2009 1686; x_wconf 90' lang='grc' dir='ltr'>τοῦ</span> <span class='ocrx_word' id='word_1_545' title='bbox 2030 1649 2180 1695; x_wconf 84' lang='grc' dir='ltr'>πλήθους</span> <span class='ocrx_word' id='word_1_546' title='bbox 2213 1653 2273 1686; x_wconf 88' lang='grc' dir='ltr'>τοῦ</span> <span class='ocrx_word' id='word_1_547' title='bbox 2301 1648 2426 1700; x_wconf 80' lang='grc' dir='ltr'>χρόνου</span> 
     </span>
     <span class='ocr_line' id='line_1_87' title="bbox 1399 1708 2424 1761; baseline 0 -15"><span class='ocrx_word' id='word_1_548' title='bbox 1399 1708 1656 1761; x_wconf 73' lang='grc' dir='ltr'>κερδαίνοντας,</span> <span class='ocrx_word' id='word_1_549' title='bbox 1674 1709 1733 1746; x_wconf 86' lang='grc' dir='ltr'>καὶ</span> <span class='ocrx_word' id='word_1_550' title='bbox 1753 1709 1838 1761; x_wconf 68' lang='grc' dir='ltr'>πρὸς</span> <span class='ocrx_word' id='word_1_551' title='bbox 1858 1711 1976 1752; x_wconf 79' lang='grc' dir='ltr'>αὐταῖς</span> <span class='ocrx_word' id='word_1_552' title='bbox 1992 1714 2066 1752; x_wconf 87' lang='grc' dir='ltr'>ταῖς</span> <span class='ocrx_word' id='word_1_553' title='bbox 2087 1708 2224 1761; x_wconf 71' lang='grc' dir='ltr'>θύραις,</span> <span class='ocrx_word' id='word_1_554' title='bbox 2241 1711 2287 1753; x_wconf 80' lang='grc' dir='ltr'>ὡς</span> <span class='ocrx_word' id='word_1_555' title='bbox 2302 1711 2424 1756; x_wconf 79' lang='grc' dir='ltr'>εἰπεῖν,</span> 
     </span>
     <span class='ocr_line' id='line_1_88' title="bbox 1397 1769 2424 1822; baseline -0.001 -16"><span class='ocrx_word' id='word_1_556' title='bbox 1397 1774 1457 1808; x_wconf 90' lang='grc' dir='ltr'>τοῦ</span> <span class='ocrx_word' id='word_1_557' title='bbox 1473 1771 1737 1820; x_wconf 79' lang='grc' dir='ltr'>κατακλυσμοῦ,</span> <span class='ocrx_word' id='word_1_558' title='bbox 1754 1769 1915 1822; x_wconf 80' lang='grc' dir='ltr'>προλέγει</span> <span class='ocrx_word' id='word_1_559' title='bbox 1934 1772 1971 1806; x_wconf 84' lang='grc' dir='ltr'>οὐ</span> <span class='ocrx_word' id='word_1_560' title='bbox 1987 1769 2054 1821; x_wconf 78' lang='grc' dir='ltr'>πρὸ</span> <span class='ocrx_word' id='word_1_561' title='bbox 2067 1772 2171 1821; x_wconf 83' lang='grc' dir='ltr'>τριῶν</span> <span class='ocrx_word' id='word_1_562' title='bbox 2185 1772 2341 1821; x_wconf 81' lang='grc' dir='ltr'>ἡμερῶν,</span> <span class='ocrx_word' id='word_1_563' title='bbox 2356 1785 2424 1807; x_wconf 90' lang='grc' dir='ltr'>κα-</span> 
     </span>
     <span class='ocr_line' id='line_1_89' title="bbox 1397 1829 2425 1883; baseline 0 -15"><span class='ocrx_word' id='word_1_564' title='bbox 1397 1830 1507 1882; x_wconf 72' lang='grc' dir='ltr'>θάπερ</span> <span class='ocrx_word' id='word_1_565' title='bbox 1530 1831 1588 1868; x_wconf 83' lang='grc' dir='ltr'>ε’πὶ</span> <span class='ocrx_word' id='word_1_566' title='bbox 1615 1833 1684 1868; x_wconf 83' lang='grc' dir='ltr'>τῶν</span> <span class='ocrx_word' id='word_1_567' title='bbox 1712 1832 1914 1878; x_wconf 82' lang='grc' dir='ltr'>Νινευιτῶν,</span> <span class='ocrx_word' id='word_1_568' title='bbox 1935 1829 2026 1868; x_wconf 73' lang='grc' dir='ltr'>ἀλλὰ</span> <span class='ocrx_word' id='word_1_569' title='bbox 2049 1830 2117 1881; x_wconf 78' lang='grc' dir='ltr'>πρὸ</span> <span class='ocrx_word' id='word_1_570' title='bbox 2140 1829 2244 1867; x_wconf 80' lang='grc' dir='ltr'>ἑπτά.</span> <span class='ocrx_word' id='word_1_571' title='bbox 2267 1830 2338 1868; x_wconf 76' lang='grc' dir='ltr'>Καὶ</span> <span class='ocrx_word' id='word_1_572' title='bbox 2356 1830 2425 1883; x_wconf 82' lang='grc' dir='ltr'>γὰρ</span> 
     </span>
     <span class='ocr_line' id='line_1_90' title="bbox 1397 1890 2426 1943; baseline 0 -14"><span class='ocrx_word' id='word_1_573' title='bbox 1397 1893 1533 1943; x_wconf 71' lang='grc' dir='ltr'>θαρρῶν</span> <span class='ocrx_word' id='word_1_574' title='bbox 1556 1891 1595 1929; x_wconf 79' lang='grc' dir='ltr'>ἂν</span> <span class='ocrx_word' id='word_1_575' title='bbox 1625 1891 1759 1942; x_wconf 85' lang='grc' dir='ltr'>εἴποιμι</span> <span class='ocrx_word' id='word_1_576' title='bbox 1779 1890 1836 1928; x_wconf 75' lang='grc' dir='ltr'>διὰ</span> <span class='ocrx_word' id='word_1_577' title='bbox 1863 1891 1902 1929; x_wconf 83' lang='grc' dir='ltr'>τὸ</span> <span class='ocrx_word' id='word_1_578' title='bbox 1934 1891 2060 1929; x_wconf 81' lang='grc' dir='ltr'>εἰδέναι</span> <span class='ocrx_word' id='word_1_579' title='bbox 2089 1894 2150 1929; x_wconf 76' lang='grc' dir='ltr'>τοῦ</span> <span class='ocrx_word' id='word_1_580' title='bbox 2166 1890 2348 1929; x_wconf 64' lang='lat' dir='ltr'><strong>Aeo-«adron</strong></span> <span class='ocrx_word' id='word_1_581' title='bbox 2365 1895 2426 1929; x_wconf 85' lang='grc' dir='ltr'>τοῦ</span> 
     </span>
     <span class='ocr_line' id='line_1_91' title="bbox 1394 1951 2425 2005; baseline 0 -15"><span class='ocrx_word' id='word_1_582' title='bbox 1394 1952 1564 2004; x_wconf 75' lang='grc' dir='ltr'>’ἡμετέρου</span> <span class='ocrx_word' id='word_1_583' title='bbox 1594 1954 1656 1998; x_wconf 74' lang='grc' dir='ltr'>τῆς</span> <span class='ocrx_word' id='word_1_584' title='bbox 1688 1951 1949 2005; x_wconf 81' lang='grc' dir='ltr'>φιλανθρωπίας</span> <span class='ocrx_word' id='word_1_585' title='bbox 1978 1951 2041 1999; x_wconf 83' lang='grc' dir='ltr'>τὴν</span> <span class='ocrx_word' id='word_1_586' title='bbox 2062 1951 2273 2003; x_wconf 66' lang='grc' dir='ltr'>ὑπερῧολὴν,</span> <span class='ocrx_word' id='word_1_587' title='bbox 2293 1951 2346 1989; x_wconf 83' lang='grc' dir='ltr'>ὅτι</span> <span class='ocrx_word' id='word_1_588' title='bbox 2366 1952 2425 1990; x_wconf 77' lang='grc' dir='ltr'>καὶ</span> 
     </span>
     <span class='ocr_line' id='line_1_92' title="bbox 1395 2012 2427 2066; baseline -0.001 -14"><span class='ocrx_word' id='word_1_589' title='bbox 1395 2016 1429 2052; x_wconf 84' lang='grc' dir='ltr'>ἐν</span> <span class='ocrx_word' id='word_1_590' title='bbox 1444 2019 1521 2057; x_wconf 86' lang='grc' dir='ltr'>ταῖς</span> <span class='ocrx_word' id='word_1_591' title='bbox 1536 2013 1625 2052; x_wconf 77' lang='grc' dir='ltr'>ἑπτὰ</span> <span class='ocrx_word' id='word_1_592' title='bbox 1640 2013 1789 2065; x_wconf 73' lang='grc' dir='ltr'>ἡμέραις</span> <span class='ocrx_word' id='word_1_593' title='bbox 1800 2043 1810 2060; x_wconf 92' lang='grc'>,</span> <span class='ocrx_word' id='word_1_594' title='bbox 1830 2015 1860 2051; x_wconf 88' lang='grc' dir='ltr'>εἷ</span> <span class='ocrx_word' id='word_1_595' title='bbox 1879 2013 2118 2060; x_wconf 63' lang='grc' dir='ltr'>ἐδουλήθησαν</span> <span class='ocrx_word' id='word_1_596' title='bbox 2133 2012 2263 2066; x_wconf 75' lang='grc' dir='ltr'>ἀκριὸἧ</span> <span class='ocrx_word' id='word_1_597' title='bbox 2281 2013 2344 2060; x_wconf 74' lang='grc' dir='ltr'>τὴν</span> <span class='ocrx_word' id='word_1_598' title='bbox 2365 2029 2427 2064; x_wconf 81' lang='grc' dir='ltr'>με·</span> 
     </span>
     <span class='ocr_line' id='line_1_93' title="bbox 1394 2073 2424 2126; baseline -0.001 -15"><span class='ocrx_word' id='word_1_599' title='bbox 1394 2074 1533 2113; x_wconf 83' lang='grc' dir='ltr'>τάνοιαν</span> <span class='ocrx_word' id='word_1_600' title='bbox 1553 2075 1805 2119; x_wconf 81' lang='grc' dir='ltr'>ἐπιδείξασθαι,</span> <span class='ocrx_word' id='word_1_601' title='bbox 1838 2074 1995 2126; x_wconf 77' lang='grc' dir='ltr'>διέφυγον</span> <span class='ocrx_word' id='word_1_602' title='bbox 2025 2073 2065 2111; x_wconf 83' lang='grc' dir='ltr'>ἂν</span> <span class='ocrx_word' id='word_1_603' title='bbox 2084 2077 2144 2112; x_wconf 81' lang='grc' dir='ltr'>τοῦ</span> <span class='ocrx_word' id='word_1_604' title='bbox 2175 2074 2424 2124; x_wconf 80' lang='grc' dir='ltr'>κατακλυσμοῦ</span> 
     </span>
     <span class='ocr_line' id='line_1_94' title="bbox 1394 2128 2424 2188; baseline 0 -16"><span class='ocrx_word' id='word_1_605' title='bbox 1394 2135 1457 2180; x_wconf 72' lang='grc' dir='ltr'>τὴν</span> <span class='ocrx_word' id='word_1_606' title='bbox 1477 2140 1611 2186; x_wconf 87' lang='grc' dir='ltr'>πεῖραν.</span> <span class='ocrx_word' id='word_1_607' title='bbox 1629 2135 1734 2173; x_wconf 81' lang='grc' dir='ltr'>Ἐπεὶ</span> <span class='ocrx_word' id='word_1_608' title='bbox 1758 2128 1815 2172; x_wconf 64' lang='grc' dir='ltr'>οὖν</span> <span class='ocrx_word' id='word_1_609' title='bbox 1832 2134 1910 2172; x_wconf 79' lang='grc' dir='ltr'>οὔτε</span> <span class='ocrx_word' id='word_1_610' title='bbox 1924 2138 1946 2181; x_wconf 82' lang='grc' dir='ltr'>ἡ</span> <span class='ocrx_word' id='word_1_611' title='bbox 1966 2135 2164 2188; x_wconf 78' lang='grc' dir='ltr'>παροίτασις</span> <span class='ocrx_word' id='word_1_612' title='bbox 2183 2137 2243 2173; x_wconf 82' lang='grc' dir='ltr'>τοῦ</span> <span class='ocrx_word' id='word_1_613' title='bbox 2260 2133 2424 2173; x_wconf 80' lang='grc' dir='ltr'>τοσούτου</span> 
     </span>
     <span class='ocr_line' id='line_1_95' title="bbox 1394 2194 2426 2248; baseline 0.001 -16"><span class='ocrx_word' id='word_1_614' title='bbox 1394 2195 1518 2247; x_wconf 75' lang='grc' dir='ltr'>χρόνου</span> <span class='ocrx_word' id='word_1_615' title='bbox 1538 2224 1547 2242; x_wconf 94' lang='grc'>,</span> <span class='ocrx_word' id='word_1_616' title='bbox 1571 2194 1649 2232; x_wconf 82' lang='grc' dir='ltr'>οὔτε</span> <span class='ocrx_word' id='word_1_617' title='bbox 1675 2198 1695 2240; x_wconf 79' lang='grc' dir='ltr'>ἧ</span> <span class='ocrx_word' id='word_1_618' title='bbox 1729 2194 1943 2246; x_wconf 77' lang='grc' dir='ltr'>στενοχωρία</span> <span class='ocrx_word' id='word_1_619' title='bbox 1977 2199 2036 2233; x_wconf 80' lang='grc' dir='ltr'>τοῦ</span> <span class='ocrx_word' id='word_1_620' title='bbox 2065 2201 2187 2248; x_wconf 87' lang='grc' dir='ltr'>καιροῦ</span> <span class='ocrx_word' id='word_1_621' title='bbox 2219 2195 2426 2233; x_wconf 86' lang='grc' dir='ltr'>καθικέσθαι</span> 
     </span>
     <span class='ocr_line' id='line_1_96' title="bbox 1395 2254 2423 2307; baseline -0.001 -14"><span class='ocrx_word' id='word_1_622' title='bbox 1395 2257 1508 2293; x_wconf 79' lang='grc' dir='ltr'>αὐτῶν</span> <span class='ocrx_word' id='word_1_623' title='bbox 1525 2258 1587 2300; x_wconf 58' lang='grc' dir='ltr'>τῆς</span> <span class='ocrx_word' id='word_1_624' title='bbox 1606 2254 1729 2298; x_wconf 85' lang='grc' dir='ltr'>κακίας</span> <span class='ocrx_word' id='word_1_625' title='bbox 1749 2255 1902 2301; x_wconf 71' lang='grc' dir='ltr'>ἠδυνήθη</span> <span class='ocrx_word' id='word_1_626' title='bbox 1914 2286 1923 2303; x_wconf 93' lang='grc'>,</span> <span class='ocrx_word' id='word_1_627' title='bbox 1943 2255 2100 2307; x_wconf 81' lang='grc' dir='ltr'>ἐπήγαγε</span> <span class='ocrx_word' id='word_1_628' title='bbox 2118 2255 2368 2306; x_wconf 81' lang='grc' dir='ltr'>κατακλυσμὸν</span> <span class='ocrx_word' id='word_1_629' title='bbox 2388 2259 2423 2294; x_wconf 83' lang='grc' dir='ltr'>ἐν</span> 
     </span>
     <span class='ocr_line' id='line_1_97' title="bbox 1395 2311 2424 2369; baseline 0.002 -17"><span class='ocrx_word' id='word_1_630' title='bbox 1395 2318 1444 2368; x_wconf 82' lang='grc' dir='ltr'>τῷ</span> <span class='ocrx_word' id='word_1_631' title='bbox 1464 2315 1695 2368; x_wconf 83' lang='grc' dir='ltr'>ἑξακοσιοστῷ</span> <span class='ocrx_word' id='word_1_632' title='bbox 1711 2315 1780 2354; x_wconf 85' lang='grc' dir='ltr'>ἔτει</span> <span class='ocrx_word' id='word_1_633' title='bbox 1798 2319 1857 2353; x_wconf 87' lang='grc' dir='ltr'>τοῦ</span> <span class='ocrx_word' id='word_1_634' title='bbox 1876 2318 1967 2354; x_wconf 70' lang='grc' dir='ltr'>Νῶε.</span> <span class='ocrx_word' id='word_1_635' title='bbox 1986 2319 2064 2354; x_wconf 64' lang='grc' dir='ltr'>Νῶε</span> <span class='ocrx_word' id='word_1_636' title='bbox 2086 2317 2138 2364; x_wconf 79' lang='grc' dir='ltr'>δὲ,</span> <span class='ocrx_word' id='word_1_637' title='bbox 2156 2317 2240 2369; x_wconf 69' lang='grc' dir='ltr'>φησὶ</span> <span class='ocrx_word' id='word_1_638' title='bbox 2252 2347 2262 2365; x_wconf 89' lang='grc'>,</span> <span class='ocrx_word' id='word_1_639' title='bbox 2278 2311 2320 2364; x_wconf 65' lang='grc' dir='ltr'>ἦν</span> <span class='ocrx_word' id='word_1_640' title='bbox 2336 2318 2424 2355; x_wconf 81' lang='grc' dir='ltr'>ἐτῶν</span> 
     </span>
     <span class='ocr_line' id='line_1_98' title="bbox 1397 2375 2423 2429; baseline 0.004 -17"><span class='ocrx_word' id='word_1_641' title='bbox 1397 2375 1596 2421; x_wconf 79' lang='grc' dir='ltr'>ἑξακοσίων,</span> <span class='ocrx_word' id='word_1_642' title='bbox 1616 2380 1675 2414; x_wconf 86' lang='grc' dir='ltr'>καὶ</span> <span class='ocrx_word' id='word_1_643' title='bbox 1694 2379 1712 2415; x_wconf 79' lang='grc' dir='ltr'>ὁ</span> <span class='ocrx_word' id='word_1_644' title='bbox 1731 2377 1976 2428; x_wconf 75' lang='grc' dir='ltr'>κατακλυσμὸς</span> <span class='ocrx_word' id='word_1_645' title='bbox 1995 2383 2058 2416; x_wconf 84' lang='grc' dir='ltr'>τοῦ</span> <span class='ocrx_word' id='word_1_646' title='bbox 2074 2378 2197 2422; x_wconf 70' lang='grc' dir='ltr'>ὕδατος</span> <span class='ocrx_word' id='word_1_647' title='bbox 2213 2377 2349 2429; x_wconf 80' lang='grc' dir='ltr'>ἐγένετο</span> <span class='ocrx_word' id='word_1_648' title='bbox 2364 2378 2423 2417; x_wconf 76' lang='grc' dir='ltr'>ἐπὶ</span> 
     </span>
     <span class='ocr_line' id='line_1_99' title="bbox 1396 2437 2423 2490; baseline 0.003 -16"><span class='ocrx_word' id='word_1_649' title='bbox 1396 2440 1456 2484; x_wconf 72' lang='grc' dir='ltr'>τῆς</span> <span class='ocrx_word' id='word_1_650' title='bbox 1490 2440 1565 2488; x_wconf 81' lang='grc' dir='ltr'>γ’ἧς.</span> <span class='ocrx_word' id='word_1_651' title='bbox 1600 2437 1738 2485; x_wconf 66' lang='grc' dir='ltr'>Ῑίἴδετε,</span> <span class='ocrx_word' id='word_1_652' title='bbox 1775 2438 1971 2490; x_wconf 72' lang='grc' dir='ltr'>ἀγαπητοὶ,</span> <span class='ocrx_word' id='word_1_653' title='bbox 2007 2439 2118 2486; x_wconf 77' lang='grc' dir='ltr'>πόσης</span> <span class='ocrx_word' id='word_1_654' title='bbox 2146 2442 2231 2489; x_wconf 75' lang='grc' dir='ltr'>ἡμῖν</span> <span class='ocrx_word' id='word_1_655' title='bbox 2254 2439 2423 2490; x_wconf 67' lang='grc' dir='ltr'>ὠφελείας</span> 
     </span>
     <span class='ocr_line' id='line_1_100' title="bbox 1396 2498 2422 2553; baseline 0.003 -17"><span class='ocrx_word' id='word_1_656' title='bbox 1396 2499 1555 2542; x_wconf 80' lang='grc' dir='ltr'>ὑπόθεσις</span> <span class='ocrx_word' id='word_1_657' title='bbox 1572 2498 1691 2550; x_wconf 81' lang='grc' dir='ltr'>γέγονε</span> <span class='ocrx_word' id='word_1_658' title='bbox 1709 2499 1747 2536; x_wconf 80' lang='grc' dir='ltr'>τὸ</span> <span class='ocrx_word' id='word_1_659' title='bbox 1766 2503 1893 2552; x_wconf 85' lang='grc' dir='ltr'>γνῶναι</span> <span class='ocrx_word' id='word_1_660' title='bbox 1917 2500 1975 2538; x_wconf 80' lang='grc' dir='ltr'>τὸν</span> <span class='ocrx_word' id='word_1_661' title='bbox 2003 2501 2149 2553; x_wconf 78' lang='grc' dir='ltr'>ἀριθμὸν</span> <span class='ocrx_word' id='word_1_662' title='bbox 2169 2503 2236 2538; x_wconf 89' lang='grc' dir='ltr'>τῶν</span> <span class='ocrx_word' id='word_1_663' title='bbox 2254 2503 2340 2539; x_wconf 81' lang='grc' dir='ltr'>ἑτῶν</span> <span class='ocrx_word' id='word_1_664' title='bbox 2362 2504 2422 2539; x_wconf 88' lang='grc' dir='ltr'>τοῦ</span> 
     </span>
     <span class='ocr_line' id='line_1_101' title="bbox 1397 2555 2423 2612; baseline 0.002 -15"><span class='ocrx_word' id='word_1_665' title='bbox 1397 2559 1552 2606; x_wconf 82' lang='grc' dir='ltr'>δικαίου,</span> <span class='ocrx_word' id='word_1_666' title='bbox 1582 2561 1641 2598; x_wconf 84' lang='grc' dir='ltr'>καὶ</span> <span class='ocrx_word' id='word_1_667' title='bbox 1665 2560 1753 2599; x_wconf 75' lang='grc' dir='ltr'>ὅσων</span> <span class='ocrx_word' id='word_1_668' title='bbox 1787 2564 1871 2600; x_wconf 79' lang='grc' dir='ltr'>ἐτῶν</span> <span class='ocrx_word' id='word_1_669' title='bbox 1906 2555 1963 2609; x_wconf 66' lang='grc' dir='ltr'>ἦν,</span> <span class='ocrx_word' id='word_1_670' title='bbox 1993 2561 2096 2608; x_wconf 73' lang='grc' dir='ltr'>ἡνίκα</span> <span class='ocrx_word' id='word_1_671' title='bbox 2128 2565 2146 2599; x_wconf 85' lang='grc' dir='ltr'>ὁ</span> <span class='ocrx_word' id='word_1_672' title='bbox 2175 2561 2423 2612; x_wconf 81' lang='grc' dir='ltr'>κατακλυσμὸς</span> 
     </span>
     <span class='ocr_line' id='line_1_102' title="bbox 1397 2621 2421 2674; baseline 0.001 -15"><span class='ocrx_word' id='word_1_673' title='bbox 1397 2623 1545 2668; x_wconf 74' lang='grc' dir='ltr'>ἐπῆλθε,</span> <span class='ocrx_word' id='word_1_674' title='bbox 1566 2622 1660 2673; x_wconf 83' lang='grc' dir='ltr'>Φέρε</span> <span class='ocrx_word' id='word_1_675' title='bbox 1675 2621 1716 2668; x_wconf 83' lang='grc' dir='ltr'>δὴ</span> <span class='ocrx_word' id='word_1_676' title='bbox 1737 2622 1795 2659; x_wconf 85' lang='grc' dir='ltr'>καὶ</span> <span class='ocrx_word' id='word_1_677' title='bbox 1812 2629 1882 2666; x_wconf 87' lang='grc' dir='ltr'>τοῖς</span> <span class='ocrx_word' id='word_1_678' title='bbox 1901 2622 2096 2666; x_wconf 84' lang='grc' dir='ltr'>ἀκολούθως</span> <span class='ocrx_word' id='word_1_679' title='bbox 2115 2622 2308 2674; x_wconf 82' lang='grc' dir='ltr'>εἰρημένοις</span> <span class='ocrx_word' id='word_1_680' title='bbox 2322 2621 2421 2666; x_wconf 81' lang='grc' dir='ltr'>ἐπεξ-</span> 
     </span>
     <span class='ocr_line' id='line_1_103' title="bbox 1397 2682 2420 2736; baseline 0.001 -17"><span class='ocrx_word' id='word_1_681' title='bbox 1397 2683 1562 2733; x_wconf 83' lang='grc' dir='ltr'>έλθωμεν.</span> <span class='ocrx_word' id='word_1_682' title='bbox 1582 2683 1729 2730; x_wconf 71' lang='grc' dir='ltr'>Ἐπειδὴ</span> <span class='ocrx_word' id='word_1_683' title='bbox 1747 2684 1813 2736; x_wconf 80' lang='grc' dir='ltr'>γὰρ</span> <span class='ocrx_word' id='word_1_684' title='bbox 1828 2683 1957 2736; x_wconf 79' lang='grc' dir='ltr'>ἤρξατο</span> <span class='ocrx_word' id='word_1_685' title='bbox 1972 2687 1990 2723; x_wconf 83' lang='grc' dir='ltr'>ὁ</span> <span class='ocrx_word' id='word_1_686' title='bbox 2006 2683 2253 2734; x_wconf 81' lang='grc' dir='ltr'>κατακλυσμὸς</span> <span class='ocrx_word' id='word_1_687' title='bbox 2265 2713 2274 2731; x_wconf 89' lang='grc'>,</span> <span class='ocrx_word' id='word_1_688' title='bbox 2301 2682 2420 2735; x_wconf 79' lang='grc' dir='ltr'>φησὶν,</span> 
     </span>
     <span class='ocr_line' id='line_1_104' title="bbox 1396 2743 2419 2795; baseline 0 -14"><span class='ocrx_word' id='word_1_689' title='bbox 1396 2745 1548 2790; x_wconf 70' lang='grc' dir='ltr'>Εἷσῆλθε</span> <span class='ocrx_word' id='word_1_690' title='bbox 1566 2744 1600 2783; x_wconf 75' lang='grc' dir='ltr'>δὲ</span> <span class='ocrx_word' id='word_1_691' title='bbox 1617 2747 1714 2792; x_wconf 78' lang='grc' dir='ltr'>Νῶε,</span> <span class='ocrx_word' id='word_1_692' title='bbox 1730 2746 1788 2782; x_wconf 90' lang='grc' dir='ltr'>καὶ</span> <span class='ocrx_word' id='word_1_693' title='bbox 1804 2748 1835 2783; x_wconf 86' lang='grc' dir='ltr'>οἱ</span> <span class='ocrx_word' id='word_1_694' title='bbox 1851 2745 1917 2783; x_wconf 80' lang='grc' dir='ltr'>υἱοὶ</span> <span class='ocrx_word' id='word_1_695' title='bbox 1938 2747 2058 2791; x_wconf 77' lang='grc' dir='ltr'>αὑτοῦ,</span> <span class='ocrx_word' id='word_1_696' title='bbox 2075 2745 2133 2782; x_wconf 72' lang='grc' dir='ltr'>καὶ</span> <span class='ocrx_word' id='word_1_697' title='bbox 2152 2747 2171 2790; x_wconf 80' lang='grc' dir='ltr'>ἡ</span> <span class='ocrx_word' id='word_1_698' title='bbox 2189 2743 2275 2795; x_wconf 80' lang='grc' dir='ltr'>γυνὴ</span> <span class='ocrx_word' id='word_1_699' title='bbox 2292 2745 2396 2782; x_wconf 76' lang='grc' dir='ltr'>αὐτοῦ</span> <span class='ocrx_word' id='word_1_700' title='bbox 2409 2772 2419 2789; x_wconf 86' lang='grc'>,</span> 
     </span>
     <span class='ocr_line' id='line_1_105' title="bbox 1395 2804 2419 2855; baseline 0 -14"><span class='ocrx_word' id='word_1_701' title='bbox 1395 2805 1453 2841; x_wconf 85' lang='grc' dir='ltr'>καὶ</span> <span class='ocrx_word' id='word_1_702' title='bbox 1476 2806 1509 2841; x_wconf 81' lang='grc' dir='ltr'>αἱ</span> <span class='ocrx_word' id='word_1_703' title='bbox 1535 2811 1694 2855; x_wconf 87' lang='grc' dir='ltr'>γυναῖκες</span> <span class='ocrx_word' id='word_1_704' title='bbox 1714 2808 1782 2843; x_wconf 89' lang='grc' dir='ltr'>τῶν</span> <span class='ocrx_word' id='word_1_705' title='bbox 1803 2808 1885 2843; x_wconf 82' lang='grc' dir='ltr'>υἱῶν</span> <span class='ocrx_word' id='word_1_706' title='bbox 1906 2807 2008 2843; x_wconf 76' lang='grc' dir='ltr'>αὐτοῦ</span> <span class='ocrx_word' id='word_1_707' title='bbox 2032 2807 2078 2848; x_wconf 84' lang='grc' dir='ltr'>εἷς</span> <span class='ocrx_word' id='word_1_708' title='bbox 2096 2805 2159 2852; x_wconf 85' lang='grc' dir='ltr'>τὴν</span> <span class='ocrx_word' id='word_1_709' title='bbox 2179 2804 2343 2852; x_wconf 71' lang='grc' dir='ltr'>κιὸωτὸν,</span> <span class='ocrx_word' id='word_1_710' title='bbox 2362 2804 2419 2842; x_wconf 84' lang='grc' dir='ltr'>διὰ</span> 
     </span>
     <span class='ocr_line' id='line_1_106' title="bbox 1395 2864 2417 2917; baseline 0.001 -15"><span class='ocrx_word' id='word_1_711' title='bbox 1395 2865 1433 2903; x_wconf 79' lang='grc' dir='ltr'>τὸ</span> <span class='ocrx_word' id='word_1_712' title='bbox 1452 2864 1543 2917; x_wconf 72' lang='grc' dir='ltr'>ὕδωρ</span> <span class='ocrx_word' id='word_1_713' title='bbox 1569 2868 1627 2902; x_wconf 82' lang='grc' dir='ltr'>τοῦ</span> <span class='ocrx_word' id='word_1_714' title='bbox 1661 2867 1919 2916; x_wconf 77' lang='grc' dir='ltr'>κατακλυσμοῦ.</span> <span class='ocrx_word' id='word_1_715' title='bbox 1954 2866 2023 2904; x_wconf 76' lang='grc' dir='ltr'>Καὶ</span> <span class='ocrx_word' id='word_1_716' title='bbox 2055 2866 2124 2904; x_wconf 78' lang='grc' dir='ltr'>ἀπὸ</span> <span class='ocrx_word' id='word_1_717' title='bbox 2148 2868 2217 2903; x_wconf 89' lang='grc' dir='ltr'>τῶν</span> <span class='ocrx_word' id='word_1_718' title='bbox 2251 2868 2417 2904; x_wconf 79' lang='grc' dir='ltr'>πετεινῶν</span> 
     </span>
     <span class='ocr_line' id='line_1_107' title="bbox 1394 2925 2419 2978; baseline 0 -16"><span class='ocrx_word' id='word_1_719' title='bbox 1394 2928 1461 2963; x_wconf 87' lang='grc' dir='ltr'>τῶν</span> <span class='ocrx_word' id='word_1_720' title='bbox 1490 2927 1666 2978; x_wconf 81' lang='grc' dir='ltr'>καθαρῶν,</span> <span class='ocrx_word' id='word_1_721' title='bbox 1695 2925 1754 2963; x_wconf 72' lang='grc' dir='ltr'>καὶ</span> <span class='ocrx_word' id='word_1_722' title='bbox 1786 2927 1854 2964; x_wconf 78' lang='grc' dir='ltr'>ἀπὸ</span> <span class='ocrx_word' id='word_1_723' title='bbox 1872 2928 1940 2963; x_wconf 87' lang='grc' dir='ltr'>τῶν</span> <span class='ocrx_word' id='word_1_724' title='bbox 1969 2929 2134 2964; x_wconf 78' lang='grc' dir='ltr'>πετεινῶν</span> <span class='ocrx_word' id='word_1_725' title='bbox 2155 2929 2224 2964; x_wconf 87' lang='grc' dir='ltr'>τῶν</span> <span class='ocrx_word' id='word_1_726' title='bbox 2241 2925 2290 2976; x_wconf 89' lang='grc' dir='ltr'>μὴ</span> <span class='ocrx_word' id='word_1_727' title='bbox 2307 2929 2419 2963; x_wconf 87' lang='grc' dir='ltr'>καθα-</span> 
     </span>
     <span class='ocr_line' id='line_1_108' title="bbox 1396 2985 2417 3038; baseline 0 -14"><span class='ocrx_word' id='word_1_728' title='bbox 1396 2989 1475 3038; x_wconf 84' lang='grc' dir='ltr'>ρῶν,</span> <span class='ocrx_word' id='word_1_729' title='bbox 1498 2986 1556 3023; x_wconf 82' lang='grc' dir='ltr'>καὶ</span> <span class='ocrx_word' id='word_1_730' title='bbox 1592 2986 1660 3024; x_wconf 78' lang='grc' dir='ltr'>ἀπὸ</span> <span class='ocrx_word' id='word_1_731' title='bbox 1692 2989 1759 3023; x_wconf 89' lang='grc' dir='ltr'>τῶν</span> <span class='ocrx_word' id='word_1_732' title='bbox 1789 2988 1943 3037; x_wconf 77' lang='grc' dir='ltr'>ἑρπετῶν</span> <span class='ocrx_word' id='word_1_733' title='bbox 1977 2987 2036 3025; x_wconf 76' lang='grc' dir='ltr'>δύο</span> <span class='ocrx_word' id='word_1_734' title='bbox 2068 2987 2139 3025; x_wconf 72' lang='grc' dir='ltr'>δύο.</span> <span class='ocrx_word' id='word_1_735' title='bbox 2164 2987 2248 3025; x_wconf 76' lang='grc' dir='ltr'>Ἀπὸ</span> <span class='ocrx_word' id='word_1_736' title='bbox 2277 2985 2417 3025; x_wconf 76' lang='grc' dir='ltr'>πάντων</span> 
     </span>
     <span class='ocr_line' id='line_1_109' title="bbox 1393 3047 2418 3099; baseline -0.001 -14"><span class='ocrx_word' id='word_1_737' title='bbox 1393 3049 1530 3094; x_wconf 69' lang='grc' dir='ltr'>εἰσ-ἦλθε</span> <span class='ocrx_word' id='word_1_738' title='bbox 1559 3047 1642 3098; x_wconf 83' lang='grc' dir='ltr'>πρὸς</span> <span class='ocrx_word' id='word_1_739' title='bbox 1664 3047 1742 3085; x_wconf 67' lang='grc' dir='ltr'>Νῶε</span> <span class='ocrx_word' id='word_1_740' title='bbox 1774 3049 1820 3090; x_wconf 79' lang='grc' dir='ltr'>εἷς</span> <span class='ocrx_word' id='word_1_741' title='bbox 1853 3048 1915 3093; x_wconf 70' lang='grc' dir='ltr'>τὴν</span> <span class='ocrx_word' id='word_1_742' title='bbox 1946 3048 2095 3085; x_wconf 69' lang='grc' dir='ltr'>κιὲἷωτὸν</span> <span class='ocrx_word' id='word_1_743' title='bbox 2116 3048 2218 3099; x_wconf 78' lang='grc' dir='ltr'>ἄρσεν</span> <span class='ocrx_word' id='word_1_744' title='bbox 2239 3047 2298 3083; x_wconf 85' lang='grc' dir='ltr'>καὶ</span> <span class='ocrx_word' id='word_1_745' title='bbox 2318 3048 2418 3093; x_wconf 76' lang='grc' dir='ltr'>θῆλυ,</span> 
     </span>
     <span class='ocr_line' id='line_1_110' title="bbox 1392 3107 2415 3160; baseline -0.001 -15"><span class='ocrx_word' id='word_1_746' title='bbox 1392 3110 1467 3145; x_wconf 84' lang='grc' dir='ltr'>καθ’</span> <span class='ocrx_word' id='word_1_747' title='bbox 1484 3108 1504 3145; x_wconf 82' lang='grc' dir='ltr'>ἃ</span> <span class='ocrx_word' id='word_1_748' title='bbox 1524 3108 1716 3145; x_wconf 80' lang='grc' dir='ltr'>ἐνετείλατο</span> <span class='ocrx_word' id='word_1_749' title='bbox 1739 3107 1864 3159; x_wconf 73' lang='grc' dir='ltr'>Κύριος</span> <span class='ocrx_word' id='word_1_750' title='bbox 1890 3111 1939 3160; x_wconf 81' lang='grc' dir='ltr'>τῷ</span> <span class='ocrx_word' id='word_1_751' title='bbox 1959 3110 2050 3146; x_wconf 63' lang='grc' dir='ltr'>Νῶε.</span> <span class='ocrx_word' id='word_1_752' title='bbox 2075 3110 2156 3159; x_wconf 74' lang='grc' dir='ltr'>Οὐχ</span> <span class='ocrx_word' id='word_1_753' title='bbox 2172 3108 2290 3149; x_wconf 86' lang='grc' dir='ltr'>ἁπλῶς</span> <span class='ocrx_word' id='word_1_754' title='bbox 2307 3122 2415 3158; x_wconf 88' lang='grc' dir='ltr'>προσ-</span> 
     </span>
     <span class='ocr_line' id='line_1_111' title="bbox 1391 3167 2412 3219; baseline -0.002 -13"><span class='ocrx_word' id='word_1_755' title='bbox 1391 3169 1492 3215; x_wconf 78' lang='grc' dir='ltr'>έθηκε</span> <span class='ocrx_word' id='word_1_756' title='bbox 1522 3169 1580 3216; x_wconf 79' lang='grc' dir='ltr'>τὸ,</span> <span class='ocrx_word' id='word_1_757' title='bbox 1611 3170 1699 3206; x_wconf 81' lang='grc' dir='ltr'>Καθ’</span> <span class='ocrx_word' id='word_1_758' title='bbox 1731 3168 1751 3205; x_wconf 75' lang='grc' dir='ltr'>ἃ</span> <span class='ocrx_word' id='word_1_759' title='bbox 1779 3168 1973 3205; x_wconf 79' lang='grc' dir='ltr'>ἐνετείλατο</span> <span class='ocrx_word' id='word_1_760' title='bbox 1995 3167 2118 3219; x_wconf 80' lang='grc' dir='ltr'>Κύριος</span> <span class='ocrx_word' id='word_1_761' title='bbox 2142 3170 2191 3219; x_wconf 80' lang='grc' dir='ltr'>τῷ</span> <span class='ocrx_word' id='word_1_762' title='bbox 2212 3167 2312 3213; x_wconf 77' lang='grc' dir='ltr'>Νῶε,</span> <span class='ocrx_word' id='word_1_763' title='bbox 2333 3167 2412 3204; x_wconf 83' lang='grc' dir='ltr'>ἀλλ’</span> 
     </span>
     <span class='ocr_line' id='line_1_112' title="bbox 1389 3226 2412 3280; baseline -0.001 -14"><span class='ocrx_word' id='word_1_764' title='bbox 1389 3228 1443 3266; x_wconf 77' lang='grc' dir='ltr'>ἵνα</span> <span class='ocrx_word' id='word_1_765' title='bbox 1468 3229 1572 3267; x_wconf 74' lang='grc' dir='ltr'>πάλιν</span> <span class='ocrx_word' id='word_1_766' title='bbox 1609 3230 1739 3280; x_wconf 72' lang='grc' dir='ltr'>αὐξήσῃ</span> <span class='ocrx_word' id='word_1_767' title='bbox 1775 3232 1834 3266; x_wconf 87' lang='grc' dir='ltr'>τοῦ</span> <span class='ocrx_word' id='word_1_768' title='bbox 1865 3228 1998 3266; x_wconf 74' lang='grc' dir='ltr'>δικαίου</span> <span class='ocrx_word' id='word_1_769' title='bbox 2018 3228 2075 3265; x_wconf 77' lang='grc' dir='ltr'>τὸν</span> <span class='ocrx_word' id='word_1_770' title='bbox 2109 3227 2260 3274; x_wconf 84' lang='grc' dir='ltr'>ἔπαινον,</span> <span class='ocrx_word' id='word_1_771' title='bbox 2281 3226 2341 3264; x_wconf 86' lang='grc' dir='ltr'>καὶ</span> <span class='ocrx_word' id='word_1_772' title='bbox 2359 3226 2412 3265; x_wconf 77' lang='grc' dir='ltr'>ὅτι</span> 
     </span>
     <span class='ocr_line' id='line_1_113' title="bbox 1388 3287 2409 3341; baseline -0.003 -14"><span class='ocrx_word' id='word_1_773' title='bbox 1388 3290 1502 3328; x_wconf 65' lang='grc' dir='ltr'>πάντα</span> <span class='ocrx_word' id='word_1_774' title='bbox 1519 3290 1626 3333; x_wconf 73' lang='grc' dir='ltr'>οὕτως</span> <span class='ocrx_word' id='word_1_775' title='bbox 1643 3291 1824 3341; x_wconf 62' lang='grc' dir='ltr'>ἐπλήρωσε</span> <span class='ocrx_word' id='word_1_776' title='bbox 1841 3319 1849 3333; x_wconf 89' lang='grc'>,</span> <span class='ocrx_word' id='word_1_777' title='bbox 1872 3290 2030 3341; x_wconf 75' lang='grc' dir='ltr'>καθάπερ</span> <span class='ocrx_word' id='word_1_778' title='bbox 2048 3289 2226 3332; x_wconf 69' lang='grc' dir='ltr'>διετάξατο</span> <span class='ocrx_word' id='word_1_779' title='bbox 2240 3292 2257 3326; x_wconf 81' lang='grc' dir='ltr'>ὁ</span> <span class='ocrx_word' id='word_1_780' title='bbox 2273 3287 2409 3326; x_wconf 80' lang='grc' dir='ltr'>Δεσπό-</span> 
     </span>
    </p>
   </div>
   <div class='ocr_carea' id='block_1_10' title="bbox 1387 3348 2408 3403">
    <p class='ocr_par' dir='ltr' id='par_1_12' title="bbox 1387 3348 2408 3403">
     <span class='ocr_line' id='line_1_114' title="bbox 1387 3348 2408 3403; baseline -0.002 -15"><span class='ocrx_word' id='word_1_781' title='bbox 1387 3368 1469 3398; x_wconf 67' lang='grc' dir='ltr'>της,</span> <span class='ocrx_word' id='word_1_782' title='bbox 1492 3352 1548 3392; x_wconf 76' lang='grc' dir='ltr'>καὶ</span> <span class='ocrx_word' id='word_1_783' title='bbox 1580 3351 1675 3390; x_wconf 62' lang='grc' dir='ltr'>οὐδὲν</span> <span class='ocrx_word' id='word_1_784' title='bbox 1696 3352 1866 3403; x_wconf 77' lang='grc' dir='ltr'>παρέλιπε</span> <span class='ocrx_word' id='word_1_785' title='bbox 1890 3353 1957 3388; x_wconf 83' lang='grc' dir='ltr'>τῶν</span> <span class='ocrx_word' id='word_1_786' title='bbox 1979 3353 2061 3402; x_wconf 80' lang='grc' dir='ltr'>παρ’</span> <span class='ocrx_word' id='word_1_787' title='bbox 2091 3352 2194 3388; x_wconf 60' lang='grc' dir='ltr'>αὐτοῦ</span> <span class='ocrx_word' id='word_1_788' title='bbox 2216 3348 2408 3401; x_wconf 80' lang='grc' dir='ltr'>εἰρημένων</span> 
     </span>
    </p>
   </div>
  </div>
 </body>
</html>
