2516 3791
640 224 700 259 ,ΙΝ
738 223 841 254 ΕΑΡ.
880 225 976 255 xvi.

1013 225 1174 255 GENES.

1214 226 1370 256 nomn„
1411 227 1605 258 xxxvur.
2054 221 2145 277 4²13

98 309 164 362 γὰρ
185 312 208 356 ἡ
224 308 406 362 περιουσία
423 311 484 356 τῆς
498 312 558 348 τοῦ
574 308 708 348 δικαίου
726 311 869 362 ἀρετῆς,
883 312 943 350 καὶ
961 313 1030 350 τῶν
1045 311 1122 350 τού·
1148 315 1172 346 Ε
1198 320 1250 350 est
1273 311 1450 351 virtutum
1470 312 1576 365 justi,
1602 320 1636 350 et
1659 310 1791 350 eximia
1812 321 1895 350 sunt
1928 313 2026 351 illius
2056 314 2148 354 bona

96 385 157 409 του
190 370 470 424 κατορθωμάτων
499 371 539 410 τὸ
566 370 709 422 μέγεθος
734 371 873 410 ἅπασαν
901 372 1122 425 ἀνθρωπίνην

100 437 180 484 νικᾷ
206 433 379 483 γλῶτταν.
402 431 471 471 οΟν
488 431 556 486 γὰρ
583 435 601 470 ὁ
629 433 720 477 Θεὸς
745 433 874 472 ἄνωθεν
903 435 1122 487 ἐστεφάνωσε

96 493 155 530 καὶ
175 493 380 546 ἀνεκήρυξε,
401 493 454 538 τίς
482 493 672 547 ἀνθρώπων
701 497 779 533 κατ’
810 495 909 539 ἀξίαν
938 496 1121 534 ἐπαινέσαι

96 554 304 601 ὃυνήσεται;
331 554 422 594 Ἀλλ’
442 555 560 606 ὅμως,
580 557 610 594 εἰ
634 556 693 595 καὶ
724 559 787 603 τῆς
809 556 907 601 ἀξίας
928 559 1048 609 πολλῷ
1069 559 1120 608 τῷ

94 614 212 668 μέτρῳ
232 616 513 667 ἀπολειπόμεθα,
531 618 608 655 ἀλλ’
630 611 688 655 οὖν
705 633 746 668 γε
765 619 813 661 εἰς
833 617 980 668 δύναμιν
995 617 1120 668 ἡμετέ-

95 690 158 728 ραν
179 676 223 714 τὰ
236 677 314 715 κατ’
329 678 431 717 αὐτὸν
448 680 496 722 εἷς
510 678 614 729 μέσον
630 677 832 732 προθέντες,
852 681 900 722 εἰς
915 680 1016 724 ζῆλον
1030 680 1120 728 ὑμᾶς

92 737 152 775 καὶ
172 737 321 789 μίμησιν
337 742 400 785 τῆς
415 739 538 778 τούτου
568 743 692 792 ἀρετῆς
711 740 892 791 ἐναγαγεῑν
911 739 1118 791 βουλόμεθα.

91 796 210 845 Ἱκανὴ
225 798 294 852 γὰρ
309 803 368 838 τοῦ
385 800 506 852 ἀνδρὸς
524 803 546 847 ἠ
566 799 752 852 φιλοσοφία
772 806 886 838 πᾶσαν
901 802 972 837 τῶν
986 799 1119 852 ἀνθρώ-

90 874 166 896 πων
184 860 371 898 παιδεῧσαι
389 859 453 907 τὴν
476 861 593 913 φύσιν,
615 859 674 898 καὶ
692 859 772 902 τοὺς
786 859 972 914 προσέχειν
992 861 1118 911 βουλο-

88 919 211 969 μένους
228 919 314 973 πρὸς
331 920 395 968 τὴν
413 923 476 967 τῆς
491 923 617 974 ἀρετῆς
634 920 711 959 ὁδὸν
729 920 997 973 ἐφελκύσασθαι.
1011 921 1117 961 Ἀλλὰ

87 979 300 1033 προσέχετε,
322 982 540 1033 παρακαλῶ,
560 987 633 1024 τοῖς
660 980 884 1033 λεγομένοις,
915 981 972 1020 ἵνα
993 982 1053 1020 καὶ
1076 985 1115 1021 ἐκ

85 1043 154 1078 τῶν
174 1041 384 1094 προσφάτως
406 1042 676 1095 ἀνεγνωσμένων
701 1043 963 1095 καταμάθωμεν
982 1049 1043 1082 τοῦ
1064 1046 1115 1083 δι-

85 1101 184 1140 καίου
204 1101 266 1149 τὴν
286 1103 504 1157 φιλοσοφίαν.
526 1104 660 1142 Ἱκανὸν
680 1104 749 1157 γὰρ
779 1109 881 1144 τοῦτο
914 1105 954 1144 τὸ
983 1105 1112 1158 χωρίον
1127 1141 1157 1166 38

1196 387 1318 425 opera,
1336 371 1424 411 adeo
1444 382 1484 411 ut
1508 387 1649 411 omnem
1666 372 1860 411 humanam
1880 374 2039 425 linguam
2061 376 2147 414 vin—

1196 443 1288 472 cant.
1302 434 1418 480 Quem
1433 434 1529 472 enim
1543 436 1640 472 Deus
1654 449 1806 487 superne
1819 435 2002 474 coronavit
2015 445 2047 474 et
2061 437 2148 475 cele-

1196 494 1295 532 brem
1310 495 1406 542 fecit,
1423 495 1503 547 quis
1513 495 1701 534 hominum
1711 495 1819 547 digne
1832 496 1978 535 laudare
1994 498 2149 550 poterit?

1196 556 1370 604 Attamen,
1385 556 1448 594 etsi
1462 557 1566 607 longe
1578 556 1759 595 inferiores
1770 571 1906 604 sumus,
1921 572 2028 608 quain
2039 573 2150 612 expo-

1195 626 1292 654 scant
1320 617 1417 654 illius
1438 619 1577 667 merita,
1602 633 1666 670 pro
1690 619 1819 656 nostris
1840 619 1965 658 saltem
1990 620 2145 670 viribus,

1191 691 1270 728 qua}
1284 677 1329 716 de
1343 678 1406 715 illo
1423 678 1552 730 scripta
1571 688 1653 716 sunt
1669 680 1703 717 iu
1718 680 1874 719 medium
1886 683 2086 731 asserentes,
2101 682 2148 721 ad

1193 740 1437 778 aemulandmn
1452 748 1485 778 ct
1500 740 1715 779 imitandum
1728 743 1897 781 virtutem
1910 745 2007 782 illius
2024 759 2085 783 vos
2099 745 2148 783 in-

1191 799 1322 838 ducere
1332 801 1507 852 cupimus.
1520 801 1662 839 Sufficit
1674 802 1769 839 enim
1783 802 1890 854 hujus
1904 805 1973 841 viri
1989 805 2145 856 philoso-

1192 860 1276 913 phia
1289 860 1334 898 ad
1345 875 1449 900 omne
1462 861 1649 900 hominum
1664 875 1774 913 genus
1786 863 2035 914 erudiendum,
2051 876 2083 903 ct
2100 867 2146 904 ad

1189 921 1399 960 alliciendos
1410 937 1468 961 cos
1479 922 1540 973 qui
1552 922 1966 974 diligenterauscultant,
1978 935 2015 962 ut
2027 926 2146 965 incant

1190 981 1334 1021 virtutis
1347 982 1455 1021 viam.
1472 982 1650 1020 Caeterum
1666 982 1811 1021 obsecro
1825 992 1862 1021 ut
1877 984 2069 1022 attendatis
2088 986 2144 1024 his

1188 1058 1267 1094 quae
1287 1043 1469 1093 dicuntur,
1493 1058 1564 1096 quo
1583 1043 1689 1083 liceat
1718 1044 1825 1082 etiam
1845 1059 1889 1083 ex
1912 1059 2025 1098 nuper
2043 1047 2144 1085 lectis

1160 1141 1175 1166 3
1183 1105 1271 1156 justi
1286 1105 1552 1159 philosophiam
1566 1106 1764 1145 addiscere.
1774 1108 1892 1145 Potest
1906 1107 2001 1144 enim
2018 1108 2074 1146 hic
2089 1109 2142 1146 lo-

85 1165 272 1202 παιόεῧσαι
288 1165 347 1203 καὶ
362 1166 489 1219 ἄνδρας
504 1166 563 1205 καὶ
577 1172 762 1219 γυναῖκας,
777 1166 868 1206 ὥστε
882 1166 1017 1214 πολλὴν
1031 1167 1112 1220 περὶ
1139 1179 1163 1208 Λ
1187 1181 1250 1205 cus
1276 1165 1403 1206 docere
1425 1176 1459 1205 et
1473 1167 1572 1206 viros
1591 1176 1625 1206 et
1644 1167 1824 1217 mulieres,
1844 1176 1883 1205 ut
1902 1182 2029 1220 magna
2050 1169 2142 1208 inter

84 1225 257 1272 ἀλλήλους
277 1227 537 1267 ἐπιδείκνυσθαι
559 1227 623 1275 τὴν
644 1228 822 1279 ὁμόνοιαν,
842 1229 903 1267 καὶ
921 1232 984 1276 τῆς
1005 1231 1112 1273 συζυ-

82 1287 159 1339 γίας
187 1288 247 1327 τὸν
266 1288 457 1340 σύνδεσμον
480 1292 616 1343 ἀρραγῆ
646 1291 910 1343 διαφυλάττειν·
931 1290 991 1329 καὶ
1023 1291 1112 1341 μήτε

81 1349 139 1387 τὸν
165 1349 274 1402 ἄνδρα
307 1354 370 1397 τῆς
388 1352 550 1403 γυναικὸς
583 1351 918 1399 κατεξανίστασθαι,
957 1354 1035 1390 ἀλλ’
1064 1355 1111 1396 ὡς

79 1415 93 1431 ·”
106 1411 341 1465 ἀσθενεστέρῳ
367 1410 482 1450 σκεύει
501 1411 635 1458 πολλὴν
655 1412 843 1464 ἀπονέμειν
860 1412 924 1460 τὴν
955 1413 1111 1465 συγγνώ-

80 1487 149 1522 μην
162 1487 170 1496 ·
192 1472 280 1522 μήτε
300 1472 363 1520 τὴν
386 1479 535 1524 γυναῖκα
557 1473 643 1525 πρὸς
660 1473 719 1512 τὸν
740 1474 849 1528 ἄνδρα
872 1475 1108 1526 διχοστατείν,

79 1533 156 1571 ἀλλ’
175 1534 336 1581 ἀλλήλων
365 1533 410 1572 τὰ
429 1534 520 1587 βάρη
555 1535 740 1586 βαστάζειν
768 1535 947 1588 ἑκατέροις
967 1537 1107 1588 διαμιλ-

77 1596 223 1643 λᾶσθαι,
260 1595 321 1633 καὶ
353 1595 416 1643 τὴν
452 1595 582 1635 οἰκείαν
611 1597 750 1650 εἰρήνην
778 1596 919 1635 πάντων
942 1601 1105 1649 ἡγεῖσθαι

77 1656 344 1709 προτιμοτέραν.
361 1657 564 1710 Ἀναγκαῖον
587 1658 623 1696 δὲ
646 1659 706 1697 καὶ
732 1661 844 1698 αὐτῶν
864 1661 1010 1698 ἀκοῦσαι
1034 1663 1104 1698 τῶν

78 1718 259 1769 ῥημάτων,
287 1717 344 1757 ἵνα
367 1719 564 1772 σαφεστέρα
587 1721 668 1771 ὑμῖν
684 1719 829 1772 γένηται
844 1725 866 1768 ἡ
882 1721 1103 1761 διδασκαλία.

75 1780 176 1832 Σάρα
197 1780 254 1827 δὲ,
280 1781 399 1833 φησὶν,
419 1785 442 1829 ἡ
466 1781 552 1833 γυνὴ
576 1781 738 1836 Ἄδραμ,
756 1784 818 1821 οὐκ
835 1782 968 1821 ἔτικτεν
989 1786 1082 1836 αὐτῷ
1095 1800 1103 1809 ·

73 1835 116 1888 ἦν
137 1841 172 1879 δὲ
193 1843 281 1894 αὐτῇ
299 1842 469 1890 παιδίσκη
485 1843 663 1894 Αἰγυπτία
675 1874 684 1891 ,
705 1838 729 1894 ᾗ
751 1843 860 1893 ὄνομα
876 1844 994 1897 Ἅγαρ.
1011 1845 1102 1884 Σκό-

73 1919 132 1941 πει
153 1919 212 1954 μοι
228 1905 396 1951 ἐντεῦθεν,
414 1903 576 1956 ἀγαπητὲ
589 1935 598 1952 ,
616 1909 676 1943 τοῦ
692 1906 785 1943 Θεοῦ
801 1904 864 1951 τὴν
884 1906 1014 1958 ἄφατον
1035 1923 1102 1957 μα-

73 1964 280 2016 κροθυμίαν,
311 1965 371 2003 καὶ
401 1968 461 2004 τοῦ
483 1965 618 2004 δικαίου
640 1965 704 2012 τὴν
726 1966 1015 2018 ὖπερὸάλλουσαν
1044 1968 1100 2007 πί-

74 2042 150 2065 στιν
176 2026 236 2064 καὶ
264 2025 327 2074 τὴν
346 2026 628 2078 εὐγνωμοσύνην,
647 2028 690 2075 ἣν
708 2028 789 2080 περὶ
804 2028 866 2073 τὰς
888 2029 1101 2080 ἐπαγγελίας

70 2087 291 2125 ἐπεδείκνυτο
319 2087 382 2132 τὰς
407 2090 453 2131 εἷς
475 2089 578 2127 αὐτὸν
603 2088 848 2140 γεγενημένας.
877 2091 1101 2135 Τοσαυτάκις

71 2148 138 2200 γὰρ
165 2148 407 2201 ὑποσχομένου
426 2152 486 2188 τοῦ
509 2151 602 2188 Θεοῦ
617 2179 626 2197 ,
648 2149 700 2188 δ’τι
719 2153 769 2203 τῷ
789 2150 967 2204 σπέρματι
994 2153 1100 2192 αὐτοῦ

70 2208 176 2248 δώσει
190 2209 253 2256 τὴν
272 2213 350 2262 γ’ῆν,
366 2211 426 2248 καὶ
443 2209 496 2248 ὅτι
512 2213 561 2254 εἷς
575 2216 736 2250 τοσοῦτον
755 2213 888 2259 πλῆθος
907 2215 1098 2262 ἐκταθήσε-

68 2286 146 2315 ται,
166 2274 214 2314 ὡς
224 2273 274 2323 τῷ
290 2274 359 2309 τῶν
375 2271 512 2325 ἄστρων
526 2272 651 2319 πλήθει
663 2276 926 2325 παρισωθῆναι,
939 2277 1029 2328 ὁρῶν
1044 2279 1100 2315 οὐ·

68 2332 124 2370 δὲν
156 2334 224 2370 τῶν
245 2333 528 2384 ἐπαγγελθέντων
549 2335 596 2377 εἷς
625 2334 724 2387 ἔργον
755 2334 928 2384 ἐκὸαῖνον,
949 2338 1026 2375 ἀλλ’
1045 2337 1097 2376 ἔτι

68 2393 174 2447 μέχρι
207 2394 319 2445 λόγων
346 2393 391 2432 τὰ
425 2397 493 2433 τῶν
521 2395 743 2447 ὑποσχέσεων
762 2397 1002 2449 τυγχάνοντα,
1033 2400 1096 2438 οὐκ

66 2454 276 2506 ἐταράττετο
294 2455 352 2493 τὸν
372 2455 553 2506 λογισμὸν,
575 2458 637 2494 οὐκ
654 2456 839 2496 ἐσαλεύετο
857 2457 920 2505 τὴν
937 2458 1095 2511 γνώμην,

67 2517 143 2554 ἀλλ’
157 2517 273 2568 ἔμενεν
294 2517 455 2565 ἀκλινὴς,
479 2517 651 2556 πιστεύων
674 2521 716 2570 τῇ
741 2518 886 2570 δυνάμει
905 2524 964 2558 τοῦ
979 2522 1094 2574 ἐπαγ-

65 2578 285 2630 γειλαμένου.
313 2578 382 2617 Διὰ
414 2577 481 2630 γὰρ
505 2584 606 2618 τοῖῐτο
629 2579 689 2617 καὶ
719 2583 778 2617 ν’ὗν
803 2581 1090 2631 ἐπεσημήνατοὴ

66 2638 140 2677 θεία
158 2639 283 2693 Γραφὴ
305 2639 455 2692 λέγουσα
470 2655 478 2663 ·
499 2639 600 2692 Σάρα
616 2639 672 2687 δὲ,
693 2644 715 2688 ἡ
743 2641 828 2692 γυνὴ
850 2641 1010 2695 Ἄὲραμ,
1031 2647 1093 2684 οὐκ

64 2700 196 2739 ἔτικτεν
216 2702 327 2752 αὐτῷ·
345 2701 530 2753 μονονουχὶ
559 2705 660 2739 τοῦτο
681 2704 766 2752 ἡμῖν
786 2702 1022 2755 ἐμφαίνουσα,
1039 2706 1092 2745 ὅτι

65 2761 155 2813 μετὰ
168 2766 279 2800 ταῦτα
298 2763 437 2801 ἅπαντα
450 2791 460 2810 ,
480 2762 570 2813 μετὰ
589 2762 651 2806 τὰς
666 2763 839 2810 συνθήκας
854 2765 916 2808 τὰς
933 2767 1019 2819 πρὸς
1031 2770 1092 2807 αὖ-

62 2823 120 2862 τὸν
149 2823 404 2875 γεγενημένας,
426 2823 516 2875 μετὰ
544 2823 583 2861 τὸ
613 2823 830 2877 ὑποσχέσθαι
852 2827 1089 2880 ἀναρίθμητον

61 2885 97 2931 ἐξ
118 2888 222 2924 αὐτοῦ
243 2885 450 2936 γενήσεσθαι
465 2887 616 2933 πλῆθος,
645 2887 708 2925 οὐκ
726 2886 915 2939 ἤσχαλλεν,
935 2891 998 2929 οὔκ
1014 2894 1090 2931 ἐνε-

62 2947 207 2996 δοίαζεν,
235 2950 324 2999 ὁρῶν
356 2946 452 2986 οὐδὲν
471 2949 541 2985 τῶν
562 2947 754 2999 εἰρημένων
776 2949 824 2992 εἷς
843 2949 941 3002 ἔργον
962 2953 1088 2992 ἐκὸαῖ-

59 3024 129 3056 νον,
149 3008 240 3048 ἀλλὰ
259 3007 375 3046 πάντα
395 3007 439 3046 τὰ
475 3008 627 3046 ἐναντία.
660 3008 729 3047 Διὰ
762 3009 864 3048 τοῦτό
897 3027 982 3064 φησι
1012 3016 1088 3066 μετ’

60 3072 175 3109 ἐκεῖνα
193 3069 331 3108 ἅπαντα
343 3099 352 3117 ,
378 3069 479 3122 Σάρα
497 3068 531 3108 δὲ
544 3100 553 3116 ,
573 3073 594 3116 ἡ
612 3069 698 3121 γυνὴ
722 3071 826 3109 αὐτοῦ
837 3101 847 3119 ,
875 3075 936 3111 οὐκ
953 3074 1087 3114 ἔτικτεν

61 3133 172 3183 αὐτῷ·
199 3130 255 3168 ἵνα
276 3130 389 3181 μάθῃς
404 3130 457 3170 ὅτι
487 3130 583 3170 οὐδὲν
616 3132 712 3185 αὐτῷ
731 3132 836 3171 πλέον
855 3133 975 3186 γέγονε
997 3138 1087 3188 μετὰ

59 3192 121 3238 τὰς
150 3191 321 3236 τοσαύτας
340 3189 598 3245 ι’ὑποσχέσεις,
627 3192 742 3232 καίτοι
760 3193 819 3232 καὶ
850 3197 872 3241 ἡ
905 3197 1087 3251 στείρωσις

1184 1242 1221 1267 se
1231 1228 1419 1267 concordia
1437 1229 1577 1278 vivant,
1598 1238 1632 1267 ct
1648 1229 1806 1282 conjugii
1827 1230 2013 1268 vinculum
2028 1231 2142 1270 indis-

1184 1289 1341 1328 solutum
1356 1299 1497 1328 servent
1517 1306 1524 1327 :
1547 1299 1581 1328 et
1595 1304 1708 1341 neque
1724 1291 1780 1329 vir
1795 1291 1956 1342 insurgat
1969 1292 2141 1332 adversus

1183 1350 1385 1399 mulierem,
1401 1350 1462 1389 sed
1477 1360 1516 1389 ut
1527 1351 1603 1389 vasi
1617 1351 1808 1389 infirmiori
1824 1352 1995 1404 majorem
2013 1353 2140 1393 illive-

1182 1411 1279 1450 niam
1299 1411 1452 1461 tribuat3
1470 1426 1582 1463 neque
1593 1412 1724 1450 mulier
1739 1412 1820 1451 viro
1835 1427 1872 1451 se
1887 1424 2058 1466 opponat,
2075 1426 2138 1454 aut

1181 1472 1228 1510 ab
1250 1487 1290 1512 eo
1323 1472 1507 1521 dissideat,
1530 1473 1592 1511 sed
1615 1483 1653 1511 ut
1682 1473 1843 1512 vicissim
1872 1474 1962 1513 alter
1991 1477 2138 1515 alterius

1181 1548 1286 1573 onera
1301 1535 1392 1574 ferre
1406 1544 1550 1583 certent,
1566 1535 1868 1587 domesticamque
1881 1551 2005 1589 pacem
2023 1540 2138 1577 omni-

1178 1595 1246 1634 bus
1272 1596 1376 1635 bonis
1402 1597 1601 1650 praeferant.
1621 1597 1668 1634 At
1698 1610 1814 1648 operae
1843 1597 1999 1650 pretium
2030 1600 2138 1638 fuerit

1179 1657 1306 1696 audire
1319 1658 1428 1696 verba
1446 1658 1537 1710 ipsa,
1557 1667 1596 1695 ut
1611 1657 1674 1695 fiat
1690 1658 1792 1696 nobis
1807 1657 1968 1697 doctrina
1986 1660 2135 1698 manife-

1177 1718 1276 1757 stior.
1301 1721 1336 1758 1.
1358 1720 1458 1758 Sara
1473 1727 1618 1765 autem,
1642 1719 1772 1769 inquit,
1801 1733 1902 1757 utor
1913 1720 2034 1759 Abroe
2056 1736 2133 1760 non
2153 1735 2229 1774 Cap.
2248 1737 2293 1766 16.

1175 1783 1323 1833 peperit
1334 1784 1369 1819 ei
1390 1797 1401 1817 .-
1421 1789 1600 1819 coeterum
1621 1781 1792 1818 habehat
1804 1782 1995 1819 ancillam
2010 1784 2133 1836 ,Egy-

1175 1845 1315 1894 ptiam,
1335 1845 1397 1880 cui
1411 1856 1550 1879 nomen
1568 1841 1694 1893 Agar.
1713 1841 1920 1891 Considera,
1938 1844 2132 1893 carissime,

1177 1903 1334 1942 hocloco
1351 1902 1567 1941 ineffabilem
1587 1902 1653 1940 Dei
1670 1902 1895 1941 tolerantiam
1914 1913 1946 1942 et
1960 1905 2131 1945 eximiam

1176 1963 1284 2002 fidem
1302 1973 1517 2016 gratumque
1537 1962 1698 2000 animum
1717 1963 1819 2015 justi,
1833 1979 1938 2015 quem
1954 1965 2048 2004 datis
2062 1967 2132 2005 sibi

1175 2026 1473 2078 promissionibus
1485 2025 1694 2063 declaravit.
1713 2026 1804 2063 Cum
1821 2026 1914 2064 enim
1927 2028 2030 2066 toties
2048 2043 2131 2081 pro-

1175 2087 1329 2125 misisset
1348 2088 1445 2125 Deus
1462 2101 1498 2125 se
1512 2086 1683 2124 daturum
1697 2086 1822 2124 semini
1844 2088 1920 2139 ejus
1937 2097 2082 2137 terram,
2098 2099 2132 2128 et

1174 2146 1210 2185 in
1228 2157 1327 2186 tanto
1346 2147 1672 2200 multiplicaturum
1688 2158 1892 2197 numero,ut
1906 2150 2131 2189 multitudini

1174 2209 1358 2247 stellarum
1377 2209 1646 2260 adaequaretur:
1668 2208 1797 2247 videns
1820 2209 1957 2248 nullam
1976 2212 2130 2264 prornis-

1174 2271 1308 2310 sionem
1326 2285 1432 2324 opere
1451 2269 1608 2322 impleri,
1639 2284 1744 2322 seque
1770 2285 1814 2309 ex
1833 2273 2130 2324 promissionibus

1172 2332 1264 2370 nihil
1281 2341 1522 2385 praeterquam
1540 2331 1651 2369 verba
1675 2332 1847 2384 accipere,
1868 2347 1936 2371 non
1957 2335 2127 2373 turbaba-

1170 2401 1229 2431 tur
1246 2393 1394 2443 ratione,
1413 2407 1482 2431 non
1500 2393 1792 2431 commovebatur
1805 2403 1933 2441 mente,
1948 2395 2010 2432 sed
2029 2409 2127 2434 man-

1169 2453 1215 2492 sit
1227 2454 1397 2492 immotus
1412 2463 1445 2492 et
1460 2454 1628 2501 inflexus,
1641 2453 1787 2491 credens
1801 2455 1964 2507 potentiae
1975 2457 2126 2508 promit-

1168 2515 1288 2553 tentis.
1306 2515 1354 2553 Et
1381 2514 1516 2553 idcireo
1532 2515 1637 2552 etiam
1666 2514 1724 2552 hic,
1744 2514 1782 2552 id
1797 2515 2013 2567 significavit
2028 2518 2125 2556 Scri-

1167 2586 1272 2630 ptura
1290 2576 1416 2615 divina
1433 2576 1554 2614 dicens
1574 2592 1581 2612 :
1599 2576 1698 2614 Sara
1716 2585 1859 2623 autem,
1875 2579 2118 2626 11.z'0rAh7·oe‚

1168 2653 1246 2676 non
1258 2641 1406 2690 peperit
1422 2640 1476 2683 ei,
1502 2636 1603 2688 quasi
1618 2636 1685 2674 hoc
1702 2636 1803 2674 nobis
1819 2636 2002 2677 declarans
2016 2655 2022 2675 :
2038 2640 2121 2678 Post

1166 2699 1243 2738 haec
1259 2699 1392 2747 omnia,
1405 2707 1484 2750 post
1500 2706 1601 2750 pacta
1614 2711 1695 2735 cum
1711 2711 1751 2734 eo
1767 2697 1866 2746 inita,
1884 2708 1963 2750 post
1974 2700 2118 2751 pollici-

1164 2761 1332 2799 tationem
1345 2759 1538 2798 innumerae
1553 2757 1796 2796 multitudinis
1811 2773 1854 2798 ex
1869 2774 1908 2797 co
1925 2775 2118 2810 procrean-

1164 2822 1218 2861 dae
1236 2822 1326 2861 nihil
1342 2820 1538 2859 fluctuabat
1549 2833 1683 2867 secum,
1697 2819 1822 2858 videns
1834 2821 1922 2859 nihil
1938 2822 2119 2864 dictorum

1164 2882 1435 2937 opereimpleri,
1452 2880 1512 2919 sed
1525 2881 1642 2918 omnia
1659 2884 1835 2919 contrario
1846 2882 1952 2921 modo
1968 2899 2041 2923 sese
2055 2886 2119 2942 ha-

1161 2947 1255 2985 bere.
1271 2948 1461 2997 Propterea
1478 2943 1566 2981 dicit
1581 2952 1659 2995 post
1673 2943 1733 2981 illa
1744 2943 1875 2991 omnia,
1887 2945 2000 2993 Sara,
2019 2962 2120 2986 uxor

1160 3011 1258 3060 ejus,
1285 3020 1363 3044 non
1379 3007 1524 3057 peperit
1545 3006 1580 3042 ei
1598 3019 1609 3040 .·
1630 3013 1669 3042 ut
1687 3003 1803 3042 discas
1822 3004 1913 3043 nihil
1928 3006 1982 3045 illi
1999 3022 2116 3047 acces-

1162 3069 1246 3107 sisse
1277 3076 1357 3120 post
1387 3075 1502 3104 tantas
1531 3064 1796 3117 promissiones,
1816 3066 1882 3104 etsi
1900 3067 1998 3118 quod
2027 3070 2116 3107 Sara

1161 3129 1293 3167 sterilis
1320 3137 1354 3166 et
1384 3137 1484 3165 utero
1513 3135 1674 3164 emortuo
1700 3135 1802 3176 esset,
1826 3127 1861 3165 in
1887 3138 2002 3168 mente
2025 3131 2116 3182 justi

1162 3197 1313 3236 multam
1328 3194 1588 3233 haesitationem
1606 3192 1811 3245 ingenerare
1829 3204 1956 3246 posset.
1976 3198 2115 3238 Verum

101 3322 115 3336 a
143 3308 343 3351 ,hang-0255„
369 3316 481 3352 σκεύει,
500 3311 577 3345 rasi
602 3315 635 3357 iq
654 3315 788 3345 Μηίων-ι’.
806 3314 862 3346 5ἰο
887 3321 921 3347 et
946 3315 980 3347 in
1002 3315 1064 3347 Re-
1099 3323 1210 3348 menta
1226 3315 1448 3358 appellantur.

58 3362 132 3404 gula
163 3363 332 3395 Pachumii
362 3363 513 3397 mulieres
555 3377 637 3396 vasa
677 3365 860 3409 irgfit-trtiom
890 3375 1063 3399 vocantur.

61 3414 155 3458 Apud
178 3417 307 3448 Lixium
335 3425 444 3449 autem
485 3425 684 3460 caeterosque
721 3417 898 3451 historicos
931 3420 1066 3462 impe-‹lc-

1145 3369 1160 3392 h
1184 3367 1285 3401 Savil.
1304 3376 1334 3400 et
1360 3380 1413 3400 sex
1431 3368 1506 3400 Mss-
1523 3370 1706 3412 ὑποσχέσεις,
1725 3373 1791 3403 ⁷:22*
1817 3375 1858 3404 ἔτι
1884 3379 1931 3404 καὶ
1957 3375 1970 3408 ἰ,
1994 3385 2113 3414 πτολ-,νμ-

1106 3427 1331 3465 τςτῑςῑὰρνμ
