2516 3791
679 218 738 249 1)ss
774 218 946 248 Davum
981 218 1037 249 ET
1071 217 1215 249 SAULE
1249 218 1436 250 110M1L1A
1471 219 1537 249 ΙΙΙ.

83 306 168 360 πρὸς
184 305 356 353 ἀλλήλους
374 302 532 356 ἔχοντες,
559 301 618 341 καὶ
641 305 758 354 φωνῆς
777 301 904 355 ἑτέρως
925 301 1108 353 ἀκούομεν,

83 368 142 407 καὶ
160 368 238 420 ὄψιν
262 365 351 418 μετὰ
370 363 623 417 διεφθαρμένης
643 364 816 416 βλέπομεν
835 362 995 415 γνώμης·
1015 365 1109 402 ἐπει-

83 429 144 467 δὰν
167 430 196 466 δ’
215 425 428 478 ἀποθώμεθα
453 425 516 472 τὴν
544 425 664 478 ὀργὴν,
679 429 702 473 ἡ
724 425 794 479 πρὸ
812 425 935 464 τούτου
954 423 1108 475 πολεμία

83 489 142 528 καὶ
158 488 267 542 ἐχθρὰ
283 488 402 542 φωνὴ,
418 487 598 540 προσηνὴς
612 487 672 526 καὶ
686 487 813 535 ἡδίστη
834 489 919 538 ἡμῖν
936 486 1108 538 φαίνεται,

83 552 142 592 καὶ
160 556 182 599 ἡ
202 550 355 602 πολεμία
373 550 450 603 ὄψις
466 550 526 588 καὶ
544 549 654 598 ἀηδὴς
666 581 676 598 ,
692 548 834 596 ποθεινὴ
853 549 912 587 καὶ
935 547 1109 601 ἐπίχαρις.

135 1059 249 1096 Τοῦτο
262 1054 395 1108 γίνεται
405 1053 465 1093 καὶ
479 1053 537 1092 ἐπὶ
550 1058 609 1093 τοῦ
623 1056 807 1106 χειμῶνος.
818 1054 898 1093 Οὐκ
913 1053 1037 1106 ἀφίησι
1052 1059 1112 1094 τοῦ

82 1120 226 1172 οὐρανοῦ
245 1117 284 1156 τὸ
303 1116 430 1160 κάλλος
449 1120 471 1163 ἡ
490 1117 559 1154 τῶν
579 1119 690 1167 νεφῶν
711 1115 895 1168 φαίνεσθαι
912 1116 1088 1170 συνδρομή
1105 1132 1112 1140 ·

83 1179 175 1219 ἀλλὰ
198 1179 263 1218 κᾶν
287 1178 452 1231 μυριάκις
478 1177 659 1232 ὀξυδερκὲς
686 1177 824 1230 ἔχωμεν
849 1178 890 1217 τὸ
907 1177 1027 1230 ὄμμα,
1050 1180 1113 1218 οὐκ

81 1241 247 1294 ἷσχύομεν
271 1241 519 1279 ἀντιλαὸέσθαι
543 1244 606 1287 τῆς
632 1240 704 1278 ἄνω
724 1239 964 1294 φαιδρότητος.
985 1240 1112 1280 Ἐπει-

82 1303 143 1342 δὰν
167 1304 195 1341 δ’
216 1305 237 1349 ἡ
252 1304 314 1349 τ’ἧς
334 1304 471 1346 ἀκτῖνος
487 1301 658 1356 θερμότης
674 1301 926 1355 ἐνδιατρίψασα
940 1302 999 1341 καὶ
1019 1302 1113 1356 διαρ-

84 1364 218 1418 ῥήξασα
243 1364 282 1402 τὸ
310 1363 430 1416 νέφος,
447 1362 540 1415 δείξῃ
561 1363 620 1401 τὸν
642 1363 754 1411 ἥλιον,
783 1362 935 1402 δείκνυσι
960 1362 1020 1402 καὶ
1050 1363 1113 1411 τὴν

80 1431 141 1465 τοῦ
165 1427 309 1478 οὐρανοῦ
333 1425 439 1463 πάλιν
464 1427 688 1476 εὐπρέπειαν.
704 1424 811 1463 Οὕτω
841 1425 900 1463 καὶ
926 1426 978 1478 ἐφ’
1010 1428 1113 1476 ἡμῶν

81 1487 312 1542 ὀργιζομένων
339 1486 494 1538 γίνεται·
529 1486 589 1524 καὶ
622 1486 782 1540 καθάπερ
805 1486 904 1540 νέφος
929 1503 1113 1526 πεπυκνω-

84 1549 185 1601 μένον
206 1548 275 1602 πρὸ
289 1551 358 1586 τῶν
378 1548 568 1600 ὀφθαλμῶν
586 1547 646 1586 καὶ
665 1547 733 1600 πρὸ
752 1552 821 1587 τῶν
839 1551 952 1587 ἀκοῶν
976 1550 1114 1588 ἑστῶσα

82 1614 104 1658 ἡ
129 1610 259 1663 ἔχθρα,
281 1609 399 1662 ἑτέρας
427 1608 488 1647 καὶ
514 1609 577 1653 τὰς
596 1609 713 1661 φωνὰς
738 1609 880 1654 καὶτὰς
908 1610 1004 1663 ὄψεις
1023 1617 1115 1649 ποιεῖ

85 1671 279 1724 φαίνεσθαι.
304 1669 474 1708 Ἐπειδὰν
497 1669 534 1709 δὲ
553 1670 793 1723 φιλοσοφήσας
815 1687 868 1716 τις
893 1670 957 1718 τὴν
986 1670 1114 1724 ἔχθραν

83 1733 260 1780 ἀπόθηται
292 1733 351 1771 καὶ
385 1732 553 1787 διαρρήξῃ
588 1736 651 1780 τῆς
681 1732 793 1782 λύπης
823 1734 862 1772 τὸ
889 1733 1006 1787 νέφος,
1035 1734 1115 1774 τότε

85 1795 268 1847 ἀδεκάστῳ
286 1795 446 1847 λογισμῶ
467 1811 527 1832 και
546 1794 669 1846 οψεται
690 1794 825 1844 πάντα,
840 1811 900 1834 και
916 1795 1114 1835 ἀκούσεται·

84 1856 170 1910 ὅπερ
189 1860 246 1894 οὖν
270 1857 331 1895 καὶ
350 1860 368 1895 ὁ
387 1855 504 1895 Σαουλ
523 1859 620 1901 οὗτος
641 1856 780 1896 ἔπαθεν.
807 1857 955 1905 Ἐπειδὴ
987 1858 1054 1933 γὰρ
1077 1876 1118 1899 το

84 1919 183 1972 νέφος
203 1918 369 1971 διεῤῥᾶγη
384 1921 447 1965 τῆς
463 1919 632 1973 ἔχθρας,’
617 1919 752 1972 επέγνω
765 1935 826 1958 του
842 1920 954 1958 Δαυὶδ
967 1921 1030 1969 τὴν
1046 1930 1166 1975 (pto-C

85 1979 161 2029 νὴν,
173 1980 234 2019 καί
246 1997 365 2033 φησιν,
380 1979 425 2019 Ἥ
440 1981 536 2034 φωνή
550 1996 611 2020 σου
628 1980 730 2030 αὕτη,
745 1980 864 2020 τέκνον
879 1982 990 2021 Δαυίδ
999 2000 1009 2032 3
1025 1982 1120 2023 Ποία

87 2040 203 2089 Αὕτη;
227 2041 273 2080 ‘H
300 2042 357 2080 τὸν
384 2042 514 2082 Γολιὰθ
539 2048 819 2096 κατενεγκοῦσα,
837 2043 897 2082 καὶ
925 2043 988 2092 τὴν
1016 2044 1117 2084 πόλιν

86 2104 314 2158 ἐξαρπάσασα
333 2107 402 2143 τῶν
419 2104 597 2155 κινδύνων,
619 2105 679 2143 καὶ
698 2105 778 2160 περὶ
795 2105 949 2151 δουλείας
962 2107 1022 2145 καὶ
1038 2107 1118 2160 περὶ

85 2165 232 2205 θανάτου
252 2167 513 2210 κινδυνεύοντας
539 2167 697 2212 ἅπαντας
719 2168 780 2207 καὶ
808 2168 895 2223 πρὸς
925 2169 1118 2222 ἀσφάλειαν

84 2227 146 2266 καὶ
167 2227 252 2281 πρὸς
268 2228 463 2281 ἐλευθερίαν
481 2229 705 2281 ἐπανάγουσα
730 2230 849 2278 πάλιν,
865 2235 886 2278 ἡ
907 2231 970 2279 τὴν
988 2231 1118 2271 ἐκείνου

85 2290 370 2330 καταστέλλουσα
385 2290 527 2342 μανίαν,
542 2291 657 2330 πολλὰ
673 2291 733 2330 καὶ
749 2292 886 2344 μεγάλα
897 2293 999 2332 αὐτὸν
1016 2295 1119 2345 ἐργα-

86 2353 220 2403 σαμένη
238 2353 343 2392 καλά.
362 2352 458 2400 Αὕτη
475 2352 542 2408 γὰρ
559 2357 581 2401 ἡ
600 2352 696 2406 φωνὴ
715 2354 774 2393 τὸν
790 2353 968 2408 βοίρὸαρον
987 2355 1116 2393 ἐκεῖνον

85 2414 297 2465 κατήνεγκε·
319 2414 388 2466 πρὸ
415 2414 484 2468 γὰρ
508 2419 568 2453 τοῦ
595 2415 692 2454 λίθου
708 2447 718 2465 ,
746 2419 769 2463 ἡ
794 2419 858 2463 τῆς
889 2419 995 2469 εὐχῆς
1015 2416 1118 2456 δύνα-

88 2490 145 2524 μις
173 2475 273 2513 αὐτὸν
305 2474 530 2527 ἐχειρώσατο.
551 2477 605 2514 Οὐ
626 2476 693 2529 γὰρ
714 2477 834 2522 ἁπλῶς
855 2477 913 2516 τὸν
937 2478 1032 2516 λίθον
1055 2478 1116 2531 ἕῤ-

87 2538 197 2588 ῥιψεν,
219 2535 308 2574 ἀλλὰ
327 2536 494 2589 πρότερον
510 2536 631 2586 εἰπὼν,
650 2537 701 2576 Σὺ
721 2537 807 2591 ἔρχῃ
825 2537 911 2590 πρός
933 2555 977 2591 με
996 2542 1030 2578 ἐν
1047 2546 1117 2585 τοῖς

86 2599 173 2640 θεοῖς
201 2613 260 2635 σου
275 2613 282 2620 ·
303 2596 372 2649 ἐγὼ
388 2597 424 2637 δὲ
444 2597 594 2651 ἔρχομαι
615 2598 702 2652 πρὸς
723 2598 761 2638 σὲ
776 2601 812 2637 ἐν
827 2599 972 2651 ὀνόματι
989 2602 1117 2654 Κυρίου

86 2657 259 2703 Euenum,
284 2658 320 2696 ὃν
349 2659 530 2704 ὠνείδισας
560 2659 726 2714 σήμερον,
759 2660 866 2706 οὕτως
895 2664 1020 2714 ἀφῆκε.
1044 2664 1116 2702 Καὶ

86 2717 172 2765 αὕτη
203 2719 261 2757 τὸν
290 2719 385 2758 λίθον
421 2720 702 2773 ἐχειραγώγησεν
725 2725 747 2769 ἡ
771 2722 893 2774 φωνὴ,
928 2722 1018 2770 αὕτη
1051 2724 1114 2772 τὴν

85 2778 237 2830 ἀγωνίαν
258 2780 398 2819 ἐνέὸαλε
425 2784 475 2834 τῷ
503 2782 693 2836 βαρὸοίρῳ,
721 2782 810 2831 αὕτη
829 2783 869 2822 τὸ
886 2783 1011 2836 θράσος
1043 2785 1116 2830 ἐξέ-

85 2841 171 2892 κοψε
192 2845 252 2878 τοῦ
271 2841 454 2892 πολεμίου.
475 2843 544 2881 Καὶ
563 2843 599 2881 τί
626 2843 831 2895 θαυμάζεις,
860 2847 889 2883 εἰ
920 2845 1026 2896 θυμὸν
1047 2863 1115 2885 κα-

84 2900 267 2940 ταστέλλει
309 2902 406 2954 φωνὴ
439 2903 592 2953 δικαίου,
619 2905 680 2943 καὶ
709 2906 898 2957 πολεμίους
935 2911 1117 2961 καθαιρεῖ,

84 2962 170 3002 ὅπου
199 2979 238 3015 γε
268 2963 327 3001 καὶ
355 2963 523 3015 δαίμονας
544 2965 748 3015 ἀπελαύνει,
769 2968 1003 3021 Ἐφθέγγοντο
1034 2974 1116 3021 γοῦν

85 3023 184 3073 μόνοι
202 3026 233 3062 οἱ
256 3023 465 3071 ἀπόστολοι,
489 3025 548 3062 καὶ
572 3031 683 3064 πᾶσαι
713 3028 940 3080 ἐδραπέτευον
964 3032 999 3068 αἱ
1021 3032 1116 3068 ἀντι-

84 3084 242 3135 κείμεναι
262 3086 391 3134 δυναιιε
397 3102 436 3130 ις.
458 3085 503 3125 Ἡ
533 3086 630 3138 φωνὴ
650 3089 718 3125 τῶν
742 3088 849 3140 ἁγίων
870 3090 930 3128 καὶ
951 3090 995 3129 τὰ
1024 3107 1115 3130 στοι-

82 3152 163 3198 χεία
176 3147 379 3190 πολλακις
362 3163 505 3195 εστησε,
535 3148 594 3186 καὶ
614 3148 674 3191 τὰς
695 3150 865 3201 ἐνεργείας
881 3153 992 3190 αὐτῶν
1011 3169 1075 3203 μετ
1079 3153 1113 3192 ε’-

84 3205 202 3245 Εαλεν.
225 3201 313 3246 Ιίπε
339 3211 420 3259 γοῦν
440 3212 458 3246 ὃ
474 3210 609 3255 Ἰησοῦς
636 3214 696 3248 τοῦ
718 3211 819 3257 Ναυῆ·
841 3210 956 3262 μόνον,
986 3214 1038 3251 Στ
1040 3213 1114 3260 ἤτω

83 3268 101 3303 ὃ
119 3266 215 3313 ἥλιος
235 3284 295 3306 και
311 3271 332 3315 ἧ
349 3271 412 3307 σε)
413 3286 502 3317 ηνη,
522 3285 582 3307 και
607 3269 710 3317 ἔστη·
731 3270 820 3309 οὕτω
842 3287 902 3310 και
921 3275 939 3310 ὁ
959 3275 1114 3320 Μωυσῗς

85 3327 259 3366 θάλατταν
291 3329 462 3377 ἐπέδησε,
490 3330 550 3369 καὶ
577 3332 721 3377 ἀνῆκεν·
748 3331 855 3377 οὕτως
879 3335 911 3372 οἱ
930 3336 1052 3378 παῖδες
1083 3338 1113 3373 οἳ

84 3395 174 3438 τρεῖς
189 3389 252 3436 τὴν
272 3390 448 3444 ἐνέργειαν
462 3397 523 3431 τοῦ
541 3394 647 3446 πυρὸς
664 3393 813 3432 ἔσῧεσαν
828 3394 885 3432 διὰ
904 3398 973 3433 τῶν
995 3395 1111 3444 ὕμνων

89 3449 226 3488 ἐκείνων
241 3451 300 3490 καὶ
322 3451 378 3490 διὰ
394 3455 456 3499 τῆς
471 3457 598 3505 φωνῆς.
616 3453 684 3493 Διὰ
701 3459 800 3494 τοῦτο
822 3455 881 3494 καὶ
896 3457 981 3508 πρὸς
1003 3457 1109 3502 αὐτὴν

2045 208 2140 269 899

1181 309 1235 363 pit
1250 310 1546 361 tranquillitatem
1559 319 1592 349 et
1607 310 1962 349 commiserationem.
1983 310 2030 349 Et
2049 312 2140 350 sieut

1181 370 1355 422 quamdiu
1380 386 1451 410 nox
1477 371 1590 421 adest,
1609 385 1701 424 saepe.
1715 387 1757 410 ne
1771 382 1978 424 przesentem
1994 373 2140 424 quidem

1181 433 1338 471 amicum
1349 433 1590 485 agnoseimuS,
1605 444 1641 472 at
1662 449 1747 473 mox
1766 443 1803 473 ut
1817 443 1962 472 exortus
1978 444 2028 473 est
2050 435 2139 484 «lies,

1180 495 1288 533 etiam
1307 496 1445 533 eminus
1460 505 1687 549 conspectum
1702 497 1926 548 agnoscimus
1945 513 1952 534 :
1968 497 2092 535 itidem
2108 507 2141 536 ct

1182 556 1218 595 in
1242 557 1431 595 inimicitia
1458 558 1547 596 solet
1579 559 1777 598 usuvenire.
1810 560 1931 597 Donec
1959 559 2048 597 inter
2079 574 2142 597 nos

1183 619 1402 658 malevolum
1431 619 1589 671 gerimus
1614 621 1790 670 animum,
1809 635 1880 659 vox
1898 620 2019 659 audita
2040 621 2143 659 nohis

1184 679 1288 718 aliter
1305 690 1418 729 sonat,
1439 690 1471 719 et
1487 681 1600 734 ipsam
1620 682 1745 720 faeiem
1762 691 1928 735 corrupta
1946 692 2061 721 mente
2079 683 2143 722 ad-

1185 741 1357 795 spicimus
1376 759 1383 779 :
1401 751 1437 781 at
1453 743 1514 781 ubi
1539 743 1765 796 posuerimus
1786 744 1890 791 iram,
1909 753 1942 782 et
1970 759 2041 783 vox
2064 759 2144 796 quae

1185 803 1285 857 prius
1305 814 1380 843 erat
1396 804 1510 843 invisa
1528 815 1634 856 atque
1649 805 1804 857 hostilis,
1823 806 1964 858 placida
1982 806 2085 844 nobis
2105 821 2146 845 ac

1181 866 1444 920 jucundissima
1477 867 1638 917 videtur,
1673 877 1707 906 et
1744 878 1906 921 aspectus
1938 869 2012 921 ipse
2046 869 2145 921 prius

1185 928 1354 967 inimicus
1372 938 1406 967 et
1431 928 1663 983 injucundus,
1682 939 1759 968 tum
1784 930 1826 968 fit
1845 930 2011 968 amabilis
2034 939 2066 968 et
2084 930 2145 983 ju-

1184 989 1334 1029 cundus.

1239 1054 1278 1092 6.
1310 1051 1410 1091 Idem
1437 1052 1569 1091 accidit
1598 1052 1634 1091 in
1660 1062 1879 1106 tempestate.
1906 1054 1985 1092 Non
2009 1051 2146 1105 patitur

1185 1115 1339 1154 nubium
1368 1130 1560 1154 concursus
1589 1115 1692 1153 nobis
1719 1115 1948 1168 conspicuam
1970 1128 2043 1152 esse
2070 1112 2148 1151 caeli

1186 1177 1516 1230 pulchritudinem3
1539 1177 1598 1216 sed
1623 1178 1788 1229 quamvis
1810 1177 2007 1215 habeamus
2025 1175 2148 1214 oculos

1186 1241 1512 1294 perspicacissimos
1540 1255 1762 1293 nequaquam
1790 1239 1990 1293 pertingere
2018 1252 2145 1290 possu-

1187 1317 1267 1342 mus
1293 1303 1339 1341 ad
1371 1303 1471 1341 illam
1499 1318 1689 1356 supernam
1715 1301 1990 1356 jucunditatem.
2013 1303 2058 1338 At
2084 1299 2149 1338 ubi

1139 1373 1160 1402 B
1183 1366 1259 1418 jam
1275 1364 1458 1403 radiorum
1473 1365 1583 1414 calor,
1601 1365 1781 1417 perruptis
1797 1378 1838 1402 ac
1856 1362 2027 1402 discussis
2043 1361 2148 1400 nubi-

1185 1426 1254 1464 bus
1290 1426 1402 1464 solem
1440 1425 1616 1473 ostendit,
1654 1440 1779 1464 rursus
1810 1435 1844 1464 et
1876 1424 1952 1463 cccli
1982 1424 2147 1462 decorem

1187 1487 1354 1526 ostendit.
1378 1486 1479 1526 Idem
1503 1486 1635 1525 accidit
1654 1487 1690 1525 in
1710 1486 1815 1525 nobis
1836 1487 1887 1524 ira
1910 1485 2145 1535 ferventibus,

1187 1548 1276 1587 dum
1299 1547 1463 1587 simultas
1488 1548 1587 1587 ιοΙιιῑ
1612 1547 1719 1587 densa
1739 1549 1853 1587 nubes
1874 1557 1955 1586 ante
1974 1547 2094 1585 oculos
2115 1555 2149 1585 et

1187 1625 1291 1649 aures
1307 1619 1395 1660 stat,
1416 1610 1501 1648 facit
1519 1619 1558 1647 ut
1578 1624 1680 1648 voces
1700 1619 1935 1672 aspectusque
1955 1623 1978 1646 v
1983 1608 2149 1647 ideantur

1188 1671 1292 1710 alitel
1316 1686 1426 1723 quam
1458 1680 1551 1709 sunt.
1583 1673 1721 1710 xoium
1749 1661 1874 1709 simul
1886 1680 1990 1722 atque
2017 1669 2149 1721 aliquis

1189 1732 1463 1785 philosophatus
1478 1732 1637 1786 posuerit
1651 1732 1790 1782 odium,
1810 1731 2014 1783 nubemque
2030 1731 2149 1769 disru-

1188 1794 1282 1848 perit
1296 1794 1536 1846 aegritudiniS,
1552 1805 1637 1834 tunc
1653 1793 1800 1833 demum
1817 1793 2020 1845 incorrupta
2035 1801 2151 1830 mente

1190 1865 1223 1895 et
1239 1855 1392 1907 videbit,
1411 1865 1445 1896 et
1460 1856 1584 1895 audiet
1603 1856 1723 1894 omnia
1741 1871 1749 1892 ε
1767 1854 1865 1907 quod
1883 1864 1916 1892 et
1930 1854 2017 1892 huic
2034 1853 2153 1892 evenit

1141 1918 1305 1967 cSai'xli,
1322 1918 1384 1970 qui
1404 1918 1512 1957 simul
1529 1927 1634 1970 atque
1652 1917 1782 1956 nubem
1803 1915 2061 1956 malevolentiae
2078 1915 2152 1953 dis-

1190 1980 1309 2034 rupit,
1327 1994 1520 2033 agnoscens
1537 1994 1663 2019 vocem
1679 1979 1832 2019 Davidis
1846 2009 1855 2027 ‚
1878 1979 1928 2017 ait
1947 1994 1954 2015 :
1978 1979 2062 2016 1⁷01·
2084 1986 2152 2015 tua

1192 2045 1280 2091 ista,
1294 2043 1367 2096 fili
1387 2043 1549 2081 David?
1561 2042 1736 2089 Quaenam
1759 2043 1872 2080 Ista?
1893 2040 1981 2087 Quae
2003 2038 2150 2078 Goliath

1190 2103 1339 2157 dejecit,
1368 2119 1446 2156 quae
1479 2104 1661 2143 civitatem
1690 2103 1860 2156 periculis
1891 2101 2038 2155 eripuit,
2072 2115 2151 2152 quae

1191 2175 1335 2204 cunctos
1350 2165 1386 2204 in
1400 2165 1584 2205 servitutis
1599 2179 1640 2204 ae
1656 2165 1781 2204 mortis
1800 2164 1959 2218 periculo
1979 2163 2150 2201 constitu-

1194 2236 1259 2277 tos,
1283 2228 1320 2266 in
1345 2227 1570 2266 securitatem
1592 2237 1624 2266 et
1650 2228 1852 2265 libertatem
1876 2226 2047 2275 restituit,
2072 2240 2151 2276 quae

1191 2290 1310 2329 Saiilis
1328 2290 1484 2328 furorem
1501 2288 1706 2337 sedaverat,
1722 2303 1799 2340 quae
1819 2289 1933 2327 multa
1953 2302 2152 2339 magnaque

1189 2350 1389 2389 beneficia
1379 2365 1416 2389 ln
1432 2365 1513 2389 eum
1529 2349 1737 2389 contulerat.
1761 2349 1949 2401 Siquidem
1968 2349 2045 2387 haec
2064 2348 2148 2386 bar-
2184 2358 2247 2386 vex
2266 2358 2354 2386 Dasi-

1189 2413 1318 2451 barum
1346 2413 1451 2450 illum
1486 2412 1696 2466 prostravit,
1729 2427 1769 2450 eo
1803 2410 1901 2463 quod
1939 2409 2149 2463 p1iusquam

2165 2401 2209 2428 dis
2240 2407 2353 2438 postia-

2163 2443 2203 2469 xit

2249 2442 2353 2470 alieni-

1190 2475 1344 2513 mitteret
1368 2473 1541 2527 lapidem,
1564 2488 1645 2512 eum
1661 2473 1874 2526 precationis
1892 2473 2018 2510 10bore
2035 2473 2148 2509 fuerat
2162 2494 2275 2521 genam.

1188 2550 1387 2589 agg1essus.
1423 2537 1546 2587 Neque
1577 2535 1670 2574 enim
1700 2534 1842 2586 vulgari
1870 2548 1967 2571 more
2000 2533 2149 2585 piojeeit

1144 2613 1166 2642 o
1187 2598 1362 2651 lapidem,
1378 2597 1438 2635 sed
1454 2597 1558 2650 ptius
1577 2597 1651 2634 haec
1670 2596 1740 2647 loq
1748 2605 1856 2646 «utus,
1883 2597 1938 2633 Tu
1959 2610 2072 2633 vetus
2095 2596 2148 2633 ad
2167 2612 2191 2631 ι
2204 2603 2269 2639 Peg,
2303 2611 2348 2639 ¹7·

1189 2676 1250 2700 me
1276 2664 1319 2698 in
1347 2661 1421 2698 dizs
1450 2662 1539 2706 tuis,
1572 2673 1641 2711 ego
1671 2667 1802 2696 autem
1830 2661 1946 2696 venio
1967 2659 2021 2695 ad
2042 2666 2078 2695 te
2107 2672 2147 2694 ιιι
2161 2645 2212 2684 *¹³

1190 2725 1345 2760 nomine
1379 2722 1544 2759 Domini
1575 2721 1772 2770 Sabaoth,
1806 2723 1869 2758 cui
1905 2721 2148 2771 exprobrasti

1189 2785 1316 2830 hodie,
1335 2782 1452 2821 emisit
1471 2782 1639 2835 lapidem.
1659 2782 1745 2820 Ila·c
1765 2797 1836 2821 vox
1857 2781 2016 2834 lapidem
2033 2780 2147 2819 veluti

1189 2859 1296 2883 manu
1321 2845 1428 2883 duxit
1454 2844 1489 2882 in
1516 2845 1680 2894 Goliath,
1701 2843 1777 2882 haec
1803 2858 1970 2896 pavorem
1994 2843 2148 2881 incussit

1188 2906 1353 2955 barbaro,
1371 2906 1448 2944 haec
1462 2905 1575 2944 hostis
1592 2905 1843 2944 confidentiam
1861 2904 1977 2956 fregit.
1997 2905 2043 2942 Et
2059 2903 2148 2955 quid

1190 2967 1346 3015 miraris,
1368 2967 1398 3004 si
1417 2981 1490 3005 vox
1505 2966 1593 3020 justi
1616 2976 1650 3004 et
1669 2967 1824 3004 sui-orem
1847 2966 2003 3017 mitigat,
2026 2975 2058 3003 et
2079 2966 2145 3002 lio-

1188 3038 1257 3067 stes
1271 3028 1410 3081 dejicit,
1436 3042 1516 3065 cum
1539 3027 1668 3080 impios
1687 3042 1828 3078 quoque
1849 3027 1996 3079 spiritus
2025 3025 2144 3078 expel-

1188 3090 1262 3128 lat?
1282 3090 1537 3141 Loqueliantur
1556 3099 1695 3127 tantum
1717 3089 1886 3141 apostoli,
1910 3099 1942 3127 ct
1964 3088 2144 3137 fugiebant

1187 3166 1308 3189 omnes
1339 3150 1554 3189 adversariae
1590 3159 1789 3203 potestates.
1826 3152 1910 3189 Yox
1943 3158 2143 3186 sanctorum

1187 3214 1387 3263 frequenter
1399 3221 1431 3249 et
1448 3212 1618 3249 elementa
1638 3210 1737 3259 vicit,
1752 3220 1784 3248 ct
1798 3218 1984 3262 potestates
2001 3208 2143 3245 illorum

1187 3272 1406 3310 immutarit
1440 3272 1626 3322 loquutus
1656 3280 1708 3309 est
1735 3280 1869 3308 tautum
1896 3271 1998 3307 lesus
2029 3269 2142 3316 have,

1139 3350 1161 3379 E
1185 3334 1264 3372 Stet
1280 3333 1385 3370 sola
1406 3333 1518 3378 Inna,
1533 3341 1565 3369 et
1585 3332 1698 3379 stetit;
1714 3332 1764 3369 sic
1781 3340 1812 3368 ‹t
1834 3332 1893 3368 Νι
1889 3345 1950 3367 ses
1978 3344 2074 3367 maie
2091 3329 2143 3366 in-
2159 3335 2221 3360 Jus-

2117 3376 2225 3401 -Ι-,ιι

1186 3408 1328 3445 giessus
1354 3402 1425 3441 est,
1451 3402 1485 3431 et
1509 3393 1643 3430 cessit.
1668 3393 1717 3431 sic.
1745 3401 1813 3429 ties
1842 3390 1895 3427 illi
1924 3390 2022 3442 pueii
2051 3390 2174 3443 ignis

2242 3341 2287 3360 to.
2298 3342 2344 3364 12.

2232 3377 2262 3403 Ι.
2298 3373 2344 3413 ιῇ.

1187 3455 1258 3493 vim
1279 3454 1541 3503 exstinxerunt,
1556 3453 1702 3505 hymnis
1723 3452 1793 3491 illis
1813 3451 1884 3489 suis
1901 3466 1941 3489 ae
1960 3465 2059 3489 soce.
2080 3451 2142 3489 lti-
2158 3425 2226 3484 Di„-
2267 3458 2284 3485 3
