2516 3791
150 828 174 846 1.
192 817 266 853 neg.
282 815 329 855 24.

147 1973 273 2000 Ibidem.

158 3033 181 3051 ι,
201 3022 276 3056 Ιῖες.

352 158 444 205 886

349 270 489 308 quoque
503 257 734 309 profundant.
758 257 931 297 Similiter
944 266 976 294 et
990 256 1050 294 hic
1070 255 1179 293 semel
1197 268 1301 293 oecu-

347 327 453 370 patus
478 318 530 356 ira
558 333 626 356 non
651 319 753 357 facile
782 317 989 356 credidisset
1016 331 1089 355 esse
1119 316 1302 355 hominem

349 393 460 429 usque
478 379 567 418 adeo
589 380 662 418 suis
688 379 876 417 affectibus
904 378 1141 430 superiorem,
1165 386 1206 415 ut
1230 391 1300 415 non

348 441 453 478 modo
472 441 562 478 nihil
581 441 743 489 laederet,
769 453 889 477 verum
911 447 943 476 et
964 450 1047 477 eum
1072 439 1134 490 qui
1163 439 1301 477 laeserat

347 512 511 540 servaret.
529 501 707 547 Quoniam
727 500 837 551 igitur
863 509 895 537 et
916 500 1057 537 animus
1071 499 1206 552 judicis
1227 508 1302 538 erat

347 572 549 615 corruptus,
564 571 598 599 et
613 571 717 599 testes
733 564 761 599 si
776 561 942 614 producti
960 562 1122 611 fuissent,
1134 562 1170 599 in
1186 561 1300 614 suspi-

347 625 445 661 cione
460 632 558 661 crant
576 623 702 672 futuri,
721 622 869 660 consilio
885 622 1053 675 prudenti
1073 623 1203 675 reperit
1219 637 1300 675 pro-

344 685 522 723 bationem
543 684 749 735 quamdam,
771 698 849 735 quae
864 693 982 737 posset
1001 693 1035 722 et
1053 684 1158 723 valde
1177 685 1299 738 impu—

344 744 510 782 dentibus
529 759 567 782 os
587 745 762 783 obturare.
779 745 952 791 Quaenam
969 754 1020 783 est
1034 745 1138 783 haec?
1156 745 1302 783 Lacinia

346 805 562 858 chlamydis,
581 821 687 857 quam
710 805 921 858 protendens
936 805 1076 844 dicebat
1092 821 1100 842 ε
1118 808 1222 844 Ecce
1238 807 1301 844 la—

346 869 425 905 cini
429 882 451 907 a
463 868 686 916 chlamydis
698 875 773 905 tzcoe
788 870 829 904 in
842 881 960 905 manu
973 881 1071 913 mea,
1084 881 1201 919 quam
1215 869 1303 905 abs-

347 929 433 975 tuli,
459 942 528 966 nec
557 929 680 966 occidi
702 937 750 966 te.
774 930 899 966 Mutus
924 928 1072 979 quidem
1100 928 1221 976 testis,
1242 928 1302 967 sed

345 989 511 1027 omnibus
543 1002 664 1028 vocem
696 988 911 1027 habentibus
937 988 1146 1027 evidentior.
1184 990 1303 1040 Neque

344 1050 439 1087 enim
455 1050 485 1088 si
503 1064 572 1088 non
592 1051 759 1098 fuissem,
780 1049 912 1100 inquit,
933 1050 1135 1103 proximuS,
1158 1064 1199 1088 ac
1219 1065 1302 1088 cor-

345 1110 425 1162 pori
459 1118 521 1147 tuo
558 1109 701 1147 vicinus
733 1107 927 1159 stetissem,
967 1108 1161 1161 potuissem
1195 1109 1305 1147 vestis

347 1181 531 1224 amputare
547 1181 695 1224 partem.
713 1170 824 1210 Vides
837 1179 1011 1221 quantum
1026 1169 1070 1208 sit
1086 1178 1204 1207 ortum
1219 1170 1304 1208 boni

346 1247 392 1271 ex
410 1247 464 1283 eo,
483 1232 580 1284 quod
598 1233 701 1270 initio
720 1240 918 1270 commotus
936 1231 1050 1269 suerat
1067 1230 1214 1269 David?
1228 1231 1305 1269 Nisi

346 1295 441 1332 enim
460 1293 506 1331 ad
524 1295 615 1331 iram
635 1302 831 1331 commotus
850 1292 988 1342 fuisset,
1012 1306 1124 1343 neque
1144 1292 1305 1345 philoso-

347 1356 469 1408 phiam
489 1355 646 1393 hominis
677 1353 967 1405 cognovissemus
989 1357 1000 1401 (
1019 1367 1100 1390 nam
1128 1353 1306 1405 plerisque

348 1431 418 1455 non
451 1431 497 1455 ex
527 1416 756 1469 philosophia
768 1445 779 1465 ,
815 1414 877 1453 sed
911 1429 957 1453 ex
993 1424 1138 1466 stupore
1177 1428 1306 1467 peper-

348 1479 436 1517 cisse
470 1478 570 1517 visus
612 1477 736 1515 fuisset
753 1480 784 1526 ),
820 1490 931 1527 neque
974 1475 1175 1528 chlamydis
1219 1490 1304 1527 par-

348 1550 416 1578 tem
457 1547 673 1592 amputasset
702 1554 709 1574 :
739 1537 836 1589 quod
879 1537 908 1575 si
950 1551 1019 1575 non
1062 1546 1279 1588 amputasset
1293 1566 1304 1586 ,

347 1615 416 1638 non
429 1609 567 1653 poterat
579 1600 661 1637 aliis
673 1598 893 1650 argumentis
906 1597 1052 1635 inimico
1064 1597 1172 1635 fidem
1181 1597 1303 1635 facere.

348 1663 450 1700 Nunc
464 1675 548 1699 vero
566 1660 736 1712 quoniam
749 1669 782 1698 et
798 1668 998 1697 commotus
1018 1658 1086 1696 fuit
1100 1667 1133 1696 et
1147 1668 1309 1711 amputa-

349 1723 413 1771 vit,
429 1737 501 1760 suae
519 1721 754 1775 providentiae
774 1720 1011 1758 certissimum
1031 1719 1186 1772 praebuit
1199 1733 1307 1771 argu-

350 1794 521 1823 mentum.
542 1784 720 1831 Quoniam
741 1783 852 1835 igitur
873 1792 947 1820 tam
967 1796 1093 1820 verum
1109 1791 1142 1820 et
1165 1781 1310 1819 indubi-

348 1855 463 1884 tatum
482 1846 725 1884 testimonium
742 1844 918 1893 exhibuit,
941 1843 1060 1895 ipsum
1083 1858 1170 1881 mox
1183 1842 1307 1880 inimi-

348 1922 429 1945 cum
448 1917 481 1945 et
506 1907 666 1960 judicem
686 1915 719 1944 et
738 1915 863 1944 testem
884 1905 969 1943 facit
995 1919 1067 1943 suoe
1091 1919 1174 1957 erga
1203 1904 1308 1942 illum

348 1969 570 2018 reverentiae,
594 1969 742 2019 loquens
761 1967 858 2004 hunc
874 1967 910 2005 in
930 1965 1099 2004 modum:
1115 1968 1310 2019 Cognosce

349 2039 385 2068 et
398 2032 492 2068 vide
508 2031 622 2068 hodie
637 2030 741 2083 qaod
761 2043 838 2066 non
855 2037 911 2067 est
933 2031 975 2066 in
995 2042 1116 2066 manu
1132 2042 1218 2065 mea
1232 2030 1307 2065 ini-

349 2106 370 2144 q
377 2095 415 2130 ιιὶ
419 2101 489 2141 tas,
503 2106 627 2144 neque
634 2099 847 2130 contemtus
859 2093 926 2139 tui,
937 2099 973 2128 et
983 2091 1126 2143 alligas
1135 2092 1309 2127 animam

349 2168 488 2201 meam,
509 2162 551 2191 ut
571 2156 704 2206 capias
732 2167 829 2190 eam.
854 2152 948 2189 Hine
969 2152 1026 2190 vel
1054 2152 1212 2189 maxime
1231 2151 1311 2202 quis

348 2214 520 2252 admirari
548 2214 674 2252 debeat
708 2214 806 2251 illius
836 2213 1184 2264 magnanimitatem,
1214 2212 1311 2263 quod

351 2290 418 2314 non
446 2276 555 2314 sumit
581 2275 845 2313 exeusationem
874 2274 940 2311 nisi
963 2274 1009 2311 ab
1038 2274 1081 2311 iis
1097 2288 1176 2323 quae
1198 2287 1238 2310 eo
1254 2272 1312 2310 die

349 2337 562 2375 acciderant.
583 2338 675 2375 Nam
694 2336 762 2374 hoc
783 2335 913 2383 innuit,
935 2349 1017 2372 cum
1030 2335 1099 2372 ait:
1118 2336 1312 2385 Cognosce

352 2408 388 2436 et
406 2401 498 2437 vide
514 2399 638 2436 hodie.
660 2397 762 2435 Nihil
787 2396 881 2435 enim
910 2396 1038 2447 loquor
1054 2395 1098 2433 dc
1118 2394 1309 2432 anteactis:

352 2461 441 2499 mihi
460 2460 505 2498 ad
522 2459 769 2512 probationem
789 2458 873 2495 satis
893 2467 943 2495 est
963 2457 1021 2495 hic
1042 2457 1130 2495 dies.
1154 2456 1311 2494 Tametsi

352 2531 490 2574 poterat
517 2521 630 2559 multa
661 2533 860 2571 magnaque
892 2532 1096 2557 enumcrare
1124 2518 1310 2567 beneficia,

352 2599 430 2634 quae
457 2583 558 2636 prius
575 2583 611 2620 in
632 2581 736 2619 illum
764 2580 977 2628 contulerat,
997 2579 1026 2617 si
1046 2579 1235 2618 voluisset:
1252 2593 1314 2631 po-

351 2654 441 2683 terat
458 2657 732 2683 commemorare
742 2641 921 2693 singulare
931 2650 1117 2689 certamen,
1127 2640 1222 2693 quod
1233 2654 1314 2678 eum

351 2707 505 2744 barbaro
523 2713 737 2758 susceperat,
759 2718 799 2741 ac
818 2702 936 2741 dicere
952 2704 1063 2741 :Cum
1077 2703 1214 2741 bellum
1233 2702 1316 2740 bar-

353 2767 529 2815 baricum,
551 2781 613 2804 ceu
631 2765 810 2803 diluvium
825 2762 1021 2814 quoddam,
1037 2764 1243 2802 universam
1262 2763 1313 2802 ci·-

353 2829 499 2866 vitatem
514 2837 599 2865 esset
616 2826 889 2878 dissipaturum,
910 2825 1138 2862 consternatis
1156 2825 1259 2862 vobis
1273 2838 1314 2862 ac

354 2899 451 2927 metu
473 2888 635 2942 trepidis,
660 2887 889 2939 quotidieque
907 2895 1058 2924 mortem
1077 2887 1316 2939 exspectanti-

354 2951 443 2999 bus,
464 2965 528 3001 ego
562 2950 731 2987 accedens
752 2949 891 2986 nemine
921 2949 1173 3000 compellente,
1197 2948 1268 2986 imo
1285 2957 1318 2986 te

356 3012 564 3065 prohibente
588 3026 629 3049 ac
650 3011 818 3048 retinente
836 3009 1044 3059 dicenteque
1063 3025 1070 3046 :
1089 3011 1178 3047 Non
1199 3018 1311 3061 pote-

355 3077 407 3111 ris
422 3077 489 3120 ire,
508 3076 693 3126 quoniam
704 3085 799 3122 puer·
813 3085 863 3117 es,
881 3071 948 3108 ille
959 3079 1088 3108 autem
1106 3073 1170 3107 vir·
1187 3070 1313 3108 bella-

356 3145 415 3173 tor
445 3150 470 3173 a
494 3138 698 3187 juventute
734 3146 805 3171 sua
828 3147 837 3169 .·
858 3146 925 3169 non
954 3145 1009 3169 me
1037 3131 1220 3180 continui,
1254 3131 1314 3169 sed

357 3213 446 3236 unus
467 3212 531 3250 pro
557 3196 722 3235 omnihus
747 3195 871 3241 insilii,
893 3195 1031 3232 hostem
1051 3194 1186 3246 excepi,
1207 3203 1314 3246 caput

789 176 826 206 S.
864 174 1051 205 JOANNIS
1087 172 1327 204 cthSOST.

1319 1393 1366 1417 766

1372 170 1577 200 ARCHIEP.
1617 170 1980 201 CONSTANTINOP-

1376 258 1511 306 θρωπος
1528 252 1616 291 οὕτω
1632 256 1692 291 τοῦ
1715 254 1847 298 πάθους
1866 254 2148 306 περιγενόμενος,
2167 259 2213 299 ὡς
2230 256 2277 308 μὴ
2295 258 2398 308 μόνον

1377 315 1484 365 μηδὲν
1507 316 1650 362 ἀδικεῖν,
1667 314 1757 353 ἀλλὰ
1782 315 1842 353 καὶ
1865 315 1922 353 τὸν
1950 317 2134 354 ἀδικοῦντα
2149 315 2281 362 σώζειν.
2297 318 2401 357 Ἐπεὶ

1375 371 1433 415 οὖν
1450 376 1508 414 καὶ
1525 380 1546 424 ἡ
1562 375 1685 428 γνώμη
1700 381 1760 415 τοῦ
1775 377 1972 422 δικάζοντος
1988 377 2184 430 διέφθαρτο,
2200 379 2259 418 καὶ
2273 379 2402 432 μάρτυ-

1378 455 1451 491 ρες,
1471 440 1502 476 εἰ
1517 438 1764 491 παρ-ἤχθησαν,
1785 439 1827 476 δι’
1847 438 1996 491 ὑποψίας
2015 439 2160 490 ἔμελλον
2177 434 2265 479 εἶναι
2281 470 2290 488 ,
2311 441 2403 493 ᾠκο-

1374 500 1510 551 νομήθη
1539 498 1714 543 ἀπόδειξίν
1738 515 1817 537 τινα
1843 499 2004 551 γενέσθαι
2032 500 2225 551 δυναμένην
2246 502 2306 540 καὶ
2326 501 2404 547 τοὺς

1375 562 1506 614 σφόδρα
1527 564 1838 612 ἀναισΑυντοῦντας
1859 560 2099 611 ἐπιστομίσαι.
2126 561 2237 600 Ποίαν
2261 562 2302 609 δὴ
2323 564 2405 602 ταύ-

1374 639 1456 668 την;
1475 622 1528 660 Τὸ
1549 621 1731 674 πτερύγιον
1755 625 1817 668 τῆς
1836 621 2020 670 διπλοΐδος,
2040 622 2133 661 ὃκαὶ
2158 623 2405 676 προὸαλλόμε-

1374 700 1429 728 νος
1446 686 1562 736 ἔλεγεν
1579 700 1586 707 ·
1613 683 1702 722 Ἰδοὺ
1731 684 1771 721 τὸ
1801 683 1985 736 πτερύγιον
2013 687 2077 730 τῆς
2105 683 2279 728 διπλοΐδος
2303 687 2338 723 ἐν
2357 688 2400 736 τῇ

1375 744 1468 798 χειρί
1500 760 1585 795 μου,
1617 745 1635 784 ὃ
1664 744 1732 797 ἐγὼ
1767 746 1920 797 ἀφεῖλον,
1947 745 2007 783 καὶ
2038 747 2099 784 οὐκ
2128 745 2318 784 ἀπέκτεινά
2352 762 2403 785 σε.

1375 804 1527 857 Ἄφωνος
1541 809 1558 844 ὁ
1576 806 1707 858 μάρτυς
1718 836 1727 853 ,
1744 806 1833 844 ἀλλὰ
1853 808 1921 844 τῶν
1936 806 2054 859 φωνὴν
2072 806 2222 859 ἐχόντων
2239 806 2406 859 σαφέστε-

1378 881 1445 917 ρος.
1464 868 1518 904 Οὐ
1535 866 1602 919 γὰρ
1622 867 1663 904 ἂν
1679 869 1709 904 εἰ
1726 866 1774 918 μὴ
1792 865 1940 913 πλησίον
1959 867 2139 919 ἐγενόμην,
2155 867 2252 920 φησὶ,
2268 867 2328 905 καὶ
2344 870 2404 906 τοῦ

1377 926 1538 977 σώματος
1556 927 1655 978 ἐγγὺς
1676 927 1852 973 εἱστήκειν
1870 933 1930 966 τοῦ
1950 933 2011 967 σοῦ
2024 958 2034 975 ,
2056 929 2096 967 τὸ
2112 928 2215 982 μέρος
2234 927 2275 966 ἂν
2295 927 2405 981 ἔκοψα

1376 994 1435 1027 τοῦ
1453 988 1604 1040 ἱματίου.
1624 988 1734 1042 “Ορ’ᾷ’ς
1752 988 1832 1027 ὅσον
1856 990 1984 1041 ἀγαθὸν
2012 991 2147 1041 ἐγένετο
2172 992 2211 1028 ἐκ
2229 993 2289 1028 τοῦ
2310 1005 2408 1037 κινη-

1378 1054 1479 1097 θῆναι
1498 1050 1596 1104 παρὰ
1612 1050 1675 1097 τὴν
1696 1050 1808 1103 ἀρχὴν
1826 1051 1885 1089 τὸν
1902 1051 2035 1099 Δαυίδ,
2054 1053 2100 1090 Εἰ
2117 1051 2165 1102 μὴ
2179 1051 2247 1105 γὰρ
2267 1051 2407 1099 ἐκινήθη

1377 1113 1462 1164 πρὸς
1485 1111 1549 1159 τὴν
1577 1111 1697 1166 ὀργὴν,
1713 1114 1775 1150 οὐκ
1802 1112 1840 1150 ἂν
1863 1112 1941 1151 οὔτε
1964 1112 2028 1159 τὴν
2052 1112 2256 1166 φιλοσοφίαν
2284 1113 2410 1164 ἐμάθο·
2461 1129 2463 1148 2

1380 1190 1443 1225 μεν
1469 1179 1528 1212 τοῦ
1552 1174 1698 1224 εάνδρὸς
1728 1173 1831 1221 (οὐδὲ
1851 1173 1919 1226 γὰρ
1950 1175 2020 1212 ἀπὸ
2036 1174 2257 1227 φιλοσοφίας,
2279 1176 2357 1214 ἀλλ’
2375 1174 2409 1220 ἐξ

1380 1234 1608 1282 ἀναισθησίας
1629 1236 1762 1284 μᾶλλον
1778 1234 1890 1278 ἔδοξεν
1917 1234 1957 1272 ἂν
1983 1236 2124 1279 πολλοῖς
2142 1238 2163 1281 ἡ
2180 1236 2288 1288 φειδὼ
2316 1235 2410 1287 γενέ·
2463 1238 2465 1245 Χ

1380 1301 1501 1344 σθαι),
1522 1298 1591 1335 οὐδ’
1610 1296 1651 1334 ἂν
1672 1296 1811 1348 ἐξέκοψε
1827 1295 1890 1343 τὴν
1912 1296 2093 1335 διπλοΐδα·
2117 1296 2165 1348 μὴ
2188 1297 2337 1351 ἐκκόψας
2357 1297 2408 1345 δὲ,

1380 1358 1567 1409 οὐδαμόθεν
1604 1357 1768 1410 ἑτέρωθεν
1805 1353 1877 1410 εἶχε
1911 1357 2158 1396 πιστώσασθαι
2183 1359 2241 1397 τὸν
2274 1358 2409 1411 ἐχθρόν.

1382 1419 1468 1458 Νυνὶ
1503 1418 1539 1457 δὲ
1565 1419 1716 1466 κινηθεὶς
1741 1419 1800 1456 καὶ
1822 1418 1952 1469 τεμὼν,
1980 1420 2290 1471 ἀναμφισὸήτητον
2324 1420 2411 1458 ἀπό-

1382 1480 1483 1524 δειξιν
1502 1484 1564 1527 τῆς
1578 1482 1681 1518 αὐτοῦ
1696 1480 1860 1534 προνοίας
1879 1480 2088 1533 παρέσχετο.
2108 1482 2213 1520 Ἐπεὶ
2231 1476 2287 1520 οὖν
2303 1481 2411 1525 οὕτως

1382 1543 1495 1588 ἀληθῆ
1528 1542 1588 1579 καὶ
1619 1541 1815 1580 ἀνύποπτον
1839 1542 2032 1594 μαρτυρίαν
2059 1542 2278 1595 παρήγαγεν,
2308 1543 2410 1581 αὐτὸν

1381 1603 1501 1640 λοιπὸν
1519 1603 1576 1640 τὸν
1603 1603 1724 1656 ἐχθρὸν
1747 1603 1807 1641 καὶ
1836 1602 2003 1649 δικαστὴν
2032 1603 2093 1640 καὶ
2123 1603 2285 1656 μάρτυρα
2313 1606 2412 1642 καλεῖ

1381 1666 1444 1708 τῆς
1466 1663 1595 1707 οἰκείας
1613 1663 1822 1714 κηδεμονίας
1834 1693 1843 1711 ,
1860 1663 1988 1701 οὑτωσὶ
2005 1663 2117 1714 λέγων
2132 1679 2139 1687 ·
2156 1665 2185 1702 Γ
2187 1667 2269 1702 νῶθι
2283 1665 2343 1703 καὶ
2360 1665 2412 1703 ἴδε

1382 1725 1549 1778 σήμερον,
1574 1724 1627 1764 ὅτι
1653 1727 1717 1763 οὐκ
1741 1725 1831 1762 ἔστιν
1861 1727 1895 1763 ἐν
1922 1728 1964 1777 τῇ
1985 1724 2080 1777 χειρί
2101 1741 2165 1776 μου
2185 1726 2313 1771 κακία,
2334 1726 2412 1765 οὐδὲ

1383 1787 1544 1833 ἀθέτησις
1555 1802 1562 1810 ·
1583 1786 1642 1824 καὶ
1662 1785 1703 1824 σὺ
1718 1785 1896 1837 δεσμεύεις
1913 1785 1976 1832 τὴν
1993 1786 2107 1838 ψυχήν
2124 1802 2202 1836 μου,
2221 1792 2280 1825 τοῦ
2294 1786 2412 1825 λαὸεἷν

1382 1847 1502 1894 αὐτήν.
1523 1849 1704 1886 Ἐντεῦθεν
1721 1847 1875 1898 μάλιστα
1890 1847 1932 1885 ἄν
1947 1863 1999 1890 τις
2019 1847 2121 1885 αὐτὸν
2143 1847 2334 1898 θαυμάσειε
2349 1851 2412 1894 τῆς
2453 1870 2472 1905 '.

1382 1908 1646 1961 μεγαλοψυχίας
1660 1937 1670 1955 ,
1692 1907 1746 1947 ὅτι
1768 1907 1836 1946 ἀπὸ
1855 1911 1924 1946 τῶν
1945 1909 2022 1946 κατ’
2041 1908 2175 1955 ἐκείνην
2194 1908 2257 1955 τὴν
2275 1909 2411 1963 ἡμέραν

1379 1970 1587 2021 συμὲάντων
1604 1969 1667 2016 τὴν
1689 1969 1879 2021 ἀπολογίαν
1898 1974 2051 2008 ποιεῖται
2072 1968 2187 2021 μόνον.
2209 1971 2326 2009 Τοῦτο
2345 1970 2412 2023 γὰρ

1379 2030 1521 2084 ᾐνίξατο
1547 2030 1675 2069 εἰπών·
1699 2032 1814 2069 Γνῶθι
1840 2030 1900 2068 καὶ
1920 2029 1973 2068 ἴδε
1993 2030 2156 2084 σήμερον.
2188 2030 2299 2070 Οὐδὲν
2323 2031 2414 2082 λέγω

1334 2107 1356 2135 Β
1379 2095 1448 2130 τῶν
1468 2091 1725 2144 παρελθόντων,
1743 2091 1846 2143 φησίν
1864 2107 1871 2115 ·
1894 2095 1994 2144 ἀρκεῖ
2016 2108 2075 2142 μοι
2094 2091 2179 2143 πρὸς
2198 2091 2373 2136 ἀπόδειξιν
2391 2096 2412 2138 ἡ

1380 2158 1542 2207 παροῦσα
1571 2152 1700 2205 ἠμέρα-
1731 2153 1857 2192 Καίτοι
1875 2169 1914 2204 γε
1934 2153 2067 2196 πολλὰς
2085 2152 2144 2191 καὶ
2167 2153 2324 2205 μεγάλας
2352 2153 2416 2204 ἔμ-

1381 2219 1531 2270 προσθεν
1551 2214 1748 2266 εὐεργεσίας
1763 2214 1996 2266 γεγενημένας
2013 2209 2104 2266 εἶχεν
2121 2217 2294 2266 ἀριθμεῖν,
2317 2214 2415 2268 εἴπερ

1381 2276 1566 2322 ἠὸούλετο·
1584 2276 1643 2313 καὶ
1663 2275 1732 2327 γὰρ
1751 2279 1814 2322 τῆς
1838 2276 1922 2328 πρὸς
1937 2276 1976 2313 τὸ
1994 2276 2172 2328 βάρὲαρον
2193 2275 2415 2328 μονομαχίας

1382 2338 1482 2376 αὗτὸν
1501 2338 1702 2388 ἀναμνῆσαι
1724 2336 1865 2375 ἐδύνατο
1879 2368 1889 2385 ,
1908 2337 1967 2375 καὶ
1988 2339 2109 2384 εἰπεῖν,
2129 2336 2183 2375 ὅτι
2197 2340 2256 2375 τοῦ
2277 2336 2413 2390 βαρὸα-

1384 2403 1478 2453 ρικοῧ
1493 2399 1647 2449 πολέμου
1660 2431 1670 2448 ,
1692 2399 1850 2451 καθάπερ
1876 2401 2126 2449 κατακλυσμοῦ
2143 2414 2256 2447 τινος,
2284 2399 2415 2437 ἅπασιν

1383 2462 1566 2513 μέλλοντος
1583 2460 1796 2514 παρασύρειν
1812 2460 1875 2507 τὴν
1892 2461 2007 2507 πόλιν,
2023 2459 2299 2512 κατεπτηχότων
2315 2461 2333 2497 ὓ
2339 2462 2413 2511 μῶν

1383 2524 1442 2561 καὶ
1462 2522 1681 2569 δεδοικότων,
1704 2522 1765 2560 καὶ
1790 2525 1867 2560 καθ’
1889 2521 2041 2568 ἑκάστην
2063 2522 2200 2574 ἡμέραν
2223 2523 2414 2559 ἀποθανεῖ-

1385 2588 1464 2623 σθαι
1493 2583 1781 2638 προσδοκώντων,
1802 2582 1870 2635 ἐγὼ
1890 2581 2086 2636 παρελθὼν,
2106 2581 2239 2625 οὐδενὸς
2257 2581 2415 2633 ἀναγκά-

1386 2661 1530 2693 σαντος,
1556 2644 1647 2684 ἀλλὰ
1673 2645 1733 2682 καὶ
1753 2649 1813 2683 σοῦ
1830 2643 2021 2687 κωλύοντος
2047 2643 2107 2681 καὶ
2127 2641 2334 2694 κατέχοντος
2356 2642 2415 2680 καὶ

1353 2737 1362 2748 ,
1385 2706 1561 2759 λέγοντος,
1591 2708 1644 2744 Οὐ
1667 2705 1796 2758 δυνήσῃ
1824 2707 2058 2758 πορευθῆναι,
2081 2703 2134 2741 ὅτι
2153 2702 2338 2756 παιδάριον
2360 2697 2412 2751 εἶ,

1388 2767 1489 2811 αὐτὸς
1517 2769 1552 2806 δὲ
1585 2767 1674 2821 ἀνὴρ
1700 2766 1916 2817 πολεμιστὴς
1946 2768 1984 2803 ἐκ
2003 2765 2164 2812 νεότητος
2201 2766 2324 2802 αὐτοῦ·
2355 2765 2415 2802 οὐκ

1386 2829 1602 2882 ἠνεσχόμην,
1625 2827 1716 2867 ἀλλὰ
1735 2829 1803 2881 πρὸ
1823 2831 1890 2865 τῶν
1910 2827 2026 2865 ἄλλων
2049 2827 2211 2865 ἁπάντων
2233 2825 2392 2872 ἐπήδησα
2405 2854 2415 2873 ,

1386 2891 1447 2929 καὶ
1469 2894 1526 2929 τὸν
1546 2889 1714 2940 πολέμιον
1735 2888 1921 2939 ἐδεξάμην,
1945 2888 2003 2926 καὶ
2023 2887 2085 2935 τὴν
2112 2886 2267 2940 κεφαλὴν
2290 2885 2415 2924 ἀπέτε-

1390 2970 1466 3004 μον,
1487 2952 1547 2990 καὶ
1565 2951 1686 3003 ὥσπερ
1707 2950 1784 2989 τινὰ
1801 2949 1994 3003 χειμάρρου
2021 2949 2132 3002 ῥύμην
2152 2949 2333 2988 ἀνέστειλα
2352 2946 2415 2994 τὴν

1389 3014 1507 3067 ἔφοδον
1523 3017 1591 3051 τῶν
1616 3012 1802 3066 βαρῧάρων
1821 3012 1974 3058 ἐκείνων,
2003 3011 2062 3049 καὶ
2081 3009 2144 3057 τὴν
2158 3009 2258 3049 πόλιν
2280 3007 2416 3059 σειομέ-

1389 3092 1449 3123 νην
1467 3074 1616 3120 ἔστησα·
1638 3074 1697 3111 καὶ
1715 3075 1756 3111 δι’
1777 3074 1839 3124 ἐμὲ
1857 3072 1899 3111 σὺ
1917 3072 1978 3124 μὲν
1995 3072 2057 3119 τὴν
2077 3070 2256 3123 βασιλείαν
2275 3070 2333 3109 καὶ
2353 3070 2416 3117 τὴν

1388 3135 1519 3190 ψυχὴν,
1534 3138 1565 3173 οἱ
1585 3134 1620 3174 δὲ
1635 3135 1752 3174 λοιποὶ
1772 3134 1901 3176 πάντες
1919 3132 2007 3185 μετὰ
2022 3136 2083 3180 τῆς
2102 3134 2218 3185 ψυχῆς
2234 3132 2297 3179 τὴν
2316 3132 2416 3169 πόλιν
2467 3147 2479 3185 ‚³
2499 3143 2510 3153 ‘¹

1388 3198 1446 3237 καὶ
1468 3196 1528 3241 τὰς
1558 3196 1692 3245 οἰκίας,
1718 3197 1777 3235 καὶ
1797 3196 1840 3234 τὰ
1857 3194 1980 3234 παιδία
2000 3195 2059 3233 καὶ
2078 3194 2122 3233 τὰ
2142 3193 2268 3245 γύναια
2284 3193 2415 3245 ἔχουσι.

354 3264 552 3317 amputavi,
567 3278 607 3301 ae
621 3262 729 3302 veluti
744 3261 907 3299 torrentis
925 3261 1095 3313 impetum
1112 3261 1316 3312 quemdam,
1340 3272 1363 3301 D
1388 3259 1457 3299 Καὶ
1476 3260 1550 3310 μετ’
1573 3261 1683 3297 ἐκεῖνο
1698 3257 1733 3297 δὲ
1748 3258 1854 3296 πάλιν
1875 3256 1914 3295 τὸ
1933 3256 2113 3309 τρόπαιον,
2129 3255 2264 3308 ἑτέρους
2277 3253 2333 3299 Οὒς
2352 3269 2416 3291 χα-

404 3394 414 3406 “
442 3382 531 3424 Regii
548 3384 674 3425 ἀ·κῧ],ός”
696 3383 762 3413 ἀλλ’
779 3384 810 3418 ἐξ
825 3383 1012 3416 ἀναισθησίας
1028 3382 1146 3421 ,aimo-a
1164 3384 1179 3416 ἡ
1200 3382 1366 3424 ριλοτορας
1382 3381 1477 3417 ἔδοξεν
1493 3382 1538 3412 ἀι,
1562 3383 1625 3407 etc.

2464 759 2475 783 ,-ι
2463 682 2478 736 ⁸²³?
2462 666 2467 674 ·
2461 631 2480 659 33.-
2459 454 2475 618 *QV'QOE'UU
2459 403 2465 412 ·

2474 951 2477 962 «Α
2470 874 2479 908 ,μη
2467 814 2473 836 -—
