2483 3791
356 259 440 287 122

150 352 216 379 ίαν·
231 358 333 389 17·¹¹-
349 347 488 385 Idcirco
506 347 552 385 de
561 347 676 384 brutis
694 346 835 384 dicebat
850 348 994 399 Moyses
1012 346 1198 397 :Sanguis
1218 347 1299 397 ejas

350 418 406 448 est
425 412 561 447 anima
583 411 679 461 ejus.
699 409 739 445 In
754 409 898 445 homine
909 417 1027 444 autem
1039 405 1235 443 substantia
1249 414 1300 442 est

348 471 555 523 incorporea
575 479 608 507 et
623 469 850 517 immortalis,
873 482 951 518 quae
971 467 1084 504 multo
1112 466 1301 503 intervallo

350 546 478 584 corpus
497 531 686 578 antecellit,
709 538 743 567 et
763 538 872 574 tanto,
888 537 1019 579 quanto
1034 542 1100 580 par
1115 536 1166 564 est
1186 527 1300 564 incor-

347 607 496 645 poreum
511 591 650 643 corpori
665 591 988 629 anteferre.Verum
1001 590 1089 627 forte
1102 587 1195 626 dicet
1204 588 1302 639 quis-

346 653 446 705 piam
469 668 476 689 :
497 653 536 691 Si
556 652 674 689 anima
692 665 840 704 corpore
859 650 1014 702 dignior,
1042 664 1106 688 cur
1133 649 1170 687 id
1203 649 1301 700 quod

346 714 465 751 minus
484 722 535 751 est
551 713 709 765 primum
719 723 870 762 creatur,
889 711 1026 762 etquod
1037 711 1152 764 majus
1165 719 1299 762 postre-

346 776 471 812 mum?
485 777 613 812 Annon
623 774 738 824 vides,
753 774 892 823 dilecte,
907 773 1066 825 idipsum
1077 773 1114 809 i'n
1126 771 1300 809 creatione

345 836 498 873 factum?
509 836 610 874 Sicut
626 836 722 874 enim
733 835 872 884 ccelum,
881 844 986 883 terra,
995 834 1061 884 sol,
1075 834 1174 882 luna,
1189 842 1222 870 et
1229 832 1298 870 alia

346 898 466 935 omnia
490 907 604 936 creata
616 907 710 946 sunt,
733 897 910 947 brutaque
925 896 1030 934 etiam
1049 894 1232 939 animalia,
1266 901 1300 930 et

345 967 427 1010 post
446 959 523 996 liaec
537 959 654 996 omnia
665 959 787 1006 homo,
805 959 860 995 cui
877 958 1006 995 horum
1019 955 1180 994 omnium
1198 954 1298 1007 prin-

346 1021 485 1071 cipatus
504 1019 715 1057 tribuendus
730 1029 803 1057 erat
826 1035 833 1055 :
861 1020 910 1056 ita
930 1028 963 1055 et
978 1018 1014 1055 :n
1046 1016 1201 1054 hominis
1220 1017 1299 1053 for—

345 1080 501 1117 matione
526 1080 644 1132 primo
678 1094 806 1131 eorpus
842 1078 1066 1131 producitur,
1110 1085 1301 1128 posteaque

345 1141 462 1178 anima
484 1156 561 1192 quae
583 1140 727 1193 dignior
751 1150 812 1178 est.
849 1137 1165 1186 Quemadmodum
1206 1137 1302 1175 enim

344 1201 452 1239 bruta
480 1201 666 1252 animalia,
702 1201 899 1239 ministerio
924 1199 1080 1237 hominis
1118 1197 1222 1235 utilia
1242 1198 1298 1235 fu-

350 1272 446 1312 tura,
460 1272 541 1300 ante
550 1263 647 1300 homi
653 1277 732 1301 nem
746 1272 920 1311 creantur,
927 1270 965 1299 ut
979 1269 1146 1313 paratum
1157 1259 1302 1297 haberet

347 1323 587 1361 ministerium
601 1324 631 1361 is
648 1323 711 1375 qui
732 1323 803 1361 illis
824 1337 954 1361 usurus
970 1330 1044 1359 erat
1061 1337 1069 1357 :
1094 1320 1145 1358 sic
1164 1329 1198 1358 et
1222 1329 1303 1357 ante

347 1385 503 1422 animam
525 1400 654 1437 eorpus
671 1394 821 1434 creatur,
837 1393 876 1421 ut
890 1392 1081 1436 postquam
1099 1381 1298 1419 secundum

347 1446 568 1484 ineffabilem
587 1447 664 1498 ejus
679 1445 891 1498 sapientiam
922 1444 1041 1482 anima
1052 1442 1227 1496 producta
1247 1456 1300 1480 es-

347 1515 413 1554 set,
436 1516 553 1559 posset
574 1521 656 1544 suas
676 1504 896 1559 operationes
915 1520 980 1558 per
998 1504 1155 1556 eorporis
1184 1512 1301 1541 motus

347 1568 527 1606 exhihere.
548 1568 584 1606 8.
607 1570 659 1606 Et
677 1569 891 1620 plantavit,
917 1566 1045 1617 inquit,
1059 1567 1166 1603 Deus
1186 1579 1302 1616 para-

350 1630 479 1666 disum
498 1631 539 1665 in
559 1630 684 1666 Edem
701 1631 750 1666 ab
768 1631 927 1674 oriente,
948 1636 983 1665 et
1000 1629 1128 1679 posuit
1139 1626 1222 1663 illic
1234 1626 1302 1663 Ιιο-

348 1693 507 1737 minem,
528 1703 642 1742 quem
664 1691 866 1742 formavit.
897 1689 1092 1739 Postquam
1125 1686 1303 1737 benignus

350 1751 529 1788 Dominus
549 1750 808 1802 benignitatem
842 1764 945 1788 suam
963 1748 1129 1797 ostendit,
1149 1757 1182 1785 et
1201 1748 1304 1785 illum

348 1812 450 1863 cujus
459 1825 563 1848 causa
571 1811 688 1848 onmia
701 1819 892 1859 creaverat,
901 1809 1076 1862 produxit
1084 1809 1119 1846 in
1131 1808 1301 1857 medium,

348 1872 468 1910 statim
488 1871 612 1923 incipit
635 1886 698 1910 sua
726 1871 762 1909 in
795 1871 900 1909 illum
936 1870 1111 1908 beneficia
1133 1870 1301 1907 conferre.

348 1935 404 1971 Et
430 1934 643 1985 plantavit,
677 1931 807 1983 inquit,
852 1933 960 1970 Deus
994 1931 1225 1983 paradisum
1262 1933 1304 1967 in

348 1995 475 2033 Edem
505 1996 554 2032 ab
597 1996 756 2031 oriente.
790 1993 857 2030 Hic
885 1992 992 2038 mihi,
1024 1991 1166 2039 dilecte,
1187 1990 1302 2028 consi-

348 2056 444 2104 dera,
455 2054 552 2105 quod
571 2055 639 2092 nisi
653 2069 693 2092 ea
707 2054 817 2093 verba
837 2063 875 2091 ut
890 2053 935 2091 de
952 2053 1026 2090 Deo
1042 2066 1108 2104 par
1127 2060 1193 2101 est,
1210 2050 1302 2088 acci-

350 2129 505 2167 piamus,
523 2128 662 2152 necesse
677 2123 721 2151 sit
737 2123 776 2150 ut
794 2128 829 2151 in
863 2122 1103 2165 praecipitium
1144 2125 1302 2148 ruamus.

349 2177 441 2214 Nam
457 2175 546 2225 quid
557 2174 715 2212 dixerint
731 2174 775 2211 de
789 2174 885 2211 dicto
900 2172 1110 2225 hujusmodi
1132 2172 1200 2221 illi,
1238 2172 1303 2223 qui

350 2237 469 2274 omnia
488 2235 533 2273 de
552 2237 626 2273 Deo
646 2235 740 2273 dicta
756 2235 913 2272 humano
933 2234 1092 2285 accipere
1121 2247 1218 2270 more
1236 2247 1302 2269 au-

350 2297 457 2335 dent?
473 2299 526 2334 Et
543 2297 743 2348 plantavit
762 2297 882 2341 Deus,
916 2294 1043 2346 inquit,
1062 2295 1302 2345 paradisum.

351 2359 462 2407 Quid,
476 2358 617 2410 quaeso?
639 2372 723 2395 num
740 2357 858 2408 ligone
880 2370 969 2408 opus
985 2356 1113 2393 habuit
1145 2364 1177 2392 et
1210 2355 1303 2407 agri-

352 2421 490 2459 cultura
513 2420 653 2470 aliaque
668 2433 764 2468 cura,
796 2428 834 2455 ut
856 2417 1064 2470 paradisum
1086 2417 1304 2455 exornaret?

352 2483 465 2520 Absit.
483 2483 619 2519 Iterum
639 2480 733 2518 enim
755 2480 862 2518 etiam
880 2480 946 2516 lioc
961 2479 1038 2517 loco
1053 2477 1160 2527 illud,
1183 2479 1304 2516 Plan-

354 2546 466 2589 tavit,
503 2542 554 2580 sie
574 2541 856 2593 intelligendum,
890 2539 1022 2577 scilicet
1044 2540 1162 2591 ipsum
1195 2539 1306 2591 inipe-

353 2618 462 2654 rasse,
487 2613 523 2640 ut
544 2602 732 2655 paradisus
753 2602 787 2639 i'n
808 2611 899 2638 terra
915 2600 1026 2649 fieret,
1046 2609 1084 2637 ut
1109 2600 1305 2652 productus

353 2669 460 2705 liniuo
480 2666 515 2704 in
529 2682 568 2703 eo
589 2662 916 2709 versaretui·.Qiiod
937 2671 1056 2699 autem
1072 2671 1217 2714 propter
1240 2663 1301 2701 lio-

355 2729 485 2765 iiiiiiein
499 2727 702 2780 paradisum
721 2723 962 2771 adornaverit,
984 2723 1068 2761 audi
1085 2723 1310 2775 Scripturaiii

356 2789 530 2826 dicentem
552 2804 559 2823 ε
583 2790 635 2825 Et
653 2788 850 2839 plantavit
872 2786 980 2822 Deus
1000 2785 1228 2836 paradisum
1265 2788 1305 2821 in

356 2851 481 2888 Edem
496 2852 544 2887 ab
567 2851 725 2893 oriente,
749 2856 784 2884 et
817 2848 944 2897 posuit
973 2846 1056 2883 illic
1089 2847 1299 2891 hominem,

357 2913 679 2964 iliwinsvrmavit.
712 2909 797 2947 Ideo
827 2908 932 2946 etiam
964 2907 1031 2945 loci
1051 2921 1176 2946 nomen
1204 2908 1306 2945 affert

355 2975 501 3025 Moyses
523 2973 556 3009 iii
578 2971 790 3023 Scripluris‚
812 2979 850 3007 ut
871 2984 913 3007 ne
938 2969 1060 3007 liceret
1094 2969 1223 3006 frustra
1242 2983 1306 3006 uu-

769 256 806 286 S.
844 255 1032 286 JOANNJS
1067 254 1309 285 CHRYSOST.
1351 256 1556 286 ARCHIEP.
1595 257 1954 288 CONSTANTINOP.

1371 342 1487 392 ψυχῆς
1509 339 1622 378 οὐσία.
1643 339 1712 379 Διὰ
1738 346 1838 380 τοῦτο
1861 341 1922 379 καὶ
1944 342 2025 394 περὶ
2045 344 2114 379 τῶν
2142 341 2274 394 ἀλόγων
2295 342 2390 395 ἔλεγε

1372 403 1544 449 Μωῦσῆς,
1564 401 1617 439 ὅτι
1635 402 1688 440 Τὸ
1719 397 1808 453 αἷμα
1844 405 1946 441 αὐτοῦ
1978 406 2000 449 ἡ
2027 403 2122 456 ψυχὴ
2155 406 2257 443 αὐτοῦ
2282 407 2388 443 ἐστιν.

1370 462 1456 500 Ἐπὶ
1476 462 1512 501 δὲ
1531 466 1591 500 τοῦ
1616 462 1797 514 ἀνθρώπου
1822 464 1919 502 οὐσία
1937 464 1988 508 τίς
2010 467 2102 502 ἐστιν
2131 465 2315 516 ἀσώματος
2334 466 2393 504 καὶ

1371 524 1540 567 ἀθάνατος
1556 523 1688 571 πολλὴν
1707 525 1793 578 πρὸς
1808 525 1848 563 τὸ
1867 528 1970 576 σῶμα
1987 525 2050 572 τὴν
2071 527 2245 579 ὑπεροχὴν
2266 543 2394 575 κεκτη-

1371 586 1480 638 με’νη,
1513 586 1572 624 καὶ
1600 586 1785 634 τοσαύτην,
1816 586 1900 633 ὅσην
1934 588 2024 631 εἰκὸς
2049 588 2088 625 τὸ
2120 588 2306 640 ἀσώματον
2334 592 2394 627 τοῦ

1370 648 1543 699 σώματος.
1565 648 1656 686 Ἀλλ’
1686 647 1770 691 ἴσως
1798 647 1890 686 εἴποι
1912 649 2039 693 τιςᾶν,
2073 649 2132 687 καὶ
2156 649 2246 693 τίνος
2266 649 2393 697 ἕνεκεν,

1369 712 1399 748 εἰ
1417 709 1622 762 τιμιώτερον
1639 713 1661 756 ἡ
1684 709 1779 761 ψυχὴ
1799 714 1859 748 τοῦ
1876 708 2060 761 σώματος,
2081 710 2121 748 τὸ
2137 710 2277 749 ἔλαττον
2298 712 2395 763 πρῶ-

1368 787 1426 810 τον
1449 773 1730 822 δημιουργεῖται,
1749 770 1809 808 καὶ
1824 770 1902 808 τότε
1930 770 1969 808 τὸ
1989 773 2104 821 μεῖζον
2126 771 2187 809 καὶ
2204 771 2396 824 ὑπερέχον;

1368 834 1449 885 Οὐχ
1476 835 1580 885 ὁρᾷς,
1612 831 1791 883 ἀγαπητὲ,
1815 831 1868 869 ὅτι
1898 832 1958 869 καὶ
1980 832 2064 870 flgiti.
2084 835 2147 879 τ’ἧς
2178 832 2324 875 κτίσεως
2356 832 2396 870 τὸ

1368 894 1452 932 αὐτὸ
1476 897 1576 931 τοῦτο
1599 893 1755 944 γέγονεν;
1775 891 1916 945 ςὨσπερ
1948 893 2015 945 γὰρ
2046 893 2209 945 οὐρανὸς,
2245 893 2305 931 καὶ
2331 896 2396 945 γῆ,

1367 954 1427 993 καὶ
1442 954 1541 1000 ἥλιος
1552 983 1561 1000 ,
1580 954 1639 992 καὶ
1655 953 1784 999 σελήνη
1800 984 1808 1001 ,
1827 953 1886 991 καὶ
1903 953 1945 991 τὰ
1966 956 2056 992 ἅλλα
2080 955 2197 993 πάντα
2213 955 2397 1006 ἐδημιουρ-

1367 1016 1455 1067 γήθη
1473 1046 1482 1063 ,
1499 1015 1558 1053 καὶ
1572 1015 1617 1053 τὰ
1634 1017 1706 1060 ζῶα
1724 1015 1768 1054 τὰ
1785 1016 1913 1068 ἄλογα,
1940 1016 1999 1054 καὶ
2020 1016 2109 1066 μετὰ
2132 1019 2241 1053 ταῦτα
2259 1015 2398 1053 ἅπαντα

1368 1079 1386 1114 ὁ
1416 1077 1618 1128 ἄνθρωπος,
1638 1080 1656 1114 ὃ
1677 1076 1805 1114 τούτων
1840 1077 2003 1116 ἁπάντων
2029 1076 2091 1124 τὴν
2126 1076 2237 1129 ἀρχὴν
2260 1076 2397 1126 μέλλων

1369 1137 1637 1190 ἐγχειρίζεσθαί·
1655 1139 1712 1177 τὸν
1744 1139 1844 1177 αὐτὸν
1867 1139 1907 1185 δὴ
1929 1139 2056 1190 τρόπον
2086 1139 2147 1177 καὶ
2180 1141 2214 1177 ἓν
2236 1139 2322 1190 αὐτῇ
2353 1139 2396 1189 τῇ

1370 1198 1557 1236 διαπλάσει
1580 1201 1640 1235 τοῦ
1665 1197 1849 1251 ἀνθρώπου
1871 1199 2039 1252 πρότερον
2060 1200 2098 1237 τὸ
2115 1201 2220 1249 σῶμα
2238 1199 2399 1250 παράγε-

1368 1275 1446 1307 ται,
1465 1259 1525 1297 καὶ
1552 1258 1633 1297 τότε
1657 1263 1678 1306 ἡ
1705 1258 1802 1311 ψυχὴ
1822 1262 1844 1306 ἡ
1864 1259 2072 1312 τιμιωτέρα.
2096 1259 2164 1298 ὁΟν
2184 1259 2250 1311 γὰρ
2271 1258 2399 1311 τρόπον

1369 1320 1415 1359 τὰ
1439 1321 1549 1371 ἄλογα
1568 1319 1612 1358 τὰ
1638 1321 1724 1374 πρὸς
1752 1320 1944 1373 ὑπηρεσίαν
1962 1322 2136 1371 με’λλοντα
2159 1323 2209 1373 τῷ
2228 1318 2400 1372 ἀνθρώπῳ

1371 1375 1459 1420 εἶναι
1473 1381 1633 1434 χρήσιμα
1647 1411 1656 1427 ,
1676 1381 1745 1434 πρὸ
1760 1386 1820 1419 τοῦ
1836 1381 2017 1434 ἀνθρώπου
2036 1383 2299 1434 δημιουργεῖται
2317 1409 2326 1426 ,
2341 1380 2400 1419 ἵνα

1371 1443 1514 1494 ἑτοίμην
1545 1443 1608 1495 ἔχῃ
1638 1442 1701 1490 τὴν
1732 1443 1926 1496 ὑπηρεσίαν
1957 1447 1974 1481 ὃ
2006 1443 2143 1494 μέλλων
2180 1446 2242 1490 τῆς
2271 1441 2399 1480 τούτων

1369 1503 1490 1556 χρείας
1512 1503 1719 1542 ἀπολαύειν·
1738 1503 1828 1541 οὕτω
1851 1504 1910 1542 καὶ
1937 1504 2004 1556 πρὸ
2022 1507 2082 1550 τῆς
2104 1506 2219 1556 ψυχῆς
2235 1504 2275 1541 τὸ
2294 1506 2400 1554 σῶμα

1371 1566 1649 1618 δημιουργεῖται,
1672 1564 1728 1603 ἵνα
1757 1565 1897 1603 ἐπειδὰν
1918 1565 2010 1603 κατὰ
2034 1565 2098 1612 τὴν
2116 1565 2314 1618 ἀπόρρητον
2336 1564 2399 1601 αὖ·

1370 1631 1429 1665 τοῦ
1455 1626 1577 1678 σοφίαν
1605 1630 1626 1672 ἦ
1654 1626 1750 1678 ψυχὴ
1775 1630 1961 1679 παραχθῇ,
1993 1626 2058 1678 ἔχῃ
2079 1626 2142 1670 τὰς
2160 1625 2288 1669 οἰκείας
2305 1627 2400 1677 ἔνερ-

1369 1687 1465 1739 γείας
1494 1687 1748 1726 ἐπιδείκνυσθαι
1769 1687 1826 1726 διὰ
1856 1691 1917 1734 τῆς
1942 1691 2002 1726 τοῦ
2021 1687 2184 1736 σώματος
2207 1686 2390 1733 κινήσεως.

1371 1749 1439 1788 Καὶ
1473 1749 1662 1801 ἐφύτευσε,
1689 1750 1804 1801 φησὶν,
1835 1752 1852 1787 ὃ
1875 1748 1964 1792 Θεὸς
1992 1749 2202 1802 παράδεισον
2233 1751 2266 1786 ἐν
2289 1747 2401 1798 Ἐδὲμ

1369 1811 1461 1849 κατὰ
1495 1810 1683 1856 ἀνατολὰς,
1719 1811 1780 1848 καὶ
1814 1811 1909 1848 ἔθετο
1942 1813 2012 1849 ε’κεῖ
2046 1810 2104 1848 τὸν
2134 1810 2328 1861 ἄνθρωπον,
2363 1809 2400 1847 ὃν

1370 1873 1533 1912 ἔπλασεν.
1551 1871 1699 1918 Ἐπειδὴ
1726 1871 1789 1918 τὴν
1816 1871 1945 1910 οἰκείαν
1977 1870 2239 1924 φιλανθρωπίαν
2271 1869 2403 1908 ἐπεδεί-

1371 1933 1452 1978 ξατο
1471 1936 1488 1971 ὅ
1507 1936 1574 1970 τῶν
1594 1932 1682 1970 ὅλων
1703 1932 1884 1979 Δεσπότης
1896 1963 1904 1979 ,
1925 1931 1984 1969 καὶ
2007 1933 2050 1969 δι’
2067 1932 2103 1969 ὃν
2120 1929 2236 1968 πάντα
2251 1930 2296 1968 τὰ
2315 1930 2402 1981 ὁρώ-

1371 2012 1458 2047 μενα
1492 1993 1508 2014 ¹³
1525 1993 1802 2047 ἐδημιούργησεν
1815 2024 1825 2041 ,
1859 1993 1919 2031 καὶ
1956 1992 2162 2045 παρήγαγεν
2203 1993 2250 2035 εἷς
2284 1990 2404 2042 μέσον,

1371 2057 1493 2101 εὐθέως
1522 2056 1670 2108 ἄρχεται
1696 2055 1759 2098 τὰς
1785 2057 1832 2097 εἷς
1862 2055 1965 2092 αὐτὸν
1990 2053 2186 2106 εὐεργεσίας
2214 2050 2400 2090 κατατίθε-

1370 2123 1462 2157 σθαι.
1487 2117 1557 2155 Koa
1586 2115 1768 2168 ἐφύτευσεν
1797 2119 1815 2153 ὃ
1843 2115 1956 2162 Θεὸς,
1991 2114 2102 2166 φησὶ,
2132 2113 2347 2166 παράδεισον
2369 2115 2403 2151 ἐν

1370 2178 1481 2229 Ἓδὲμ
1501 2177 1591 2215 κατὰ
1606 2175 1785 2219 ἀνατολάς.
1803 2175 1937 2214 Σκόπει
1952 2175 2012 2213 καὶ
2026 2177 2173 2213 ἐνταῦθα
2185 2205 2194 2221 ,
2217 2172 2380 2225 ἀγαπητὲ
2396 2203 2404 2220 ,

1370 2239 1423 2277 ὅτι
1451 2238 1508 2277 ἐὰν
1533 2238 1580 2287 μὴ
1602 2239 1800 2287 θεοπρεπῶς
1819 2235 1863 2274 τὰ
1891 2236 2032 2288 ῥήματα
2053 2234 2256 2287 δεχιῖιμεθα,
2276 2236 2323 2275 εἷς
2342 2236 2404 2284 βα-

1370 2300 1427 2338 θὺν
1457 2299 1610 2351 κρημνὸν
1631 2298 1765 2350 ἀνάγκη
1786 2300 2053 2349 κατενεχθῆναι.
2072 2296 2120 2335 Τί
2138 2296 2206 2348 γὰρ
2229 2295 2269 2332 ἂν
2294 2297 2404 2333 εἰπεῖν

1371 2361 1494 2413 ἔχοιεν,
1525 2359 1584 2397 καὶ
1615 2359 1671 2397 ἐπὶ
1704 2357 1825 2396 τούτου
1846 2363 1905 2396 τοῦ
1935 2359 2114 2410 ῥήματος,
2149 2358 2181 2393 οἱ
2212 2355 2328 2392 πάντα
2360 2354 2404 2393 τὰ

1327 2428 1349 2457 Ε
1438 2422 1445 2435 Χ
1521 2424 1542 2432 Ν
1620 2436 1631 2441 ³
1651 2425 1672 2432 Ν
1730 2435 1742 2441 ,
1779 2419 1786 2430 Ι
1819 2435 1831 2442 a
1921 2421 1930 2431 7
2062 2417 2069 2429 V
2170 2418 2183 2439 Ξ
2326 2416 2333 2428 Ι

1370 2437 1450 2473 περι
1484 2436 1542 2458 του
1580 2422 1671 2459 Θεου
1704 2421 1878 2470 λεγομενα
1912 2422 2137 2469 ανθρ(ι)πινως
2169 2416 2405 2467 εκλαμὸανειν

1371 2478 1586 2533 «magian-‚23
1608 2481 1677 2519 Καὶ
1700 2480 1881 2531 ἐφύτευσεν
1912 2483 1929 2518 ὃ
1957 2479 2065 2527 Θεὸς,
2096 2478 2202 2531 φησὶ,
2228 2477 2403 2530 παράδει-

1373 2560 1443 2582 σον.
1469 2544 1515 2581 Τί
1535 2537 1614 2588 οῧν;
1645 2541 1720 2580 εἶπέ
1748 2557 1823 2592 μοι·
1846 2540 2030 2588 σκαπάνης
2056 2541 2178 2587 ἐδεήθη
2198 2539 2258 2577 καὶ
2293 2554 2402 2590 γεωρ-

1371 2604 1449 2656 γίας
1463 2635 1471 2651 ,
1492 2605 1550 2642 καὶ
1581 2607 1642 2649 τῆς
1663 2603 1770 2648 ἄλλης
1799 2601 2018 2653 ἐπιμελείας,
2038 2600 2095 2638 ἵνα
2115 2600 2324 2650 καλλωπίσῃ
2347 2599 2404 2637 τὸν

1372 2665 1604 2718 παράδεισον,
1622 2665 1682 2710 Μὴ
1700 2663 1845 2716 γένοιτο.
1874 2663 1987 2701 Πάλιν
2007 2662 2074 2714 γὰρ
2095 2662 2154 2699 καὶ
2174 2664 2322 2699 ἐνταῦθα
2348 2660 2405 2706 τὸ,

1373 2726 1596 2778 Ἐ’,οότευσεν,
1627 2724 1717 2763 οὕτω
1754 2726 1804 2762 δεῖ
1825 2729 1924 2767 νοεῖν,
1951 2724 2003 2761 ὅτι
2023 2722 2214 2772 προσέταξε
2234 2721 2408 2775 παράδει-

1374 2804 1431 2826 σον
1454 2791 1487 2826 ἐν
1509 2791 1551 2839 τῇ
1573 2791 1616 2839 γῇ
1637 2786 1818 2835 γενέσθαι,
1837 2785 1927 2823 ὥστε
1947 2785 2004 2823 τὸν
2025 2779 2252 2836 παραχθέντα
2276 2782 2407 2834 ἅνθρω-

1373 2865 1436 2887 πον
1469 2849 1578 2900 τούτῳ
1607 2850 1856 2887 ἐνδιαιτᾶσθαι.
1887 2846 1973 2885 “On
2007 2844 2073 2897 γὰρ
2111 2845 2166 2882 διὰ
2197 2848 2315 2882 τοῦτον
2349 2843 2408 2881 τὸν

1374 2909 1583 2962 παράδεισον
1614 2909 1833 2960 παρήγαγεν,
1865 2907 2011 2944 ἄκουσον
2047 2908 2152 2952 αὐτ-ἧς
2184 2908 2246 2951 τῆς
2267 2905 2411 2956 Γραφῆς

1373 2970 1558 3022 λεγούσης·
1580 2970 1647 3008 Καὶ
1667 2969 1852 3022 ἐφύτευσεν
1874 2971 1891 3006 ὃ
1908 2968 1997 3011 Θεὸς
2017 2966 2227 3018 παράδεισον
2247 2968 2281 3004 ἐν
2298 2963 2409 3014 Ἰὲδὲμ

359 3035 434 3083 gari
452 3033 653 3071 volentibus
666 3031 926 3083 simpliciorum
943 3029 1090 3068 auribus
1109 3029 1304 3082 imponere,
1318 3031 1467 3081 103κατὰ
1501 3031 1691 3078 ἀκατολὰς,
1726 3031 1785 3068 καὶ
1824 3028 1920 3067 ἔθετο
1951 3031 2021 3066 ἐκεῖ
2063 3028 2120 3065 τὸν
2156 3026 2336 3079 ἄνθρωπον
2372 3025 2408 3063 ὃν

357 3096 556 3145 dicereque,
578 3109 644 3131 nou
660 3109 731 3131 csse
760 3093 901 3131 interra
921 3091 1140 3145 paradisum,
1176 3090 1237 3129 scd
1271 3091 1305 3128 in
1331 3094 1354 3122 A
1377 3093 1538 3131 ἔπλασεν.
1562 3094 1629 3130 Διὰ
1651 3095 1752 3130 τοῦτο
1779 3091 1838 3128 καὶ
1860 3090 1899 3127 τὸ
1930 3090 2041 3140 ὄνομα
2064 3093 2122 3126 τοῦ
2146 3086 2253 3125 τόπου
2276 3085 2410 3132 ἐντίθη-

359 3158 455 3203 cmlo,
479 3166 510 3193 ct
539 3156 676 3192 subulas
697 3154 902 3206 hujusmodi
938 3153 1127 3192 somniare.
1156 3154 1247 3192 Nam
1279 3153 1308 3191 si

360 3234 440 3256 cuiii
457 3218 579 3255 diviua
601 3217 783 3267 Scriptura
799 3225 892 3253 tauta
911 3230 971 3253 usa
983 3215 1027 3252 sit
1046 3213 1235 3253 verborum
1253 3228 1310 3252 ac-

362 3280 553 3327 curatione,
571 3293 639 3315 n‹›ii
654 3277 864 3314 dubitarunt
885 3285 999 3314 tamen
1033 3275 1180 3327 quidam
1196 3275 1241 3313 de
1263 3275 1312 3312 sa—

406 3434 416 3446 ·¹
433 3419 568 3452 (iolsiin.
590 3425 634 3453 ‘'r-<1
658 3428 706 3456 τῆς
722 3427 771 3460 γῆς
788 3424 833 3450 mi
853 3427 902 3454 τῆς
921 3424 1048 3454 κτίσεως.

1378 3169 1430 3190 σιν
1452 3156 1486 3191 ἐν
1505 3160 1574 3195 τοῖς
1601 3152 1806 3204 γράμμασιν
1827 3154 1844 3189 ὁ
1871 3150 2043 3203 μακάριος
2066 3150 2219 3193 Μωϋσῆς
2234 3178 2242 3192 ,
2274 3146 2330 3184 ἵνα
2358 3146 2406 3197 μὴ

1379 3213 1436 3265 εξῇ
1457 3220 1525 3257 τοῖς
1562 3215 1726 3265 φλυαρεῖν
1761 3211 1875 3262 μάτην
1913 3209 2133 3262 βουλομένοις
2169 3210 2307 3260 ἀπατᾷν
2338 3211 2407 3246 τῶν

2113 3270 2161 3316 μὴ
2185 3264 2271 3308 εἶναι
2300 3270 2335 3306 ἐν
2366 3271 2409 3319 τῇ

1380 3274 1618 3327 ἀφελεστέρων
1639 3273 1701 3316 τὰς
1723 3273 1850 3319 ἀκοὰς,
1870 3272 1929 3310 καὶ
1956 3270 2082 3322 λέγειν,
2113 3306 2118 3320 ⁸

1451 3417 1465 3438 1·
1481 3413 1616 3445 (Zoislin-
1635 3417 1863 3459 fficpvayfflc.
