<?xml version="1.0" encoding="UTF-8"?>
<!DOCTYPE html PUBLIC "-//W3C//DTD XHTML 1.0 Transitional//EN"
    "http://www.w3.org/TR/xhtml1/DTD/xhtml1-transitional.dtd">
<html xmlns="http://www.w3.org/1999/xhtml" xml:lang="en" lang="en">
 <head>
  <title>
</title>
<meta http-equiv="Content-Type" content="text/html;charset=utf-8" />
  <meta name='ocr-system' content='tesseract 3.04.00' />
  <meta name='ocr-capabilities' content='ocr_page ocr_carea ocr_par ocr_line ocrx_word'/>
</head>
<body>
  <div class='ocr_page' id='page_1' title='image "./operaomniaquaeex04johnuoft_0670.png"; bbox 0 0 2516 3791; ppageno 0'>
   <div class='ocr_carea' id='block_1_1' title="bbox 77 744 256 775">
    <p class='ocr_par' dir='ltr' id='par_1_1' title="bbox 77 744 256 775">
     <span class='ocr_line' id='line_1_1' title="bbox 77 744 256 775; baseline -0.017 -3"><span class='ocrx_word' id='word_1_1' title='bbox 77 746 152 775; x_wconf 83' lang='lat' dir='ltr'>Cen.</span> <span class='ocrx_word' id='word_1_2' title='bbox 168 744 216 773; x_wconf 83' lang='lat'>32.</span> <span class='ocrx_word' id='word_1_3' title='bbox 233 752 256 770; x_wconf 82' lang='grc' dir='ltr'>ι.</span> 
     </span>
    </p>
   </div>
   <div class='ocr_carea' id='block_1_2' title="bbox 84 2713 249 2752">
    <p class='ocr_par' dir='ltr' id='par_1_2' title="bbox 84 2713 249 2752">
     <span class='ocr_line' id='line_1_2' title="bbox 84 2713 249 2752; baseline 0.006 -11"><span class='ocrx_word' id='word_1_4' title='bbox 84 2713 249 2752; x_wconf 78' lang='lat' dir='ltr'>Capul.32.</span> 
     </span>
    </p>
   </div>
   <div class='ocr_carea' id='block_1_3' title="bbox 271 158 721 205">
    <p class='ocr_par' dir='ltr' id='par_1_3' title="bbox 271 158 721 205">
     <span class='ocr_line' id='line_1_3' title="bbox 271 158 721 205; baseline -0.011 0"><span class='ocrx_word' id='word_1_5' title='bbox 271 158 364 205; x_wconf 82' lang='lat'>650</span> <span class='ocrx_word' id='word_1_6' title='bbox 684 171 721 200; x_wconf 87' lang='lat' dir='ltr'>s.</span> 
     </span>
    </p>
   </div>
   <div class='ocr_carea' id='block_1_4' title="bbox 271 246 1225 550">
    <p class='ocr_par' dir='ltr' id='par_1_4' title="bbox 271 246 1225 550">
     <span class='ocr_line' id='line_1_4' title="bbox 271 246 1222 302; baseline -0.009 -9"><span class='ocrx_word' id='word_1_7' title='bbox 271 269 352 294; x_wconf 88' lang='lat' dir='ltr'>mus</span> <span class='ocrx_word' id='word_1_8' title='bbox 370 254 562 302; x_wconf 87' lang='lat' dir='ltr'>rationem,</span> <span class='ocrx_word' id='word_1_9' title='bbox 585 262 624 291; x_wconf 90' lang='lat' dir='ltr'>ut</span> <span class='ocrx_word' id='word_1_10' title='bbox 644 266 713 290; x_wconf 92' lang='lat' dir='ltr'>non</span> <span class='ocrx_word' id='word_1_11' title='bbox 732 251 848 290; x_wconf 91' lang='lat' dir='ltr'>solum</span> <span class='ocrx_word' id='word_1_12' title='bbox 866 247 1054 302; x_wconf 71' lang='lat' dir='ltr'>praesentia</span> <span class='ocrx_word' id='word_1_13' title='bbox 1067 277 1080 298; x_wconf 91' lang='lat'>,</span> <span class='ocrx_word' id='word_1_14' title='bbox 1103 246 1164 285; x_wconf 89' lang='lat' dir='ltr'>sed</span> <span class='ocrx_word' id='word_1_15' title='bbox 1188 255 1222 285; x_wconf 94' lang='lat' dir='ltr'>et</span> 
     </span>
     <span class='ocr_line' id='line_1_5' title="bbox 271 307 1224 363; baseline -0.012 -8"><span class='ocrx_word' id='word_1_16' title='bbox 271 317 392 354; x_wconf 84' lang='lat' dir='ltr'>futura</span> <span class='ocrx_word' id='word_1_17' title='bbox 414 316 506 353; x_wconf 86' lang='lat' dir='ltr'>bona</span> <span class='ocrx_word' id='word_1_18' title='bbox 533 326 802 363; x_wconf 79' lang='lat' dir='ltr'>consequamur,</span> <span class='ocrx_word' id='word_1_19' title='bbox 821 309 934 361; x_wconf 83' lang='lat' dir='ltr'>gratia</span> <span class='ocrx_word' id='word_1_20' title='bbox 953 318 985 346; x_wconf 92' lang='lat' dir='ltr'>et</span> <span class='ocrx_word' id='word_1_21' title='bbox 1004 307 1224 359; x_wconf 85' lang='lat' dir='ltr'>benignitate</span> 
     </span>
     <span class='ocr_line' id='line_1_6' title="bbox 272 369 1224 421; baseline -0.011 -5"><span class='ocrx_word' id='word_1_22' title='bbox 272 377 419 416; x_wconf 79' lang='lat' dir='ltr'>Domini</span> <span class='ocrx_word' id='word_1_23' title='bbox 440 376 549 414; x_wconf 84' lang='lat' dir='ltr'>nostri</span> <span class='ocrx_word' id='word_1_24' title='bbox 568 377 651 414; x_wconf 88' lang='lat' dir='ltr'>Jesu</span> <span class='ocrx_word' id='word_1_25' title='bbox 673 372 806 411; x_wconf 78' lang='lat' dir='ltr'>Christi</span> <span class='ocrx_word' id='word_1_26' title='bbox 822 401 832 419; x_wconf 87' lang='lat'>,</span> <span class='ocrx_word' id='word_1_27' title='bbox 853 385 935 408; x_wconf 90' lang='lat' dir='ltr'>cum</span> <span class='ocrx_word' id='word_1_28' title='bbox 959 384 1030 421; x_wconf 93' lang='lat' dir='ltr'>quo</span> <span class='ocrx_word' id='word_1_29' title='bbox 1057 369 1155 407; x_wconf 86' lang='lat' dir='ltr'>Patri</span> <span class='ocrx_word' id='word_1_30' title='bbox 1175 369 1224 407; x_wconf 89' lang='lat' dir='ltr'>si-</span> 
     </span>
     <span class='ocr_line' id='line_1_7' title="bbox 273 430 1225 489; baseline -0.009 -12"><span class='ocrx_word' id='word_1_31' title='bbox 273 438 348 476; x_wconf 91' lang='lat' dir='ltr'>mul</span> <span class='ocrx_word' id='word_1_32' title='bbox 360 447 391 475; x_wconf 90' lang='lat' dir='ltr'>et</span> <span class='ocrx_word' id='word_1_33' title='bbox 403 436 553 489; x_wconf 85' lang='lat' dir='ltr'>Spiritui</span> <span class='ocrx_word' id='word_1_34' title='bbox 566 443 687 472; x_wconf 84' lang='lat' dir='ltr'>sancto</span> <span class='ocrx_word' id='word_1_35' title='bbox 705 433 751 470; x_wconf 91' lang='lat' dir='ltr'>sit</span> <span class='ocrx_word' id='word_1_36' title='bbox 763 431 892 483; x_wconf 83' lang='lat' dir='ltr'>gloria,</span> <span class='ocrx_word' id='word_1_37' title='bbox 910 430 1116 483; x_wconf 87' lang='lat' dir='ltr'>imperium,</span> <span class='ocrx_word' id='word_1_38' title='bbox 1129 444 1225 469; x_wconf 88' lang='lat' dir='ltr'>nunc</span> 
     </span>
     <span class='ocr_line' id='line_1_8' title="bbox 273 492 1108 550; baseline -0.011 -12"><span class='ocrx_word' id='word_1_39' title='bbox 273 509 307 538; x_wconf 87' lang='lat' dir='ltr'>et</span> <span class='ocrx_word' id='word_1_40' title='bbox 325 512 474 550; x_wconf 81' lang='lat' dir='ltr'><strong>semper,</strong></span> <span class='ocrx_word' id='word_1_41' title='bbox 491 506 524 535; x_wconf 90' lang='lat' dir='ltr'>et</span> <span class='ocrx_word' id='word_1_42' title='bbox 539 496 575 533; x_wconf 90' lang='lat' dir='ltr'>iu</span> <span class='ocrx_word' id='word_1_43' title='bbox 594 494 723 533; x_wconf 79' lang='lat' dir='ltr'>saecula</span> <span class='ocrx_word' id='word_1_44' title='bbox 741 492 965 531; x_wconf 77' lang='lat' dir='ltr'>saeculorum.</span> <span class='ocrx_word' id='word_1_45' title='bbox 983 494 1108 530; x_wconf 90' lang='lat' dir='ltr'>Amen.</span> 
     </span>
    </p>
   </div>
   <div class='ocr_carea' id='block_1_5' title="bbox 561 623 938 663">
    <p class='ocr_par' dir='ltr' id='par_1_5' title="bbox 561 623 938 663">
     <span class='ocr_line' id='line_1_9' title="bbox 561 623 938 663; baseline -0.011 0"><span class='ocrx_word' id='word_1_46' title='bbox 561 624 775 663; x_wconf 88' lang='lat' dir='ltr'><strong>HOMILIA</strong></span> <span class='ocrx_word' id='word_1_47' title='bbox 804 623 938 662; x_wconf 87' lang='lat' dir='ltr'><strong>LVIII.</strong></span> 
     </span>
    </p>
   </div>
   <div class='ocr_carea' id='block_1_6' title="bbox 276 744 1271 986">
    <p class='ocr_par' dir='ltr' id='par_1_6' title="bbox 276 744 1271 986">
     <span class='ocr_line' id='line_1_10' title="bbox 276 744 1229 789; baseline -0.008 0"><span class='ocrx_word' id='word_1_48' title='bbox 276 751 320 789; x_wconf 88' lang='lat' dir='ltr'>Et</span> <span class='ocrx_word' id='word_1_49' title='bbox 338 749 482 788; x_wconf 86' lang='lat' dir='ltr'>elevatis</span> <span class='ocrx_word' id='word_1_50' title='bbox 512 747 626 786; x_wconf 88' lang='lat' dir='ltr'>oculis</span> <span class='ocrx_word' id='word_1_51' title='bbox 654 747 766 787; x_wconf 86' lang='lat' dir='ltr'>Jacob</span> <span class='ocrx_word' id='word_1_52' title='bbox 795 745 887 784; x_wconf 84' lang='lat' dir='ltr'>vidit</span> <span class='ocrx_word' id='word_1_53' title='bbox 919 754 1032 783; x_wconf 85' lang='lat' dir='ltr'>castra</span> <span class='ocrx_word' id='word_1_54' title='bbox 1056 744 1123 782; x_wconf 92' lang='lat' dir='ltr'>Dei</span> <span class='ocrx_word' id='word_1_55' title='bbox 1156 758 1229 781; x_wconf 91' lang='lat' dir='ltr'>me-</span> 
     </span>
     <span class='ocr_line' id='line_1_11' title="bbox 324 807 1227 860; baseline -0.008 -11"><span class='ocrx_word' id='word_1_56' title='bbox 324 821 411 860; x_wconf 85' lang='lat' dir='ltr'>tata,</span> <span class='ocrx_word' id='word_1_57' title='bbox 433 820 467 848; x_wconf 90' lang='lat' dir='ltr'>et</span> <span class='ocrx_word' id='word_1_58' title='bbox 485 818 714 848; x_wconf 83' lang='lat' dir='ltr'>occurrerunt</span> <span class='ocrx_word' id='word_1_59' title='bbox 733 808 766 846; x_wconf 86' lang='lat' dir='ltr'>ei</span> <span class='ocrx_word' id='word_1_60' title='bbox 790 808 907 860; x_wconf 78' lang='lat' dir='ltr'>angeli</span> <span class='ocrx_word' id='word_1_61' title='bbox 927 807 1019 856; x_wconf 81' lang='lat' dir='ltr'>Dei3</span> <span class='ocrx_word' id='word_1_62' title='bbox 1040 820 1127 857; x_wconf 88' lang='lat' dir='ltr'>quos</span> <span class='ocrx_word' id='word_1_63' title='bbox 1146 819 1227 844; x_wconf 91' lang='lat' dir='ltr'>cum</span> 
     </span>
     <span class='ocr_line' id='line_1_12' title="bbox 324 867 1271 922; baseline -0.007 -12"><span class='ocrx_word' id='word_1_64' title='bbox 324 872 487 922; x_wconf 76' lang='lat' dir='ltr'>vidisset,</span> <span class='ocrx_word' id='word_1_65' title='bbox 504 870 598 909; x_wconf 78' lang='lat' dir='ltr'>dixit</span> <span class='ocrx_word' id='word_1_66' title='bbox 612 870 722 909; x_wconf 82' lang='lat' dir='ltr'>Jacob</span> <span class='ocrx_word' id='word_1_67' title='bbox 739 885 746 906; x_wconf 92' lang='lat'><strong>:</strong></span> <span class='ocrx_word' id='word_1_68' title='bbox 768 870 892 907; x_wconf 81' lang='lat' dir='ltr'>Castra</span> <span class='ocrx_word' id='word_1_69' title='bbox 906 868 973 905; x_wconf 92' lang='lat' dir='ltr'>Dei</span> <span class='ocrx_word' id='word_1_70' title='bbox 993 877 1078 905; x_wconf 92' lang='lat' dir='ltr'>sunt</span> <span class='ocrx_word' id='word_1_71' title='bbox 1092 867 1179 917; x_wconf 84' lang='lat' dir='ltr'>haec,</span> <span class='ocrx_word' id='word_1_72' title='bbox 1195 875 1229 904; x_wconf 90' lang='lat' dir='ltr'>et</span> <span class='ocrx_word' id='word_1_73' title='bbox 1248 872 1271 901; x_wconf 86' lang='lat' dir='ltr'><strong>E</strong></span> 
     </span>
     <span class='ocr_line' id='line_1_13' title="bbox 326 929 1046 986; baseline -0.008 -15"><span class='ocrx_word' id='word_1_74' title='bbox 326 932 521 986; x_wconf 85' lang='lat' dir='ltr'>appellavit</span> <span class='ocrx_word' id='word_1_75' title='bbox 539 945 667 969; x_wconf 90' lang='lat' dir='ltr'>nomen</span> <span class='ocrx_word' id='word_1_76' title='bbox 685 929 755 968; x_wconf 86' lang='lat' dir='ltr'>loci</span> <span class='ocrx_word' id='word_1_77' title='bbox 771 929 886 978; x_wconf 88' lang='lat' dir='ltr'>illius,</span> <span class='ocrx_word' id='word_1_78' title='bbox 910 929 1046 967; x_wconf 81' lang='lat' dir='ltr'>Castra.</span> 
     </span>
    </p>
   </div>
   <div class='ocr_carea' id='block_1_7' title="bbox 266 1129 1275 3435">
    <p class='ocr_par' dir='ltr' id='par_1_7' title="bbox 266 1129 1275 3435">
     <span class='ocr_line' id='line_1_14' title="bbox 327 1129 1225 1183; baseline -0.008 -10"><span class='ocrx_word' id='word_1_79' title='bbox 327 1139 342 1173; x_wconf 82' lang='grc'>1</span> <span class='ocrx_word' id='word_1_80' title='bbox 357 1166 363 1173; x_wconf 94' lang='grc'>.</span> <span class='ocrx_word' id='word_1_81' title='bbox 396 1134 478 1173; x_wconf 89' lang='lat' dir='ltr'>Scio</span> <span class='ocrx_word' id='word_1_82' title='bbox 495 1148 556 1172; x_wconf 74' lang='lat' dir='ltr'>vos</span> <span class='ocrx_word' id='word_1_83' title='bbox 574 1132 652 1171; x_wconf 89' lang='lat' dir='ltr'>heri</span> <span class='ocrx_word' id='word_1_84' title='bbox 666 1131 878 1183; x_wconf 77' lang='lat' dir='ltr'>defatigatos</span> <span class='ocrx_word' id='word_1_85' title='bbox 892 1130 1017 1180; x_wconf 88' lang='lat' dir='ltr'>fuisse,</span> <span class='ocrx_word' id='word_1_86' title='bbox 1036 1129 1138 1167; x_wconf 91' lang='lat' dir='ltr'>nobis</span> <span class='ocrx_word' id='word_1_87' title='bbox 1153 1142 1225 1166; x_wconf 88' lang='lat' dir='ltr'>ser-</span> 
     </span>
     <span class='ocr_line' id='line_1_15' title="bbox 273 1191 1226 1248; baseline -0.008 -12"><span class='ocrx_word' id='word_1_88' title='bbox 273 1211 414 1236; x_wconf 88' lang='lat' dir='ltr'>monem</span> <span class='ocrx_word' id='word_1_89' title='bbox 434 1196 610 1248; x_wconf 77' lang='lat' dir='ltr'>prolixius</span> <span class='ocrx_word' id='word_1_90' title='bbox 633 1192 920 1232; x_wconf 77' lang='lat' dir='ltr'>extendentibus:</span> <span class='ocrx_word' id='word_1_91' title='bbox 933 1192 993 1229; x_wconf 88' lang='lat' dir='ltr'>sed</span> <span class='ocrx_word' id='word_1_92' title='bbox 1008 1191 1101 1230; x_wconf 90' lang='lat' dir='ltr'>bono</span> <span class='ocrx_word' id='word_1_93' title='bbox 1117 1199 1226 1228; x_wconf 85' lang='lat' dir='ltr'>estote</span> 
     </span>
     <span class='ocr_line' id='line_1_16' title="bbox 271 1248 1225 1305; baseline -0.009 -11"><span class='ocrx_word' id='word_1_94' title='bbox 271 1257 414 1305; x_wconf 81' lang='lat' dir='ltr'>anim03</span> <span class='ocrx_word' id='word_1_95' title='bbox 436 1255 536 1292; x_wconf 85' lang='lat' dir='ltr'>labor</span> <span class='ocrx_word' id='word_1_96' title='bbox 560 1262 675 1291; x_wconf 76' lang='lat' dir='ltr'>vester</span> <span class='ocrx_word' id='word_1_97' title='bbox 695 1265 764 1289; x_wconf 90' lang='lat' dir='ltr'>non</span> <span class='ocrx_word' id='word_1_98' title='bbox 781 1261 831 1289; x_wconf 86' lang='lat' dir='ltr'>est</span> <span class='ocrx_word' id='word_1_99' title='bbox 847 1250 962 1288; x_wconf 87' lang='lat' dir='ltr'>inanis</span> <span class='ocrx_word' id='word_1_100' title='bbox 985 1266 991 1286; x_wconf 95' lang='lat'>:</span> <span class='ocrx_word' id='word_1_101' title='bbox 1013 1250 1047 1287; x_wconf 91' lang='lat' dir='ltr'>in</span> <span class='ocrx_word' id='word_1_102' title='bbox 1070 1248 1225 1287; x_wconf 90' lang='lat' dir='ltr'>Domino</span> 
     </span>
     <span class='ocr_line' id='line_1_17' title="bbox 270 1310 1225 1366; baseline -0.008 -11"><span class='ocrx_word' id='word_1_103' title='bbox 270 1318 365 1355; x_wconf 84' lang='lat' dir='ltr'>enim</span> <span class='ocrx_word' id='word_1_104' title='bbox 383 1317 496 1354; x_wconf 87' lang='lat' dir='ltr'>factus</span> <span class='ocrx_word' id='word_1_105' title='bbox 524 1323 598 1362; x_wconf 87' lang='lat' dir='ltr'>est,</span> <span class='ocrx_word' id='word_1_106' title='bbox 618 1322 763 1366; x_wconf 88' lang='lat' dir='ltr'>propter</span> <span class='ocrx_word' id='word_1_107' title='bbox 782 1327 887 1363; x_wconf 90' lang='lat' dir='ltr'>quem</span> <span class='ocrx_word' id='word_1_108' title='bbox 910 1321 943 1350; x_wconf 91' lang='lat' dir='ltr'>et</span> <span class='ocrx_word' id='word_1_109' title='bbox 973 1310 1092 1349; x_wconf 76' lang='lat' dir='ltr'>brevis</span> <span class='ocrx_word' id='word_1_110' title='bbox 1122 1310 1225 1348; x_wconf 85' lang='lat' dir='ltr'>labor</span> 
     </span>
     <span class='ocr_line' id='line_1_18' title="bbox 270 1370 1225 1430; baseline -0.01 -14"><span class='ocrx_word' id='word_1_111' title='bbox 270 1391 434 1430; x_wconf 84' lang='lat' dir='ltr'>magnam</span> <span class='ocrx_word' id='word_1_112' title='bbox 456 1374 648 1414; x_wconf 80' lang='lat' dir='ltr'>mercedem</span> <span class='ocrx_word' id='word_1_113' title='bbox 672 1373 774 1411; x_wconf 78' lang='lat' dir='ltr'>vohis</span> <span class='ocrx_word' id='word_1_114' title='bbox 791 1373 966 1410; x_wconf 86' lang='lat' dir='ltr'>allaturus</span> <span class='ocrx_word' id='word_1_115' title='bbox 986 1381 1049 1409; x_wconf 85' lang='lat' dir='ltr'>est.</span> <span class='ocrx_word' id='word_1_116' title='bbox 1073 1371 1165 1408; x_wconf 87' lang='lat' dir='ltr'>Nam</span> <span class='ocrx_word' id='word_1_117' title='bbox 1182 1370 1225 1407; x_wconf 88' lang='lat' dir='ltr'>li-</span> 
     </span>
     <span class='ocr_line' id='line_1_19' title="bbox 270 1432 1226 1490; baseline -0.009 -13"><span class='ocrx_word' id='word_1_118' title='bbox 270 1448 323 1477; x_wconf 91' lang='lat' dir='ltr'>cet</span> <span class='ocrx_word' id='word_1_119' title='bbox 342 1452 470 1490; x_wconf 84' lang='lat' dir='ltr'>corpus</span> <span class='ocrx_word' id='word_1_120' title='bbox 491 1436 710 1487; x_wconf 79' lang='lat' dir='ltr'>fatigaretur,</span> <span class='ocrx_word' id='word_1_121' title='bbox 730 1434 848 1472; x_wconf 77' lang='lat' dir='ltr'>anima</span> <span class='ocrx_word' id='word_1_122' title='bbox 866 1443 983 1471; x_wconf 86' lang='lat' dir='ltr'>tamen</span> <span class='ocrx_word' id='word_1_123' title='bbox 1007 1432 1119 1484; x_wconf 78' lang='lat' dir='ltr'>magis</span> <span class='ocrx_word' id='word_1_124' title='bbox 1140 1446 1226 1469; x_wconf 87' lang='lat' dir='ltr'>con-</span> 
     </span>
     <span class='ocr_line' id='line_1_20' title="bbox 269 1493 1226 1547; baseline -0.008 -10"><span class='ocrx_word' id='word_1_125' title='bbox 269 1499 493 1536; x_wconf 81' lang='lat' dir='ltr'>firmabatur.</span> <span class='ocrx_word' id='word_1_126' title='bbox 513 1496 598 1534; x_wconf 89' lang='lat' dir='ltr'>Ideo</span> <span class='ocrx_word' id='word_1_127' title='bbox 617 1505 651 1533; x_wconf 90' lang='lat' dir='ltr'>et</span> <span class='ocrx_word' id='word_1_128' title='bbox 671 1495 744 1547; x_wconf 87' lang='lat' dir='ltr'>ipse</span> <span class='ocrx_word' id='word_1_129' title='bbox 765 1494 889 1533; x_wconf 80' lang='lat' dir='ltr'>videns</span> <span class='ocrx_word' id='word_1_130' title='bbox 907 1503 1065 1532; x_wconf 69' lang='lat' dir='ltr'>vestrum</span> <span class='ocrx_word' id='word_1_131' title='bbox 1086 1493 1226 1530; x_wconf 66' lang='lat' dir='ltr'>fervens</span> 
     </span>
     <span class='ocr_line' id='line_1_21' title="bbox 269 1552 1226 1604; baseline -0.008 -6"><span class='ocrx_word' id='word_1_132' title='bbox 269 1559 487 1597; x_wconf 84' lang='lat' dir='ltr'>desiderium</span> <span class='ocrx_word' id='word_1_133' title='bbox 505 1566 538 1595; x_wconf 91' lang='lat' dir='ltr'>et</span> <span class='ocrx_word' id='word_1_134' title='bbox 560 1555 732 1604; x_wconf 85' lang='lat' dir='ltr'>studium,</span> <span class='ocrx_word' id='word_1_135' title='bbox 749 1555 913 1593; x_wconf 81' lang='lat' dir='ltr'>volebam</span> <span class='ocrx_word' id='word_1_136' title='bbox 933 1554 1137 1592; x_wconf 82' lang='lat' dir='ltr'>contrahere</span> <span class='ocrx_word' id='word_1_137' title='bbox 1164 1552 1226 1590; x_wconf 94' lang='lat' dir='ltr'>do-</span> 
     </span>
     <span class='ocr_line' id='line_1_22' title="bbox 268 1614 1275 1666; baseline -0.008 -8"><span class='ocrx_word' id='word_1_138' title='bbox 268 1621 389 1658; x_wconf 78' lang='lat' dir='ltr'>ctrinae</span> <span class='ocrx_word' id='word_1_139' title='bbox 409 1631 606 1657; x_wconf 89' lang='lat' dir='ltr'>sermonem</span> <span class='ocrx_word' id='word_1_140' title='bbox 613 1632 623 1666; x_wconf 82' lang='lat'><em>3</em></span> <span class='ocrx_word' id='word_1_141' title='bbox 645 1616 706 1654; x_wconf 87' lang='lat' dir='ltr'>sed</span> <span class='ocrx_word' id='word_1_142' title='bbox 725 1625 914 1666; x_wconf 83' lang='lat' dir='ltr'>antequam</span> <span class='ocrx_word' id='word_1_143' title='bbox 933 1615 1095 1652; x_wconf 81' lang='lat' dir='ltr'>finiretur</span> <span class='ocrx_word' id='word_1_144' title='bbox 1113 1614 1226 1652; x_wconf 87' lang='lat' dir='ltr'>histo·</span> <span class='ocrx_word' id='word_1_145' title='bbox 1249 1629 1275 1657; x_wconf 68' lang='lat' dir='ltr'>A</span> 
     </span>
     <span class='ocr_line' id='line_1_23' title="bbox 266 1674 1227 1730; baseline -0.008 -11"><span class='ocrx_word' id='word_1_146' title='bbox 266 1681 340 1730; x_wconf 86' lang='lat' dir='ltr'>ria,</span> <span class='ocrx_word' id='word_1_147' title='bbox 369 1679 492 1729; x_wconf 91' lang='lat' dir='ltr'>nolui,</span> <span class='ocrx_word' id='word_1_148' title='bbox 522 1677 634 1716; x_wconf 87' lang='lat' dir='ltr'>sciens</span> <span class='ocrx_word' id='word_1_149' title='bbox 664 1691 720 1714; x_wconf 92' lang='lat' dir='ltr'>me</span> <span class='ocrx_word' id='word_1_150' title='bbox 744 1676 844 1713; x_wconf 85' lang='lat' dir='ltr'>vobis</span> <span class='ocrx_word' id='word_1_151' title='bbox 872 1676 940 1713; x_wconf 88' lang='lat' dir='ltr'>hac</span> <span class='ocrx_word' id='word_1_152' title='bbox 958 1675 1094 1712; x_wconf 86' lang='lat' dir='ltr'>ratione</span> <span class='ocrx_word' id='word_1_153' title='bbox 1112 1674 1227 1725; x_wconf 86' lang='lat' dir='ltr'>magis</span> 
     </span>
     <span class='ocr_line' id='line_1_24' title="bbox 267 1735 1228 1794; baseline -0.008 -14"><span class='ocrx_word' id='word_1_154' title='bbox 267 1741 566 1794; x_wconf 82' lang='lat' dir='ltr'>gratificaturum.</span> <span class='ocrx_word' id='word_1_155' title='bbox 589 1737 788 1777; x_wconf 84' lang='lat' dir='ltr'>Multitudo</span> <span class='ocrx_word' id='word_1_156' title='bbox 818 1736 912 1774; x_wconf 89' lang='lat' dir='ltr'>enim</span> <span class='ocrx_word' id='word_1_157' title='bbox 938 1735 1117 1773; x_wconf 83' lang='lat' dir='ltr'>dictorum</span> <span class='ocrx_word' id='word_1_158' title='bbox 1144 1735 1228 1773; x_wconf 88' lang='lat' dir='ltr'>satis</span> 
     </span>
     <span class='ocr_line' id='line_1_25' title="bbox 267 1796 1229 1852; baseline -0.009 -10"><span class='ocrx_word' id='word_1_159' title='bbox 267 1803 470 1842; x_wconf 87' lang='lat' dir='ltr'>declarabat</span> <span class='ocrx_word' id='word_1_160' title='bbox 501 1799 717 1852; x_wconf 79' lang='lat' dir='ltr'>inexplebile</span> <span class='ocrx_word' id='word_1_161' title='bbox 750 1807 912 1836; x_wconf 76' lang='lat' dir='ltr'>vestrum</span> <span class='ocrx_word' id='word_1_162' title='bbox 943 1796 1165 1835; x_wconf 87' lang='lat' dir='ltr'>desiderium</span> <span class='ocrx_word' id='word_1_163' title='bbox 1196 1805 1229 1834; x_wconf 90' lang='lat' dir='ltr'>et</span> 
     </span>
     <span class='ocr_line' id='line_1_26' title="bbox 268 1857 1231 1911; baseline -0.008 -8"><span class='ocrx_word' id='word_1_164' title='bbox 268 1864 429 1903; x_wconf 90' lang='lat' dir='ltr'>studium</span> <span class='ocrx_word' id='word_1_165' title='bbox 460 1860 631 1900; x_wconf 82' lang='lat' dir='ltr'>audjendi</span> <span class='ocrx_word' id='word_1_166' title='bbox 660 1858 810 1898; x_wconf 78' lang='lat' dir='ltr'>avidum</span> <span class='ocrx_word' id='word_1_167' title='bbox 839 1875 847 1894; x_wconf 93' lang='lat'>:</span> <span class='ocrx_word' id='word_1_168' title='bbox 878 1867 1062 1911; x_wconf 87' lang='lat' dir='ltr'>propterea</span> <span class='ocrx_word' id='word_1_169' title='bbox 1091 1867 1124 1895; x_wconf 88' lang='lat' dir='ltr'>et</span> <span class='ocrx_word' id='word_1_170' title='bbox 1155 1857 1231 1910; x_wconf 85' lang='lat' dir='ltr'>ipse</span> 
     </span>
     <span class='ocr_line' id='line_1_27' title="bbox 269 1918 1232 1977; baseline -0.008 -13"><span class='ocrx_word' id='word_1_171' title='bbox 269 1940 350 1964; x_wconf 90' lang='lat' dir='ltr'>cum</span> <span class='ocrx_word' id='word_1_172' title='bbox 369 1924 498 1977; x_wconf 86' lang='lat' dir='ltr'>majori</span> <span class='ocrx_word' id='word_1_173' title='bbox 517 1922 698 1961; x_wconf 84' lang='lat' dir='ltr'>alacritate</span> <span class='ocrx_word' id='word_1_174' title='bbox 716 1935 778 1959; x_wconf 76' lang='lat' dir='ltr'>vos</span> <span class='ocrx_word' id='word_1_175' title='bbox 794 1919 919 1958; x_wconf 86' lang='lat' dir='ltr'>docere</span> <span class='ocrx_word' id='word_1_176' title='bbox 938 1919 1087 1972; x_wconf 86' lang='lat' dir='ltr'>incipio,</span> <span class='ocrx_word' id='word_1_177' title='bbox 1106 1918 1232 1957; x_wconf 80' lang='lat' dir='ltr'>videns</span> 
     </span>
     <span class='ocr_line' id='line_1_28' title="bbox 267 1981 1231 2036; baseline -0.008 -10"><span class='ocrx_word' id='word_1_178' title='bbox 267 1996 423 2026; x_wconf 86' lang='lat' dir='ltr'>vestram</span> <span class='ocrx_word' id='word_1_179' title='bbox 447 1984 605 2036; x_wconf 84' lang='lat' dir='ltr'>quotidie</span> <span class='ocrx_word' id='word_1_180' title='bbox 630 1981 871 2035; x_wconf 85' lang='lat' dir='ltr'>appetentiam</span> <span class='ocrx_word' id='word_1_181' title='bbox 899 1995 1062 2019; x_wconf 84' lang='lat' dir='ltr'>crescere.</span> <span class='ocrx_word' id='word_1_182' title='bbox 1090 1984 1167 2032; x_wconf 83' lang='lat' dir='ltr'>Age</span> <span class='ocrx_word' id='word_1_183' title='bbox 1198 1989 1231 2018; x_wconf 86' lang='lat' dir='ltr'>ct</span> 
     </span>
     <span class='ocr_line' id='line_1_29' title="bbox 268 2042 1232 2098; baseline -0.006 -13"><span class='ocrx_word' id='word_1_184' title='bbox 268 2047 377 2085; x_wconf 91' lang='lat' dir='ltr'>hodie</span> <span class='ocrx_word' id='word_1_185' title='bbox 406 2061 484 2098; x_wconf 81' lang='lat' dir='ltr'>quae</span> <span class='ocrx_word' id='word_1_186' title='bbox 503 2053 697 2096; x_wconf 88' lang='lat' dir='ltr'>sequuntur</span> <span class='ocrx_word' id='word_1_187' title='bbox 722 2043 924 2081; x_wconf 84' lang='lat' dir='ltr'>hesternam</span> <span class='ocrx_word' id='word_1_188' title='bbox 955 2042 1141 2080; x_wconf 86' lang='lat' dir='ltr'>lectionem</span> <span class='ocrx_word' id='word_1_189' title='bbox 1166 2054 1232 2094; x_wconf 91' lang='lat' dir='ltr'>pro</span> 
     </span>
     <span class='ocr_line' id='line_1_30' title="bbox 270 2107 1231 2157; baseline -0.006 -12"><span class='ocrx_word' id='word_1_190' title='bbox 270 2107 369 2144; x_wconf 87' lang='lat' dir='ltr'>virili</span> <span class='ocrx_word' id='word_1_191' title='bbox 401 2115 521 2144; x_wconf 87' lang='lat' dir='ltr'>nostra</span> <span class='ocrx_word' id='word_1_192' title='bbox 550 2112 828 2157; x_wconf 85' lang='lat' dir='ltr'>pertractemus,</span> <span class='ocrx_word' id='word_1_193' title='bbox 865 2111 1073 2140; x_wconf 89' lang='lat' dir='ltr'>consuetum</span> <span class='ocrx_word' id='word_1_194' title='bbox 1105 2111 1231 2140; x_wconf 74' lang='lat' dir='ltr'>vestrae</span> 
     </span>
     <span class='ocr_line' id='line_1_31' title="bbox 271 2163 1227 2215; baseline -0.004 -10"><span class='ocrx_word' id='word_1_195' title='bbox 271 2167 410 2206; x_wconf 88' lang='lat' dir='ltr'>caritati</span> <span class='ocrx_word' id='word_1_196' title='bbox 441 2165 648 2204; x_wconf 73' lang='lat' dir='ltr'>convivium</span> <span class='ocrx_word' id='word_1_197' title='bbox 676 2172 933 2215; x_wconf 85' lang='lat' dir='ltr'>p1op0nentes,</span> <span class='ocrx_word' id='word_1_198' title='bbox 963 2172 997 2200; x_wconf 87' lang='lat' dir='ltr'>et</span> <span class='ocrx_word' id='word_1_199' title='bbox 1024 2163 1227 2213; x_wconf 50' lang='lat' dir='ltr'>rideamus,</span> 
     </span>
     <span class='ocr_line' id='line_1_32' title="bbox 272 2223 1230 2280; baseline -0.006 -13"><span class='ocrx_word' id='word_1_200' title='bbox 272 2237 351 2280; x_wconf 90' lang='lat' dir='ltr'>post</span> <span class='ocrx_word' id='word_1_201' title='bbox 367 2228 563 2266; x_wconf 86' lang='lat' dir='ltr'>discessum</span> <span class='ocrx_word' id='word_1_202' title='bbox 578 2226 702 2263; x_wconf 82' lang='lat' dir='ltr'>Laban</span> <span class='ocrx_word' id='word_1_203' title='bbox 723 2223 902 2273; x_wconf 88' lang='lat' dir='ltr'>quomodo</span> <span class='ocrx_word' id='word_1_204' title='bbox 919 2224 1040 2274; x_wconf 87' lang='lat' dir='ltr'>justus</span> <span class='ocrx_word' id='word_1_205' title='bbox 1060 2223 1126 2261; x_wconf 91' lang='lat' dir='ltr'>iter</span> <span class='ocrx_word' id='word_1_206' title='bbox 1143 2224 1230 2261; x_wconf 81' lang='lat' dir='ltr'>arri-</span> 
     </span>
     <span class='ocr_line' id='line_1_33' title="bbox 272 2283 1229 2342; baseline -0.006 -15"><span class='ocrx_word' id='word_1_207' title='bbox 272 2290 359 2342; x_wconf 88' lang='lat' dir='ltr'>piat.</span> <span class='ocrx_word' id='word_1_208' title='bbox 382 2289 483 2327; x_wconf 75' lang='lat' dir='ltr'>Nihil</span> <span class='ocrx_word' id='word_1_209' title='bbox 504 2286 598 2325; x_wconf 89' lang='lat' dir='ltr'>enim</span> <span class='ocrx_word' id='word_1_210' title='bbox 621 2297 919 2337; x_wconf 68' lang='lat' dir='ltr'>supervacaneum</span> <span class='ocrx_word' id='word_1_211' title='bbox 940 2284 975 2320; x_wconf 89' lang='lat' dir='ltr'>in</span> <span class='ocrx_word' id='word_1_212' title='bbox 992 2283 1115 2323; x_wconf 76' lang='lat' dir='ltr'>divina</span> <span class='ocrx_word' id='word_1_213' title='bbox 1132 2284 1229 2322; x_wconf 84' lang='lat' dir='ltr'>Scri-</span> 
     </span>
     <span class='ocr_line' id='line_1_34' title="bbox 273 2345 1275 2403; baseline -0.008 -14"><span class='ocrx_word' id='word_1_214' title='bbox 273 2360 378 2403; x_wconf 87' lang='lat' dir='ltr'>ptura</span> <span class='ocrx_word' id='word_1_215' title='bbox 392 2349 549 2403; x_wconf 87' lang='lat' dir='ltr'>positum</span> <span class='ocrx_word' id='word_1_216' title='bbox 565 2356 630 2395; x_wconf 84' lang='lat' dir='ltr'>est,</span> <span class='ocrx_word' id='word_1_217' title='bbox 652 2345 713 2384; x_wconf 91' lang='lat' dir='ltr'>sed</span> <span class='ocrx_word' id='word_1_218' title='bbox 732 2345 851 2383; x_wconf 83' lang='lat' dir='ltr'>omnia</span> <span class='ocrx_word' id='word_1_219' title='bbox 869 2359 947 2395; x_wconf 79' lang='lat' dir='ltr'>quae</span> <span class='ocrx_word' id='word_1_220' title='bbox 964 2360 982 2382; x_wconf 90' lang='lat' dir='ltr'>a</span> <span class='ocrx_word' id='word_1_221' title='bbox 995 2345 1102 2397; x_wconf 88' lang='lat' dir='ltr'>justis</span> <span class='ocrx_word' id='word_1_222' title='bbox 1121 2345 1227 2393; x_wconf 86' lang='lat' dir='ltr'>fiunt,</span> <span class='ocrx_word' id='word_1_223' title='bbox 1251 2347 1275 2377; x_wconf 88' lang='lat' dir='ltr'>B</span> 
     </span>
     <span class='ocr_line' id='line_1_35' title="bbox 273 2405 1230 2460; baseline -0.008 -10"><span class='ocrx_word' id='word_1_224' title='bbox 273 2412 434 2449; x_wconf 70' lang='lat' dir='ltr'>maxima</span> <span class='ocrx_word' id='word_1_225' title='bbox 450 2410 603 2448; x_wconf 85' lang='lat' dir='ltr'>utilitate</span> <span class='ocrx_word' id='word_1_226' title='bbox 618 2408 720 2460; x_wconf 87' lang='lat' dir='ltr'>plena</span> <span class='ocrx_word' id='word_1_227' title='bbox 739 2415 831 2443; x_wconf 88' lang='lat' dir='ltr'>sunt.</span> <span class='ocrx_word' id='word_1_228' title='bbox 844 2406 1023 2453; x_wconf 86' lang='lat' dir='ltr'>Quoniam</span> <span class='ocrx_word' id='word_1_229' title='bbox 1037 2405 1132 2443; x_wconf 86' lang='lat' dir='ltr'>enim</span> <span class='ocrx_word' id='word_1_230' title='bbox 1152 2406 1230 2443; x_wconf 86' lang='lat' dir='ltr'>uni-</span> 
     </span>
     <span class='ocr_line' id='line_1_36' title="bbox 275 2464 1228 2508; baseline -0.006 0"><span class='ocrx_word' id='word_1_231' title='bbox 275 2483 460 2508; x_wconf 84' lang='lat' dir='ltr'>versorum</span> <span class='ocrx_word' id='word_1_232' title='bbox 480 2467 677 2506; x_wconf 92' lang='lat' dir='ltr'>Dominum</span> <span class='ocrx_word' id='word_1_233' title='bbox 704 2465 871 2502; x_wconf 90' lang='lat' dir='ltr'>continuo</span> <span class='ocrx_word' id='word_1_234' title='bbox 889 2464 1090 2502; x_wconf 83' lang='lat' dir='ltr'>habuerunt</span> <span class='ocrx_word' id='word_1_235' title='bbox 1113 2465 1228 2503; x_wconf 86' lang='lat' dir='ltr'>comi—</span> 
     </span>
     <span class='ocr_line' id='line_1_37' title="bbox 276 2524 1227 2580; baseline -0.005 -12"><span class='ocrx_word' id='word_1_236' title='bbox 276 2539 369 2580; x_wconf 86' lang='lat' dir='ltr'>tem,</span> <span class='ocrx_word' id='word_1_237' title='bbox 391 2538 425 2567; x_wconf 87' lang='lat' dir='ltr'>et</span> <span class='ocrx_word' id='word_1_238' title='bbox 444 2527 582 2567; x_wconf 88' lang='lat' dir='ltr'>itineris</span> <span class='ocrx_word' id='word_1_239' title='bbox 612 2526 840 2564; x_wconf 85' lang='lat' dir='ltr'>difficultates</span> <span class='ocrx_word' id='word_1_240' title='bbox 870 2524 1075 2563; x_wconf 87' lang='lat' dir='ltr'>reddentem</span> <span class='ocrx_word' id='word_1_241' title='bbox 1092 2526 1227 2576; x_wconf 82' lang='lat' dir='ltr'>faciles,</span> 
     </span>
     <span class='ocr_line' id='line_1_38' title="bbox 279 2585 1232 2638; baseline -0.003 -10"><span class='ocrx_word' id='word_1_242' title='bbox 279 2591 433 2628; x_wconf 89' lang='lat' dir='ltr'>multum</span> <span class='ocrx_word' id='word_1_243' title='bbox 452 2589 558 2628; x_wconf 86' lang='lat' dir='ltr'>etiam</span> <span class='ocrx_word' id='word_1_244' title='bbox 573 2601 636 2626; x_wconf 90' lang='lat' dir='ltr'>nos</span> <span class='ocrx_word' id='word_1_245' title='bbox 655 2585 820 2624; x_wconf 85' lang='lat' dir='ltr'>utilitatis</span> <span class='ocrx_word' id='word_1_246' title='bbox 839 2600 884 2624; x_wconf 81' lang='lat' dir='ltr'>ex</span> <span class='ocrx_word' id='word_1_247' title='bbox 902 2599 1014 2638; x_wconf 85' lang='lat' dir='ltr'>parvo</span> <span class='ocrx_word' id='word_1_248' title='bbox 1031 2600 1154 2625; x_wconf 85' lang='lat' dir='ltr'>eorum</span> <span class='ocrx_word' id='word_1_249' title='bbox 1173 2587 1232 2625; x_wconf 83' lang='lat' dir='ltr'>iti-</span> 
     </span>
     <span class='ocr_line' id='line_1_39' title="bbox 280 2647 1232 2705; baseline -0.004 -14"><span class='ocrx_word' id='word_1_250' title='bbox 280 2667 360 2691; x_wconf 88' lang='lat' dir='ltr'>nere</span> <span class='ocrx_word' id='word_1_251' title='bbox 378 2664 567 2705; x_wconf 90' lang='lat' dir='ltr'>possumus</span> <span class='ocrx_word' id='word_1_252' title='bbox 581 2647 775 2702; x_wconf 85' lang='lat' dir='ltr'>percipere.</span> <span class='ocrx_word' id='word_1_253' title='bbox 795 2649 889 2685; x_wconf 85' lang='lat' dir='ltr'>Nam</span> <span class='ocrx_word' id='word_1_254' title='bbox 905 2656 1090 2699; x_wconf 90' lang='lat' dir='ltr'>postquam</span> <span class='ocrx_word' id='word_1_255' title='bbox 1109 2649 1232 2687; x_wconf 82' lang='lat' dir='ltr'>Laban</span> 
     </span>
     <span class='ocr_line' id='line_1_40' title="bbox 281 2709 1250 2758; baseline -0.004 -6"><span class='ocrx_word' id='word_1_256' title='bbox 281 2714 316 2751; x_wconf 89' lang='lat' dir='ltr'>in</span> <span class='ocrx_word' id='word_1_257' title='bbox 335 2714 483 2751; x_wconf 89' lang='lat' dir='ltr'>domum</span> <span class='ocrx_word' id='word_1_258' title='bbox 502 2724 601 2749; x_wconf 81' lang='lat' dir='ltr'>suam</span> <span class='ocrx_word' id='word_1_259' title='bbox 621 2709 724 2758; x_wconf 84' lang='lat' dir='ltr'>abiit,</span> <span class='ocrx_word' id='word_1_260' title='bbox 740 2710 775 2746; x_wconf 78' lang='grc'>1.</span> <span class='ocrx_word' id='word_1_261' title='bbox 793 2710 847 2746; x_wconf 79' lang='lat' dir='ltr'>Et</span> <span class='ocrx_word' id='word_1_262' title='bbox 860 2710 984 2747; x_wconf 83' lang='lat' dir='ltr'>Jacob</span> <span class='ocrx_word' id='word_1_263' title='bbox 999 2712 1112 2747; x_wconf 82' lang='lat' dir='ltr'>viam</span> <span class='ocrx_word' id='word_1_264' title='bbox 1121 2724 1250 2755; x_wconf 63' lang='lat' dir='ltr'>suam⁴</span> 
     </span>
     <span class='ocr_line' id='line_1_41' title="bbox 278 2770 1233 2826; baseline -0.004 -14"><span class='ocrx_word' id='word_1_265' title='bbox 278 2777 460 2826; x_wconf 70' lang='lat' dir='ltr'>perrexit,</span> <span class='ocrx_word' id='word_1_266' title='bbox 485 2781 522 2810; x_wconf 87' lang='lat' dir='ltr'>et</span> <span class='ocrx_word' id='word_1_267' title='bbox 540 2772 701 2809; x_wconf 79' lang='lat' dir='ltr'>elevatis</span> <span class='ocrx_word' id='word_1_268' title='bbox 730 2770 852 2807; x_wconf 77' lang='lat' dir='ltr'>oculis</span> <span class='ocrx_word' id='word_1_269' title='bbox 878 2771 981 2808; x_wconf 79' lang='lat' dir='ltr'>vidit</span> <span class='ocrx_word' id='word_1_270' title='bbox 1006 2779 1136 2809; x_wconf 84' lang='lat' dir='ltr'>castra</span> <span class='ocrx_word' id='word_1_271' title='bbox 1156 2772 1233 2809; x_wconf 84' lang='lat' dir='ltr'>Dei</span> 
     </span>
     <span class='ocr_line' id='line_1_42' title="bbox 279 2833 1233 2885; baseline -0.005 -11"><span class='ocrx_word' id='word_1_272' title='bbox 279 2842 559 2874; x_wconf 80' lang='lat' dir='ltr'>castrametata</span> <span class='ocrx_word' id='word_1_273' title='bbox 583 2845 687 2878; x_wconf 82' lang='lat' dir='ltr'>esse,</span> <span class='ocrx_word' id='word_1_274' title='bbox 708 2839 744 2868; x_wconf 83' lang='lat' dir='ltr'>et</span> <span class='ocrx_word' id='word_1_275' title='bbox 773 2840 1019 2870; x_wconf 81' lang='lat' dir='ltr'>occurrerunt</span> <span class='ocrx_word' id='word_1_276' title='bbox 1048 2835 1084 2870; x_wconf 84' lang='lat' dir='ltr'>ei</span> <span class='ocrx_word' id='word_1_277' title='bbox 1102 2833 1233 2885; x_wconf 80' lang='lat' dir='ltr'>angeli</span> 
     </span>
     <span class='ocr_line' id='line_1_43' title="bbox 280 2892 1232 2945; baseline -0.003 -11"><span class='ocrx_word' id='word_1_278' title='bbox 280 2897 369 2934; x_wconf 79' lang='lat' dir='ltr'>Dei.</span> <span class='ocrx_word' id='word_1_279' title='bbox 394 2897 586 2945; x_wconf 84' lang='lat' dir='ltr'>Postquam</span> <span class='ocrx_word' id='word_1_280' title='bbox 607 2893 702 2930; x_wconf 88' lang='lat' dir='ltr'>enim</span> <span class='ocrx_word' id='word_1_281' title='bbox 721 2892 895 2941; x_wconf 75' lang='lat' dir='ltr'>cessavit,</span> <span class='ocrx_word' id='word_1_282' title='bbox 915 2901 947 2930; x_wconf 89' lang='lat' dir='ltr'>et</span> <span class='ocrx_word' id='word_1_283' title='bbox 967 2893 1076 2931; x_wconf 85' lang='lat' dir='ltr'>finem</span> <span class='ocrx_word' id='word_1_284' title='bbox 1103 2893 1232 2932; x_wconf 87' lang='lat' dir='ltr'>habuit</span> 
     </span>
     <span class='ocr_line' id='line_1_44' title="bbox 280 2953 1229 3007; baseline -0.002 -12"><span class='ocrx_word' id='word_1_285' title='bbox 280 2956 386 2995; x_wconf 88' lang='lat' dir='ltr'>timor</span> <span class='ocrx_word' id='word_1_286' title='bbox 404 2955 538 2993; x_wconf 83' lang='lat' dir='ltr'>Labani</span> <span class='ocrx_word' id='word_1_287' title='bbox 557 2984 566 3002; x_wconf 87' lang='lat'>,</span> <span class='ocrx_word' id='word_1_288' title='bbox 589 2953 725 3005; x_wconf 74' lang='lat' dir='ltr'>excepit</span> <span class='ocrx_word' id='word_1_289' title='bbox 752 2967 833 2991; x_wconf 84' lang='lat' dir='ltr'>eum</span> <span class='ocrx_word' id='word_1_290' title='bbox 854 2953 958 2991; x_wconf 87' lang='lat' dir='ltr'>timor</span> <span class='ocrx_word' id='word_1_291' title='bbox 978 2954 1096 2992; x_wconf 82' lang='lat' dir='ltr'>fratris</span> <span class='ocrx_word' id='word_1_292' title='bbox 1118 2970 1126 2990; x_wconf 86' lang='lat'>:</span> <span class='ocrx_word' id='word_1_293' title='bbox 1147 2969 1229 3007; x_wconf 83' lang='lat' dir='ltr'>pro·</span> 
     </span>
     <span class='ocr_line' id='line_1_45' title="bbox 279 3015 1229 3070; baseline -0.002 -14"><span class='ocrx_word' id='word_1_294' title='bbox 279 3027 356 3070; x_wconf 85' lang='lat' dir='ltr'>pter</span> <span class='ocrx_word' id='word_1_295' title='bbox 373 3018 441 3055; x_wconf 87' lang='lat' dir='ltr'>hoc</span> <span class='ocrx_word' id='word_1_296' title='bbox 463 3017 614 3054; x_wconf 80' lang='lat' dir='ltr'>clemens</span> <span class='ocrx_word' id='word_1_297' title='bbox 634 3015 808 3052; x_wconf 85' lang='lat' dir='ltr'>Dominus</span> <span class='ocrx_word' id='word_1_298' title='bbox 827 3015 984 3053; x_wconf 83' lang='lat' dir='ltr'>animare</span> <span class='ocrx_word' id='word_1_299' title='bbox 1006 3016 1144 3068; x_wconf 85' lang='lat' dir='ltr'>justum</span> <span class='ocrx_word' id='word_1_300' title='bbox 1167 3030 1229 3055; x_wconf 82' lang='lat' dir='ltr'>vo-</span> 
     </span>
     <span class='ocr_line' id='line_1_46' title="bbox 279 3075 1228 3127; baseline -0.002 -10"><span class='ocrx_word' id='word_1_301' title='bbox 279 3080 353 3118; x_wconf 90' lang='lat' dir='ltr'>lens</span> <span class='ocrx_word' id='word_1_302' title='bbox 367 3109 376 3127; x_wconf 90' lang='lat'>,</span> <span class='ocrx_word' id='word_1_303' title='bbox 394 3087 426 3117; x_wconf 89' lang='lat' dir='ltr'>et</span> <span class='ocrx_word' id='word_1_304' title='bbox 451 3090 591 3115; x_wconf 90' lang='lat' dir='ltr'>omnem</span> <span class='ocrx_word' id='word_1_305' title='bbox 610 3076 686 3127; x_wconf 87' lang='lat' dir='ltr'>ejus</span> <span class='ocrx_word' id='word_1_306' title='bbox 706 3085 839 3114; x_wconf 85' lang='lat' dir='ltr'>metum</span> <span class='ocrx_word' id='word_1_307' title='bbox 858 3075 1055 3127; x_wconf 88' lang='lat' dir='ltr'>discutere,</span> <span class='ocrx_word' id='word_1_308' title='bbox 1079 3077 1162 3115; x_wconf 86' lang='lat' dir='ltr'>fecit</span> <span class='ocrx_word' id='word_1_309' title='bbox 1190 3087 1228 3115; x_wconf 91' lang='lat' dir='ltr'>ut</span> 
     </span>
     <span class='ocr_line' id='line_1_47' title="bbox 278 3136 1223 3192; baseline -0.003 -13"><span class='ocrx_word' id='word_1_310' title='bbox 278 3140 484 3192; x_wconf 82' lang='lat' dir='ltr'>angelorum</span> <span class='ocrx_word' id='word_1_311' title='bbox 505 3136 642 3174; x_wconf 76' lang='lat' dir='ltr'>videret</span> <span class='ocrx_word' id='word_1_312' title='bbox 669 3145 791 3174; x_wconf 80' lang='lat' dir='ltr'>castra.</span> <span class='ocrx_word' id='word_1_313' title='bbox 816 3138 1071 3175; x_wconf 81' lang='lat' dir='ltr'>Occurrerlmt</span> <span class='ocrx_word' id='word_1_314' title='bbox 1103 3140 1223 3185; x_wconf 84' lang='lat' dir='ltr'>enim,</span> 
     </span>
     <span class='ocr_line' id='line_1_48' title="bbox 278 3197 1227 3252; baseline -0.003 -12"><span class='ocrx_word' id='word_1_315' title='bbox 278 3201 407 3252; x_wconf 79' lang='lat' dir='ltr'>inquit,</span> <span class='ocrx_word' id='word_1_316' title='bbox 425 3201 459 3237; x_wconf 83' lang='lat' dir='ltr'>ei</span> <span class='ocrx_word' id='word_1_317' title='bbox 485 3197 615 3249; x_wconf 81' lang='lat' dir='ltr'>angeli</span> <span class='ocrx_word' id='word_1_318' title='bbox 639 3198 724 3234; x_wconf 76' lang='lat' dir='ltr'>Dei.</span> <span class='ocrx_word' id='word_1_319' title='bbox 746 3200 780 3234; x_wconf 82' lang='grc'>2.</span> <span class='ocrx_word' id='word_1_320' title='bbox 803 3199 856 3235; x_wconf 82' lang='lat' dir='ltr'>Et</span> <span class='ocrx_word' id='word_1_321' title='bbox 872 3199 970 3236; x_wconf 66' lang='lat' dir='ltr'>dixit</span> <span class='ocrx_word' id='word_1_322' title='bbox 991 3200 1130 3246; x_wconf 85' lang='lat' dir='ltr'>Jacob,</span> <span class='ocrx_word' id='word_1_323' title='bbox 1153 3199 1227 3237; x_wconf 87' lang='lat' dir='ltr'>Ca-</span> 
     </span>
     <span class='ocr_line' id='line_1_49' title="bbox 277 3259 1228 3301; baseline -0.004 0"><span class='ocrx_word' id='word_1_324' title='bbox 277 3272 358 3301; x_wconf 80' lang='lat' dir='ltr'>stra</span> <span class='ocrx_word' id='word_1_325' title='bbox 374 3262 450 3299; x_wconf 72' lang='lat' dir='ltr'>Dei</span> <span class='ocrx_word' id='word_1_326' title='bbox 478 3267 567 3297; x_wconf 82' lang='lat' dir='ltr'>sunt</span> <span class='ocrx_word' id='word_1_327' title='bbox 599 3259 689 3296; x_wconf 77' lang='lat' dir='ltr'>hcec.</span> <span class='ocrx_word' id='word_1_328' title='bbox 718 3259 768 3295; x_wconf 76' lang='lat' dir='ltr'>Ec</span> <span class='ocrx_word' id='word_1_329' title='bbox 794 3261 953 3297; x_wconf 77' lang='lat' dir='ltr'>vocavit</span> <span class='ocrx_word' id='word_1_330' title='bbox 982 3273 1122 3298; x_wconf 84' lang='lat' dir='ltr'>nomen</span> <span class='ocrx_word' id='word_1_331' title='bbox 1153 3260 1228 3298; x_wconf 77' lang='lat' dir='ltr'>loci</span> 
     </span>
     <span class='ocr_line' id='line_1_50' title="bbox 275 3320 1225 3377; baseline -0.003 -16"><span class='ocrx_word' id='word_1_332' title='bbox 275 3327 370 3377; x_wconf 81' lang='lat' dir='ltr'>ejus,</span> <span class='ocrx_word' id='word_1_333' title='bbox 394 3324 535 3360; x_wconf 84' lang='lat' dir='ltr'>Castra</span> <span class='ocrx_word' id='word_1_334' title='bbox 556 3335 565 3355; x_wconf 93' lang='lat'>.·</span> <span class='ocrx_word' id='word_1_335' title='bbox 588 3327 626 3356; x_wconf 87' lang='lat' dir='ltr'>ut</span> <span class='ocrx_word' id='word_1_336' title='bbox 651 3332 694 3356; x_wconf 75' lang='lat' dir='ltr'>ex</span> <span class='ocrx_word' id='word_1_337' title='bbox 726 3333 764 3356; x_wconf 82' lang='lat' dir='ltr'>ea</span> <span class='ocrx_word' id='word_1_338' title='bbox 793 3320 1031 3371; x_wconf 85' lang='lat' dir='ltr'>appellatione</span> <span class='ocrx_word' id='word_1_339' title='bbox 1058 3330 1225 3373; x_wconf 87' lang='lat' dir='ltr'>perpetua</span> 
     </span>
     <span class='ocr_line' id='line_1_51' title="bbox 275 3379 1222 3435; baseline -0.002 -13"><span class='ocrx_word' id='word_1_340' title='bbox 275 3393 430 3422; x_wconf 81' lang='lat' dir='ltr'>maneret</span> <span class='ocrx_word' id='word_1_341' title='bbox 446 3380 616 3421; x_wconf 85' lang='lat' dir='ltr'>memoria</span> <span class='ocrx_word' id='word_1_342' title='bbox 631 3379 778 3419; x_wconf 80' lang='lat' dir='ltr'>visionis</span> <span class='ocrx_word' id='word_1_343' title='bbox 792 3395 870 3431; x_wconf 81' lang='lat' dir='ltr'>quoe</span> <span class='ocrx_word' id='word_1_344' title='bbox 884 3381 960 3420; x_wconf 90' lang='lat' dir='ltr'>illic</span> <span class='ocrx_word' id='word_1_345' title='bbox 971 3381 1001 3420; x_wconf 91' lang='lat' dir='ltr'>ei</span> <span class='ocrx_word' id='word_1_346' title='bbox 1015 3382 1222 3435; x_wconf 82' lang='lat' dir='ltr'>contigerat.</span> 
     </span>
    </p>
   </div>
   <div class='ocr_carea' id='block_1_8' title="bbox 759 163 1842 200">
    <p class='ocr_par' dir='ltr' id='par_1_8' title="bbox 759 163 1842 200">
     <span class='ocr_line' id='line_1_52' title="bbox 759 163 1842 200; baseline -0.006 0"><span class='ocrx_word' id='word_1_347' title='bbox 759 169 936 200; x_wconf 65' lang='lat' dir='ltr'>JOANNIS</span> <span class='ocrx_word' id='word_1_348' title='bbox 972 166 1211 198; x_wconf 75' lang='lat' dir='ltr'><strong>CHRYSOST.</strong></span> <span class='ocrx_word' id='word_1_349' title='bbox 1249 165 1454 195; x_wconf 80' lang='lat' dir='ltr'><strong>ARCHIEP.</strong></span> <span class='ocrx_word' id='word_1_350' title='bbox 1491 163 1842 196; x_wconf 73' lang='lat' dir='ltr'><strong>CONSTANTINOP.</strong></span> 
     </span>
    </p>
   </div>
   <div class='ocr_carea' id='block_1_9' title="bbox 1292 240 2316 420">
    <p class='ocr_par' dir='ltr' id='par_1_9' title="bbox 1292 240 2316 420">
     <span class='ocr_line' id='line_1_53' title="bbox 1294 240 2314 299; baseline 0.002 -15"><span class='ocrx_word' id='word_1_351' title='bbox 1294 246 1365 299; x_wconf 87' lang='grc' dir='ltr'>ρίου</span> <span class='ocrx_word' id='word_1_352' title='bbox 1384 249 1484 297; x_wconf 84' lang='grc' dir='ltr'>ἡμῶν</span> <span class='ocrx_word' id='word_1_353' title='bbox 1504 246 1620 294; x_wconf 87' lang='grc' dir='ltr'>Ἰησοῦ</span> <span class='ocrx_word' id='word_1_354' title='bbox 1639 249 1810 299; x_wconf 88' lang='grc' dir='ltr'>Χριστοῦ,</span> <span class='ocrx_word' id='word_1_355' title='bbox 1833 248 1907 298; x_wconf 89' lang='grc' dir='ltr'>μεθ’</span> <span class='ocrx_word' id='word_1_356' title='bbox 1927 240 1965 286; x_wconf 65' lang='grc' dir='ltr'>οὗ</span> <span class='ocrx_word' id='word_1_357' title='bbox 1988 248 2038 299; x_wconf 82' lang='grc' dir='ltr'>τῷ</span> <span class='ocrx_word' id='word_1_358' title='bbox 2057 247 2175 299; x_wconf 78' lang='grc' dir='ltr'>Πατρὶ</span> <span class='ocrx_word' id='word_1_359' title='bbox 2189 251 2211 295; x_wconf 82' lang='grc' dir='ltr'>ἡ</span> <span class='ocrx_word' id='word_1_360' title='bbox 2234 247 2314 292; x_wconf 81' lang='grc' dir='ltr'>δόξα</span> 
     </span>
     <span class='ocr_line' id='line_1_54' title="bbox 1292 308 2316 361; baseline 0.003 -16"><span class='ocrx_word' id='word_1_361' title='bbox 1292 308 1352 346; x_wconf 81' lang='grc' dir='ltr'>καὶ</span> <span class='ocrx_word' id='word_1_362' title='bbox 1381 308 1421 346; x_wconf 84' lang='grc' dir='ltr'>τὸ</span> <span class='ocrx_word' id='word_1_363' title='bbox 1447 308 1591 361; x_wconf 80' lang='grc' dir='ltr'>κράτος,</span> <span class='ocrx_word' id='word_1_364' title='bbox 1623 308 1697 358; x_wconf 86' lang='grc' dir='ltr'>ἅμα</span> <span class='ocrx_word' id='word_1_365' title='bbox 1726 311 1776 361; x_wconf 85' lang='grc' dir='ltr'>τῷ</span> <span class='ocrx_word' id='word_1_366' title='bbox 1808 308 1896 361; x_wconf 82' lang='grc' dir='ltr'>ἁγίῳ</span> <span class='ocrx_word' id='word_1_367' title='bbox 1929 308 2134 358; x_wconf 84' lang='grc' dir='ltr'>Πνεύματι,</span> <span class='ocrx_word' id='word_1_368' title='bbox 2164 313 2222 348; x_wconf 90' lang='grc' dir='ltr'>νῦν</span> <span class='ocrx_word' id='word_1_369' title='bbox 2256 309 2316 348; x_wconf 80' lang='grc' dir='ltr'>καὶ</span> 
     </span>
     <span class='ocr_line' id='line_1_55' title="bbox 1294 367 2147 420; baseline 0 -13"><span class='ocrx_word' id='word_1_370' title='bbox 1294 369 1364 418; x_wconf 75' lang='grc' dir='ltr'>ἀεὶ,</span> <span class='ocrx_word' id='word_1_371' title='bbox 1384 367 1443 408; x_wconf 84' lang='grc' dir='ltr'>καὶ</span> <span class='ocrx_word' id='word_1_372' title='bbox 1460 370 1507 412; x_wconf 86' lang='grc' dir='ltr'>εἷς</span> <span class='ocrx_word' id='word_1_373' title='bbox 1521 368 1599 413; x_wconf 82' lang='grc' dir='ltr'>τοὺς</span> <span class='ocrx_word' id='word_1_374' title='bbox 1618 371 1745 414; x_wconf 81' lang='grc' dir='ltr'>αἰῶνας</span> <span class='ocrx_word' id='word_1_375' title='bbox 1762 373 1831 408; x_wconf 86' lang='grc' dir='ltr'>τῶν</span> <span class='ocrx_word' id='word_1_376' title='bbox 1852 369 1999 408; x_wconf 83' lang='grc' dir='ltr'>αἰώνων.</span> <span class='ocrx_word' id='word_1_377' title='bbox 2022 369 2147 420; x_wconf 83' lang='grc' dir='ltr'>Ἀμὴν.</span> 
     </span>
    </p>
   </div>
   <div class='ocr_carea' id='block_1_10' title="bbox 1669 622 1955 671">
    <p class='ocr_par' dir='ltr' id='par_1_10' title="bbox 1669 622 1955 671">
     <span class='ocr_line' id='line_1_56' title="bbox 1669 622 1955 671; baseline 0 -11"><span class='ocrx_word' id='word_1_378' title='bbox 1669 623 1848 662; x_wconf 70' lang='lat' dir='ltr'><strong>OMIAIA</strong></span> <span class='ocrx_word' id='word_1_379' title='bbox 1867 622 1933 671; x_wconf 62' lang='lat' dir='ltr'>v-rss.</span> <span class='ocrx_word' id='word_1_380' title='bbox 1954 664 1955 667; x_wconf 8' lang='grc' dir='ltr'><strong>Ἴ</strong></span> 
     </span>
    </p>
   </div>
   <div class='ocr_carea' id='block_1_11' title="bbox 1297 740 2320 1043">
    <p class='ocr_par' dir='ltr' id='par_1_11' title="bbox 1297 740 2320 1043">
     <span class='ocr_line' id='line_1_57' title="bbox 1297 740 2320 799; baseline -0.003 -15"><span class='ocrx_word' id='word_1_381' title='bbox 1297 747 1367 784; x_wconf 75' lang='grc' dir='ltr'>Καὶ</span> <span class='ocrx_word' id='word_1_382' title='bbox 1385 747 1583 799; x_wconf 47' lang='lat' dir='ltr'>&amp;melitae</span> <span class='ocrx_word' id='word_1_383' title='bbox 1599 745 1729 785; x_wconf 69' lang='grc' dir='ltr'>Ἰακὼὸ</span> <span class='ocrx_word' id='word_1_384' title='bbox 1746 740 1814 785; x_wconf 63' lang='grc' dir='ltr'>εἶδε</span> <span class='ocrx_word' id='word_1_385' title='bbox 1832 743 2059 799; x_wconf 68' lang='grc' dir='ltr'>παρεμὸολὴν</span> <span class='ocrx_word' id='word_1_386' title='bbox 2077 746 2168 784; x_wconf 86' lang='grc' dir='ltr'>Θεοῦ</span> <span class='ocrx_word' id='word_1_387' title='bbox 2184 759 2320 796; x_wconf 85' lang='grc' dir='ltr'>παρεμ-</span> 
     </span>
     <span class='ocr_line' id='line_1_58' title="bbox 1349 807 2319 859; baseline -0.004 -13"><span class='ocrx_word' id='word_1_388' title='bbox 1349 808 1575 857; x_wconf 66' lang='grc' dir='ltr'>6ε6ληκυῖαν,</span> <span class='ocrx_word' id='word_1_389' title='bbox 1595 808 1655 846; x_wconf 83' lang='grc' dir='ltr'>καὶ</span> <span class='ocrx_word' id='word_1_390' title='bbox 1680 808 1897 854; x_wconf 74' lang='grc' dir='ltr'>συνήντησαν</span> <span class='ocrx_word' id='word_1_391' title='bbox 1928 808 2022 859; x_wconf 79' lang='grc' dir='ltr'>αὐτῷ</span> <span class='ocrx_word' id='word_1_392' title='bbox 2050 809 2080 844; x_wconf 80' lang='grc' dir='ltr'>οἱ</span> <span class='ocrx_word' id='word_1_393' title='bbox 2100 807 2239 857; x_wconf 77' lang='grc' dir='ltr'>ἄγγελοι</span> <span class='ocrx_word' id='word_1_394' title='bbox 2260 808 2319 843; x_wconf 88' lang='grc' dir='ltr'>τοῦ</span> 
     </span>
     <span class='ocr_line' id='line_1_59' title="bbox 1348 862 2316 918; baseline -0.004 -10"><span class='ocrx_word' id='word_1_395' title='bbox 1348 871 1450 908; x_wconf 87' lang='grc' dir='ltr'>Θεοῦ.</span> <span class='ocrx_word' id='word_1_396' title='bbox 1468 864 1559 908; x_wconf 62' lang='lat' dir='ltr'>Eine</span> <span class='ocrx_word' id='word_1_397' title='bbox 1573 869 1609 908; x_wconf 80' lang='grc' dir='ltr'>δὲ</span> <span class='ocrx_word' id='word_1_398' title='bbox 1624 869 1767 917; x_wconf 67' lang='grc' dir='ltr'>Ἰακὼὲ,</span> <span class='ocrx_word' id='word_1_399' title='bbox 1777 868 1881 915; x_wconf 79' lang='grc' dir='ltr'>ἡνίκα</span> <span class='ocrx_word' id='word_1_400' title='bbox 1901 862 1989 906; x_wconf 64' lang='grc' dir='ltr'>εἶδεν</span> <span class='ocrx_word' id='word_1_401' title='bbox 2011 867 2132 910; x_wconf 76' lang='grc' dir='ltr'>αὐτούς</span> <span class='ocrx_word' id='word_1_402' title='bbox 2150 882 2158 890; x_wconf 91' lang='grc'><em>·</em></span> <span class='ocrx_word' id='word_1_403' title='bbox 2178 882 2316 918; x_wconf 83' lang='grc' dir='ltr'>παρεμ-</span> 
     </span>
     <span class='ocr_line' id='line_1_60' title="bbox 1348 927 2318 979; baseline -0.003 -13"><span class='ocrx_word' id='word_1_404' title='bbox 1348 929 1433 976; x_wconf 58' lang='lat' dir='ltr'>&amp;ok-&gt;1</span> <span class='ocrx_word' id='word_1_405' title='bbox 1454 932 1545 969; x_wconf 86' lang='grc' dir='ltr'>Θεοῦ</span> <span class='ocrx_word' id='word_1_406' title='bbox 1571 930 1658 977; x_wconf 83' lang='grc' dir='ltr'>αὕτη</span> <span class='ocrx_word' id='word_1_407' title='bbox 1673 946 1680 953; x_wconf 93' lang='grc'><em>·</em></span> <span class='ocrx_word' id='word_1_408' title='bbox 1697 930 1756 968; x_wconf 79' lang='grc' dir='ltr'>καὶ</span> <span class='ocrx_word' id='word_1_409' title='bbox 1786 930 1929 968; x_wconf 76' lang='grc' dir='ltr'>ἐκάλεσε</span> <span class='ocrx_word' id='word_1_410' title='bbox 1942 929 1982 968; x_wconf 76' lang='grc' dir='ltr'>τὸ</span> <span class='ocrx_word' id='word_1_411' title='bbox 1997 928 2106 979; x_wconf 84' lang='grc' dir='ltr'>ὄνομα</span> <span class='ocrx_word' id='word_1_412' title='bbox 2131 931 2190 966; x_wconf 88' lang='grc' dir='ltr'>τοῦ</span> <span class='ocrx_word' id='word_1_413' title='bbox 2210 927 2318 966; x_wconf 82' lang='grc' dir='ltr'>τόπου</span> 
     </span>
     <span class='ocr_line' id='line_1_61' title="bbox 1348 989 1747 1043; baseline 0.003 -16"><span class='ocrx_word' id='word_1_414' title='bbox 1348 989 1491 1038; x_wconf 80' lang='grc' dir='ltr'>ἐκείνου,</span> <span class='ocrx_word' id='word_1_415' title='bbox 1511 989 1747 1043; x_wconf 64' lang='grc' dir='ltr'>παρεμὸολαί.</span> 
     </span>
    </p>
   </div>
   <div class='ocr_carea' id='block_1_12' title="bbox 1294 1125 2320 1551">
    <p class='ocr_par' dir='ltr' id='par_1_12' title="bbox 1294 1125 2320 1551">
     <span class='ocr_line' id='line_1_62' title="bbox 1349 1125 2320 1184; baseline -0.003 -15"><span class='ocrx_word' id='word_1_416' title='bbox 1349 1125 1441 1170; x_wconf 66' lang='grc' dir='ltr'>Οἶδα</span> <span class='ocrx_word' id='word_1_417' title='bbox 1461 1130 1514 1169; x_wconf 74' lang='grc' dir='ltr'>ὅτι</span> <span class='ocrx_word' id='word_1_418' title='bbox 1532 1131 1734 1183; x_wconf 74' lang='grc' dir='ltr'>κεκμήκατε</span> <span class='ocrx_word' id='word_1_419' title='bbox 1758 1130 1859 1184; x_wconf 75' lang='grc' dir='ltr'>χθὲς,</span> <span class='ocrx_word' id='word_1_420' title='bbox 1881 1134 1928 1175; x_wconf 89' lang='grc' dir='ltr'>εἷς</span> <span class='ocrx_word' id='word_1_421' title='bbox 1947 1130 2035 1169; x_wconf 75' lang='grc' dir='ltr'>πολὺ</span> <span class='ocrx_word' id='word_1_422' title='bbox 2056 1133 2166 1181; x_wconf 83' lang='grc' dir='ltr'>μ’ῆκος</span> <span class='ocrx_word' id='word_1_423' title='bbox 2184 1132 2244 1167; x_wconf 86' lang='grc' dir='ltr'>τοῦ</span> <span class='ocrx_word' id='word_1_424' title='bbox 2262 1128 2320 1167; x_wconf 86' lang='grc' dir='ltr'>λό-</span> 
     </span>
     <span class='ocr_line' id='line_1_63' title="bbox 1294 1189 2316 1247; baseline -0.003 -16"><span class='ocrx_word' id='word_1_425' title='bbox 1294 1209 1354 1246; x_wconf 86' lang='grc' dir='ltr'>γου</span> <span class='ocrx_word' id='word_1_426' title='bbox 1387 1193 1612 1247; x_wconf 72' lang='grc' dir='ltr'>προελθόντος</span> <span class='ocrx_word' id='word_1_427' title='bbox 1638 1197 1723 1245; x_wconf 74' lang='grc' dir='ltr'>ἡμῖν</span> <span class='ocrx_word' id='word_1_428' title='bbox 1737 1209 1744 1216; x_wconf 92' lang='grc'><em>·</em></span> <span class='ocrx_word' id='word_1_429' title='bbox 1767 1192 1857 1232; x_wconf 79' lang='grc' dir='ltr'>ἀλλὰ</span> <span class='ocrx_word' id='word_1_430' title='bbox 1883 1193 1943 1231; x_wconf 76' lang='grc' dir='ltr'>καὶ</span> <span class='ocrx_word' id='word_1_431' title='bbox 1973 1196 2130 1244; x_wconf 74' lang='grc' dir='ltr'>θαρσεῖτε</span> <span class='ocrx_word' id='word_1_432' title='bbox 2146 1207 2153 1214; x_wconf 93' lang='grc'>·</span> <span class='ocrx_word' id='word_1_433' title='bbox 2175 1193 2192 1228; x_wconf 83' lang='grc' dir='ltr'><strong><em>ὃ</em></strong></span> <span class='ocrx_word' id='word_1_434' title='bbox 2211 1189 2316 1234; x_wconf 82' lang='grc' dir='ltr'>κόπος</span> 
     </span>
     <span class='ocr_line' id='line_1_64' title="bbox 1294 1251 2316 1309; baseline -0.003 -17"><span class='ocrx_word' id='word_1_435' title='bbox 1294 1258 1390 1306; x_wconf 72' lang='grc' dir='ltr'>ὑμῶν</span> <span class='ocrx_word' id='word_1_436' title='bbox 1414 1258 1474 1294; x_wconf 76' lang='grc' dir='ltr'>οὐκ</span> <span class='ocrx_word' id='word_1_437' title='bbox 1493 1254 1566 1293; x_wconf 79' lang='grc' dir='ltr'>ἔστι</span> <span class='ocrx_word' id='word_1_438' title='bbox 1585 1255 1682 1299; x_wconf 87' lang='grc' dir='ltr'>κενός</span> <span class='ocrx_word' id='word_1_439' title='bbox 1705 1271 1712 1278; x_wconf 94' lang='grc'>·</span> <span class='ocrx_word' id='word_1_440' title='bbox 1737 1256 1771 1292; x_wconf 80' lang='grc' dir='ltr'>ἐν</span> <span class='ocrx_word' id='word_1_441' title='bbox 1793 1254 1911 1309; x_wconf 82' lang='grc' dir='ltr'>Κυρίῳ</span> <span class='ocrx_word' id='word_1_442' title='bbox 1934 1253 2002 1306; x_wconf 78' lang='grc' dir='ltr'>γάρ</span> <span class='ocrx_word' id='word_1_443' title='bbox 2031 1256 2104 1291; x_wconf 80' lang='grc' dir='ltr'>ἐστι</span> <span class='ocrx_word' id='word_1_444' title='bbox 2126 1251 2316 1304; x_wconf 80' lang='grc' dir='ltr'>γινόμενος,</span> 
     </span>
     <span class='ocr_line' id='line_1_65' title="bbox 1295 1312 2320 1370; baseline -0.003 -17"><span class='ocrx_word' id='word_1_445' title='bbox 1295 1317 1337 1353; x_wconf 82' lang='grc' dir='ltr'>δι’</span> <span class='ocrx_word' id='word_1_446' title='bbox 1362 1315 1398 1354; x_wconf 81' lang='grc' dir='ltr'>ὃν</span> <span class='ocrx_word' id='word_1_447' title='bbox 1418 1317 1478 1354; x_wconf 78' lang='grc' dir='ltr'>καὶ</span> <span class='ocrx_word' id='word_1_448' title='bbox 1498 1321 1514 1355; x_wconf 86' lang='grc' dir='ltr'>ὁ</span> <span class='ocrx_word' id='word_1_449' title='bbox 1535 1317 1619 1368; x_wconf 81' lang='grc' dir='ltr'>πρὸς</span> <span class='ocrx_word' id='word_1_450' title='bbox 1635 1315 1749 1370; x_wconf 76' lang='grc' dir='ltr'>βραχὺ</span> <span class='ocrx_word' id='word_1_451' title='bbox 1776 1315 1877 1359; x_wconf 81' lang='grc' dir='ltr'>πόνος</span> <span class='ocrx_word' id='word_1_452' title='bbox 1900 1314 2060 1366; x_wconf 78' lang='grc' dir='ltr'>μεγάλων</span> <span class='ocrx_word' id='word_1_453' title='bbox 2081 1315 2213 1365; x_wconf 80' lang='grc' dir='ltr'>μισθῶν</span> <span class='ocrx_word' id='word_1_454' title='bbox 2233 1312 2320 1364; x_wconf 84' lang='grc' dir='ltr'>πρό-</span> 
     </span>
     <span class='ocr_line' id='line_1_66' title="bbox 1295 1375 2319 1430; baseline -0.004 -15"><span class='ocrx_word' id='word_1_455' title='bbox 1295 1377 1384 1421; x_wconf 84' lang='grc' dir='ltr'>ξενος</span> <span class='ocrx_word' id='word_1_456' title='bbox 1402 1377 1548 1428; x_wconf 82' lang='grc' dir='ltr'>γίνεται.</span> <span class='ocrx_word' id='word_1_457' title='bbox 1570 1379 1615 1416; x_wconf 80' lang='grc' dir='ltr'>Εἰ</span> <span class='ocrx_word' id='word_1_458' title='bbox 1633 1377 1700 1430; x_wconf 73' lang='grc' dir='ltr'>γὰρ</span> <span class='ocrx_word' id='word_1_459' title='bbox 1716 1376 1775 1414; x_wconf 77' lang='grc' dir='ltr'>καὶ</span> <span class='ocrx_word' id='word_1_460' title='bbox 1789 1376 1828 1414; x_wconf 73' lang='grc' dir='ltr'>τὸ</span> <span class='ocrx_word' id='word_1_461' title='bbox 1850 1379 1953 1426; x_wconf 87' lang='grc' dir='ltr'>σῶμα</span> <span class='ocrx_word' id='word_1_462' title='bbox 1975 1375 2168 1426; x_wconf 79' lang='grc' dir='ltr'>κέκμηκεν,</span> <span class='ocrx_word' id='word_1_463' title='bbox 2191 1375 2267 1412; x_wconf 88' lang='grc' dir='ltr'>ἀλλ’</span> <span class='ocrx_word' id='word_1_464' title='bbox 2296 1375 2319 1418; x_wconf 83' lang='grc' dir='ltr'>ἡ</span> 
     </span>
     <span class='ocr_line' id='line_1_67' title="bbox 1294 1435 2318 1491; baseline -0.004 -16"><span class='ocrx_word' id='word_1_465' title='bbox 1294 1438 1389 1491; x_wconf 53' lang='lat' dir='ltr'>{rask</span> <span class='ocrx_word' id='word_1_466' title='bbox 1423 1440 1526 1477; x_wconf 81' lang='grc' dir='ltr'>πλέον</span> <span class='ocrx_word' id='word_1_467' title='bbox 1556 1437 1756 1491; x_wconf 75' lang='grc' dir='ltr'>ε’ρρώννυτο.</span> <span class='ocrx_word' id='word_1_468' title='bbox 1786 1437 1850 1475; x_wconf 73' lang='grc' dir='ltr'>Διὸ</span> <span class='ocrx_word' id='word_1_469' title='bbox 1884 1437 1943 1475; x_wconf 73' lang='grc' dir='ltr'>καὶ</span> <span class='ocrx_word' id='word_1_470' title='bbox 1975 1437 2075 1479; x_wconf 74' lang='grc' dir='ltr'>αὐτὸς</span> <span class='ocrx_word' id='word_1_471' title='bbox 2103 1438 2191 1488; x_wconf 82' lang='grc' dir='ltr'>ὁρῶν</span> <span class='ocrx_word' id='word_1_472' title='bbox 2222 1435 2318 1485; x_wconf 72' lang='grc' dir='ltr'>ὑμῶν</span> 
     </span>
     <span class='ocr_line' id='line_1_68' title="bbox 1297 1494 2319 1551; baseline -0.005 -13"><span class='ocrx_word' id='word_1_473' title='bbox 1297 1500 1496 1551; x_wconf 71' lang='grc' dir='ltr'>ἀκμάζοντα</span> <span class='ocrx_word' id='word_1_474' title='bbox 1511 1500 1568 1538; x_wconf 79' lang='grc' dir='ltr'>τὸν</span> <span class='ocrx_word' id='word_1_475' title='bbox 1589 1499 1705 1545; x_wconf 85' lang='grc' dir='ltr'>πόθον,</span> <span class='ocrx_word' id='word_1_476' title='bbox 1725 1499 1784 1537; x_wconf 73' lang='grc' dir='ltr'>καὶ</span> <span class='ocrx_word' id='word_1_477' title='bbox 1801 1498 1863 1546; x_wconf 69' lang='grc' dir='ltr'>τὴν</span> <span class='ocrx_word' id='word_1_478' title='bbox 1885 1497 2070 1548; x_wconf 78' lang='grc' dir='ltr'>ἐπιθυμίαν</span> <span class='ocrx_word' id='word_1_479' title='bbox 2091 1494 2319 1549; x_wconf 75' lang='grc' dir='ltr'>διεγηγερμέ-</span> 
     </span>
    </p>
   </div>
   <div class='ocr_carea' id='block_1_13' title="bbox 1253 1557 2321 1616">
    <p class='ocr_par' dir='ltr' id='par_1_13' title="bbox 1253 1557 2321 1616">
     <span class='ocr_line' id='line_1_69' title="bbox 1253 1557 2321 1616; baseline -0.004 -19"><span class='ocrx_word' id='word_1_480' title='bbox 1253 1593 1283 1616; x_wconf 63' lang='lat'>62</span> <span class='ocrx_word' id='word_1_481' title='bbox 1297 1575 1370 1607; x_wconf 88' lang='grc' dir='ltr'>νην,</span> <span class='ocrx_word' id='word_1_482' title='bbox 1389 1561 1592 1611; x_wconf 84' lang='grc' dir='ltr'>βουλόμενος</span> <span class='ocrx_word' id='word_1_483' title='bbox 1612 1561 1788 1599; x_wconf 83' lang='grc' dir='ltr'>συστεῖλαι</span> <span class='ocrx_word' id='word_1_484' title='bbox 1803 1558 1865 1607; x_wconf 75' lang='grc' dir='ltr'>τὴν</span> <span class='ocrx_word' id='word_1_485' title='bbox 1885 1558 2126 1605; x_wconf 70' lang='grc' dir='ltr'>διδασκαλίαν,</span> <span class='ocrx_word' id='word_1_486' title='bbox 2141 1559 2202 1595; x_wconf 75' lang='grc' dir='ltr'>οὐκ</span> <span class='ocrx_word' id='word_1_487' title='bbox 2217 1557 2321 1602; x_wconf 50' lang='lat'>450¹)-</span> 
     </span>
    </p>
   </div>
   <div class='ocr_carea' id='block_1_14' title="bbox 1296 1618 2326 3366">
    <p class='ocr_par' dir='ltr' id='par_1_14' title="bbox 1296 1618 2326 3366">
     <span class='ocr_line' id='line_1_70' title="bbox 1296 1618 2320 1674; baseline -0.006 -14"><span class='ocrx_word' id='word_1_488' title='bbox 1296 1622 1404 1669; x_wconf 86' lang='grc' dir='ltr'>λήθην</span> <span class='ocrx_word' id='word_1_489' title='bbox 1426 1622 1494 1674; x_wconf 77' lang='grc' dir='ltr'>πρὸ</span> <span class='ocrx_word' id='word_1_490' title='bbox 1506 1626 1566 1659; x_wconf 85' lang='grc' dir='ltr'>τοῦ</span> <span class='ocrx_word' id='word_1_491' title='bbox 1584 1622 1701 1664; x_wconf 78' lang='grc' dir='ltr'>τέλους</span> <span class='ocrx_word' id='word_1_492' title='bbox 1722 1623 1768 1663; x_wconf 85' lang='grc' dir='ltr'>εἷς</span> <span class='ocrx_word' id='word_1_493' title='bbox 1788 1620 1888 1671; x_wconf 74' lang='grc' dir='ltr'>σιγὴν</span> <span class='ocrx_word' id='word_1_494' title='bbox 1905 1621 2102 1658; x_wconf 82' lang='grc' dir='ltr'>καταλῦσαι</span> <span class='ocrx_word' id='word_1_495' title='bbox 2121 1619 2178 1656; x_wconf 80' lang='grc' dir='ltr'>τὸν</span> <span class='ocrx_word' id='word_1_496' title='bbox 2203 1618 2320 1669; x_wconf 85' lang='grc' dir='ltr'>λόγον,</span> 
     </span>
     <span class='ocr_line' id='line_1_71' title="bbox 1299 1678 2322 1733; baseline -0.004 -13"><span class='ocrx_word' id='word_1_497' title='bbox 1299 1682 1395 1727; x_wconf 84' lang='grc' dir='ltr'>εἰδὼς</span> <span class='ocrx_word' id='word_1_498' title='bbox 1431 1686 1478 1726; x_wconf 82' lang='grc' dir='ltr'>ὡς</span> <span class='ocrx_word' id='word_1_499' title='bbox 1517 1681 1627 1733; x_wconf 81' lang='grc' dir='ltr'>ταύτῃ</span> <span class='ocrx_word' id='word_1_500' title='bbox 1665 1683 1796 1733; x_wconf 82' lang='grc' dir='ltr'>μᾶλλον</span> <span class='ocrx_word' id='word_1_501' title='bbox 1824 1685 1905 1732; x_wconf 83' lang='grc' dir='ltr'>ὑμῖν</span> <span class='ocrx_word' id='word_1_502' title='bbox 1933 1684 2138 1732; x_wconf 70' lang='grc' dir='ltr'>χαριοῦμαι.</span> <span class='ocrx_word' id='word_1_503' title='bbox 2170 1680 2223 1717; x_wconf 82' lang='grc' dir='ltr'>Τὸ</span> <span class='ocrx_word' id='word_1_504' title='bbox 2254 1678 2322 1730; x_wconf 80' lang='grc' dir='ltr'>γὰρ</span> 
     </span>
     <span class='ocr_line' id='line_1_72' title="bbox 1298 1739 2322 1797; baseline -0.003 -17"><span class='ocrx_word' id='word_1_505' title='bbox 1298 1744 1429 1789; x_wconf 59' lang='grc' dir='ltr'>πλῆθος</span> <span class='ocrx_word' id='word_1_506' title='bbox 1449 1747 1517 1781; x_wconf 89' lang='grc' dir='ltr'>τῶν</span> <span class='ocrx_word' id='word_1_507' title='bbox 1538 1743 1728 1797; x_wconf 78' lang='grc' dir='ltr'>εἰρημένων</span> <span class='ocrx_word' id='word_1_508' title='bbox 1750 1742 1905 1794; x_wconf 72' lang='grc' dir='ltr'>μάλιστα</span> <span class='ocrx_word' id='word_1_509' title='bbox 1922 1741 2052 1780; x_wconf 80' lang='grc' dir='ltr'>ἐδείκνυ</span> <span class='ocrx_word' id='word_1_510' title='bbox 2072 1745 2134 1788; x_wconf 72' lang='grc' dir='ltr'>τῆς</span> <span class='ocrx_word' id='word_1_511' title='bbox 2153 1739 2322 1793; x_wconf 81' lang='grc' dir='ltr'>ὑμετέρας</span> 
     </span>
     <span class='ocr_line' id='line_1_73' title="bbox 1300 1801 2325 1856; baseline -0.004 -14"><span class='ocrx_word' id='word_1_512' title='bbox 1300 1803 1481 1856; x_wconf 68' lang='grc' dir='ltr'>φιληκοΐας</span> <span class='ocrx_word' id='word_1_513' title='bbox 1508 1804 1571 1852; x_wconf 74' lang='grc' dir='ltr'>τὴν</span> <span class='ocrx_word' id='word_1_514' title='bbox 1604 1804 1736 1852; x_wconf 69' lang='grc' dir='ltr'>πολλὴν</span> <span class='ocrx_word' id='word_1_515' title='bbox 1771 1802 1923 1850; x_wconf 73' lang='grc' dir='ltr'>σπουδὴν</span> <span class='ocrx_word' id='word_1_516' title='bbox 1952 1802 2012 1841; x_wconf 78' lang='grc' dir='ltr'>καὶ</span> <span class='ocrx_word' id='word_1_517' title='bbox 2041 1802 2099 1840; x_wconf 75' lang='grc' dir='ltr'>τὸν</span> <span class='ocrx_word' id='word_1_518' title='bbox 2137 1801 2325 1853; x_wconf 85' lang='grc' dir='ltr'>ἀκόρεστον</span> 
     </span>
     <span class='ocr_line' id='line_1_74' title="bbox 1306 1861 2323 1915; baseline -0.005 -12"><span class='ocrx_word' id='word_1_519' title='bbox 1306 1865 1408 1903; x_wconf 83' lang='grc' dir='ltr'>πόθον</span> <span class='ocrx_word' id='word_1_520' title='bbox 1426 1881 1433 1888; x_wconf 91' lang='grc'><em>·</em></span> <span class='ocrx_word' id='word_1_521' title='bbox 1455 1866 1512 1903; x_wconf 81' lang='grc' dir='ltr'>διὰ</span> <span class='ocrx_word' id='word_1_522' title='bbox 1528 1869 1628 1904; x_wconf 86' lang='grc' dir='ltr'>τοῦτο</span> <span class='ocrx_word' id='word_1_523' title='bbox 1647 1865 1707 1903; x_wconf 82' lang='grc' dir='ltr'>καὶ</span> <span class='ocrx_word' id='word_1_524' title='bbox 1727 1865 1828 1909; x_wconf 80' lang='grc' dir='ltr'>αὐτὸς</span> <span class='ocrx_word' id='word_1_525' title='bbox 1848 1864 1937 1915; x_wconf 75' lang='grc' dir='ltr'>μετὰ</span> <span class='ocrx_word' id='word_1_526' title='bbox 1952 1862 2108 1906; x_wconf 87' lang='grc' dir='ltr'>πλείονος</span> <span class='ocrx_word' id='word_1_527' title='bbox 2128 1861 2323 1913; x_wconf 85' lang='grc' dir='ltr'>προθυμίας</span> 
     </span>
     <span class='ocr_line' id='line_1_75' title="bbox 1300 1924 2323 1978; baseline -0.005 -14"><span class='ocrx_word' id='word_1_528' title='bbox 1300 1929 1362 1972; x_wconf 62' lang='grc' dir='ltr'>τῆς</span> <span class='ocrx_word' id='word_1_529' title='bbox 1390 1926 1476 1978; x_wconf 79' lang='grc' dir='ltr'>πρὸς</span> <span class='ocrx_word' id='word_1_530' title='bbox 1509 1930 1598 1977; x_wconf 72' lang='grc' dir='ltr'>ὑμᾶς</span> <span class='ocrx_word' id='word_1_531' title='bbox 1631 1926 1787 1978; x_wconf 83' lang='grc' dir='ltr'>ἅπτομαι</span> <span class='ocrx_word' id='word_1_532' title='bbox 1823 1924 2069 1972; x_wconf 88' lang='grc' dir='ltr'>διδασκαλίας,</span> <span class='ocrx_word' id='word_1_533' title='bbox 2105 1924 2193 1977; x_wconf 85' lang='grc' dir='ltr'>ὁρῶν</span> <span class='ocrx_word' id='word_1_534' title='bbox 2225 1924 2323 1973; x_wconf 77' lang='grc' dir='ltr'>ὑμῶν</span> 
     </span>
     <span class='ocr_line' id='line_1_76' title="bbox 1301 1983 2326 2041; baseline -0.005 -15"><span class='ocrx_word' id='word_1_535' title='bbox 1301 1990 1376 2026; x_wconf 89' lang='grc' dir='ltr'>καθ’</span> <span class='ocrx_word' id='word_1_536' title='bbox 1394 1988 1543 2035; x_wconf 73' lang='grc' dir='ltr'>ἑκάστην</span> <span class='ocrx_word' id='word_1_537' title='bbox 1562 1987 1697 2041; x_wconf 78' lang='grc' dir='ltr'>ἡμέραν</span> <span class='ocrx_word' id='word_1_538' title='bbox 1719 1988 1781 2034; x_wconf 77' lang='grc' dir='ltr'>τὴν</span> <span class='ocrx_word' id='word_1_539' title='bbox 1805 1987 1913 2039; x_wconf 80' lang='grc' dir='ltr'>ὄρεξιν</span> <span class='ocrx_word' id='word_1_540' title='bbox 1939 1985 2210 2035; x_wconf 80' lang='grc' dir='ltr'>ἐπιτεινομένην.</span> <span class='ocrx_word' id='word_1_541' title='bbox 2231 1983 2326 2037; x_wconf 88' lang='grc' dir='ltr'>Φέρε</span> 
     </span>
     <span class='ocr_line' id='line_1_77' title="bbox 1301 2042 2324 2101; baseline -0.004 -14"><span class='ocrx_word' id='word_1_542' title='bbox 1301 2042 1358 2087; x_wconf 67' lang='grc' dir='ltr'>οῦν</span> <span class='ocrx_word' id='word_1_543' title='bbox 1386 2050 1445 2087; x_wconf 82' lang='grc' dir='ltr'>καὶ</span> <span class='ocrx_word' id='word_1_544' title='bbox 1468 2049 1620 2101; x_wconf 82' lang='grc' dir='ltr'>σήμερον</span> <span class='ocrx_word' id='word_1_545' title='bbox 1640 2049 1684 2087; x_wconf 79' lang='grc' dir='ltr'>τὰ</span> <span class='ocrx_word' id='word_1_546' title='bbox 1710 2048 1787 2096; x_wconf 69' lang='grc' dir='ltr'>ἑξῆς</span> <span class='ocrx_word' id='word_1_547' title='bbox 1817 2050 1884 2086; x_wconf 83' lang='grc' dir='ltr'>τῶν</span> <span class='ocrx_word' id='word_1_548' title='bbox 1908 2046 1989 2100; x_wconf 78' lang='grc' dir='ltr'>χθὲς</span> <span class='ocrx_word' id='word_1_549' title='bbox 2011 2046 2204 2099; x_wconf 83' lang='grc' dir='ltr'>εἰρημένων</span> <span class='ocrx_word' id='word_1_550' title='bbox 2230 2044 2324 2084; x_wconf 80' lang='grc' dir='ltr'>κατὰ</span> 
     </span>
     <span class='ocr_line' id='line_1_78' title="bbox 1301 2108 2319 2160; baseline -0.004 -12"><span class='ocrx_word' id='word_1_551' title='bbox 1301 2109 1444 2160; x_wconf 81' lang='grc' dir='ltr'>δύναμιν</span> <span class='ocrx_word' id='word_1_552' title='bbox 1466 2110 1682 2158; x_wconf 80' lang='grc' dir='ltr'>ἐπελθόντες,</span> <span class='ocrx_word' id='word_1_553' title='bbox 1696 2110 1758 2156; x_wconf 78' lang='grc' dir='ltr'>τὴν</span> <span class='ocrx_word' id='word_1_554' title='bbox 1782 2109 1913 2156; x_wconf 81' lang='grc' dir='ltr'>συνήθη</span> <span class='ocrx_word' id='word_1_555' title='bbox 1932 2108 2085 2147; x_wconf 79' lang='grc' dir='ltr'>ἑστίασιν</span> <span class='ocrx_word' id='word_1_556' title='bbox 2107 2110 2319 2160; x_wconf 82' lang='grc' dir='ltr'>παραθῶμεν</span> 
     </span>
     <span class='ocr_line' id='line_1_79' title="bbox 1301 2167 2326 2222; baseline -0.003 -15"><span class='ocrx_word' id='word_1_557' title='bbox 1301 2173 1397 2220; x_wconf 82' lang='grc' dir='ltr'>ὑμῶν</span> <span class='ocrx_word' id='word_1_558' title='bbox 1427 2174 1469 2217; x_wconf 75' lang='grc' dir='ltr'>τῆ</span> <span class='ocrx_word' id='word_1_559' title='bbox 1492 2170 1625 2222; x_wconf 80' lang='grc' dir='ltr'>ἀγάπῃ,</span> <span class='ocrx_word' id='word_1_560' title='bbox 1650 2171 1710 2209; x_wconf 80' lang='grc' dir='ltr'>καὶ</span> <span class='ocrx_word' id='word_1_561' title='bbox 1737 2170 1877 2220; x_wconf 84' lang='grc' dir='ltr'>ἴδωμεν,</span> <span class='ocrx_word' id='word_1_562' title='bbox 1901 2168 1990 2219; x_wconf 77' lang='grc' dir='ltr'>μετὰ</span> <span class='ocrx_word' id='word_1_563' title='bbox 2020 2167 2083 2214; x_wconf 82' lang='grc' dir='ltr'>τὴν</span> <span class='ocrx_word' id='word_1_564' title='bbox 2110 2173 2169 2206; x_wconf 90' lang='grc' dir='ltr'>τοῦ</span> <span class='ocrx_word' id='word_1_565' title='bbox 2201 2167 2326 2205; x_wconf 66' lang='grc' dir='ltr'>Λοίὸαν</span> 
     </span>
     <span class='ocr_line' id='line_1_80' title="bbox 1301 2228 2323 2281; baseline -0.001 -15"><span class='ocrx_word' id='word_1_566' title='bbox 1301 2229 1523 2281; x_wconf 73' lang='grc' dir='ltr'>ἀναχώρησιν</span> <span class='ocrx_word' id='word_1_567' title='bbox 1542 2230 1636 2274; x_wconf 82' lang='grc' dir='ltr'>ὅπως</span> <span class='ocrx_word' id='word_1_568' title='bbox 1655 2234 1672 2268; x_wconf 78' lang='grc' dir='ltr'>ὁ</span> <span class='ocrx_word' id='word_1_569' title='bbox 1697 2231 1828 2274; x_wconf 89' lang='grc' dir='ltr'>δίκαιος</span> <span class='ocrx_word' id='word_1_570' title='bbox 1846 2233 1907 2276; x_wconf 64' lang='grc' dir='ltr'>τῆς</span> <span class='ocrx_word' id='word_1_571' title='bbox 1935 2228 2131 2281; x_wconf 73' lang='grc' dir='ltr'>ὁδοιπορίας</span> <span class='ocrx_word' id='word_1_572' title='bbox 2160 2229 2323 2265; x_wconf 80' lang='grc' dir='ltr'>ἅπτεται.</span> 
     </span>
     <span class='ocr_line' id='line_1_81' title="bbox 1300 2288 2323 2344; baseline -0.001 -17"><span class='ocrx_word' id='word_1_573' title='bbox 1300 2289 1411 2328; x_wconf 76' lang='grc' dir='ltr'>Οὐδὲν</span> <span class='ocrx_word' id='word_1_574' title='bbox 1437 2290 1505 2342; x_wconf 80' lang='grc' dir='ltr'>γὰρ</span> <span class='ocrx_word' id='word_1_575' title='bbox 1530 2292 1632 2344; x_wconf 80' lang='grc' dir='ltr'>ἀργὸν</span> <span class='ocrx_word' id='word_1_576' title='bbox 1667 2293 1735 2328; x_wconf 87' lang='grc' dir='ltr'>τῶν</span> <span class='ocrx_word' id='word_1_577' title='bbox 1764 2293 1797 2329; x_wconf 79' lang='grc' dir='ltr'>ἐν</span> <span class='ocrx_word' id='word_1_578' title='bbox 1825 2294 1867 2342; x_wconf 71' lang='grc' dir='ltr'>τῇ</span> <span class='ocrx_word' id='word_1_579' title='bbox 1897 2290 1972 2343; x_wconf 73' lang='grc' dir='ltr'>θεία</span> <span class='ocrx_word' id='word_1_580' title='bbox 1997 2290 2122 2342; x_wconf 68' lang='grc' dir='ltr'>Γραφῇ</span> <span class='ocrx_word' id='word_1_581' title='bbox 2154 2288 2323 2338; x_wconf 85' lang='grc' dir='ltr'>κειμένων</span> 
     </span>
     <span class='ocr_line' id='line_1_82' title="bbox 1301 2349 2325 2400; baseline -0.002 -13"><span class='ocrx_word' id='word_1_582' title='bbox 1301 2351 1406 2399; x_wconf 64' lang='grc' dir='ltr'>ἐστὶν,</span> <span class='ocrx_word' id='word_1_583' title='bbox 1428 2352 1518 2390; x_wconf 78' lang='grc' dir='ltr'>ἀλλὰ</span> <span class='ocrx_word' id='word_1_584' title='bbox 1539 2352 1653 2390; x_wconf 78' lang='grc' dir='ltr'>πάντα</span> <span class='ocrx_word' id='word_1_585' title='bbox 1669 2352 1713 2390; x_wconf 73' lang='grc' dir='ltr'>τα</span> <span class='ocrx_word' id='word_1_586' title='bbox 1729 2353 1795 2391; x_wconf 78' lang='grc' dir='ltr'>ὑπὸ</span> <span class='ocrx_word' id='word_1_587' title='bbox 1814 2354 1880 2390; x_wconf 85' lang='grc' dir='ltr'>τῶν</span> <span class='ocrx_word' id='word_1_588' title='bbox 1900 2350 2041 2389; x_wconf 85' lang='grc' dir='ltr'>δικαίων</span> <span class='ocrx_word' id='word_1_589' title='bbox 2072 2349 2236 2400; x_wconf 85' lang='grc' dir='ltr'>γινόμενα</span> <span class='ocrx_word' id='word_1_590' title='bbox 2259 2364 2325 2399; x_wconf 87' lang='grc' dir='ltr'>με-</span> 
     </span>
     <span class='ocr_line' id='line_1_83' title="bbox 1300 2408 2326 2465; baseline -0.005 -15"><span class='ocrx_word' id='word_1_591' title='bbox 1300 2411 1421 2464; x_wconf 74' lang='grc' dir='ltr'>γίστης</span> <span class='ocrx_word' id='word_1_592' title='bbox 1434 2413 1533 2464; x_wconf 85' lang='grc' dir='ltr'>γέμει</span> <span class='ocrx_word' id='word_1_593' title='bbox 1547 2417 1608 2460; x_wconf 63' lang='grc' dir='ltr'>τῆς</span> <span class='ocrx_word' id='word_1_594' title='bbox 1621 2412 1801 2465; x_wconf 58' lang='grc' dir='ltr'>ὠφελείας.</span> <span class='ocrx_word' id='word_1_595' title='bbox 1822 2411 1968 2458; x_wconf 76' lang='grc' dir='ltr'>Ἐπειδὴ</span> <span class='ocrx_word' id='word_1_596' title='bbox 1983 2411 2050 2463; x_wconf 76' lang='grc' dir='ltr'>γὰρ</span> <span class='ocrx_word' id='word_1_597' title='bbox 2066 2411 2122 2449; x_wconf 78' lang='grc' dir='ltr'>τὸν</span> <span class='ocrx_word' id='word_1_598' title='bbox 2144 2412 2213 2446; x_wconf 85' lang='grc' dir='ltr'>τῶν</span> <span class='ocrx_word' id='word_1_599' title='bbox 2236 2408 2326 2447; x_wconf 78' lang='grc' dir='ltr'>δ’λων</span> 
     </span>
     <span class='ocr_line' id='line_1_84' title="bbox 1302 2468 2317 2527; baseline 0.002 -18"><span class='ocrx_word' id='word_1_600' title='bbox 1302 2473 1484 2519; x_wconf 78' lang='grc' dir='ltr'>Δεσπότην</span> <span class='ocrx_word' id='word_1_601' title='bbox 1513 2468 1605 2527; x_wconf 67' lang='grc' dir='ltr'>εἶχον</span> <span class='ocrx_word' id='word_1_602' title='bbox 1636 2475 1801 2520; x_wconf 78' lang='grc' dir='ltr'>διηνεκῶς</span> <span class='ocrx_word' id='word_1_603' title='bbox 1833 2474 1948 2517; x_wconf 78' lang='grc' dir='ltr'>αὐτοῖς</span> <span class='ocrx_word' id='word_1_604' title='bbox 1981 2473 2227 2526; x_wconf 80' lang='grc' dir='ltr'>συμπαρόντα,</span> <span class='ocrx_word' id='word_1_605' title='bbox 2257 2473 2317 2511; x_wconf 76' lang='grc' dir='ltr'>καὶ</span> 
     </span>
     <span class='ocr_line' id='line_1_85' title="bbox 1302 2533 2326 2587; baseline 0.003 -17"><span class='ocrx_word' id='word_1_606' title='bbox 1302 2533 1380 2577; x_wconf 80' lang='grc' dir='ltr'>τοὺς</span> <span class='ocrx_word' id='word_1_607' title='bbox 1399 2535 1488 2572; x_wconf 82' lang='grc' dir='ltr'>κατὰ</span> <span class='ocrx_word' id='word_1_608' title='bbox 1504 2535 1566 2581; x_wconf 79' lang='grc' dir='ltr'>τὴν</span> <span class='ocrx_word' id='word_1_609' title='bbox 1587 2534 1783 2587; x_wconf 72' lang='grc' dir='ltr'>ὁδοιπορίαν</span> <span class='ocrx_word' id='word_1_610' title='bbox 1803 2534 1927 2577; x_wconf 87' lang='grc' dir='ltr'>πόνους</span> <span class='ocrx_word' id='word_1_611' title='bbox 1946 2534 2222 2586; x_wconf 55' lang='grc' dir='ltr'>ἐπικουφίζοντα,</span> <span class='ocrx_word' id='word_1_612' title='bbox 2241 2536 2326 2573; x_wconf 87' lang='grc' dir='ltr'>πολ-</span> 
     </span>
     <span class='ocr_line' id='line_1_86' title="bbox 1302 2595 2321 2650; baseline 0.001 -17"><span class='ocrx_word' id='word_1_613' title='bbox 1302 2595 1366 2642; x_wconf 77' lang='grc' dir='ltr'>λὴν</span> <span class='ocrx_word' id='word_1_614' title='bbox 1393 2598 1452 2634; x_wconf 83' lang='grc' dir='ltr'>καὶ</span> <span class='ocrx_word' id='word_1_615' title='bbox 1483 2598 1552 2636; x_wconf 84' lang='grc' dir='ltr'>ἀπὸ</span> <span class='ocrx_word' id='word_1_616' title='bbox 1580 2600 1643 2644; x_wconf 69' lang='grc' dir='ltr'>τῆς</span> <span class='ocrx_word' id='word_1_617' title='bbox 1664 2600 1767 2650; x_wconf 75' lang='grc' dir='ltr'>ψιλῆς</span> <span class='ocrx_word' id='word_1_618' title='bbox 1798 2598 1911 2635; x_wconf 78' lang='grc' dir='ltr'>αὐτῶν</span> <span class='ocrx_word' id='word_1_619' title='bbox 1937 2596 2133 2649; x_wconf 77' lang='grc' dir='ltr'>ὁδοιπορίας</span> <span class='ocrx_word' id='word_1_620' title='bbox 2162 2597 2238 2634; x_wconf 81' lang='grc' dir='ltr'>ἐστὶ</span> <span class='ocrx_word' id='word_1_621' title='bbox 2258 2596 2321 2643; x_wconf 81' lang='grc' dir='ltr'>τὴν</span> 
     </span>
     <span class='ocr_line' id='line_1_87' title="bbox 1303 2657 2326 2711; baseline 0.003 -17"><span class='ocrx_word' id='word_1_622' title='bbox 1303 2657 1471 2709; x_wconf 67' lang='grc' dir='ltr'>ὠφέλειαν</span> <span class='ocrx_word' id='word_1_623' title='bbox 1491 2658 1756 2711; x_wconf 82' lang='grc' dir='ltr'>καρπώσασθαι.</span> <span class='ocrx_word' id='word_1_624' title='bbox 1786 2658 2024 2705; x_wconf 85' lang='grc' dir='ltr'>Ἀπελθόντος,</span> <span class='ocrx_word' id='word_1_625' title='bbox 2045 2658 2145 2709; x_wconf 69' lang='grc' dir='ltr'>φησὶ,</span> <span class='ocrx_word' id='word_1_626' title='bbox 2171 2663 2230 2696; x_wconf 87' lang='grc' dir='ltr'>τοῦ</span> <span class='ocrx_word' id='word_1_627' title='bbox 2249 2657 2326 2697; x_wconf 76' lang='grc' dir='ltr'>Λά-</span> 
     </span>
     <span class='ocr_line' id='line_1_88' title="bbox 1304 2713 2324 2766; baseline 0.002 -11"><span class='ocrx_word' id='word_1_628' title='bbox 1304 2717 1368 2756; x_wconf 62' lang='grc' dir='ltr'>ἕαν</span> <span class='ocrx_word' id='word_1_629' title='bbox 1388 2720 1434 2762; x_wconf 85' lang='grc' dir='ltr'>εἷς</span> <span class='ocrx_word' id='word_1_630' title='bbox 1453 2719 1510 2756; x_wconf 82' lang='grc' dir='ltr'>τὸν</span> <span class='ocrx_word' id='word_1_631' title='bbox 1529 2713 1619 2757; x_wconf 61' lang='grc' dir='ltr'>οἶκον</span> <span class='ocrx_word' id='word_1_632' title='bbox 1645 2721 1764 2766; x_wconf 81' lang='grc' dir='ltr'>αὐτοῦ,</span> <span class='ocrx_word' id='word_1_633' title='bbox 1782 2718 1851 2757; x_wconf 83' lang='grc' dir='ltr'>Καὶ</span> <span class='ocrx_word' id='word_1_634' title='bbox 1872 2717 2001 2756; x_wconf 64' lang='lat' dir='ltr'>&#39;Iambe&#39;</span> <span class='ocrx_word' id='word_1_635' title='bbox 2019 2720 2172 2765; x_wconf 78' lang='grc' dir='ltr'>ἀπῆλθεν</span> <span class='ocrx_word' id='word_1_636' title='bbox 2193 2721 2240 2763; x_wconf 89' lang='grc' dir='ltr'>εἷς</span> <span class='ocrx_word' id='word_1_637' title='bbox 2262 2717 2324 2766; x_wconf 85' lang='grc' dir='ltr'>τὴν</span> 
     </span>
     <span class='ocr_line' id='line_1_89' title="bbox 1303 2773 2322 2833; baseline 0.001 -17"><span class='ocrx_word' id='word_1_638' title='bbox 1303 2781 1426 2818; x_wconf 81' lang='grc' dir='ltr'>ἑαυτοῦ</span> <span class='ocrx_word' id='word_1_639' title='bbox 1447 2781 1544 2826; x_wconf 70' lang='grc' dir='ltr'>ὁδὸν,</span> <span class='ocrx_word' id='word_1_640' title='bbox 1570 2780 1628 2817; x_wconf 78' lang='grc' dir='ltr'>καὶ</span> <span class='ocrx_word' id='word_1_641' title='bbox 1658 2779 1855 2831; x_wconf 63' lang='grc' dir='ltr'>ἀναὸλέψας</span> <span class='ocrx_word' id='word_1_642' title='bbox 1880 2773 1947 2817; x_wconf 63' lang='grc' dir='ltr'>εἶδε</span> <span class='ocrx_word' id='word_1_643' title='bbox 1971 2779 2197 2833; x_wconf 63' lang='grc' dir='ltr'>παρεμὸολὴν</span> <span class='ocrx_word' id='word_1_644' title='bbox 2230 2781 2322 2819; x_wconf 88' lang='grc' dir='ltr'>Θεοῦ</span> 
     </span>
     <span class='ocr_line' id='line_1_90' title="bbox 1302 2841 2320 2894; baseline 0.002 -16"><span class='ocrx_word' id='word_1_645' title='bbox 1302 2841 1646 2892; x_wconf 62' lang='grc' dir='ltr'>παρεμὲεὸληκυῖαν,</span> <span class='ocrx_word' id='word_1_646' title='bbox 1678 2842 1737 2879; x_wconf 81' lang='grc' dir='ltr'>καὶ</span> <span class='ocrx_word' id='word_1_647' title='bbox 1766 2842 1982 2888; x_wconf 77' lang='grc' dir='ltr'>συνήντησαν</span> <span class='ocrx_word' id='word_1_648' title='bbox 2003 2843 2097 2893; x_wconf 85' lang='grc' dir='ltr'>αὐτῷ</span> <span class='ocrx_word' id='word_1_649' title='bbox 2117 2844 2148 2879; x_wconf 87' lang='grc' dir='ltr'>οἱ</span> <span class='ocrx_word' id='word_1_650' title='bbox 2180 2842 2320 2894; x_wconf 81' lang='grc' dir='ltr'>ἄγγελοι</span> 
     </span>
     <span class='ocr_line' id='line_1_91' title="bbox 1301 2907 2321 2961; baseline 0.002 -17"><span class='ocrx_word' id='word_1_651' title='bbox 1301 2911 1360 2945; x_wconf 87' lang='grc' dir='ltr'>τοῦ</span> <span class='ocrx_word' id='word_1_652' title='bbox 1391 2911 1494 2946; x_wconf 77' lang='grc' dir='ltr'>Θεοῦ.</span> <span class='ocrx_word' id='word_1_653' title='bbox 1529 2908 1676 2954; x_wconf 73' lang='grc' dir='ltr'>Ἐπειδὴ</span> <span class='ocrx_word' id='word_1_654' title='bbox 1697 2907 1777 2960; x_wconf 77' lang='grc' dir='ltr'>γὰρ,</span> <span class='ocrx_word' id='word_1_655' title='bbox 1805 2908 2030 2959; x_wconf 86' lang='grc' dir='ltr'>παυσαμένου</span> <span class='ocrx_word' id='word_1_656' title='bbox 2055 2912 2114 2947; x_wconf 88' lang='grc' dir='ltr'>τοῦ</span> <span class='ocrx_word' id='word_1_657' title='bbox 2137 2907 2242 2961; x_wconf 70' lang='grc' dir='ltr'>φόὸου</span> <span class='ocrx_word' id='word_1_658' title='bbox 2261 2912 2321 2946; x_wconf 86' lang='grc' dir='ltr'>τοῦ</span> 
     </span>
     <span class='ocr_line' id='line_1_92' title="bbox 1302 2974 2321 3028; baseline 0 -16"><span class='ocrx_word' id='word_1_659' title='bbox 1302 2974 1424 3013; x_wconf 64' lang='grc' dir='ltr'>Λάέαν</span> <span class='ocrx_word' id='word_1_660' title='bbox 1443 2976 1502 3014; x_wconf 80' lang='grc' dir='ltr'>καὶ</span> <span class='ocrx_word' id='word_1_661' title='bbox 1521 2975 1617 3020; x_wconf 83' lang='grc' dir='ltr'>τέλος</span> <span class='ocrx_word' id='word_1_662' title='bbox 1634 2976 1829 3028; x_wconf 53' lang='grc' dir='ltr'>εἰληφότος,</span> <span class='ocrx_word' id='word_1_663' title='bbox 1850 2975 2022 3028; x_wconf 77' lang='grc' dir='ltr'>διεδέχετο</span> <span class='ocrx_word' id='word_1_664' title='bbox 2040 2975 2158 3013; x_wconf 84' lang='grc' dir='ltr'>λοιπὸν</span> <span class='ocrx_word' id='word_1_665' title='bbox 2180 2978 2198 3013; x_wconf 86' lang='grc' dir='ltr'>ὁ</span> <span class='ocrx_word' id='word_1_666' title='bbox 2218 2975 2321 3027; x_wconf 77' lang='grc' dir='ltr'>φόὸος</span> 
     </span>
     <span class='ocr_line' id='line_1_93' title="bbox 1301 3043 2322 3097; baseline 0.001 -17"><span class='ocrx_word' id='word_1_667' title='bbox 1301 3047 1359 3082; x_wconf 87' lang='grc' dir='ltr'>τοῦ</span> <span class='ocrx_word' id='word_1_668' title='bbox 1380 3045 1539 3096; x_wconf 65' lang='grc' dir='ltr'>ἀδελφοῦ,</span> <span class='ocrx_word' id='word_1_669' title='bbox 1570 3044 1626 3082; x_wconf 74' lang='grc' dir='ltr'>διὰ</span> <span class='ocrx_word' id='word_1_670' title='bbox 1647 3050 1747 3083; x_wconf 85' lang='grc' dir='ltr'>τοῦτο</span> <span class='ocrx_word' id='word_1_671' title='bbox 1764 3048 1781 3083; x_wconf 82' lang='grc' dir='ltr'>ὁ</span> <span class='ocrx_word' id='word_1_672' title='bbox 1799 3045 2039 3097; x_wconf 81' lang='grc' dir='ltr'>φιλάνθρωπος</span> <span class='ocrx_word' id='word_1_673' title='bbox 2055 3043 2235 3089; x_wconf 76' lang='grc' dir='ltr'>Δεσπότης</span> <span class='ocrx_word' id='word_1_674' title='bbox 2254 3060 2322 3081; x_wconf 90' lang='grc' dir='ltr'>πα-</span> 
     </span>
     <span class='ocr_line' id='line_1_94' title="bbox 1304 3110 2321 3163; baseline -0.002 -15"><span class='ocrx_word' id='word_1_675' title='bbox 1304 3114 1510 3163; x_wconf 75' lang='grc' dir='ltr'>ραθαρρῦναι</span> <span class='ocrx_word' id='word_1_676' title='bbox 1532 3111 1588 3149; x_wconf 74' lang='grc' dir='ltr'>τὸν</span> <span class='ocrx_word' id='word_1_677' title='bbox 1610 3111 1740 3150; x_wconf 86' lang='grc' dir='ltr'>δίκαιον</span> <span class='ocrx_word' id='word_1_678' title='bbox 1760 3111 1991 3162; x_wconf 60' lang='grc' dir='ltr'>βουλόμενος,</span> <span class='ocrx_word' id='word_1_679' title='bbox 2004 3110 2063 3147; x_wconf 84' lang='grc' dir='ltr'>καὶ</span> <span class='ocrx_word' id='word_1_680' title='bbox 2081 3116 2195 3148; x_wconf 70' lang='grc' dir='ltr'>πᾶσαν</span> <span class='ocrx_word' id='word_1_681' title='bbox 2219 3111 2321 3147; x_wconf 80' lang='grc' dir='ltr'>αὐτοῦ</span> 
     </span>
     <span class='ocr_line' id='line_1_95' title="bbox 1301 3177 2316 3231; baseline -0.001 -16"><span class='ocrx_word' id='word_1_682' title='bbox 1301 3178 1363 3225; x_wconf 70' lang='grc' dir='ltr'>τὴν</span> <span class='ocrx_word' id='word_1_683' title='bbox 1394 3179 1520 3218; x_wconf 81' lang='grc' dir='ltr'>δειλίαν</span> <span class='ocrx_word' id='word_1_684' title='bbox 1547 3180 1806 3226; x_wconf 74' lang='grc' dir='ltr'>ἀποσκεδάσαι,</span> <span class='ocrx_word' id='word_1_685' title='bbox 1837 3177 2093 3231; x_wconf 78' lang='grc' dir='ltr'>παρεσκεύασεν</span> <span class='ocrx_word' id='word_1_686' title='bbox 2121 3177 2221 3215; x_wconf 82' lang='grc' dir='ltr'>αὐτὸν</span> <span class='ocrx_word' id='word_1_687' title='bbox 2248 3180 2316 3215; x_wconf 90' lang='grc' dir='ltr'>τῶν</span> 
     </span>
     <span class='ocr_line' id='line_1_96' title="bbox 1301 3244 2319 3299; baseline -0.002 -15"><span class='ocrx_word' id='word_1_688' title='bbox 1301 3247 1454 3298; x_wconf 81' lang='grc' dir='ltr'>ἀγγέλων</span> <span class='ocrx_word' id='word_1_689' title='bbox 1496 3247 1557 3294; x_wconf 77' lang='grc' dir='ltr'>τὴν</span> <span class='ocrx_word' id='word_1_690' title='bbox 1596 3245 1820 3299; x_wconf 73' lang='grc' dir='ltr'>παρεμὸολὴν</span> <span class='ocrx_word' id='word_1_691' title='bbox 1858 3247 1950 3283; x_wconf 85' lang='grc' dir='ltr'>ἰδεῖν.</span> <span class='ocrx_word' id='word_1_692' title='bbox 1988 3245 2212 3292; x_wconf 82' lang='grc' dir='ltr'>Συνήντησαν</span> <span class='ocrx_word' id='word_1_693' title='bbox 2251 3244 2319 3296; x_wconf 80' lang='grc' dir='ltr'>γὰρ</span> 
     </span>
     <span class='ocr_line' id='line_1_97' title="bbox 1301 3307 2319 3366; baseline -0.001 -14"><span class='ocrx_word' id='word_1_694' title='bbox 1301 3316 1406 3366; x_wconf 80' lang='grc' dir='ltr'>αὐτῷ,</span> <span class='ocrx_word' id='word_1_695' title='bbox 1423 3313 1540 3365; x_wconf 65' lang='grc' dir='ltr'>φησὶν,</span> <span class='ocrx_word' id='word_1_696' title='bbox 1560 3317 1591 3352; x_wconf 79' lang='grc' dir='ltr'>οἱ</span> <span class='ocrx_word' id='word_1_697' title='bbox 1611 3314 1751 3365; x_wconf 77' lang='grc' dir='ltr'>ἄγγελοι</span> <span class='ocrx_word' id='word_1_698' title='bbox 1765 3317 1824 3351; x_wconf 86' lang='grc' dir='ltr'>τοῦ</span> <span class='ocrx_word' id='word_1_699' title='bbox 1843 3314 1946 3352; x_wconf 87' lang='grc' dir='ltr'>Θεοῦ.</span> <span class='ocrx_word' id='word_1_700' title='bbox 1968 3313 2038 3351; x_wconf 81' lang='grc' dir='ltr'>Καὶ</span> <span class='ocrx_word' id='word_1_701' title='bbox 2053 3307 2146 3351; x_wconf 70' lang='grc' dir='ltr'>εἶπεν</span> <span class='ocrx_word' id='word_1_702' title='bbox 2167 3312 2295 3351; x_wconf 69' lang='lat' dir='ltr'>’Im-36</span> <span class='ocrx_word' id='word_1_703' title='bbox 2312 3328 2319 3334; x_wconf 94' lang='grc'><em>·</em></span> 
     </span>
    </p>
   </div>
   <div class='ocr_carea' id='block_1_15' title="bbox 1299 3379 2320 3432">
    <p class='ocr_par' dir='ltr' id='par_1_15' title="bbox 1299 3379 2320 3432">
     <span class='ocr_line' id='line_1_98' title="bbox 1299 3379 2320 3432; baseline -0.002 -13"><span class='ocrx_word' id='word_1_704' title='bbox 1299 3379 1508 3432; x_wconf 63' lang='grc' dir='ltr'>παρεμὲολῆ</span> <span class='ocrx_word' id='word_1_705' title='bbox 1526 3381 1617 3419; x_wconf 82' lang='grc' dir='ltr'>Θεοῦ</span> <span class='ocrx_word' id='word_1_706' title='bbox 1639 3379 1737 3426; x_wconf 79' lang='grc' dir='ltr'>αὕτη.</span> <span class='ocrx_word' id='word_1_707' title='bbox 1760 3379 1830 3417; x_wconf 83' lang='grc' dir='ltr'>Καὶ</span> <span class='ocrx_word' id='word_1_708' title='bbox 1851 3379 1992 3418; x_wconf 79' lang='grc' dir='ltr'>ἐκάλεσε</span> <span class='ocrx_word' id='word_1_709' title='bbox 2009 3379 2047 3417; x_wconf 81' lang='grc' dir='ltr'>τὸ</span> <span class='ocrx_word' id='word_1_710' title='bbox 2061 3381 2170 3430; x_wconf 85' lang='grc' dir='ltr'>ὄνομα</span> <span class='ocrx_word' id='word_1_711' title='bbox 2188 3385 2246 3419; x_wconf 81' lang='grc' dir='ltr'>τοῦ</span> <span class='ocrx_word' id='word_1_712' title='bbox 2265 3380 2320 3417; x_wconf 76' lang='grc' dir='ltr'>τό·</span> 
     </span>
    </p>
   </div>
   <div class='ocr_carea' id='block_1_16' title="bbox 2487 0 2494 473">
    <p class='ocr_par' dir='ltr' id='par_1_16' title="bbox 2487 0 2494 473">
     <span class='ocr_line' id='line_1_99' title="bbox 2487 0 2494 473; textangle 90"><span class='ocrx_word' id='word_1_713' title='bbox 2490 462 2493 473; x_wconf 60' lang='lat'>,</span> <span class='ocrx_word' id='word_1_714' title='bbox 2490 431 2492 445; x_wconf 52' lang='lat'><em>⁷</em></span> <span class='ocrx_word' id='word_1_715' title='bbox 2488 364 2493 402; x_wconf 84' lang='lat'><em>—</em></span> <span class='ocrx_word' id='word_1_716' title='bbox 2487 0 2494 345; x_wconf 39' lang='lat'>„--—*‘-</span> 
     </span>
    </p>
   </div>
  </div>
 </body>
</html>
