2516 3791
87 769 117 789 2.
138 758 206 787 Cor.
224 764 271 784 12.

91 989 168 1015 Ihicl.
185 997 211 1013 v.
224 995 252 1025 9.

107 2880 178 2908 Luc.
202 2877 250 2908 18·

106 2930 134 2949 2.
151 2932 211 2958 sqq.

286 224 376 272 552
721 236 758 265 s.

284 322 415 374 gratias
435 334 538 372 agere
556 318 737 357 debemus.
759 317 805 354 Et
827 315 916 366 quid
943 312 1099 361 miraris,
1124 310 1152 347 si
1177 322 1240 346 nos

283 384 461 421 nescimus
480 380 570 432 quid
586 379 686 417 nohis
697 377 834 430 prosit?
850 374 996 420 Paulus,
1012 370 1094 408 talis
1110 378 1144 406 et
1158 378 1238 405 tan-

289 453 346 481 tus
361 443 433 492 vir,
454 455 581 479 arcana
595 439 719 476 audire
734 437 864 487 dignus
880 432 1036 479 habitus,
1053 428 1240 480 ignorabat

287 517 324 542 se
347 517 387 541 ea
411 517 490 553 quae
510 515 578 538 non
606 497 843 550 expediebant
872 491 1023 545 precari.
1038 491 1130 528 Nam
1157 488 1241 539 quia

288 563 433 601 videbat
445 576 481 599 se
497 570 548 598 tot
562 557 732 596 molestiis
750 553 857 605 cingi,
873 566 914 590 ac
933 549 1148 589 circumdari
1168 562 1240 586 cre-

287 623 364 661 bris
382 619 648 667 tentationibus,
669 616 793 654 orabat
811 622 851 651 ut
872 613 918 650 ab
936 612 986 650 eis
1011 610 1240 658 liberaretur;

288 683 394 733 idque
420 694 488 718 non
513 678 619 717 semel
647 690 760 727 neque
785 675 930 724 iterum,
950 671 1014 710 sed
1039 680 1072 709 et
1100 670 1240 722 saepius.

293 743 366 779 Ter
390 739 496 787 enim,
524 736 664 788 inquit,
690 736 903 773 Dominum
927 734 1074 784 rogavi.
1098 732 1185 779 Ter,
1204 729 1243 768 id

287 810 353 851 est,
373 799 515 838 vocavit
535 812 627 850 saepe
645 805 678 835 et
709 810 778 833 non
803 793 1022 847 impetravit.
1045 791 1243 832 Videamus

287 875 371 913 ergo
381 858 564 912 quomodo
580 858 726 896 affectus
742 855 863 893 fuerit.
878 855 974 899 Num
990 853 1167 905 gravatim
1188 861 1243 890 tu—

289 922 357 959 lit?
388 935 474 959 num
505 919 646 971 segnior
676 917 770 954 fuit?
803 929 889 953 num
926 913 1138 966 obtorpuit?
1170 913 1242 950 Mi-

290 982 394 1020 nime.
416 980 485 1020 Sed
512 979 601 1031 quid
631 977 776 1029 inquit?
811 975 915 1014 Dixit
944 991 951 1011 :
982 975 1140 1027 Sufficit
1175 976 1244 1011 tibi

288 1046 419 1096 gratia
441 1056 537 1079 mea.
564 1043 693 1078 Virtus
712 1041 814 1076 enim
844 1051 929 1074 mea
954 1039 996 1073 in
1014 1036 1244 1088 infirmitate

289 1104 500 1157 perficitur.
521 1103 600 1140 Non
620 1101 734 1139 solum
754 1113 821 1137 non
844 1097 1009 1135 liberavit
1028 1096 1132 1133 illum
1152 1110 1242 1148 prae-

291 1165 448 1203 sentibus
474 1164 589 1212 malis,
607 1161 669 1201 sed
693 1162 727 1199 in
754 1160 840 1213 ipsis
873 1171 1096 1211 perseverare
1114 1156 1244 1209 permi-

293 1226 348 1263 sit.
363 1225 449 1263 Esto
474 1241 481 1261 :
505 1225 566 1262 sed
581 1223 674 1261 unde
698 1222 868 1259 discimus
895 1234 975 1257 eum
999 1233 1067 1256 non
1089 1218 1244 1269 graviter

294 1286 442 1324 tulisse?
464 1285 559 1323 Audi
583 1283 736 1321 Paulum
759 1281 949 1327 dicentem,
974 1288 1162 1331 postquam
1188 1278 1244 1315 di-

293 1347 382 1386 dicit
408 1361 446 1385 ca
472 1361 550 1398 quae
579 1345 732 1383 Domino
766 1343 899 1395 placita
928 1349 1026 1379 erant
1043 1356 1049 1376 ε
1066 1342 1247 1377 Libenter

293 1411 410 1460 igitur
437 1408 634 1459 gloriabor
663 1408 704 1442 in
730 1404 1021 1457 infirmitatibus
1046 1403 1149 1438 meis.
1167 1401 1247 1437 Non

293 1470 428 1516 solum,
454 1468 593 1519 inquit,
625 1466 791 1517 deinceps
813 1463 959 1502 liberari
989 1476 1056 1499 non
1088 1461 1244 1512 requiro,

295 1529 355 1567 sed
379 1538 412 1567 et
441 1528 567 1580 majori
596 1527 779 1578 voluptate
809 1524 987 1576 gloriabor
1012 1523 1048 1560 in
1076 1522 1161 1559 illis.
1181 1521 1248 1559 Vi-

294 1586 378 1624 disti
407 1595 543 1637 gratam
581 1585 765 1622 animam?
791 1582 913 1621 vidisti
947 1582 1022 1633 ejus
1058 1581 1095 1617 in
1131 1581 1249 1617 Deum

96 1656 278 1687 R0m,8.26.
295 1648 478 1685 amorem?
499 1646 594 1683 Audi
628 1646 734 1683 etiam
777 1643 952 1681 dicentem
976 1657 983 1678 :
1012 1642 1114 1692 Quid
1147 1643 1249 1678 enim

291 1722 492 1760 precemur
519 1716 560 1745 ut
594 1714 758 1758 oportet,
781 1707 981 1742 nescimus.
1008 1701 1245 1753 Impossibile,

294 1768 424 1819 inquit,
439 1777 504 1813 est,
521 1781 602 1805 cum
619 1781 682 1804 nos
697 1764 857 1803 homines
883 1764 1006 1811 simus,
1022 1761 1139 1799 omnia
1154 1770 1249 1798 certo

294 1830 394 1868 scire.
419 1827 705 1879 Relinquendum
725 1839 807 1877 ergo
826 1825 893 1862 hoc
910 1832 961 1861 est
980 1821 1141 1859 omnium
1158 1822 1249 1858 Con-

292 1891 419 1940 ditori3
438 1889 681 1938 sumendaque
703 1896 784 1925 sunt
814 1899 895 1923 cum
922 1883 1054 1935 gaudio
1081 1891 1115 1920 et
1147 1882 1249 1920 volu-

293 1962 388 2004 ptate
403 1964 633 2003 quaecumque
647 1950 721 2001 ipse
736 1946 887 1986 voluerit
911 1961 918 1981 τ
941 1959 1004 1982 nec
1021 1943 1250 1996 spectandum

294 2013 336 2052 ad
362 2012 514 2065 speeiem
536 2025 658 2048 eorum
682 2023 759 2060 quae
790 2007 971 2055 eveniunt,
989 2005 1049 2043 sed
1077 2004 1166 2055 quid
1193 2018 1249 2041 ac-

295 2082 436 2125 ceptum
465 2072 510 2109 sit
534 2073 702 2108 Domino.
723 2069 797 2116 Qui
821 2068 916 2106 enim
941 2066 1055 2117 magis
1076 2066 1142 2103 scit
1163 2064 1250 2116 quid

294 2133 398 2169 nobis
413 2132 539 2184 prosit,
555 2145 662 2182 quam
682 2130 751 2182 ipsi
769 2143 843 2177 nos,
859 2128 934 2180 ipse
951 2127 1051 2165 novit
1069 2125 1250 2177 quomodo

296 2192 391 2229 salus
410 2201 526 2229 nostra
549 2190 717 2242 paranda.

349 2254 388 2289 6.
420 2253 588 2289 Nostrum
621 2263 704 2300 ergo
731 2262 843 2285 unum
871 2247 916 2285 sit
947 2261 1052 2298 opus,
1075 2245 1252 2284 continuis

297 2313 459 2350 insistere
483 2311 660 2363 precibus,
683 2320 716 2347 et
735 2323 803 2346 non
824 2322 916 2359 aegre
943 2308 1033 2345 ferre
1053 2307 1082 2344 si
1108 2307 1253 2343 differa-

298 2384 356 2411 tur
375 2373 470 2424 quod
488 2373 656 2424 petimus,
675 2370 738 2408 sed
754 2369 905 2407 multam
927 2368 1135 2420 patientiam
1150 2367 1254 2405 exhi-

297 2435 391 2472 bere.
411 2435 531 2484 Neque
560 2432 654 2470 enim
680 2432 839 2468 abnuens
869 2442 988 2481 preces
1016 2437 1155 2466 nostras
1187 2427 1254 2465 dif-

298 2496 364 2532 fert
401 2511 407 2530 :
443 2493 506 2531 sed
538 2493 605 2530 bac
630 2501 704 2529 arte
736 2490 878 2529 sedulos
911 2503 973 2527 nos
1002 2489 1177 2538 efficiens,
1210 2488 1255 2526 ad

299 2556 525 2607 semetipsum
564 2563 732 2606 perpetuo
763 2551 939 2589 attrahere
971 2550 1064 2587 vult.
1095 2551 1188 2587 Nam
1223 2558 1256 2587 et

299 2626 398 2669 pater
428 2616 539 2668 prolis
568 2629 690 2653 amans
715 2627 796 2651 cum
827 2627 846 2649 a
870 2625 980 2664 puero
1008 2620 1168 2662 rogatur,
1193 2611 1257 2648 ab-

300 2677 393 2724 nuit,
410 2690 479 2714 non
500 2675 596 2726 quod
615 2674 701 2712 dare
719 2673 824 2723 nolit,
847 2671 908 2710 sed
925 2681 963 2709 ut
979 2671 1024 2709 ad
1043 2671 1182 2709 diutius
1196 2670 1258 2708 ad-

301 2737 466 2776 standum
481 2736 672 2789 pertrahat.
684 2735 769 2772 Haec
784 2734 902 2784 itaque
914 2733 1061 2771 scientes
1076 2747 1119 2770 ne
1135 2732 1257 2784 despe-

302 2813 435 2848 remus,
451 2813 494 2835 ne
511 2811 684 2836 cessemus
698 2810 777 2834 eum
793 2794 902 2844 adire,
917 2803 950 2832 et
965 2808 1083 2846 preces
1098 2793 1256 2832 fundere.

303 2860 446 2897 Etenim
465 2859 494 2897 si
516 2860 695 2896 crudelem
724 2867 758 2895 et
782 2856 1019 2894 inhumanum
1039 2855 1143 2892 illum
1160 2854 1259 2906 judi-

305 2936 392 2971 cem,
408 2921 468 2972 qui
486 2935 595 2971 neque
610 2922 728 2958 Deum
747 2918 904 2966 timebat,
918 2916 1077 2954 mulieris
1092 2915 1261 2953 sedulitas

305 2983 430 3035 coegit,
447 2992 480 3019 et
500 2981 707 3034 provocavit
730 2989 769 3017 ut
785 2979 853 3017 sibi
871 2986 1090 3016 succurreret
1106 2992 1112 3013 :
1131 2985 1261 3027 quanto

306 3044 418 3095 magis
449 3057 522 3090 nOS,
543 3042 571 3079 si
596 3042 815 3080 voluerimus
842 3040 942 3077 illam
972 3038 1106 3076 imitari
1134 3038 1262 3076 mulie-

797 233 980 264 JOANNIS
1007 228 1246 261 CHRYSOST.
1286 226 1491 256 ARCHIEP.
1531 223 1887 255 CONSTANTINOP-

1314 306 1383 359 γὰρ
1398 306 1497 356 ἴσμεν
1514 305 1558 344 τὰ
1573 309 1674 355 ἡμεῖς
1691 306 1909 358 συμφέροντα
1925 309 2010 355 ἡμῖν
2023 304 2130 348 οὕτως
2142 336 2151 353 ,
2167 308 2213 348 ὡς
2232 305 2333 349 αὐτὸς

1315 365 1513 403 ἐπίσταται.
1530 365 1645 404 ῦΩοτε
1671 360 1741 413 οὖν,
1770 365 1833 404 κᾶν
1853 365 2089 417 ἐπιτύχωμεν,
2119 365 2184 402 κᾶν
2214 366 2340 403 ἀποτύ-

1266 434 1289 463 Β
1314 440 1447 476 χωμεν,
1469 428 1688 478 εὐχαριστεῖν
1713 427 1908 478 ὀφείλομεν.
1931 426 2001 465 Καὶ
2024 425 2059 463 τί
2091 425 2278 476 θαυμάζεις
2310 428 2341 462 εἰ

1314 488 1417 536 ἡμεῖς
1437 487 1499 524 οὐκ
1527 485 1628 536 ἴσμεν
1644 486 1686 525 τὰ
1706 486 1927 540 συμφέροντα
1935 503 1945 534 ;
1966 487 2104 530 Παῦλος
2130 489 2148 524 ὁ
2180 490 2341 528 τοσοῦτος

1315 545 1374 583 καὶ
1395 548 1618 594 τηλικοῦτος,
1636 549 1654 584 ὃ
1670 549 1740 584 τῶν
1766 546 1973 598 ἀποῤῥήτων
2003 546 2141 584 ἐκείνων
2162 545 2339 592 ἀξιωθεὶς,

1314 606 1432 658 ἠγνόει
1454 605 1498 644 τὰ
1518 606 1566 656 μὴ
1591 606 1811 658 συμφέροντα
1828 609 1946 645 αἰτῶν.
1980 606 2127 653 Ἐπειδὴ
2151 607 2218 658 γὰρ
2247 605 2341 658 ἑώρα

1315 667 1434 706 ἑαυτὸν
1458 666 1691 717 κυκλούμενον
1707 665 1773 704 ὑπὸ
1797 670 1866 704 τῶν
1885 664 2004 704 δεινῶν
2020 667 2080 704 καὶ
2099 664 2168 704 τῶν
2183 666 2341 713 ἐπαλλή-

1315 730 1385 766 λων
1399 722 1619 780 πειρασμῶν,
1634 727 1761 774 ηὔξατο
1776 727 1905 766 τούτων
1923 729 2188 778 ἀπαλλαγῆναι,
2201 727 2262 766 καὶ
2276 728 2342 779 οὐχ

1317 788 1408 833 ἅπαξ
1428 787 1505 826 οὐδὲ
1521 787 1692 840 δεύτερον,
1712 787 1803 826 ἀλλὰ
1827 787 1886 826 καὶ
1908 787 2092 831 πολλάκις.
2109 787 2237 840 Τρίτον
2253 788 2340 840 γὰρ,

1317 849 1419 901 φησὶ,
1438 849 1495 887 τὸν
1511 848 1638 901 Κύριον
1661 848 1900 901 παρεκάλεσα.
1918 850 1951 887 Τ
1954 847 1971 885 ὸ
1991 847 2026 886 δὲ
2042 847 2184 901 Τρίτον,
2202 849 2337 887 πολλά-

1316 926 1370 954 κις
1385 910 1604 963 παρεκάλεσε
1619 941 1626 956 ,
1640 909 1700 948 καὶ
1727 911 1789 948 οὐκ
1817 908 1996 961 ἐπέτυχεν.
2018 907 2168 960 Ἴδωμεν
2188 901 2245 947 οὖν
2265 912 2340 951 πῶς

1317 970 1465 1018 διετέθη.
1481 964 1592 1024 3’Ἆρα
1609 970 1657 1021 μὴ
1681 971 1930 1023 ἐδυσχέρανεν,
1951 964 2019 1022 {pot
2033 970 2257 1023 ὀκνηρότερος
2277 970 2339 1023 γε’-

1317 1047 1433 1082 γονεν;
1451 1026 1520 1083 {pa
1539 1031 1750 1082 ἐνάρκησεν;
1767 1031 1871 1082 Οὐχί.
1887 1033 1991 1069 Ἀλλὰ
2007 1030 2041 1068 τί
2067 1047 2192 1083 φησιν,
2219 1026 2340 1078 Εἶπεν,

1318 1092 1431 1145 Ἀρκεῖ
1447 1107 1501 1129 σοι
1518 1095 1540 1138 ἡ
1560 1092 1662 1144 χάρις
1684 1108 1760 1142 μου.
1781 1091 1826 1129 Ἡ
1847 1091 1914 1143 γὰρ
1934 1091 2077 1141 δύναμίς
2094 1107 2159 1142 μου
2179 1093 2213 1129 ἐν
2241 1095 2343 1130 ἀσθε-

1317 1153 1391 1205 νείᾳ
1411 1155 1615 1191 τελειοῦται.
1633 1153 1686 1190 Οὔ
1704 1151 1805 1202 μόνον
1824 1153 1886 1189 οὐκ
1901 1151 2134 1203 ἠλευθέρωσεν
2153 1152 2254 1190 αὐτὸν
2273 1154 2341 1190 τῶν

1318 1213 1545 1263 ἐπικειμένων
1578 1216 1757 1265 λυπηρῶν,
1779 1211 1870 1251 ἀλλὰ
1899 1213 1959 1250 καὶ
1989 1212 2212 1262 ἐναπομένειν
2241 1213 2342 1251 αὐτὸν

1318 1273 1424 1311 εἴασε.
1445 1273 1535 1311 Ναί·
1562 1272 1653 1310 ἀλλὰ
1683 1271 1786 1310 πόθεν
1806 1273 1910 1317 δῆλον
1930 1271 1984 1309 ὅτι
2003 1273 2065 1309 οὐκ
2100 1271 2342 1323 ἐδυσχέρανενς

1317 1334 1439 1372 Ἄκουε
1458 1333 1598 1372 Παύλου
1619 1332 1797 1385 λέγοντος,
1818 1331 1938 1379 ἐπειδὴ
1967 1331 2073 1383 ἔμαθε
2102 1332 2147 1370 τὰ
2178 1334 2344 1370 δοκοῦντα

1318 1398 1368 1448 τῷ
1389 1394 1551 1445 Δεσπότῃ
1564 1410 1571 1417 ·
1593 1394 1749 1432 (Ἥδιστα
1766 1388 1820 1432 οῧν
1837 1392 2064 1445 καυχήσομαι
2092 1394 2126 1431 ἐν
2146 1399 2221 1437 ταῖς
2238 1395 2343 1432 ἀσθε-

1319 1456 1425 1499 νείαις
1443 1472 1518 1506 μου.
1540 1457 1592 1493 Οὐ
1616 1455 1730 1505 μόνον,
1750 1454 1834 1507 φησί
1848 1484 1857 1501 ,
1877 1454 1997 1492 λοιπὸν
2016 1455 2264 1505 ἀπαλλαγῆναι
2284 1456 2344 1492 οὐκ

1319 1519 1489 1564 ἐπιζητῶ,
1513 1515 1603 1553 ἀλλὰ
1626 1516 1685 1553 καὶ
1704 1515 1792 1565 μετὰ
1809 1514 1965 1558 πλείονος
1980 1518 2042 1560 τῆς
2060 1516 2184 1561 ἡδονῆς
2204 1515 2344 1566 καυχή·

1320 1593 1426 1627 σομαι
1458 1577 1515 1614 ἐπὶ
1543 1575 1686 1619 τούτοις.
1720 1569 1820 1618 Εἶδες
1853 1573 2054 1626 εὐγνώμονα
2085 1575 2221 1627 qauz-6513
2258 1569 2344 1619 εἶδες

1319 1639 1423 1677 πόθον
1450 1638 1507 1675 τὸν
1535 1636 1615 1689 περὶ
1635 1637 1692 1674 τὸν
1712 1635 1821 1681 Θεόν;
1843 1633 2008 1673 Ἄκουσον
2029 1638 2132 1674 αὐτοῦ
2162 1635 2321 1687 λέγοντος
2338 1653 2343 1658 ·

1320 1700 1372 1738 Τὸ
1384 1699 1452 1750 γὰρ
1476 1698 1510 1735 τί
1528 1696 1789 1750 προσευξόμεθα
1811 1696 1899 1733 καθὸ
1925 1697 1996 1743 δεῖ,
2014 1699 2075 1734 οὐκ
2096 1696 2248 1746 οἴδαμεν.
2266 1697 2346 1748 Οὐχ

1320 1755 1389 1799 οἶόν
1412 1776 1469 1806 τε,
1493 1758 1610 1810 φησὶν,
1632 1756 1831 1809 ἀνθρώπους
1850 1760 1942 1806 ἡμᾶς
1962 1757 2062 1800 ὄντας
2081 1756 2207 1795 εἰδέναι
2231 1757 2348 1795 πάντα

1321 1820 1485 1872 ἀκριδῶς.
1507 1822 1570 1856 Δεῖ
1584 1813 1642 1856 οῧν
1663 1823 1891 1870 παραχωρεῖν
1905 1820 1955 1868 τῷ
1973 1818 2174 1869 δημιουργῷ
2190 1820 2252 1863 τῆς
2266 1821 2348 1868 ἧμε·

1272 1890 1297 1919 D
1318 1881 1419 1933 τέρας
1453 1879 1603 1931 φύσεως,
1637 1881 1783 1916 κάκεῖνα
1825 1878 1912 1927 μετὰ
1957 1884 2070 1929 χαρᾶς
2100 1878 2263 1929 δέχεσθαι
2288 1878 2347 1915 καὶ

1321 1943 1453 1987 πολλῆς
1480 1943 1541 1986 τῆς
1569 1941 1712 1987 ἡδονῆς,
1745 1939 1834 1991 ἅπερ
1854 1938 1955 1981 αὐτὸς
1982 1939 2190 1989 δοκιμάσει,
2209 1939 2268 1977 καὶ
2298 1938 2346 1989 μὴ

1321 2003 1407 2055 πρὸς
1428 2001 1490 2048 τὴν
1521 2002 1597 2054 ὄψιν
1626 2004 1694 2038 τῶν
1729 1999 1917 2052 γινομένων
1940 2003 2035 2052 ὃρᾷν,
2067 1999 2157 2038 ἀλλὰ
2184 2000 2268 2051 πρὸς
2303 1999 2349 2038 τὰ

1323 2066 1487 2102 δοκοῦντα
1518 2066 1568 2115 τῷ
1609 2062 1785 2113 Δεσπότη.
1814 2061 1859 2100 ‘O
1882 2061 1948 2113 γὰρ
1980 2060 2078 2105 εἰδὼς
2103 2062 2143 2099 τὸ
2173 2055 2348 2113 συμφέρον

1323 2127 1453 2175 μᾶλλον
1473 2126 1587 2174 ἡμῶν,
1610 2122 1712 2165 αὐτὸς
1727 2116 1796 2159 οἶδε
1821 2123 1882 2160 καὶ
1900 2121 1994 2165 ὅπως
2013 2123 2063 2160 δεῖ
2078 2121 2140 2169 τὴν
2171 2121 2349 2175 σωτηρίαν

1322 2186 1384 2233 τὴν
1406 2184 1582 2236 ἡμετέραν
1605 2185 1825 2234 μεθοδεῧσαι.

1376 2246 1499 2296 ζΗμῶν
1531 2244 1644 2282 τοίνυν
1678 2244 1713 2280 ἓν
1738 2243 1836 2294 ἔργον
1871 2243 1980 2290 ἔστω,
2014 2243 2054 2281 τὸ
2082 2244 2245 2289 διηνεκῶς
2275 2249 2350 2286 ταῖς

1324 2311 1534 2358 προσευχαῖς
1556 2308 1841 2357 προσκαρτερεῖν,
1872 2303 1931 2340 καὶ
1965 2301 2012 2352 μὴ
2046 2303 2235 2354 ἀσχάλλειν
2265 2303 2351 2354 πρὸς

1325 2367 1388 2413 τὴν
1421 2367 1642 2417 βραδυτῆτα,
1663 2364 1753 2402 ἀλλὰ
1781 2363 1914 2410 πολλὴν
1934 2362 1996 2410 τὴν
2019 2363 2259 2415 μακροθυμίαν
2279 2365 2351 2401 ἐπι-

1327 2426 1539 2466 δείκνυσθαι.
1562 2424 1655 2463 Οὐδὲ
1674 2424 1741 2476 γὰρ
1762 2424 1933 2462 ἀνανεύων
1949 2427 2050 2473 ἡμῶν
2070 2424 2154 2475 πρὸς
2169 2424 2230 2468 τὰς
2253 2424 2350 2470 αἰτή-

1328 2504 1398 2532 σεις
1416 2486 1659 2540 ὑπερτίθεται,
1681 2484 1770 2522 ἀλλὰ
1793 2484 2015 2536 σοφιζόμενος
2032 2487 2132 2535 ἡμῶν
2156 2484 2220 2532 τὴν
2241 2499 2350 2536 προσ-

1329 2549 1457 2601 εδρίαν,
1478 2548 1537 2586 καὶ
1562 2545 1772 2598 βουλόμενος
1799 2549 1892 2596 ἡμᾶς
1921 2547 2087 2591 διηνεκῶς
2116 2545 2201 2596 πρὸς
2230 2546 2350 2583 ἑαυτὸν

1328 2610 1545 2662 ἐφέλκεσθαι.
1569 2606 1672 2645 Ἐπεὶ
1691 2606 1749 2643 καὶ
1774 2605 1892 2656 πατὴρ
1913 2605 2137 2657 φιλόστοργος
2154 2605 2352 2655 αἰτούμενος

1328 2670 1497 2713 πολλάκις
1524 2668 1620 2719 παρὰ
1650 2671 1709 2705 τοῦ
1739 2667 1860 2709 παιδὸς
1897 2668 1958 2703 οὐκ
1989 2665 2155 2712 ἐπινεύει,
2189 2667 2266 2717 οὐχὶ
2302 2666 2349 2716 μὴ

1335 2732 1539 2784 βουλόμενος
1558 2732 1694 2776 δοῦναι,
1716 2728 1804 2766 ἀλλὰ
1836 2730 1894 2765 τοῦ
1915 2728 2037 2769 παιδὸς
2054 2726 2118 2772 τὴν
2143 2726 2350 2779 προσεδρίαν

1331 2794 1388 2832 διὰ
1412 2793 1533 2831 τούτου
1567 2790 1820 2840 ἐπισπώμενος.
1855 2787 2003 2826 ι’Ταῦτα
2037 2788 2072 2825 δὲ
2104 2787 2351 2839 γινώσκοντες,

1333 2854 1505 2906 μηδέποτε
1525 2850 1810 2901 ἀπαγορεύωμεν,
1829 2847 1916 2898 μηδὲ
1936 2848 2168 2899 διαλείπωμεν
2191 2848 2354 2900 προσιόν-

1333 2931 1406 2960 τες,
1423 2913 1482 2951 καὶ
1509 2912 1570 2954 τὰς
1589 2909 1765 2962 ἱκετηρίας
1793 2908 2006 2959 ποιούμενοι.
2028 2910 2071 2946 Εἰ
2090 2909 2157 2961 γὰρ
2185 2910 2242 2947 τὸν
2261 2909 2354 2959 ὠμὸν

1335 2979 1462 3014 ἐκεῖνον
1483 2973 1541 3011 καὶ
1562 2974 1678 3018 ἀπηνῆ
1699 2970 1885 3017 δικαστὴν,
1907 2970 1965 3007 καὶ
1986 2970 2074 3020 μήτε
2098 2970 2155 3007 τὸν
2182 2970 2272 3009 Θεὸν
2293 2985 2356 3022 φο-

1338 3036 1518 3087 ὃούμενον,
1534 3038 1555 3080 η
1583 3032 1775 3085 προσεδρία
1793 3035 1854 3077 τῆς
1873 3031 2033 3082 γυναικὸς
2058 3030 2259 3074 ἐξεὸιάσατο
2273 3061 2282 3077 ,
2301 3031 2360 3069 καὶ

306 3119 393 3151 rem,
409 3103 455 3141 ad
470 3102 719 3155 opitulandum
740 3101 841 3139 nobis
864 3099 1138 3153 provocabimus
1163 3113 1262 3137 man-
1276 3126 1323 3149 303
1339 3097 1568 3144 ἐξεκαλέσατο
1591 3097 1638 3138 εἰς
1657 3094 1718 3140 τὴν
1741 3096 1865 3138 ἑαυτῆς
1885 3093 2088 3144 ἀντίληψιν·
2109 3092 2206 3144 πόσῳ
2229 3094 2360 3142 μᾶλλον

309 3175 446 3203 suetum
477 3174 510 3201 ct
544 3163 811 3201 misericordem
845 3171 1007 3199 nostrum
1041 3160 1261 3209 Dominum,
1288 3164 1310 3191 Λ
1339 3164 1461 3209 ἡμεῖς,
1484 3159 1512 3194 εἷ
1535 3155 1786 3207 βουληθείημεν
1815 3153 1949 3199 ἐκείνην
1971 3152 2192 3203 μιμήσασθαι
2220 3152 2282 3199 τὴν
2303 3169 2361 3204 γυ-

308 3226 593 3278 compatientem,
613 3233 643 3262 et
666 3224 711 3262 ad
730 3224 880 3261 salutem
900 3231 1056 3260 nostram
1075 3236 1264 3260 occurren-

353 3352 364 3365 ·
384 3335 528 3381 Quidam
545 3341 620 3372 MSS.
638 3344 697 3383 ἄρα
716 3343 916 3384 ἐδυσχέρανεν.

355 3399 369 3420 b
387 3402 487 3430 Ταῦτα
511 3397 544 3432 δη
568 3399 821 3434 ἀναγινώσκοντες.
837 3391 890 3421 Sic
913 3397 979 3421 tres
996 3389 1086 3429 Mssa,
1102 3399 1140 3419 ac
1163 3387 1207 3419 sic
1223 3385 1297 3429 legit

1341 3225 1462 3265 ναῖκα,
1481 3218 1539 3255 τὸν
1556 3216 1684 3267 ἥμερον
1705 3215 1764 3253 καὶ
1781 3215 2023 3265 φιλάνθρωπον
2043 3216 2143 3263 ἡμῶν
2167 3214 2361 3259 Δεσπότην,

1367 3340 1457 3365 setus
1483 3334 1663 3374 Iutt‘rpres.
