2516 3791
711 211 752 242 lx
792 213 894 243 ew.
934 213 1013 243 XV.
1054 213 1166 242 GEM-

134 294 195 332 'liv
226 297 269 346 γῇ
292 295 355 332 οὐκ
387 294 477 346 ἰδία,
497 293 611 332 ἶ’ὥστε
641 296 828 342 δινηθῆναι
856 303 925 340 τοῖς
955 296 1078 344 ἔτεσιν,
1107 290 1156 340 οἷς

133 355 223 394 κατὰ
253 355 317 402 τὴν
341 356 516 407 Αἴγυπτον
547 357 729 403 ἐποίησαν,
765 361 1049 411 συναριθμεῖσθαι
1097 359 1156 397 καὶ

132 417 189 454 τὸν
215 416 338 468 χρόνον
357 419 418 454 τοῦ
448 416 687 469 πατριάρχου,
712 420 789 456 καθ’
814 419 850 458 ὃν
873 421 912 457 ἐκ
930 422 992 465 τῆς
1012 419 1155 472 Χαρρὰν

132 476 278 520 ἐξελθεῖν
306 478 544 529 προσετάχθη.
562 478 622 522 Ἐξ
652 478 782 516 ἐκείνου
807 479 875 531 γὰρ
902 483 986 530 ἡμῖν
1013 479 1072 518 καὶ
1098 480 1155 518 τὸν

131 538 276 591 ἀριθμὸν
292 541 360 576 τῶν
378 541 463 577 ἐτῶν
484 541 587 577 αὐτοῦ
603 540 799 586 κατάδηλον
818 541 980 588 ἐποίησεν
993 544 1015 586 ἡ
1031 539 1155 593 Γραφὴ

132 603 294 648 εἰποῦσα,
315 600 370 640 ὅτι
397 601 747 652 ἑὸδομηκονταπέντε
772 604 860 641 ἐτῶν
888 597 944 649 ἦν,
974 601 1078 648 ἡνίκα
1098 601 1154 645 ἐξ-

132 663 235 707 ῆλθεν
261 663 299 699 ἐκ
321 663 475 715 Χαῤῥάν.
496 662 557 707 ἘΞ
579 662 710 701 ἐκείνου
728 662 841 700 τοίνυν
867 662 973 715 μέχρι
994 664 1056 707 τῆς
1080 660 1155 705 ἐξό-

133 724 191 761 δου
221 727 282 770 τῆς
302 723 336 768 ἐξ
356 724 559 776 Αἰγύπτου,
590 726 619 762 εἶ
647 723 832 775 βουληθείη
859 739 911 766 τις
942 726 1155 776 ἀριθμῆσαι,

133 783 272 836 εὑρήσει
288 785 481 835 σωζόμενον
500 785 558 822 τὸν
583 783 742 837 ἀριθμόν.
768 783 838 822 Καὶ
866 784 982 835 ἕτερον
1002 783 1040 822 δέ
1063 785 1157 821 ἐστιν

133 848 252 890 εἰπεῖν,
287 845 341 884 ὅτι
375 845 619 896 φιλάνθρωπος
653 843 701 881 ὢν
724 848 742 882 ὁ
765 843 947 891 Δεσπότης
980 845 1039 882 καὶ
1069 861 1157 896 συμ-

132 908 268 957 μετρῶν
290 904 343 943 ἀεὶ
363 908 405 955 τῇ
430 905 590 957 ἀσθενείᾳ
617 908 660 956 τῇ
689 904 845 957 ἡμετέρᾳ
874 905 934 943 καὶ
959 905 1022 949 τὰς
1045 922 1158 957 τιμω-

133 966 232 1019 ρίας,
263 965 384 1011 ἐπειδὴ
417 960 504 1004 εἶδεν
537 966 661 1009 αὐτοὺς
690 966 954 1015 πεπονηκότας,
985 968 1044 1005 καὶ
1082 967 1159 1011 τοὺς

131 1026 342 1079 Αἰγυπτίους
370 1026 504 1074 πολλὴν
533 1028 613 1081 περὶ
641 1027 763 1071 αὐτοὺς
790 1027 853 1074 τὴν
885 1029 1053 1080 ὠμότητα
1079 1030 1160 1066 ἐπι-

129 1087 389 1138 δεικνυμένους,
403 1088 471 1140 πρὸ
487 1092 546 1127 τοῦ
569 1088 764 1141 ὡρισμένου
783 1093 905 1143 καιροῦ
925 1089 988 1137 τὴν
1005 1090 1158 1128 ἐκδικίαν

130 1147 340 1196 ἐποίησατο,
362 1149 422 1187 καὶ
450 1149 534 1201 πρὸς
564 1150 627 1196 τὴν
661 1150 854 1202 ἐλευθερίαν
884 1150 1007 1194 αὐτοὺς
1033 1151 1160 1199 ἐπανή-

108 1237 110 1239 »
128 1226 246 1261 γαγεν.
266 1209 372 1253 Ἔθος
398 1211 466 1263 γὰρ
485 1212 581 1264 αὐτῷ
605 1215 773 1258 τοιοῦτον,
794 1212 913 1260 ἐπειδὴ
934 1212 991 1251 διὰ
1019 1213 1158 1251 πάντων

127 1272 190 1319 τὴν
210 1272 384 1323 ἡμετέραν
414 1272 592 1324 σωτηρίαν
625 1273 936 1324 πραγματεύεται,
964 1273 1030 1311 κᾶν
1058 1277 1158 1313 ἀπει-

129 1333 222 1386 λήσῃ
257 1339 510 1385 τιμωρεῖσθαι,
554 1336 779 1385 βουληθῶμεν
812 1335 848 1372 δὲ
879 1338 981 1386 ἡμεῖς
1025 1335 1159 1383 πολλὴν

128 1394 367 1439 ἐπιδείξασθαι
397 1394 462 1441 τὴν
494 1395 731 1448 ἐπιστροφὴν,
768 1397 1018 1436 ἀνακαλεῖσθαι
1054 1399 1158 1436 αὐτοῦ

129 1455 191 1501 τὰς
207 1455 419 1508 ἀποφάσεις·
443 1457 502 1494 καὶ
520 1457 718 1495 τούναντίον
739 1457 844 1495 πάλιν
866 1457 930 1496 κᾶν
957 1458 1158 1510 ὑπόσχηταί

130 1533 164 1554 τι
185 1517 339 1569 χρηστὸν
360 1520 444 1567 ἡμῖν
465 1518 639 1570 παρέξειν,
662 1521 764 1570 ἡμεῖς
781 1518 816 1556 δὲ
841 1517 890 1570 μὴ
906 1517 950 1556 τὰ
966 1521 1050 1569 παρ’
1073 1522 1157 1559 ἑαυ-

130 1580 197 1616 τῶν
212 1578 477 1630 εἰσενέγκωμεν,
494 1579 571 1617 οὐδὲ
588 1580 689 1623 αὐτὸς
707 1582 754 1624 εἰς
769 1579 876 1632 πέρας
892 1580 969 1632 ἄγει
987 1580 1032 1619 τὰ
1054 1582 1159 1634 ἐπαγ-

129 1640 310 1690 γελθέντα,
339 1639 431 1678 ὥστε
458 1639 506 1691 μὴ
533 1640 668 1693 χείρους
698 1645 792 1692 ἡμᾶς
828 1641 887 1679 καὶ
918 1641 1029 1694 ταύτῃ
1063 1644 1158 1694 γενέ-

130 1704 210 1739 σθαι
250 1701 326 1739 Καὶ
352 1705 462 1739 ταῦτα
488 1702 646 1750 ἅπαντα,
665 1705 740 1741 ὅσοι
769 1703 967 1756 φιλότεχνοι
992 1705 1072 1757 περὶ
1098 1705 1161 1752 τὴν

130 1764 324 1814 ἀνάγνωσιν
357 1767 425 1802 τῶν
458 1765 558 1803 θείων
590 1767 740 1818 Γραφῶν
775 1768 878 1815 ἐστε,
914 1771 1023 1822 εὑρεῖν
1057 1769 1161 1816 δυνή-

130 1829 240 1864 σεσθε.
276 1826 442 1878 Τετάρτῃ
471 1826 525 1873 δὲ,
558 1827 666 1878 φησὶ,
697 1834 799 1879 γενεᾷ
830 1829 1161 1881 ἀποστραφήσονται

129 1880 215 1924 ὧδε·
247 1886 345 1925 οὔπω
374 1887 442 1939 γὰρ
472 1888 791 1940 ἀναπεπλήρωνται
822 1890 858 1927 αἱ
889 1890 1060 1942 ἁμαρτίαι
1091 1893 1160 1928 τῶν

128 1947 343 2000 Ἀμορραίων
372 1947 436 1991 ἕως
465 1953 524 1986 τοῦ
553 1953 623 1987 νῦν.
650 1950 762 1997 Τότε,
783 1950 886 2002 φησὶ,
915 1951 1034 2004 καιρὸς
1062 1951 1160 1989 ἔσται

126 2013 186 2047 τοῦ
207 2009 266 2047 καὶ
286 2009 436 2053 ἐκείνους
466 2011 551 2062 πρὸς
580 2010 644 2056 τὴν
672 2010 867 2062 ἐλευθερίαν
903 2013 1160 2064 ἐπαναχθῆναι,

127 2070 185 2107 καὶ
220 2069 357 2114 τούτους
385 2070 484 2117 δίκην
524 2072 641 2109 δοῦναι
680 2071 768 2124 ὑπὲρ
807 2075 867 2110 τοῦ
907 2073 1062 2118 πλήθους
1090 2075 1159 2110 τῶν

125 2131 399 2183 ἡμαρτημένων,
434 2132 491 2169 καὶ
523 2135 586 2178 τῆς
611 2134 677 2182 γῆς
709 2132 930 2179 ἐξεωσθῆναι.
963 2132 1159 2186 Ἀμφότερα

124 2192 235 2231 τοίνυν
262 2193 352 2231 κατὰ
379 2193 437 2230 τὸν
464 2193 584 2231 δέοντα
605 2193 726 2244 καιρὸν
755 2193 966 2243 γενήσεται,
986 2194 1157 2232 κάκείνων

124 2257 144 2299 ἡ
168 2253 455 2296 ἀποκατάστασις
471 2282 481 2300 ,
508 2254 569 2291 καὶ
592 2253 723 2292 τούτων
745 2257 766 2300 ἡ
789 2253 931 2301 ἐκὸολή.
958 2253 1071 2292 Οὔπω
1091 2254 1158 2306 γὰρ

124 2318 254 2360 αὐτῶν,
281 2314 399 2367 φησὶν,
429 2316 750 2368 ἀναπεπλήρωνται
771 2317 808 2353 αἱ
827 2315 1019 2367 ἁμαρτίαι·
1041 2318 1088 2360 ὡς
1117 2316 1156 2354 ἂν

124 2376 217 2415 εἴποι
236 2392 305 2420 τις·
323 2377 458 2415 οὐδέπω
475 2382 636 2416 τοσοῦτον
655 2377 862 2428 εἰργάσαντο
877 2378 1009 2424 πλῆθος
1029 2379 1112 2429 πληι
1137 2401 1155 2406 ·

123 2437 351 2488 μελημάτων,
384 2440 430 2480 ὡς
460 2437 623 2484 τοιαύτην
660 2441 830 2490 ὑποσχεῖν
868 2438 981 2485 δίκην.
1017 2440 1157 2478 Φιλάν-

122 2503 257 2550 θρωπος
283 2497 350 2550 γὰρ
376 2497 424 2538 ὧν
451 2501 489 2537 οὐ
517 2498 619 2550 μόνον
647 2501 715 2537 τῶν
745 2493 989 2552 ἐπταισμένων
1018 2500 1154 2551 μείζους

163 2637 175 2650 ³
199 2622 276 2660 ὅστε
291 2628 445 2664 δυνηθῆναι
461 2633 521 2664 τοῖς
539 2631 630 2661 ἔτεσιν
645 2629 685 2664 οἴ,-
707 2633 787 2661 ›zzz-d<
802 2633 856 2666 τὴν
873 2633 1017 2670 Αἴγυπτον
1032 2632 1136 2667 ἐποίη-

120 2695 171 2712 σαν
194 2683 434 2722 σ;ναρι9μῑὶσθαι
451 2683 500 2712 καὶ
523 2684 573 2712 τὸν
598 2686 705 2723 χρόνον
722 2684 774 2713 τοῦ
791 2685 999 2725 πατριάρχου,
1019 2683 1085 2713 καθ’
1101 2685 1133 2714 ὃν

118 2734 149 2762 ἐκ
174 2738 225 2767 τῆ,-
239 2734 365 2774 Χαρῥάν
381 2733 507 2769 ἐξελθεῖν
523 2736 716 2774 προσετάχθη
734 2743 740 2760 ³
757 2731 815 2762 Ila
835 2738 870 2762 ut
881 2733 987 2775 possit
1002 2743 1130 2763 comm-

118 2784 239 2813 merari
255 2793 327 2813 cnm
349 2783 448 2813 annis
470 2783 506 2813 in
528 2782 684 2830 AEgrpto
701 2785 830 2814 exactis
854 2785 960 2826 ipsum
984 2786 1131 2827 patrian-

118 2833 193 2864 choe
219 2840 364 2876 tempus,
385 2845 427 2864 ez
447 2845 514 2877 quo
536 2835 567 2864 ei
590 2835 782 2873 impet-alum
796 2842 844 2866 est
863 2842 898 2866 ut
913 2847 955 2867 ex
974 2834 1130 2867 Clzarran

119 2885 333 2928 egrederetur.
349 2886 402 2917 Ita
421 2895 596 2916 numerare
612 2885 721 2918 solent
737 2885 756 2917 ii
773 2887 831 2929 qui
848 2885 933 2918 inter
950 2885 1131 2919 chronolo-

118 2949 176 2979 gos
199 2937 381 2980 principem
399 2935 554 2969 obtinent
570 2936 700 2980 locum,
718 2939 764 2970 ita
785 2946 897 2971 tamen
915 2946 951 2970 ut
968 2938 1001 2971 in
1018 2949 1132 2971 recen-

117 2991 209 3022 sione
246 3000 314 3021 non
341 2990 480 3021 omnino
512 3001 588 3021 cum
625 2988 870 3034 Clu-ysostomo
897 2989 1109 3024 consentiant
1124 3015 1133 3030 ‚

119 3042 260 3074 maxime
277 3053 355 3074 vero
372 3053 447 3074 cum
465 3040 550 3073 dicit
566 3053 606 3073 ne
621 3041 798 3076 dimidium
815 3042 951 3087 quidem
966 3042 1130 3086 quadrin-

117 3102 292 3136 gentorum
310 3105 475 3126 annorum
492 3093 650 3127 nebraeos
667 3096 700 3126 in
717 3096 866 3140 fflgypto
883 3097 1053 3129 mansisse.
1073 3097 1130 3128 Pe-

119 3145 226 3178 t.nvius
242 3155 352 3178 autem
370 3147 416 3178 sic
435 3144 598 3177 calculum
616 3148 730 3188 ponit⁷
745 3148 932 3180 Rationarii
949 3157 1036 3191 part.
1055 3151 1086 3190 2,
1106 3148 1128 3181 l.

120 3201 152 3230 2.
169 3210 198 3231 c.
215 3201 246 3237 4,
262 3197 318 3230 ubi
336 3197 473 3230 Paulum
495 3198 684 3241 apostolum
711 3199 830 3232 ducem
847 3201 1008 3244 sequitur,
1026 3201 1081 3245 qui
1099 3203 1132 3234 in

120 3249 267 3292 Epistola
294 3250 338 3282 ad
362 3250 517 3292 GalataS‚
536 3253 567 3291 3,
589 3253 642 3291 ⁴7,
666 3251 752 3284 dixit
777 3261 854 3295 post
879 3264 985 3286 annos
1013 3266 1031 3286 a
1057 3266 1132 3296 pro-

121 3304 219 3334 missa
244 3301 405 3335 dixinitus
429 3311 516 3335 terra
539 3302 699 3336 Cliauaan
725 3303 988 3349 quadringentos
1013 3314 1047 3339 et
1075 3307 1134 3338 tri-

124 3356 214 3394 ginta
232 3353 333 3397 legem
351 3354 475 3386 editam
493 3354 602 3389 fnisse.
622 3357 708 3388 Ilinc
727 3368 804 3389 vero
818 3358 864 3389 sic
880 3356 1026 3391 calculus
1042 3357 1136 3391 duci-

131 3413 182 3438 ιιιι·
209 3418 214 3436 ;
242 3406 419 3439 Prornissio
447 3414 540 3439 terrae
568 3407 728 3441 Clianaan
757 3408 946 3442 Abrahamo
976 3410 1062 3443 facta
1089 3419 1138 3443 rst

1166 214 1214 241 ’.5.

1255 213 1409 243 nomn..
1451 212 1625 243 XXXVH.

2089 203 2178 263 437

1229 311 1306 334 non
1319 311 1405 346 sua,
1426 297 1471 334 ita
1492 306 1527 335 ut
1547 297 1655 349 possit
1671 297 1916 335 connumerari
1935 312 2015 336 cum
2030 301 2130 338 annis
2147 301 2181 338 iu

1230 358 1386 411 [Egypto
1396 358 1531 396 exactis
1542 357 1659 411 ipsum
1673 358 1884 411 patriarcha:
1897 367 2101 411 tempus,ex
2111 375 2181 411 qno

1228 419 1257 457 ci
1276 419 1487 471 imperatum
1502 428 1566 466 cst,
1582 428 1620 457 ut
1633 434 1677 457 cx
1693 420 1852 457 Chai-ran
1870 419 2107 470 egrederetur.
2131 421 2182 458 Ab

1229 480 1292 517 illo
1312 479 1406 517 enim
1422 489 1578 532 tempore
1599 494 1786 518 numerum
1806 494 1980 518 annorum
2001 481 2102 519 nobis
2122 496 2183 533 pa-

1229 541 1300 578 lam
1321 541 1401 578 fecit
1413 541 1613 594 Scriptura,
1625 557 1704 592 qua?
1721 541 1816 580 dixit
1836 543 2063 594 septuaginta
2078 543 2185 594 quin-

1181 612 1204 640 ι)
1229 616 1297 651 que
1325 616 1499 639 annorum
1529 603 1636 640 fuisse
1666 603 1813 653 Abram,
1849 604 1994 655 quando
2025 605 2114 643 exiit
2142 620 2187 644 cx

1228 662 1388 700 Charrzm
1408 678 1415 698 :
1434 677 1475 700 ex
1495 677 1534 699 eo
1555 663 1666 714 igitur
1687 673 1843 717 tempore
1859 681 1968 716 usquc
1987 666 2034 704 ad
2050 666 2186 704 exitum

1229 722 1275 760 de
1298 723 1470 775 AEgypto,
1499 723 1528 760 si
1553 725 1633 774 quis
1656 735 1850 777 supputare
1873 728 1970 777 velit,
1998 743 2187 766 numerum

1229 784 1408 835 integrum
1429 783 1594 823 inveniet.
1614 785 1694 822 Dici
1717 796 1830 837 posset
1849 788 1970 838 ctiam,
1993 790 2188 827 Dominum

1231 854 1353 897 utpote
1368 845 1576 896 benignum,
1593 855 1625 883 et
1642 845 1879 884 imbecillitati
1897 858 2023 886 nostra:
2037 864 2188 901 congru-

1231 915 1327 944 entes
1350 921 1470 959 poenas
1495 920 1635 959 semper
1660 907 1884 957 inserentem,
1910 910 1992 960 quia
2015 910 2105 948 vidit
2133 927 2191 948 eus

1232 968 1281 1006 ita
1305 968 1426 1006 labore
1448 983 1600 1021 pressos,
1623 978 1656 1006 et
1680 969 1871 1022 AEgyptios
1892 984 2057 1022 magnam
2080 973 2114 1009 in
2135 987 2191 1010 cos

1233 1028 1484 1068 crudelitatem
1514 1044 1689 1078 exercere,
1721 1039 1801 1068 ante
1827 1030 2017 1070 delinitum
2054 1043 2192 1081 tempus

1234 1091 1405 1129 ultionem
1428 1091 1565 1139 secisse,
1587 1101 1619 1129 ct
1636 1091 1683 1130 ad
1702 1090 1898 1130 libertatem
1917 1108 1974 1131 cos
1990 1094 2187 1133 reduxisse.

1233 1153 1299 1191 Dei
1319 1153 1414 1191 enim
1435 1167 1511 1191 mos
1529 1163 1594 1201 est,
1614 1153 1781 1204 quoniam
1801 1153 1834 1191 in
1854 1155 2021 1193 omnibus
2042 1157 2191 1194 salutem

1183 1227 1207 1256 Ε
1233 1223 1390 1252 nostram
1405 1223 1585 1267 operatur,
1603 1224 1640 1252 ut
1658 1215 1795 1253 etiamsi
1813 1215 1965 1254 minetur
1982 1231 2018 1254 se
2038 1217 2190 1269 punitu—

1232 1289 1325 1324 rum,
1354 1275 1382 1313 si
1414 1289 1475 1313 nos
1501 1275 1721 1314 voluerimus
1746 1276 1988 1315 conversionis
2014 1279 2190 1330 specimen

1230 1336 1415 1386 exhihere,
1440 1336 1617 1389 possimus
1638 1337 1714 1389 ejus
1735 1352 1901 1376 revocare
1920 1339 2109 1377 sententias
2132 1357 2138 1376 :
2159 1351 2191 1378 et

1171 1413 1249 1455 578⁸
1278 1397 1421 1437 diverso
1446 1397 1474 1436 si
1505 1397 1720 1450 polliceatur
1748 1398 1888 1449 aliquid
1910 1399 1995 1437 boni
2024 1415 2061 1438 se
2089 1402 2190 1439 nobis

1183 1468 1207 1497 A
1230 1460 1414 1510 daturum,
1435 1475 1497 1500 nos
1515 1470 1635 1499 autem
1652 1474 1721 1498 non
1738 1460 1966 1499 attulerimus
1982 1476 2020 1500 ca
2037 1477 2115 1513 quae
2133 1463 2188 1501 fa-

1231 1522 1372 1560 cultatis
1383 1531 1511 1560 nostrae
1527 1531 1624 1573 sunt,
1637 1535 1750 1572 neque
1761 1521 1835 1575 ipse
1845 1523 2060 1574 promissum
2076 1523 2190 1562 adim-

1230 1583 1340 1635 pleat,
1369 1597 1412 1621 ne
1443 1597 1506 1621 nos
1534 1598 1573 1621 ca
1605 1583 1739 1621 ratione
1762 1582 1954 1622 deteriores
1984 1585 2188 1624 evadamus.

1233 1647 1347 1696 Atque
1371 1645 1446 1683 haec
1470 1645 1631 1684 invenire
1653 1644 1814 1697 poteritis
1841 1655 2015 1696 quotquot
2041 1646 2190 1685 studiosi

1232 1720 1414 1745 sacrarum
1436 1707 1621 1744 literarum
1640 1706 1734 1744 estis.
1760 1707 1910 1757 Quarta
1931 1717 2057 1745 autem
2077 1723 2191 1761 gene-

1231 1771 1384 1806 ratione
1402 1777 1644 1808 revertentur
1659 1770 1733 1806 Ιιιιε
1750 1784 1760 1803 .·
1779 1769 1951 1806 nondum
1969 1773 2070 1807 enim
2086 1784 2190 1808 com-

1228 1829 1343 1880 pletae
1363 1838 1455 1867 sunt
1477 1832 1703 1881 iniquitates
1726 1829 2048 1868 Amorrlzoeorum
2069 1845 2190 1883 usque

1233 1903 1346 1927 nunc.
1366 1891 1485 1938 Tunc,
1504 1889 1633 1940 inquit,
1653 1889 1717 1927 erit
1739 1899 1878 1942 tempus
1895 1900 1933 1927 ut
1953 1900 1986 1928 et
2008 1891 2060 1928 illi
2082 1891 2188 1930 redu-

1231 1960 1355 1988 cantur
1381 1951 1417 1989 in
1445 1951 1660 1999 libertatem,
1685 1960 1719 1989 et
1747 1950 1784 1988 hi
1805 1965 1947 2003 poenam
1966 1952 2102 1991 luentes
2124 1968 2189 2005 pro

1231 2012 1464 2050 multitudine
1479 2020 1704 2064 peccatorum
1715 2026 1733 2050 e
1749 2021 1840 2049 terra
1852 2013 2088 2064 expellantur.
2102 2016 2130 2051 A
2137 2028 2170 2051 m
2180 2033 2189 2038 -

1230 2073 1276 2110 bo
1290 2073 1410 2124 itaque
1423 2073 1509 2111 ssent
1526 2082 1682 2124 tempore
1696 2082 1911 2125 opportuno,
1923 2083 1955 2111 ct
1969 2074 2115 2112 illorum
2132 2075 2189 2113 in-

1229 2133 1412 2180 stauratio,
1428 2133 1605 2171 ethorum
1617 2133 1812 2171 excidium.
1828 2133 1998 2172 Nondum
2012 2135 2106 2172 enim
2122 2136 2186 2173 im-

1229 2194 1332 2246 pletae
1346 2203 1427 2232 sunt
1442 2193 1647 2246 iniquitates
1662 2208 1785 2232 eorum
1797 2210 1804 2230 ε
1818 2195 1921 2245 quasi
1934 2195 2030 2233 dicat
2040 2196 2185 2247 aliquis:

1181 2262 1203 2292 Β
1229 2256 1400 2294 Nondum
1413 2256 1450 2294 in
1468 2265 1565 2294 tanto
1582 2269 1730 2294 numero
1744 2265 1885 2308 peccata
1900 2256 2136 2306 admiserunt,
2150 2267 2187 2295 ut

1228 2317 1334 2355 talem
1359 2318 1472 2356 ferant
1494 2331 1647 2370 poenam.
1668 2319 1764 2357 Deus
1789 2317 1883 2355 enim
1905 2318 2083 2370 benignus·
2105 2334 2186 2357 cum

1227 2377 1285 2426 sit,
1306 2393 1376 2417 non
1399 2379 1516 2417 solum
1539 2392 1609 2416 non
1631 2377 1769 2416 inducit
1788 2392 1909 2430 poenas
1933 2380 2085 2432 peccatis
2105 2394 2186 2432 gra-

1226 2440 1357 2486 viores,
1381 2440 1443 2478 sed
1475 2450 1511 2479 et
1538 2440 1644 2479 valde
1673 2440 1837 2478 minores.
1867 2441 2023 2492 Ideoque
2050 2451 2183 2480 tantam

1226 2515 1314 2553 erga
1329 2501 1408 2540 illos
1429 2502 1574 2540 exhibet
1606 2501 1841 2551 tolerantiam,
1864 2511 1901 2540 ut
1921 2516 2002 2540 cum
2027 2502 2185 2555 sibiipsis

1169 2639 1257 2661 anno
1283 2631 1358 2662 vitre
1385 2629 1483 2671 ipsius
1507 2630 1640 2661 ineunte
1657 2629 1710 2662 76.
1728 2629 1811 2661 Cum
1829 2636 1960 2660 centum
1978 2637 2058 2661 esset
2078 2641 2184 2663 anno-

1170 2692 1243 2713 rum
1261 2681 1447 2723 Abraham,
1467 2689 1563 2713 natus
1584 2689 1632 2713 est
1650 2682 1757 2713 Isaac.
1777 2680 1826 2713 Ab
1846 2690 1921 2713 ortu
1940 2683 2046 2713 isaaci
2067 2681 2110 2714 ad
2125 2683 2182 2715 Ja-

1165 2731 1243 2765 cobi
1259 2741 1370 2765 ortum
1398 2734 1476 2764 anni
1499 2733 1668 2776 sexaginta
1696 2740 1925 2765 numerantur.
1943 2733 2050 2766 Jacob
2076 2746 2182 2767 anuo—

1165 2796 1236 2816 rum
1276 2788 1337 2817 ⁴3⁰
1371 2785 1401 2817 in
1431 2785 1616 2829 AEgyptum
1654 2786 1765 2825 venit,
1795 2797 1879 2827 quos
1915 2797 2021 2818 annos
2050 2789 2078 2818 si
2099 2790 2179 2820 'cum

1166 2839 1206 2869 25
1224 2836 1404 2869 Abrahami
1419 2864 1428 2875 ,
1446 2845 1480 2869 et
1498 2840 1538 2869 60
1556 2838 1662 2869 Isaaci
1678 2837 1845 2878 junxeris,
1865 2838 1941 2870 anni
1959 2839 2180 2880 conficientur

1166 2892 1240 2922 215.
1256 2889 1419 2933 Joseplms
1435 2902 1501 2932 quo
1516 2898 1664 2932 tempore
1682 2890 1713 2923 in
1729 2891 1878 2934 AEgypto
1895 2899 2023 2933 patrem
2037 2896 2180 2936 excepit,

1167 2954 1291 2974 aunum
1309 2942 1429 2985 agebat
1446 2944 1486 2974 40
1505 2954 1511 2972 τ
1532 2943 1613 2974 ιὶκίι
1638 2951 1750 2975 antem
1777 2953 1883 2974 annos
1904 2944 1976 2976 ΗΟ.
1997 2946 2018 2975 Α
2040 2939 2181 2986 promis-

1168 2994 1260 3026 sione
1278 2995 1378 3036 igitur
1395 2993 1588 3026 Abrahamo
1614 2994 1701 3026 sacta
1719 2993 1762 3026 ad
1787 2993 1924 3036 Josephi
1945 3004 2088 3028 mortem
2106 3000 2184 3029 anni

1166 3055 1244 3078 sunt
1261 3047 1337 3078 285.
1355 3047 1440 3077 Hinc
1463 3044 1505 3078 ad
1523 3053 1634 3078 ortum
1656 3047 1754 3079 Mosis
1770 3048 1848 3078 anni
1862 3049 1916 3079 75.
1935 3049 2042 3081 Moses
2059 3061 2182 3081 annum

1164 3098 1284 3140 agebat
1304 3099 1541 3140 octogesimum
1562 3097 1593 3130 in
1620 3100 1709 3130 exitu
1736 3110 1776 3131 ex
1800 3099 1960 3143 AEgypto.
1975 3101 2183 3145 Colliguntur

1165 3163 1243 3192 ergo
1273 3163 1292 3181 a
1316 3151 1531 3192 promissione
1555 3150 1597 3183 acl
1622 3152 1853 3192 migrationem
1879 3163 1917 3184 ex
1935 3153 2085 3197 AEgypto
2105 3155 2182 3186 anni

1167 3206 1243 3236 430.
1262 3204 1338 3234 llaec
1357 3203 1522 3234 petax-ina.
1534 3203 1655 3235 Verum
1671 3204 1735 3235 440
1751 3205 1829 3235 anni
1846 3203 2048 3248 colliguntur
2061 3208 2086 3238 si
2102 3206 2183 3237 liene

1166 3255 1330 3287 calculum
1350 3267 1472 3296 ponas,
1489 3253 1546 3288 sed
1565 3257 1641 3298 quia
1657 3257 1881 3297 non'oulnino
1895 3264 2023 3290 certum
2038 3266 2098 3297 est,
2117 3254 2183 3300 qino

1168 3309 1242 3341 vitae
1267 3305 1446 3338 Abrahami
1471 3318 1560 3339 anno
1587 3306 1639 3338 illc
1665 3319 1830 3340 annorum
1858 3320 2013 3340 numerus
2037 3309 2080 3341 sit
2103 3311 2185 3341 ius-i-

1171 3357 1320 3401 piena-u,
1332 3360 1409 3391 satis
1422 3359 1482 3391 erit
1497 3357 1521 3390 si
1538 3370 1701 3391 annorum
1717 3371 1846 3392 summa
1862 3358 1993 3392 circiter
2006 3369 2181 3393 statuatur.

2242 316 2390 340 sentium

2201 364 2228 380 in
2255 354 2387 391 AEgypto.

2199 405 2212 420 a
2231 404 2287 431 quo
2311 406 2389 431 [ηἰιι-

2200 437 2276 471 clpni
2332 437 2388 462 tlu-

2202 478 2298 503 cendi.

2206 551 2281 578 Gen.
2302 558 2345 577 12,
2362 549 2390 586 4.
