2516 3791
667 231 709 260 ΙΝ
749 230 847 260 mv.
888 229 977 259 xm.

116 316 235 371 τηρίου
248 346 257 364 ,
278 314 361 359 ἴσως
380 314 457 354 οὐδὲ
478 313 676 360 κατάδηλος
696 313 841 364 ἔμελλεν
864 314 968 352 αὐτοῦ
988 311 1143 364 γίνεσθαι

115 385 186 422 τοῖς
198 379 338 421 πολλοῖς
356 379 378 423 ἡ
399 375 518 428 ἀρετή.
540 375 627 414 Νυνὶ
647 374 683 414 δὲ
707 375 804 420 εἰδὼς
825 378 843 414 6
864 374 1060 426 εὐμήχανος
1085 373 1144 411 καὶ

115 439 217 492 σοφὸς
249 438 451 486 Δεσπότης,
485 436 644 491 καθάπερ
671 437 833 490 τεχνίτης
870 437 1029 490 ἄριστος,
1065 434 1144 473 ὅσον

115 499 284 553 προσήκει
313 498 436 552 χρόνον
458 499 498 538 τὸ
523 498 666 551 χρυσίον
688 501 856 550 ὂμιλῆσαι
884 499 934 550 τῷ
953 495 1058 549 πυρὶ,
1086 494 1145 533 καὶ

114 560 200 600 πότε
223 560 306 600 αὐτὸ
326 560 396 614 χρὴ
420 563 548 600 ἐκεῖθεν
564 560 767 606 ἀνελέσθαι,
789 562 964 611 συγχωρεῖ
982 557 1040 596 τὸν
1062 555 1146 610 χρό-

113 638 169 662 νον
189 625 258 661 τῶν
281 622 340 662 δύο
356 625 442 662 ἐτῶν
467 622 578 669 λήθην
600 621 799 674 ἐγγενέσθαι
819 623 870 673 τῷ
891 617 1144 674 ἀρχιοινοχόῳ,

114 683 171 723 ἵνα
190 685 250 724 καὶ
271 687 289 724 6
304 684 422 738 καιρὸς
440 687 510 723 τῶν
539 683 725 736 ὀνειράτων
756 687 816 722 τοῦ
840 681 979 735 Φαραὼ
1007 680 1145 734 φθάσῃ,

114 745 175 784 καὶ
193 748 256 792 τῆς
278 745 432 797 ἀνάγκης
458 746 565 792 αὐτῆς
590 742 861 790 συνελαυνούσης
888 741 985 795 πάσῃ
1005 744 1047 794 τῇ
1077 742 1145 792 βα-

116 807 230 860 σιλείᾳ
247 811 307 846 τοῦ
326 807 465 860 Φαραὼ
483 805 656 859 γνώριμος
675 804 820 858 γένηται
841 807 859 842 6
881 803 1024 847 δίκαιος.
1044 801 1146 841 Μετὰ

117 868 185 922 γὰρ
209 869 252 908 τὰ
277 869 336 908 δύο
361 869 422 915 ἔτη
449 863 535 916 εἶδε,
558 868 661 921 φησὶ,
690 867 735 906 τὰ
759 866 921 920 ὀνείρατα
947 869 966 905 6
993 865 1145 918 Φαραώ.

117 930 189 970 Καὶ
208 931 344 984 ἐγένετο
366 929 482 984 πρωῒ,
505 929 565 969 καὶ
585 928 762 983 ἐταράχθη
778 932 800 976 ἡ
824 927 920 981 ψυχὴ
944 929 1067 975 αὐτοῦ,
1087 927 1148 966 καὶ

119 991 328 1037 ἀποστείλας
343 992 488 1031 ἐκάλεσε
506 991 640 1035 πάντας
658 989 737 1034 τοὺς
753 989 925 1042 ἐξηγητὰς
942 993 1006 1036 τῆς
1037 989 1148 1041 Αἰγύ-

118 1069 205 1093 πτου
220 1084 230 1102 ,
251 1054 311 1092 καὶ
331 1054 467 1098 πάντας
481 1052 562 1098 τοὺς
576 1051 703 1106 σοφοὺς
721 1053 828 1099 αὐτ-ἧς
841 1082 851 1099 ,
871 1051 931 1090 καὶ
954 1051 1149 1104 διηγήσατο

118 1116 234 1161 αὐτοῖς
249 1116 388 1169 Φαραὼ
404 1116 443 1154 τὸ
460 1115 628 1164 ἐνύπνιον,
650 1115 710 1154 καὶ
731 1115 792 1154 οὔκ
814 1109 856 1162 ἦν
877 1117 896 1153 6
917 1114 1147 1167 ἀπαγγέλλων

119 1178 205 1217 αὐτὸ
220 1180 270 1231 τῷ
285 1177 436 1231 Φαραώ.
459 1178 552 1230 τὈρα
584 1176 647 1224 τὴν
675 1176 808 1223 πολλὴν
827 1181 888 1215 τοῦ
903 1178 996 1215 Θεοῦ
1015 1179 1147 1215 οἰκονο-

121 1238 217 1290 μίαν.
239 1239 416 1294 Πρότερον
436 1245 608 1292 συγχωρεῖ
629 1239 770 1278 πάντων
789 1241 858 1277 τῶν
873 1237 994 1277 αὐτόθι
1010 1239 1147 1289 νομιζο-

120 1300 233 1350 μένων
253 1303 367 1353 σοφῶν
384 1306 506 1354 πεῖραν
527 1300 629 1339 αὐτὸν
653 1300 786 1347 λαὸεῖν,
807 1299 864 1337 ἵνα
879 1298 964 1337 ὅταν
984 1300 1105 1352 δειχθῇ
1128 1303 1149 1346 ἡ

121 1361 260 1400 ἐκείνων
284 1362 405 1414 ἄγνοια
417 1392 427 1409 ,
446 1360 526 1399 τότε
547 1355 644 1405 οὗτος
667 1364 684 1399 6
703 1359 908 1411 δεσμώτης,
927 1363 946 1399 6
966 1361 1150 1413 αἷχμάλω·

119 1437 198 1471 τος,
223 1427 242 1462 6
275 1424 415 1470 δοῦλος,
433 1426 452 1461 6
468 1421 632 1476 Ἑὸραῖος
652 1424 700 1467 εἷς
717 1421 822 1474 μέσον
850 1421 969 1474 ἀχθεὶς
982 1452 992 1470 ,
1016 1422 1077 1460 καὶ
1106 1422 1151 1461 τὰ

118 1483 198 1528 τοὺς
213 1482 359 1528 πολλοὺς
383 1483 597 1522 λανθάνοντα
613 1483 774 1538 γνώριμα
795 1482 1040 1532 καταστήσας,
1060 1483 1146 1536 πρό-

120 1546 223 1594 δηλον
259 1545 369 1584 ἅπασι
407 1543 680 1599 ι’κατασκευάσῃ
722 1545 885 1598 γενέσθαι
916 1544 981 1593 τὴν
1021 1546 1150 1584 ἀνωθεν

121 1609 216 1662 αὐτῷ
236 1610 450 1648 ἐπανθοῦσαν
477 1608 593 1661 χάριν.
614 1606 706 1647 υΟτε
732 1601 790 1647 οῧν
822 1608 973 1652 ἅπαντες
992 1610 1023 1647 οἱ
1051 1608 1152 1662 σοφοὶ

120 1670 398 1722 παραγενόμενοι
418 1670 513 1708 οὐδὲν
535 1671 646 1709 εἰπεῖν
671 1669 908 1718 ἠδυνήθησαν,
934 1669 1011 1709 οὐδὲ
1033 1671 1151 1722 διᾶραι

120 1730 160 1768 τὸ
191 1730 305 1781 στόμα
336 1730 499 1783 ἴσχυσαν,
524 1730 637 1769 τότεὸ
654 1731 893 1784 ἀρχιοινοχόος
921 1733 968 1776 εἷς
1007 1730 1151 1782 μνήμην

120 1791 228 1831 ἐλθὼν
256 1794 518 1844 ὑπομιμνήσκει
543 1792 602 1831 τὸν
624 1793 764 1845 Φαραὼ
786 1797 856 1832 τῶν
875 1795 921 1837 εἷς
945 1791 1048 1831 αὐτὸν
1064 1809 1151 1843 συμ-

122 1853 338 1902 Θεὸηκότων,
357 1855 419 1893 καί
438 1871 524 1907 φησι
537 1871 544 1879 ·
567 1855 644 1903 Τὴν
660 1855 836 1908 ἁμαρτίαν
858 1870 923 1906 μου
949 1854 1153 1905 ἀναμιμνή-

121 1931 196 1954 σκω
218 1916 385 1970 σήμερον.
409 1917 479 1955 Καὶ
503 1918 676 1969 διηγεῖται
701 1916 826 1955 αὐτίκα
849 1915 960 1965 ὅπως,
985 1915 1090 1962 ἡνίκα
1107 1917 1154 1959 εἷς

121 1976 161 2015 τὸ
175 1977 414 2030 δεσμωτηρίον
436 1978 606 2026 ἐνεὸλήθη
626 1978 727 2023 αὐτὸς
748 1978 809 2017 καὶ
830 1980 849 2016 6
868 1977 1129 2030 ἀρχισιτοποιὸς
1143 2007 1153 2025 ,

122 2038 182 2077 καὶ
198 2039 384 2078 ἐθεάσαντο
397 2039 442 2078 τὰ
451 2039 612 2093 ὀνείρατα
622 2071 634 2090 ,
647 2040 707 2079 καὶ
723 2040 787 2087 τὴν
801 2039 980 2092 σύγκρισιν
994 2039 1154 2084 ἐδέξαντο

120 2099 219 2153 παρὰ
241 2105 299 2138 τοῦ
320 2100 452 2155 Ἰωσὴφ
464 2131 475 2151 ,
492 2102 546 2142 ὅτι
563 2102 654 2141 κατὰ
669 2101 733 2149 τὴν
752 2100 882 2140 ἐκείνου
906 2100 1155 2154 προαγόρευσιν

122 2163 262 2201 ἅπαντα
293 2165 406 2208 αὐτοῖς
438 2167 485 2208 εἷς
513 2164 612 2217 ἔργον
643 2163 775 2211 ἐξῆλθε.
807 2165 931 2202 Ταῦτα
960 2163 1108 2208 ἀκούσας
1137 2167 1154 2202 ὁ

123 2224 304 2276 βασιλεὺς,
339 2225 590 2278 μετεπέμψατο
623 2226 681 2264 τὸν
712 2225 867 2278 Ἰωσὴφ,
897 2225 957 2264 καὶ
986 2225 1152 2278 ἐξήγαγεν

122 2286 222 2325 αὐτὸν
251 2289 289 2325 ἐκ
312 2290 372 2324 τοῦ
397 2287 645 2339 ὀχυρώματος,
671 2286 731 2325 καὶ
757 2286 927 2339 ἐξύρησαν
956 2287 1070 2335 αὐτὸν,
1092 2287 1152 2326 καὶ

121 2346 274 2393 ἤλλαξαν
290 2348 354 2396 τὴν
372 2348 499 2396 στολὴν
521 2349 645 2397 αὐτοῦ,
665 2349 724 2388 καὶ
741 2351 880 2396 εἰσῆλθε
898 2349 983 2404 πρὸς
1000 2348 1150 2401 Φαραώ.

123 2407 218 2459 εὈροι
239 2409 362 2453 εὐθέως
386 2410 447 2448 καὶ
475 2412 514 2449 ἐκ
540 2410 732 2464 προοιμίων
751 2410 872 2449 λοιπὸν
892 2410 984 2459 πόση
1007 2415 1029 2459 ἠ
1050 2411 1150 2461 τιμή.

125 2469 272 2517 Ἐπειδὴ
298 2470 510 2523 ἐκαθαρίσθη
537 2473 653 2515 καλῶς
684 2471 742 2510 διὰ
772 2474 835 2518 τῆς
863 2475 1060 2523 ὑπομονῆς,
1091 2472 1152 2511 καὶ

124 2530 283 2584 καθάπερ
309 2532 452 2583 χρυσίον
470 2533 738 2585 φαιδρυνάμενον
760 2532 852 2585 ἐξῄει
878 2535 919 2572 ἐκ
934 2539 995 2572 τοῦ
1011 2535 1150 2585 δεσμω-

124 2591 263 2644 τηρίου,
286 2592 346 2631 καὶ
366 2593 471 2644 ἤγετο
490 2594 575 2646 πρὸς
594 2593 746 2647 Φαραώ.
770 2589 871 2639 Εἶδες
891 2593 1000 2633 πόσον
1022 2594 1095 2634 ἐστὶ
1113 2593 1153 2632 τὸ

123 2654 190 2692 ὑπὸ
204 2656 266 2701 τῆς
280 2654 409 2693 ἄνωθεν
432 2657 632 2706 βοηθεῖσθαι
649 2659 777 2708 ῥοπῆς,
796 2655 894 2710 αΟρα
910 2656 1004 2696 πόσα
1018 2658 1152 2706 ᾠκονο-

125 2715 240 2764 μήθη,
269 2715 326 2754 ἰ’να
356 2716 401 2754 τὰ
430 2717 522 2755 κατὰ
554 2716 611 2755 τὸν
645 2717 777 2772 Ἰωσὴφ
812 2720 859 2763 εἷς
890 2719 989 2771 ἔργον
1019 2718 1152 2769 ἐξέλθῃ.

124 2775 273 2823 Ἐπειδὴ
297 2776 366 2829 γὰρ
392 2777 451 2815 τὸν
471 2777 636 2830 μέγιστον
664 2781 793 2818 ἐκεῖνον
825 2774 928 2818 ἆθλον
954 2779 1153 2832 ἠγωνίσατο

125 2838 188 2883 τῆς
214 2844 342 2891 μιαρᾶς
362 2838 495 2886 ἐκείνης
513 2841 708 2892 Αἰγυπτίας
732 2842 775 2881 τὰ
808 2842 929 2881 δίκτυα
961 2843 1151 2896 διαφυγὼν,

127 2898 187 2937 καὶ
215 2901 263 2943 εἷς
291 2899 330 2937 τὸ
355 2901 592 2955 δεσμωτήριον
618 2904 808 2953 ἐνεὸλήθη,
839 2905 1066 2957 συνεχωρήθη
1094 2903 1152 2942 τὀν

127 2961 367 3013 ἀρχιοινοχόον
390 2962 450 3000 καὶ
473 2963 530 3001 τὸν
562 2965 822 3017 ἀρχισιτοποιὸν
843 2969 902 3004 τοῦ
918 2966 1057 3020 Φαραὼ
1076 2969 1153 3004 κατ’

127 3023 256 3060 ἐκεῖνον
293 3022 351 3060 τὸν
384 3024 504 3077 καιρὸν
540 3027 610 3064 ἐκεῖ
642 3027 878 3078 ἐμὸληθῆναι,
909 3028 968 3067 καὶ
1001 3028 1059 3067 διὰ
1094 3032 1157 3075 ‘rije

127 3083 341 3136 συγκρίσεως
375 3089 444 3124 τῶν
479 3087 665 3140 ὀνειράτων
694 3092 816 3139 μαθεῖν
840 3094 902 3129 τοῦ
937 3089 1058 3143 ἀνδρὸς
1092 3090 1155 3137 τὴν

130 3144 265 3197 σοφίαν,
287 3145 343 3184 ἵνα
361 3150 420 3185 νῦν
443 3150 477 3187 ἐν
497 3151 609 3201 καιρῷ
632 3149 774 3200 μνήμην
794 3151 898 3189 αὐτοῦ
918 3151 1158 3203 ποιησάμενος

130 3207 179 3250 εἷς
198 3206 303 3256 μέσον
325 3209 428 3247 αὐτὸν
447 3209 575 3262 ἀγάγῃ.
601 3205 690 3249 lsi-ire
711 3210 765 3259 δὲ,
787 3212 893 3264 φησὶ,
914 3213 1053 3266 Φαραὼ
1073 3213 1158 3265 πρὸς

131 3266 190 3304 τὸν
211 3267 359 3321 Ἰωσήφ·
387 3270 543 3309 ἐνύπνιον
569 3271 728 3325 ἑώρακα,
757 3273 816 3311 καὶ
835 3276 853 3311 6
878 3275 1068 3327 συγκρίνων
1099 3276 1159 3312 οὐκ

132 3327 225 3366 ἔστιν
242 3329 342 3368 αὐτό·
366 3330 434 3383 ἐγὼ
454 3332 490 3370 δὲ
509 3333 645 3380 ἀκήκοα
668 3334 749 3386 περὶ
771 3339 832 3374 σοῦ
849 3335 1033 3388 λεγόντων,
1055 3336 1155 3375 ἀκού-

179 3447 195 3469 1¹
219 3445 373 3491 Quinque
389 3449 463 3483 Mssa
487 3459 697 3496 παραςιεαάσχη
715 3460 856 3495 γενεσθαι.

1018 227 1162 257 GENES
1172 247 1180 256 .

1222 227 1385 258 ltoMtL.
1425 229 1549 260 Lxut.

2080 218 2174 283 009

1218 324 1282 348 cua
1300 311 1422 350 fuisset
1433 312 1514 351 aliis
1528 315 1604 366 ejus
1621 314 1747 353 virtus.
1760 314 1864 352 Nunc
1883 324 2002 353 autem
2019 317 2128 355 solers
2143 329 2175 356 ct

1217 372 1357 425 sapiens
1369 374 1466 413 Deus
1477 375 1602 424 sciens,
1615 375 1707 414 sicut
1719 375 1876 428 optimus
1888 376 2032 426 artifex,
2041 388 2175 428 ‹pianto

1220 441 1379 485 tempore
1395 434 1429 472 in
1447 435 1528 486 igne
1548 435 1675 474 debeat
1694 450 1823 474 aurum
1845 437 1969 483 teneri,
1992 447 2025 475 et
2050 437 2174 477 iteruin

1219 495 1301 534 inde
1317 496 1452 541 reduci,
1472 499 1647 550 permittit
1666 498 1712 536 ad
1728 508 1868 551 tempus
1888 498 2044 538 duorum
2059 515 2175 538 anno—

1219 570 1299 595 rum
1310 559 1515 611 praefectum
1528 560 1778 612 pincernarum
1789 561 1886 599 illius
1904 561 2083 611 oblivisci,
2095 571 2177 600 utet

1218 627 1359 673 tempus
1378 621 1596 659 somniorum
1612 623 1808 661 Pharaonis
1821 623 1955 668 veniat,
1969 632 2002 662 et
2022 623 2178 677 compel-

1219 680 1311 719 lente
1321 682 1526 721 necessitate
1539 683 1548 721 i
1551 697 1628 736 psa,
1634 684 1754 736 justus
1766 684 1826 722 ille
1837 684 1871 723 in
1886 694 1960 723 toto
1971 699 2079 737 regno
2091 685 2179 724 Pha-

1217 743 1336 781 raonis
1346 753 1451 783 notus
1464 744 1563 784 fiat]
1578 776 1585 783 .
1597 746 1701 783 Nam
1709 755 1795 798 post
1807 747 1902 784 duos
1914 760 2040 785 annos
2057 748 2174 794 vidie,
2192 754 2292 792 Caput
2308 755 2318 791 ς
2332 763 2337 781 ι
2349 776 2354 781 .

1170 809 1194 838 D
1220 803 1349 856 inquit,
1359 809 1512 844 somnia
1525 807 1700 845 Pharao.
1709 805 1744 845 8.
1758 808 1971 860 Etsactum
1980 816 2035 846 est
2047 822 2175 854 mane,

1221 869 1430 918 etturbata
1443 877 1498 907 est
1515 871 1650 907 anima
1670 871 1766 922 ejus.
1785 871 1838 908 Et
1860 873 1978 917 misit,
2000 879 2034 909 ec
2059 885 2178 909 voca-

1224 931 1277 968 vit
1300 942 1433 968 omnes
1449 931 1684 983 conjectores
1698 931 1874 983 AEgypti,
1891 939 1927 969 et
1959 944 2089 970 omnes
2116 946 2178 970 sa-

1217 993 1368 1042 pientes
1378 1004 1481 1038 suos,
1495 1000 1531 1029 et
1546 995 1724 1030 narravit
1735 995 1789 1031 eis
1799 994 1960 1031 Pharao
1968 997 2175 1039 somnium,

1221 1061 1257 1090 et
1275 1066 1354 1090 non
1371 1061 1455 1092 erat
1470 1056 1713 1092 annuntians
1732 1054 1836 1092 illud
1847 1056 2066 1093 Pharaoni.
2084 1054 2180 1094 Vide

1221 1113 1460 1167 multiplicem
1470 1113 1538 1151 Dei
1560 1113 1874 1167 dispensationem.
1887 1116 1990 1154 Prius
2006 1116 2179 1169 permittit

1221 1189 1343 1214 omnes
1356 1175 1417 1226 qui
1429 1175 1480 1213 ibi
1490 1175 1716 1213 habebantur
1726 1176 1902 1229 sapientes
1915 1177 2054 1226 tentari,
2068 1187 2107 1215 ut
2120 1177 2179 1216 dc-

1221 1247 1417 1276 monstrata
1429 1252 1553 1276 eorum
1572 1238 1785 1290 ignorantia,
1794 1237 1937 1276 tandem
1952 1239 2011 1277 hic
2022 1239 2179 1280 vinctus.

1222 1300 1401 1352 captivus,
1422 1313 1560 1349 servus,
1577 1299 1749 1337 Hebraeus
1764 1299 1798 1337 in
1819 1299 1980 1338 medium
2003 1300 2180 1339 adductus

1221 1369 1304 1399 nota
1337 1361 1466 1399 faceret
1489 1375 1528 1398 ea
1558 1375 1638 1412 quae
1663 1360 1788 1398 multis
1814 1361 1935 1412 ignota
1966 1371 2065 1400 crant
2077 1393 2086 1411 ‚
2109 1378 2180 1415 qno

1221 1423 1389 1462 omnibus
1404 1423 1691 1461 manifestaretur
1704 1437 1856 1475 superna
1868 1424 1982 1475 gratia
1997 1424 2032 1462 in
2049 1425 2112 1463 illo
2125 1439 2179 1464 re-

1173 1489 1196 1520 Ε
1221 1484 1372 1537 fulgens.
1389 1485 1482 1523 Cum
1496 1484 1608 1537 igitur
1622 1497 1745 1522 omnes
1758 1484 1933 1537 sapientes
1945 1485 2132 1535 venissent,
2147 1497 2180 1524 et

1221 1560 1335 1598 neque
1350 1545 1469 1585 dicere
1487 1545 1641 1597 aliquid,
1662 1559 1776 1597 neque
1799 1561 1837 1584 os
1857 1547 1995 1600 aperire
2010 1559 2150 1601 possent
2172 1566 2178 1585 :

1222 1618 1308 1647 tnnc
1326 1608 1494 1662 princeps
1509 1608 1762 1661 pincernarum
1782 1610 1990 1648 recordatus
2009 1612 2182 1649 recensuit

1224 1669 1401 1708 Pharaoni
1421 1683 1461 1708 ea
1482 1683 1560 1720 quae
1579 1669 1649 1707 sibi
1669 1670 1704 1707 in
1727 1683 1867 1708 carcere
1889 1671 2123 1723 contigerant,
2148 1682 2181 1711 ct

1223 1731 1343 1782 inquit
1360 1747 1369 1769 z
1387 1731 1424 1769 9.
1439 1732 1651 1768 Peccatum
1673 1745 1799 1768 meum
1815 1735 2042 1770 reminiscor
2055 1735 2179 1772 hodie.

1224 1792 1273 1831 Et
1291 1801 1412 1830 narrat
1423 1792 1543 1830 statim
1557 1791 1736 1843 quomodo
1756 1792 1792 1830 in
1813 1807 1987 1831 carcerem
2003 1795 2181 1847 conjectus

1225 1854 1271 1892 sit
1284 1854 1359 1907 ipse
1369 1863 1403 1893 et
1415 1854 1603 1906 praefectus
1613 1853 1804 1907 pistorum,
1815 1863 1848 1892 et
1860 1854 2016 1893 viderint
2031 1857 2180 1906 somnia,

1225 1926 1259 1955 et
1270 1915 1598 1969 interpretationem
1610 1929 1733 1954 eorum
1747 1931 1767 1954 a
1780 1916 1913 1968 ¹loseph
1927 1918 2140 1970 acceperint,
2149 1928 2181 1956 et

1227 1977 1407 2030 quomodo
1415 1976 1612 2016 secundum
1623 1977 1721 2016 illius
1728 1977 1997 2030 praedictionem
2007 1979 2093 2032 ipsis
2103 1994 2182 2018 eve-

1164 2070 1212 2096 504
1227 2040 1343 2079 nerint
1359 2039 1489 2078 omnia.
1502 2039 1670 2077 14.Haec
1689 2053 1776 2077 cum
1794 2040 1964 2078 audisset
1980 2055 2061 2085 rex,
2079 2044 2182 2079 misit

1177 2109 1200 2136 Λ
1227 2103 1282 2140 ad
1296 2102 1456 2154 Ioseph,
1467 2109 1503 2139 et
1515 2101 1632 2138 eduxi
1635 2109 1648 2138 t
1661 2114 1747 2138 eum
1764 2115 1812 2138 ex
1826 2115 1993 2148 carcere,
2007 2111 2043 2139 et
2061 2111 2183 2140 toton-

1226 2164 1366 2201 derunt
1378 2176 1478 2209 eum,
1489 2170 1525 2200 et
1537 2169 1786 2199 mutaverunt
1796 2165 2069 2200 vestimentum
2083 2166 2177 2215 ejus,

1226 2231 1263 2260 et
1275 2224 1439 2260 intravit
1452 2221 1506 2258 ad
1517 2220 1882 2260 Pharaonem.Vide
1894 2221 2012 2259 statim
2023 2221 2069 2260 ab
2081 2222 2182 2261 initio

1227 2292 1382 2334 quantus
1405 2295 1500 2320 nunc
1527 2282 1651 2320 honor.
1666 2284 1860 2333 Postquam
1885 2283 1980 2320 enim
2008 2293 2182 2336 purgatus

1225 2354 1278 2383 est
1293 2359 1357 2398 per
1372 2343 1595 2397 patientiam,
1611 2343 1702 2381 sicut
1720 2358 1846 2381 aurum
1861 2345 2014 2383 rutilans
2030 2345 2118 2384 exiit
2139 2346 2182 2384 dc

1225 2420 1375 2455 carcere,
1399 2415 1435 2444 et
1461 2405 1593 2444 ductus
1622 2414 1674 2443 est
1703 2405 1751 2443 ad
1787 2406 2021 2445 Pharaonem.
2045 2407 2181 2446 Vidisti

1223 2478 1399 2522 quantum
1430 2468 1476 2507 sit
1505 2482 1526 2506 a
1548 2481 1700 2521 superna
1729 2467 1842 2520 gratia
1876 2468 2067 2520 adjuvari?
2088 2469 2182 2508 Yidc

1225 2546 1319 2570 nunc
1332 2540 1463 2582 quanta
1476 2529 1678 2582 dispensata
1693 2529 1825 2577 sint‚ut
1840 2544 1894 2567 res
1915 2530 2061 2582 Joseplu'
2079 2544 2181 2568 com-

1224 2593 1419 2647 plerentur.
1443 2593 1535 2630 Nam
1549 2599 1736 2644 postquam
1758 2605 1938 2627 summum
1956 2590 2048 2628 illud
2068 2600 2179 2629 certa-

1225 2669 1306 2693 men
1323 2662 1501 2699 certasset,
1515 2662 1549 2690 et
1563 2652 1716 2690 scelestae
1731 2651 1829 2689 illius
1845 2651 2026 2704 AEgyptiae
2039 2652 2181 2704 pedicas

1225 2715 1462 2767 effugissesset
1474 2714 1509 2751 in
1526 2726 1700 2751 carcerem
1715 2712 1893 2764 conjectus
1908 2721 2010 2760 esset,
2021 2713 2182 2766 permisit

1226 2787 1267 2816 ut
1285 2777 1472 2829 praefectus
1486 2775 1736 2828 pincernarum
1755 2782 1787 2811 et
1800 2774 1987 2826 praesectus
2007 2775 2181 2827 pistorum

1178 2845 1200 2875 B
1227 2838 1423 2877 Pharaonis
1442 2851 1506 2890 per
1532 2835 1624 2874 illud
1648 2845 1788 2888 tempus
1821 2836 1854 2874 in
1876 2850 2052 2875 carcerem
2077 2837 2182 2875 illum

1228 2900 1469 2953 injicerentur,
1487 2907 1520 2936 et
1539 2912 1602 2950 per
1620 2897 1944 2950 interpretationem
1961 2898 2183 2937 somniorum

1227 2962 1403 3000 discerent
1427 2959 1495 2998 viri
1518 2959 1743 3012 sapientiam,
1763 2968 1802 2996 ut
1828 2973 1950 2997 eorum
1973 2960 2063 2998 alter
2090 2975 2182 2998 nune

1227 3022 1438 3076 tempestive
1452 3021 1550 3059 illius
1565 3021 1779 3059 mentionem
1790 3021 1937 3072 faciens,
1954 3036 2036 3060 eum
2052 3022 2087 3060 in
2104 3036 2182 3060 me-

1228 3086 1330 3125 dium
1353 3084 1538 3138 proferret.
1556 3083 1619 3120 15.
1645 3083 1759 3121 Dixit
1779 3092 1924 3131 antem,
1938 3083 2065 3135 inquit,
2078 3085 2184 3122 Pha-

1230 3163 1300 3187 rao
1313 3149 1368 3186 ad
1381 3146 1525 3198 Joseph
1540 3161 1550 3181 .·
1563 3145 1763 3183 Somnium
1783 3146 1882 3192 vidi,
1901 3154 1938 3183 et
1954 3160 2031 3183 non
2046 3154 2101 3183 est
2119 3147 2185 3196 qui

1230 3213 1502 3261 interpretetur
1533 3207 1635 3244 illud
1649 3223 1660 3243 .-
1676 3220 1744 3259 ego
1771 3215 1901 3244 autem
1931 3208 2064 3244 audivi
2084 3207 2131 3243 de
2151 3215 2186 3242 ee

1232 3273 1414 3315 dicentes,
1433 3268 1538 3322 quod
1551 3281 1638 3306 cum
1658 3269 1829 3306 audieris
1849 3281 1927 3306 som
1935 3270 2014 3311 m'a,
2029 3270 2111 3318 ipsa
2128 3269 2187 3302 in-

1237 3329 1563 3383 terpreterisvidc
1582 3327 1762 3380 quomodo
1783 3329 1950 3367 confusus
1967 3328 2104 3364 Pharao
2119 3341 2187 3364 non
