2516 3791
644 205 649 208 ’
703 209 742 239 ΙΝ
782 208 882 238 CAP-

152 314 211 346 νης
227 294 387 349 ἀκρίὸεια
400 324 409 342 ,
428 293 488 332 καὶ
515 291 827 345 ταπεινοφροσύνης
847 288 1022 342 ὑπερίῗολὴ
1043 287 1102 326 καὶ
1121 302 1175 338 φι-

151 357 302 404 λοξενίας
331 355 499 398 ἐπίτασις.
530 353 646 392 Πόσου
668 352 818 391 πλούτου
848 356 927 404 γοῦν
950 356 1013 390 οὐκ
1044 349 1084 387 ἂν
1123 348 1175 395 εἴη

152 414 260 459 ταῦτα
294 415 503 470 τιμιώτερα,
536 414 653 454 πόσων
691 416 872 468 θησαυρῶν
903 417 1013 451 ταῦτα
1046 413 1107 450 οὐκ
1136 409 1176 446 ἂν

150 478 386 534 προτιμότερά
410 493 461 520 τις
488 475 680 528 ἡγήσαιτο,
697 477 811 514 Τοῦτο
836 478 858 521 ἡ
882 473 1028 526 μεγίστη
1054 469 1176 524 προὶξ,

150 545 249 580 τοῦτο
266 540 309 578 τὰ
328 538 434 591 μυρία
449 537 563 590 ἀγαθὰ
575 567 584 584 ,
604 540 623 575 ὁ
643 537 810 590 θησαυρὸς
831 538 849 574 ὁ
868 535 1042 587 μηδέποτε
1061 534 1175 571 δαπα-

150 601 312 653 νώμενος.
341 600 455 651 Ὁρῶν
490 599 602 638 τοίνυν
632 598 751 637 λοιπὸν
779 600 798 635 ὁ
828 595 1014 648 εὐγνώμων
1041 592 1178 638 οἰκέτης

151 666 278 716 ἐναργῆ
299 666 358 701 τοῦ
378 664 471 700 Θεοῦ
489 660 552 707 τὴν
572 660 749 714 πρόνοιαν,
771 657 1038 709 Κατεμάνθανεν
1056 654 1176 702 αὐτὴν,

150 725 255 777 φησὶ,
274 724 333 762 καὶ
348 722 559 775 παρεσιώπα
577 726 637 760 τοῦ
655 724 784 770 γνῶναι
796 750 805 767 ,
829 721 858 757 εἰ
875 718 1032 756 εὖώδωσε
1051 714 1178 768 Κύριος

150 787 213 833 τὴν
227 787 302 824 ὁδὸν
320 787 421 823 αὐτοῦ
434 814 443 831 ,
463 784 486 830 ἢ
505 783 556 822 οὔ.
579 784 612 820 Τ
617 782 627 819 ί
645 785 718 820 ἐστι
734 812 744 828 ,
761 779 1028 830 Κατεμάνθανεν
1044 777 1150 824 αὐτήν
1167 794 1176 824 ;

150 846 247 885 Αὐτὰ
273 845 317 884 τὰ
351 845 492 897 ῥήματα
520 847 582 890 τῆς
610 842 715 896 κόρης
742 840 916 887 κατενόει,
938 839 978 878 τὸ
1009 837 1176 890 βλέμμα,

148 907 210 955 τὴν
235 908 385 959 βάδισιν,
415 905 455 943 τὸ
480 906 622 956 σχῆμα,
648 903 693 941 τὰ
713 902 803 940 ἄλλα
821 901 981 947 ἅπαντα,
1010 900 1070 938 καὶ
1093 899 1176 938 ἀνέ-

150 984 248 1019 μενεν
285 968 379 1014 ἰδεῖν,
404 968 446 1005 Εἰ
475 964 635 1003 εὐώδωσε
664 963 790 1017 Κύριος
815 961 878 1009 τὴν
908 961 984 1000 ὁδὸν
1009 963 1133 1008 αὐτοῦ,
1153 960 1175 1006 ἢ

147 1029 198 1070 οὔ.
220 1029 277 1068 Τὰ
298 1028 359 1079 μὲν
378 1027 446 1080 γὰρ
475 1027 542 1073 ἤδη
565 1026 799 1078 γεγενημένα,
819 1023 905 1077 φησὶ
919 1055 929 1072 ,
955 1022 1089 1070 πολλὴν
1111 1021 1177 1060 δεί-

148 1106 246 1128 κνυσι
263 1093 326 1135 τῆς
345 1088 450 1140 κόρης
465 1087 524 1126 καὶ
543 1086 828 1140 ὓπερὸάλλουσαν
847 1085 911 1132 τὴν
932 1084 1070 1138 ἀρετήν.
1086 1085 1140 1121 Δι’
1159 1083 1176 1122 ὃ

148 1151 207 1188 καὶ
227 1150 455 1201 ἀμειὸόμενος
477 1148 582 1195 αὐτὴν
598 1151 660 1194 τῆς
678 1150 834 1193 ὑπακοῆς
850 1146 910 1184 καὶ
929 1149 990 1193 τῆς
1011 1148 1070 1184 τοῦ
1097 1144 1176 1182 ὕδα-

148 1227 204 1255 τος
245 1212 423 1264 παροχῆς,
454 1208 672 1262 περιτίθησιν
720 1208 827 1259 αὐτῇ,
862 1207 987 1259 φησὶν,
1024 1205 1176 1245 Ἐνώτια

147 1279 261 1325 χρυσᾶ
283 1272 342 1310 καὶ
363 1271 421 1310 δύο
438 1270 586 1323 ψέλλια,
606 1270 665 1308 καὶ
689 1268 949 1322 περιειργάζετο
969 1267 1058 1320 μετὰ
1080 1269 1177 1320 ἀκρι-

148 1334 243 1377 Geta<
262 1333 306 1372 τὰ
328 1335 404 1371 κατ’
426 1331 547 1378 αὐτὴν,
575 1331 635 1369 καὶ
652 1330 793 1384 ἠρώτα,
814 1329 919 1373 Τίνος
948 1329 1103 1381 θυγάτηρ
1123 1322 1176 1376 εῗ;

148 1395 220 1442 καὶ,
241 1396 284 1433 Εἰ
303 1393 377 1432 ἔστι
398 1393 495 1446 παρὰ
523 1394 573 1444 τῷ
587 1390 696 1444 πατρί
715 1406 774 1430 σου
793 1389 897 1434 τόπος
917 1395 1002 1441 ἡμῖν
1021 1392 1177 1428 καταλῗ-

147 1471 222 1502 σαι;
244 1455 377 1494 Σκόπει
403 1454 463 1492 καὶ
492 1456 638 1492 ἐνταῦθα
666 1455 728 1498 τῆς
761 1451 866 1504 κόρης
892 1451 954 1498 τὴν
977 1450 1175 1504 ἀπόκρισιν.

148 1516 317 1570 Καθάπερ
350 1515 418 1568 γὰρ
450 1515 507 1554 ἐπὶ
536 1518 596 1553 τοῦ
625 1512 749 1557 ὕδατος
780 1515 818 1551 οὐ
853 1512 956 1563 μόνον
976 1513 1016 1552 τὸ
1037 1512 1174 1560 αἰτηθὲν

145 1578 333 1631 παρέσχεν,
354 1576 444 1616 ἀλλὰ
473 1575 562 1627 μετὰ
582 1576 623 1614 τὸ
641 1580 731 1613 πιεῖν
761 1574 861 1613 αὐτὸν
878 1575 938 1613 καὶ
953 1581 1029 1618 ταῖς
1053 1575 1176 1626 καμή-

145 1641 217 1683 λοις
249 1638 439 1690 ὑδρεύσατο
456 1654 463 1661 ·
498 1637 588 1676 οὕτω
627 1636 686 1674 καὶ
720 1637 866 1675 ἐνταῦθα
893 1636 1086 1687 πυθομένου
1118 1640 1177 1675 τοῦ

146 1700 287 1747 παιδὸς,
314 1701 344 1737 εἷ
362 1699 436 1737 ἔστι
457 1698 559 1750 μόνον
578 1697 704 1743 τόπος,
733 1696 794 1736 καὶ
821 1696 911 1741 τίνος
941 1691 983 1743 ἦν
1004 1697 1176 1750 θυγάτηρ,

147 1761 250 1813 φησὶν
267 1764 289 1807 ἡ
310 1760 396 1811 κόρη
410 1776 417 1784 ·
437 1759 608 1811 Θυγάτηρ
623 1758 697 1810 εἰμὶ
711 1754 873 1806 Βαθουὴλ
887 1763 946 1797 τοῦ
962 1760 1107 1810 Μελχᾶς
1118 1789 1127 1805 ,
1141 1758 1176 1796 ὃν

147 1822 260 1859 ἔτεκεν
290 1824 382 1873 αὐτῷ
416 1820 560 1872 Ναχώρ.
582 1819 687 1871 Λέγει
715 1819 849 1858 καὶτὸν
869 1819 1006 1872 πατέρα
1034 1819 1093 1857 καὶ
1119 1819 1176 1858 τὸν

147 1883 305 1930 πάππον,
324 1881 381 1920 ἵνα
397 1881 568 1935 γνωρίσας
588 1883 715 1924 ἐκεῖνος
739 1881 994 1934 προθυμότερος
1022 1880 1175 1932 γένηται.

146 1944 244 1998 υΟρα
263 1943 552 1995 Ωεύγνωμοσύνην
576 1945 638 1989 τῆς
665 1942 802 1986 παιδός.
832 1941 923 1993 Περὶ
957 1946 1018 1980 τοῦ
1046 1942 1177 1995 πατρὸς

147 2008 359 2057 ἐρωτηθεῖσα
374 2007 412 2043 οὖ
434 2004 536 2055 μόνον
558 2007 659 2042 τοῦτο
674 2002 910 2054 καταμηνύει,
926 2003 1017 2042 ἀλλὰ
1036 2003 1096 2041 καὶ
1117 2007 1176 2041 τοῦ

146 2066 277 2119 πατρὸς
306 2066 362 2104 τὸν
383 2064 530 2118 πατέρα.
562 2065 632 2103 Καὶ
662 2064 856 2115 πυθομένου
874 2095 883 2111 ,
907 2067 935 2102 εἷ
968 2063 1042 2102 ἔστι
1072 2063 1176 2108 τόπος

147 2126 249 2177 μόνον
269 2127 485 2171 καταλῦσαι,
506 2124 609 2177 φησίν
624 2140 631 2148 ·
662 2127 700 2162 οὐ
734 2125 836 2176 μόνον
851 2125 972 2172 τόπος,
994 2124 1085 2163 ἀλλὰ
1104 2124 1175 2162 Καὶ

144 2187 259 2238 ἄχυρα
292 2187 350 2224 καὶ
387 2185 620 2238 χορτάσματα
658 2185 773 2224 πολλὰ
803 2187 887 2237 παρ’
915 2189 1013 2237 ἡμῖν.
1050 2187 1174 2223 Ταῦτα

143 2247 294 2291 ἀκούσας
315 2251 332 2286 ὁ
357 2247 513 2294 οἰκέτης,
535 2247 594 2285 καὶ
615 2247 800 2298 θαυμάσας
819 2246 882 2294 τὴν
902 2248 1012 2285 παῖδα
1031 2250 1092 2293 τῆς
1114 2247 1174 2284 δα-

140 2311 258 2361 ψιλοῦς
288 2308 501 2362 φιλοξενίας,
522 2308 581 2347 καὶ
610 2308 730 2359 μαθὼν
763 2311 810 2352 ὡς
841 2309 879 2347 οὗ
907 2309 993 2360 πρὸς
1015 2307 1174 2360 ἀγνῶτάς

140 2387 235 2414 τινας
259 2370 506 2423 παραγέγονεν,
536 2372 612 2408 ἀλλ’
634 2373 682 2414 εἷς
710 2370 773 2418 τὴν
794 2370 906 2409 οἰκίαν
925 2375 986 2408 τοῦ
1014 2368 1172 2422 Ναχὼρ,

139 2431 175 2476 ὃς
201 2432 346 2484 ἀδελφὸς
371 2426 413 2478 ἦν
436 2437 495 2470 τοῦ
516 2431 754 2484 πατριάρχου,
773 2431 997 2478 Εὖδοκήσας,
1017 2430 1134 2482 φησὶν,
1154 2432 1172 2467 ὁ

141 2493 319 2546 ἄνθρωπος
347 2492 584 2544 προσεκύνησε
615 2495 665 2544 τῷ
696 2491 828 2544 Κυρίῳ.
844 2492 983 2535 ζΗσθεὶς
1015 2492 1072 2530 ἐπὶ
1102 2497 1172 2534 τοῖς

139 2557 355 2606 γνωσθεῖσιν,
384 2554 441 2592 ε’πὶ
471 2559 543 2598 τοῖς
578 2553 773 2605 εἰρημένοις
804 2553 903 2605 παρὰ
929 2557 993 2600 τῆς
1023 2553 1169 2599 παιδὸς,

141 2615 387 2668 Προσεκύνησε
412 2617 462 2668 τῷ
493 2614 634 2669 Κυρίῳ,
654 2614 717 2661 τὴν
749 2613 974 2668 εὐχαριστίαν
1004 2613 1172 2665 ἀνήνεγκε

140 2679 189 2728 τῷ
219 2676 379 2728 ΔεσπότγΙ
411 2680 461 2730 τῷ
492 2676 549 2715 διὰ
570 2676 632 2723 τὴν
653 2675 766 2727 ι’πρὸς
793 2677 850 2714 τὸν
879 2675 1016 2729 πατέρα
1038 2675 1170 2714 εὔνοιαν

140 2737 309 2784 τοσαύτην
320 2738 379 2775 καὶ
395 2737 474 2791 περὶ
489 2737 588 2776 αὐτὸν
604 2736 854 2789 ἐπιδειξαμένῳ
869 2736 932 2784 τὴν
946 2735 1169 2787 κηδεμονίαν,

141 2796 199 2835 καὶ
217 2797 306 2835 οὕτω
332 2798 449 2836 πάντα
471 2800 545 2848 μετ’
565 2798 723 2842 εὐκολίας
741 2800 834 2850 αὐτῷ
862 2796 1143 2836 κατευοδώσαντι
1161 2812 1168 2820 ·

140 2858 201 2896 καί
220 2874 322 2910 φησιν
336 2875 344 2882 ·
368 2860 566 2910 Εὐλογητὸς
584 2858 710 2911 Κύριος
728 2863 746 2897 ὃ
774 2860 864 2904 Θεὸς
885 2863 944 2898 τοῦ
965 2858 1085 2911 κυρίου
1103 2874 1168 2909 μου

139 2919 318 2973 Ἂὸραὰμ,
341 2921 377 2963 ὃς
393 2922 454 2958 οὐκ
474 2920 681 2971 ἐγκατέλιπε
699 2922 763 2967 τὴν
781 2920 1002 2968 δικαιοσύνην
1023 2920 1083 2958 καὶ
1104 2919 1167 2966 τὴν

138 2980 302 3026 ἀλήθειαν
323 2982 427 3019 αὐτοῦ
448 2981 518 3019 ἀπὸ
536 2985 595 3019 τοῦ
612 2981 731 3032 κυρίου
753 2998 831 3033 μου.
848 2981 995 3029 Ἐπειδὴ
1019 2975 1086 3020 εἶδε
1105 2983 1169 3027 τ”ἦς

137 3041 259 3085 παιδὸς
277 3041 341 3088 τὴν
359 3040 636 3093 εὐγνωμοσύνην,
665 3042 724 3079 καὶ
742 3042 868 3093 ἔμαθεν
890 3042 1029 3081 ἅπαντα
1050 3044 1171 3094 σαφῶς

138 3103 220 3153 παρ’
236 3104 360 3151 αὐτῆς,
380 3102 499 3141 λοιπὸν
516 3102 576 3140 καὶ
595 3102 695 3146 αὐτὸς
709 3102 868 3155 γνωρίζει
885 3107 929 3156 τῇ
944 3103 1031 3156 κόρῃ
1047 3134 1058 3152 ,
1077 3103 1171 3147 ὅστις

173 3251 198 3274 ‚¹²
223 3244 558 3285 nipe-›poshumsssaec
582 3253 664 3284 vox,
692 3250 728 3274 ut
751 3243 820 3285 jam
837 3241 994 3285 vidimus,
1019 3255 1153 3276 omnem

923 205 1047 238 xxiv,
1087 203 1251 234 GENES.

1293 201 1452 233 nomin.
1493 202 1652 233 xtvin.
2112 191 2192 238 501

1250 284 1572 337 hospitalitatisque
1596 284 1809 336 frequentia.
1834 284 1976 330 Quibus
1999 286 2109 335 igitur
2127 290 2204 340 opi-

1250 345 1317 382 bus
1356 345 1433 382 lia-c
1473 359 1539 382 non
1575 352 1658 382 sunt
1697 343 1932 396 pretiosiora?
1963 345 2094 394 quibus
2129 347 2204 383 thv-

1250 405 1364 443 sauris
1383 406 1457 443 liaec
1478 420 1544 443 non
1571 414 1652 443 sunt
1685 405 1929 457 praescrcnda?
1951 405 2036 442 llaec
2067 420 2206 444 sumnia

1250 465 1315 503 dos
1328 497 1337 510 ‚
1353 466 1429 505 liaec
1443 467 1623 505 innumera
1641 467 1748 515 bona,
1763 467 1838 504 haic
1854 467 2040 504 thesaurus
2059 467 2120 518 qui
2137 481 2206 506 non

1251 528 1484 565 consumitur.
1510 528 1649 567 videns
1672 528 1781 578 igitur
1810 527 1966 580 prudens
1985 542 2109 566 servus
2131 543 2206 566 ma-

1252 588 1413 626 nifestam
1431 588 1496 626 Dei
1514 588 1796 640 providentiam,
1812 591 1854 626 21
1867 619 1874 626 .
1891 591 2076 627 Discebat
2098 603 2203 636 earn,

1252 649 1388 699 inquit,
1403 657 1439 686 et
1452 650 1611 695 silebat,
1631 659 1670 687 ut
1686 653 1797 688 sciret
1810 651 2208 702 prosperumnesecis-

1252 718 1307 749 set
1337 710 1529 747 Dominus
1559 712 1631 747 iter
1657 724 1788 754 saum,
1814 725 1866 747 an
1902 725 1991 747 non.
2031 710 2128 756 Quid
2158 719 2209 748 est

1253 770 1345 808 illud
1359 801 1368 817 ‚
1389 772 1574 808 Discebac
1597 785 1683 808 eam
1701 776 1717 808 ξ’·
1739 772 1857 809 Verba
1878 771 1952 823 ipsa
1975 772 2103 823 puellae
2123 771 2208 809 dili-

1253 840 1374 883 genter
1387 830 1633 869 considerabat
1647 861 1657 880 ,
1675 840 1876 883 aspectum,
1893 832 2064 869 incessum
2079 862 2087 879 ‚
2106 832 2208 870 habi-

1253 901 1347 940 tum,
1368 891 1508 942 aliaque
1526 892 1645 930 onmia
1667 907 1674 928 :
1698 900 1731 929 et
1753 892 2000 943 exspectabat,
2028 895 2074 930 ἰί
2096 896 2210 932 sciret

1253 967 1307 991 an
1319 955 1709 1006 prOSJJer111n‹·s'c⁴ci'ssc÷t
1724 954 1916 990 Dominus
1931 956 2003 990 iter
2015 968 2138 1000 ειιῑιιιι,
2156 968 2210 993 an

1255 1028 1344 1052 non.
1363 1016 1454 1052 Nam
1471 1029 1548 1065 qua‘
1559 1015 1635 1066 jam
1649 1015 1739 1051 facta
1754 1022 1874 1061 erant,
1891 1013 2063 1065 insignem
2081 1025 2113 1052 et
2132 1016 2210 1067 plu-

1254 1075 1383 1112 rimam
1402 1074 1553 1127 vi1·ginis
1570 1073 1778 1112 indicabant
1798 1072 1981 1111 virtutem.
2004 1073 2048 1110 1⁴21
2065 1073 2142 1111 ideo
2156 1089 2209 1111 re-

1251 1150 1441 1174 munerans
1459 1137 1535 1188 ejus
1549 1135 1787 1173 obedientiam
1803 1143 1835 1172 et
1846 1148 1946 1184 aquae
1963 1134 2210 1172 subministra-

1202 1221 1226 1252 C
1250 1197 1382 1236 tionem
1395 1228 1403 1244 ‚
1419 1197 1656 1249 circumponit
1671 1196 1715 1246 ei,
1733 1195 1864 1246 inquit,
1882 1198 1947 1232 5³22.
1966 1197 2130 1234 Inaures
2143 1210 2209 1233 an-

1253 1273 1340 1297 reas
1354 1268 1391 1296 et
1403 1260 1502 1297 duas
1517 1259 1711 1304 armillas,
1729 1266 1762 1295 et
1785 1256 1977 1307 diligenter
2003 1256 2210 1295 addiscebat

1248 1334 1327 1371 quae
1340 1319 1385 1358 ad
1400 1320 1514 1372 ipsam
1532 1319 1764 1372 pertinerent,
1776 1328 1810 1356 et
1825 1318 1988 1368 rogabat,
2005 1319 2069 1356 Q5.
2090 1319 2209 1371 Cujus

1247 1396 1296 1433 es.
1298 1382 1388 1433 filia
1403 1386 1420 1418 P
1435 1390 1482 1430 et,
1499 1382 1599 1418 Num
1618 1390 1672 1419 est
1689 1380 1796 1432 apud
1805 1388 1956 1431 patrem
1977 1387 2083 1417 tuum
2105 1379 2209 1417 locus

1248 1444 1477 1481 diversorii?
1494 1442 1687 1480 Considera
1706 1451 1739 1479 et
1761 1441 1820 1478 hic
1833 1440 1963 1492 puellae
1982 1454 2205 1492 responsum.

1248 1505 1341 1542 Nam
1360 1504 1454 1542 sicut
1480 1518 1562 1542 cum
1584 1517 1712 1554 aquam
1733 1511 1888 1555 peteret,
1907 1516 1976 1539 non
1997 1501 2112 1539 solum
2132 1516 2209 1539 eam

1247 1565 1370 1614 dedit,
1391 1566 1452 1604 sed
1471 1575 1503 1604 et
1523 1565 1674 1604 camelos
1690 1564 1787 1602 illius
1803 1563 1940 1615 potavit
1963 1579 1970 1599 :
1991 1563 2040 1600 ita
2069 1572 2102 1600 et
2125 1563 2204 1613 hic,

1249 1636 1395 1678 rogante
1414 1641 1539 1676 servo,
1570 1641 1658 1664 num
1688 1634 1775 1663 esset
1796 1624 1894 1662 locus
1909 1653 1918 1671 ,
1945 1633 1976 1661 et
1997 1625 2098 1675 cujus
2120 1634 2208 1662 esset

1248 1687 1344 1735 filia,
1376 1688 1509 1738 inquit,
1541 1688 1603 1724 ’ΞΣ-4.
1628 1687 1736 1724 Filia
1768 1699 1853 1723 sum
1885 1685 2091 1721 Batlmelis
2109 1685 2206 1736 filii

1249 1749 1434 1795 Melchoe,
1457 1762 1570 1800 quem
1587 1749 1732 1799 peperit
1753 1748 1826 1797 ipsi
1858 1746 2031 1783 lt'acleor.
2056 1745 2153 1783 Dicit
2173 1755 2206 1783 et

1248 1819 1387 1862 patrem
1414 1818 1448 1847 et
1478 1823 1610 1858 avum,
1630 1817 1669 1845 ut
1689 1807 1762 1845 illis
1782 1806 1933 1857 cognitis
1954 1806 2015 1843 fiat
2036 1806 2202 1845 alacrior.

1249 1871 1345 1909 Vide
1360 1870 1548 1908 candorem
1564 1869 1704 1922 puellae.
1723 1870 1777 1906 De
1793 1877 1893 1920 patre
1906 1876 2070 1918 rogatur,
2089 1877 2123 1905 et
2137 1881 2206 1905 non

1248 1932 1364 1970 solum
1397 1932 1492 1969 hunc
1524 1929 1677 1979 indicat,
1712 1928 1773 1967 sed
1804 1938 1836 1966 et
1858 1937 1995 1980 patrem
2015 1927 2136 1979 patris.
2160 1927 2207 1965 Et

1248 2007 1330 2031 cum
1352 2002 1508 2044 rogasset
1527 2005 1649 2029 seffus
1668 1990 1784 2028 solum
1799 2003 1843 2027 an
1863 1997 1952 2026 esset
1971 1988 2070 2026 locus
2085 1988 2206 2026 diver-

1248 2053 1367 2104 tendi,
1387 2054 1448 2091 illa
1460 2052 1622 2091 addidit:
1639 2052 1716 2089 Non
1734 2050 1851 2087 solum
1868 2049 1981 2097 locus,
2000 2047 2062 2085 sed
2076 2049 2138 2085 95.
2153 2050 2207 2086 Et

1244 2115 1393 2163 soenum
1415 2121 1451 2150 et
1474 2111 1664 2163 pabulum
1690 2109 1856 2146 multum
1889 2108 1995 2158 apud
2013 2120 2097 2144 nos.
2124 2106 2207 2143 ltaec

1246 2183 1285 2211 ut
1304 2173 1446 2211 audivit
1467 2186 1590 2210 servus
1604 2201 1613 2218 ,
1636 2169 1838 2208 admiratus
1857 2176 1908 2205 cst
1923 2167 2053 2204 miram
2071 2175 2105 2204 et
2130 2166 2205 2204 lar-

1245 2248 1327 2286 gam
1346 2234 1475 2286 pnellae
1496 2232 1790 2284 hospitalitatem.
1812 2228 1859 2266 Et
1879 2237 1918 2265 ut
1938 2226 2065 2265 didicit
2080 2242 2116 2265 se
2137 2241 2207 2265 non

1243 2300 1289 2338 ad
1308 2299 1448 2352 ignotos
1466 2298 1642 2351 quosdam
1656 2295 1805 2343 venisse,
1823 2292 1886 2331 sed
1905 2293 1940 2330 in
1957 2292 2107 2330 domum
2128 2293 2206 2330 Na·-

1244 2361 1332 2399 chor
1353 2361 1414 2411 qui
1431 2361 1540 2398 frater
1559 2368 1634 2397 erat
1667 2355 1876 2410 patriarchae
1889 2385 1900 2404 ‚
1921 2356 1983 2392 96.
2007 2355 2093 2391 Hoc
2121 2368 2207 2392 cum

1239 2425 1444 2475 probaret,
1478 2420 1615 2472 inquit,
1638 2421 1752 2457 homo
1772 2418 1951 2455 adoravit
1975 2416 2202 2453 Dominum.

1245 2484 1481 2522 Exhilaratus
1502 2483 1546 2520 iis
1571 2495 1649 2532 quae
1670 2485 1901 2531 cognoverat,
1922 2485 1954 2513 ct
1974 2476 2016 2513 iis
2037 2490 2114 2525 quse
2135 2475 2204 2527 ipsi

1243 2546 1362 2599 puella
1382 2544 1546 2592 dixerat,
1572 2543 1769 2580 Adoravit
1798 2540 2030 2582 Dominum,
2055 2536 2205 2587 gratias-

1197 2631 1220 2661 Ε
1243 2621 1312 2658 que
1340 2607 1392 2644 illi
1424 2605 1515 2655 egit,
1539 2617 1578 2641 eo
1611 2601 1707 2653 quod
1730 2601 1764 2637 in
1786 2597 2026 2651 patriarcham
2053 2605 2086 2634 et
2110 2596 2145 2634 in
2169 2610 2206 2634 se

1243 2677 1377 2706 tantam
1391 2666 1603 2703 declarasset
1619 2661 1886 2716 providentiam
1900 2689 1910 2709 ,
1927 2668 1959 2696 et
1974 2657 2073 2709 quod
2085 2658 2205 2696 omnia

1241 2730 1347 2783 plana
1363 2737 1394 2766 et
1409 2726 1527 2765 facilia
1542 2725 1595 2762 illi
1608 2722 1822 2762 reddidisset
1843 2737 1850 2757 τ
1868 2730 1901 2758 et
1916 2719 2030 2768 dixit,
2051 2721 2116 2758 5⁹27.
2131 2721 2204 2757 Be-

1243 2792 1417 2828 nedictus
1445 2788 1638 2825 Dominus
1667 2785 1774 2822 Deus
1800 2783 1949 2819 domini
1976 2783 2050 2818 mei
2071 2781 2203 2818 Abra-

1242 2853 1355 2897 ham,
1379 2851 1446 2902 qni
1467 2862 1543 2885 non
1563 2845 1725 2883 abstulit
1735 2845 1932 2895 justitiam
1951 2855 2064 2880 suam
2083 2849 2118 2890 et
2136 2855 2202 2878 ve-

1240 2916 1397 2951 ritatem
1417 2924 1440 2947 a
1458 2910 1614 2946 domino
1635 2919 1730 2943 meo.
1752 2905 1946 2954 Postquam
1962 2902 2055 2940 vidit
2075 2902 2202 2954 puellae

1240 2970 1522 3012 benevolentiam
1535 2999 1544 3017 ,
1557 2977 1589 3005 et
1609 2967 1655 3004 ab
1667 2981 1705 3004 ca
1723 2965 1841 3003 onmia
1858 2964 2042 3002 manifeste
2055 2963 2198 3007 didicit,

1242 3044 1327 3072 tunc
1348 3042 1378 3070 et
1400 3033 1476 3084 ipse
1509 3028 1635 3082 puellae
1655 3027 1834 3078 significat
1851 3026 1931 3077 quis
1951 3034 2040 3063 esset
2062 3041 2069 3060 :
2090 3033 2123 3062 et
2141 3039 2202 3076 per

1239 3101 1436 3154 gratiarum
1464 3097 1638 3136 actionem
1658 3095 1693 3133 in
1716 3096 1831 3132 Deum
1852 3093 1972 3146 palam
1994 3092 2025 3130 ei
2060 3091 2145 3129 facit
2164 3105 2201 3130 se

1203 1955 1227 1983 D

1234 3243 1250 3268 ὓ
1276 3247 1354 3286 Πρὸς
1370 3245 1420 3273 τὸν
1434 3244 1565 3284 πατέρα.
1590 3237 1644 3269 Sic
1674 3242 1792 3268 omnc's
1821 3243 1891 3267 tum
1919 3232 2010 3265 Editi
2035 3239 2104 3264 turn
2122 3232 2197 3263 Mss.

141 3294 259 3325 bonnm
276 3295 382 3324 animi
405 3294 567 3338 affectum
593 3293 767 3337 significat.
795 3294 856 3327 uic
874 3303 985 3328 autem
1008 3307 1066 3328 usu
1086 3296 1152 3327 sin·
1188 3295 1323 3327 Rectius
1344 3298 1417 3336 mh,-
1438 3298 1489 3325 τὸν
1512 3296 1716 3335 πατριὰρχη-ι,
1744 3289 1778 3320 in
1802 3285 2042 3332 patriarcham,
2063 3292 2098 3316 ut
2124 3283 2201 3326 leg-:it

141 3345 247 3385 gulari
274 3345 454 3378 candorem
475 3354 509 3378 et
525 3349 765 3390 ingenuitatem
793 3346 980 3391 significare
1008 3347 1152 3382 videtur.

141 3399 243 3431 Vetus
260 3399 429 3441 Interpres
445 3400 546 3433 vertit
559 3398 783 3442 prudentiam,

1191 3349 1372 3388 lutei-pres,
1387 3345 1478 3386 cujus
1491 3343 1801 3385 interpretationem
1814 3351 1880 3373 uon
1892 3337 2202 3381 mutavimustnpm-

1191 3404 1240 3434 τὸν
1256 3402 1448 3441 πατριάρχην
1465 3402 1554 3427 recte
1570 3392 1705 3426 exhibet
1723 3393 1872 3435 optimus
1888 3388 2002 3423 Codex
2019 3387 2140 3429 Coisl.]
