2516 3791
99 1513 124 1534 1.
139 1506 234 1534 Coun
251 1514 281 1541 9.

292 180 313 194 ,-

292 193 378 224 300
725 190 763 220 S.
801 186 986 219 JOANMS
1023 183 1262 215 CHRYSOST.

289 275 417 313 dixero
431 304 443 324 ,
467 273 581 312 multo
601 272 706 324 plura
726 271 834 308 dictis
857 277 1039 321 praetereo.
1066 268 1146 305 Jam
1167 263 1248 314 quis

290 335 508 389 poenitentiae
527 335 625 372 viam
645 331 867 383 cogitaverit,
887 342 994 378 quam
1012 327 1170 363 humano
1189 337 1248 373 ge-

291 397 366 434 neri
389 403 512 433 nostro
531 393 577 431 ob
596 390 818 428 ineffabilem
842 385 1125 424 misericordiam
1147 396 1248 420 suam

292 456 474 501 concessit,
502 463 534 491 et
560 461 638 504 post
661 448 829 501 baptismi
861 447 1015 497 gratiam
1032 474 1042 493 ,
1065 443 1248 481 mirabilia

293 518 352 554 illa
373 515 554 563 mandata,
577 527 639 564 per
656 525 733 562 quae
747 540 756 557 ‚
786 509 815 546 si
837 507 991 546 velimus
1014 536 1024 556 ‚
1050 505 1248 559 poterimus

292 578 367 629 ejus
384 576 486 614 nobis
503 572 656 626 gratiam
677 569 866 609 conciliare
881 568 899 606 Ξ)

1259 851 1308 874 257

345 887 382 923 9.
399 880 559 928 Vidisti,
579 878 707 917 dilecte
721 908 731 927 ‚
751 877 922 929 abyssum
938 874 1036 912 illius
1052 872 1248 911 beneficio-
1272 888 1298 916 A

293 944 405 982 rum?
424 941 546 981 vidisti
567 949 701 991 quanta
720 936 1060 983 enumeraverimus,
1081 933 1140 971 sed
1160 947 1249 970 non-

291 1005 380 1042 dum
405 1017 554 1056 parvam
579 1015 702 1039 eorum
725 1007 863 1051 partem
888 996 1006 1034 dicere
1026 994 1209 1047 potuimus
1231 994 1249 1031 ἶν’

294 1065 484 1115 Quomodo
503 1064 597 1102 enim
618 1063 776 1100 humana
796 1059 918 1110 lingua
937 1071 1015 1108 quae
1044 1071 1063 1093 a
1088 1057 1164 1093 Deo
1188 1069 1251 1092 no-

293 1128 349 1165 bis
372 1126 500 1164 collata
517 1133 599 1162 sunt
616 1129 830 1175 pertractare
852 1127 967 1171 posset
987 1118 1004 1154 Ρ
1027 1120 1072 1155 At
1088 1115 1171 1153 licet
1187 1115 1248 1152 illa

295 1197 392 1226 tanta
414 1201 455 1224 ac
473 1186 557 1224 talia
578 1185 659 1231 sint,
678 1183 791 1220 multo
811 1181 945 1232 majora
962 1188 995 1216 et
1014 1176 1251 1216 ineffabiliora

295 1259 378 1288 sunt
397 1246 569 1286 beneficia
581 1277 590 1296 ,
613 1259 691 1296 quse
714 1244 748 1281 in
771 1244 890 1280 futuro
908 1240 1035 1279 saecnlo
1054 1253 1118 1291 per
1136 1237 1253 1276 virtu-

295 1319 373 1347 tum
392 1309 490 1347 viam
510 1304 768 1352 incedentibus,
788 1311 821 1340 et
837 1301 921 1339 hinc
936 1298 1174 1351 migrantibus
1188 1297 1253 1334 da-

295 1381 419 1410 turum
444 1384 481 1408 se
506 1367 681 1422 promisit.
713 1367 877 1413 Quorum
901 1362 1185 1415 magnitudinem
1215 1370 1256 1399 ut

296 1431 420 1485 paucis
435 1431 554 1469 verbis
571 1428 673 1467 nobis
689 1425 951 1465 commendaret
966 1425 1090 1462 beatus
1105 1424 1253 1473 Paulus,

299 1493 415 1544 inquit
437 1508 444 1528 ε
467 1493 562 1542 Quae
589 1489 721 1527 oculus
748 1501 826 1524 non
849 1487 956 1534 vidit,
980 1494 1016 1523 et
1039 1487 1147 1522 auris
1178 1498 1256 1520 non

299 1555 465 1598 audivit,
487 1561 523 1589 et
541 1555 581 1588 in
602 1564 669 1588 cor
689 1550 857 1586 hominis
876 1561 953 1583 non
972 1546 1252 1590 ascenderunt,

300 1630 386 1669 quae
403 1615 641 1667 praeparavit
659 1613 766 1649 Deus
784 1612 830 1647 iis
851 1611 918 1660 qui
938 1608 1106 1659 diligunt
1121 1621 1172 1645 se.
1189 1606 1257 1646 Vi-

297 1678 383 1715 disti
409 1676 503 1714 dona
528 1673 739 1712 excellentia
765 1671 782 1708 3³
804 1670 929 1708 vidisti
958 1668 1133 1706 beneficia
1159 1667 1258 1704 illius

299 1752 441 1776 omnem
460 1738 654 1774 humanam
671 1732 922 1785 cogitationem
943 1728 1223 1767 transcendentia
1239 1729 1257 1765 9

298 1799 398 1836 Dicit
414 1797 525 1847 enim,
551 1799 600 1833 In
616 1808 682 1832 cor
701 1795 869 1831 hominis
890 1805 967 1828 non
984 1791 1256 1828 ascenderunt.

299 1859 337 1898 Si
365 1858 474 1909 igitur
494 1857 663 1894 volumus
682 1854 743 1891 illa
765 1853 885 1891 animo
903 1851 1088 1889 revolvere
1107 1880 1117 1900 ,
1140 1859 1174 1887 ct
1193 1864 1259 1903 pro

301 1920 439 1958 viribus
470 1918 601 1956 nostris
624 1915 758 1968 gratias
783 1927 902 1965 agere,
924 1912 1121 1964 poterimus
1146 1911 1260 1949 multo

301 1982 471 2033 majorem
493 1979 591 2016 illius
619 1977 772 2029 gratiam
796 1975 900 2013 nobis
921 1973 1125 2019 conciliare,
1153 1982 1187 2010 et
1215 1972 1261 2010 ad

303 2043 471 2080 virtutem
488 2039 602 2091 magis
617 2038 734 2076 idonei
749 2036 840 2074 fieri.
857 2034 1033 2074 Memoria
1047 2034 1142 2072 enim
1157 2034 1265 2071 bene-

306 2102 472 2141 ficiorum
488 2101 555 2139 Dei
575 2100 755 2138 sufficiens
771 2107 835 2144 est,
859 2111 936 2148 quae
955 2095 1001 2133 ad
1020 2095 1195 2133 virtutum
1211 2095 1263 2132 la-

304 2165 407 2202 bores
428 2178 489 2201 nos
511 2162 733 2209 adhortetur,
756 2168 789 2196 et
812 2166 986 2210 praeparet
1010 2166 1048 2194 ut
1077 2157 1263 2208 praesentia

305 2225 423 2263 omnia
444 2223 697 2275 despiciamus,
710 2228 743 2257 et
762 2228 801 2256 ut
820 2219 851 2256 ei
869 2218 930 2268 qui
956 2226 1051 2255 tanta
1070 2216 1106 2254 in
1125 2231 1188 2255 nos
1201 2217 1263 2255 be-

308 2285 432 2324 noticia
453 2283 622 2329 contulit,
642 2281 908 2325 adhaereamus,
930 2292 1086 2315 amorem
1103 2277 1138 2314 in
1160 2277 1263 2315 illum

307 2345 459 2397 singulis
477 2343 604 2381 diebus
621 2351 766 2379 auctum
787 2339 1007 2377 exhibentes.
1024 2338 1116 2375 Hinc
1135 2338 1264 2376 etenim

308 2408 432 2445 beatus
458 2405 523 2443 iste
541 2413 675 2441 tantam
697 2401 763 2438 Dei
785 2399 937 2451 gratiam
954 2408 986 2436 et
1007 2399 1175 2436 honorem
1196 2399 1263 2436 sibi

308 2467 515 2507 conciliavit
532 2496 542 2515 ,
571 2464 653 2515 quia
676 2463 719 2500 de
740 2461 920 2514 prioribus
940 2460 1071 2512 gratias
1091 2459 1262 2498 reddidit.

308 2531 380 2569 Sed
401 2538 438 2567 ut
460 2525 680 2566 manifestior
702 2523 805 2561 nobis
827 2522 886 2560 ille
908 2536 1023 2559 sermo
1044 2522 1105 2558 liat
1119 2551 1128 2568 ‚
1150 2535 1264 2573 operm

310 2591 465 2644 pretium
488 2597 553 2638 est,
575 2596 613 2624 ut
636 2585 777 2623 initium
805 2598 926 2621 corum
952 2597 1028 2633 qnae
1049 2582 1154 2619 hodie
1176 2582 1265 2619 lecta

310 2661 409 2701 sunt,
436 2649 576 2688 caritati
592 2656 718 2686 vcstrae
736 2657 943 2697 proponam.
968 2645 1058 2681 Nam
1078 2651 1266 2695 postquam

308 2728 353 2751 ex
387 2727 467 2750 arca
492 2709 606 2749 exivit
638 2705 835 2745 secundum
863 2703 1072 2741 mandatum
1103 2704 1263 2753 Domini,

310 2789 391 2812 cum
411 2773 497 2810 filiis
515 2801 526 2821 ,
544 2779 578 2808 et
596 2783 658 2807 sua
683 2780 795 2805 uxore
817 2797 827 2812 ‚
857 2774 890 2803 ct
914 2765 1087 2801 uxoribus
1107 2764 1266 2801 liliorum

311 2849 480 2883 suorum,
505 2842 538 2870 ct
557 2830 724 2869 omnibus
741 2827 824 2865 feris
845 2836 879 2864 et
895 2825 1114 2873 volatilibus,
1139 2834 1171 2862 et
1188 2834 1267 2877 post

312 2911 491 2949 egressum
522 2893 657 2945 accepit
688 2906 707 2929 a
743 2892 818 2928 Deo
848 2888 1134 2926 benedictionem
1167 2888 1266 2925 illam

315 2968 451 2998 tantum
466 2956 532 2995 sibi
554 2955 758 2992 asserentem
778 2950 910 3000 solatii,
932 2949 988 2987 his
1006 2948 1125 2987 verbis
1148 2964 1154 2984 :
1178 2950 1267 2987 Cre-

314 3022 408 3057 scite
427 3027 463 3056 et
481 3014 799 3066 multiplicamini
821 3041 830 3056 ,
854 3010 983 3048 docens
997 3024 1059 3047 nos
1079 3010 1264 3061 Scriptura

309 3080 396 3132 justi
414 3087 554 3130 gratum
582 3075 756 3119 animum,
771 3072 859 3111 dicit
877 3087 884 3108 :
905 3073 968 3110 2²20.
986 3073 1038 3108 Et
1056 3071 1265 3122 (edeficavit

315 3143 398 3179 Noe‘
421 3140 547 3177 altare
568 3138 736 3175 Domino
751 3164 758 3177 ,
785 3142 822 3171 et
850 3135 996 3184 accepit
1019 3133 1066 3169 (le
1088 3134 1266 3169 omnibus

313 3203 511 3255 pecoribus
533 3199 700 3246 mundis,
725 3205 759 3233 el
783 3197 830 3233 de
845 3196 1019 3231 ommibus
1043 3194 1266 3231 volatilibus

317 3264 485 3309 mundis,
502 3270 536 3299 et
553 3259 689 3297 obtulit
708 3257 977 3295 holocaussam
995 3269 1108 3306 super
1122 3255 1261 3292 altare.

318 3326 512 3375 Diligenter
526 3320 705 3360 considera
723 3349 732 3367 ‚
747 3317 927 3355 carissime
941 3347 950 3364 ‚
970 3331 1012 3354 ex
1035 3316 1267 3368 praesentibus

316 3385 432 3424 verbis
446 3415 456 3435 ,
469 3380 647 3435 quomodo
668 3380 701 3418 in
719 3388 843 3418 natura
864 3386 977 3416 nostra
996 3376 1156 3416 omnium
1176 3377 1266 3416 Con-

1302 182 1326 212 A
1334 183 1493 212 RCHIEP
1501 202 1510 211 .
1550 182 1634 211 CON
1641 182 1718 212 STA
1725 183 1796 213 NTI
1803 184 1886 214 NOP
1895 203 1904 212 .

1318 263 1457 301 πάντων
1477 266 1562 314 ἡμῖν
1590 265 1659 302 τῶν
1687 264 2005 316 πλημμελημάτων
2035 264 2100 311 τὴν
2131 262 2339 315 ἀπαλλαγὴν

1319 324 1586 376 δωρησάμενος;
1605 324 1712 363 Ἀλλὰ
1729 326 1763 363 τί
1790 326 1898 373 εἴπω,
1921 325 2054 373 Οὔτε-ἧ
2078 326 2213 364 διάνοια
2240 325 2341 377 ἐξαρ-

1318 391 1373 422 κεῖ
1386 415 1394 431 ,
1411 384 1489 423 οὐδὲ
1507 388 1525 422 ὅ
1542 386 1644 436 λόγος
1663 385 1814 436 ἕξιοχύει
1832 382 1877 423 τᾶ
1895 386 2002 423 λοιπὰ
2028 385 2340 437 ἐξαριθμήσασθαι.

1317 443 1416 483 ‘'Ow
1433 444 1500 497 γὰρ
1526 444 1565 482 ἂν
1589 444 1689 491 εἴπω,
1703 445 1855 483 τοσαῦτά
1871 447 1944 483 ἐστι
1963 445 2007 483 τὰ
2025 446 2188 484 λείποντα
2199 475 2208 491 ,
2225 448 2272 488 ὡς
2285 461 2341 482 νι-

1317 512 1384 557 κᾷν
1406 508 1474 544 τῶν
1498 505 1565 552 ἤδη
1590 505 1761 559 ῥηθέντων
1781 505 1845 551 τὴν
1865 506 2074 556 ὓπερὸολήν.
2091 506 2139 544 Τί
2155 500 2213 544 οὐν
2231 505 2271 542 ἅν
2291 521 2344 548 τις

1319 565 1493 613 ἐννοήσειε
1513 569 1576 612 τῆς
1606 565 1790 617 μετανοίας
1808 564 1872 612 τὴν
1896 565 1973 603 ὁδὸν
1988 596 1997 613 ,
2016 566 2057 612 ἣν
2077 566 2267 618 ἐχαρίσατο
2287 564 2344 602 διὰ

1318 626 1382 675 τὴν
1407 627 1537 680 ἄφατον
1562 629 1666 666 αὐτοῦ
1687 625 2031 680 φιλανθρωπίαν-τῷ
2055 626 2216 679 ἡμετέρῳ
2235 626 2344 677 γένει,

1318 688 1377 726 καὶ
1403 688 1492 738 μετὰ
1517 688 1581 736 τὴν
1602 692 1661 726 τοῦ
1682 688 1926 739 βαπτίσματος
1954 686 2084 739 δωρεὰν
2118 687 2180 729 τὰς
2207 685 2346 728 ἐντολὰς

1317 749 1380 792 τὰς
1399 749 1622 801 θαυμαστὰς,
1644 751 1687 787 δι’
1704 743 1770 795 ῶν,
1792 751 1820 787 εἷ
1843 748 2108 800 βουληθείημεν,
2130 747 2345 798 δυνησόμεθα

1317 810 1380 857 τὴν
1398 813 1481 863 παρ’
1505 813 1607 848 αὐτοῦ
1632 809 1740 862 ῥοπὴν
1762 809 2054 857 ἐπισπάσασθαι,

1371 867 1497 916 Εἶδες,
1520 871 1700 923 ἀγαπητὲ,
1729 871 1880 910 deuo-coxo
1911 873 2134 923 εὐεργεσιῶν,
2165 863 2252 912 εἶδες
2281 868 2344 907 πό-

1320 948 1381 975 σας
1414 933 1766 986 ἀπαριθμησάμενοι,
1798 932 1934 970 οὐδέπω
1969 931 2047 969 οὐδὲ
2083 931 2122 969 τὸ
2157 930 2347 968 πολλοστὸν

1319 994 1426 1031 εἰπεῖν
1459 993 1699 1044 ἠδυνήθημεν;
1736 994 1821 1035 Πῶς
1857 993 1924 1043 γὰρ
1967 991 2167 1043 ἀνθρωπίνη
2209 993 2347 1041 γλῶττα

1321 1053 1506 1099 δυνήσεται
1533 1054 1578 1092 τὰ
1610 1054 1707 1104 παρὰ
1725 1057 1785 1091 τοῦ
1805 1055 1898 1091 Θεοῦ
1933 1055 1980 1096 εἷς
2012 1056 2106 1103 ἡμᾶς
2135 1051 2349 1104 γεγενημένα

1321 1115 1414 1166 λόγῳ
1431 1116 1594 1162 διελθεῖν;
1614 1114 1757 1152 Τούτων
1783 1114 1896 1151 τοίνυν
1913 1113 2086 1151 τοσούτων
2107 1113 2166 1150 καὶ
2188 1113 2350 1159 τηλικού-

1322 1191 1390 1213 των
1413 1175 1519 1213 ὄντων
1534 1206 1543 1223 ,
1563 1174 1667 1212 πάλιν
1692 1176 1813 1227 πολλῷ
1834 1174 1969 1225 μείζους
1990 1175 2049 1212 καὶ
2076 1173 2351 1226 ἀποῤῥητότεραί

1324 1238 1410 1275 εἰσιν
1432 1239 1467 1274 αἱ
1485 1237 1699 1289 εὐεργεσίαι,
1721 1235 1760 1279 ἃς
1782 1236 1871 1286 μετὰ
1886 1235 1948 1282 τὴν
1965 1238 2115 1274 ἐντεῦθεν
2137 1234 2350 1286 μετάστασιν

1325 1300 1358 1336 ἐν
1381 1300 1429 1349 τῷ
1450 1299 1612 1349 μέλλοντι
1634 1300 1735 1335 αἰῶνι
1763 1297 1997 1348 ἐπηγγείλατο
2020 1302 2092 1340 τοῖς
2110 1296 2172 1343 τὴν
2192 1296 2268 1334 ὁδὸν
2289 1298 2352 1342 τῆς

1326 1360 1451 1411 ἀρετῆς
1483 1359 1669 1410 βαδίζουσι.
1702 1359 1770 1396 Καὶ
1801 1359 1858 1397 ἵνα
1887 1359 1933 1396 δι’
1960 1358 2083 1410 ὀλίγων
2109 1357 2274 1412 ῥημάτων
2293 1362 2354 1396 τοῦ

1327 1420 1490 1471 μεγέθους
1523 1422 1633 1458 αὐτῶν
1663 1418 1726 1466 τὴν
1767 1419 1963 1471 ὗπερέολὴν
2002 1424 2086 1470 ἡμῖν
2120 1418 2353 1471 παραστήσῃ,

1327 1482 1430 1544 φησὶν
1454 1485 1471 1519 ὃ
1494 1482 1663 1532 μακάριος
1683 1483 1835 1524 Παῦλος·
1857 1481 1897 1518 Ἃ
1915 1481 2091 1533 ὀφθαλμὸς
2107 1483 2169 1518 οὐκ
2189 1475 2274 1528 εἶδε,
2293 1480 2354 1518 καὶ

1327 1546 1383 1586 οὖς
1402 1544 1464 1581 οὐκ
1476 1543 1603 1589 ἤκουσε
1616 1573 1626 1590 ,
1641 1542 1700 1579 καὶ
1716 1542 1774 1580 ἐπὶ
1789 1542 1936 1595 καρδίαν
1953 1542 2134 1593 ἀνθρώπου
2153 1544 2214 1580 οὐκ
2232 1541 2353 1589 ἅνέίῗη,

1328 1604 1349 1641 ἃ
1370 1603 1558 1654 ἡτοίμασεν
1577 1607 1595 1642 ὁ
1615 1604 1704 1647 Θεὸς
1722 1609 1792 1646 τοῖς
1820 1604 2002 1655 ἀγαπῶσιν
2022 1602 2136 1641 αὐτόν.
2164 1597 2264 1646 Εἶδες
2288 1604 2354 1640 δω-

1330 1668 1413 1716 ρεῶν
1449 1663 1668 1717 ὑπερὸολῆν,
1703 1659 1788 1707 εἶδες
1818 1671 1934 1702 πᾶσαν
1971 1664 2104 1701 ἔννοιαν
2135 1663 2354 1715 ἀνθρωπίνην

1329 1725 1603 1777 ὕπερὸαινούσας
1637 1727 1740 1763 αὐτοῦ
1772 1724 1834 1769 τὰς
1864 1724 2070 1777 εὐεργεσίας·
2093 1724 2176 1762 Ἐπὶ
2207 1724 2355 1776 καρδίαν

1329 1786 1397 1838 γὰρ
1426 1786 1551 1838 φησὶν,
1578 1785 1760 1838 ἀνθρώπου
1790 1787 1852 1824 οὐκ
1884 1785 2002 1832 &vig-q.
2025 1786 2109 1824 Ἐὰν
2135 1784 2246 1822 τοίνυν
2275 1788 2357 1836 βου-

1330 1847 1473 1898 λώμεθα
1493 1847 1621 1891 ταύτας
1641 1847 1923 1898 ἀναλογίζεσθαι,
1943 1848 2002 1885 καί
2021 1847 2082 1893 τὴν
2103 1847 2191 1884 κατὰ
2209 1847 2355 1897 δύναμιν

1331 1908 1393 1956 τὴν
1420 1909 1593 1960 ’ἡμετέραν
1624 1909 1847 1961 εὐχαριστίαν
1867 1910 2010 1953 ποιῆσαι
2026 1939 2035 1955 ,
2057 1908 2272 1958 δυνησόμεθα
2293 1907 2357 1955 τὴν

1333 1970 1438 2009 αὐτοῦ
1454 1970 1586 2008 εὔνοιαν
1604 1970 1662 2008 ἐπὶ
1681 1970 1785 2008 πλέον
1802 1969 2082 2013 ἐπισπάσασθαι,
2106 1969 2165 2007 καὶ
2190 1969 2275 2021 πρὸς
2293 1971 2356 2016 τὴν

1333 2030 1458 2083 ἀρετὴν
1490 2033 1622 2080 μᾶλλον
1648 2032 1875 2082 διεγερθῆναι.
1900 2029 1945 2068 ‘H
1973 2029 2040 2081 γὰρ
2061 2033 2128 2067 τῶν
2155 2031 2356 2083 εὐεργεσιῶν

1334 2091 1456 2142 μνήμη
1484 2090 1586 2138 ἱκανὴ
1618 2091 1882 2144 προτρέψασθαι
1914 2091 1999 2142 πρὸς
2029 2090 2106 2134 τοὺς
2139 2093 2201 2136 ‘ti-{3
2232 2092 2358 2142 ἀρετῆς

1333 2153 1474 2200 πόνους,
1509 2152 1568 2190 καὶ
1601 2152 1868 2205 παρασκευάσαι
1901 2152 2040 2190 πάντων
2080 2153 2253 2203 ὑπεριδεῖν
2287 2154 2356 2189 τῶν

1333 2213 1533 2265 παρόντων,
1553 2213 1613 2251 καὶ
1634 2214 1718 2266 πρὸς
1732 2214 1788 2252 τὸν
1809 2217 1962 2252 τοσαῦτα
1980 2213 2229 2265 εὐεργετηκότα
2250 2229 2359 2264 κεγη-

1334 2275 1427 2312 νέναι
1441 2305 1450 2321 ,
1482 2274 1542 2311 καὶ
1575 2274 1632 2312 τὸν
1668 2274 1747 2325 περὶ
1782 2276 1882 2312 αὐτὸν
1913 2274 2017 2312 πόθον
2051 2273 2252 2323 ἀκμάζοντα
2280 2259 2359 2310 καθ’

1335 2335 1487 2381 ἑκάστην
1515 2334 1649 2386 ἡμέραν
1676 2335 1944 2373 ἐπιδείκνυσθαι.
1966 2336 2147 2372 Ἰίντεῧθεν
2169 2333 2236 2386 γὰρ
2256 2333 2315 2371 καὶ
2342 2334 2360 2369 ὁ

1335 2398 1465 2440 ’δίκαιος
1484 2391 1581 2440 οὗτος
1600 2396 1770 2443 τοσαύτης
1789 2397 1971 2443 ἀπηλαυσε
1994 2399 2055 2442 τ’ῆς
2084 2397 2212 2433 ἄνωθεν
2230 2394 2360 2437 εὐνοίας

1335 2459 1394 2497 καὶ
1416 2461 1478 2504 τῆς
1497 2461 1621 2510 τιμῆς,
1639 2457 1758 2504 ἐπειδὴ
1783 2458 1916 2504 πολλὴν
1946 2457 2033 2511 ὑπὲρ
2059 2461 2127 2496 τῶν
2155 2456 2359 2509 φθασάντων

1334 2519 1398 2566 τὴν
1431 2518 1694 2570 εὐγνωμοσύνην
1724 2519 1934 2563 ἐπεδείξατο.
1961 2521 2051 2558 Ἀλλ’
2070 2518 2128 2557 ἵνα
2150 2517 2360 2570 σαφέστερος

1335 2585 1420 2631 ἡμῖν
1437 2584 1454 2618 ὁ
1473 2581 1572 2632 λόγος
1589 2578 1754 2630 γένηται,
1775 2580 1882 2626 αὐτὴν
1902 2580 1964 2627 τὴν
1986 2579 2098 2631 ἀρχὴν
2119 2582 2187 2617 τῶν
2208 2579 2359 2630 σήμερον

1336 2641 1603 2692 ἀνεγν(ι.“σμε’νιι)ν
1624 2644 1812 2691 ἀναγκαῖον
1833 2645 2011 2692 προθεῖναι
2030 2640 2086 2678 ἐπὶ
2105 2642 2167 2685 τῆς
2191 2639 2362 2692 ὑμετέρας

1337 2703 1487 2754 ἀγάπης.
1509 2702 1656 2750 Ἐπειδὴ
1683 2702 1750 2754 γὰρ
1770 2702 1910 2748 ἐξῆλθεν
1943 2704 1983 2739 ἐκ
2001 2705 2063 2748 τῆς
2091 2701 2241 2739 met->105
2270 2700 2362 2738 κατὰ

1336 2764 1376 2802 τὸ
1393 2764 1605 2816 πρόσταγμα
1622 2767 1680 2802 τοῦ
1697 2762 1875 2801 Δεσπότου
1888 2793 1897 2810 ,
1914 2762 2002 2813 μετὰ
2019 2765 2087 2801 τῶν
2104 2766 2200 2810 υἱῶν,
2223 2762 2282 2800 καὶ
2298 2764 2362 2807 τῆς

1337 2827 1459 2863 ἑαυτοῦ
1497 2825 1679 2875 γυναικὸς,
1712 2823 1771 2861 καὶ
1802 2827 1974 2874 γυναικῶν
2010 2827 2079 2862 τῶν
2111 2824 2268 2870 παίδων,
2302 2823 2363 2861 καὶ

1337 2887 1477 2924 πάντων
1500 2890 1568 2924 τῶν
1595 2885 1723 2937 θηρίων
1755 2885 1814 2923 καὶ
1843 2888 1911 2923 τῶν
1932 2888 2116 2931 πετεινῶν,
2137 2885 2196 2923 καὶ
2223 2883 2362 2928 ἐδέξατο

1338 2947 1434 2999 παρὰ
1464 2953 1524 2986 τοῦ
1544 2950 1636 2985 (θεοῦ
1665 2946 1753 2998 μετὰ
1780 2948 1842 2991 τῆς
1870 2945 1982 2990 ἐξόδου
2013 2946 2072 2984 καὶ
2106 2946 2170 2992 τὴν
2203 2946 2362 2997 εὐλογίαν

1338 3009 1472 3056 ἐκείνην
1499 3009 1562 3055 τὴν
1594 3008 1727 3053 πολλὴν
1759 3010 1853 3059 αὐτῶ
1884 3007 2108 3059 παραμυθίαν
2139 3006 2362 3056 κομίζουσαν,

1339 3069 1400 3116 την
1414 3070 1596 3120 λέγουσαν,
1617 3068 1809 3112 Αὐξάνεσθε
1826 3069 1884 3106 καὶ
1906 3067 2132 3114 πληθύνεσθε,
2151 3067 2361 3105 διδάσκουσα

1339 3135 1432 3181 ἡμᾶς
1451 3135 1472 3177 ἢ
1494 3131 1567 3168 θεία
1598 3129 1720 3183 spuisse->3
1753 3133 1812 3167 τοῦ
1844 3129 1977 3167 δικαίου
2003 3128 2066 3174 τὴν
2098 3128 2360 3180 εὐγν(ι)μοσύνην

1340 3191 1447 3243 φησί·
1473 3191 1541 3229 Καὶ
1561 3191 1763 3243 ᾠκοδόμησε
1785 3192 1863 3228 Νῶε
1885 3190 2125 3241 θυσιαστήριον
2153 3192 2201 3242 τῷ
2225 3189 2361 3241 Κυρίῳ,

1340 3253 1398 3290 καὶ
1418 3253 1541 3290 ἔλαθεν
1564 3253 1632 3290 απὸ
1661 3252 1800 3290 πάντων
1829 3254 1897 3289 τῶν
1924 3254 2058 3297 κτηνῶν
2079 3253 2146 3288 τῶν
2178 3251 2337 3301 καθαρῶν
2352 3279 2360 3293 ,

1341 3315 1398 3352 καὶ
1431 3314 1500 3352 ἀπὸ
1528 3315 1668 3352 πάντων
1698 3315 1765 3351 τῶν
1795 3316 1961 3351 πετεινῶν
1996 3316 2063 3351 τῶν
2095 3315 2276 3363 καθαρῶν,
2302 3313 2359 3348 καὶ

1343 3376 1527 3425 ἀνήνεγκεν
1550 3375 1791 3427 ὃλοκάρπ(ι)σιν
1811 3375 1869 3412 ἐπὶ
1887 3375 1926 3412 τὸ
1945 3373 2203 3426 θυσιαστήριον.
2229 3372 2358 3411 Σκόπει
