2516 3791
142 301 285 330 Dominus

301 141 393 199 458

298 253 412 291 posse,
422 241 610 293 omniaque
623 244 653 281 ei
667 257 805 281 cessura
817 253 850 282 et
862 245 1143 296 obtemperatura
1156 258 1242 282 esse.

299 301 392 338 Nam
406 301 487 351 qnia
503 303 678 341 Dominus
697 313 747 341 est
763 313 896 341 naturae
912 313 945 341 et
962 304 1108 355 Opifex,
1132 312 1243 354 potest

99 350 193 378 potest
236 342 285 370 illa
337 363 344 369 .

99 383 167 410 «lare
224 394 286 420 qum

97 433 184 459 supra
201 432 286 452 natu-

98 474 159 492 ram
176 473 254 494 sunt.

299 371 405 400 etiam
425 362 510 400 dare
528 378 565 401 ea
585 378 662 414 quae
682 378 787 414 supra
812 373 975 400 naturam
994 372 1086 401 sunt.
1109 365 1161 401 Ne
1180 363 1242 415 igi-

301 433 359 462 tur
377 424 422 462 ad
440 425 620 477 propriam
637 423 914 462 imbellicitatem
930 424 1165 476 respicientes,
1185 438 1245 462 cu-

297 485 427 523 riosius
446 500 524 536 qua¹
543 499 560 522 a
587 486 661 522 Deo
688 484 780 522 fiunt
805 484 1038 535 inquiramus,
1065 500 1179 538 neque
1201 485 1248 524 ad

298 555 431 584 naturae
462 545 620 582 ordinem
650 543 878 595 intendentes,
911 556 1064 585 mentem
1103 547 1245 587 divida-
1270 560 1294 590 D

298 621 376 644 mus
392 622 400 641 :
415 605 476 643 sed
496 605 587 643 sieut
606 605 695 656 grati
714 605 853 656 famuli,
868 606 1077 646 immensam
1096 609 1245 648 Domini

296 666 406 704 nostri
426 666 621 718 potentiam
639 680 708 704 non
728 666 940 719 ignorantes,
962 669 1148 709 credamus
1168 671 1243 724 ejus

294 727 600 780 promissionibus,
627 737 666 766 ut
688 729 854 768 humanis
880 730 1019 769 viribus
1045 732 1243 784 superiores

293 789 389 839 facti,
407 790 581 842 promissa
596 803 825 841 assequamur
839 791 995 842 omnino,
1009 801 1041 830 et
1059 793 1135 845 ejus
1149 794 1244 832 frua-

293 864 375 888 mur
407 850 662 902 benevolentia,
689 865 730 889 ac
763 866 828 904 pro
854 861 974 891 nostro
1001 853 1101 892 virili
1124 855 1241 893 Deum

291 925 432 963 quoque
452 913 648 951 timeamus.
669 913 850 952 Maximus
869 914 964 952 enim
980 914 1039 952 hic
1053 924 1104 953 est
1124 925 1242 954 noster

291 972 415 1020 honos,
439 987 542 1024 quem
560 974 686 1011 offerre
705 988 910 1030 possumus,
927 984 967 1013 ut
988 975 1114 1015 virtuti
1128 977 1240 1029 ipsius

291 1033 460 1085 fidamus,
476 1034 613 1072 etiamsi
629 1035 763 1073 carneis
781 1035 894 1075 oculis
903 1050 982 1087 quae
1001 1045 1082 1075 sunt
1102 1046 1240 1076 contra-

292 1095 342 1132 ria
357 1095 554 1134 videamus.
574 1096 621 1134 Et
637 1096 725 1149 quid
740 1097 940 1149 admiraris,
959 1099 989 1137 si
1005 1098 1099 1151 apud
1121 1101 1240 1139 Deum

290 1156 402 1194 honor
427 1158 471 1195 sit
490 1158 669 1196 maximus
687 1173 756 1197 non
777 1158 969 1199 dubitare?
990 1161 1110 1202 Etiam
1140 1163 1237 1216 apud

289 1218 462 1267 homines,
483 1233 563 1257 cum
580 1219 667 1271 quid
690 1234 735 1258 ex
753 1221 810 1260 his
832 1221 941 1260 fluxis
967 1232 1000 1261 ct
1019 1226 1235 1277 corruptioni

288 1280 452 1318 obnoxiis
467 1281 573 1319 rebus
589 1281 691 1319 nobis
707 1282 942 1334 promittitur,
963 1283 992 1322 si
1012 1298 1076 1323 nos
1091 1285 1136 1324 de
1154 1301 1236 1339 pro-

288 1341 404 1379 missis
432 1356 502 1380 non
533 1343 749 1393 dubitemus,
781 1344 843 1382 sed
877 1345 1096 1397 promittenti
1128 1347 1236 1387 fidem

286 1399 506 1451 habeamus,
532 1400 570 1438 id
596 1402 755 1440 maximo
788 1402 915 1441 honori
944 1403 1109 1454 ducitur,
1140 1408 1236 1458 quod

286 1474 412 1513 nempe
436 1476 503 1500 non
529 1461 750 1511 dubitemus,
772 1463 833 1502 sed
855 1465 1040 1517 promissis
1062 1466 1230 1507 fidamus.

284 1522 435 1569 Quodsi
460 1524 528 1561 hoc
556 1524 591 1562 in
612 1524 832 1574 hominibus,
849 1525 911 1576 qui
941 1535 1013 1564 tam
1028 1528 1150 1567 crebro
1177 1530 1235 1569 vel

284 1593 479 1633 mutantur,
510 1585 564 1623 vel
598 1586 644 1622 ob
675 1585 918 1625 infirmitatem
946 1598 1113 1639 praestare
1141 1590 1232 1628 nibil

282 1645 425 1682 valent:
450 1646 593 1695 quando
621 1647 736 1698 magis
768 1647 1020 1700 omnipotentis
1056 1650 1123 1688 Dei
1151 1666 1233 1703 pro-

281 1705 398 1743 missis
413 1706 554 1744 crcdere
567 1707 749 1758 debemus,
767 1708 905 1746 etiamsi
919 1709 1061 1748 interim
1078 1711 1232 1750 multum

280 1767 448 1819 temporis
466 1768 675 1807 interfluat?
691 1769 777 1807 Haec
796 1779 915 1808 autem
935 1785 955 1809 a
974 1786 1031 1810 me
1049 1786 1143 1811 nunc
1162 1787 1232 1813 non

279 1828 412 1879 absque
431 1843 535 1867 causa
554 1829 650 1868 dicta
671 1840 764 1880 sunt,
791 1831 852 1869 sed
876 1841 915 1869 ut
934 1832 1024 1871 scire
1039 1834 1230 1887 possimus,

280 1904 360 1928 cum
378 1891 578 1929 venerimus
593 1891 639 1929 ad
652 1892 870 1946 principium
886 1907 1008 1932 eorum
1028 1909 1107 1946 quae
1124 1895 1232 1934 hodie

280 1952 382 1989 nobis
411 1961 491 1990 sunt
518 1953 712 2004 proposita,
732 1954 910 2005 quomodo
938 1956 1115 2008 benignus
1133 1958 1230 1996 Deus

279 2013 400 2050 volens
428 2012 525 2065 apud
559 2028 679 2052 omncs
709 2015 865 2053 nobilem
902 2015 1047 2055 reddere
1078 2017 1230 2070 patriar-

281 2074 398 2118 cham,
414 2083 464 2111 tot
478 2075 580 2112 annis
598 2077 884 2127 procrastinavit,
906 2088 940 2116 et
953 2079 1095 2116 interim
1110 2080 1230 2132 justus

280 2149 349 2173 non
367 2149 458 2186 crgre
479 2137 622 2186 serebat,
649 2151 718 2174 non
741 2138 786 2175 ob
810 2137 1081 2178 diuturnitatem
1114 2150 1228 2193 torpe—

280 2197 408 2243 scebat,
426 2210 487 2234 nec
509 2197 730 2249 desperabat,
752 2198 814 2237 scd
835 2200 927 2237 bona
947 2215 1009 2252 spe
1033 2211 1227 2252 vegetatus,

280 2257 485 2307 religiosum
504 2258 663 2296 animum
684 2259 719 2296 in
745 2259 910 2298 omnibus
932 2275 1004 2313 prae
1027 2275 1063 2299 se
1082 2262 1226 2301 ferebat.

279 2318 441 2355 Sciemus
466 2328 582 2356 autem
601 2318 738 2370 liquido
764 2333 905 2358 omnem
928 2321 1136 2373 patriarchae
1155 2323 1228 2361 ἡν-

280 2388 403 2427 tutem‚
423 2380 450 2416 si
477 2379 708 2418 didicerimus
727 2390 901 2432 quantum
930 2382 1061 2421 interea
1089 2393 1228 2436 tempus

279 2441 439 2493 elapsum
461 2442 581 2479 suerit.
606 2442 731 2480 Omnia
751 2443 844 2481 enim
864 2443 988 2481 beatus
1015 2446 1130 2483 Moses
1149 2446 1228 2497 Spi-

278 2501 349 2539 ritu
370 2511 488 2539 sancto
507 2503 648 2541 afflatus
661 2503 754 2541 clare
767 2503 922 2543 docebit.
939 2505 1035 2553 Quid
1057 2506 1168 2557 igitur
1183 2507 1226 2545 il-

278 2563 310 2600 lc
330 2562 448 2601 dicit?
482 2563 614 2603 hiando
637 2564 796 2604 obedivit
819 2566 986 2605 mandato
1006 2568 1085 2618 Dei,
1108 2577 1140 2607 et
1159 2569 1227 2607 mi-

278 2637 383 2673 grans
399 2640 417 2662 a
437 2626 608 2676 Chai-ran,
628 2626 663 2664 in
683 2626 919 2666 Chananaeam
944 2629 1135 2677 contendit,
1162 2644 1226 2668 an—

278 2700 404 2723 norum
429 2698 502 2725 crat
526 2688 746 2740 septuaginta
769 2689 937 2740 quinque.
960 2689 1007 2727 Et
1039 2690 1159 2729 statim
1187 2699 1225 2728 ut

278 2746 372 2792 venit
395 2747 428 2784 in
460 2748 715 2797 Cliananceam,
750 2750 926 2788 Dominus
953 2751 1117 2802 promisit
1140 2753 1170 2790 ei
1193 2762 1226 2791 et

276 2807 399 2845 semini
417 2810 493 2860 ejus
511 2810 680 2849 daturum
701 2825 737 2849 se
755 2825 895 2850 omnem
916 2821 1057 2862 terram,
1074 2823 1107 2851 et
1128 2824 1224 2853 tanto

276 2883 423 2907 numero
453 2871 794 2923 multiplicaturum,
813 2883 852 2911 ut
878 2873 1136 2914 innumerabile
1161 2877 1223 2915 siat

275 2930 366 2968 sicut
385 2946 488 2969 arena
509 2942 540 2970 et
558 2934 676 2972 stellae.
696 2934 742 2972 Et
757 2944 835 2987 post
845 2936 1113 2988 promissionem
1131 2937 1224 2976 hane

276 2992 385 3029 multa
411 2993 548 3031 interim
578 2995 779 3033 acciderunt
800 2997 910 3048 justo,
930 3011 1056 3050 nempe
1079 2997 1222 3037 descen-

274 3066 333 3089 sus
354 3053 387 3090 in
411 3053 606 3106 [Egyptum
635 3066 777 3108 propter
798 3058 940 3107 famem,
965 3068 1087 3111 raptus
1111 3061 1219 3110 Sarae,

273 3123 305 3152 ct
324 3115 441 3152 statim
464 3116 584 3153 divina
617 3117 851 3168 providentia.
881 3119 1013 3158 Iterum
1033 3129 1110 3173 post
1127 3121 1220 3159 redi-

272 3185 347 3213 tum
367 3176 413 3213 ab
434 3176 601 3228 sl⁴1gypt‹)‚
617 3178 684 3215 alia
705 3181 885 3218 occasione
899 3182 994 3220 Sarae
1010 3182 1176 3221 molestiae
1195 3197 1216 3221 a

268 3250 348 3286 rege
368 3238 597 3285 Gerarorum,
614 3248 642 3276 ct
661 3240 777 3277 statim
794 3257 811 3278 a
830 3243 902 3279 Deo
921 3243 1131 3281 subsidium.
1154 3246 1217 3282 Ai-

265 3312 331 3348 que
358 3299 432 3336 luce
466 3299 531 3336 sibi
562 3300 751 3338 accidentia
787 3304 904 3341 omnia
938 3304 1062 3342 tideus
1092 3306 1213 3357 justus

1244 1986 1291 2011 396

719 161 756 191 S.
794 163 982 194 JOANNIS
1016 163 1259 194 CHRYSOST.
1300 164 1505 194 ARCHIEP.
1545 165 1908 198 CONSTANTINOP-

1319 259 1378 282 νου
1398 246 1438 284 τὸ
1457 246 1654 299 εὐμήχανον
1674 249 1733 286 καὶ
1763 249 1827 296 τὴν
1856 251 1994 302 ἄμαχον
2022 251 2179 301 δύναμιν,
2202 254 2261 291 καὶ
2291 255 2344 292 ὅτι

1320 305 1461 344 ἐπειδὰν
1495 310 1648 360 βουληθῇ
1677 312 1724 352 εἷς
1751 310 1850 362 ἔργον
1887 314 2029 363 ἀγαγεῖν
2064 313 2107 351 τὰ
2132 314 2344 364 δεδογμένα,

1320 365 1436 404 πάντα
1455 368 1539 406 εἴκει
1555 368 1615 406 καὶ
1630 377 1850 423 παραχωρεῖ.
1875 372 2021 420 Ἐπειδὴ
2037 374 2105 426 γὰρ
2125 374 2251 426 Κύριός
2267 377 2344 413 ἐστι

1320 429 1383 473 τῆς
1408 427 1542 480 φύσεως
1566 430 1626 467 καὶ
1661 431 1890 483 δημιουργὸς,
1919 434 2062 472 δυνατὸν
2092 436 2186 487 αὐτῷ
2213 435 2272 473 καὶ
2302 436 2347 474 τὰ

1320 488 1408 541 ὑπὲρ
1444 489 1508 537 τὴν
1540 490 1641 542 φύσιν
1676 491 1911 543 δωρήσασθαι.
1932 493 1995 540 Μὴ
2027 494 2140 532 τοίνυν
2171 495 2256 547 πρὸς
2282 496 2345 542 τὴν

1320 550 1449 588 οἰκείαν
1481 551 1658 589 ἀσθένειαν
1694 553 1890 604 ἀφορῶντες
1918 556 2267 607 πολυπραγμονῶμεν
2304 557 2347 594 τὰ

1317 611 1414 663 παρὰ
1434 617 1494 651 τοῦ
1513 615 1606 652 Θεοῦ
1639 613 1824 664 γινόμενα,
1858 614 1947 665 μηδὲ
1981 616 2066 668 πρὸς
2095 616 2159 663 τὴν
2196 618 2347 669 φυσικὴν

1317 674 1521 713 ἀκολουθίαν
1563 675 1821 719 ἀποὸλέποντες
1852 676 2026 729 σχίζωμεν
2061 677 2118 716 τὸν
2163 679 2346 730 λογισμὸν,

1317 735 1408 773 ἀλλὰ
1430 735 1588 789 καθάπερ
1607 736 1821 788 εὐγνώμονες
1848 738 1999 785 οἰκέται,
2018 739 2146 783 εἰδότες
2171 743 2231 778 τοῦ
2257 743 2348 792 ἡμε-

1315 795 1415 848 τέρου
1449 797 1629 836 Δεσπότου
1657 798 1722 845 τὴν
1765 798 2053 850 ὑπερὸάλλουσαν
2090 800 2250 851 δύναμιν,
2283 818 2345 840 πι-

1316 857 1493 908 στεύωμεν
1513 860 1618 897 αὐτοῦ
1636 864 1711 902 ταῖς
1730 859 1977 911 ὑποσχέσεσιν,
1990 862 2049 899 καὶ
2067 861 2234 913 ἀνώτεροι
2245 862 2347 913 γινώ-

1317 922 1406 967 μεθα
1421 921 1486 965 τῆς
1501 923 1649 972 φυσικῆς
1662 921 1839 964 ἀσθενείας
1849 952 1858 969 ,
1878 922 1934 960 ἵνα
1947 921 2006 960 καὶ
2021 924 2089 960 τῶν
2109 923 2346 974 ἐπαγγελθέν-

1314 993 1382 1016 των
1402 979 1662 1031 ἕπιτευξώμεθα
1675 1010 1684 1027 ,
1705 981 1764 1019 καὶ
1781 984 1843 1028 τῆς
1862 984 1946 1034 παρ’
1968 985 2071 1022 αὐτοῦ
2085 984 2342 1036 ἀπολαύσωμεν

1313 1040 1539 1089 εὐνοίας,καὶ
1564 1043 1655 1080 κατὰ
1683 1041 1828 1093 δύναμιν
1853 1043 2027 1096 ἡμετέραν
2055 1045 2259 1096 τιμήσωμεν
2283 1045 2342 1084 τον

1313 1102 1416 1141 Θεόν.
1436 1102 1597 1154 Μεγίστη
1618 1103 1685 1155 γὰρ
1707 1103 1795 1149 αὕτη
1812 1104 1899 1154 τιμὴ
1919 1107 2003 1156 παρ’
2025 1107 2126 1155 ἡμῶν
2151 1108 2199 1149 εἷς
2223 1107 2342 1153 αὐτὸν,

1312 1163 1351 1201 τὸ
1371 1167 1506 1217 θαῤῥεῖν
1534 1166 1638 1202 αὐτοῦ
1658 1167 1701 1216 τῇ
1731 1164 1894 1215 δυνάμει,
1915 1163 1980 1202 κᾶν
2005 1166 2144 1204 ἐναντία
2162 1161 2184 1219 ᾗ
2204 1167 2248 1205 τὰ
2273 1173 2345 1211 τοῖς

1311 1225 1501 1277 ὀφθαλμοῖς
1515 1228 1578 1272 τῆς
1599 1225 1726 1278 σαρκὸς
1747 1224 1918 1277 ὁρώμενα.
1939 1226 2011 1264 Καὶ
2030 1226 2065 1264 τί
2083 1228 2291 1278 θαυμάζεις,
2312 1230 2343 1266 εἷ

1313 1286 1369 1324 ἐπὶ
1385 1288 1478 1325 Θεοῦ
1513 1287 1662 1339 μεγίστη
1694 1286 1768 1325 ἐστὶ
1801 1286 1912 1337 τιμὴ,
1932 1287 1971 1326 τὸ
2002 1287 2051 1338 μὴ
2081 1289 2338 1341 &pergamam

1312 1348 1382 1386 Καὶ
1401 1349 1458 1387 ἐπὶ
1477 1351 1546 1387 τῶν
1566 1351 1752 1399 ὁμογενῶν,
1775 1348 1915 1387 ἐπειδὰν
1945 1352 2030 1399 ἡμῖν
2061 1350 2288 1403 ὑπόσχωνταί
2306 1367 2341 1389 τι

1311 1411 1380 1448 τῶν
1413 1410 1592 1463 ἐπικήριον
1612 1409 1744 1448 τούτων
1766 1409 1823 1448 καὶ
1851 1412 2012 1462 φθαρτῶν
2042 1412 2276 1463 πραγμάτων,
2301 1413 2342 1450 ἂν

1311 1470 1360 1521 μὴ
1389 1471 1683 1524 ἀμφιὸάλλωμεν,
1714 1470 1804 1510 ἀλλὰ
1838 1471 2067 1525 θαρρήσωμεν
2101 1476 2151 1526 τῷ
2182 1476 2341 1527 ὑποσχο-

1310 1530 1404 1583 μένῳ
1416 1562 1426 1580 ,
1446 1539 1515 1575 πᾶς
1534 1548 1586 1576 τις
1605 1535 1719 1571 αὐτῶν
1747 1531 1914 1583 μεγίστην
1941 1532 2072 1580 ταύτην
2095 1537 2231 1585 ἡγεῖται
2250 1551 2341 1574 τετι-

1310 1594 1442 1641 μῆσθαι
1457 1593 1577 1643 τιμὴν,
1597 1593 1638 1631 τὸ
1656 1592 1704 1644 μὴ
1726 1592 1906 1631 ἐνδοιάσαι
1935 1593 2096 1640 δηλονότι
2117 1597 2228 1645 ἡμᾶς,
2250 1596 2341 1635 ἀλλὰ

1306 1654 1480 1705 θαῤῥῆσαι
1498 1656 1604 1692 αὐτοῦ
1630 1659 1706 1697 ταῖς
1731 1653 1979 1705 ὑποσχέσεσιν.
1997 1656 2041 1692 Εἰ
2061 1654 2174 1693 τοίνυν
2199 1657 2259 1694 καὶ
2278 1659 2335 1695 ἐπ’

1307 1713 1497 1766 ἀνθρώπων
1516 1713 1618 1752 τοῦτό
1642 1716 1718 1752 ἐστι
1733 1716 1802 1752 τῶν
1831 1714 1890 1752 καὶ
1913 1714 2230 1765 μεταὸαλλομένων
2250 1720 2335 1756 πολ-

1305 1775 1424 1822 λάκις,
1444 1775 1466 1822 ἦ
1487 1777 1530 1813 δι’
1558 1775 1737 1814 ἀσθένειαν
1757 1775 1806 1826 μὴ
1834 1775 2035 1826 δυναμένων
2055 1778 2102 1820 εἷς
2129 1777 2228 1829 ἔργον
2250 1779 2338 1829 ἄγα-

1305 1842 1377 1888 γεῖν
1393 1835 1436 1874 τὰ
1456 1836 1622 1883 δόξαντα,
1641 1838 1762 1888 πολλῷ
1788 1837 1921 1887 μᾶλλον
1954 1836 2012 1874 ἐπὶ
2039 1841 2099 1875 τοῦ
2121 1839 2214 1875 Θεοῦ
2243 1838 2338 1890 ὀφεί-

1305 1899 1410 1949 λομεν
1431 1900 1535 1937 αὖτοῦ
1556 1901 1693 1951 θαρρεῖν
1710 1902 1752 1950 τῇ
1781 1897 1974 1950 ἐπαγγελίᾳ
1988 1929 1997 1945 ,
2017 1897 2080 1936 κᾶν
2113 1900 2151 1936 ἐν
2170 1901 2220 1951 τῷ
2242 1898 2339 1952 μέσῳ

1305 1958 1414 2003 πολὺς
1431 1959 1575 2012 γένηται
1591 1959 1725 2012 χρόνος.
1746 1960 1872 1998 Ταῦτα
1899 1958 1936 1996 δέ
1962 1974 2020 2008 μοι
2040 1963 2098 1997 νῦν
2126 1961 2191 2011 οὐχ
2219 1960 2339 2004 ἁπλῶς

1305 2019 1460 2072 εἴρηται,
1481 2022 1557 2059 ἀλλ’
1576 2020 1631 2058 ἵνα
1653 2020 1778 2058 εἰδέναι
1811 2018 1965 2072 ἔχωμεν,
1984 2018 2065 2057 ὅταν
2092 2019 2246 2070 ἔλθωμεν
2280 2021 2339 2059 ἐπὶ

1304 2082 1367 2128 τὴν
1388 2081 1500 2134 ἀρχὴν
1524 2085 1593 2120 τῶν
1630 2081 1783 2133 σήμερον
1815 2084 1899 2131 ἡμῖν
1927 2080 2180 2132 προτεθέντων,
2200 2081 2294 2126 ὅπως
2321 2085 2339 2121 ὃ

1304 2143 1544 2195 φιλάνθρωπος
1563 2144 1652 2186 Θεὸς
1675 2142 1882 2193 βουλόμενος
1898 2142 2028 2179 ἅπασιν
2047 2142 2220 2192 ἐπίσημον
2233 2146 2334 2189 ποιῆ-

1305 2219 1363 2240 σαι
1379 2205 1436 2243 τὸν
1461 2203 1697 2256 πατριάρχην,
1718 2202 1776 2240 ἐπὶ
1795 2201 1968 2240 τοσούτων
1989 2203 2076 2240 ἐτῶν
2103 2202 2251 2254 ἀριθμὸν
2272 2203 2335 2251 τὴν

1304 2264 1432 2302 οἰκείαν
1458 2265 1694 2303 ἐπιδείκνυται
1715 2261 1973 2315 μακροθυμίαν,
2006 2262 2066 2300 καὶ
2095 2265 2113 2300 ὃ
2135 2263 2268 2307 δίκαιος
2295 2262 2333 2302 οὐ

1303 2325 1542 2377 δυσχεραίνει,
1571 2327 1608 2364 οὗ
1641 2332 1752 2377 ναρκᾷ
1781 2324 1866 2375 πρὸς
1894 2323 1933 2361 τὸ
1953 2325 2081 2373 μῆκος,
2112 2325 2174 2361 οὐκ
2194 2326 2329 2376 ἀπαγο-

1305 2386 1411 2439 ρεύει,
1429 2387 1519 2426 ἀλλὰ
1537 2392 1612 2430 ταῖς
1629 2391 1800 2438 χρησταῖς
1820 2384 1936 2422 ἐλπίσι
1964 2384 2174 2436 τρεφόμενος
2194 2384 2259 2431 τὴν
2279 2401 2335 2437 φι-

1301 2448 1418 2487 λόθεον
1438 2450 1542 2487 αὐτοῦ
1566 2447 1708 2500 γνώμην
1738 2446 1794 2485 διὰ
1823 2445 1963 2484 πάντων
1993 2446 2244 2484 ἐπιδείκνυται.
2266 2448 2330 2485 Εἷ-

1302 2510 1432 2561 σόμεθα
1470 2510 1505 2548 δὲ
1544 2509 1698 2562 ἀκριὸῶς
1727 2509 1868 2546 ἅπασαν
1907 2509 1967 2545 τοῦ
2005 2506 2226 2559 πατριάρχου
2269 2508 2333 2555 τὴν

1300 2572 1439 2624 ἀρετὴν,
1460 2571 1519 2610 ἐὰν
1538 2571 1704 2622 μάθωμεν
1721 2569 1827 2613 πόσος
1847 2567 1977 2619 μεταξὺ
1998 2568 2177 2619 διαγέγονε
2197 2569 2330 2621 χρόνος.

1299 2634 1423 2671 Πάντα
1444 2633 1511 2685 γὰρ
1538 2637 1631 2684 ἡμᾶς
1661 2636 1771 2670 ταῦτα
1803 2632 1922 2682 σαφῶς
1950 2628 2078 2672 διδάξει
2110 2631 2126 2666 ὃ
2159 2628 2330 2681 μακάριος

1301 2697 1453 2742 Μιο)ϋσῆς
1468 2695 1535 2733 ὑπὸ
1547 2698 1606 2732 τοῦ
1622 2693 1828 2744 Πνεύματος
1842 2695 1901 2729 τοῦ
1915 2690 2012 2741 ἁγίου
2025 2688 2270 2741 ἐνηχούμενος.
2282 2689 2329 2728 Τί

1300 2749 1357 2793 οῦν
1375 2751 1472 2800 οῧτός
1497 2771 1619 2809 φησιν;
1639 2754 1767 2793 ἹΙνίκα
1793 2753 1971 2799 ὑπήκουσε
1998 2754 2048 2803 τῷ
2079 2751 2329 2802 προστάγματι

1299 2821 1358 2856 τοῦ
1378 2820 1469 2856 Θεοῦ
1482 2849 1491 2865 ,
1512 2818 1570 2856 καὶ
1590 2816 1745 2860 ἀναστὰς
1764 2815 1833 2853 ἀπὸ
1849 2817 1911 2860 τῆς
1933 2812 2074 2865 Χαῤῥὰν
2093 2812 2151 2850 ἐπὶ
2167 2812 2232 2859 τὴν
2250 2813 2327 2850 Χα-

1299 2880 1440 2917 ναναίαν
1467 2879 1643 2932 ὥρμησεν,
1672 2880 1758 2916 ἐτῶν
1793 2871 1834 2924 ἦν
1866 2873 2224 2924 ἑὸδομηκονταπέντε.
2256 2876 2326 2916 Καὶ

1298 2940 1394 2985 εὐθὺς
1412 2941 1646 2979 καταλαὸόντι
1664 2941 1727 2986 τὴν
1747 2935 1945 2977 Χαναναίαν
1965 2935 2138 2987 ὑπέσχετο
2157 2936 2250 2986 αὐτῷ
2264 2934 2324 2973 καὶ

1297 3005 1346 3053 τῷ
1367 3003 1542 3054 σπέρματι
1568 3005 1672 3040 αὐτοῦ
1704 3000 1825 3039 δώσειν
1856 3004 1971 3036 πᾶσαν
2001 2995 2064 3043 τὴν
2094 2998 2172 3047 γῆν,
2198 2995 2257 3033 καὶ
2277 2997 2325 3039 εἷς

1296 3066 1459 3101 τοσοῦτον
1482 3064 1614 3110 πλῆθος
1632 3064 1779 3107 ποιῆσαι
1799 3058 1997 3103 ἐπιδώσειν,
2016 3059 2062 3099 ὡς
2088 3056 2323 3108 ἀναρίθμητον

1297 3117 1384 3161 εἶναι
1395 3154 1403 3170 ,
1417 3124 1575 3176 καθάπερ
1591 3123 1654 3170 τὴν
1668 3123 1785 3173 ἄμμον
1797 3119 1856 3158 καὶ
1875 3118 1953 3162 τοὺς
1968 3117 2130 3169 ἀστέρας.
2148 3117 2216 3155 Καὶ
2232 3117 2322 3167 μετὰ

1292 3185 1354 3232 τὴν
1375 3185 1584 3236 ἐπαγγελίαν
1603 3184 1734 3230 ταύτην
1751 3182 1865 3220 πολλὰ
1883 3182 1917 3218 ἐν
1935 3183 1985 3231 τῷ
2004 3180 2100 3231 μέσῳ
2121 3178 2249 3225 συνέὸη
2270 3180 2320 3230 τῷ

1291 3246 1433 3298 δικαίῳ,
1455 3250 1476 3292 ἡ
1506 3247 1647 3289 κάθοδος
1668 3249 1690 3291 ἡ
1720 3245 1754 3282 ἐν
1787 3242 1956 3293 Αἰγύπτῳ
1988 3240 2043 3278 διὰ
2067 3240 2125 3277 τὸν
2155 3239 2271 3289 λιμὸν,
2296 3242 2317 3285 ἡ

1290 3309 1431 3360 ἁρπαγὴ
1450 3311 1511 3353 ’.ἧς
1529 3307 1734 3359 Σάρας,κα“ι
1762 3305 1860 3348 εὐθὺς
1880 3309 1900 3350 ἢ
1920 3302 2016 3355 παρὰ
2036 3306 2094 3340 τοῦ
2116 3305 2209 3340 Θεοῦ
2230 3300 2317 3352 πρό-

265 3370 339 3409 post
359 3361 754 3414 promissionemillam,
772 3367 1208 3415 uonturbabaturauimo,
1237 3378 1260 3409 C
1282 3386 1368 3409 νοια.
1387 3370 1454 3408 Καὶ
1482 3370 1586 3407 πάλιν
1609 3369 1696 3418 μετὰ
1724 3368 1786 3414 τὴν
1814 3369 1940 3406 ἐκεῖθεν
1969 3365 2135 3403 ἐπάνοδον
2167 3367 2188 3408 ἡ
2220 3361 2317 3413 παρὰ
