2433 3775
743 188 786 217 IN
823 186 925 217 (ΣΗ).
964 186 993 214 Ι.

475 325 654 363 ΟΜΙΛΙΛ
667 323 718 368 ·ζ’.

88 430 155 470 Καὶ
176 423 269 469 εἶπεν
292 430 310 467 ὃ
331 427 439 470 Θεός·
461 426 658 479 ἐξαγαγέτω
679 425 722 464 τὰ
751 426 862 464 ὕδατα
888 424 1016 478 ἑρπετὰ
1047 425 1108 476 ψυ-

139 494 213 543 γῶν
241 491 384 534 ζωσῶν,
413 487 472 526 καὶ
502 486 643 526 πετεινὰ
675 485 849 538 πετόμενα
873 484 931 523 ἐπὶ
958 486 1019 530 τῆς
1046 486 1109 534 γῆς

140 537 231 590 κατὰ
250 551 289 590 τὸ
309 549 490 603 στερέωμα
507 553 567 587 τοῦ
580 551 741 601 οὐρανοῦ,
761 547 820 585 καὶ
837 546 970 599 ἐγένετο
988 543 1107 588 οὕτως.

142 614 212 652 Καὶ
232 612 394 658 ἐποίησεν
413 615 430 650 δ
445 612 539 655 Θεὸς
561 610 604 649 τὰ
620 610 710 657 κήτη
730 609 773 648 τὰ
792 608 946 660 μεγάλα,
966 607 1025 645 καὶ
1041 614 1108 644 πᾶ·-

142 692 205 714 σαν
235 674 353 727 ψυχὴν
387 672 483 718 ζώων
508 674 683 724 ἑρπετῶν,
713 671 733 709 ἃ
760 670 905 722 ἐξήγαγε
930 668 974 706 τὰ
1000 667 1108 705 ὕδατα

141 736 254 775 ‘zarin
275 735 357 788 γένη
378 735 502 772 αὐτῶν.

138 840 282 881 Ἱκανῶς
301 836 381 890 χθὲς
396 836 626 888 καθηψάμεθα
644 836 712 872 τῶν
728 835 774 877 εἰς
793 833 854 877 τὰς
876 831 1109 886 ἱπποδρομίας

86 897 420 950 αὐτομολησάντων,
444 895 614 940 δείξαντες
657 897 772 937 αὐτοῖς
807 897 870 941 τῆς
901 892 1034 944 βλάὸης
1068 892 1109 930 τὸ

86 961 244 1013 μέγεθος,
279 953 346 1004 ᾱῆς
367 957 566 1004 ὑπέστησαν
582 988 592 1005 ,
623 956 681 994 τὸν
709 955 920 1007 συλλεγέντα
947 954 1017 992 ἀπὸ
1046 956 1108 1000 τῆς

83 1022 244 1069 νηστείας
263 1021 377 1063 αὐτοῖς
397 1020 546 1057 πλοῦτον
566 1017 801 1069 πνευματικὸν
820 1016 942 1070 ἀθρόον
960 1015 1106 1068 ἐκχέαν-

83 1099 150 1130 τες,
170 1082 228 1121 καὶ
244 1082 314 1121 ἀπὸ
329 1084 391 1127 τῆς
405 1081 536 1126 πολλῆς
552 1079 754 1132 περιουσίας
765 1078 926 1131 ἐξαίφνης
940 1079 987 1120 εἷς
1001 1077 1108 1129 ἐσχά-

83 1159 145 1190 την
165 1143 285 1182 πενίαν
304 1141 444 1184 ἑαυτοὺς
461 1141 756 1187 καταστήσαντες.
778 1140 873 1193 Φέρε
894 1138 936 1186 δὴ
954 1139 1106 1190 σήμερον

84 1202 348 1255 προσηνεστέρῳ
367 1200 583 1253 χρησώμεθα
602 1203 651 1252 τῷ
670 1198 859 1252 φαρμάκῳ,
875 1198 934 1236 καὶ
948 1198 1107 1249 καθάπερ

85 1265 174 1316 μέλη
198 1264 371 1316 ἡμέτερα,
392 1262 498 1306 οὕτως
526 1264 639 1300 αὐτῶν
657 1261 700 1299 τὰ
721 1264 782 1307 τῆς
795 1262 910 1312 ψυχῆς
923 1258 1108 1311 τραύματα

84 1325 305 1375 ἐπιδήσωμεν
323 1339 330 1347 ·
361 1323 437 1362 ἐπεὶ
469 1323 527 1360 καὶ
559 1323 641 1374 χθὲς
675 1321 912 1374 αὐστηρότερα
941 1319 986 1357 τὰ
1016 1318 1106 1371 φάρ-

85 1402 181 1437 μακα
200 1385 432 1434 ἐπεθήκαμεν,
447 1386 511 1435 οὐχ
523 1383 578 1422 ἵνα
594 1384 715 1427 ἁπλῶς
728 1382 958 1432 λυπήσωμεν,
969 1381 1028 1419 καὶ
1041 1380 1105 1428 τὴν

83 1446 258 1498 ἀλγηδόνα
279 1444 519 1495 ἐπιτείνωμεν,
545 1443 623 1483 ἀλλ’
641 1442 698 1481 ἵνα
715 1445 759 1495 τῇ
779 1442 987 1495 σφοδρότητι
1007 1445 1106 1480 καθι-

82 1507 203 1546 κέσθαι
219 1507 419 1557 δυνηθῶμεν
438 1509 498 1544 τοῦ
518 1504 650 1548 ἕλκους.
669 1505 737 1542 Καὶ
753 1502 820 1556 γὰρ
839 1503 898 1542 καὶ
919 1502 1031 1555 ἰατροὶ
1047 1502 1107 1541 καὶ

81 1568 228 1619 πατέρες
248 1566 337 1606 οὕτω
354 1573 466 1606 ποιεῖν
484 1566 646 1605 εἰώθασιν
662 1581 669 1588 ·
691 1567 722 1604 οἱ
740 1565 802 1616 μὲν
819 1569 833 1584 ⁰
845 1559 1106 1618 δραστικώτερα

80 1629 246 1683 πρότερον
266 1627 472 1674 ἐπιτιθέασι,
498 1627 558 1666 καὶ
579 1627 719 1666 ἐπειδὰν
741 1626 828 1680 ῥήξῃ
847 1627 887 1665 τὸ
902 1625 1013 1674 ἕλκος,
1027 1626 1106 1665 τότε

81 1690 125 1728 τὰ
139 1689 428 1741 καταγλυκαίνειν
437 1688 611 1739 δυνάμενα
621 1688 791 1741 φάρμακα
802 1687 1030 1740 προσάγουσι·
1045 1687 1105 1726 καὶ

81 1751 228 1805 πατέρες
248 1750 282 1788 δὲ
306 1750 386 1789 ὅταν
416 1749 516 1788 ἴδωσι
536 1749 615 1794 τοὺς
633 1751 761 1793 παῖδας
775 1748 853 1794 τοὺς
873 1751 1004 1786 ἑαυτῶν
1022 1751 1106 1786 ἀτα-

80 1819 264 1860 κτοῦντας,
285 1813 451 1865 πρότερον
471 1812 677 1858 ἐπιπλήξεσι
696 1811 942 1864 σφοδροτέραις
961 1810 1092 1864 κέχρην

80 1890 151 1920 ται,
174 1874 262 1925 μετὰ
287 1874 322 1912 δὲ
347 1878 458 1912 ταῦτα
472 1873 665 1916 νουθεσίαις
679 1872 737 1911 καὶ
752 1871 1008 1924 παρακλήσεσι.
1036 1873 1107 1910 Τὸν

82 1937 183 1974 αὐτὸν
201 1936 243 1982 δὴ
268 1934 394 1988 τρόπον
418 1934 479 1972 καὶ
504 1937 625 1984 ἡμεῖς,
648 1935 677 1971 εἷ
703 1933 761 1971 καὶ
780 1933 862 1985 χθὲς
881 1931 1108 1985 σφοδρότερον

83 1996 312 2049 ἐχρησάμεθα
335 1998 384 2048 τῷ
405 1996 515 2048 λόγῳ,
536 1995 625 2033 ἀλλὰ
645 1995 799 2048 σήμερον
826 1994 1109 2047 προσηνεστέραν

82 2057 317 2109 Ι’ποιησόμεθα
339 2058 402 2104 τὴν
432 2056 605 2104 διάλεξιν,
634 2057 694 2094 καὶ
718 2056 877 2108 καθάπερ
904 2054 994 2105 μέλη
1018 2055 1107 2106 ἧμέ·

80 2135 163 2172 τερα
183 2118 452 2172 θεραπεύσομεν.
483 2117 629 2169 εὨσπερ
651 2117 718 2168 γὰρ
744 2120 766 2163 ἡ
788 2115 949 2168 προκοπὴ
970 2119 991 2162 ἡ
1018 2119 1124 2165 ὑμε-,

80 2179 164 2232 τέρα
189 2182 273 2230 ἡμῖν
294 2178 437 2217 πλείονα
456 2177 519 2223 τὴν
534 2177 734 2230 παρρησίαν
749 2176 917 2229 προξενεῖ,
932 2177 992 2215 καὶ
1007 2181 1108 2214 τοῦτο

80 2244 181 2291 ἡμῶν
201 2242 294 2279 ἐστιν
313 2243 332 2278 ὁ
354 2241 505 2282 πλοῦτος
529 2241 547 2276 ὁ
575 2239 826 2289 πνευματικὸς,
854 2237 893 2276 τὸ
915 2241 998 2291 ὁρᾷν
1018 2241 1108 2289 ὑμᾶς

79 2304 115 2341 ἐν
146 2308 217 2345 τοῖς
231 2306 479 2352 πνευματικοῖς
501 2300 730 2347 ἐπιδιδόντας,
754 2300 813 2339 καὶ
837 2302 872 2338 ἐν
893 2302 1000 2352 ἀρετῇ
1028 2301 1107 2338 δια-

79 2364 301 2415 λάμποντας,
324 2363 384 2401 καὶ
411 2365 480 2401 τῶν
509 2362 676 2414 βλάπτειν
703 2361 902 2413 δυναμένων
928 2362 1106 2414 ἀπεχομέ-

79 2441 170 2469 νους·
194 2425 300 2469 οὕτως
315 2425 454 2463 ἐπειδὰν
485 2424 614 2475 ἴδωμεν
642 2427 734 2474 ὖμᾶς
761 2424 1106 2475 ὑποσκελιζομένους,

81 2487 140 2525 καὶ
177 2485 415 2538 ὑπαγομένους
454 2492 530 2529 ταῖς
553 2485 733 2529 ’Ἱάπάταις
763 2491 838 2529 ταῖς
868 2485 1106 2533 διαὸολικαῖς,

81 2547 272 2600 κατηφείας
295 2546 539 2599 πληρούμεθα,
567 2547 627 2586 καὶ
657 2546 807 2599 αἰσχύνη
825 2562 900 2593 τις,
917 2549 964 2590 ὡς
982 2548 1107 2595 εἰπεῖν,

81 2608 376 2652 κατασκεδάζεται
399 2612 462 2655 τῆς
491 2608 664 2661 ἡμετέρας
688 2609 816 2660 ψυχῆς.
848 2606 952 2646 Κατὰ
965 2607 1032 2660 γὰρ
1049 2609 1106 2647 τὸν

1033 184 1195 214 GENES.

1237 182 1392 213 noMtL.
1435 184 1511 214 vlt.

1491 318 1704 358 HOMILIA
1735 321 1820 360 Vll.

1132 427 1155 458 C
1181 421 1333 462 Etdixit
1349 425 1443 463 Deus
1458 439 1465 460 :
1482 423 1650 462 Educant
1663 438 1764 476 aqum
1779 425 1920 478 reptilia
1934 426 2135 467 animarum

1232 481 1446 531 viventium,
1465 491 1499 521 et
1514 482 1675 521 volatilia
1695 483 1851 522 volantia
1872 499 1981 538 super
2006 495 2136 526 terram

1233 542 1429 581 secundum
1462 543 1727 583 firmamentum
1758 545 1852 597 caeli,
1874 555 1907 584 et
1934 547 2067 585 sactum
2087 558 2137 587 est
2168 573 2171 578 ·

1234 604 1294 642 sic.
1309 604 1356 643 Et
1376 604 1459 643 sccit
1476 606 1573 643 Deus
1589 614 1663 644 cete
1689 620 1830 659 magna,
1850 617 1883 646 ct
1903 622 2045 647 omnem
2060 609 2138 647 ani-

1233 678 1328 702 mam
1345 665 1556 704 animalium
1577 668 1773 719 reptilium,
1791 683 1870 720 qua:
1889 669 2138 722 produxerunt

1233 740 1334 778 aquae
1356 726 1554 765 secundum
1570 741 1697 780 genera
1713 743 1788 769 sua.

1234 831 1270 867 1.
1300 829 1383 867 Heri
1397 843 1455 867 eos
1469 830 1529 881 qui
1549 830 1595 868 ad
1614 832 1784 881 equestris
1799 832 1877 871 ludi
1896 835 2137 886 spectaculum

1180 890 1355 938 abierant,
1382 891 1467 929 satis
1499 891 1790 944 perstrinximus,
1818 894 2057 933 demonstrata
2088 897 2138 935 eis

1175 952 1323 1004 jactura}
1356 966 1465 1003 quam
1496 952 1656 991 fecerunt
1687 954 1933 1005 magnitudine
1969 971 1976 992 :
2012 970 2138 1009 nempe

1180 1011 1276 1063 quod
1290 1012 1512 1065 spiritualem
1524 1013 1732 1051 thesaurum
1743 1027 1788 1052 ex
1798 1015 1936 1067 jejunio
1949 1017 2139 1056 collectum

1131 1088 1156 1118 D
1179 1074 1288 1112 simul
1303 1074 1508 1124 effuderint,
1528 1083 1622 1113 etex
1637 1089 1764 1128 magna
1784 1076 2003 1116 abundantia
2020 1079 2055 1117 in
2075 1093 2138 1118 ex-

1180 1144 1330 1173 tremam
1356 1135 1512 1188 inopiam
1534 1136 1652 1175 subito
1674 1137 1808 1190 seipsos
1824 1139 2022 1191 conjecerit.
2046 1143 2135 1193 Age,

1179 1200 1311 1239 leniore
1329 1201 1438 1239 hodie
1458 1210 1604 1239 utamur
1623 1202 1793 1254 remedio,
1813 1213 1846 1242 et
1865 1204 2012 1244 illorum
2032 1207 2138 1259 spiri-

1180 1261 1289 1300 tualia
1304 1263 1467 1313 vulnera,
1484 1263 1757 1314 quasimembra
1771 1274 1890 1304 nostra
1905 1276 2032 1318 essent⁷
2045 1269 2138 1307 obli-

1179 1335 1303 1374 gemus
1324 1339 1332 1359 :
1352 1323 1436 1374 quia
1458 1332 1491 1361 et
1516 1323 1593 1362 heri
1613 1325 1790 1378 asperiora
1811 1327 2049 1367 medicamina
2069 1330 2136 1368 im-

1178 1384 1380 1436 posuimus,
1402 1398 1471 1423 non
1491 1394 1530 1423 ut
1549 1399 1693 1437 quoquo
1721 1386 1827 1425 modo
1847 1389 2054 1427 moestitiam
2083 1391 2137 1429 in-

1178 1445 1367 1495 ferremus,
1389 1460 1430 1484 ac
1457 1445 1618 1485 dolorem
1632 1461 1858 1500 augeremus,
1877 1449 1941 1488 sed
1969 1459 2008 1488 ut
2029 1451 2136 1490 vehe-

1179 1507 1311 1545 mentia
1342 1507 1404 1545 illa
1438 1506 1542 1546 ulcus
1577 1508 1698 1561 ipsum
1734 1510 1908 1562 attingere
1940 1525 2135 1564 possemus.

1179 1568 1323 1607 Etenim
1335 1568 1478 1619 medici,
1489 1578 1523 1607 et
1535 1578 1652 1622 patres
1665 1569 1716 1608 sic
1730 1571 1843 1610 facere
1858 1583 2114 1612 consueverunt
2127 1590 2135 1611 τ

1179 1630 1311 1669 medici
1342 1630 1438 1668 enim
1468 1630 1628 1683 primum
1662 1641 1849 1684 apponunt
1885 1634 2136 1686 cataplasmata

1181 1691 1294 1743 magis
1318 1691 1492 1742 efficacia,
1510 1701 1543 1729 et
1564 1691 1647 1730 dein
1667 1701 1774 1745 rupto
1792 1693 1909 1732 ulcere
1924 1695 2056 1733 leniora
2073 1696 2137 1734 ad-

1181 1760 1325 1790 movent
1341 1767 1349 1788 :
1366 1761 1484 1803 patres
1508 1765 1650 1802 quoque
1668 1765 1748 1789 cum
1766 1752 1926 1792 viderint
1941 1755 2035 1793 filios
2054 1770 2137 1795 suos

1179 1812 1433 1865 incompositos
1466 1812 1645 1863 moribus,
1670 1813 1772 1866 prius
1799 1815 1958 1865 graviter
1981 1817 2137 1856 verberi-

1180 1873 1247 1912 bus
1267 1873 1480 1926 corripiunt,
1500 1882 1534 1911 et
1551 1873 1634 1912 dein
1655 1873 1848 1913 admonent
1873 1885 1906 1913 et
1933 1877 2135 1916 hortantur.

1182 1934 1258 1973 Ho'c
1285 1934 1394 1973 modo
1423 1943 1458 1972 et
1484 1947 1562 1983 1105,
1586 1935 1751 1985 quamvis
1782 1935 1859 1974 heri
1880 1937 2136 1978 vehementiori

1181 2010 1343 2034 sermone
1373 1995 1429 2034 usi
1458 1995 1652 2046 fuerimus,
1684 1995 1792 2035 hodie
1820 2007 1937 2037 tamen
1968 1999 2138 2038 blandius

1181 2057 1287 2095 vobis
1305 2058 1506 2109 loquemur,
1522 2065 1555 2094 et
1574 2056 1667 2095 sicut
1683 2067 1801 2097 nostra
1820 2060 1980 2098 membra
1997 2062 2136 2099 curabi-

1181 2132 1276 2157 mus.
1294 2120 1389 2157 Nam
1405 2128 1442 2156 ut
1456 2118 1634 2170 profectus
1647 2128 1764 2157 vester
1782 2121 1953 2173 majorem
1971 2122 2137 2173 loquendi

1180 2179 1354 2217 fiduciam
1385 2179 1488 2217 nobis
1520 2179 1708 2228 conciliat,
1734 2189 1768 2218 et
1794 2181 1992 2234 spiritualis
2020 2192 2138 2222 noster

1180 2240 1368 2279 thesaurus
1387 2249 1452 2291 est,
1475 2239 1504 2278 si
1527 2254 1590 2279 vos
1621 2255 1806 2280 cernamus
1832 2242 1868 2280 in
1887 2243 2137 2296 spiritualibus

1179 2303 1397 2341 incrementa
1416 2316 1555 2355 capere,
1570 2311 1604 2340 et
1614 2302 1812 2342 virtutibus
1826 2318 1898 2352 esse
1912 2305 2134 2358 conspicuos,

1179 2373 1287 2415 atque
1315 2364 1361 2402 ab
1380 2364 1424 2402 iis
1450 2377 1528 2414 quae
1555 2377 1681 2402 nocere
1707 2364 1839 2413 valent,
1860 2366 1964 2404 vobis
1990 2380 2136 2405 cavere:

1180 2426 1231 2464 sic
1242 2426 1387 2478 quando
1405 2425 1572 2464 videmus
1586 2439 1650 2464 vos
1669 2426 1912 2479 supplantari,
1930 2437 1964 2466 et
1984 2427 2137 2467 diaboli-

1181 2488 1228 2526 cis
1253 2487 1483 2526 illusionibus
1515 2486 1634 2525 seduci
1654 2495 1688 2525 et
1714 2487 1859 2540 subjici,
1879 2489 2046 2527 moestitia
2065 2490 2135 2527 im-

1178 2550 1333 2603 plemur,
1349 2559 1383 2587 et
1406 2548 1523 2601 pudor
1539 2546 1704 2599 quidam,
1720 2558 1760 2587 ut
1774 2549 1824 2588 sic
1835 2549 1967 2600 dicam,
1980 2551 2137 2589 animam

1180 2620 1336 2650 nostram
1357 2618 1517 2662 occupat.
1544 2610 1638 2647 Nam
1656 2609 1853 2648 secundum
1879 2611 2024 2650 beatum
2043 2613 2135 2650 Pau-

2153 436 2226 461 Gcn.
2245 443 2268 462 Ι.
2286 444 2334 462 211.

82 2669 252 2724 μακάριον
281 2670 436 2716 Παῦλον,
455 2669 548 2708 Τότε
563 2672 667 2720 ἡμεῖς
686 2670 814 2719 ζῶμεν,
834 2668 893 2706 ἐὰν
910 2671 1008 2719 ὑμεῖς
1021 2669 1105 2715 στή-

80 2747 166 2779 κητε
196 2733 231 2769 ἐν
259 2730 391 2784 Κυρίῳ.
421 2729 483 2774 Ὡς
511 2725 570 2770 οὖν
596 2731 723 2769 τέλειοι
753 2730 813 2768 καὶ
833 2731 1106 2782 πεπληρωμένοι

82 2793 262 2840 συνέσεως,
281 2791 371 2830 οὕτω
390 2795 459 2830 τῶν
478 2791 538 2843 μὲν
559 2791 699 2830 ὄπισθεν
717 2791 987 2830 ἐπιλανθάνεσθε
999 2823 1008 2840 ,
1035 2798 1106 2836 τοῖς
1178 2795 1228 2833 sic
1243 2808 1368 2833 eorum
1387 2806 1466 2844 quae
1485 2801 1580 2830 retro
1597 2801 1679 2830 sunt
1693 2792 1969 2845 obliviscamini,
1988 2805 2021 2834 et
2035 2796 2081 2834 ad
2095 2811 2134 2835 ea
2149 2816 2158 2821 -
2191 2835 2295 2860 Amen
2322 2844 2334 2853 ἢ

82 2854 118 2893 δὲ
145 2854 337 2907 ἔμπροσθεν
367 2853 604 2892 ἕπεκτῑίνεσθε
618 2883 626 2899 ,
655 2852 715 2891 καὶ
743 2852 805 2897 τὰς
833 2852 1006 2899 συνθήκας
1022 2884 1032 2901 ,
1066 2853 1107 2899 ἃς
1178 2870 1258 2907 quae
1273 2864 1354 2893 ante
1368 2868 1433 2892 vos
1449 2862 1530 2891 sunt
1544 2852 1727 2891 enitamini
1742 2870 1749 2890 :
1763 2862 1798 2892 et
1811 2854 1942 2894 soedera
1958 2870 2038 2908 quae
2051 2871 2133 2896 cum
2148 2874 2225 2902 ιωῃ,
2270 2853 2338 2902 ’(ῑῑςῖ

81 2915 167 2966 πρὸς
195 2914 252 2952 τὸν
282 2914 433 2966 Χριστὸν
457 2914 592 2962 ἔθεσθε,
619 2913 941 2964 ἀνακαλεσάμενοι,
963 2913 1108 2965 βεὸαίας
1130 2923 1154 2953 Β
1179 2915 1324 2955 Christo
1356 2914 1506 2961 iniistis,
1528 2922 1710 2961 renovata,
1742 2914 1883 2954 stabilia
1902 2926 1936 2955 et
1963 2918 2131 2957 inviolata
2148 2916 2293 2943 ⁰*'¹¹⁵³¹¹¹'⁵·

1179 2977 1327 3030 posthac
1357 2974 1552 3014 custodite:
1567 2988 1608 3012 ac
1626 2974 1822 3027 prudenter
1847 2977 2040 3018 intercluso
2059 2980 2134 3018 dia-

1179 3037 1308 3076 bolicis
1334 3033 1658 3074 machinationibus
1674 3034 1790 3086 aditu,
1811 3036 2046 3088 subsequente
2061 3047 2134 3077 stu·
2184 3085 2190 3088 ξ

1179 2671 1270 2721 111111,
1295 2673 1402 2710 Tunc
1421 2684 1489 2709 nos
1511 2672 1690 2717 vivimus,
1711 2674 1745 2708 si
1763 2685 1835 2710 vos
1858 2675 1971 2710 statis
1987 2676 2028 2710 in
2047 2674 2134 2711 Do-
2153 2699 2334 2729 1.Tl¹ess.3.

1179 2737 1297 2772 mino.
1328 2733 1446 2785 Igitur
1476 2740 1517 2769 ut
1545 2731 1711 2784 perfecti,
1732 2741 1765 2770 et
1785 2732 1910 2785 repleti
1939 2734 2177 2780 intellectu‚8.

81 2975 210 3018 ταύτας
240 2976 288 3018 εἷς
310 2974 350 3012 τὸ
373 2974 451 3021 ἑξῆς
470 2975 739 3027 διαφυλάττετε,
766 2975 826 3013 καὶ
853 2976 1013 3027 λογισμῷ
1032 2975 1105 3014 σώ-

83 3047 187 3089 φρονι·
225 3042 341 3074 πᾶσαν
382 3035 513 3074 εἴσοδον
547 3042 622 3079 ταῖς
652 3039 711 3074 τοῦ
741 3035 904 3074 διαῧόλου
931 3043 1108 3088 μηχαναῖς

125 3179 138 3192 ⁰
153 3166 289 3201 Coislin.
305 3174 385 3201 κατὰ
402 3176 482 3210 γένος
499 3173 604 3202 αὐτῶν.
1170 3170 1182 3194 s
1201 3169 1279 3212 Κεὶς.
1300 3179 1382 3200 1111118
1399 3175 1431 3199 Gt
1447 3166 1585 3199 COlSlin-
1606 3174 1814 3209 ποιησώμεθα,
1836 3177 1867 3201 ct
1895 3173 2131 3215 θεραπεὺαωμεν.

128 3219 145 3244 ‘¹
162 3219 264 3253 Savil.
283 3227 315 3252 et
331 3219 466 3263 quidam
484 3222 559 3253 Mss·
577 3228 611 3259 ἢν
624 3224 803 3258 ὑπέστησαν.
1170 3231 1182 3245 ²
1199 3220 1337 3253 (joislin.
1366 3226 1496 3258 ἀπάταις
1514 3225 1566 3254 τοῦ
1592 3223 1741 3255 διαδόλου.
1772 3221 1860 3254 [bid.
1888 3223 1967 3263 Reg.
1998 3234 2081 3255 unus
2101 3231 2132 3254 ct

127 3277 138 3289 ⁶
155 3271 257 3305 Savil.
280 3280 313 3304 et
329 3273 409 3315 Reg.
435 3276 660 3319 δραστικώτερα
676 3280 835 3318 πρότερον.
859 3272 997 3305 coislin.
1016 3276 1084 3318 δρα·
1125 3271 1226 3305 Savil.
1244 3273 1275 3304 in
1289 3273 1434 3312 margine
1452 3277 1707 3313 κατασκευάζεται
1724 3282 1775 3312 τῆς
1790 3279 2053 3318 ἡμετέραςψυχῆς.
2074 3274 2131 3306 Alii

88 3330 254 3357 στικὼτατα
265 3332 421 3369 πρότερον.
441 3325 553 3357 Morel.
569 3329 796 3371 δραστικώτερα
812 3334 943 3371 πρῶτον.
959 3324 1090 3358 Ibidem
1125 3333 1158 3357 et
1173 3324 1276 3358 Savil.
1294 3325 1327 3356 ln
1346 3331 1437 3356 textu
1453 3327 1711 3366 κατασκεδάζεται
1728 3334 1765 3369 τῇ
1781 3332 1915 3371 ἡμετέρα
1934 3334 2021 3371 ψυχῇ.

86 3374 221 3407 Coislin.
238 3381 310 3420 ῥήξῃ
328 3382 378 3410 τοῦ
395 3381 504 3417 ἕλκους,
519 3385 551 3410 et
570 3385 715 3423 φάρμακα
732 3384 938 3423 προσφέρουσι.
