2566 3791
200 2286 233 2313 ln
251 2287 371 2313 oblatio-

187 2329 271 2353 nibus
301 2328 372 2364 quid

186 2370 344 2396 obsoni-nn-

186 2411 255 2437 dum
272 2412 318 2438 sit.

397 189 483 236 188

390 297 424 326 et
437 286 615 340 patientiae
626 286 921 338 magnitudinem.
935 286 1029 324 Nam
1043 293 1232 338 postquam
1245 282 1340 322 vidit

388 348 494 386 illum
514 362 622 401 supra
647 347 797 386 modum
824 356 1005 397 moestum,
1021 355 1068 395 et,
1081 354 1122 383 ut
1141 345 1188 382 ita
1203 344 1335 389 dicam,

387 424 409 446 a
424 409 577 447 tristitiae
598 409 765 447 fluctibus
787 409 1013 446 submersum
1033 406 1093 454 iri,
1120 419 1190 442 non
1208 404 1337 456 despe-

386 470 457 518 xit,
479 470 543 508 sed
557 484 667 520 quam
691 482 775 519 erga
797 477 934 520 patrem
954 467 1066 518 ipsius
1082 464 1338 516 benignitatem

385 530 641 579 declaraverat,
662 529 751 566 dans
780 528 836 565 illi
868 525 1108 565 satisfaciendi
1138 525 1336 564 occasiones

385 601 465 644 post
487 604 633 642 gravem
652 589 757 626 illum
785 588 944 640 lapsum,
969 601 1010 625 ac
1027 586 1172 625 fiduciae
1188 587 1337 639 januam

385 651 558 704 aperiens,
580 659 614 689 et
643 650 786 688 dicens:
808 651 883 688 Ubi
912 663 951 688 es
968 653 985 686 Ρ
1005 648 1166 688 eamdem
1186 658 1221 687 et
1241 663 1336 687 nunc

384 726 468 764 erga
488 713 670 764 ingratum
686 711 788 749 illum
815 710 988 761 declarat,
1004 724 1151 748 manum
1164 710 1219 748 illi
1233 710 1336 761 quasi

383 774 420 811 in
435 787 591 826 praeceps
606 772 703 812 eunti
722 772 930 825 porrigens;
945 780 979 810 et
1003 771 1223 810 occasionem
1238 785 1335 824 prae-

381 835 466 873 bere
485 835 606 873 volens
618 864 630 884 ,
646 843 686 872 ut
712 833 884 872 delictum
906 833 1074 885 corrigat,
1091 832 1146 870 illi
1169 832 1278 870 dicit:
1298 834 1335 871 6.

387 897 516 947 Quare
539 904 694 933 moestus
718 896 854 947 sactus
879 908 918 932 es
932 898 948 931 ?
966 902 1003 932 et
1029 907 1150 945 quare
1169 893 1338 930 concidit

382 958 519 995 vultus
530 965 617 995 tuus
629 961 645 993 Ρ
655 957 691 993 7.
706 957 857 1003 Nonne,
870 958 902 993 si
916 963 1017 992 recte
1030 954 1225 1000 obtuleris,
1236 961 1338 991 recte

383 1027 513 1056 autern
537 1031 615 1055 non
633 1017 826 1063 diviseris,
845 1017 1047 1067 peccasti?
1070 1016 1243 1064 Quiesce.
1266 1014 1339 1051 Ad

383 1087 420 1116 te
437 1081 638 1116 conversio
657 1077 778 1123 illius,
801 1085 839 1113 et
864 1085 905 1113 tu
924 1076 1034 1112 illius
1055 1075 1333 1112 dominaberis.

381 1138 651 1187 Animadverte,
684 1136 826 1185 dilecte,
855 1135 1073 1173 ineffabilem
1102 1133 1337 1186 providentia}

380 1199 654 1250 indulgentiam.
666 1198 760 1244 Quia
779 1197 872 1234 enim
887 1195 982 1234 vidit
993 1196 1100 1233 illum
1112 1194 1158 1232 ab
1173 1194 1338 1233 inviden-

381 1261 438 1298 tiae
457 1260 598 1309 morbo,
620 1268 659 1297 ut
677 1259 727 1297 ita
743 1257 863 1295 dicam
876 1287 887 1306 7
907 1256 1123 1310 oppugnari,
1143 1255 1228 1294 vide
1249 1270 1337 1306 quo-

381 1321 486 1360 modo
505 1335 571 1374 pro
587 1335 651 1359 sua
667 1319 825 1358 bonitate
841 1318 1072 1370 congruentia
1091 1317 1161 1369 ipsi
1180 1316 1337 1354 remedia

379 1383 550 1436 apponit,
572 1391 612 1420 ut
631 1381 753 1420 statim
771 1381 965 1430 educatur,
983 1388 1018 1417 et
1042 1378 1148 1430 aquis
1177 1392 1247 1416 non
1270 1379 1351 1416 obs

380 1454 518 1482 ruatur.
556 1445 693 1494 Quare.
715 1450 869 1480 moestus
890 1442 1033 1494 sactus
1053 1444 1122 1478 es?
1147 1448 1184 1478 et
1216 1453 1338 1491 quare

381 1506 550 1543 concidit
583 1505 718 1542 vultus
748 1505 862 1540 tuus?
890 1502 1011 1548 Quare
1042 1510 1139 1539 tanta
1167 1500 1336 1539 detineris

380 1566 543 1615 tristitia,
571 1574 610 1602 ut
631 1574 665 1603 et
689 1564 725 1602 in
743 1563 833 1601 facie
860 1562 1024 1601 moeroris
1050 1561 1337 1613 magnitudinem

382 1625 569 1665 ostendas?
588 1627 717 1676 Quare
732 1625 900 1662 concidit
924 1624 1060 1660 vultus
1080 1626 1193 1660 tuus?
1209 1636 1273 1659 cur
1290 1636 1337 1659 ex

382 1687 450 1724 hac
477 1700 514 1724 re
537 1684 790 1723 conturbaris?
809 1697 918 1734 quare
945 1697 1015 1721 non
1034 1697 1054 1719 a
1075 1692 1109 1720 te
1137 1682 1215 1734 ipso
1240 1682 1336 1732 quod

382 1747 566 1799 oportebat
584 1745 679 1794 fieri,
696 1743 954 1782 considerasti?
970 1744 1064 1781 Num
1079 1742 1216 1780 homini
1229 1742 1337 1780 sacri·
1354 1740 1357 1748 ¹

380 1808 506 1846 ficium
532 1806 710 1855 obtulisti,
733 1805 796 1855 qui
817 1804 894 1842 falli
915 1803 1051 1856 possit?
1071 1803 1227 1854 ignoras,
1245 1803 1337 1841 mihi

381 1883 451 1907 non
464 1882 538 1906 esse
557 1881 645 1920 opus
662 1875 702 1904 ut
716 1864 855 1917 aliquid
871 1865 1053 1913 offeratur,
1069 1863 1132 1902 sed
1147 1878 1203 1901 me
1214 1878 1337 1902 sanam

381 1929 606 1968 offerentium
627 1936 782 1965 mentem
801 1925 918 1964 velle?
944 1926 1074 1976 Quare
1095 1933 1248 1963 maestus
1262 1925 1336 1977 fa-

381 2001 465 2030 ctus
479 2005 518 2029 es
529 1995 590 2028 ?et
612 2003 733 2042 quare
744 1988 913 2027 concidit
925 1987 1062 2025 vultus
1077 1995 1163 2024 tuus
1173 1986 1338 2024 PNonne

382 2056 416 2091 si
437 2061 540 2090 recte
563 2050 762 2099 obtuleris,
791 2062 871 2086 non
889 2056 1020 2086 autem
1034 2055 1134 2085 recte
1162 2047 1334 2096 dividas,

382 2115 579 2165 peccasti?
594 2110 702 2159 Quod
721 2111 757 2148 in
779 2109 940 2146 animum
958 2107 1148 2157 induxisti,
1161 2121 1233 2145 esse
1251 2107 1338 2144 osfe-

383 2172 548 2220 rcndum,
563 2170 668 2208 laude
686 2170 838 2221 dignum
854 2177 905 2206 est
917 2184 928 2218 ;
945 2168 1044 2219 quod
1056 2182 1140 2206 vero
1155 2181 1225 2204 non
1245 2176 1338 2205 recte

385 2232 529 2271 dividas
541 2262 550 2279 ‚
581 2231 620 2269 id
654 2239 693 2268 ut
729 2229 888 2267 oblatum
921 2227 1172 2280 repudiaretur
1205 2226 1335 2264 effecit.

387 2293 584 2346 Oportebat
608 2291 702 2330 enim
728 2291 931 2328 offerentem
952 2291 1040 2337 Deo,
1056 2288 1093 2325 in
1107 2287 1339 2325 discernendo

388 2367 553 2406 magnam
572 2352 741 2391 adhibere
759 2350 984 2402 diligentiam
1004 2364 1011 2385 :
1031 2358 1066 2387 ct
1083 2357 1255 2399 quantum
1270 2348 1339 2385 dif-

387 2417 503 2454 ferunt
516 2414 578 2465 qui
595 2414 698 2451 offert
709 2411 816 2462 etqui
835 2410 976 2462 accipit,
989 2418 1086 2447 tanta
1105 2418 1139 2447 et
1155 2409 1191 2446 in
1207 2408 1338 2447 discre-

386 2478 481 2516 tione
507 2473 667 2513 facienda
701 2472 905 2510 diversitas.
947 2473 991 2508 At
1019 2470 1149 2507 horum
1181 2469 1272 2507 nihil
1300 2478 1339 2506 tu

387 2536 561 2589 cogitasti,
574 2533 632 2572 sed
650 2543 689 2572 ut
703 2533 849 2571 fortuito
863 2530 1024 2582 contigit,
1036 2530 1210 2568 obtulisti.
1227 2533 1340 2580 Atque

388 2599 522 2637 idcirco
550 2610 621 2634 non
649 2602 841 2647 potuerunt
863 2606 935 2630 esse
954 2600 1109 2643 accepta.
1136 2592 1228 2629 Nam
1249 2591 1341 2630 sicut

390 2661 529 2699 animus
546 2668 645 2705 tuus,
663 2670 735 2707 quo
752 2655 968 2693 oblationem
982 2652 1111 2701 fecisti,
1127 2652 1219 2690 nihil
1234 2651 1340 2690 inter·
1377 2673 1383 2681 ‹

391 2721 498 2760 medii
517 2734 591 2758 esse
610 2718 835 2765 existimans,
858 2714 973 2753 effecit
994 2723 1034 2752 ut
1053 2713 1284 2766 rejicerentur
1302 2728 1341 2751 ea

391 2797 468 2832 quae
483 2796 502 2819 a
517 2791 550 2818 te
569 2789 651 2817 sunt
666 2779 783 2816 oblata
802 2793 809 2813 :
826 2777 876 2814 sic
895 2775 1014 2813 fratris
1033 2774 1086 2812 tui
1104 2774 1258 2820 animus,
1279 2774 1342 2824 qui

392 2852 508 2881 rectus
529 2842 610 2888 fuit,
638 2849 672 2877 et
703 2839 857 2876 multum
879 2837 914 2874 in
933 2834 1163 2874 discernendo
1181 2834 1341 2872 studium

394 2903 532 2949 habuit,
555 2909 694 2952 accepta
719 2899 816 2937 illius
846 2898 939 2935 dona
966 2896 1060 2935 fecit.
1086 2897 1340 2936 Verumtamen

393 2977 505 3014 neque
532 2962 582 2998 sic
618 2974 758 3012 poenam
796 2958 918 2996 delicti
948 2965 1081 3009 repe10‚
1109 2955 1169 2994 sed
1195 2956 1342 2994 ostendo

392 3025 581 3062 dumtaxat
597 3022 781 3070 delictum,
795 3030 828 3058 et
856 3019 1045 3057 consilium
1059 3017 1180 3064 affero,
1197 3017 1296 3068 quod
1313 3018 1342 3055 si

394 3086 552 3137 accipere
585 3082 755 3131 volueris,
781 3090 816 3119 ct
843 3089 1026 3132 peccatum
1060 3077 1281 3126 emendabis,
1313 3086 1347 3115 ct

396 3146 549 3197 teipsum
578 3143 802 3195 gravioribus
827 3141 930 3179 malis
952 3154 1021 3178 non
1041 3139 1215 3178 involves.
1247 3138 1347 3186 Quid

397 3211 532 3261 igitur?
552 3209 721 3255 Pet-casti,
751 3218 784 3246 et
812 3208 965 3260 graviter
993 3206 1167 3259 peccasti,
1188 3205 1248 3244 scd
1278 3219 1390 3266 ιιοη16

791 204 830 235 S.
868 203 1057 235 JOANNIS
1089 201 1334 234 CHRYSOST.
1372 200 1581 231 ARCHIEP.
1621 200 1981 232 CONSTANTINOP-

1412 283 1536 326 κακίας
1554 284 1594 322 τὸ
1615 285 1767 336 μέγεθος.
1799 286 1944 333 Ἐπειδὴ
1963 285 2032 339 γὰρ
2047 278 2134 324 εἶδεν
2153 285 2311 337 ἀμέτρως
2328 286 2433 324 αὐτὸν

1411 344 1621 393 λυπηθέντα,
1649 345 1729 394 καὶ,
1757 348 1804 389 ὡς
1829 349 1950 395 εἰπεῖν,
1979 347 2151 398 μέλλοντα
2176 346 2431 389 καταδαπτίζε-

1411 409 1490 443 σθαι
1509 406 1576 444 ὑπὸ
1593 409 1664 444 τῶν
1690 411 1753 455 τῆς
1772 408 1884 455 λύπης
1904 408 2067 459 κυμάτων
2081 438 2092 457 ,
2113 410 2150 447 οὗ
2165 414 2332 460 περιορᾷ,
2351 409 2430 445 ἀλλ’

1409 466 1451 512 ἣν
1472 467 1670 512 ἐπεδείξατο
1689 469 1949 522 φιλανθρωπίαν
1968 469 2049 523 περὶ
2068 469 2128 508 τὸν
2141 469 2262 508 τούτου
2281 469 2430 520 πατέρα,

1410 527 1568 580 ἀφορμὰς
1585 531 1679 582 αὐτῷ
1699 529 1812 574 διδοὺς
1825 531 2025 581 ἀπολογίας,
2041 531 2100 568 καὶ
2118 530 2317 584 παρρησίας
2335 531 2431 581 αὐτῷ

1410 588 1513 642 θύραν
1541 589 1687 641 ἀνοίγων
1716 590 1776 628 καὶ
1794 591 1905 642 λέγων
1917 621 1927 639 ,
1945 593 2021 629 Ποῦ
2041 586 2092 638 εἷς
2115 592 2205 642 μετὰ
2221 592 2262 630 τὸ
2275 591 2431 643 χαλεπὸν

1408 651 1540 688 ἃέκεῖνο
1558 651 1788 703 παράπτωμα
1801 680 1812 698 ‚
1833 651 1898 698 τὴν
1919 651 2028 699 αὐτὴν
2047 652 2107 690 καὶ
2126 657 2181 690 νῦν
2201 651 2432 689 ἐπιδείκνυται

1409 712 1491 764 περὶ
1507 712 1564 750 τὸν
1585 711 1694 756 οὕτως
1709 711 1897 764 ἀγνώμονα
1913 712 2080 764 γεγονότα
2092 741 2102 760 ,
2128 712 2189 751 καὶ
2205 711 2334 750 ὡσανεὶ
2350 712 2434 763 μέλ-

1408 777 1513 813 λοντα
1539 775 1629 814 κατὰ
1660 777 1828 826 κρημνῶν
1857 774 2046 827 φέρεσθαι,
2077 780 2181 827 χεῖρα
2206 773 2354 827 ὀρέγων,
2373 773 2433 811 καὶ

1408 835 1582 888 πρόφασιν
1605 841 1800 889 παρασχεῖν
1825 835 2030 886 βουλόμενος
2045 839 2105 873 τοῦ
2121 834 2376 887 διορθώσασθαι
2393 833 2435 872 τὸ

1409 896 1679 947 πλημμέλημα,
1706 896 1791 949 φησὶ
1815 896 1900 947 πρὸς
1927 896 2049 934 αὐτόν·
2075 895 2154 934 Ἵνα
2179 895 2214 933 τί
2246 895 2433 949 περίλυπος

1413 957 1551 1009 ἐγένου;
1576 957 1636 995 καὶ
1653 956 1710 995 ἵνα
1731 957 1765 994 τί
1784 956 1951 994 συνέπεσε
1974 956 2013 994 τὸ
2027 955 2213 1009 πρόσωπόν
2234 972 2311 1003 σου,
2342 957 2431 1002 Οὐκ,

1410 1017 1450 1055 ἂν
1469 1019 1579 1069 ὀρθῶς
1594 1017 1842 1070 προσενέγκῃς,
1859 1019 1967 1068 ὀρθῶς
1983 1017 2018 1055 δὲ
2037 1017 2086 1067 μὴ
2104 1016 2232 1068 διέλῃς,
2254 1018 2431 1069 ἥμαρτες,

1410 1076 1623 1129 (Ησύχασον.
1661 1078 1755 1130 Πρὸς
1782 1076 1820 1115 σὲ
1851 1081 1873 1124 ἡ
1905 1076 2106 1128 ἀποστροφὴ
2140 1080 2242 1116 αὐτοῦ
2258 1108 2267 1125 ,
2301 1078 2360 1115 καὶ
2391 1076 2434 1114 σὺ

1410 1137 1522 1190 ἄρξεις
1549 1140 1665 1176 αὐτοῦ.
1695 1138 1829 1176 Σκόπει
1853 1153 1932 1187 μοι,
1957 1138 2117 1188 ἀγαπητὲ
2133 1167 2143 1184 ,
2170 1137 2433 1189 συγκατάὸασιν

1409 1199 1618 1250 κηδεμονίας
1634 1199 1782 1251 ἄφατον.
1802 1197 1949 1244 Ἐπειδὴ
1971 1198 2039 1251 γὰρ
2061 1192 2150 1236 εἶδεν
2169 1199 2270 1236 αὐτὸν
2285 1200 2432 1251 πολιορ-

1409 1259 1574 1311 κούμενον
1590 1290 1600 1308 ,
1619 1261 1666 1303 ὡς
1688 1261 1797 1297 εἰπεῖν
1809 1289 1819 1306 ,
1842 1259 1909 1297 ὑπὸ
1924 1263 1983 1298 τοῦ
1997 1263 2060 1306 τῆς
2082 1258 2272 1310 βασκανίας
2291 1258 2433 1307 πάθους,

1410 1321 1474 1374 ὅρα
1503 1324 1578 1364 πῶς
1606 1320 1668 1368 τὴν
1695 1319 1823 1359 οἰκείαν
1845 1319 2046 1371 ἀγαθότητα
2066 1319 2280 1370 μιμούμενος
2299 1321 2437 1358 κατάλ-

1409 1384 1502 1430 ληλα
1521 1384 1616 1434 αὐτῷ
1635 1381 1679 1420 τὰ
1698 1382 1868 1433 φάρμακα
1887 1379 2093 1428 ἐπιτίθησιν,
2110 1379 2200 1418 ὥστε
2217 1379 2353 1432 ταχέως
2368 1381 2432 1418 αὐ-

1408 1444 1466 1482 τὸν
1490 1443 1749 1494 ἀνιμήσασθαι,
1772 1442 1832 1480 καὶ
1853 1441 1901 1492 μὴ
1930 1441 2141 1495 ὓποὸρύχιον
2163 1441 2334 1493 γενέσθαι.
2353 1440 2433 1480 Ἵνα

1409 1505 1444 1543 τί
1468 1505 1656 1557 περίλυπος
1680 1503 1795 1554 ἐγένου
1803 1520 1813 1551 3
1831 1503 1892 1541 καὶ
1912 1502 1968 1541 ἵνα
1987 1503 2023 1541 τί
2045 1502 2213 1542 συνέπεσε
2235 1503 2274 1540 τὸ
2289 1503 2433 1555 πρόσω-

1409 1566 1474 1605 πόν
1489 1581 1567 1613 σου,
1583 1565 1687 1608 Τίνος
1706 1564 1821 1602 ἕνεκεν
1833 1595 1843 1613 ,
1863 1565 1960 1616 φησὶ,
1978 1563 2130 1615 τοσαύτῃ
2146 1564 2239 1616 λύπῃ
2261 1563 2434 1616 κατεσχέ-

1410 1631 1483 1674 θης,
1499 1629 1546 1670 ὡς
1561 1626 1620 1665 καὶ
1641 1625 1698 1664 διὰ
1717 1630 1777 1664 τοῦ
1797 1624 1986 1677 προσώπου
2011 1625 2184 1662 δεικνύναι
2199 1627 2262 1670 τῆς
2282 1625 2431 1674 ἀθυμίας

1408 1688 1448 1726 τὸ
1473 1688 1635 1739 μέγεθος;
1662 1686 1743 1725 Ἵνα
1761 1686 1795 1724 τί
1819 1686 1983 1724 συνέπεσε
2000 1685 2040 1723 τὸ
2055 1685 2242 1738 πρόσωπόν
2266 1701 2351 1732 σου,
2373 1685 2432 1723 διὰ

1408 1748 1443 1787 τί
1458 1749 1546 1788 οὕτω
1567 1765 1626 1787 σου
1646 1748 1762 1800 ἥψατο
1780 1747 1820 1785 τὸ
1840 1746 2093 1799 γεγενημένον,
2120 1746 2210 1790 τίνος
2235 1745 2348 1784 ἕνεκεν
2370 1748 2432 1784 οὐκ

1411 1813 1468 1862 ἀφ’
1488 1812 1611 1848 ἑαυτοῦ
1629 1809 1779 1851 συνεῖδες
1799 1808 1839 1846 τὸ
1859 1807 1931 1846 δέον
1946 1823 1956 1854 3
1972 1807 2034 1853 Μὴ
2051 1807 2117 1859 γὰρ
2135 1806 2307 1859 ἀνθρώπῳ
2322 1822 2431 1860 προσ-

1410 1871 1526 1924 έφερες
1565 1871 1868 1922 παραλογισθῆναι
1902 1868 2099 1919 δυναμένῳ;
2134 1866 2221 1905 ”onix
2256 1867 2349 1915 ᾔδεις
2379 1866 2434 1905 ὅτι

1411 1932 1489 1984 οὐχὶ
1507 1933 1576 1969 τῶν
1590 1928 1862 1982 προσαγομένων
1880 1928 2042 1979 ἐδεόμην,
2061 1927 2153 1966 ἀλλὰ
2164 1930 2226 1974 τῆς
2236 1930 2305 1966 τῶν
2319 1943 2433 1981 προσ-

1412 1993 1565 2045 αγόντων
1598 1994 1714 2044 ὑγιοῦς
1743 1989 1907 2041 γνώμηςς
1933 1989 2013 2028 Ἵνα
2030 1989 2065 2027 τί
2082 1988 2271 2041 περίλυπος
2296 1987 2433 2040 ἐγένου;

1411 2053 1472 2092 καὶ
1487 2052 1544 2091 ἵνα
1559 2052 1593 2090 τί
1615 2051 1782 2091 συνέπεσε
1799 2050 1838 2088 τὸ
1852 2050 2037 2104 πρόσωπόν
2054 2066 2114 2088 σου
2129 2065 2139 2096 ;
2164 2050 2254 2096 Οὐκ,
2268 2048 2310 2086 ἂν
2326 2050 2435 2100 ὀρθῶς

1411 2114 1660 2165 προσενέγκῃς,
1689 2116 1797 2165 ὀρθῶς
1826 2111 1861 2150 δὲ
1883 2110 1931 2161 μὴ
1954 2111 2080 2162 διέλῃς,
2099 2110 2275 2162 ·ἥμαρτες;
2297 2109 2350 2148 Τὸ
2373 2109 2436 2158 μὲν

1411 2175 1479 2226 γὰρ
1497 2177 1543 2218 εἷς
1562 2175 1691 2212 ἔννοιαν
1712 2175 1820 2211 ἐλθεῖν
1843 2177 1903 2211 τοῦ
1918 2177 2158 2225 προσενεγκεῖν
2177 2171 2376 2217 ἐπαινετὸν,
2395 2171 2436 2209 τὸ

1414 2235 1449 2273 δὲ
1471 2234 1518 2285 μὴ
1547 2237 1656 2286 ὀρθῶς
1677 2235 1799 2271 διελεῖν
1814 2263 1823 2280 ,
1840 2236 1941 2271 τοῦτο
1965 2232 2027 2278 τὴν
2052 2230 2230 2277 ἀποὸολὴν
2250 2230 2435 2284 εἰργάσατο

1412 2300 1472 2334 τοῦ
1487 2294 1785 2346 προσενεχθέντος.
1808 2293 1908 2332 Ἔδει
1926 2292 1994 2344 γὰρ
2013 2294 2094 2344 Θεῷ
2111 2290 2330 2344 προσάγοντα
2344 2293 2435 2329 πολ-

1411 2356 1475 2402 λὴν
1506 2355 1741 2399 ἐπιδείξασθαι
1764 2354 1845 2406 περὶ
1869 2353 1932 2400 τὴν
1958 2353 2124 2406 διαίρεσιν
2147 2351 2210 2398 τὴν
2240 2351 2434 2404 ἀκρίὸειαν,

1413 2418 1471 2456 καὶ
1489 2417 1568 2456 ὅσον
1596 2416 1669 2454 ἐστὶ
1697 2416 1736 2454 τὸ
1755 2416 1858 2464 μέσον
1878 2418 1937 2452 τοῦ
1958 2413 2144 2466 δεχομένου
2169 2412 2230 2450 καὶ
2248 2416 2307 2450 τοῦ
2323 2427 2435 2463 προσ-

1414 2479 1579 2530 ἄγοντος,
1617 2476 1788 2522 τοσαύτην
1814 2475 2028 2521 ποιήσασθαι
2056 2474 2115 2511 καὶ
2142 2475 2176 2511 ἐν
2204 2476 2247 2524 τῇ
2269 2472 2435 2525 διαιρέσει

1413 2540 1476 2586 τὴν
1492 2537 1672 2591 διαφοράν.
1694 2536 1800 2575 Ἀλλὰ
1819 2536 1946 2574 τούτων
1967 2534 2062 2573 οὐδὲν
2079 2533 2242 2579 ἐννοήσας
2259 2532 2300 2572 σὺ
2316 2533 2436 2574 ἁπλῶς

1413 2601 1457 2639 τὰ
1478 2600 1627 2652 τυχόντα
1648 2597 1879 2651 προσήγαγες.
1904 2595 1972 2634 Διὰ
1995 2598 2096 2633 τοῦτο
2118 2594 2195 2632 οὐδὲ
2214 2593 2320 2631 δεκτὰ
2341 2593 2436 2644 γενέ-

1417 2667 1495 2702 σθαι
1515 2660 1680 2707 ἠδυνήθη.
1701 2659 1841 2711 (Ὠσπερ
1856 2658 1924 2710 γὰρ
1945 2661 1964 2703 ἡ
1988 2656 2032 2703 σὴ
2052 2655 2174 2706 γνώμη
2187 2683 2196 2701 ,
2221 2657 2295 2704 μεθ’
2316 2648 2356 2699 ἧς
2372 2653 2435 2699 τὴν

1415 2720 1649 2775 προσαγιιηὴν
1676 2719 1850 2766 ἐποιήσω,
1877 2717 1972 2756 οὐδὲν
1998 2716 2037 2754 τὸ
2072 2715 2174 2766 μέσον
2197 2714 2436 2766 λογισάμενος,

1417 2783 1659 2829 ἀποὲληθῆναι
1683 2780 1826 2826 ἐποίησε
1857 2778 1921 2824 τὴν
1949 2776 2047 2830 παρὰ
2069 2781 2128 2815 σοῦ
2148 2779 2437 2827 προσενεχθεῖσαν

1416 2844 1533 2884 θυσίαν
1550 2860 1557 2866 ·
1586 2842 1693 2886 οὕτως
1711 2845 1733 2888 ἡ
1754 2844 1813 2878 τοῦ
1834 2841 1980 2890 ἀδελφοῦ
2002 2837 2125 2889 γνώμη
2151 2837 2233 2890 ὀρθή
2253 2853 2291 2874 τε
2309 2835 2439 2887 τυγχά-

1416 2921 1520 2944 νουσα
1533 2935 1542 2952 ,
1562 2904 1621 2942 καὶ
1640 2901 1773 2947 πολλὴν
1793 2899 2037 2950 ἐπιδειξαμένη
2065 2900 2099 2936 ἐν
2119 2901 2162 2950 τῇ
2183 2897 2351 2948 διαιρέσει
2374 2896 2438 2943 τὴν

1417 2967 1596 3020 ἀκρίῧειαν
1612 2995 1622 3012 ,
1654 2962 1891 3015 εὖπρόσδεκτα
1920 2964 2024 2998 αὐτοῦ
2052 2960 2096 2998 τὰ
2118 2960 2212 3010 δῶρα
2235 2957 2439 3004 πεποίηκεν.

1415 3027 1541 3077 ιὈμως
1561 3026 1639 3064 οὐδὲ
1654 3025 1744 3063 οὕτω
1764 3023 1861 3069 δίκην
1884 3024 2024 3060 ἀπαιτῶ
2040 3024 2100 3059 τοῦ
2122 3019 2439 3070 πλημμελήματος,

1419 3088 1509 3127 ἀλλὰ
1539 3088 1694 3137 δείκνυμι
1721 3085 1823 3135 μόνον
1843 3084 1882 3122 τὸ
1901 3081 2123 3135 ἁμαρτηθὲν,
2156 3080 2215 3118 καὶ
2236 3077 2437 3129 συμὸουλὴν

1419 3148 1547 3198 εἰσάγω
1565 3164 1640 3193 σοι,
1661 3146 1702 3192 ἢν
1721 3145 1751 3182 εἶ
1773 3143 1974 3195 βουληθείης
1997 3142 2170 3187 δέξασθαι,
2186 3139 2246 3177 καὶ
2268 3139 2307 3177 τὸ
2327 3139 2439 3191 ἁμαρ-

1419 3209 1520 3256 τηθέν
1550 3207 1740 3260 διορθώσῃ,
1767 3204 1824 3243 καὶ
1851 3204 2005 3256 χείροσιν
2035 3204 2072 3240 οὖ
2092 3200 2291 3253 περιὸαλεῖς
2313 3199 2438 3238 σαυτὸν

399 3279 509 3331 punio
527 3286 671 3329 propter
685 3275 854 3312 delictum
872 3290 878 3310 :
897 3273 1073 3324 benignus
1086 3271 1182 3310 enim
1200 3285 1292 3320 sum,
1314 3280 1347 3308 ct
1375 3281 1396 3308 Λ
1420 3275 1554 3312 κακοῖς.
1589 3268 1636 3307 Τι’
1656 3261 1713 3306 οῧν
1732 3284 1741 3313 ;
1759 3267 1954 3319 Ἥμαρτες,
1977 3263 2036 3302 καὶ
2053 3262 2144 3314 μέγα
2161 3261 2338 3314 ἥμαρτες,
2360 3261 2438 3298 ἀλλ’

444 3398 455 3409 ³
476 3389 607 3418 λκὶεπόν
622 3387 709 3415 ἐκεῖ-ιο
723 3386 770 3414 καὶ
788 3386 925 3422 μέγιστον
940 3394 1055 3424 πνραπ.
1075 3377 1128 3410 Sic
1145 3388 1198 3408 sex
1212 3377 1289 3408 Mss.

1483 3375 1499 3398 ¹·
1517 3373 1577 3404 Alii
1595 3377 1625 3406 οὶ
1644 3376 1778 3409 νησῖδας.
