2516 3791
347 135 440 198 596
783 151 820 180 s.
862 150 1045 180 Jofxxxis
1081 147 1318 178 cmzrsosr.

139 240 189 267 sed
233 240 329 266 danus
343 241 488 272 Coronat
512 247 570 272 eos
597 233 658 284 qui
680 233 849 271 virtutem
875 239 1077 283 operantur,
1104 227 1299 266 secundum

138 290 253 307 :hulmus
264 290 329 318 spe-

138 328 244 349 clatur.

139 477 326 517 Isni.65,2.'f⁴

147 1030 256 1057 Μηιιβι,
285 1029 330 1057 ι5.

146 1070 196 1100 28·

342 304 568 347 operantium
579 295 813 332 voluntatem
835 290 1031 330 Similiter
1022 303 1056 326 m
1079 301 1226 340 precum
1244 300 1299 324 as-

343 355 512 393 siduitate
552 356 642 392 istuc
664 354 782 404 ipsum
816 352 861 388 ab
886 364 924 387 co
952 349 1030 386 fieri
1056 349 1177 386 videre
1204 347 1296 384 licet.

343 417 433 453 Nam
453 416 481 453 si
503 428 608 465 quem
629 413 750 450 videat
769 410 934 448 alacriter
952 423 988 446 se
1006 408 1207 456 adeuntem,
1228 416 1298 445 sta-

342 478 405 514 tim
426 477 455 514 ei
480 475 593 513 dicit:
614 474 760 511 Adhuc
779 473 959 522 loquente
980 479 1016 507 te
1032 484 1118 507 ecce
1139 470 1294 507 adsum.

342 537 448 584 Quod
468 537 496 573 si
515 534 727 586 ampliorem
745 531 972 570 sedulitatem
991 540 1105 568 teneat
1130 560 1140 580 ,
1161 539 1194 568 et
1214 544 1295 568 ma-

341 612 409 647 gno
428 596 618 645 desiderio,
643 594 863 644 ferventique
881 593 1009 630 mentis
1029 592 1210 630 alacritate
1231 606 1294 643 pe-

342 658 480 695 titiones
499 657 637 695 emittat
654 672 661 692 :
680 655 785 693 etiam
802 663 882 692 ante
901 653 1106 706 petitionem
1127 652 1295 706 praedicat

340 728 373 756 et
387 727 530 756 coronat
550 734 557 754 :
576 717 613 756 id
631 717 728 768 quod
743 726 777 754 et
797 716 832 753 in
854 717 1050 754 Chananaea
1070 715 1218 752 muliere
1232 715 1293 752 de-

342 779 504 817 claravit.
536 778 716 825 Quoniam
743 777 836 815 enim
862 776 955 815 vidit
988 775 1291 827 indefatigabilem

341 841 416 892 ejus
430 839 663 887 constantiam
678 848 712 877 et
730 837 1039 891 perseverantiam,
1057 836 1119 874 ubi
1134 837 1291 888 primum

342 915 420 938 eam
438 900 663 953 praedicavit,
680 909 713 937 et
734 908 771 936 ut
786 899 834 935 ita
850 898 981 944 dicam,
999 897 1195 944 coronavit,
1210 898 1293 935 toti-

344 976 412 1011 que
431 961 564 999 muudo
583 959 787 1009 celebravit,
804 968 924 1011 postea
940 957 1153 995 liberalitate
1166 970 1294 1008 magna

346 1037 465 1074 preces
483 1024 558 1075 ejus
583 1022 690 1060 etiam
713 1021 904 1074 superavit.
931 1022 1037 1067 Nam,
1063 1029 1102 1057 ut
1125 1019 1242 1058 dixit:
1263 1021 1295 1057 0

348 1084 498 1130 mulier,
522 1097 664 1135 magna
689 1091 742 1120 est
757 1082 862 1134 fides
890 1089 958 1118 tua
981 1097 987 1117 :
1011 1090 1095 1118 tunc
1117 1079 1293 1129 subdidit,

345 1147 438 1182 Fiat
469 1147 537 1182 tibi
562 1147 659 1182 sicut
684 1146 758 1181 vis.
784 1142 829 1179 Et
856 1142 886 1180 si
910 1141 1130 1179 voluerimus
1156 1141 1296 1192 singula

345 1206 538 1257 Scripturae
563 1204 693 1242 divinae
717 1203 878 1255 exempla
898 1203 1038 1249 afferre,
1068 1201 1202 1252 ubique
1219 1215 1297 1238 ma-

345 1279 452 1315 gnam
481 1265 626 1303 Domini
658 1263 940 1301 munificentiam
972 1263 1187 1301 videbimus.
1220 1262 1297 1300 Hoc
1319 1279 1344 1308 D

345 1327 456 1377 probe
475 1326 607 1363 sciebat
626 1325 828 1377 patriarcha
847 1324 922 1372 ille,
947 1324 1127 1362 cedentem
1148 1323 1298 1361 minori—

346 1390 415 1428 hus
433 1398 707 1440 assequuturum
719 1389 866 1440 majora,
884 1388 975 1426 sicut
987 1388 1063 1425 heri
1075 1388 1266 1426 audivistis
1287 1403 1294 1423 :

347 1451 450 1488 cessit
471 1451 574 1496 Loto,
610 1450 858 1501 regionemque
880 1448 1092 1487 deteriorem
1119 1449 1236 1500 elegit,
1259 1457 1298 1485 ut

347 1511 578 1548 contentionis
597 1519 768 1548 resecaret
785 1509 994 1558 occasiones,
1017 1519 1050 1547 et
1072 1519 1208 1548 ostensa
1223 1510 1296 1548 vir-

348 1581 421 1608 tute
448 1586 510 1608 sua
532 1571 703 1622 peculiari
726 1579 835 1608 totam
862 1569 1008 1607 domum
1034 1580 1197 1622 pacatam
1216 1570 1295 1608 red-

347 1632 457 1669 deret.
471 1633 645 1669 Caeterum
662 1630 848 1668 videamus
865 1645 909 1667 ex
928 1645 1046 1668 recens
1060 1631 1173 1678 lectis,
1194 1645 1294 1681 quae-

348 1706 430 1728 nam
460 1705 525 1743 pro
553 1700 650 1728 tanta
680 1690 950 1728 mansuetudine
982 1691 1131 1741 accipiat
1161 1705 1181 1728 a
1221 1693 1297 1729 Deo

350 1753 507 1804 praemia.
540 1753 601 1790 14.
631 1753 684 1789 Et
715 1752 828 1797 dixit,
861 1751 991 1801 inquit,
1022 1753 1130 1789 Deus
1159 1753 1295 1797 Abrae,

346 1823 550 1866 postquam
572 1821 773 1864 separatus
790 1821 846 1850 est
866 1815 914 1850 ab
936 1826 980 1850 eo
999 1814 1072 1850 Lot
1091 1828 1101 1848 .-
1120 1813 1300 1850 Elevatis

351 1877 472 1913 oculis
493 1878 567 1913 tuis
592 1889 705 1912 cerne
727 1888 751 1911 a
776 1874 861 1911 loco
886 1877 928 1911 in
947 1888 1022 1926 quo
1049 1883 1090 1912 tu
1119 1889 1220 1912 nunc
1246 1888 1298 1921 es,

350 1938 404 1973 ad
427 1937 650 1988 aquilonem
677 1944 712 1973 et
739 1936 950 1981 meridiem,
984 1944 1021 1972 et
1047 1939 1234 1974 orientem
1266 1944 1303 1973 et

509 1998 573 2034 15.
595 1999 690 2048 quia
710 2009 861 2033 omnem
878 2005 1020 2033 terram
1037 2011 1154 2049 quam
1175 2006 1216 2034 tu
1235 1999 1301 2034 vi-
1326 2005 1350 2034 E

352 2060 431 2103 des,
448 2061 517 2095 tibi
531 2059 631 2094 (labo
647 2071 746 2103 eam,
763 2066 799 2094 et
812 2060 949 2094 semini
965 2066 1030 2094 tuo
1044 2072 1164 2108 usque
1179 2061 1220 2095 in
1234 2072 1303 2096 sce-

353 2120 494 2157 culum.
513 2120 547 2156 V
553 2117 609 2155 ide
629 2117 806 2168 quomodo
825 2117 948 2154 divina
967 2117 1151 2169 Scriptura
1166 2118 1301 2155 accele-

354 2189 466 2216 ratam
488 2179 555 2216 Dei
575 2178 839 2230 providentiam
858 2186 890 2214 et
913 2177 1186 2216 retributionem
1206 2179 1304 2230 justo

356 2241 483 2277 saetam
517 2239 747 2276 demonstrat.
785 2237 918 2276 Volens
951 2237 1046 2275 enim
1070 2252 1132 2276 nos
1165 2238 1303 2287 docere,

357 2309 529 2350 quantum
545 2299 739 2351 approbata
753 2297 859 2334 suerit
876 2312 894 2334 a
912 2297 1140 2336 misericorde
1155 2300 1228 2336 Deo
1244 2313 1304 2351 pa·

358 2360 520 2397 triarchoe
542 2359 741 2407 humilitas,
763 2367 950 2410 postquam
973 2358 1082 2401 dixit,
1105 2369 1305 2411 separatum

358 2421 464 2458 fuisse
484 2421 564 2467 Lot,
584 2429 617 2457 et
638 2419 768 2457 abiisse
787 2419 822 2457 in
852 2429 982 2457 terram
1007 2433 1114 2470 quam
1137 2420 1242 2471 elegit
1267 2429 1307 2458 ut

361 2481 636 2533 praestantiorem
651 2496 660 2529 ;
681 2480 799 2518 statim
817 2479 980 2518 subdidit
997 2497 1004 2516 :
1019 2482 1073 2518 Et
1087 2482 1186 2519 dixit
1200 2483 1307 2520 Deus

363 2543 490 2580 Abrae.
504 2541 644 2579 Deinde
660 2550 698 2578 ut
709 2541 899 2592 diligenter
914 2540 1093 2579 discamus
1105 2542 1180 2580 haee
1191 2541 1307 2580 dixis-

360 2618 396 2639 se
417 2605 532 2640 Deum
557 2602 592 2639 in
612 2601 809 2639 mercedem
828 2615 951 2639 eorum
969 2616 1047 2652 quae
1067 2603 1159 2640 circa
1179 2603 1308 2641 Lotum

363 2666 501 2711 fecerat,
528 2664 602 2700 haec
627 2661 770 2700 addidit

351 2012 456 2035 ΙΙίίῑΓθ
477 2014 487 2032 -“

366 2788 448 2823 feste
469 2786 541 2822 haec
557 2785 588 2822 ei
609 2784 715 2822 verba
733 2783 854 2822 dicens
876 2799 883 2819 ι
905 2784 964 2823 Ob
984 2793 1082 2822 tuam
1101 2794 1310 2822 mansuetu-

366 2848 486 2885 ‹linem
508 2846 648 2897 regione
673 2845 816 2884 meliore
837 2854 871 2883 et
890 2846 1080 2884 amoeniore
1100 2847 1217 2884 fratris
1236 2846 1311 2884 filio

367 2908 513 2957 cessisti,
535 2917 567 2945 et
589 2907 755 2945 eximiam
776 2921 848 2959 prae
869 2916 901 2945 te
926 2907 1038 2946 tulisti
1061 2907 1312 2956 humilitatem,

369 2979 566 3019 tantamque
592 2968 688 3020 pacis
710 2968 869 3006 habuisti
896 2982 1033 3016 curam,
1061 2978 1100 3006 ut
1124 2969 1213 3006 nihil
1242 2983 1309 3006 non

368 3031 484 3083 potius
502 3029 687 3081 delegeris,
709 3044 817 3079 quani
837 3044 909 3067 esse
929 3030 1018 3068 inter
1036 3044 1099 3068 vos
1119 3030 1310 3068 contentio-

368 3107 426 3130 nes
444 3108 450 3127 :
469 3099 653 3142 eapropter
670 3091 784 3140 largas
807 3091 885 3128 illas
904 3106 923 3128 a
943 3105 999 3129 me
1015 3092 1311 3129 remunerationes

369 3151 500 3202 accipe.
527 3149 718 3195 Elevutis,
749 3149 877 3199 inquit,
906 3150 1027 3187 oculis
1055 3153 1142 3196 tuis,
1171 3150 1263 3188 vide
1287 3164 1311 3188 a

370 3213 450 3249 lucu
469 3213 508 3246 in
527 3223 601 3261 quo
619 3218 657 3245 tu
681 3223 779 3246 nunc
798 3224 848 3250 es,
873 3211 925 3246 ad
944 3211 1165 3261 aquilonem
1182 3220 1215 3248 el
1235 3226 1312 3248 me-

370 3273 519 3310 ridiem,
551 3279 584 3307 et
611 3272 789 3306 orientem
823 3279 855 3306 1'!
881 3285 985 3308 mure
1010 3287 1018 3305 .-
1046 3274 1137 3322 quia
1164 3287 1312 3309 omnem

372 3343 526 3370 terram,
550 3346 661 3380 quam
687 3340 725 3367 lu
755 3332 869 3370 vides.
891 3334 961 3369 tihi
981 3334 1081 3369 daho
1099 3348 1179 3371 eam
1204 3343 1237 3371 el
1259 3349 1312 3372 se-

1359 146 1548 177 ARCfflEP
1558 168 1566 177 .
1608 150 1689 178 CON
1698 150 1943 180 STANTffiOP
1952 171 1961 179 .

1371 227 1513 278 γνώμης
1533 231 1587 267 ἀεὶ
1606 235 1783 283 στεφανῶν
1798 232 1876 276 τοὺς
1893 232 1958 278 τὴν
1978 231 2102 284 ἀρετὴν
2130 237 2391 285 κατορθοῦντας.

1370 288 1440 325 Καὶ
1463 289 1521 326 ἐπὶ
1553 293 1615 336 τῆς
1634 293 1842 344 προσεδρίας
1863 293 1898 331 δὲ
1919 295 1988 330 τῶν
2008 295 2119 344 εὐχῶν
2135 299 2236 332 τοῦτο
2252 294 2317 331 ἴδοι
2341 311 2393 338 τις

1371 346 1412 384 ἂν
1431 351 1513 400 παρ’
1544 352 1647 389 αὐτοῦ
1676 353 1869 403 γινόμενον.
1890 354 1974 392 Ἐὰν
1994 353 2061 406 γὰρ
2081 354 2136 404 ἴδῃ
2159 354 2248 405 μετὰ
2267 355 2392 406 θερμό-

1368 412 1471 458 τητός
1502 428 1580 451 τινα
1612 415 1820 466 προσιόντα,
1839 415 1961 458 εὐθέως
1979 417 2050 466 ἐρεῖ
2068 415 2154 465 πρὸς
2173 415 2272 452 αὐτόν
2285 431 2292 437 ·
2310 414 2393 452 Ἔτι

1367 472 1553 517 λαλοῦντός
1568 489 1628 511 σου
1652 474 1722 512 ἰδοὺ
1738 475 1898 527 πάρειμι.
1916 476 1961 512 Εἰ
1981 474 2018 512 ’δὲ
2036 475 2178 512 πλείονα
2207 475 2270 522 τὴν
2285 490 2393 527 προσ-

1368 533 1482 585 εδρίαν
1503 534 1733 582 ἐπιδείξηται,
1764 536 1825 573 καὶ
1848 534 1937 585 μετὰ
1965 535 2096 572 πολλοῦ
2114 540 2174 572 τοῦ
2194 536 2300 573 πόθου
2333 535 2392 573 καὶ

1319 609 1342 639 C
1367 594 1506 641 ζεούσης
1522 599 1584 642 τῆς
1601 596 1794 647 προθυμίας
1809 596 1853 634 τὰ
1869 598 1931 641 τῆς
1948 595 2119 641 αἰτήσεως
2135 597 2369 648 φιλοτιμεῖται
2385 624 2394 640 ,

1367 656 1425 693 καὶ
1458 655 1526 708 πρὸ
1557 660 1618 703 τῆς
1655 657 1825 703 αἰτήσεως
1851 656 2084 709 ἀνακηρύττει
2116 657 2175 694 καὶ
2209 663 2392 708 στεφανοῖ·

1367 715 1455 769 ὅπερ
1474 718 1533 756 καὶ
1553 718 1611 755 ἐπὶ
1629 721 1692 764 τῆς
1714 717 1914 760 Χαναναίας
1935 717 2139 764 πεποίηκεν.
2155 717 2302 763 Ἐπειδὴ
2325 716 2393 768 γὰρ

1364 771 1449 815 εἶδεν
1471 780 1576 824 αὐτῆς
1596 779 1653 816 τὸν
1673 778 1769 817 τόνον
1799 778 1859 816 καὶ
1878 778 1941 823 τὴν
1961 778 2096 824 πολλὴν
2115 777 2290 824 ἔνστασιν,
2307 777 2393 830 πρό-

1362 854 1459 890 τερον
1495 839 1712 891 ἀνακηρύξας
1747 839 1805 877 καὶ
1842 837 2085 890 στεφανώσας,
2111 841 2157 882 ὡς
2183 840 2304 886 εἰπεῖν,
2335 838 2392 875 διὰ

1363 902 1432 937 τῶν
1452 899 1650 951 ἐμωμίων,
1682 901 1742 938 καὶ
1778 899 1875 950 πάσῃ
1897 903 1940 950 τῇ
1973 900 2158 973 οἰκουμένη
2195 899 2392 945 κατάδηλον

1366 959 1472 1006 αὐτὴν
1492 961 1640 1006 ποιήσας
1654 991 1663 1007 ,
1687 962 1766 998 τότε
1782 960 1840 998 καὶ
1861 960 1905 997 τὰ
1921 964 1981 1006 τῆς
1999 960 2169 1005 αἰτήσεως
2187 960 2392 1012 ἐφιλοτιμή-

1367 1035 1451 1058 σατο
1484 1021 1572 1071 μετὰ
1604 1023 1736 1068 πολλῆς
1769 1025 1831 1067 τῆς
1853 1021 2044 1072 δαῶιλείας.
2078 1020 2198 1059 Εἰπὼν
2228 1021 2322 1075 γὰρ,
2341 1014 2391 1059 Ὠ

1365 1081 1486 1133 γύναι,
1508 1082 1643 1133 μεγάλη
1665 1098 1724 1120 σου
1745 1086 1766 1129 ἡ
1785 1081 1902 1124 πίστις
1915 1111 1924 1127 ,
1944 1081 2022 1119 τότε
2042 1081 2168 1132 επή··(α
2167 1097 2218 1129 (ε,
2239 1081 2392 1129 Γενηθή·

1367 1159 1417 1181 τω
1434 1158 1486 1181 σοι
1512 1146 1558 1187 ὡς
1586 1143 1708 1185 θέλεις.
1734 1142 1805 1180 Καὶ
1828 1145 1857 1180 εἰ
1883 1141 2092 1193 βουλοίμεθα
2111 1142 2256 1180 ἕκαστον
2270 1145 2339 1181 τῶν
2357 1144 2392 1180 ἐν

1367 1211 1443 1248 ταῖς
1459 1204 1565 1247 θείαις
1586 1207 1744 1257 Γραφαῖς
1764 1203 1930 1255 ἐκλέγειν,
1948 1209 2129 1256 πανταχοῦ
2152 1204 2286 1250 πολλὴν
2306 1204 2391 1255 ὀψό-

1370 1270 1459 1315 μεθα
1473 1264 1536 1312 τὴν
1554 1265 1753 1317 φιλοτιμίαν
1774 1268 1833 1302 τοῦ
1850 1265 2041 1302 Δεσπότου.
2058 1264 2178 1317 ς’Ὀπερ
2201 1265 2353 1316 ἀκριὸῶς
2375 1268 2392 1302 ὁ

1368 1326 1592 1379 πατριάρχης
1620 1326 1870 1375 ἐπιστάμενος,
1890 1326 1950 1363 καὶ
1972 1325 2070 1369 εἰδὼς
2095 1327 2148 1364 ὅτι
2167 1330 2185 1365 ὁ
2204 1329 2272 1364 τῶν
2293 1328 2394 1365 ἔλατ-

1367 1388 1474 1424 τόνων
1494 1387 1759 1440 παραχωρήσας
1789 1386 1954 1437 μειζόνων
1981 1386 2215 1434 ἐπιτεύξεται,
2235 1387 2394 1438 καθάπερ

1368 1448 1448 1500 χθὲς
1463 1447 1633 1493 ἠκούσατε
1648 1479 1657 1496 ,
1674 1446 1908 1500 παρεχώρησε
1926 1450 1976 1499 τῷ
1996 1447 2079 1485 Λὼτ
2091 1477 2100 1494 ,
2121 1448 2180 1485 καὶ
2202 1448 2312 1486 εἵλετο
2330 1448 2393 1495 τὴν

1368 1508 1613 1561 εὐτελεστέραν
1649 1508 1782 1562 χώραν,
1817 1508 1874 1546 ἵνα
1907 1509 1966 1546 καὶ
2005 1510 2066 1553 τῆς
2093 1509 2302 1560 φιλονεικίας
2332 1509 2393 1552 τὰς

1367 1570 1528 1623 ἀφορμὰς
1556 1570 1701 1623 περιέλῃ
1718 1601 1727 1617 ,
1747 1570 1807 1607 καὶ
1826 1571 1889 1616 τὴν
1909 1569 2040 1608 οἰκείαν
2068 1569 2194 1622 ἀρετ-ἧν
2217 1570 2394 1616 ἐπιδείξη-

1365 1646 1442 1677 ται,
1462 1631 1521 1669 καὶ
1547 1633 1583 1668 ἐν
1612 1630 1731 1683 εἰρήνῃ
1763 1631 1968 1681 καταστήσῃ
2000 1630 2063 1677 τὴν
2099 1630 2210 1667 οἰκίαν
2240 1631 2394 1668 ἅπασαν.

1369 1690 1460 1729 Ἀλλ’
1483 1691 1609 1741 ἴοωμεν
1628 1692 1667 1728 ἐκ
1686 1694 1755 1729 τῶν
1772 1691 1982 1744 προσφάτως
1997 1690 2281 1742 ἀνεγνωσμένων,
2300 1691 2395 1734 τίνας

1372 1751 1546 1801 λαμὸάνει
1571 1751 1633 1794 τὰς
1655 1751 1806 1802 ἀμοιὸὰς
1831 1767 1927 1802 παρα
1949 1754 2008 1789 τοῦ
2033 1752 2243 1790 Δεσπότουε
2231 1751 2318 1804 υπὲρ
2339 1756 2396 1799 τ’ἧς

1371 1811 1543 1859 τοσαύτης
1563 1811 1762 1855 επιεικείας.
1798 1812 1870 1850 Και
1904 1816 2000 1859 εἰπε,
2030 1828 2146 1864 φησιν,
2179 1815 2196 1850 ὃ
2227 1813 2317 1857 Θεὸς
2345 1816 2395 1851 τῶ

1371 1872 1510 1925 Αοραμ
1540 1872 1628 1923 μετὰ
1651 1873 1690 1911 τὸ
1711 1874 1986 1925 διαχωρισθηναι
2005 1874 2062 1911 τὸν
2083 1872 2201 1911 Αωτ
2183 1876 2243 1911 απ“
2266 1876 2393 1912 αὐτοῦ

1374 1933 1573 1985 ἀναὸλέψας
1597 1940 1667 1976 τοῖς
1687 1936 1877 1985 ὀφθαλμοῖς
1905 1949 1966 1971 σου
1983 1964 1993 1980 ,
2013 1934 2045 1971 i?
2049 1950 2063 1971 ε
2091 1934 2159 1972 ἀπὸ
2182 1937 2242 1972 τοῦ
2262 1935 2368 1973 τόπου
2384 1966 2393 1982 ,

1374 1988 1412 2032 οὗ
1433 1999 1492 2032 νῦν
1521 2010 1562 2032 συ
1591 1988 1637 2041 εἷ,
1656 1994 1742 2047 πρὸς
1775 1997 1902 2047 βοῤῥαν
1936 1994 1995 2031 καὶ
2024 1995 2129 2042 kion,
2150 2011 2209 2033 και
2226 1996 2396 2039 ανατολας

1374 2071 1432 2094 και
1457 2055 1655 2094 θάλασσαν·
1683 2055 1721 2094 ὅτ
1727 2072 1736 2092 ι
1758 2071 1873 2093 πασαν
1896 2054 1959 2100 τὴν
1988 2058 2064 2107 γῆν,
2083 2056 2124 2102 ην
2153 2072 2194 2093 συ
2214 2060 2321 2108 ὁρᾷς,
2341 2072 2395 2095 σοι

1374 2115 1475 2154 δι3σω
1506 2115 1626 2162 αὐτὴν,
1649 2132 1708 2154 και
1733 2133 1782 2167 τῳ
1807 2115 1984 2167 σπέρματί
2010 2131 2070 2153 σου
2097 2116 2160 2160 ἕως
2180 2132 2239 2155 του
2260 2119 2393 2160 αἰῶνος.

1374 2177 1469 2229 εὈρα
1495 2192 1534 2214 το
1554 2177 1660 2248 τάχος
1679 2192 1740 2222 της
1759 2192 1819 2214 του
1837 2178 1929 2214 Θεου
1949 2175 2110 2227 προνοίας
2130 2177 2265 2223 καὶτῆς
2286 2182 2393 2228 ἀμοι-

1374 2237 1456 2284 ὃῆς,
1484 2241 1525 2282 ἧς
1552 2253 1631 2289 περι
1668 2254 1726 2275 τον
1759 2237 1890 2274 δίκαιον
1917 2237 2163 2275 ἐπιδείκνυται.
2196 2239 2395 2289 Βουλομένη

1374 2315 1441 2351 γαρ
1465 2302 1558 2348 ἧμας
1598 2297 1731 2342 διδάξαι
1764 2301 1785 2343 ἦ
1819 2297 1868 2335 οε’
1840 2314 1892 2336 εια
1926 2297 2049 2349 Γραφὴ
2063 2328 2072 2344 ,
2102 2313 2184 2344 οσης
2221 2300 2396 2351 ἀποοοχῆς

1375 2358 1505 2406 ἠξιώθη
1536 2358 1634 2410 παρὰ
1667 2364 1726 2398 τοῦ
1759 2357 2003 2410 φιλανθρώπου
2027 2361 2153 2397 Θεου*
2141 2376 2158 2397 ο
2177 2360 2398 2412 πατριάρχης

1375 2420 1434 2458 ἐπὶ
1456 2422 1500 2470 τῇ
1530 2419 1681 2471 τοσαύτῃ
1696 2419 1993 2471 ταπεινοφροσύνῃ
2011 2450 2020 2466 ,
2041 2422 2186 2458 εἰποῦσα
2204 2421 2257 2458 ὅτι
2272 2422 2397 2473 διεχω-

1380 2481 1478 2533 ρίσθη
1498 2483 1515 2518 ὁ
1533 2481 1636 2526 Λὼτ,
1657 2481 1716 2518 καὶ
1731 2482 1885 2526 ἀπῆλθεν
1912 2481 1959 2524 εἰς
1975 2480 2038 2525 τὴν
2058 2483 2135 2532 γῆν,
2159 2481 2202 2527 ἣν
2225 2480 2334 2519 εἵλετο
2352 2484 2399 2524 ὡς

1378 2542 1681 2588 καλλιστεύουσαν,
1704 2541 1827 2585 εὐθέως
1859 2543 2035 2592 ἐπήγαγε·
2063 2542 2132 2579 Καὶ
2152 2536 2225 2580 εἶπε
2244 2542 2366 2595 Κύριος
2381 2546 2399 2580 ὁ

1379 2603 1468 2646 Θεὸς
1484 2606 1534 2655 τῷ
1551 2602 1701 2655 Ἄὲραμ.
1724 2596 1814 2640 Εἶτα
1837 2604 1895 2639 ἵνα
1925 2601 2090 2652 μάθωμεν
2113 2602 2201 2651 μετὰ
2222 2602 2399 2655 ἀκριὸείας

799 2677 806 2698 :
833 2663 887 2700 Et
916 2663 1016 2700 dixit
1036 2664 1143 2701 Deus
1170 2664 1306 2710 Abroe,
1322 2692 1368 2717 342
1380 2664 1433 2703 ὅτι
1452 2664 1539 2715 ὑπὲρ
1557 2666 1625 2701 τῶν
1655 2666 1701 2707 εἷς
1730 2663 1787 2700 τὸν
1808 2662 1891 2701 Λὼτ
1912 2663 2152 2713 γεγενημένων
2173 2663 2401 2714 ἀμειὸόμενος

362 2735 565 2777 postquam
578 2732 780 2775 separatus
795 2732 849 2761 est
863 2726 913 2760 ab
927 2737 970 2761 eo
984 2725 1069 2770 Lot,
1081 2724 1182 2775 quasi
1194 2725 1310 2762 mani—
1333 2730 1358 2758 A
1383 2725 1484 2763 αὐτὸν
1509 2725 1618 2762 ταῦτά
1639 2740 1744 2775 φησι,
1762 2724 1956 2776 προσέθηκε
1972 2740 1979 2746 ·

2010 2724 2080 2762 Καὶ
2100 2717 2193 2762 εἶπεν
2209 2729 2226 2763 ὁ
2243 2725 2332 2769 Θεὸς
2351 2728 2401 2777 τῷ

1381 2785 1521 2837 Ἄὸραμ
1541 2785 1630 2836 μετὰ
1651 2786 1690 2822 τὸ
1707 2787 1982 2837 διαχωρισθῆναι
2001 2785 2058 2823 τὸν
2082 2784 2166 2823 Λὼτ
2186 2785 2247 2824 ἀπ’
2273 2787 2374 2824 αὐτοῦ
2392 2802 2398 2808 ·

1385 2847 1566 2897 μονονουχὶ
1585 2846 1684 2883 ταυτὶ
1703 2846 1787 2899 πρὸς
1805 2846 1904 2884 αὐτὸν
1926 2847 2079 2898 φανερῶς
2097 2845 2207 2896 λέγων
2223 2846 2266 2883 τὰ
2289 2846 2400 2900 ῥήμα-

1384 2922 1446 2944 τα·
1467 2906 1722 2959 παρεχώρησας
1743 2907 1800 2944 διὰ
1828 2906 1960 2953 πολλὴν
1988 2905 2177 2944 ἐπιείκειαν
2195 2910 2255 2952 τῆς
2274 2909 2401 2945 καλλι-

1386 2968 1594 3018 στευομένης
1608 2967 1728 3019 χώρας
1744 2969 1793 3019 τῷ
1814 2969 1986 3020 ἀδελφιδῷ
2000 2998 2010 3015 ,
2031 2968 2090 3006 καὶ
2110 2968 2172 3015 τὴν
2191 2969 2301 3021 ἄκραν
2324 2972 2400 3007 ἐπε-

1387 3029 1486 3073 δείξω
1517 3029 1851 3104 ταπεινοφροσύνην,
1880 3045 1939 3066 και
1970 3029 2138 3075 τοσαύτην
2158 3029 2312 3075 ἐποιήσω
2342 3033 2403 3077 τῆς

1388 3090 1523 3142 εἰρήνης
1550 3105 1610 3127 τνν
1631 3089 1806 3140 πρόνοιαν,
1833 3105 1880 3132 ως
1908 3089 2022 3126 πάντα
2046 3089 2329 3133 καταδεξασθαι’
2318 3091 2403 3142 υπὲρ

1388 3167 1446 3189 του
1463 3168 1487 3201 υ
1489 3164 1636 3200 ηαευιαν
1653 3154 1738 3188 εἶναι
1753 3152 1848 3201 ὓμων
1867 3149 1994 3199 μεταξυ
2012 3150 2241 3200 φιλονεικίαν·
2259 3151 2315 3189 διὰ
2326 3155 2403 3189 τοῦ·

1388 3228 1425 3250 το
1453 3211 1609 3261 λάμῧακε
1638 3214 1720 3262 παρ’
1745 3213 1827 3248 §uio-j
1859 3211 1981 3261 δαγιλε
1970 3217 2013 3253 -ῖς
2035 3227 2097 3254 τας
2124 3211 2284 3261 ἀμοιέάς.
2306 3212 2403 3250 Ανα-

1389 3273 1538 3323 ἷὴέψας,
1569 3273 1669 3323 φησὶ,
1691 3278 1757 3313 τοῖς
1786 3272 1972 3321 ὀφθαλμοῖς
2005 3287 2081 3313 σου,
2110 3273 2158 3309 ἴδε
2183 3273 2327 3310 ἀπὸτοῦ
2348 3274 2402 3311 τό·

1390 3351 1466 3381 που,
1488 3337 1524 3372 οὗ
1542 3339 1598 3370 νῦν
1616 3350 1655 3371 τυ
1682 3337 1728 3381 εἴ,
1750 3333 1830 3382 πρὸς
1855 3335 1978 3383 βορρᾶν
1999 3334 2056 3370 καὶ
2078 3334 2159 3372 λίὸα
2175 3364 2182 3373 ,
2203 3334 2258 3371 καὶ
2283 3337 2403 3371 ἀνατο-
