2516 3791
90 645 277 684 Act.¹7.161

91 1866 204 1895 Matm.

301 119 390 181 758
730 141 768 170 s.

295 216 392 255 ditus
406 227 477 269 est,
499 218 561 257 illa
582 218 668 258 huic
685 221 848 272 subdita,
870 221 1173 272 quemadmodum
1191 223 1246 260 in-

98 282 171 309 Gen.
185 281 215 311 3.
232 282 279 314 16.
295 277 374 329 quit
391 280 489 317 Deus
503 280 595 318 :Ad
612 283 743 319 virum
758 291 864 320 tuum
878 285 1076 320 conversio
1098 291 1186 329 tua,
1210 292 1247 321 et

295 341 376 390 ipse
408 343 465 377 tui
503 342 776 380 dominabitur.
811 341 948 379 Idcirco
993 342 1060 380 Dei
1099 343 1246 393 quidem

292 399 412 450 imago
433 410 484 438 est
505 402 574 450 vir,
595 402 676 451 quia
695 401 942 439 sublimiorem
958 402 1100 440 nullum
1118 403 1244 453 hahet,

292 461 595 511 quemadmodum
618 464 693 499 Deo
713 462 901 500 sublimior
933 472 983 501 est
1010 463 1153 514 nullus,
1183 465 1246 504 sed

292 522 458 559 omnibus
494 521 700 559 dominatur
719 539 727 560 :
748 523 877 561 mulier
908 539 992 563 vero
1026 525 1139 577 gloria
1175 526 1246 564 viri

293 592 364 631 est,
384 583 468 632 quia
490 582 569 620 viro
589 583 747 635 subjecta
769 594 831 622 est.
853 584 901 622 Et
920 585 1007 623 alibi
1026 601 1150 625 rursus
1169 587 1219 625 ait
1237 603 1244 625 :

326 645 383 679 'on
415 644 594 681 debemus
617 648 810 684 (estimare
828 660 945 693 aare,
972 656 1041 685 aut
1061 657 1241 700 argento,
1267 661 1291 692 c

292 712 359 741 aut
381 700 518 755 lapidi,
535 705 604 742 vel
614 707 820 758 sculptura>
834 710 944 755 artis,
961 717 1030 745 aut
1045 711 1245 760 cogitatio-

293 767 352 802 m's
369 766 550 812 hominis,
570 768 827 805 Divinilacem
844 783 925 806 esse
939 770 1115 808 similem.
1137 770 1247 816 Quod

290 834 409 863 autem
428 826 538 875 dicit,
559 827 652 865 hane
665 829 876 866 sententiam
895 829 1003 867 habet
1021 846 1028 866 :
1048 844 1117 868 non
1138 832 1245 870 modo

291 887 426 938 figuras
439 902 519 938 quse
531 898 723 927 cernuntur
738 890 877 928 excedit
890 891 1044 939 Numen,
1059 891 1122 929 scd
1136 906 1247 943 neque

291 963 390 987 mens
412 950 599 988 efformare
626 950 696 988 tale
719 951 893 1002 quiddam
914 960 1043 1003 potest,
1058 952 1174 1002 qualis
1196 963 1247 991 est

291 1010 398 1048 Deus.
426 1010 499 1058 Qui
521 1011 598 1049 fie'ri
625 1021 738 1064 potest
766 1026 849 1063 ergo
865 1042 877 1062 ,
914 1021 953 1049 ut
978 1012 1134 1051 hominis
1154 1014 1246 1066 figu-

290 1085 370 1109 ram
397 1072 526 1110 haheat
544 1074 661 1122 Deus,
681 1087 762 1111 eum
781 1087 825 1111 ne
843 1082 997 1111 mentem
1015 1073 1164 1124 quidem
1190 1075 1246 1112 ul-

289 1132 362 1170 lam
388 1147 488 1185 posse
505 1133 600 1171 dieat
625 1128 758 1172 Paulus
778 1134 966 1172 essentiam
998 1134 1065 1172 Dei
1088 1135 1184 1187 apud
1210 1150 1246 1174 se

290 1193 503 1244 cogitatione
531 1194 756 1233 informare?
786 1195 976 1247 Siquidem
996 1197 1150 1234 formam
1180 1211 1244 1235 110-

290 1262 400 1292 stram
415 1269 455 1292 ae
468 1254 622 1307 figuram
637 1270 758 1293 omnes
772 1256 869 1308 apud
886 1270 948 1294 nos
963 1257 1175 1308 cogitatione
1190 1258 1246 1296 fa-

291 1314 359 1352 cile
377 1315 554 1367 possimus
576 1316 777 1354 informare.
801 1318 937 1355 Rursus
956 1317 1001 1355 de
1023 1318 1245 1371 eleemosyna

291 1390 489 1415 sermonem
503 1377 631 1416 inferre
647 1387 849 1428 statueram,
862 1379 925 1417 sed
938 1379 1041 1418 nobis
1057 1389 1194 1432 tempus
1208 1381 1246 1418 id

290 1451 361 1475 non
379 1439 556 1490 permittit
579 1455 586 1475 :
603 1450 819 1492 quapropter
832 1440 941 1478 finem
958 1441 1017 1478 hie
1032 1441 1173 1479 dicendi
1192 1442 1246 1479 fa-

291 1499 426 1536 ciamus
436 1529 448 1549 ,
466 1499 495 1537 si
509 1500 607 1551 prius
622 1501 668 1537 ad
685 1500 776 1538 illud
790 1515 851 1540 vos
861 1502 1035 1540 cohortati
1052 1502 1241 1551 fuerimus,

290 1568 330 1597 ut
352 1560 543 1611 diligenter
570 1561 689 1599 omnia
721 1576 799 1612 quae
830 1562 925 1600 dieta
960 1572 1042 1600 sunt
1066 1564 1245 1602 memoriae

289 1619 483 1669 mandetis,
503 1621 723 1673 multamque
746 1632 849 1660 rectae
881 1623 1159 1662 conversationis
1179 1639 1243 1662 cu-

289 1695 366 1719 ram
387 1681 536 1733 geratis,
563 1696 607 1720 ne
632 1683 760 1721 frustra
786 1693 819 1721 et
839 1683 913 1721 sine
934 1685 1052 1722 fructu
1082 1685 1246 1723 collectas

289 1756 447 1794 agamus.
474 1743 651 1790 Quamvis
678 1744 773 1782 enim
809 1744 1019 1796 dogmatum
1051 1745 1245 1785 rectitudi-

290 1817 372 1841 nem
390 1818 660 1854 conservemus,
682 1805 750 1843 nisi
777 1819 925 1858 operum
943 1806 1058 1846 virtus
1078 1806 1244 1857 accedat,

248 1889 254 1896 -
292 1865 436 1903 omnino
467 1879 488 1902 a
522 1865 595 1903 vita
622 1875 751 1904 aeterna
779 1866 995 1905 excidemus.
1028 1869 1119 1905 Non
1151 1867 1247 1906 enim

292 1928 438 1973 omnis,
459 1926 591 1977 inquit,
610 1929 678 1978 qui
694 1928 787 1965 dicit
808 1929 925 1974 milzi,
946 1929 1137 1976 Domine,
1162 1930 1245 1966 Do-

293 1989 418 2036 mine,
437 1989 632 2024 intrabit
618 2002 661 2024 ιη
679 2002 838 2039 regnum
858 1989 1073 2027 coelorum:
1094 1990 1163 2027 sed
1179 1992 1247 2042 qui

288 2048 391 2098 facit
406 2048 652 2085 voluntatem
666 2049 800 2086 Patris
816 2052 901 2098 mei,
915 2052 982 2101 qui
996 2059 1051 2088 est
1068 2052 1110 2087 in
1127 2051 1245 2090 eoelis.

293 2111 527 2151 Voluntatem
556 2113 666 2163 igitur
687 2113 754 2150 Dei
774 2128 857 2151 cum
876 2115 972 2151 omni
996 2114 1115 2152 studio
1139 2115 1248 2153 facia-

293 2185 393 2223 mus,
423 2181 461 2209 ut
480 2173 517 2210 in
533 2173 636 2210 caelos
656 2173 806 2221 intrare,
833 2188 874 2211 ae
894 2175 985 2212 bona
1005 2189 1084 2226 quae
1111 2190 1249 2228 praepa-

295 2242 371 2270 rata
383 2242 464 2270 sunt
479 2233 539 2283 iis,
561 2234 623 2284 qui
640 2235 759 2271 Deum
775 2234 932 2286 diligunt
944 2265 954 2284 ,
969 2235 1119 2288 adipisci
1138 2236 1250 2288 possi-

294 2307 374 2331 mus
390 2309 398 2329 :
414 2307 567 2343 quorum
586 2295 726 2333 utinam
741 2309 803 2333 nos
823 2295 1015 2348 participes
1034 2297 1110 2334 fieri
1130 2311 1251 2335 omnes

295 2354 629 2405 contingat,gratia
657 2365 690 2393 et
716 2355 935 2407 benignitate
963 2357 1109 2395 Domini
1143 2357 1253 2395 nostri
1274 2350 1275 2354 ἰ

294 2415 380 2453 Jesu
400 2414 559 2464 Christi,
584 2429 666 2453 eum
695 2430 765 2466 quo
796 2416 913 2466 Patri,
935 2417 1112 2469 simulque
1131 2427 1250 2457 saneto

296 2474 449 2526 Spiritui
467 2475 602 2526 gloria,
622 2475 813 2529 imperium
825 2507 836 2528 ,
849 2477 980 2528 honor,
997 2492 1091 2517 nune
1103 2488 1136 2517 et
1154 2493 1246 2518 sem-

295 2549 379 2586 per,
399 2545 432 2574 et
449 2536 484 2574 in
501 2537 628 2575 saecula
651 2538 878 2577 saeculorum.
903 2540 1027 2578 Amen.

341 2670 353 2684 «Ἰ
379 2660 457 2703 Reg-
474 2664 645 2698 ἀναέέέηκε.

805 141 991 171 JOANMS
1026 142 1266 172 CHRYSOST.
1306 145 1915 183 ARCH1EP.CONSTANT1NOP

1319 226 1438 279 ἄρχει·
1457 231 1478 275 ἡ
1504 230 1589 281 γυνὴ
1619 232 1653 269 δὲ
1679 232 1759 277 δόξα
1783 238 1842 272 τοῦ
1863 236 2002 289 ἀνδρος,
2026 237 2144 284 ἐπειδὴ
2172 239 2223 275 τῶ
2247 240 2344 292 ἀνδρὶ

1318 289 1564 330 ὑποτέτακται.
1584 293 1654 331 Καὶ
1678 294 1783 333 πάλιν
1815 298 1971 348 ἀλλαχου
2002 313 2124 350 φη·σιν
2149 276 2269 338 0ὐίιό
2252 301 2344 352 οφεί-

1317 350 1423 401 λομεν
1445 367 1584 406 χρυσῳ,
1615 353 1637 400 ἢ
1667 355 1828 408 ἀργύρω,
1847 356 2030 411 ἢλίθω,
2011 375 2033 404 η
2060 359 2264 412 χαράγματι
2285 362 2344 398 τέ-

1315 427 1421 463 χνης,
1437 412 1459 459 ἢ
1475 414 1692 464 ἐνΟυμησεως
1712 416 1894 469 ἀνθρώπου
1910 419 2060 469 νομίζειν
2074 420 2113 458 τὸ
2132 422 2236 459 Θεῖον
2256 424 2345 459 εἰναι

1316 473 1449 524 ὅμ.οιον
1472 474 1522 513 0Ο
1550 474 1585 513 δὲ
1617 475 1731 527 λέγει,
1747 478 1900 516 τοιουτόν
1924 481 2040 517 ἔστιν·
2070 482 2108 518 οὐ
2139 481 2240 531 μόνον
2264 497 2344 525 τους

1316 534 1511 611 ὁρωμένους
1531 536 1658 581 τύπους
1685 538 1901 587 athe'Cme‚
1921 541 2028 592 φησὶ,
2056 541 2096 578 τὸ
2123 542 2241 589 Θεῖον,
2262 545 2342 581 ἀλλ’

1315 595 1392 635 οὐδε
1411 597 1544 635 οιάνοια
1560 598 1779 637 διατυπῶσαι
1795 600 1834 638 τὸ
1849 615 2002 639 τοιουτον
2018 600 2145 639 δύναιτ’
2165 601 2217 650 ἂν,
2229 605 2344 647 ὁποῖός

1314 659 1407 695 ἐστιν
1422 663 1440 698 ὁ
1459 658 1562 703 Θεός.
1593 662 1676 705 Πως
1702 666 1759 699 οὐν
1783 661 1974 714 ἀνθρώπου
1987 664 2075 706 Θεὸς
2096 663 2230 716 μορφὴν
2251 663 2342 716 ἔχειν

1315 718 1444 758 δύναιτ’
1469 720 1522 768 ἂν,
1540 720 1643 759 ὁπότε
1661 725 1679 760 ὃ
1692 723 1794 760 Παυλ
1796 738 1830 766 ος
1853 722 1940 773 μηδὲ
1955 723 2106 761 διάνοιαν
2124 728 2211 762 εἶναι
2231 725 2343 775 μηδε-

1316 779 1398 831 μίαν
1431 781 1493 829 τὴν
1525 782 1716 834 δυνααένην
1747 799 1907 821 τυπωσαι
1934 787 2017 836 παρ’
2039 788 2145 834 ἑαυτῇ
2173 784 2268 834 λεγει
2282 801 2342 823 του

1314 844 1407 881 Θεοῦ
1431 843 1494 891 τὴν
1513 843 1651 891 οὐσίαν,
1672 843 1746 891 Τὴν
1766 844 1833 896 γὰρ
1861 845 2034 898 ἡμετέραν
2057 845 2191 899 μορφὴν
2208 846 2343 885 καὶτὸν

1313 902 1420 941 τύπον
1459 904 1608 948 ἅπαντες
1641 905 1766 958 ῥᾳδίως
1790 907 1875 958 παρ’
1897 909 2030 950 ἑαυτοῖς
2049 905 2342 958 ἀνατυπώσαιμεν

1315 964 1354 1002 ἂν
1375 965 1466 1003 κατὰ
1483 965 1562 1010 τοὺς
1589 966 1786 1016 λογισμούς.
1808 967 1921 1005 Πάλιν
1948 966 2026 1010 τοὺς
2054 967 2135 1019 περὶ
2155 967 2342 1018 ἐλεημοσύ-

1313 1041 1374 1071 νης
1395 1028 1581 1077 ἐπαγαγεῖν
1606 1025 1728 1077 λόγους
1753 1026 1812 1064 καὶ
1837 1032 1895 1064 νῦν
1915 1027 2120 1077 ἐδουλόμην,
2138 1029 2217 1066 ἀλλ’
2232 1031 2249 1065 ὁ
2262 1043 2343 1065 και-

1317 1086 1371 1138 ρὸς
1390 1090 1483 1137 ἡμᾶς
1509 1089 1570 1125 οὐκ
1596 1087 1736 1140 ἀφίησι·
1757 1087 1809 1125 διὸ
1834 1089 1919 1139 πρὸς
1948 1088 2048 1139 σιγὴν
2064 1087 2247 1140 τρέψωμεν
2264 1091 2342 1127 λοι-

1315 1148 1379 1186 πὸν
1413 1148 1554 1192 ἑαυτοὺς
1568 1179 1577 1196 ,
1608 1150 1718 1187 ἐκεῖνο
1763 1149 2070 1202 παρεγγυήσαντες
2116 1153 2218 1199 ὑμῖν,
2254 1151 2342 1201 μετὰ

1318 1209 1495 1263 ἀκριὸείας
1512 1209 1650 1248 ἅπαντα
1670 1209 1830 1263 κατέχειν
1862 1210 1904 1247 τὰ
1926 1210 2112 1263 εἰρημένα,
2133 1211 2192 1249 καὶ
2210 1211 2342 1259 πολλὴν

1315 1275 1376 1318 τῆς
1390 1274 1492 1323 ὂρθῆς
1512 1271 1690 1315 πολιτείας
1709 1275 1884 1310 ποιεῖσθαι
1906 1271 1969 1318 τὴν
1993 1273 2177 1326 πρόνοιαν,
2204 1271 2260 1310 ἵνα
2293 1273 2341 1324 μὴ

1314 1332 1431 1383 μάτην
1452 1332 1512 1370 καὶ
1537 1334 1613 1384 εἰκῇ
1644 1336 1790 1371 ἐνταῦθα
1812 1332 2071 1384 συλλεγώμεθα.
2093 1333 2168 1371 Κᾶν
2200 1333 2268 1385 γὰρ
2289 1334 2343 1372 δο-

1316 1393 1460 1445 γμάτων
1479 1394 1650 1448 ὀρθότητα
1670 1395 1891 1446 διατηρῶμεν
1904 1425 1913 1442 ,
1932 1397 1994 1440 τῆς
2009 1396 2078 1431 τῶν
2097 1394 2205 1446 ἔργων
2218 1396 2344 1447 ἀρετῆς

1317 1455 1365 1505 μὴ
1402 1455 1613 1507 προσούσης,
1650 1454 1788 1499 πάντως
1832 1455 2070 1506 ἐκπεσούμεθα
2102 1458 2165 1501 τῆς
2204 1455 2343 1494 αἰωνίου

1317 1517 1419 1563 ζωῆς.
1440 1519 1494 1555 Οὐ
1521 1524 1589 1560 πᾶς
1609 1516 1698 1570 γὰρ,
1718 1516 1834 1569 φησὶν,
1858 1520 1876 1554 ὁ
1893 1516 2003 1567 λέγων
2025 1531 2102 1567 μοι,
2122 1516 2247 1568 Κύριε,
2266 1516 2342 1555 Κύ-

1319 1593 1387 1630 ριε,
1420 1576 1650 1616 εἰσελεύσεται
1670 1580 1718 1622 εἰς
1751 1577 1814 1624 τὴν
1848 1577 2027 1629 βασιλείαν
2062 1581 2130 1616 τῶν
2167 1579 2343 1630 οὐρανῶν,

1318 1640 1395 1676 ἀλλ’
1410 1641 1428 1676 ὃ
1452 1642 1559 1677 ποιῶν
1578 1639 1618 1677 τὸ
1638 1639 1774 1690 θέλημα
1791 1643 1851 1677 τοῦ
1870 1638 2011 1691 Πατρός
2034 1654 2099 1689 μου
2127 1643 2187 1677 τοῦ
2218 1641 2252 1676 ἓν
2274 1645 2346 1683 τοῖς

1317 1700 1486 1750 οὐρανοῖς.
1515 1701 1680 1750 Ποιῶμεν
1715 1694 1772 1737 οὖν
1801 1698 1840 1737 τὸ
1869 1698 2005 1750 Οέλημα
2033 1703 2093 1737 τοῦ
2127 1701 2219 1738 Θεοῦ
2256 1699 2345 1751 μετὰ

1319 1762 1469 1809 σπουδης
1503 1762 1643 1808 &miore
1670 1762 1730 1800 καὶ
1759 1761 1969 1815 προθυμίας,
1995 1760 2052 1799 ἵνα
2077 1762 2277 1812 δυνηθωμεν
2298 1763 2345 1805 εἰς

1317 1838 1396 1867 τους
1423 1824 1584 1876 ουρανοὺς
1612 1826 1789 1874 εἰσελθεῖν,
1816 1840 1876 1863 και
1896 1826 1964 1861 τῶν
1986 1823 2226 1875 ἀποκειμένων
2258 1827 2346 1875 ἀγα-

1319 1887 1386 1923 Οων
1412 1890 1483 1929 τοῖς
1516 1889 1680 1938 ἀγαπῶσι
1706 1887 1764 1925 τὸν
1796 1886 1887 1925 Θεον
1919 1887 2120 1937 ἐπιτυχεῖν·
2144 1889 2191 1923 ὧν
2211 1884 2344 1937 γένοιτο

1317 1946 1449 1991 πάντας
1478 1950 1606 1998 ἡμᾶς’
1591 1954 1786 2001 επιτυχεῖν,
1808 1946 1928 2002 χάριτι
1947 1961 2006 1985 και
2025 1946 2268 1999 φιλανθρωπία
2285 1963 2345 1985 του

1317 2007 1446 2061 Κυρίου
1473 2012 1574 2061 ἡπμον
1606 2010 1724 2057 Ιησου
1752 2011 1926 2060 Χριστοῦ,
1957 2010 2033 2060 μεθ’
2063 2011 2100 2047 οὑ
2126 2025 2176 2060 τῳ
2204 2008 2342 2060 Πατρι,

1271 2075 1294 2105 E
1319 2069 1393 2120 ἅμα
1419 2073 1469 2108 τῶ
1490 2071 1578 2123 ἁγίῳ
1594 2071 1813 2123 Πνευματι
1795 2070 1894 2118 οόξα,
1916 2071 2058 2122 κράτος,
2084 2069 2190 2122 τιμὴ,
2211 2086 2268 2109 νυν
2285 2085 2344 2109 και

1320 2131 1392 2180 ἀεὶ,
1414 2110 1473 2169 καὶ
1492 2133 1539 2176 εἰς
1560 2131 1637 2176 τοὺς
1661 2133 1787 2176 αἰῶνας
1811 2135 1878 2171 τῶν
1900 2130 2047 2170 αἰώνων.
2070 2131 2190 2181 Ἀμήν.
