2433 3775
294 175 358 232 64

293 283 497 318 numerum,
523 279 557 308 et
576 271 694 308 omnia
723 285 786 309 nos
815 271 915 310 docet
948 285 1030 309 cum
1049 284 1176 322 magna
1195 277 1246 307 at-

293 331 560 382 temperatione,
580 341 618 369 ut
637 331 776 383 cognita
806 332 903 369 omni
927 331 1090 381 veritate,
1107 344 1176 368 non
1193 330 1248 366 ul-
1275 334 1299 363 l)
1324 343 1423 375 σκει,
1452 327 1510 365 ἵνα
1529 327 1696 378 μαθόντες
1715 330 1777 376 τὴν
1799 330 1962 377 ἀλήθειαν
1980 330 2132 377 ἅπασαν,

293 399 348 428 tra
368 405 491 429 eorum
521 392 702 430 erroribus
729 391 965 441 attendamus,
986 391 1047 441 qui
1070 389 1249 427 omnia‘ab

294 466 329 489 se
348 452 546 503 excogitata
563 453 773 504 loquuntur,
795 452 857 489 sed
876 451 1028 489 sciamus
1046 449 1250 489 conditoris

294 514 404 552 nostri
424 515 697 552 inenarrabilem
715 513 923 565 potentiam.
939 513 994 549 Et
997 513 1160 564 sactum
1175 519 1245 556 est,

294 574 424 624 inquit,
461 576 530 612 ita.
567 574 670 611 Dixit
699 589 707 609 :
735 574 921 610 Edueant
952 585 1065 624 aquae
1093 572 1250 623 reptilia

295 637 516 671 animarum
537 637 768 681 viventium,
792 642 829 672 et
849 633 1037 671 volatilia
1065 634 1249 671 volantia

294 707 406 745 super
431 703 574 731 terram
599 696 811 732 secundum
829 695 1123 747 firmamentum
1145 695 1245 739 eceli,
1265 694 1267 696 ’

293 763 326 790 et
343 754 602 806 obtemperavit
632 755 860 805 elementum,
882 764 916 792 et
935 754 1100 807 implevit
1119 769 1248 807 praece-

293 823 408 866 ptum.
428 817 482 853 Et
489 817 652 868 saecum
676 825 745 863 est,
768 816 898 867 inquit,
922 819 1021 855 sieut
1046 819 1251 869 imperavit

294 877 501 915 Dominus.
521 880 584 918 91,
608 879 663 916 Et
676 879 781 930 fecit
802 879 909 915 Deus
933 886 1014 916 cete
1036 893 1194 934 magna,
1214 887 1251 917 et

295 952 449 975 omnem
475 941 650 976 animam
675 939 906 976 animalium
928 940 1137 991 reptilium,
1167 954 1251 993 quoe

292 1000 559 1050 prosiluerunt
585 1014 697 1051 aquae
720 1000 929 1037 seeundum
947 1014 1090 1051 genera
1108 1014 1195 1046 sua,
1215 1009 1251 1038 et

297 1074 409 1098 omne
424 1061 593 1098 volatile
605 1069 819 1112 pennatum
833 1061 1045 1101 secundum
1055 1075 1188 1112 genus.
1199 1063 1235 1098 E
1239 1069 1251 1098 t

296 1121 397 1158 vidit
414 1122 521 1159 Deus
538 1122 645 1173 quod
660 1129 784 1159 essent
800 1123 915 1158 bona.
938 1123 1004 1158 aa.
1021 1121 1251 1158 Benedlxit—

296 1194 369 1231 que
382 1195 429 1218 ea
441 1183 559 1228 Deus,
574 1183 705 1220 dicens
717 1197 726 1217 :
738 1182 904 1219 Crescite
915 1189 953 1219 et
964 1181 1254 1233 multiplicami-

297 1244 351 1287 ni,
366 1250 401 1279 et
415 1243 569 1293 implete
578 1256 702 1294 aquas
713 1245 894 1287 marium,
907 1250 943 1280 et
959 1243 1143 1280 volatilia
1155 1244 1254 1281 mul-

296 1300 519 1351 tiplicentur
542 1315 655 1353 super
679 1311 835 1339 terram.
863 1302 997 1338 Iterum
1021 1301 1095 1351 hic,
1118 1316 1250 1353 quaeso,

296 1361 499 1410 considera,
529 1371 661 1412 quanta
692 1362 737 1400 sit
763 1361 934 1414 sapientia
966 1362 1133 1414 Spiritus.
1160 1364 1252 1401 Nam

294 1436 378 1459 eum
411 1421 508 1460 dixit
537 1423 660 1461 beatus
679 1425 814 1472 Moses,
832 1424 1066 1475 Etfactum
1092 1433 1148 1461 est
1178 1427 1247 1471 ita,

293 1482 395 1520 docet
410 1497 472 1521 nos
487 1483 693 1522 minutatim
711 1483 844 1522 addens
861 1492 894 1521 et
910 1483 1031 1522 dicens
1054 1500 1062 1520 ε
1083 1486 1136 1523 Ec
1152 1486 1252 1536 fecit

295 1545 402 1582 Deus
417 1553 498 1582 cete
511 1559 668 1597 magna,
686 1553 722 1582 et
736 1559 887 1582 omnem
906 1547 1080 1583 animam
1093 1549 1247 1584 anima-

296 1605 393 1642 lium
405 1607 601 1657 reptilium
613 1620 699 1657 quse
712 1606 979 1658 produxerunt
988 1620 1101 1659 aquoe
1112 1621 1248 1645 secun-

295 1667 387 1703 dum
410 1680 553 1717 genera
581 1681 666 1717 sua,
681 1676 717 1704 et
734 1681 845 1704 omne
856 1668 1020 1705 volatile
1036 1677 1250 1719 pennatum

296 1729 507 1765 secundum
527 1742 659 1780 genus.
679 1729 733 1766 Et
755 1730 854 1766 vidit
875 1730 980 1766 Deus
1005 1731 1109 1781 quod
1127 1738 1251 1768 essent

299 1790 411 1825 bona.
428 1788 496 1825 Hic
512 1788 629 1826 denno
658 1789 890 1826 temeritatem
909 1789 1026 1826 omnia
1045 1790 1177 1840 absque
1196 1805 1250 1827 ra-

296 1849 392 1887 tione
411 1849 710 1889 deblaterantium
731 1850 945 1902 comprimit.
967 1851 1059 1887 Nam
1074 1860 1112 1888 ut
1132 1851 1252 1889 nullus

296 1911 412 1948 dicere
427 1911 551 1963 possit,
568 1911 679 1963 Cujus
699 1911 813 1962 gratia
826 1920 897 1949 cete
911 1911 1002 1949 facta
1017 1912 1126 1949 sunt?
1146 1926 1253 1962 quam

297 1971 400 2009 nobis
431 1972 621 2009 utilitatem
651 1972 864 2009 conferunt?
892 1971 982 2022 quid
1005 1972 1183 2010 commodi
1208 1987 1253 2011 ex

297 2048 421 2072 eorum
441 2033 639 2071 creatione?
657 2032 791 2071 ideireo
804 2042 993 2085 postquam
1008 2033 1102 2071 dixit
1117 2049 1124 2070 t
1142 2036 1254 2072 Fecit

299 2095 405 2131 Dens
420 2103 502 2131 cete
513 2107 670 2145 magna,
690 2102 727 2130 et
739 2107 889 2131 omnem
909 2097 1084 2131 animam
1103 2097 1252 2132 anima-

298 2155 393 2191 lium
412 2155 620 2205 reptilium,
644 2162 680 2191 et
701 2154 919 2191 volatilia:
941 2153 1058 2191 statim
1080 2154 1248 2192 addidit:

297 2217 333 2253 E
338 2221 351 2255 t
366 2217 467 2253 vidit
480 2216 586 2252 Deus
597 2216 702 2267 quod
709 2223 833 2253 essent
843 2217 958 2252 bona.
971 2215 1083 2262 Quasi
1098 2214 1196 2253 dicel
1198 2224 1250 2253 et:

297 2278 350 2314 Ne
368 2277 450 2328 quia
470 2286 506 2314 tu
528 2276 699 2314 rationem
727 2275 867 2327 ignoras
892 2276 1080 2323 factorum,
1110 2276 1252 2328 opificia

297 2336 1252 2389 vitupcrareaggmdiarisAudistiDominnmpronun—

297 2399 459 2445 tiantem,
477 2408 510 2436 et
524 2398 699 2436 dicentem
719 2397 780 2434 illa
799 2411 872 2435 csse
891 2397 982 2435 bona
1001 2413 1008 2434 z
1027 2406 1059 2435 et
1073 2398 1252 2448 quomodo

299 2468 336 2497 tu
362 2459 538 2497 insaniens
568 2458 686 2496 dicere
716 2457 843 2506 audes,
871 2458 990 2504 Quare
1020 2458 1111 2496 facta
1142 2459 1253 2497 sunt?

297 2520 398 2570 quasi
417 2519 639 2572 superfluum
666 2518 824 2570 ipsarum
845 2532 1013 2556 accusans
1034 2519 1251 2571 opificium?

298 2583 392 2619 Nam
411 2581 439 2618 si
461 2580 627 2618 cordatus
652 2594 757 2627 esses,
781 2593 901 2631 posses
933 2579 1040 2617 etiam
1059 2595 1103 2618 ex
1125 2580 1252 2619 harum

298 2643 474 2681 creatione
489 2651 523 2680 et
541 2641 735 2694 potentiam
751 2641 895 2678 Domini
912 2650 946 2678 et
960 2641 1176 2680 ineffabilem
1191 2642 1251 2680 be-

300 2705 511 2753 nignitatem
540 2702 746 2741 addiscere:
764 2702 959 2754 potentiam
984 2702 1143 2753 quidem,
1170 2703 1250 2754 quia

300 2754 460 2802 sermone
481 2774 514 2802 et
548 2773 725 2816 praecepto
752 2777 796 2800 ex
821 2763 922 2813 aquis
950 2763 1033 2801 talia
1059 2763 1250 2802 animantia

301 2825 472 2877 produxit
481 2841 492 2875 5
513 2825 767 2875 benignitatem
797 2833 929 2873 autem,
948 2824 1029 2875 quia
1048 2835 1086 2863 ut
1103 2840 1142 2863 ea
1164 2839 1250 2877 pro-

299 2887 418 2936 duxit,
439 2886 618 2938 propriam
634 2885 683 2923 eis
699 2885 879 2937 regionem
904 2885 1082 2935 attribuit,
1101 2887 1252 2926 immen-

301 2962 376 2986 sam
399 2947 505 2985 maris
531 2956 665 2998 partem
688 2947 760 2984 illis
781 2946 982 2996 decernens,
1002 2947 1050 2985 ita
1066 2957 1105 2986 ut
1120 2950 1251 2987 nemini

302 3018 440 3061 possent
471 3022 616 3055 noee1·e;
644 3007 705 3045 sed
731 3017 915 3046 versentur
941 3008 977 3046 in
1004 3009 1108 3059 mari,
1138 3020 1171 3047 et
1196 3011 1251 3048 sui

301 3070 500 3123 spectaculo
507 3084 544 3105 su
552 3069 824 3120 pereminentem
833 3069 984 3121 Opificis·
992 3071 1185 3122 potentiam
1193 3071 1252 3109 do·

303 3140 416 3179 ceant,
438 3130 645 3180 nullumque
667 3130 821 3167 humano
840 3131 958 3181 generi
974 3130 1145 3170 damnum
1165 3133 1252 3172 infe-

304 3201 393 3230 rant.
420 3193 472 3228 Αιι
490 3205 636 3243 pai-van]
656 3200 758 3242 putas
774 3190 1002 3242 benignitatis
1019 3201 1168 3244 partem,
1191 3208 1250 3246 ge-

346 3335 355 3347 ⁰
373 3328 506 3360 Cuislin.
528 3334 561 3361 τὸ
576 3333 738 3370 ἐπίταγμα.

1278 2298 1300 2327 Β

714 189 752 220 S.
782 188 962 226 JOANNJS
995 187 1235 218 CHRYSOST.
1276 187 1482 216 ARCHIEP.
1521 186 1875 216 CONSTAN'HNOP.

1323 267 1438 305 πάντα
1457 267 1544 305 μετὰ
1563 269 1694 314 πολλῆς
1717 272 1778 315 τῆς
1800 269 2093 320 συγκαταὸάσεως
2124 274 2217 318 ἡμας
2245 267 2344 306 διδά-

2156 329 2282 380 μηκέτι
2301 332 2344 379 τῇ

1323 388 1439 439 πλάνῃ
1464 391 1533 425 τῶν
1553 387 1586 432 ἐξ
1603 389 1736 427 οἰκείων
1754 392 1931 441 λογισμῶν
1949 390 2086 428 ἅπαντα
2106 390 2345 442 φθεγγομένων

1323 447 1565 501 προσέχωμεν,
1584 450 1660 487 ἀλλ’
1686 451 1810 489 εἰδέναι
1826 451 1962 503 ἔχομεν
1980 456 2038 490 τοῦ
2059 452 2269 503 δημιουργοῦ
2285 454 2346 488 τοῦ

1324 509 1494 562 ἡμετέρου
1525 510 1587 557 τὴν
1615 511 1744 562 ἄφατον
1772 510 1930 562 δύναμιν.
1950 512 2021 551 Καὶ
2047 512 2201 563 ἐγένετο,
2230 511 2347 564 φησὶν,

1325 569 1446 614 οὕτως.
1471 564 1593 620 Εἶπεν,
1621 571 1846 624 Ἔξαγαγέτω
1867 573 1911 610 τὰ
1938 573 2048 611 ὕδατα
2076 573 2205 626 ἑρπετὰ
2226 575 2347 624 ψυχῶν

1326 632 1458 679 ζωσῶν,
1488 632 1547 670 καὶ
1576 631 1717 670 πετεινὰ
1737 633 1992 683 πετόμενα-’ἐπὶ
2023 638 2084 680 τῆς
2115 637 2179 684 γῆς
2200 632 2291 671 κατὰ
2310 632 2349 670 τὸ

1326 691 1508 743 στερέωμα
1539 697 1599 731 τοῦ
1621 695 1764 745 οὐρανοῦ
1780 724 1789 741 ,
1823 693 1882 732 καὶ
1901 694 2077 740 ὑπήκουσε
2095 695 2136 733 τὸ
2165 700 2349 745 στοιχεῖον,

1325 753 1386 790 καὶ
1415 754 1598 807 ἐπλήρωσε

1627 759 1641 775 c
1675 755 1683 768 x
1723 756 1732 768 2
1877 755 1886 767 t
1962 758 1973 767 ν
2001 755 2006 763 =
2047 756 2057 768 :0
2090 755 2099 768 t
2303 755 2311 769 x

1652 771 1691 792 το
1718 758 1916 807 επιταχθεν.
1944 758 2013 793 hou
2042 770 2196 807 εγενετο,
2232 770 2349 807 φησιν,

1326 814 1451 863 οὕτως,
1471 819 1517 860 ὡς
1548 816 1726 855 ἐκέλευσεν
1762 821 1779 856 ὃ
1811 817 2014 864 Δεσπότης·
2056 818 2115 855 καὶ
2144 817 2303 864 ἐποίησεν
2332 821 2350 855 ὁ

1326 876 1415 919 Θεὸς
1444 877 1488 914 τὰ
1521 877 1612 924 κήτη
1637 878 1681 915 τὰ
1715 878 1872 929 μεγάλα,
1893 894 1952 916 και
1974 894 2090 916 πασαν
2116 878 2230 930 Lusi-,v
2253 876 2349 921 ζώων

1327 939 1494 990 ἑρπετῶν,
1517 939 1572 976 ἃέ
1558 938 1703 991 εξήγαγε
1728 939 1772 978 τὰ
1791 939 1900 977 ὕδατα
1929 940 2020 978 κατὰ
2039 939 2120 991 γένη
2147 941 2210 976 αὐτ
2212 942 2272 983 ῶν,
2292 938 2351 975 καὶ

1327 1014 1396 1036 παν
1416 1000 1571 1037 πετεινὸν
1598 1001 1776 1051 πτερωτὸν
1793 1000 1884 1038 κατὰ
1904 999 2012 1050 γένος.
2041 999 2139 1037 Καιε
2126 992 2212 1037 εἶδεν
2229 1001 2246 1036 ὁ
2265 998 2353 1041 Θεὸς

1327 1058 1381 1097 ὅτι
1388 1059 1515 1107 ’,καλὰ
1535 1061 1595 1098 καὶ
1613 1060 1805 1111 ηὐλόγησεν
1821 1077 1914 1099 αυτα
1935 1064 1953 1099 ὁ
1971 1061 2111 1108 Θεὸς,
2100 1075 2230 1111 λέγων·
2250 1058 2352 1103 αὐξά-

1328 1121 1446 1164 νεσθε,
1481 1118 1541 1156 καὶ
1571 1119 1805 1167 πληθυνεσθε,
1837 1120 1897 1158 καὶ
1929 1121 2140 1173 πληρώσατε
2166 1120 2211 1158 τὰ
2243 1119 2353 1157 ὕδατα

1328 1177 1373 1215 τὰ
1392 1181 1425 1216 ἐν
1449 1184 1526 1222 ταῖς
1545 1179 1735 1223 θαλάσσαις
1748 1209 1757 1226 ,
1772 1179 1832 1217 καὶ
1850 1180 1893 1217 τὰ
1907 1181 2049 1218 πετεινὰ
2063 1181 2353 1228 πληθυνέσθ(ι)σαν

1329 1239 1385 1278 ἐπὶ
1403 1242 1465 1286 τῆς
1481 1243 1555 1292 γῆς.
1570 1240 1648 1279 Θέα
1665 1257 1724 1292 μοι
1743 1241 1849 1279 πάλιν
1869 1244 2015 1279 ἐνταῦθα
2028 1271 2038 1290 ,
2054 1241 2146 1289 πόση
2162 1245 2221 1280 τοῦ
2241 1241 2353 1292 Πνεύ-

1328 1317 1436 1350 ματος
1451 1306 1472 1348 ἡ
1491 1301 1605 1354 σοφία.
1625 1301 1746 1340 Εἰπὼν
1776 1302 1842 1354 γὰρ
1871 1305 1888 1340 ὃ
1918 1303 2087 1355 μακάριος
2106 1304 2278 1349 Μωῦσῆς,
2299 1302 2353 1341 ὅτι

1328 1363 1489 1415 Ἐγένετο
1503 1364 1622 1411 οὕτως,
1638 1364 1794 1402 διδάσκει
1807 1368 1901 1416 ἡμᾶς
1915 1363 2006 1402 κατὰ
2023 1364 2125 1418 μέρος
2141 1365 2279 1416 ἐπάγων
2293 1365 2352 1402 καὶ

1325 1423 1449 1476 λέγων,
1472 1424 1541 1462 Καὶ
1573 1424 1734 1472 ἐποίησεν
1763 1428 1781 1462 ὅ
1815 1425 1904 1468 Θεὸς
1934 1424 1978 1462 τὰ
2006 1424 2100 1471 ’κήτη
2127 1425 2171 1463 τὰ
2195 1425 2351 1477 μεγάλα,

1326 1485 1385 1522 καὶ
1401 1491 1517 1524 πᾶσαν
1539 1485 1655 1537 ψυχὴν
1675 1484 1771 1530 ζώων
1788 1488 1957 1539 ἑρπετῶν,
1981 1485 2002 1522 ἃ
2021 1485 2167 1538 ἐξήγαγε
2182 1486 2226 1524 τὰ
2241 1485 2350 1525 ὕδατα

1325 1545 1416 1583 κατὰ
1447 1546 1529 1597 γένη
1550 1549 1676 1594 αὐτῶν,
1700 1546 1759 1585 καὶ
1786 1553 1854 1585 πᾶν
1883 1546 2039 1585 πετεινὸν
2058 1547 2234 1599 πτερωτὸν
2261 1548 2351 1586 κατὰ

1324 1607 1433 1658 γένος.
1454 1608 1524 1646 Καὶ
1544 1601 1629 1646 εἶδεν
1649 1611 1665 1646 ὁ
1681 1608 1770 1651 Θεὸς
1784 1608 1838 1647 ὅτι
1855 1608 1957 1647 καλά.
1979 1608 2153 1647 Ἐνταῦθα
2172 1610 2240 1647 τῶν
2259 1611 2349 1648 ἀπε-

1327 1667 1519 1719 ρισκέπτως
1542 1668 1680 1706 ἅπαντα
1712 1670 1952 1721 φθεγγομένων
1985 1669 2090 1707 πάλιν
2121 1671 2257 1721 ἀναιρεῖ
2288 1669 2350 1717 τὴν

1325 1729 1468 1780 τόλμαν.
1499 1730 1574 1768 Ἵνα
1603 1730 1670 1782 γὰρ
1692 1730 1741 1781 μή
1761 1746 1813 1774 τις
1828 1731 1892 1782 ἔχῃ
1913 1731 2039 1783 λέγειν,
2061 1730 2119 1769 καὶ
2139 1731 2229 1774 τίνος
2249 1730 2351 1769 ἕνεκα

1325 1791 1369 1828 τὰ
1401 1791 1491 1837 κήτη
1518 1792 1655 1842 γε’γονε;
1683 1791 1785 1829 ποίαν
1811 1794 1896 1842 ἡμῖν
1916 1791 2037 1843 χρείαν
2059 1793 2239 1839 συντελεῖ;
2261 1792 2294 1829 τί
2313 1793 2352 1830 τὸ

1326 1854 1445 1904 ὄφελος
1474 1855 1512 1891 ἐκ
1537 1856 1600 1899 τῆς
1618 1852 1746 1891 τούτων
1774 1852 2020 1904 δημιουργίαςς
2047 1852 2103 1891 διὰ
2126 1856 2226 1891 τοῦτο
2245 1852 2350 1891 εἰπὼν

1327 1912 1542 1960 Ἐποίησεν
1529 1928 1546 1951 ο
1565 1913 1654 1956 Θεὸς
1668 1913 1712 1951 τὰ
1727 1913 1816 1960 κήτη
1837 1930 1881 1951 τα
1898 1929 1939 1963 με
1943 1914 2055 1965 γάλα,
2075 1929 2135 1952 και
2149 1920 2265 1952 πᾶσαν
2285 1917 2352 1966 ψυ-

1326 1975 1392 2028 χὴν
1414 1974 1544 2019 ζώων
1532 1977 1697 2026 ερπετῶν,
1714 1990 1773 2012 και
1792 1974 1836 2012 τὰ
1854 1973 2016 2022 πετεινὰ,
2033 1974 2191 2017 εὐθέως’
2177 1974 2351 2027 επήγαγε,

1327 2036 1397 2075 Καὶ
1419 2029 1505 2074 εἶδεν
1522 2039 1540 2074 ὃ
1558 2034 1698 2083 Θεὸς,’
1679 2052 1731 2074 οτι
1747 2035 1850 2074 καλα.
1868 2034 1928 2082 Μὴ
1950 2035 2018 2088 γὰρ
2032 2035 2149 2082 ἐπειδὴ
2165 2051 2227 2082 συ,
2247 2051 2350 2088 φησι,

1325 2097 1383 2136 τὸν
1402 2096 1501 2144 λόγον
1523 2099 1654 2147 ἀγνοεῖς
1672 2100 1740 2134 τῶν
1756 2095 2009 2148 γεγενημένων,
2027 2096 2254 2142 ἐπισκήπτειν
2276 2099 2348 2135 ἐπι-

1326 2158 1436 2210 χείρει
1469 2164 1539 2200 τοῖς
1571 2157 1887 2209 δημιουργήμασιν.
1916 2155 2094 2199 ’Ἤκουσας
2123 2160 2182 2195 τοῦ
2210 2158 2350 2195 Δεσπό-

1326 2233 1385 2256 του
1413 2218 1648 2270 ψηφιζομένου
1665 2247 1674 2265 ,
1695 2218 1754 2255 καὶ
1784 2217 1941 2269 λέγοντος
1953 2237 1972 2265 ‚=
1991 2216 2043 2254 ὅτι
2062 2217 2176 2266 καλὰ,
2201 2217 2259 2255 καὶ
2278 2221 2350 2262 πῶς

1328 2278 1367 2319 σὺ
1391 2280 1549 2331 μέμηνας
1566 2281 1704 2330 τολμῶν
1724 2278 1848 2329 λέγειν,
1869 2278 1926 2316 διὰ
1952 2278 1985 2316 τί
2003 2279 2206 2330 γεγένηται5
2226 2280 2285 2317 καὶ
2305 2281 2351 2323 ὡς

1326 2340 1492 2393 περιττὴν
1521 2342 1631 2378 αὐτῶν
1659 2339 1720 2387 τὴν
1754 2339 1982 2392 δημιουργίαν
2012 2339 2230 2387 διαδάλλεις;
2264 2339 2349 2378 Ἐὰν

1326 2402 1394 2455 γὰρ
1426 2401 1610 2452 εὐγνώμων
1642 2395 1701 2452 ἧς,
1736 2400 1866 2452 δυνήσῃ
1899 2400 1958 2438 καὶ
1981 2401 2020 2438 ἐκ
2048 2403 2110 2446 τῆς
2138 2400 2268 2439 τούτων
2289 2402 2350 2448 δη-

1328 2464 1507 2517 μιουργίας
1529 2462 1587 2500 καὶ
1612 2462 1674 2510 τὴν
1701 2462 1844 2512 δύναμιν
1877 2467 1936 2500 τοῦ
1965 2465 2024 2500 σοῦ
2056 2461 2258 2509 Δεσπότου,
2290 2462 2350 2500 καὶ

1325 2524 1387 2571 τὴν
1407 2530 1420 2544 ³
1433 2525 1563 2577 ἄφατον
1585 2523 1845 2576 φιλανθρωπίαν
1866 2527 2081 2574 καταμαθεῖν
2097 2538 2105 2545 ·
2123 2522 2186 2570 τὴν
2208 2522 2270 2573 μὲν
2293 2523 2353 2561 δύ-

1325 2601 1429 2636 ναμιν
1450 2586 1502 2623 ὅτι
1531 2588 1579 2638 τῷ
1607 2584 1700 2636 λόγῳ
1728 2584 1787 2622 καὶ
1816 2584 2029 2635 ἐπιτάγματι
2060 2585 2098 2621 ἐκ
2118 2587 2186 2621 τῶν
2214 2584 2348 2623 ὑδάτων

1326 2650 1470 2685 τοιαῦτα
1490 2649 1560 2690 ζῶα
1586 2647 1810 2698 παραχθῆναι
1844 2644 2035 2692 πεποίηκε·
2068 2643 2130 2691 τὴν
2166 2644 2200 2684 δὲ
2222 2647 2348 2697 φιλαν-

1327 2707 1495 2761 θρωπίαν,
1512 2707 1564 2745 ὅτι
1581 2707 1640 2744 καὶ
1658 2705 1872 2759 παραγαγὼν
1891 2706 1979 2744 ἰδίαν
2000 2705 2077 2744 τινὰ
2094 2705 2214 2758 χώραν
2235 2708 2349 2750 αὐτοῖς

1327 2768 1492 2819 ἀπένειμε
1506 2798 1515 2815 ,
1532 2767 1590 2806 καὶ
1612 2767 1651 2805 τὸ
1669 2767 1817 2804 ἄπλετον
1839 2766 1941 2818 μέρος
1955 2769 2017 2812 τῆς
2039 2767 2214 2813 θαλάσσης
2235 2770 2349 2811 αὐτοῖς

1327 2830 1585 2881 ἀπεκλήρωσεν,
1620 2826 1709 2865 ὥστε
1743 2827 1876 2876 μηδένα
1901 2827 2148 2878 λυμαίνεσθαι,
2178 2829 2254 2866 ἀλλ’
2288 2829 2346 2865 ἐν-

1327 2891 1524 2928 διαιτᾶσθαι
1548 2887 1610 2939 μὲν
1640 2893 1710 2930 τοῖς
1731 2886 1855 2932 ὕδασι,
1886 2888 1944 2925 καὶ
1977 2887 2033 2926 διὰ
2061 2891 2123 2934 τῆς
2150 2889 2260 2940 ὄψεως
2287 2892 2346 2926 τοῦ

1327 2952 1535 3003 ’δημιουργοῦ
1571 2947 1744 2985 διδασκειν
1775 2948 1838 2993 τὴν
1873 2947 2156 2999 ὑπερὸαλλουσαν
2188 2948 2346 2999 δυναμιν,

1327 3010 1501 3086 μηδεμίαν
1534 3008 1570 3047 δὲ
1603 3007 1736 3059 βλάὸην
1772 3007 1904 3059 παρέγε
1889 3024 1937 3045 ιν
1972 3011 2021 3045 τῶ
2054 3012 2122 3046 τῶν
2155 3008 2345 3060 ἀνθρώπων

1325 3073 1428 3124 γένει.
1451 3070 1501 3108 H
1533 3068 1656 3121 μικρὸν
1691 3068 1753 3106 οἴει
1779 3072 1880 3106 τοῦτο
1904 3067 2006 3120 μέρος
2036 3072 2122 3106 εἰναι
2147 3070 2343 3120 φιλανθρω-

1325 3134 1427 3179 πίας,
1461 3131 1500 3169 τὸ
1534 3131 1657 3176 διπλῆν
1689 3128 1722 3172 εξ
1754 3131 1864 3166 αὐτων
1894 3144 1948 3165 σοι
1973 3128 2127 3178 γίνεσθαι
2162 3127 2222 3175 τὴν
2248 3130 2342 3181 ὠρέ-

1326 3197 1441 3241 λειαν;
1464 3193 1532 3232 Καὶ
1562 3192 1628 3243 γὰρ
1656 3192 1703 3232 εἷς
1730 3190 1938 3240 θεογνωσιάν
1973 3189 2086 3239 ἐνάγει
2115 3188 2189 3232 τοὺς
2216 3192 2343 3242 εὐγνω-

1384 3340 1394 3353 ··
1413 3327 1548 3360 (loislm.
1570 3334 1620 3365 τήν
1640 3334 1750 3369 ἄφατον
1764 3330 1853 3360 αὑτοῦ
1872 3329 2098 3369 μλτινθιεωτῑαν.
